"price","change","match_qtty","side","time","total_vol"
8400,-100,1000,"bu","09:00:07",1000
8200,-300,38000,"sd","09:00:10",39000
8200,-300,10000,"bu","09:00:14",49000
8200,-300,42000,"sd","09:00:15",91000
8200,-300,2000,"sd","09:00:16",93000
8200,-300,15000,"bu","09:00:22",108000
8200,-300,20000,"sd","09:00:25",128000
8200,-300,10000,"bu","09:00:30",138000
8100,-400,14000,"bu","09:00:31",190000
8300,-200,27000,"bu","09:00:33",217000
8300,-200,23000,"bu","09:00:40",240000
8200,-300,6000,"sd","09:00:58",246000
8200,-300,27000,"sd","09:01:19",273000
8200,-300,2000,"sd","09:01:29",275000
8200,-300,12000,"sd","09:01:44",287000
8200,-300,10000,"sd","09:01:49",297000
8200,-300,10000,"bu","09:01:50",307000
8200,-300,10000,"sd","09:01:52",317000
8200,-300,8000,"bu","09:01:55",325000
8200,-300,22000,"bu","09:01:58",347000
8100,-400,332000,"bu","09:02:06",679000
8100,-400,2000,"bu","09:02:13",681000
8100,-400,52000,"sd","09:02:21",733000
8100,-400,10000,"bu","09:02:29",743000
8100,-400,80000,"bu","09:02:31",823000
8100,-400,8000,"sd","09:02:32",831000
8100,-400,46000,"sd","09:02:33",877000
8100,-400,1000,"sd","09:02:49",878000
8100,-400,28000,"sd","09:03:38",906000
8100,-400,130000,"bu","09:03:49",1036000
8100,-400,84000,"sd","09:03:51",1120000
8100,-400,10000,"sd","09:04:11",1130000
8100,-400,1000,"bu","09:04:15",1131000
8100,-400,1000,"sd","09:04:15",1131000
8100,-400,3000,"sd","09:04:19",1134000
8000,-500,7000,"sd","09:04:24",1141000
8100,-400,10000,"bu","09:04:25",1151000
8100,-400,50000,"bu","09:04:30",1201000
8100,-400,57000,"bu","09:04:44",1258000
8100,-400,15000,"sd","09:04:44",1258000
8100,-400,50000,"bu","09:04:47",1308000
8100,-400,1000,"sd","09:05:31",1309000
8100,-400,27000,"sd","09:06:13",1336000
8100,-400,7000,"sd","09:06:14",1343000
8100,-400,3000,"bu","09:06:46",1346000
8100,-400,2000,"sd","09:07:11",1348000
8200,-300,2000,"bu","09:07:16",1350000
8200,-300,1000,"bu","09:07:59",1351000
8200,-300,5000,"sd","09:08:06",1356000
8200,-300,10000,"sd","09:08:07",1366000
8200,-300,10000,"bu","09:08:36",1376000
8100,-400,20000,"sd","09:08:52",1396000
8200,-300,3000,"sd","09:09:33",1399000
8200,-300,22000,"bu","09:11:06",1421000
8200,-300,41000,"sd","09:11:17",1462000
8200,-300,13000,"sd","09:11:46",1475000
8200,-300,1000,"sd","09:12:38",1476000
8200,-300,2000,"bu","09:13:26",1478000
8200,-300,10000,"bu","09:13:28",1488000
8200,-300,3000,"bu","09:14:16",1491000
8200,-300,100000,"bu","09:14:19",1591000
8200,-300,5000,"sd","09:14:38",1596000
8200,-300,15000,"sd","09:15:41",1611000
8200,-300,150000,"bu","09:15:55",1761000
8300,-200,2000,"sd","09:16:24",1763000
8300,-200,14000,"sd","09:16:33",1777000
8300,-200,5000,"bu","09:18:21",1782000
8300,-200,1000,"bu","09:19:07",1783000
8200,-300,1000,"sd","09:19:29",1784000
8200,-300,4000,"sd","09:19:31",1788000
8200,-300,1000,"sd","09:20:06",1789000
8200,-300,5000,"sd","09:20:49",1794000
8300,-200,10000,"sd","09:21:07",1804000
8200,-300,30000,"sd","09:21:08",1834000
8200,-300,200000,"sd","09:22:04",2034000
8200,-300,4000,"bu","09:22:10",2038000
8200,-300,5000,"sd","09:22:21",2043000
8200,-300,2000,"sd","09:22:24",2045000
8200,-300,2000,"bu","09:22:28",2047000
8200,-300,10000,"sd","09:22:30",2057000
8200,-300,7000,"sd","09:22:37",2064000
8200,-300,3000,"sd","09:22:47",2067000
8200,-300,100000,"sd","09:23:01",2167000
8200,-300,20000,"bu","09:23:38",2187000
8200,-300,1000,"bu","09:23:39",2188000
8200,-300,40000,"sd","09:23:40",2228000
8200,-300,5000,"sd","09:23:41",2233000
8200,-300,9000,"sd","09:23:47",2242000
8200,-300,5000,"bu","09:23:48",2247000
8200,-300,20000,"sd","09:23:50",2267000
8200,-300,1000,"sd","09:23:52",2268000
8200,-300,1000,"sd","09:23:53",2269000
8200,-300,30000,"sd","09:23:55",2299000
8200,-300,5000,"bu","09:23:57",2304000
8200,-300,10000,"sd","09:24:08",2314000
8200,-300,12000,"bu","09:24:13",2326000
8200,-300,10000,"bu","09:24:19",2336000
8200,-300,8000,"sd","09:24:21",2344000
8300,-200,1000,"sd","09:25:16",2345000
8300,-200,5000,"bu","09:25:40",2350000
8300,-200,1000,"sd","09:25:41",2351000
8300,-200,10000,"bu","09:26:07",2361000
8300,-200,2000,"sd","09:26:27",2363000
8300,-200,10000,"sd","09:26:47",2373000
8300,-200,2000,"bu","09:27:02",2375000
8300,-200,30000,"bu","09:27:14",2405000
8300,-200,10000,"sd","09:27:17",2415000
8300,-200,1000,"bu","09:27:26",2416000
8200,-300,50000,"bu","09:27:48",2466000
8200,-300,40000,"bu","09:28:33",2506000
8200,-300,3000,"sd","09:29:52",2509000
8200,-300,20000,"bu","09:30:25",2529000
8300,-200,20000,"sd","09:31:39",2549000
8200,-300,50000,"sd","09:32:42",2599000
8300,-200,10000,"bu","09:32:46",2609000
8300,-200,3000,"sd","09:32:52",2612000
8300,-200,2000,"sd","09:33:14",2614000
8200,-300,2000,"sd","09:33:18",2616000
8300,-200,30000,"sd","09:33:47",2646000
8200,-300,7000,"sd","09:33:50",2653000
8300,-200,8000,"bu","09:34:01",2661000
8200,-300,3000,"sd","09:34:05",2664000
8200,-300,10000,"sd","09:34:53",2674000
8200,-300,50000,"sd","09:35:02",2724000
8200,-300,46000,"bu","09:37:22",2770000
8200,-300,2000,"bu","09:37:32",2772000
8300,-200,5000,"sd","09:38:58",2777000
8200,-300,60000,"bu","09:39:09",2837000
8300,-200,4000,"sd","09:41:11",2841000
8300,-200,80000,"bu","09:43:11",2921000
8300,-200,40000,"sd","09:43:14",2961000
8300,-200,8000,"sd","09:43:23",2969000
8300,-200,1000,"sd","09:43:45",2970000
8300,-200,50000,"bu","09:43:53",3020000
8300,-200,8000,"sd","09:43:59",3028000
8300,-200,60000,"bu","09:44:23",3088000
8300,-200,20000,"bu","09:44:25",3108000
8300,-200,10000,"sd","09:45:03",3118000
8300,-200,3000,"bu","09:46:27",3121000
8400,-100,20000,"bu","09:48:14",3141000
8400,-100,1000,"sd","09:48:56",3142000
8300,-200,10000,"sd","09:49:54",3152000
8300,-200,5000,"sd","09:51:39",3157000
8300,-200,5000,"sd","09:51:42",3162000
8300,-200,5000,"sd","09:52:04",3167000
8400,-100,1000,"sd","09:52:15",3168000
8300,-200,12000,"bu","09:53:33",3180000
8300,-200,1000,"sd","09:54:23",3181000
8300,-200,50000,"bu","09:54:46",3231000
8300,-200,120000,"bu","09:54:55",3351000
8300,-200,5000,"sd","09:56:01",3356000
8400,-100,50000,"sd","09:56:22",3406000
8300,-200,2000,"sd","09:56:30",3408000
8300,-200,103000,"bu","09:56:44",3511000
8300,-200,30000,"sd","09:56:50",3541000
8300,-200,12000,"bu","09:57:10",3553000
8300,-200,20000,"sd","09:57:16",3573000
8300,-200,2000,"sd","10:05:51",3575000
8300,-200,1000,"sd","10:10:19",3576000
8300,-200,1000,"sd","10:11:08",3577000
8300,-200,5000,"sd","10:11:10",3582000
8300,-200,20000,"sd","10:11:58",3602000
8300,-200,8000,"bu","10:12:39",3610000
8300,-200,1000,"sd","10:13:28",3611000
8300,-200,1000,"sd","10:13:33",3612000
8300,-200,2000,"sd","10:13:46",3614000
8300,-200,50000,"bu","10:13:53",3664000
8300,-200,161000,"sd","10:13:54",3825000
8300,-200,50000,"bu","10:14:57",3875000
8300,-200,41000,"sd","10:21:47",3916000
8400,-100,110000,"bu","10:23:38",4026000
8300,-200,20000,"sd","10:25:26",4046000
8300,-200,20000,"bu","10:27:04",4066000
8300,-200,10000,"bu","10:27:40",4076000
8300,-200,20000,"sd","10:28:38",4096000
8300,-200,95000,"bu","10:29:08",4191000
8300,-200,10000,"sd","10:31:46",4201000
8300,-200,10000,"sd","10:37:06",4211000
8300,-200,9000,"sd","10:37:29",4220000
8300,-200,2000,"sd","10:39:17",4222000
8300,-200,20000,"sd","10:40:50",4242000
8300,-200,10000,"bu","10:42:40",4252000
8300,-200,5000,"bu","10:42:53",4257000
8300,-200,65000,"sd","10:44:16",4322000
8300,-200,19000,"sd","10:44:39",4341000
8300,-200,30000,"sd","10:44:40",4371000
8300,-200,200000,"sd","10:45:30",4571000
8300,-200,10000,"sd","10:46:32",4581000
8300,-200,25000,"sd","10:47:35",4606000
8300,-200,37000,"bu","10:48:19",4643000
8300,-200,5000,"bu","10:50:48",4648000
8300,-200,1000,"sd","10:52:20",4649000
8300,-200,1000,"sd","10:54:44",4650000
8300,-200,10000,"bu","10:55:16",4660000
8300,-200,2000,"bu","10:55:40",4662000
8300,-200,5000,"sd","10:59:21",4667000
8300,-200,10000,"bu","11:00:33",4677000
8300,-200,3000,"bu","11:01:41",4680000
8300,-200,35000,"sd","11:04:26",4715000
8200,-300,47000,"sd","11:04:31",4762000
8300,-200,1000,"sd","11:04:56",4763000
8300,-200,10000,"bu","11:06:39",4773000
8300,-200,12000,"sd","11:08:41",4785000
8300,-200,5000,"sd","11:08:51",4790000
8300,-200,2000,"bu","11:09:20",4792000
8300,-200,20000,"sd","11:10:11",4812000
8300,-200,2000,"bu","11:10:24",4814000
8300,-200,49000,"sd","11:10:27",4863000
8300,-200,50000,"bu","11:11:05",4913000
8300,-200,50000,"bu","11:12:35",4963000
8300,-200,24000,"bu","11:17:10",4987000
8400,-100,100000,"bu","11:19:05",5087000
8400,-100,100000,"sd","11:20:39",5187000
8400,-100,5000,"bu","11:21:08",5192000
8400,-100,1000,"bu","11:21:10",5193000
8400,-100,5000,"sd","11:23:23",5198000
8400,-100,1000,"bu","11:24:35",5199000
8400,-100,2000,"sd","11:26:01",5201000
8400,-100,300000,"bu","11:27:24",5501000
8400,-100,1000,"sd","11:27:46",5502000
8400,-100,3000,"bu","11:28:14",5505000
8400,-100,5000,"sd","11:29:52",5510000
8300,-200,54000,"bu","13:00:06",5564000
8400,-100,30000,"sd","13:00:07",5594000
8400,-100,2000,"bu","13:00:08",5596000
8300,-200,10000,"sd","13:01:47",5606000
8300,-200,30000,"sd","13:04:45",5636000
8300,-200,11000,"bu","13:05:31",5647000
8400,-100,10000,"sd","13:05:46",5657000
8400,-100,110000,"bu","13:06:28",5767000
8400,-100,40000,"bu","13:07:47",5807000
8400,-100,20000,"bu","13:08:14",5827000
8400,-100,5000,"sd","13:10:20",5832000
8400,-100,3000,"sd","13:10:36",5835000
8300,-200,11000,"bu","13:11:00",5846000
8300,-200,1000,"bu","13:11:13",5847000
8300,-200,50000,"sd","13:12:22",5897000
8300,-200,3000,"sd","13:13:55",5900000
8400,-100,2000,"bu","13:16:27",5902000
8400,-100,1000,"sd","13:18:00",5903000
8400,-100,1012000,"sd","13:20:00",6915000
8400,-100,8000,"bu","13:21:04",6923000
8400,-100,1000,"bu","13:21:18",6924000
8400,-100,4000,"sd","13:21:50",6928000
8400,-100,5000,"sd","13:22:34",6933000
8400,-100,5000,"sd","13:22:55",6938000
8400,-100,55000,"sd","13:23:19",6993000
8400,-100,4000,"sd","13:24:13",6997000
8400,-100,5000,"bu","13:24:15",7002000
8400,-100,40000,"sd","13:24:47",7042000
8400,-100,185000,"sd","13:25:59",7227000
8400,-100,40000,"sd","13:26:09",7267000
8400,-100,11000,"sd","13:26:40",7278000
8400,-100,1000,"sd","13:26:48",7279000
8400,-100,20000,"sd","13:29:08",7299000
8400,-100,20000,"bu","13:29:12",7319000
8400,-100,8000,"bu","13:31:39",7327000
8300,-200,10000,"bu","13:32:21",7337000
8400,-100,20000,"sd","13:34:11",7357000
8400,-100,100000,"bu","13:36:16",7457000
8400,-100,5000,"sd","13:36:21",7462000
8400,-100,2000,"sd","13:36:34",7464000
8400,-100,1000,"bu","13:36:35",7465000
8400,-100,10000,"bu","13:36:44",7475000
8400,-100,30000,"sd","13:36:48",7505000
8400,-100,10000,"sd","13:36:59",7515000
8400,-100,3000,"bu","13:37:01",7518000
8400,-100,2000,"sd","13:37:03",7520000
8400,-100,269000,"sd","13:37:09",7789000
8400,-100,9000,"sd","13:37:10",7798000
8400,-100,7000,"bu","13:37:12",7805000
8400,-100,100000,"sd","13:37:17",7905000
8400,-100,108000,"bu","13:37:21",8013000
8400,-100,2000,"bu","13:37:23",8015000
8400,-100,131000,"sd","13:37:27",8146000
8400,-100,10000,"sd","13:37:30",8156000
8400,-100,55000,"bu","13:37:35",8211000
8400,-100,5000,"bu","13:37:41",8216000
8400,-100,10000,"sd","13:37:50",8226000
8400,-100,85000,"bu","13:37:51",8311000
8500,0,5000,"sd","13:38:05",8316000
8500,0,100000,"sd","13:38:47",8416000
8500,0,100000,"sd","13:38:53",8516000
8500,0,5000,"sd","13:39:35",8521000
8500,0,50000,"bu","13:39:37",8571000
8400,-100,20000,"bu","13:40:35",8591000
8500,0,40000,"bu","13:41:26",8631000
8400,-100,12000,"sd","13:44:13",8643000
8400,-100,20000,"bu","13:44:35",8663000
8500,0,90000,"bu","13:47:24",8753000
8500,0,3000,"bu","13:47:42",8756000
8500,0,2000,"bu","13:48:21",8758000
8500,0,1000,"sd","13:48:50",8759000
8500,0,1000,"sd","13:49:34",8760000
8500,0,1000,"sd","13:53:06",8761000
8500,0,500000,"bu","13:53:13",9261000
8500,0,300000,"sd","13:53:37",9561000
8500,0,5000,"bu","13:53:53",9566000
8500,0,1000,"bu","13:54:33",9567000
8500,0,1000,"sd","13:55:39",9568000
8500,0,150000,"sd","13:55:44",9718000
8500,0,139000,"bu","13:55:49",9857000
8500,0,50000,"sd","13:56:06",9907000
8500,0,25000,"bu","13:56:08",9932000
8500,0,1000,"bu","13:56:16",9933000
8500,0,10000,"bu","13:57:05",9943000
8500,0,1000,"bu","13:57:15",9944000
8400,-100,10000,"sd","13:57:23",9954000
8500,0,50000,"bu","13:57:24",10004000
8500,0,5000,"bu","13:57:33",10009000
8500,0,5000,"bu","13:57:38",10014000
8500,0,80000,"bu","13:58:00",10094000
8500,0,50000,"bu","13:58:06",10144000
8500,0,15000,"bu","13:58:08",10159000
8500,0,57000,"bu","13:58:39",10216000
8500,0,2000,"bu","13:58:41",10218000
8500,0,7000,"sd","13:58:43",10225000
8500,0,8000,"bu","13:58:44",10233000
8500,0,10000,"sd","13:58:46",10243000
8500,0,5000,"bu","13:58:47",10248000
8500,0,20000,"bu","13:58:49",10268000
8500,0,10000,"sd","13:58:51",10278000
8500,0,50000,"sd","13:58:53",10328000
8500,0,296000,"sd","13:58:55",10624000
8500,0,5000,"sd","14:00:02",10629000
8600,100,3000,"sd","14:00:14",10632000
8600,100,2000,"bu","14:00:31",10634000
8600,100,50000,"bu","14:00:37",10684000
8600,100,13000,"bu","14:00:49",10697000
8600,100,30000,"bu","14:00:51",10727000
8600,100,30000,"bu","14:01:02",10757000
8500,0,30000,"bu","14:01:05",10787000
8600,100,50000,"sd","14:01:43",10837000
8600,100,40000,"bu","14:02:08",10877000
8500,0,10000,"bu","14:02:17",10887000
8500,0,20000,"bu","14:02:55",10907000
8600,100,50000,"bu","14:03:08",10957000
8500,0,20000,"bu","14:03:44",10977000
8500,0,20000,"sd","14:03:58",10997000
8600,100,2000,"sd","14:04:09",10999000
8500,0,13000,"sd","14:04:24",11012000
8500,0,113000,"bu","14:05:56",11125000
8500,0,6000,"bu","14:06:38",11131000
8500,0,153000,"sd","14:06:44",11284000
8500,0,10000,"sd","14:07:08",11294000
8500,0,10000,"bu","14:07:17",11304000
8500,0,50000,"sd","14:07:19",11354000
8500,0,20000,"sd","14:07:25",11374000
8500,0,113000,"sd","14:07:39",11487000
8500,0,80000,"sd","14:08:36",11567000
8500,0,1000,"sd","14:08:41",11568000
8500,0,15000,"sd","14:08:47",11583000
8500,0,20000,"bu","14:08:49",11603000
8500,0,20000,"bu","14:08:54",11623000
8500,0,5000,"sd","14:08:55",11628000
8500,0,107000,"bu","14:08:59",11735000
8500,0,83000,"sd","14:09:03",11818000
8500,0,17000,"bu","14:09:04",11835000
8500,0,3000,"bu","14:09:07",11838000
8500,0,30000,"bu","14:09:26",11868000
8500,0,24000,"sd","14:09:29",11892000
8500,0,10000,"sd","14:09:45",11902000
8500,0,22000,"sd","14:09:54",11924000
8500,0,50000,"bu","14:09:56",11974000
8500,0,20000,"sd","14:11:14",11994000
8500,0,3000,"bu","14:11:26",11997000
8500,0,10000,"bu","14:11:38",12007000
8500,0,10000,"bu","14:12:47",12017000
8500,0,4000,"bu","14:13:28",12021000
8600,100,20000,"sd","14:13:59",12041000
8500,0,5000,"sd","14:14:42",12046000
8500,0,5000,"sd","14:14:55",12051000
8500,0,1000,"bu","14:15:37",12052000
8500,0,200000,"sd","14:15:54",12252000
8500,0,5000,"sd","14:15:58",12257000
8500,0,2000,"sd","14:16:30",12259000
8500,0,20000,"bu","14:16:33",12279000
8500,0,30000,"sd","14:17:02",12309000
8600,100,100000,"bu","14:17:22",12409000
8500,0,50000,"sd","14:17:28",12459000
8500,0,7000,"bu","14:17:50",12466000
8500,0,2000,"bu","14:18:03",12468000
8500,0,100000,"sd","14:18:18",12568000
8500,0,2000,"sd","14:18:24",12570000
8500,0,30000,"sd","14:18:25",12600000
8600,100,50000,"sd","14:18:35",12650000
8500,0,11000,"bu","14:19:24",12661000
8500,0,2000,"sd","14:19:37",12663000
8500,0,20000,"bu","14:19:45",12683000
8500,0,21000,"bu","14:20:14",12704000
8500,0,50000,"bu","14:20:20",12754000
8500,0,20000,"sd","14:20:21",12774000
8500,0,100000,"bu","14:20:32",12874000
8500,0,1000,"sd","14:20:35",12875000
8500,0,35000,"sd","14:20:36",12910000
8500,0,10000,"sd","14:20:38",12920000
8500,0,20000,"bu","14:20:40",12940000
8500,0,20000,"sd","14:20:41",12960000
8500,0,68000,"sd","14:20:44",13028000
8500,0,100000,"bu","14:20:48",13128000
8500,0,30000,"bu","14:20:51",13158000
8500,0,10000,"bu","14:20:54",13168000
8500,0,27000,"sd","14:20:55",13195000
8500,0,20000,"sd","14:21:08",13215000
8400,-100,10000,"bu","14:21:22",13225000
8400,-100,1000,"bu","14:21:41",13226000
8400,-100,1000,"sd","14:24:44",13227000
8500,0,2000,"bu","14:26:20",13229000
8500,0,150000,"bu","14:27:26",13379000
8500,0,9000,"sd","14:28:02",13388000
8500,0,29000,"bu","14:29:54",13417000
8500,0,2000,"bu","14:29:56",13419000
8500,0,10000,"sd","14:30:09",13429000
8500,0,5000,"bu","14:30:19",13434000
8500,0,10000,"bu","14:30:46",13444000
8500,0,120000,"bu","14:31:00",13564000
8500,0,1000,"sd","14:31:37",13565000
8500,0,2000,"bu","14:32:18",13567000
8500,0,2000,"sd","14:32:32",13569000
8500,0,1000,"sd","14:33:31",13570000
8500,0,1000,"sd","14:33:49",13571000
8500,0,10000,"sd","14:34:03",13581000
8500,0,1000,"sd","14:37:44",13582000
8500,0,1000,"sd","14:38:50",13583000
8500,0,5000,"bu","14:39:28",13588000
8500,0,10000,"bu","14:40:09",13598000
8500,0,10000,"sd","14:40:14",13608000
8400,-100,100000,"sd","14:42:25",13708000
8500,0,47000,"bu","14:43:15",13755000
8500,0,1000,"bu","14:43:24",13756000
8500,0,10000,"sd","14:43:35",13766000
8500,0,21000,"sd","14:44:19",13787000
8500,0,176000,"bu","14:45:15",13963000
8500,0,1000,"bu","14:45:39",13964000
8500,0,93000,"bu","14:45:45",14057000
8500,0,70000,"sd","14:46:50",14127000
8500,0,2000,"bu","14:49:28",14129000
8500,0,1000,"bu","14:50:05",14130000
8500,0,100000,"sd","14:52:37",14230000
8500,0,1000,"bu","14:52:42",14231000
8500,0,100000,"sd","14:52:55",14331000
8500,0,12000,"bu","14:53:23",14343000
8500,0,100000,"bu","14:53:28",14443000
8500,0,5000,"sd","14:53:46",14448000
8500,0,28000,"bu","14:54:09",14476000
8500,0,2000,"sd","14:54:11",14478000
8500,0,3000,"sd","14:54:23",14481000
8500,0,8000,"bu","14:54:29",14489000
8500,0,31000,"sd","14:54:53",14520000
8500,0,10000,"bu","14:56:01",14530000
8500,0,10000,"bu","14:56:38",14540000
8500,0,4000,"bu","14:56:57",14544000
8500,0,5000,"sd","14:57:19",14549000
