"price","change","match_qtty","side","time","total_vol"
6850,-340,29500,"sd","09:15:06",29500
6850,-340,100,"bu","09:15:15",29600
6970,-220,800,"sd","09:15:44",30400
6850,-340,4000,"sd","09:16:03",34400
6950,-240,300,"sd","09:16:20",34700
6850,-340,100,"bu","09:16:23",34800
6850,-340,1600,"sd","09:16:28",36400
6860,-330,100,"bu","09:16:48",36500
6850,-340,1900,"sd","09:16:48",38400
6860,-330,100,"sd","09:16:52",38500
6860,-330,600,"sd","09:17:06",39100
6860,-330,100,"sd","09:17:12",39200
6900,-290,1000,"sd","09:17:22",40200
6860,-330,5800,"sd","09:17:32",46000
6900,-290,500,"sd","09:17:35",46500
6880,-310,200,"sd","09:17:38",46700
6890,-300,1000,"bu","09:17:50",47700
6900,-290,500,"sd","09:17:50",48200
6900,-290,9600,"bu","09:18:02",57800
6900,-290,2000,"bu","09:18:08",59800
6950,-240,100,"sd","09:18:10",59900
6900,-290,2400,"bu","09:18:29",62300
6950,-240,100,"bu","09:18:29",62400
6900,-290,12100,"sd","09:18:32",74500
6900,-290,100,"bu","09:18:50",74600
6900,-290,300,"sd","09:18:51",74900
6900,-290,600,"bu","09:18:56",75500
6910,-280,400,"sd","09:19:05",75900
6920,-270,800,"sd","09:19:26",76700
6950,-240,200,"bu","09:19:28",76900
6950,-240,1000,"bu","09:19:40",77900
6940,-250,100,"sd","09:20:44",78000
6940,-250,2000,"bu","09:21:06",80000
6940,-250,200,"sd","09:21:13",80200
6920,-270,10000,"bu","09:21:29",90200
6920,-270,100,"bu","09:21:40",90300
6920,-270,5300,"bu","09:21:42",95600
6920,-270,1400,"sd","09:21:56",97000
6920,-270,2600,"bu","09:22:33",99600
6920,-270,200,"sd","09:22:37",99800
6920,-270,3000,"sd","09:22:48",102800
6920,-270,100,"bu","09:22:52",102900
6920,-270,200,"bu","09:22:54",103100
6930,-260,100,"bu","09:22:55",103200
6920,-270,300,"sd","09:23:12",103500
6920,-270,2400,"bu","09:23:20",105900
6930,-260,200,"bu","09:23:23",106100
6950,-240,200,"sd","09:23:33",106300
6950,-240,300,"bu","09:24:14",106600
6950,-240,300,"sd","09:24:20",106900
6950,-240,5000,"bu","09:24:33",111900
6950,-240,300,"sd","09:24:37",112200
6950,-240,100,"sd","09:24:43",112300
6960,-230,600,"sd","09:24:58",112900
6950,-240,200,"sd","09:25:08",113100
6960,-230,300,"sd","09:25:09",113400
6980,-210,200,"sd","09:25:25",113600
6980,-210,1100,"sd","09:25:31",114700
6980,-210,2600,"sd","09:25:34",117300
6980,-210,1200,"sd","09:25:41",118500
6980,-210,600,"bu","09:25:41",119100
6980,-210,700,"bu","09:25:42",119800
6980,-210,3900,"sd","09:25:48",123700
6980,-210,500,"sd","09:25:50",124200
6980,-210,100,"sd","09:25:52",124300
6990,-200,1100,"bu","09:25:54",125400
6990,-200,1000,"sd","09:25:57",126400
6990,-200,10000,"sd","09:26:10",136400
6990,-200,1000,"bu","09:26:13",137400
6990,-200,500,"sd","09:26:18",137900
6990,-200,800,"sd","09:26:24",138700
6990,-200,300,"bu","09:26:31",139000
6980,-210,3900,"sd","09:26:44",142900
6980,-210,1000,"bu","09:26:50",143900
6970,-220,2500,"sd","09:27:05",146400
6970,-220,600,"bu","09:27:06",147000
6970,-220,4000,"bu","09:27:27",151000
6970,-220,1100,"sd","09:27:41",152100
6960,-230,300,"sd","09:27:55",152400
6970,-220,1000,"bu","09:27:56",153400
6970,-220,5000,"sd","09:27:59",158400
6970,-220,2000,"sd","09:28:11",160400
6970,-220,5000,"bu","09:28:16",165400
6960,-230,5200,"sd","09:28:22",170600
6970,-220,1200,"bu","09:28:32",171800
6970,-220,1000,"bu","09:28:50",172800
6970,-220,5000,"sd","09:28:55",177800
6970,-220,100,"sd","09:28:58",177900
6970,-220,400,"sd","09:29:25",178300
6970,-220,100,"bu","09:29:28",178400
6970,-220,600,"bu","09:29:42",179000
6970,-220,100,"bu","09:30:01",179100
6960,-230,3000,"bu","09:30:07",182100
6960,-230,3100,"bu","09:30:11",185200
6970,-220,300,"bu","09:30:16",185500
6960,-230,5000,"bu","09:30:33",190500
6960,-230,500,"bu","09:31:02",191000
6950,-240,2600,"bu","09:31:12",193600
6950,-240,10000,"sd","09:31:15",203600
6950,-240,6200,"bu","09:31:18",209800
6950,-240,2300,"bu","09:31:21",212100
6950,-240,500,"bu","09:31:26",212600
6950,-240,1000,"sd","09:31:28",213600
6950,-240,1400,"sd","09:31:31",215000
6960,-230,500,"bu","09:31:55",215500
6950,-240,1600,"bu","09:32:03",217100
6950,-240,5100,"sd","09:32:16",222200
6950,-240,3000,"bu","09:32:22",225200
6950,-240,2000,"bu","09:32:22",227200
6950,-240,8900,"bu","09:32:32",236100
6950,-240,100,"sd","09:33:33",236200
6950,-240,500,"bu","09:33:42",236700
6940,-250,5000,"sd","09:33:47",241700
6950,-240,100,"sd","09:33:48",241800
6940,-250,5000,"sd","09:33:56",246800
6940,-250,200,"sd","09:34:02",247000
6940,-250,100,"bu","09:34:06",247100
6940,-250,4000,"bu","09:34:24",251100
6950,-240,200,"bu","09:34:25",251300
6940,-250,3000,"bu","09:34:32",254300
6940,-250,5400,"bu","09:34:39",259700
6940,-250,12900,"sd","09:34:45",272600
6940,-250,100,"sd","09:35:16",272700
6930,-260,600,"bu","09:35:18",273300
6930,-260,200,"bu","09:35:50",273500
6930,-260,300,"sd","09:35:51",273800
6930,-260,1300,"bu","09:35:55",275100
6930,-260,1600,"sd","09:36:03",276700
6930,-260,100,"sd","09:36:16",276800
6940,-250,600,"bu","09:36:31",277400
6930,-260,1300,"sd","09:36:47",278700
6940,-250,1000,"sd","09:36:50",279700
6930,-260,600,"bu","09:36:51",280300
6930,-260,1400,"bu","09:37:01",281700
6930,-260,400,"bu","09:37:07",282100
6940,-250,500,"bu","09:37:08",282600
6940,-250,100,"sd","09:37:17",282700
6940,-250,500,"sd","09:37:21",283200
6930,-260,800,"sd","09:37:25",284000
6930,-260,2000,"bu","09:37:42",286000
6930,-260,400,"bu","09:37:43",286400
6930,-260,400,"sd","09:37:52",286800
6930,-260,700,"bu","09:38:08",287500
6930,-260,1000,"bu","09:38:12",288500
6930,-260,100,"sd","09:38:17",288600
6930,-260,4400,"bu","09:38:51",293000
6930,-260,100,"sd","09:39:00",293100
6930,-260,2700,"sd","09:40:19",295800
6940,-250,2000,"sd","09:40:50",297800
6940,-250,900,"bu","09:41:07",298700
6950,-240,10000,"bu","09:41:12",308700
6940,-250,1300,"sd","09:41:36",310000
6940,-250,3400,"sd","09:42:33",313400
6940,-250,200,"bu","09:42:36",313600
6940,-250,1800,"bu","09:42:53",315400
6940,-250,8400,"sd","09:42:53",323800
6950,-240,100,"sd","09:43:39",323900
6950,-240,900,"sd","09:43:51",324800
6950,-240,10000,"bu","09:43:56",334800
6950,-240,1000,"bu","09:44:02",335800
6950,-240,2000,"sd","09:44:07",337800
6950,-240,200,"sd","09:44:10",338000
6960,-230,2100,"bu","09:44:23",340100
6960,-230,1000,"sd","09:44:28",341100
6960,-230,500,"bu","09:44:32",341600
6960,-230,10400,"sd","09:44:35",352000
6970,-220,2100,"sd","09:45:04",354100
6960,-230,2000,"bu","09:45:07",356100
6970,-220,2000,"bu","09:45:12",358100
6970,-220,900,"sd","09:45:17",359000
6980,-210,500,"sd","09:45:33",359500
6990,-200,1500,"sd","09:46:09",361000
6990,-200,1100,"bu","09:46:14",362100
6990,-200,2000,"sd","09:46:21",364100
6990,-200,800,"sd","09:46:23",364900
6980,-210,100,"sd","09:46:25",365000
6990,-200,15000,"sd","09:46:28",380000
6990,-200,1700,"bu","09:46:44",381700
7000,-190,5000,"sd","09:46:49",386700
7000,-190,200,"sd","09:46:57",386900
7000,-190,9700,"sd","09:47:16",396600
7000,-190,2500,"bu","09:47:46",399100
7000,-190,1600,"bu","09:47:50",400700
7000,-190,300,"bu","09:48:08",401000
7000,-190,4100,"sd","09:48:10",405100
7000,-190,1500,"bu","09:48:59",406600
7050,-140,2500,"bu","09:49:07",409100
7050,-140,8000,"sd","09:49:26",417100
7050,-140,100,"bu","09:49:34",417200
7060,-130,1000,"sd","09:49:45",418200
7060,-130,100,"bu","09:49:47",418300
7060,-130,300,"bu","09:49:48",418600
7060,-130,1000,"sd","09:50:18",419600
7060,-130,100,"bu","09:50:19",419700
7070,-120,300,"sd","09:50:30",420000
7070,-120,3000,"sd","09:50:37",423000
7060,-130,2500,"sd","09:50:46",425500
7060,-130,200,"bu","09:51:13",425700
7050,-140,400,"bu","09:51:18",426100
7050,-140,200,"bu","09:51:28",426300
7050,-140,500,"sd","09:51:53",426800
7040,-150,600,"sd","09:52:24",427400
7020,-170,700,"bu","09:52:35",428100
7020,-170,900,"sd","09:52:45",429000
7000,-190,400,"sd","09:53:12",429400
7000,-190,200,"sd","09:53:17",429600
7020,-170,1500,"bu","09:53:21",431100
7020,-170,200,"bu","09:53:25",431300
7000,-190,1000,"sd","09:53:30",432300
7000,-190,300,"sd","09:53:55",432600
7040,-150,1500,"bu","09:54:41",434100
7040,-150,500,"bu","09:55:26",434600
7040,-150,500,"bu","09:55:38",435100
7000,-190,6100,"bu","09:56:19",441200
7030,-160,100,"sd","09:56:25",441300
7000,-190,1400,"sd","09:56:33",442700
7000,-190,400,"sd","09:56:41",443100
7020,-170,100,"bu","09:57:06",443200
7000,-190,1900,"bu","09:57:51",445100
7020,-170,21000,"bu","09:58:00",466100
7000,-190,1800,"bu","09:58:08",467900
7000,-190,8200,"bu","09:58:13",476100
6990,-200,500,"sd","09:58:34",476600
6990,-200,6000,"bu","09:58:41",482600
6990,-200,5000,"sd","09:58:51",487600
6990,-200,1000,"sd","09:58:59",488600
6990,-200,900,"sd","09:59:05",489500
6990,-200,2300,"sd","09:59:06",491800
6990,-200,2000,"bu","09:59:08",493800
6990,-200,2300,"sd","09:59:13",496100
6990,-200,5100,"sd","09:59:20",501200
6990,-200,1000,"bu","09:59:26",502200
6990,-200,5000,"bu","09:59:30",507200
6980,-210,10400,"bu","09:59:54",517600
6980,-210,500,"bu","10:00:10",518100
6980,-210,1000,"sd","10:00:38",519100
6980,-210,200,"bu","10:01:01",519300
6960,-230,8600,"bu","10:01:20",527900
6950,-240,12400,"sd","10:01:33",540300
6990,-200,1000,"bu","10:02:39",541300
6950,-240,16000,"sd","10:05:23",557300
6980,-210,2000,"bu","10:07:22",559300
6990,-200,4300,"sd","10:09:14",563600
7000,-190,34400,"bu","10:09:17",598000
7000,-190,100,"sd","10:09:19",598100
7000,-190,500,"sd","10:09:37",598600
7000,-190,1600,"bu","10:10:00",600200
7000,-190,100,"bu","10:10:57",600300
6980,-210,400,"sd","10:11:54",600700
6980,-210,200,"sd","10:12:15",600900
6980,-210,100,"sd","10:12:46",601000
6980,-210,2600,"sd","10:14:28",603600
6980,-210,100,"sd","10:14:43",603700
7000,-190,14700,"sd","10:14:58",618400
7000,-190,200,"bu","10:14:58",618600
7010,-180,2000,"bu","10:15:42",620600
7000,-190,100,"bu","10:15:43",620700
7010,-180,5000,"bu","10:15:53",625700
7030,-160,10000,"bu","10:15:56",635700
7000,-190,200,"sd","10:16:03",635900
7030,-160,100,"bu","10:16:38",636000
7030,-160,18900,"bu","10:16:42",654900
7050,-140,10000,"sd","10:16:46",664900
7050,-140,5800,"bu","10:16:52",670700
7040,-150,10900,"bu","10:17:20",681600
7040,-150,3000,"bu","10:18:01",684600
7050,-140,400,"bu","10:18:05",685000
7050,-140,1500,"sd","10:18:17",686500
7050,-140,1100,"bu","10:18:22",687600
7050,-140,1000,"sd","10:18:31",688600
7050,-140,2000,"sd","10:18:36",690600
7050,-140,1300,"bu","10:18:42",691900
7050,-140,100,"bu","10:19:00",692000
7040,-150,3300,"bu","10:19:57",695300
7040,-150,2100,"bu","10:20:11",697400
7030,-160,400,"bu","10:20:22",697800
7040,-150,1000,"bu","10:20:26",698800
7030,-160,700,"sd","10:20:29",699500
7030,-160,100,"bu","10:20:34",699600
7030,-160,800,"bu","10:20:50",700400
7030,-160,1300,"sd","10:21:09",701700
7040,-150,3300,"bu","10:21:15",705000
7010,-180,100,"sd","10:23:10",705100
7010,-180,1900,"bu","10:24:08",707000
7000,-190,7500,"bu","10:24:09",714500
7000,-190,1200,"sd","10:25:17",715700
7020,-170,100,"bu","10:25:23",715800
7010,-180,4000,"sd","10:27:43",719800
7010,-180,1000,"sd","10:27:48",720800
7020,-170,200,"bu","10:27:52",721000
7020,-170,1800,"sd","10:28:01",722800
7020,-170,2600,"bu","10:29:49",725400
7020,-170,700,"sd","10:30:07",726100
7010,-180,3000,"bu","10:30:43",729100
7010,-180,3000,"sd","10:31:27",732100
7010,-180,200,"sd","10:32:07",732300
7010,-180,2600,"sd","10:33:21",734900
7010,-180,600,"sd","10:35:07",735500
7010,-180,400,"bu","10:37:16",735900
7010,-180,200,"bu","10:39:32",736100
7010,-180,800,"bu","10:40:24",736900
7010,-180,500,"bu","10:40:57",737400
7010,-180,200,"sd","10:41:16",737600
7010,-180,300,"bu","10:42:11",737900
7000,-190,10100,"bu","10:42:27",748000
7000,-190,3000,"bu","10:43:07",751000
7000,-190,100,"sd","10:43:17",751100
7000,-190,300,"sd","10:43:53",751400
7010,-180,200,"bu","10:44:00",751600
7010,-180,100,"bu","10:44:25",751700
7000,-190,400,"bu","10:45:46",752100
7000,-190,25500,"sd","10:46:01",777600
7000,-190,200,"bu","10:47:35",777800
7000,-190,2000,"bu","10:47:58",779800
7000,-190,11100,"bu","10:48:42",790900
7000,-190,13000,"bu","10:50:13",803900
7000,-190,300,"bu","10:50:25",804200
7000,-190,700,"bu","10:50:30",804900
7000,-190,300,"sd","10:52:27",805200
7000,-190,200,"bu","10:53:29",805400
7000,-190,1000,"bu","10:53:39",806400
7000,-190,800,"sd","10:53:40",807200
6980,-210,44300,"sd","10:54:05",851500
6980,-210,1000,"sd","10:54:10",852500
6970,-220,700,"bu","10:56:27",853200
6980,-210,4700,"bu","10:57:12",857900
6980,-210,5000,"sd","10:58:15",862900
6980,-210,1000,"bu","11:00:50",863900
6980,-210,300,"bu","11:03:54",864200
6980,-210,1000,"sd","11:05:47",865200
6990,-200,1800,"bu","11:06:48",867000
6990,-200,5000,"sd","11:07:27",872000
6990,-200,700,"sd","11:07:55",872700
6990,-200,1200,"sd","11:07:58",873900
6980,-210,800,"sd","11:08:07",874700
6990,-200,1300,"sd","11:08:10",876000
6990,-200,200,"sd","11:09:14",876200
6980,-210,3000,"bu","11:10:24",879200
6990,-200,2000,"sd","11:11:44",881200
6990,-200,400,"bu","11:13:17",881600
7000,-190,11000,"bu","11:13:45",892600
7000,-190,1000,"bu","11:13:53",893600
7000,-190,900,"bu","11:14:07",894500
7000,-190,100,"sd","11:14:29",894600
7000,-190,3900,"sd","11:15:11",898500
7000,-190,100,"sd","11:15:25",898600
7000,-190,3100,"sd","11:16:23",901700
7000,-190,5400,"bu","11:16:37",907100
7000,-190,3000,"bu","11:17:13",910100
7000,-190,800,"bu","11:17:44",910900
7000,-190,500,"sd","11:18:05",911400
7000,-190,200,"bu","11:18:37",911600
7010,-180,13500,"bu","11:18:52",925100
7020,-170,400,"sd","11:19:02",925500
7010,-180,300,"sd","11:19:12",925800
7020,-170,4200,"sd","11:20:27",930000
7000,-190,25000,"bu","11:21:20",955000
7030,-160,3000,"bu","11:21:39",958000
7010,-180,4300,"sd","11:21:40",962300
7010,-180,2600,"bu","11:22:22",964900
7010,-180,2700,"sd","11:22:26",967600
7000,-190,5000,"sd","11:22:34",972600
7010,-180,900,"sd","11:22:52",973500
7010,-180,1400,"sd","11:23:06",974900
7010,-180,2600,"bu","11:23:09",977500
7010,-180,6800,"sd","11:23:27",984300
7000,-190,13000,"bu","11:23:31",997300
7000,-190,100,"bu","11:23:50",997400
7000,-190,800,"bu","11:24:28",998200
7000,-190,2000,"bu","11:24:31",1000200
6980,-210,32000,"bu","11:24:46",1032200
6980,-210,100,"bu","11:25:08",1032300
6990,-200,1000,"sd","11:25:36",1033300
6990,-200,9000,"bu","11:25:51",1042300
6990,-200,17000,"bu","11:26:06",1059300
6990,-200,7000,"bu","11:26:07",1066300
6990,-200,100,"sd","11:26:47",1066400
6980,-210,11000,"sd","11:27:08",1077400
6990,-200,8000,"bu","11:27:18",1085400
6980,-210,3100,"sd","11:28:06",1088500
6970,-220,7100,"sd","11:28:33",1095600
6960,-230,38000,"bu","11:29:07",1133600
6950,-240,1000,"sd","11:29:14",1134600
6960,-230,10100,"sd","11:29:18",1144700
6950,-240,5500,"sd","11:29:19",1150200
6950,-240,3000,"bu","11:29:34",1153200
6950,-240,1500,"bu","11:29:39",1154700
6950,-240,9600,"sd","11:29:51",1164300
6950,-240,100,"bu","11:29:55",1164400
6940,-250,20300,"sd","11:30:04",1184700
6960,-230,200,"bu","13:00:35",1184900
6950,-240,100,"bu","13:00:55",1185000
6950,-240,300,"sd","13:01:03",1185300
6950,-240,1400,"bu","13:01:08",1186700
6960,-230,500,"sd","13:01:12",1187200
6960,-230,6000,"bu","13:01:15",1193200
6960,-230,1000,"bu","13:01:54",1194200
6970,-220,7500,"sd","13:03:09",1201700
6960,-230,300,"bu","13:03:16",1202000
6970,-220,900,"bu","13:03:26",1202900
6970,-220,1200,"bu","13:03:51",1204100
6980,-210,4900,"sd","13:03:54",1209000
6980,-210,500,"sd","13:04:20",1209500
6990,-200,1000,"sd","13:04:22",1210500
6990,-200,500,"bu","13:04:28",1211000
6990,-200,200,"sd","13:04:30",1211200
6990,-200,2500,"bu","13:04:31",1213700
6990,-200,2000,"bu","13:04:33",1215700
6990,-200,10000,"bu","13:04:46",1225700
6990,-200,2000,"sd","13:04:52",1227700
7010,-180,20000,"bu","13:04:54",1247700
7010,-180,5000,"sd","13:05:08",1252700
7010,-180,100,"bu","13:05:23",1252800
7010,-180,3100,"bu","13:05:26",1255900
7010,-180,300,"bu","13:05:28",1256200
7010,-180,100,"bu","13:05:30",1256300
7020,-170,1000,"sd","13:05:31",1257300
7010,-180,100,"bu","13:05:33",1257400
7020,-170,1000,"sd","13:05:42",1258400
7020,-170,400,"bu","13:05:47",1258800
7020,-170,100,"sd","13:05:50",1258900
7020,-170,1000,"bu","13:05:53",1259900
7020,-170,700,"sd","13:06:00",1260600
7010,-180,1000,"sd","13:06:24",1261600
7020,-170,100,"sd","13:06:31",1261700
7010,-180,5000,"bu","13:06:51",1266700
7020,-170,100,"bu","13:07:04",1266800
7020,-170,1000,"sd","13:07:11",1267800
7020,-170,500,"sd","13:07:21",1268300
7010,-180,1000,"bu","13:07:27",1269300
7000,-190,11200,"bu","13:07:41",1280500
7020,-170,500,"sd","13:07:51",1281000
7020,-170,8000,"bu","13:08:01",1289000
7020,-170,1700,"sd","13:08:06",1290700
7020,-170,400,"sd","13:08:27",1291100
7020,-170,400,"bu","13:08:43",1291500
7000,-190,20000,"sd","13:09:06",1311500
7020,-170,400,"sd","13:09:14",1311900
7000,-190,4000,"bu","13:09:16",1315900
7000,-190,3200,"bu","13:09:32",1319100
7000,-190,200,"bu","13:09:39",1319300
7000,-190,600,"sd","13:09:49",1319900
7000,-190,500,"bu","13:11:03",1320400
7000,-190,200,"bu","13:11:06",1320600
7020,-170,800,"sd","13:11:17",1321400
7000,-190,100,"bu","13:11:26",1321500
7000,-190,2500,"bu","13:11:52",1324000
7000,-190,100,"sd","13:12:14",1324100
7000,-190,1000,"sd","13:12:17",1325100
7000,-190,1100,"bu","13:13:51",1326200
7000,-190,200,"sd","13:14:20",1326400
7000,-190,19100,"sd","13:14:39",1345500
7000,-190,2000,"sd","13:14:47",1347500
7000,-190,4400,"bu","13:14:57",1351900
6990,-200,200,"sd","13:15:25",1352100
6990,-200,1500,"bu","13:15:35",1353600
6980,-210,2000,"sd","13:15:49",1355600
6980,-210,100,"sd","13:16:00",1355700
6990,-200,1000,"sd","13:16:02",1356700
6990,-200,400,"sd","13:16:08",1357100
6990,-200,600,"bu","13:16:20",1357700
6990,-200,100,"bu","13:16:27",1357800
6990,-200,1900,"bu","13:16:58",1359700
7000,-190,200,"bu","13:17:02",1359900
7000,-190,400,"sd","13:17:39",1360300
7000,-190,100,"bu","13:17:41",1360400
7000,-190,2200,"bu","13:17:46",1362600
7000,-190,100,"bu","13:18:05",1362700
7000,-190,1300,"sd","13:18:06",1364000
7000,-190,3000,"bu","13:18:22",1367000
7000,-190,200,"bu","13:18:26",1367200
7000,-190,2000,"sd","13:18:29",1369200
7000,-190,3500,"bu","13:18:31",1372700
7010,-180,4300,"sd","13:19:04",1377000
6990,-200,9800,"bu","13:19:19",1386800
7000,-190,2800,"sd","13:21:08",1389600
7000,-190,1200,"sd","13:22:02",1390800
7000,-190,200,"bu","13:22:19",1391000
7000,-190,13800,"bu","13:23:02",1404800
7000,-190,2000,"bu","13:23:19",1406800
7000,-190,200,"bu","13:23:31",1407000
7000,-190,1100,"sd","13:24:18",1408100
7010,-180,200,"sd","13:24:20",1408300
7000,-190,4800,"bu","13:24:31",1413100
7000,-190,200,"sd","13:24:36",1413300
7000,-190,300,"sd","13:24:40",1413600
7000,-190,200,"bu","13:24:51",1413800
6990,-200,2400,"sd","13:25:21",1416200
7000,-190,300,"bu","13:26:30",1416500
7000,-190,100,"bu","13:26:48",1416600
7000,-190,2900,"bu","13:26:59",1419500
7000,-190,100,"bu","13:27:10",1419600
7020,-170,27800,"bu","13:28:28",1447400
7000,-190,7200,"sd","13:28:54",1454600
7000,-190,13200,"bu","13:29:04",1467800
7010,-180,500,"bu","13:30:35",1468300
7030,-160,3000,"bu","13:31:00",1471300
7030,-160,1100,"bu","13:31:09",1472400
7030,-160,1600,"sd","13:31:16",1474000
7040,-150,4300,"sd","13:31:17",1478300
7030,-160,5700,"sd","13:31:21",1484000
7030,-160,1800,"bu","13:31:31",1485800
7040,-150,3000,"sd","13:31:34",1488800
7030,-160,200,"bu","13:31:36",1489000
7040,-150,2000,"sd","13:31:43",1491000
7040,-150,300,"bu","13:31:45",1491300
7040,-150,600,"bu","13:31:46",1491900
7040,-150,500,"bu","13:31:48",1492400
7050,-140,22000,"sd","13:31:52",1514400
7050,-140,31000,"bu","13:31:53",1545400
7050,-140,1400,"sd","13:31:55",1546800
7050,-140,400,"bu","13:31:57",1547200
7070,-120,2000,"sd","13:32:02",1549200
7070,-120,2000,"sd","13:32:09",1551200
7070,-120,100,"sd","13:32:14",1551300
7070,-120,1100,"bu","13:32:19",1552400
7070,-120,2000,"bu","13:32:26",1554400
7070,-120,2800,"bu","13:32:31",1557200
7070,-120,3200,"bu","13:32:44",1560400
7080,-110,1100,"bu","13:32:47",1561500
7070,-120,6700,"bu","13:32:49",1568200
7070,-120,400,"sd","13:32:53",1568600
7070,-120,3600,"bu","13:33:00",1572200
7070,-120,500,"bu","13:33:01",1572700
7070,-120,300,"sd","13:33:11",1573000
7070,-120,600,"bu","13:33:16",1573600
7070,-120,100,"bu","13:33:32",1573700
7080,-110,2500,"bu","13:34:40",1576200
7090,-100,5000,"bu","13:34:56",1581200
7090,-100,2600,"bu","13:35:14",1583800
7090,-100,2000,"sd","13:35:19",1585800
7100,-90,1000,"bu","13:35:20",1586800
7100,-90,8000,"sd","13:35:24",1594800
7100,-90,500,"bu","13:35:31",1595300
7100,-90,1000,"bu","13:35:35",1596300
7100,-90,1000,"bu","13:35:39",1597300
7090,-100,2000,"sd","13:36:00",1599300
7100,-90,1100,"sd","13:36:14",1600400
7100,-90,30000,"sd","13:36:22",1630400
7100,-90,10000,"sd","13:36:25",1640400
7100,-90,15800,"bu","13:36:29",1656200
7150,-40,2000,"sd","13:36:49",1658200
7150,-40,12000,"sd","13:36:57",1670200
7150,-40,1600,"sd","13:37:01",1671800
7150,-40,1000,"sd","13:37:12",1672800
7150,-40,5000,"bu","13:37:13",1677800
7150,-40,200,"sd","13:37:15",1678000
7150,-40,1000,"sd","13:37:17",1679000
7150,-40,6200,"bu","13:37:23",1685200
7150,-40,9000,"sd","13:37:34",1694200
7150,-40,700,"sd","13:37:37",1694900
7150,-40,800,"bu","13:37:40",1695700
7150,-40,6100,"sd","13:37:42",1701800
7160,-30,1000,"bu","13:38:02",1702800
7160,-30,1400,"bu","13:38:08",1704200
7160,-30,300,"sd","13:38:27",1704500
7160,-30,400,"sd","13:38:37",1704900
7160,-30,2000,"bu","13:39:00",1706900
7160,-30,500,"bu","13:39:20",1707400
7160,-30,2000,"sd","13:39:31",1709400
7170,-20,100,"sd","13:39:35",1709500
7160,-30,15200,"bu","13:39:37",1724700
7160,-30,100,"sd","13:39:42",1724800
7160,-30,10000,"sd","13:40:09",1734800
7170,-20,900,"sd","13:40:11",1735700
7170,-20,1600,"bu","13:40:15",1737300
7170,-20,900,"sd","13:40:23",1738200
7170,-20,1100,"sd","13:40:27",1739300
7150,-40,50000,"bu","13:40:33",1789300
7150,-40,4500,"sd","13:41:14",1793800
7150,-40,1000,"bu","13:41:18",1794800
7150,-40,2000,"bu","13:41:20",1796800
7150,-40,3500,"bu","13:41:23",1800300
7150,-40,200,"bu","13:41:29",1800500
7120,-70,4700,"bu","13:41:42",1805200
7120,-70,200,"bu","13:41:53",1805400
7110,-80,900,"bu","13:42:00",1806300
7110,-80,1000,"sd","13:42:18",1807300
7110,-80,100,"sd","13:42:25",1807400
7110,-80,1000,"sd","13:42:44",1808400
7100,-90,15300,"sd","13:43:13",1823700
7100,-90,4800,"sd","13:43:28",1828500
7100,-90,1000,"bu","13:43:40",1829500
7110,-80,200,"sd","13:44:28",1829700
7100,-90,10000,"sd","13:44:36",1839700
7100,-90,100,"sd","13:44:55",1839800
7100,-90,800,"bu","13:45:00",1840600
7100,-90,100,"sd","13:45:07",1840700
7100,-90,1500,"bu","13:46:46",1842200
7100,-90,3000,"bu","13:46:54",1845200
7100,-90,2000,"bu","13:46:58",1847200
7100,-90,2500,"bu","13:47:02",1849700
7120,-70,2000,"sd","13:47:12",1851700
7100,-90,100,"sd","13:47:22",1851800
7100,-90,2900,"bu","13:47:30",1854700
7100,-90,100,"bu","13:47:37",1854800
7100,-90,6000,"sd","13:48:21",1860800
7120,-70,700,"bu","13:49:09",1861500
7120,-70,100,"sd","13:49:18",1861600
7100,-90,3200,"bu","13:49:24",1864800
7100,-90,500,"bu","13:49:41",1865300
7100,-90,100,"bu","13:50:57",1865400
7100,-90,1000,"sd","13:51:34",1866400
7100,-90,1800,"bu","13:52:16",1868200
7100,-90,15900,"bu","13:53:02",1884100
7100,-90,100,"sd","13:53:40",1884200
7100,-90,1100,"sd","13:53:43",1885300
7100,-90,100,"bu","13:54:56",1885400
7100,-90,16000,"sd","13:55:13",1901400
7100,-90,100,"sd","13:55:38",1901500
7100,-90,4800,"sd","13:55:45",1906300
7100,-90,3100,"sd","13:56:12",1909400
7090,-100,100,"sd","13:57:33",1909500
7090,-100,1800,"bu","13:57:44",1911300
7090,-100,100,"bu","13:58:03",1911400
7090,-100,1000,"bu","13:58:22",1912400
7090,-100,2900,"bu","13:58:28",1915300
7100,-90,300,"bu","13:58:55",1915600
7100,-90,2000,"bu","13:59:02",1917600
7100,-90,1000,"bu","13:59:34",1918600
7100,-90,100,"bu","13:59:46",1918700
7100,-90,500,"sd","13:59:48",1919200
7100,-90,10900,"bu","14:00:32",1930100
7120,-70,3000,"bu","14:01:02",1933100
7120,-70,700,"sd","14:01:07",1933800
7120,-70,800,"sd","14:01:13",1934600
7130,-60,200,"bu","14:01:28",1934800
7130,-60,700,"bu","14:01:30",1935500
7140,-50,5000,"sd","14:01:54",1940500
7140,-50,9200,"sd","14:02:14",1949700
7170,-20,20000,"sd","14:02:20",1969700
7170,-20,100,"bu","14:02:33",1969800
7170,-20,2000,"sd","14:02:38",1971800
7170,-20,3100,"sd","14:02:40",1974900
7170,-20,1700,"sd","14:02:43",1976600
7170,-20,300,"bu","14:02:45",1976900
7170,-20,2700,"bu","14:03:07",1979600
7170,-20,3000,"sd","14:03:14",1982600
7180,-10,4400,"sd","14:03:19",1987000
7170,-20,1000,"bu","14:03:24",1988000
7180,-10,9000,"sd","14:03:44",1997000
7180,-10,1000,"bu","14:03:46",1998000
7170,-20,1100,"bu","14:03:57",1999100
7170,-20,8000,"bu","14:04:02",2007100
7180,-10,6500,"bu","14:04:11",2013600
7180,-10,6800,"bu","14:04:30",2020400
7180,-10,2600,"bu","14:04:41",2023000
7180,-10,500,"bu","14:04:43",2023500
7180,-10,20100,"bu","14:04:52",2043600
7180,-10,5000,"bu","14:04:57",2048600
7180,-10,1400,"sd","14:05:00",2050000
7180,-10,2500,"sd","14:05:18",2052500
7190,0,17200,"sd","14:05:20",2069700
7190,0,2000,"sd","14:05:22",2071700
7190,0,10600,"sd","14:05:27",2082300
7190,0,2200,"bu","14:05:31",2084500
7190,0,3200,"sd","14:05:33",2087700
7190,0,200,"bu","14:05:41",2087900
7190,0,600,"sd","14:05:43",2088500
7190,0,100,"bu","14:05:46",2088600
7200,10,10000,"bu","14:05:48",2098600
7190,0,200,"bu","14:05:50",2098800
7190,0,100,"bu","14:05:54",2098900
7180,-10,2500,"bu","14:06:36",2101400
7180,-10,2200,"sd","14:06:45",2103600
7170,-20,2000,"bu","14:07:07",2105600
7170,-20,1500,"sd","14:07:19",2107100
7150,-40,3100,"sd","14:07:32",2110200
7140,-50,500,"bu","14:07:52",2110700
7140,-50,600,"sd","14:07:58",2111300
7140,-50,100,"bu","14:08:03",2111400
7140,-50,1800,"sd","14:08:13",2113200
7140,-50,100,"bu","14:08:48",2113300
7140,-50,200,"bu","14:09:02",2113500
7140,-50,1000,"sd","14:09:40",2114500
7140,-50,300,"bu","14:10:09",2114800
7150,-40,2300,"bu","14:10:39",2117100
7140,-50,100,"sd","14:12:24",2117200
7140,-50,4500,"sd","14:13:47",2121700
7150,-40,2000,"bu","14:14:04",2123700
7150,-40,2100,"sd","14:14:06",2125800
7140,-50,11300,"sd","14:14:29",2137100
7140,-50,500,"sd","14:14:34",2137600
7140,-50,15000,"sd","14:14:46",2152600
7140,-50,4800,"bu","14:14:57",2157400
7140,-50,5000,"sd","14:15:05",2162400
7140,-50,100,"bu","14:15:10",2162500
7140,-50,5000,"sd","14:15:30",2167500
7140,-50,100,"sd","14:15:41",2167600
7140,-50,26200,"bu","14:15:52",2193800
7130,-60,400,"bu","14:16:04",2194200
7130,-60,1100,"sd","14:16:20",2195300
7140,-50,2500,"bu","14:16:36",2197800
7140,-50,500,"sd","14:16:40",2198300
7140,-50,100,"bu","14:16:43",2198400
7140,-50,1900,"bu","14:16:56",2200300
7140,-50,100,"sd","14:17:13",2200400
7130,-60,5000,"sd","14:17:21",2205400
7130,-60,100,"bu","14:17:37",2205500
7130,-60,3000,"sd","14:18:02",2208500
7130,-60,500,"sd","14:18:05",2209000
7130,-60,200,"bu","14:18:15",2209200
7130,-60,5300,"sd","14:18:23",2214500
7130,-60,3000,"sd","14:18:32",2217500
7130,-60,100,"bu","14:18:34",2217600
7130,-60,3000,"bu","14:18:39",2220600
7130,-60,3000,"bu","14:18:54",2223600
7130,-60,2600,"sd","14:19:17",2226200
7130,-60,100,"sd","14:19:19",2226300
7120,-70,9600,"sd","14:19:23",2235900
7120,-70,100,"sd","14:19:41",2236000
7120,-70,9100,"bu","14:19:52",2245100
7120,-70,700,"bu","14:20:06",2245800
7100,-90,3000,"sd","14:20:25",2248800
7100,-90,3700,"bu","14:20:31",2252500
7100,-90,500,"bu","14:20:38",2253000
7100,-90,20000,"sd","14:20:40",2273000
7100,-90,1400,"bu","14:20:56",2274400
7100,-90,31100,"bu","14:21:01",2305500
7090,-100,13000,"sd","14:21:14",2318500
7080,-110,400,"bu","14:21:23",2318900
7080,-110,15500,"bu","14:21:25",2334400
7070,-120,6500,"bu","14:21:37",2340900
7060,-130,200,"sd","14:21:39",2341100
7060,-130,700,"sd","14:21:46",2341800
7060,-130,100,"bu","14:22:10",2341900
7060,-130,2600,"sd","14:22:27",2344500
7060,-130,1200,"bu","14:22:30",2345700
7060,-130,1600,"bu","14:22:48",2347300
7050,-140,1100,"bu","14:22:51",2348400
7050,-140,8300,"bu","14:22:54",2356700
7040,-150,100,"bu","14:22:57",2356800
7040,-150,800,"bu","14:23:20",2357600
7040,-150,600,"bu","14:23:31",2358200
7040,-150,7800,"sd","14:23:39",2366000
7030,-160,7700,"sd","14:23:48",2373700
7020,-170,3800,"sd","14:24:13",2377500
7030,-160,7200,"bu","14:24:24",2384700
7030,-160,3300,"sd","14:24:29",2388000
7050,-140,3000,"sd","14:24:41",2391000
7030,-160,1000,"sd","14:24:46",2392000
7050,-140,1500,"bu","14:24:49",2393500
7030,-160,2000,"bu","14:24:58",2395500
7040,-150,800,"sd","14:25:11",2396300
7060,-130,500,"sd","14:25:16",2396800
7060,-130,100,"bu","14:25:18",2396900
7060,-130,1300,"sd","14:25:37",2398200
7080,-110,300,"sd","14:26:28",2398500
7080,-110,400,"sd","14:26:31",2398900
7080,-110,200,"sd","14:26:58",2399100
7080,-110,900,"bu","14:27:00",2400000
7080,-110,3000,"sd","14:27:05",2403000
7080,-110,1000,"sd","14:27:10",2404000
7080,-110,200,"bu","14:27:18",2404200
7100,-90,800,"bu","14:27:34",2405000
7090,-100,100,"sd","14:27:36",2405100
7090,-100,8200,"bu","14:28:39",2413300
7090,-100,5800,"bu","14:28:54",2419100
7090,-100,4200,"bu","14:29:00",2423300
7090,-100,200,"sd","14:29:10",2423500
7090,-100,1000,"bu","14:29:25",2424500
7090,-100,100,"bu","14:29:45",2424600
7100,-90,1700,"bu","14:29:53",2426300
7200,10,390800,"sd","14:45:08",2817100
