"price","change","match_qtty","side","time","total_vol"
19950,-550,42600,"sd","09:15:07",42600
20400,-100,1000,"sd","09:15:56",43600
20400,-100,300,"sd","09:16:22",43900
20400,-100,1500,"sd","09:16:35",45400
20400,-100,200,"sd","09:17:27",45600
20200,-300,1200,"sd","09:21:38",46800
20000,-500,3000,"bu","09:22:04",49800
20000,-500,2900,"sd","09:22:21",52700
20000,-500,200,"sd","09:22:36",52900
20000,-500,900,"bu","09:23:20",53800
20000,-500,1000,"bu","09:23:30",54800
20000,-500,1100,"sd","09:25:00",55900
20000,-500,200,"bu","09:25:41",56100
20000,-500,2000,"sd","09:25:50",58100
20000,-500,700,"bu","09:26:10",58800
20000,-500,4000,"bu","09:27:39",62800
20000,-500,2800,"bu","09:27:45",65600
19950,-550,500,"sd","09:29:13",66100
20000,-500,1000,"bu","09:29:41",67100
20000,-500,500,"sd","09:33:09",67600
20200,-300,800,"sd","09:34:47",68400
20200,-300,200,"bu","09:37:56",68600
20200,-300,1000,"bu","09:39:33",69600
20000,-500,3200,"sd","09:39:39",72800
20000,-500,2800,"sd","09:39:53",75600
20000,-500,2400,"bu","09:40:06",78000
20000,-500,200,"sd","09:41:48",78200
20000,-500,900,"sd","09:44:00",79100
20000,-500,1100,"sd","09:44:13",80200
20000,-500,900,"sd","09:46:44",81100
20200,-300,2000,"bu","09:53:45",83100
20000,-500,3500,"bu","09:54:12",86600
20000,-500,1400,"sd","09:55:04",88000
20000,-500,1100,"sd","09:56:45",89100
20000,-500,200,"sd","09:57:11",89300
20000,-500,600,"sd","09:57:58",89900
20000,-500,1900,"bu","10:00:00",91800
19950,-550,600,"sd","10:00:15",92400
20000,-500,500,"bu","10:05:56",92900
20000,-500,2600,"bu","10:06:10",95500
20000,-500,100,"sd","10:12:10",95600
20000,-500,7900,"sd","10:18:51",103500
20000,-500,3000,"sd","10:19:24",106500
20000,-500,2500,"bu","10:19:33",109000
20000,-500,2500,"bu","10:20:36",111500
20000,-500,5300,"sd","10:21:42",116800
20000,-500,3000,"bu","10:21:47",119800
20000,-500,800,"sd","10:21:52",120600
20000,-500,300,"sd","10:22:37",120900
20000,-500,100,"bu","10:22:42",121000
20000,-500,700,"sd","10:24:19",121700
20000,-500,2000,"sd","10:24:48",123700
20000,-500,200,"sd","10:25:05",123900
20000,-500,300,"bu","10:26:20",124200
20000,-500,300,"sd","10:30:47",124500
20000,-500,2700,"bu","10:34:02",127200
20000,-500,100,"sd","10:34:50",127300
20000,-500,500,"bu","10:37:09",127800
20000,-500,800,"bu","10:40:40",128600
20000,-500,1200,"bu","10:43:23",129800
20000,-500,1500,"bu","10:50:17",131300
20000,-500,1400,"sd","11:05:32",132700
20000,-500,200,"bu","11:05:46",132900
20000,-500,1700,"sd","11:06:19",134600
20000,-500,100,"sd","11:18:14",134700
20000,-500,5000,"sd","11:19:19",139700
20000,-500,2300,"sd","11:19:25",142000
20000,-500,400,"bu","11:19:44",142400
20000,-500,1500,"bu","11:20:12",143900
20100,-400,200,"sd","11:28:12",144100
20100,-400,1200,"bu","11:29:56",145300
20100,-400,200,"sd","13:01:29",145500
20100,-400,100,"sd","13:04:31",145600
20000,-500,4800,"bu","13:05:02",150400
20000,-500,5700,"bu","13:05:19",156100
20000,-500,1700,"bu","13:05:34",157800
20000,-500,200,"sd","13:05:58",158000
20000,-500,1000,"bu","13:06:27",159000
20000,-500,100,"bu","13:06:34",159100
20000,-500,3000,"bu","13:06:41",162100
20000,-500,2400,"bu","13:09:16",164500
20100,-400,300,"bu","13:10:33",164800
20200,-300,1400,"bu","13:10:38",166200
20200,-300,500,"bu","13:10:45",166700
20200,-300,700,"sd","13:12:24",167400
20000,-500,4400,"sd","13:15:05",171800
20000,-500,100,"sd","13:15:37",171900
20000,-500,200,"sd","13:16:20",172100
20000,-500,700,"bu","13:16:28",172800
20000,-500,2600,"sd","13:17:05",175400
20000,-500,2500,"sd","13:18:02",177900
20000,-500,900,"bu","13:18:34",178800
20000,-500,1000,"bu","13:19:59",179800
20000,-500,2000,"bu","13:20:25",181800
20000,-500,400,"bu","13:21:20",182200
20000,-500,100,"sd","13:21:26",182300
20000,-500,500,"sd","13:21:33",182800
20000,-500,5000,"sd","13:24:28",187800
20000,-500,100,"bu","13:25:36",187900
20000,-500,1900,"bu","13:28:36",189800
20000,-500,100,"sd","13:29:13",189900
20000,-500,1000,"sd","13:29:32",190900
20000,-500,1400,"bu","13:31:48",192300
20000,-500,1600,"sd","13:31:57",193900
20000,-500,700,"sd","13:33:33",194600
20000,-500,2000,"bu","13:35:20",196600
20000,-500,900,"bu","13:36:18",197500
20000,-500,2400,"bu","13:36:47",199900
20000,-500,2200,"bu","13:39:53",202100
20000,-500,1000,"sd","13:39:58",203100
20000,-500,600,"sd","13:40:04",203700
20000,-500,100,"bu","13:40:25",203800
20000,-500,4000,"bu","13:41:01",207800
20000,-500,1100,"bu","13:41:36",208900
20000,-500,2900,"sd","13:42:12",211800
20000,-500,200,"bu","13:42:14",212000
20000,-500,1000,"sd","13:42:16",213000
20000,-500,2100,"sd","13:42:57",215100
19950,-550,59100,"sd","13:43:21",274200
19950,-550,1000,"sd","13:43:59",275200
19950,-550,5500,"bu","13:44:12",280700
19950,-550,4500,"sd","13:44:20",285200
19950,-550,4500,"bu","13:44:22",289700
19950,-550,700,"bu","13:44:26",290400
19950,-550,9500,"sd","13:44:32",299900
19950,-550,500,"bu","13:44:40",300400
19950,-550,5000,"sd","13:44:43",305400
19950,-550,2400,"sd","13:44:45",307800
19950,-550,2800,"sd","13:45:00",310600
19950,-550,200,"bu","13:45:09",310800
19950,-550,800,"sd","13:45:14",311600
19900,-600,20000,"sd","13:45:16",331600
19900,-600,200,"bu","13:45:18",331800
19950,-550,2700,"sd","13:45:27",334500
19850,-650,11000,"sd","13:46:12",345500
19800,-700,20000,"bu","13:47:46",365500
19800,-700,3000,"sd","13:48:00",368500
19900,-600,300,"sd","13:49:07",368800
19900,-600,10700,"sd","13:49:15",379500
19900,-600,100,"sd","13:50:19",379600
19900,-600,6600,"sd","13:50:41",386200
19900,-600,1600,"sd","13:50:51",387800
19900,-600,100,"bu","13:51:12",387900
19850,-650,700,"bu","13:52:12",388600
19900,-600,1400,"bu","13:52:33",390000
19900,-600,300,"sd","13:53:35",390300
19950,-550,13000,"bu","13:54:38",403300
20000,-500,4000,"sd","13:54:58",407300
20000,-500,1900,"bu","13:56:18",409200
20100,-400,300,"bu","13:56:40",409500
20300,-200,3000,"bu","13:56:59",412500
19950,-550,10000,"bu","13:57:47",422500
20200,-300,900,"bu","14:00:16",423400
20200,-300,400,"sd","14:01:09",423800
20250,-250,3000,"sd","14:01:13",426800
20200,-300,800,"bu","14:01:15",427600
20200,-300,4900,"bu","14:01:28",432500
20100,-400,4000,"sd","14:02:36",436500
20200,-300,1300,"sd","14:03:55",437800
20200,-300,300,"bu","14:04:04",438100
20300,-200,6000,"sd","14:04:11",444100
20200,-300,300,"sd","14:04:27",444400
20300,-200,5000,"sd","14:04:43",449400
20200,-300,100,"sd","14:04:46",449500
20200,-300,4000,"sd","14:05:02",453500
20200,-300,6000,"sd","14:05:10",459500
20200,-300,7000,"sd","14:05:43",466500
20200,-300,8000,"bu","14:05:50",474500
20100,-400,4000,"bu","14:06:27",478500
20200,-300,1000,"bu","14:07:07",479500
20200,-300,6000,"sd","14:07:24",485500
20200,-300,4000,"bu","14:07:37",489500
20200,-300,1400,"sd","14:08:42",490900
20200,-300,6000,"bu","14:08:44",496900
20200,-300,200,"sd","14:08:48",497100
20200,-300,400,"sd","14:09:08",497500
20300,-200,5000,"bu","14:09:24",502500
20100,-400,6000,"bu","14:10:01",508500
20100,-400,7000,"sd","14:10:57",515500
20300,-200,4200,"bu","14:11:16",519700
20300,-200,300,"bu","14:11:21",520000
20300,-200,500,"bu","14:11:25",520500
20400,-100,5000,"bu","14:12:11",525500
20100,-400,7000,"sd","14:17:45",532500
20000,-500,600,"bu","14:20:28",533100
20000,-500,3600,"bu","14:22:02",536700
20000,-500,400,"bu","14:22:24",537100
20000,-500,5000,"sd","14:23:00",542100
20000,-500,500,"sd","14:24:31",542600
20000,-500,1000,"bu","14:25:35",543600
20000,-500,900,"bu","14:25:57",544500
20000,-500,100,"sd","14:26:10",544600
19950,-550,4000,"sd","14:26:36",548600
19950,-550,10000,"bu","14:27:36",558600
20000,-500,6000,"bu","14:28:20",564600
20200,-300,400,"sd","14:28:54",565000
20300,-200,600,"sd","14:29:12",565600
19900,-600,7000,"sd","14:29:22",572600
20350,-150,85500,"bu","14:45:08",658100
