"price","change","match_qtty","side","time","total_vol"
32900,-600,107000,"sd","09:15:10",107000
32900,-600,500,"sd","09:15:16",107500
33000,-500,1000,"bu","09:15:23",108500
33000,-500,1000,"bu","09:15:24",109500
33000,-500,500,"sd","09:15:24",110000
32900,-600,900,"sd","09:15:26",110900
33000,-500,300,"bu","09:15:30",111200
33000,-500,800,"bu","09:15:41",112000
33000,-500,200,"bu","09:15:50",112200
33000,-500,100,"bu","09:15:52",112300
32950,-550,300,"bu","09:15:54",112600
32950,-550,200,"sd","09:16:04",112800
33000,-500,100,"sd","09:16:14",112900
33000,-500,2000,"sd","09:16:19",114900
33000,-500,100,"bu","09:16:25",115000
32950,-550,400,"bu","09:16:30",115400
33000,-500,500,"sd","09:16:32",115900
33000,-500,5000,"sd","09:16:34",120900
33000,-500,3900,"bu","09:16:37",124800
33000,-500,100,"bu","09:16:40",124900
33000,-500,400,"bu","09:16:45",125300
33000,-500,1000,"sd","09:16:45",126300
33000,-500,500,"sd","09:16:48",126800
33000,-500,600,"sd","09:16:58",127400
33000,-500,2000,"bu","09:17:00",129400
33000,-500,3000,"sd","09:17:04",132400
33000,-500,1500,"bu","09:17:09",133900
32950,-550,10000,"bu","09:17:10",143900
32950,-550,3600,"sd","09:17:12",147500
32950,-550,100,"sd","09:17:18",147600
32950,-550,500,"sd","09:17:19",148100
32950,-550,200,"bu","09:17:22",148300
32950,-550,1000,"sd","09:17:22",149300
32950,-550,900,"bu","09:17:23",150200
32950,-550,1300,"bu","09:17:52",151500
32950,-550,100,"bu","09:17:57",151600
32950,-550,3900,"bu","09:17:58",155500
32950,-550,2000,"bu","09:18:08",157500
33000,-500,100,"sd","09:18:13",157600
32950,-550,700,"bu","09:18:25",158300
32950,-550,100,"bu","09:18:38",158400
32950,-550,10800,"bu","09:18:42",169200
32950,-550,200,"sd","09:18:43",169400
33000,-500,300,"sd","09:18:48",169700
32950,-550,900,"bu","09:18:58",170600
33000,-500,1100,"sd","09:19:05",171700
33000,-500,500,"sd","09:19:09",172200
33000,-500,2000,"sd","09:19:10",174200
33000,-500,100,"bu","09:19:12",174300
33000,-500,500,"sd","09:19:15",174800
33000,-500,100,"sd","09:19:16",174900
33000,-500,2000,"bu","09:19:20",176900
33000,-500,1500,"sd","09:19:20",178400
33050,-450,200,"sd","09:19:42",178600
33100,-400,100,"bu","09:19:57",178700
33000,-500,22900,"bu","09:20:02",201600
33000,-500,2100,"sd","09:20:02",203700
33000,-500,900,"bu","09:20:08",204600
33100,-400,1000,"bu","09:20:09",205600
33100,-400,5000,"sd","09:20:12",210600
33100,-400,500,"bu","09:20:25",211100
33100,-400,1300,"sd","09:20:26",212400
33100,-400,200,"bu","09:20:28",212600
33150,-350,4900,"bu","09:21:03",217500
33150,-350,4000,"bu","09:21:21",221500
33200,-300,300,"bu","09:21:33",221800
33150,-350,100,"sd","09:21:39",221900
33150,-350,500,"sd","09:21:40",222400
33200,-300,300,"sd","09:21:49",222700
33150,-350,6000,"sd","09:21:50",228700
33100,-400,4500,"sd","09:21:54",233200
33150,-350,4800,"sd","09:22:20",238000
33150,-350,500,"bu","09:22:25",238500
33150,-350,500,"sd","09:22:33",239000
33100,-400,200,"bu","09:22:39",239200
33150,-350,1000,"bu","09:22:40",240200
33150,-350,100,"bu","09:22:51",240300
33200,-300,10300,"bu","09:23:23",250600
33150,-350,100,"sd","09:23:27",250700
33200,-300,500,"sd","09:23:30",251200
33200,-300,100,"sd","09:23:36",251300
33200,-300,1000,"sd","09:23:44",252300
33200,-300,100,"sd","09:24:08",252400
33200,-300,300,"sd","09:24:18",252700
33200,-300,100,"sd","09:24:22",252800
33200,-300,1000,"sd","09:24:37",253800
33200,-300,100,"sd","09:24:37",253900
33200,-300,9000,"bu","09:24:37",262900
33200,-300,2500,"sd","09:24:43",265400
33200,-300,200,"bu","09:24:45",265600
33200,-300,1000,"sd","09:24:46",266600
33200,-300,100,"sd","09:24:48",266700
33200,-300,700,"sd","09:24:52",267400
33200,-300,300,"bu","09:24:52",267700
33250,-250,100,"sd","09:25:06",267800
33250,-250,1300,"bu","09:25:15",269100
33250,-250,100,"sd","09:25:22",269200
33300,-200,3000,"bu","09:25:29",272200
33300,-200,100,"sd","09:25:29",272300
33400,-100,1000,"bu","09:25:32",273300
33300,-200,100,"bu","09:25:38",273400
33400,-100,200,"bu","09:25:41",273600
33400,-100,200,"bu","09:25:48",273800
33400,-100,200,"bu","09:25:51",274000
33400,-100,100,"bu","09:25:54",274100
33400,-100,1800,"sd","09:25:55",275900
33400,-100,100,"bu","09:26:06",276000
33400,-100,1000,"sd","09:26:16",277000
33400,-100,800,"sd","09:26:21",277800
33400,-100,100,"sd","09:26:34",277900
33400,-100,2100,"bu","09:27:02",280000
33400,-100,5800,"bu","09:27:17",285800
33400,-100,6000,"bu","09:27:28",291800
33400,-100,500,"sd","09:27:47",292300
33400,-100,1000,"bu","09:27:48",293300
33400,-100,2300,"sd","09:28:17",295600
33400,-100,5100,"bu","09:28:39",300700
33400,-100,2000,"bu","09:28:45",302700
33400,-100,1000,"sd","09:28:55",303700
33350,-150,100,"bu","09:29:05",303800
33350,-150,1000,"sd","09:29:12",304800
33350,-150,5800,"bu","09:29:34",310600
33300,-200,900,"bu","09:29:56",311500
33300,-200,500,"bu","09:29:58",312000
33300,-200,100,"bu","09:30:11",312100
33200,-300,11000,"sd","09:30:23",323100
33200,-300,100,"sd","09:30:32",323200
33200,-300,3500,"sd","09:30:42",326700
33200,-300,2100,"bu","09:30:58",328800
33150,-350,2100,"bu","09:31:41",330900
33150,-350,10400,"sd","09:31:42",341300
33150,-350,2300,"bu","09:31:59",343600
33150,-350,200,"sd","09:32:16",343800
33100,-400,2800,"bu","09:32:26",346600
33050,-450,10000,"sd","09:32:43",356600
33050,-450,100,"bu","09:32:44",356700
33050,-450,2600,"bu","09:32:50",359300
33050,-450,200,"bu","09:32:57",359500
33050,-450,200,"bu","09:33:07",359700
33050,-450,1300,"bu","09:33:28",361000
33050,-450,100,"sd","09:33:29",361100
33050,-450,400,"sd","09:33:38",361500
33050,-450,300,"bu","09:33:40",361800
33050,-450,700,"bu","09:33:41",362500
33050,-450,200,"bu","09:33:47",362700
33100,-400,100,"bu","09:33:51",362800
33050,-450,1000,"bu","09:33:52",363800
33050,-450,1200,"bu","09:34:04",365000
33050,-450,300,"sd","09:34:17",365300
33050,-450,200,"bu","09:34:18",365500
33050,-450,100,"sd","09:34:25",365600
33050,-450,9400,"bu","09:34:38",375000
33050,-450,5100,"sd","09:34:40",380100
33050,-450,6500,"sd","09:34:56",386600
33100,-400,100,"bu","09:34:56",386700
33100,-400,1000,"sd","09:34:59",387700
33100,-400,100,"bu","09:35:17",387800
33100,-400,1400,"sd","09:35:49",389200
33100,-400,1000,"bu","09:35:59",390200
33100,-400,500,"sd","09:36:05",390700
33050,-450,100,"sd","09:36:09",390800
33100,-400,300,"sd","09:36:39",391100
33050,-450,1000,"bu","09:36:45",392100
33100,-400,1800,"bu","09:36:50",393900
33100,-400,200,"sd","09:36:53",394100
33100,-400,300,"sd","09:37:04",394400
33100,-400,1000,"bu","09:37:18",395400
33100,-400,100,"sd","09:37:24",395500
33100,-400,200,"bu","09:37:35",395700
33100,-400,500,"bu","09:37:41",396200
33100,-400,500,"sd","09:37:49",396700
33100,-400,100,"bu","09:37:50",396800
33100,-400,6100,"sd","09:37:55",402900
33100,-400,900,"sd","09:38:14",403800
33150,-350,100,"bu","09:38:20",403900
33100,-400,3600,"bu","09:38:42",407500
33150,-350,100,"bu","09:38:46",407600
33200,-300,3000,"bu","09:39:12",410600
33150,-350,200,"sd","09:39:13",410800
33150,-350,300,"bu","09:39:59",411100
33150,-350,500,"sd","09:40:02",411600
33150,-350,100,"sd","09:40:09",411700
33150,-350,600,"bu","09:40:14",412300
33200,-300,500,"sd","09:40:50",412800
33200,-300,200,"bu","09:40:53",413000
33200,-300,1200,"sd","09:41:16",414200
33200,-300,500,"bu","09:41:17",414700
33200,-300,1000,"sd","09:41:18",415700
33200,-300,1100,"bu","09:41:41",416800
33200,-300,100,"bu","09:41:42",416900
33200,-300,1100,"sd","09:41:55",418000
33300,-200,900,"bu","09:42:38",418900
33300,-200,300,"sd","09:42:50",419200
33300,-200,2000,"sd","09:43:00",421200
33300,-200,500,"sd","09:43:07",421700
33300,-200,100,"bu","09:43:09",421800
33300,-200,1000,"bu","09:43:20",422800
33300,-200,200,"sd","09:43:38",423000
33350,-150,500,"sd","09:44:34",423500
33350,-150,100,"bu","09:44:52",423600
33350,-150,2000,"bu","09:45:00",425600
33400,-100,2000,"sd","09:45:59",427600
33400,-100,5000,"sd","09:46:00",432600
33350,-150,100,"bu","09:46:13",432700
33400,-100,500,"bu","09:46:18",433200
33400,-100,3400,"bu","09:46:21",436600
33400,-100,200,"sd","09:46:24",436800
33400,-100,400,"bu","09:46:42",437200
33450,-50,800,"bu","09:46:43",438000
33400,-100,200,"bu","09:46:44",438200
33450,-50,100,"sd","09:46:51",438300
33450,-50,600,"bu","09:48:02",438900
33450,-50,100,"sd","09:48:10",439000
33450,-50,1200,"bu","09:48:26",440200
33450,-50,800,"bu","09:48:34",441000
33500,0,5000,"bu","09:48:43",446000
33450,-50,100,"bu","09:48:46",446100
33450,-50,1000,"bu","09:48:54",447100
33450,-50,100,"sd","09:48:59",447200
33450,-50,700,"bu","09:49:08",447900
33500,0,8000,"sd","09:49:41",455900
33500,0,9000,"bu","09:50:23",464900
33500,0,2000,"bu","09:50:29",466900
33500,0,400,"bu","09:50:35",467300
33500,0,500,"bu","09:50:38",467800
33500,0,3500,"bu","09:50:45",471300
33500,0,100,"sd","09:50:52",471400
33450,-50,2700,"sd","09:50:59",474100
33400,-100,200,"bu","09:51:11",474300
33450,-50,100,"bu","09:51:31",474400
33450,-50,1000,"sd","09:51:51",475400
33400,-100,2000,"bu","09:52:31",477400
33400,-100,200,"bu","09:52:46",477600
33400,-100,300,"bu","09:52:51",477900
33400,-100,1000,"bu","09:53:12",478900
33400,-100,500,"sd","09:53:18",479400
33400,-100,700,"sd","09:53:22",480100
33400,-100,500,"sd","09:53:46",480600
33400,-100,300,"sd","09:53:49",480900
33400,-100,100,"bu","09:54:03",481000
33400,-100,500,"sd","09:54:12",481500
33400,-100,2900,"sd","09:54:23",484400
33400,-100,100,"bu","09:55:09",484500
33400,-100,1500,"bu","09:56:25",486000
33350,-150,800,"sd","09:56:48",486800
33350,-150,500,"sd","09:57:08",487300
33350,-150,2000,"sd","09:57:36",489300
33350,-150,500,"sd","09:58:13",489800
33350,-150,500,"bu","09:58:16",490300
33350,-150,2100,"bu","09:58:21",492400
33350,-150,900,"sd","09:58:31",493300
33300,-200,100,"bu","09:58:42",493400
33300,-200,1100,"bu","09:59:12",494500
33350,-150,100,"bu","09:59:33",494600
33350,-150,400,"sd","09:59:34",495000
33350,-150,500,"sd","09:59:36",495500
33300,-200,300,"sd","09:59:50",495800
33300,-200,6000,"sd","10:00:11",501800
33300,-200,4000,"bu","10:00:13",505800
33300,-200,1000,"bu","10:00:18",506800
33300,-200,5000,"bu","10:00:38",511800
33300,-200,500,"sd","10:00:45",512300
33250,-250,7800,"bu","10:02:13",520100
33200,-300,5000,"sd","10:02:32",525100
33250,-250,5000,"sd","10:02:43",530100
33250,-250,100,"bu","10:02:47",530200
33250,-250,200,"sd","10:02:50",530400
33250,-250,300,"sd","10:02:55",530700
33300,-200,500,"sd","10:03:38",531200
33250,-250,500,"bu","10:03:43",531700
33250,-250,2200,"bu","10:04:01",533900
33250,-250,3800,"sd","10:04:06",537700
33300,-200,1600,"sd","10:04:23",539300
33250,-250,1300,"bu","10:04:25",540600
33250,-250,200,"bu","10:05:02",540800
33250,-250,100,"bu","10:05:07",540900
33250,-250,1800,"sd","10:05:19",542700
33300,-200,300,"sd","10:06:08",543000
33250,-250,100,"bu","10:06:15",543100
33300,-200,3600,"bu","10:07:51",546700
33300,-200,300,"bu","10:08:43",547000
33300,-200,200,"bu","10:09:09",547200
33350,-150,800,"sd","10:09:54",548000
33350,-150,2300,"sd","10:10:42",550300
33350,-150,700,"sd","10:10:57",551000
33300,-200,3400,"bu","10:11:09",554400
33250,-250,11500,"bu","10:12:08",565900
33250,-250,500,"bu","10:13:02",566400
33400,-100,3700,"sd","10:14:07",570100
33450,-50,300,"sd","10:14:36",570400
33450,-50,300,"sd","10:14:42",570700
33450,-50,1000,"sd","10:14:59",571700
33450,-50,100,"bu","10:15:00",571800
33500,0,6500,"sd","10:15:26",578300
33500,0,300,"sd","10:15:50",578600
33500,0,1500,"bu","10:16:08",580100
33500,0,10500,"sd","10:16:11",590600
33500,0,13200,"bu","10:16:20",603800
33500,0,4000,"sd","10:16:22",607800
33500,0,6600,"bu","10:16:24",614400
33600,100,5000,"sd","10:16:25",619400
33600,100,3000,"bu","10:16:43",622400
33600,100,700,"sd","10:16:45",623100
33650,150,500,"sd","10:16:53",623600
33650,150,900,"sd","10:16:58",624500
33650,150,2000,"bu","10:17:19",626500
33650,150,1800,"sd","10:17:20",628300
33700,200,20400,"bu","10:18:19",648700
33750,250,100,"sd","10:18:20",648800
33800,300,3100,"bu","10:18:38",651900
33750,250,100,"sd","10:18:44",652000
33800,300,400,"sd","10:18:52",652400
33800,300,1000,"sd","10:19:07",653400
33800,300,200,"bu","10:19:14",653600
33800,300,1400,"sd","10:19:52",655000
33750,250,100,"sd","10:19:54",655100
33750,250,2000,"sd","10:20:01",657100
33700,200,11600,"sd","10:20:02",668700
33700,200,100,"bu","10:20:08",668800
33700,200,1000,"sd","10:20:12",669800
33700,200,300,"bu","10:20:20",670100
33700,200,500,"sd","10:20:31",670600
33650,150,2800,"bu","10:20:53",673400
33600,100,1500,"bu","10:21:39",674900
33600,100,300,"bu","10:21:42",675200
33600,100,1300,"bu","10:21:58",676500
33600,100,3000,"bu","10:22:18",679500
33500,0,400,"sd","10:22:34",679900
33500,0,4500,"sd","10:22:50",684400
33550,50,300,"sd","10:23:21",684700
33550,50,1000,"bu","10:23:23",685700
33500,0,3000,"bu","10:23:41",688700
33500,0,3400,"bu","10:23:44",692100
33450,-50,1300,"bu","10:24:24",693400
33450,-50,2100,"sd","10:25:11",695500
33450,-50,500,"bu","10:26:12",696000
33450,-50,2000,"bu","10:27:02",698000
33450,-50,100,"sd","10:27:08",698100
33450,-50,1500,"sd","10:28:35",699600
33450,-50,1000,"sd","10:28:40",700600
33350,-150,6300,"bu","10:29:26",706900
33350,-150,2000,"bu","10:29:37",708900
33500,0,100,"sd","10:29:44",709000
33500,0,5600,"bu","10:31:20",714600
33500,0,1000,"sd","10:31:47",715600
33500,0,800,"sd","10:31:54",716400
33500,0,100,"bu","10:32:42",716500
33600,100,1000,"bu","10:32:55",717500
33500,0,100,"bu","10:33:10",717600
33500,0,1100,"sd","10:34:50",718700
33600,100,2000,"bu","10:37:37",720700
33550,50,100,"bu","10:39:12",720800
33600,100,1000,"bu","10:40:22",721800
33600,100,800,"bu","10:40:35",722600
33600,100,100,"sd","10:40:42",722700
33600,100,3000,"bu","10:40:52",725700
33600,100,200,"bu","10:41:03",725900
33550,50,100,"sd","10:41:54",726000
33550,50,500,"sd","10:42:27",726500
33550,50,100,"sd","10:43:09",726600
33500,0,2600,"bu","10:43:44",729200
33500,0,1900,"bu","10:43:46",731100
33500,0,4400,"bu","10:44:01",735500
33500,0,100,"sd","10:44:35",735600
33500,0,500,"bu","10:44:37",736100
33500,0,3600,"sd","10:46:59",739700
33500,0,100,"sd","10:47:29",739800
33550,50,3100,"bu","10:47:42",742900
33550,50,1000,"sd","10:47:47",743900
33600,100,100,"bu","10:48:27",744000
33550,50,400,"sd","10:48:30",744400
33500,0,500,"bu","10:49:12",744900
33500,0,1000,"sd","10:50:06",745900
33500,0,1600,"sd","10:50:18",747500
33550,50,8900,"sd","10:51:00",756400
33550,50,700,"sd","10:51:12",757100
33550,50,100,"sd","10:51:31",757200
33550,50,300,"sd","10:52:42",757500
33550,50,500,"sd","10:52:51",758000
33500,0,1400,"bu","10:53:45",759400
33500,0,3000,"sd","10:54:30",762400
33550,50,1000,"bu","10:55:01",763400
33550,50,300,"sd","10:56:29",763700
33550,50,2000,"bu","10:56:47",765700
33550,50,100,"bu","10:57:10",765800
33550,50,1000,"bu","10:57:50",766800
33550,50,600,"sd","10:58:55",767400
33500,0,200,"bu","11:00:13",767600
33650,150,17000,"bu","11:02:07",784600
33650,150,200,"sd","11:02:10",784800
33700,200,7200,"bu","11:02:46",792000
33700,200,300,"bu","11:03:01",792300
33750,250,7000,"sd","11:03:03",799300
33800,300,10000,"sd","11:03:15",809300
33800,300,13000,"sd","11:03:39",822300
33800,300,3100,"sd","11:03:44",825400
33850,350,1200,"sd","11:03:48",826600
33850,350,600,"sd","11:04:00",827200
33850,350,2000,"bu","11:04:13",829200
33850,350,100,"bu","11:04:20",829300
33850,350,200,"sd","11:04:25",829500
33850,350,4500,"sd","11:05:08",834000
33900,400,100,"sd","11:05:10",834100
33900,400,1300,"sd","11:06:37",835400
33850,350,2000,"sd","11:06:57",837400
33850,350,500,"sd","11:06:58",837900
33850,350,300,"bu","11:07:15",838200
33800,300,100,"sd","11:07:53",838300
33800,300,1000,"sd","11:08:05",839300
33800,300,3500,"bu","11:08:16",842800
33800,300,1000,"bu","11:08:26",843800
33750,250,5000,"sd","11:09:57",848800
33750,250,2000,"bu","11:10:17",850800
33750,250,8400,"bu","11:10:27",859200
33750,250,3400,"bu","11:11:38",862600
33750,250,100,"bu","11:11:40",862700
33750,250,1000,"sd","11:11:56",863700
33750,250,100,"sd","11:12:44",863800
33750,250,300,"sd","11:13:02",864100
33750,250,4200,"sd","11:13:22",868300
33750,250,4800,"sd","11:13:29",873100
33700,200,4400,"bu","11:13:36",877500
33700,200,600,"sd","11:13:38",878100
33650,150,200,"bu","11:14:07",878300
33750,250,5000,"bu","11:14:45",883300
33800,300,300,"sd","11:17:05",883600
33800,300,14100,"bu","11:17:06",897700
33850,350,3000,"sd","11:17:14",900700
33850,350,600,"sd","11:17:40",901300
33900,400,10200,"sd","11:17:53",911500
33900,400,3000,"sd","11:17:55",914500
33900,400,2800,"bu","11:17:57",917300
33900,400,2500,"sd","11:17:59",919800
33850,350,300,"sd","11:18:00",920100
33900,400,500,"sd","11:18:02",920600
33850,350,5300,"bu","11:18:11",925900
33900,400,3000,"bu","11:18:14",928900
33950,450,9800,"sd","11:18:49",938700
34000,500,1000,"sd","11:19:07",939700
34000,500,100,"bu","11:19:13",939800
34000,500,1000,"sd","11:19:19",940800
34000,500,3000,"bu","11:19:20",943800
34000,500,14200,"bu","11:19:37",958000
34000,500,3000,"sd","11:19:42",961000
34000,500,6000,"bu","11:19:54",967000
34000,500,5000,"bu","11:19:56",972000
34000,500,10000,"bu","11:19:57",982000
34000,500,1000,"sd","11:19:59",983000
34000,500,2700,"sd","11:20:02",985700
34000,500,8000,"bu","11:20:03",993700
34000,500,21900,"sd","11:20:04",1015600
34050,550,400,"sd","11:20:06",1016000
34100,600,2600,"sd","11:20:20",1018600
34100,600,100,"bu","11:20:39",1018700
34150,650,1000,"bu","11:21:20",1019700
34100,600,1000,"sd","11:21:48",1020700
34100,600,500,"bu","11:21:55",1021200
34100,600,900,"bu","11:22:05",1022100
34100,600,1000,"sd","11:22:39",1023100
34000,500,5000,"bu","11:23:10",1028100
34000,500,500,"bu","11:23:17",1028600
34000,500,22000,"sd","11:23:18",1050600
34000,500,1000,"sd","11:23:21",1051600
34000,500,500,"bu","11:23:23",1052100
34000,500,2500,"bu","11:23:27",1054600
34000,500,500,"bu","11:23:28",1055100
34000,500,100,"bu","11:23:34",1055200
34000,500,1700,"bu","11:23:38",1056900
34000,500,100,"sd","11:24:01",1057000
34100,600,3000,"sd","11:24:06",1060000
34100,600,29700,"sd","11:24:41",1089700
34100,600,200,"sd","11:24:46",1089900
34100,600,400,"bu","11:24:59",1090300
34100,600,200,"bu","11:25:00",1090500
34100,600,100,"bu","11:25:04",1090600
34000,500,1200,"sd","11:26:02",1091800
34000,500,200,"bu","11:26:04",1092000
34000,500,2300,"sd","11:26:06",1094300
33950,450,600,"bu","11:26:25",1094900
33900,400,300,"sd","11:27:50",1095200
33900,400,1000,"bu","11:28:16",1096200
33900,400,100,"sd","11:29:19",1096300
33900,400,600,"bu","13:00:32",1096900
33950,450,1000,"bu","13:00:33",1097900
33900,400,400,"sd","13:00:34",1098300
33800,300,1000,"bu","13:00:36",1099300
33800,300,100,"bu","13:00:57",1099400
33900,400,900,"bu","13:00:57",1100300
33800,300,1600,"sd","13:01:08",1101900
33800,300,300,"sd","13:01:11",1102200
33800,300,400,"bu","13:01:50",1102600
33750,250,1500,"bu","13:02:14",1104100
33800,300,100,"sd","13:02:53",1104200
33800,300,1600,"bu","13:03:19",1105800
33800,300,3200,"sd","13:03:42",1109000
33850,350,100,"sd","13:03:51",1109100
33900,400,600,"sd","13:04:23",1109700
34000,500,3000,"bu","13:04:39",1112700
34000,500,10000,"bu","13:04:48",1122700
33900,400,2000,"sd","13:04:55",1124700
34000,500,5000,"sd","13:05:44",1129700
34000,500,1000,"sd","13:06:00",1130700
34000,500,6500,"bu","13:06:36",1137200
33900,400,1500,"bu","13:06:38",1138700
34000,500,400,"bu","13:07:07",1139100
34000,500,500,"sd","13:07:21",1139600
33950,450,100,"sd","13:08:59",1139700
33950,450,1700,"bu","13:09:00",1141400
33950,450,6700,"sd","13:09:09",1148100
33950,450,300,"sd","13:09:33",1148400
33950,450,100,"bu","13:09:48",1148500
33900,400,300,"bu","13:09:54",1148800
33900,400,10000,"bu","13:10:35",1158800
33900,400,1500,"bu","13:10:38",1160300
33900,400,2000,"sd","13:10:47",1162300
33900,400,100,"sd","13:10:48",1162400
33900,400,700,"sd","13:10:53",1163100
33900,400,5000,"bu","13:10:55",1168100
33900,400,200,"bu","13:11:04",1168300
33900,400,3400,"bu","13:11:09",1171700
33900,400,100,"bu","13:11:15",1171800
33900,400,1000,"bu","13:11:28",1172800
33850,350,400,"sd","13:11:51",1173200
33800,300,500,"bu","13:12:12",1173700
33800,300,100,"bu","13:12:49",1173800
33800,300,600,"sd","13:13:20",1174400
33800,300,500,"bu","13:13:40",1174900
33800,300,1800,"bu","13:13:43",1176700
33800,300,100,"bu","13:14:03",1176800
33850,350,3200,"sd","13:14:55",1180000
33800,300,5000,"sd","13:14:59",1185000
33850,350,3000,"sd","13:15:23",1188000
33900,400,1000,"sd","13:15:54",1189000
33900,400,500,"sd","13:16:15",1189500
33900,400,2000,"bu","13:16:16",1191500
33850,350,200,"bu","13:16:33",1191700
33850,350,100,"bu","13:16:49",1191800
33800,300,4100,"sd","13:18:31",1195900
33850,350,1000,"sd","13:18:45",1196900
33850,350,100,"sd","13:19:15",1197000
33850,350,400,"sd","13:19:22",1197400
33850,350,300,"bu","13:19:57",1197700
33850,350,500,"bu","13:20:03",1198200
33850,350,100,"sd","13:20:16",1198300
33800,300,2100,"bu","13:21:08",1200400
33800,300,9700,"bu","13:21:12",1210100
33800,300,300,"sd","13:21:13",1210400
33850,350,6500,"sd","13:21:26",1216900
33800,300,100,"bu","13:21:50",1217000
33750,250,800,"sd","13:22:24",1217800
33800,300,1000,"sd","13:22:29",1218800
33750,250,200,"sd","13:23:19",1219000
33750,250,500,"bu","13:23:34",1219500
33800,300,1500,"sd","13:24:20",1221000
33800,300,1000,"bu","13:24:28",1222000
33800,300,1500,"bu","13:24:31",1223500
33800,300,1000,"sd","13:24:36",1224500
33800,300,300,"bu","13:24:40",1224800
33800,300,700,"sd","13:24:50",1225500
33800,300,300,"bu","13:25:40",1225800
33800,300,1000,"bu","13:25:58",1226800
33800,300,1100,"bu","13:26:18",1227900
33900,400,15800,"sd","13:27:07",1243700
33900,400,1200,"sd","13:27:12",1244900
33900,400,500,"bu","13:27:28",1245400
33850,350,5200,"sd","13:27:35",1250600
33900,400,500,"bu","13:27:51",1251100
33900,400,200,"bu","13:28:30",1251300
33900,400,1000,"sd","13:29:30",1252300
33850,350,300,"bu","13:29:32",1252600
33800,300,11000,"bu","13:29:38",1263600
33800,300,3000,"bu","13:29:43",1266600
33800,300,300,"bu","13:30:51",1266900
33900,400,2000,"sd","13:30:53",1268900
33900,400,500,"bu","13:32:02",1269400
33900,400,700,"sd","13:32:04",1270100
33900,400,100,"bu","13:32:24",1270200
33900,400,1300,"sd","13:32:26",1271500
33900,400,100,"sd","13:33:03",1271600
33900,400,300,"bu","13:34:18",1271900
33950,450,1000,"bu","13:34:33",1272900
33950,450,100,"bu","13:34:35",1273000
33950,450,1000,"bu","13:34:56",1274000
33950,450,300,"bu","13:35:07",1274300
33950,450,1300,"bu","13:35:14",1275600
34000,500,800,"sd","13:36:00",1276400
34000,500,3500,"bu","13:36:08",1279900
34000,500,800,"sd","13:36:10",1280700
34000,500,15600,"bu","13:36:12",1296300
34050,550,4900,"sd","13:36:23",1301200
34100,600,3000,"sd","13:36:31",1304200
34100,600,300,"bu","13:36:41",1304500
34100,600,100,"bu","13:37:03",1304600
34100,600,500,"bu","13:37:17",1305100
34100,600,800,"sd","13:37:25",1305900
34100,600,100,"sd","13:37:30",1306000
34100,600,300,"sd","13:37:34",1306300
34050,550,700,"bu","13:37:42",1307000
34100,600,5000,"bu","13:38:02",1312000
34100,600,100,"sd","13:38:08",1312100
34100,600,3000,"bu","13:38:16",1315100
34100,600,200,"bu","13:38:27",1315300
34100,600,600,"bu","13:38:31",1315900
34100,600,2000,"bu","13:39:13",1317900
34100,600,200,"bu","13:39:15",1318100
34100,600,2000,"sd","13:39:26",1320100
34100,600,300,"bu","13:39:37",1320400
34100,600,1000,"bu","13:40:00",1321400
34100,600,600,"bu","13:40:15",1322000
34050,550,6100,"bu","13:40:44",1328100
34050,550,4900,"sd","13:41:12",1333000
34050,550,100,"sd","13:41:23",1333100
34050,550,3000,"bu","13:41:38",1336100
34000,500,5000,"sd","13:41:51",1341100
34000,500,5000,"bu","13:41:53",1346100
34000,500,5000,"bu","13:41:55",1351100
34000,500,5500,"sd","13:42:08",1356600
34000,500,200,"sd","13:42:14",1356800
34000,500,200,"bu","13:42:34",1357000
33950,450,1400,"sd","13:43:03",1358400
33950,450,700,"bu","13:43:09",1359100
33950,450,400,"sd","13:43:40",1359500
33950,450,100,"bu","13:44:53",1359600
34000,500,13300,"bu","13:45:35",1372900
34050,550,5700,"sd","13:45:42",1378600
34000,500,700,"bu","13:45:47",1379300
34000,500,200,"bu","13:46:16",1379500
34100,600,3000,"sd","13:46:26",1382500
34100,600,200,"bu","13:46:56",1382700
34000,500,4200,"bu","13:47:41",1386900
34000,500,3600,"sd","13:48:03",1390500
34000,500,4500,"sd","13:48:40",1395000
34000,500,400,"sd","13:48:49",1395400
34000,500,2000,"bu","13:49:20",1397400
34000,500,400,"bu","13:49:57",1397800
34000,500,1200,"bu","13:50:29",1399000
34000,500,300,"sd","13:50:31",1399300
34000,500,100,"bu","13:50:33",1399400
34000,500,2200,"sd","13:50:55",1401600
34000,500,500,"sd","13:51:10",1402100
34050,550,800,"bu","13:51:45",1402900
34050,550,600,"sd","13:51:52",1403500
34050,550,1000,"bu","13:52:00",1404500
34050,550,2100,"sd","13:52:02",1406600
34050,550,1000,"sd","13:52:10",1407600
34050,550,500,"bu","13:52:21",1408100
34050,550,3000,"bu","13:52:31",1411100
34000,500,4000,"bu","13:53:07",1415100
33950,450,8800,"sd","13:53:18",1423900
33950,450,2000,"sd","13:53:20",1425900
33950,450,4200,"sd","13:53:22",1430100
34000,500,200,"bu","13:53:36",1430300
34000,500,5000,"sd","13:53:52",1435300
34000,500,100,"sd","13:53:55",1435400
34000,500,5000,"bu","13:54:11",1440400
33950,450,500,"sd","13:55:04",1440900
33900,400,2200,"bu","13:55:20",1443100
33900,400,100,"sd","13:55:47",1443200
33900,400,21900,"bu","13:55:57",1465100
33900,400,16600,"sd","13:56:05",1481700
33950,450,100,"sd","13:56:16",1481800
33900,400,200,"bu","13:56:24",1482000
34000,500,500,"sd","13:56:46",1482500
34000,500,3200,"bu","13:57:08",1485700
33950,450,2000,"bu","13:57:10",1487700
33950,450,1000,"bu","13:57:54",1488700
33950,450,300,"sd","13:58:05",1489000
34000,500,5000,"bu","13:58:47",1494000
34000,500,3000,"sd","13:58:49",1497000
34000,500,10000,"bu","13:58:51",1507000
34000,500,10000,"sd","13:59:02",1517000
34000,500,1700,"sd","13:59:09",1518700
34000,500,100,"bu","13:59:17",1518800
34050,550,4300,"sd","13:59:19",1523100
34050,550,500,"sd","13:59:30",1523600
34050,550,300,"bu","13:59:48",1523900
34050,550,300,"bu","14:00:12",1524200
34050,550,2000,"sd","14:00:23",1526200
34050,550,1000,"sd","14:00:25",1527200
34050,550,5000,"sd","14:00:28",1532200
34050,550,1600,"bu","14:00:30",1533800
34100,600,3000,"bu","14:01:00",1536800
34100,600,1000,"sd","14:01:07",1537800
34100,600,1100,"bu","14:01:11",1538900
34100,600,300,"sd","14:01:19",1539200
34100,600,500,"sd","14:01:23",1539700
34050,550,19700,"sd","14:01:51",1559400
34050,550,100,"sd","14:02:04",1559500
34050,550,3200,"bu","14:02:43",1562700
34050,550,10000,"bu","14:02:45",1572700
34050,550,6500,"bu","14:02:48",1579200
34050,550,1000,"sd","14:03:01",1580200
34050,550,500,"sd","14:03:04",1580700
34050,550,1500,"sd","14:03:37",1582200
34050,550,8000,"sd","14:03:42",1590200
34050,550,1300,"sd","14:03:44",1591500
34100,600,1000,"sd","14:03:50",1592500
34000,500,3300,"bu","14:03:55",1595800
34100,600,500,"bu","14:04:06",1596300
34100,600,500,"bu","14:04:20",1596800
34100,600,3000,"bu","14:04:25",1599800
34050,550,200,"bu","14:04:37",1600000
34000,500,5100,"bu","14:04:39",1605100
34050,550,5000,"sd","14:04:46",1610100
34050,550,2600,"bu","14:04:52",1612700
34000,500,20000,"sd","14:04:59",1632700
34000,500,100,"bu","14:05:06",1632800
34050,550,5200,"sd","14:05:10",1638000
34050,550,3000,"sd","14:05:14",1641000
34050,550,1500,"sd","14:05:35",1642500
34000,500,500,"bu","14:05:48",1643000
34050,550,5000,"bu","14:05:50",1648000
34000,500,200,"bu","14:05:52",1648200
34000,500,1000,"bu","14:06:00",1649200
34000,500,100,"sd","14:06:13",1649300
34050,550,1200,"sd","14:06:19",1650500
34050,550,200,"bu","14:06:21",1650700
34000,500,500,"sd","14:06:27",1651200
34000,500,100,"sd","14:06:39",1651300
34000,500,500,"sd","14:06:43",1651800
34000,500,9800,"bu","14:06:52",1661600
34050,550,1500,"sd","14:06:54",1663100
34000,500,200,"sd","14:07:05",1663300
34050,550,2500,"sd","14:07:32",1665800
34050,550,2000,"bu","14:08:13",1667800
34000,500,2000,"bu","14:08:19",1669800
34050,550,1000,"sd","14:08:36",1670800
34050,550,100,"sd","14:09:02",1670900
34000,500,300,"sd","14:09:32",1671200
34000,500,1000,"bu","14:09:42",1672200
34000,500,100,"bu","14:09:55",1672300
34000,500,9200,"sd","14:11:23",1681500
33950,450,20000,"sd","14:11:33",1701500
33950,450,1300,"sd","14:12:16",1702800
33950,450,200,"sd","14:12:18",1703000
33900,400,20000,"bu","14:12:29",1723000
33900,400,8900,"bu","14:12:37",1731900
33900,400,7300,"bu","14:12:54",1739200
33900,400,1300,"sd","14:12:58",1740500
33900,400,100,"bu","14:13:10",1740600
33900,400,3000,"sd","14:13:12",1743600
33800,300,50000,"sd","14:13:20",1793600
33900,400,300,"bu","14:13:52",1793900
33900,400,1000,"bu","14:13:57",1794900
33850,350,4400,"bu","14:14:21",1799300
33850,350,1000,"sd","14:14:34",1800300
33850,350,200,"bu","14:14:36",1800500
33900,400,2300,"bu","14:15:18",1802800
33850,350,1000,"sd","14:15:32",1803800
33800,300,6000,"sd","14:15:57",1809800
33850,350,500,"bu","14:16:14",1810300
33850,350,800,"bu","14:16:43",1811100
33850,350,4300,"bu","14:16:50",1815400
33850,350,100,"bu","14:17:13",1815500
33850,350,2000,"sd","14:17:14",1817500
33850,350,100,"sd","14:17:19",1817600
33850,350,700,"sd","14:18:18",1818300
33850,350,2100,"sd","14:19:02",1820400
33850,350,200,"sd","14:19:21",1820600
33850,350,3000,"sd","14:19:28",1823600
33850,350,100,"bu","14:19:46",1823700
33850,350,200,"sd","14:19:58",1823900
33850,350,500,"sd","14:20:01",1824400
33800,300,30000,"bu","14:20:11",1854400
33850,350,2000,"bu","14:20:25",1856400
33850,350,200,"bu","14:20:51",1856600
33800,300,500,"sd","14:20:53",1857100
33800,300,5000,"sd","14:21:16",1862100
33800,300,10800,"sd","14:21:23",1872900
33800,300,26200,"bu","14:21:25",1899100
33800,300,100,"bu","14:21:28",1899200
33750,250,5000,"bu","14:21:35",1904200
33750,250,1000,"bu","14:22:15",1905200
33750,250,4200,"bu","14:22:18",1909400
33750,250,1000,"sd","14:22:30",1910400
33700,200,5000,"bu","14:22:32",1915400
33750,250,100,"sd","14:22:38",1915500
33700,200,500,"sd","14:22:40",1916000
33700,200,10000,"sd","14:22:45",1926000
33700,200,500,"bu","14:22:51",1926500
33700,200,2800,"bu","14:22:54",1929300
33700,200,1800,"bu","14:23:02",1931100
33650,150,400,"sd","14:23:05",1931500
33650,150,1100,"bu","14:23:17",1932600
33600,100,500,"bu","14:23:22",1933100
33550,50,29200,"sd","14:23:25",1962300
33550,50,100,"bu","14:23:29",1962400
33550,50,1700,"sd","14:23:48",1964100
33600,100,100,"bu","14:24:05",1964200
33650,150,200,"bu","14:24:08",1964400
33600,100,1400,"sd","14:24:10",1965800
33650,150,1000,"sd","14:24:15",1966800
33650,150,1200,"sd","14:24:22",1968000
33700,200,13400,"sd","14:24:29",1981400
33750,250,700,"bu","14:24:36",1982100
33750,250,200,"bu","14:24:46",1982300
33800,300,1200,"bu","14:25:01",1983500
33750,250,1700,"bu","14:25:03",1985200
33800,300,5900,"bu","14:25:16",1991100
33800,300,1000,"bu","14:25:32",1992100
33850,350,1000,"bu","14:25:59",1993100
33800,300,600,"sd","14:26:07",1993700
33850,350,200,"sd","14:26:13",1993900
33800,300,3000,"sd","14:26:23",1996900
33850,350,200,"sd","14:26:25",1997100
33850,350,1800,"bu","14:26:28",1998900
33850,350,100,"sd","14:26:55",1999000
33850,350,1000,"sd","14:27:03",2000000
33850,350,100,"bu","14:27:18",2000100
33800,300,5000,"bu","14:27:49",2005100
33850,350,100,"sd","14:27:55",2005200
33800,300,1000,"bu","14:28:10",2006200
33850,350,300,"sd","14:28:28",2006500
33850,350,1000,"bu","14:28:39",2007500
33850,350,2000,"sd","14:28:48",2009500
33850,350,100,"sd","14:28:51",2009600
33850,350,2200,"sd","14:28:54",2011800
33850,350,500,"sd","14:29:12",2012300
33850,350,4200,"sd","14:29:20",2016500
33850,350,2000,"sd","14:29:35",2018500
33850,350,2100,"sd","14:29:43",2020600
33850,350,9400,"sd","14:29:53",2030000
33850,350,1000,"bu","14:29:56",2031000
33850,350,100,"bu","14:30:02",2031100
33850,350,200,"sd","14:30:07",2031300
33900,400,52700,"bu","14:45:11",2084000
