"price","change","match_qtty","side","time","total_vol"
6000,-190,66900,"bu","09:15:10",66900
6000,-190,100,"bu","09:15:12",67000
6020,-170,2000,"sd","09:15:22",69000
6020,-170,9000,"bu","09:15:28",78000
6020,-170,5100,"bu","09:15:41",83100
6020,-170,1000,"bu","09:15:44",84100
6020,-170,12700,"sd","09:15:54",96800
6020,-170,300,"sd","09:15:59",97100
6000,-190,12700,"bu","09:16:02",109800
6020,-170,60900,"sd","09:16:02",170700
6050,-140,3000,"bu","09:16:04",173700
6020,-170,5200,"sd","09:16:15",178900
6050,-140,1000,"sd","09:16:17",179900
6050,-140,500,"bu","09:16:20",180400
6050,-140,300,"sd","09:16:22",180700
6050,-140,2500,"sd","09:16:25",183200
6050,-140,200,"bu","09:16:29",183400
6020,-170,10000,"bu","09:16:32",193400
6050,-140,500,"bu","09:16:32",193900
6050,-140,5000,"sd","09:16:35",198900
6050,-140,100,"sd","09:16:39",199000
6050,-140,2100,"bu","09:16:47",201100
6050,-140,5000,"sd","09:16:47",206100
6050,-140,500,"sd","09:17:01",206600
6050,-140,5500,"bu","09:17:08",212100
6050,-140,2000,"sd","09:17:14",214100
6050,-140,300,"bu","09:17:24",214400
6050,-140,5000,"sd","09:17:27",219400
6040,-150,100,"bu","09:17:29",219500
6050,-140,10100,"sd","09:17:35",229600
6050,-140,200,"sd","09:17:38",229800
6050,-140,500,"bu","09:17:39",230300
6050,-140,100,"sd","09:17:48",230400
6040,-150,200,"bu","09:17:48",230600
6040,-150,3000,"sd","09:18:15",233600
6030,-160,2700,"sd","09:18:21",236300
6030,-160,500,"bu","09:18:21",236800
6030,-160,2700,"bu","09:18:21",239500
6030,-160,100,"sd","09:18:22",239600
6020,-170,10000,"sd","09:18:30",249600
6030,-160,2000,"sd","09:18:31",251600
6030,-160,5000,"sd","09:18:34",256600
6030,-160,200,"sd","09:18:45",256800
6020,-170,4000,"sd","09:18:46",260800
6030,-160,2900,"sd","09:18:52",263700
6030,-160,300,"sd","09:18:58",264000
6030,-160,5300,"bu","09:19:05",269300
6030,-160,500,"sd","09:19:20",269800
6020,-170,4200,"bu","09:19:21",274000
6030,-160,1000,"bu","09:19:22",275000
6030,-160,500,"bu","09:19:35",275500
6020,-170,10000,"sd","09:19:39",285500
6030,-160,800,"bu","09:19:44",286300
6030,-160,100,"sd","09:19:57",286400
6030,-160,1300,"bu","09:20:02",287700
6030,-160,500,"bu","09:20:07",288200
6030,-160,100,"sd","09:20:08",288300
6030,-160,5000,"sd","09:20:10",293300
6030,-160,10000,"bu","09:20:13",303300
6030,-160,100,"sd","09:20:14",303400
6030,-160,200,"bu","09:20:17",303600
6030,-160,1000,"sd","09:20:18",304600
6030,-160,3000,"sd","09:20:19",307600
6030,-160,2000,"bu","09:20:20",309600
6030,-160,4900,"bu","09:20:20",314500
6030,-160,2100,"sd","09:20:21",316600
6030,-160,100,"sd","09:20:23",316700
6020,-170,800,"sd","09:20:25",317500
6030,-160,3300,"sd","09:20:27",320800
6030,-160,1000,"sd","09:21:04",321800
6030,-160,400,"sd","09:21:20",322200
6040,-150,10000,"bu","09:21:22",332200
6040,-150,2000,"bu","09:21:26",334200
6040,-150,2000,"bu","09:21:35",336200
6040,-150,100,"bu","09:21:39",336300
6040,-150,500,"bu","09:21:45",336800
6030,-160,1000,"bu","09:21:49",337800
6030,-160,10000,"bu","09:21:58",347800
6030,-160,100,"sd","09:22:04",347900
6040,-150,900,"bu","09:22:20",348800
6040,-150,2000,"bu","09:22:27",350800
6040,-150,5000,"bu","09:22:42",355800
6030,-160,30000,"sd","09:23:04",385800
6050,-140,20000,"bu","09:23:09",405800
6040,-150,500,"sd","09:23:15",406300
6050,-140,15000,"sd","09:23:25",421300
6070,-120,300,"bu","09:23:46",421600
6070,-120,2000,"bu","09:23:55",423600
6100,-90,14000,"sd","09:24:29",437600
6100,-90,500,"sd","09:24:37",438100
6100,-90,100,"sd","09:24:55",438200
6100,-90,200,"sd","09:24:59",438400
6100,-90,3000,"sd","09:25:02",441400
6100,-90,1800,"bu","09:25:10",443200
6100,-90,100,"sd","09:25:22",443300
6100,-90,500,"bu","09:25:25",443800
6100,-90,11000,"bu","09:25:25",454800
6100,-90,5200,"bu","09:25:35",460000
6100,-90,3100,"bu","09:25:37",463100
6100,-90,2300,"bu","09:25:37",465400
6100,-90,300,"bu","09:25:38",465700
6100,-90,2400,"sd","09:25:41",468100
6100,-90,100,"sd","09:25:43",468200
6100,-90,500,"bu","09:25:44",468700
6100,-90,100,"bu","09:25:47",468800
6100,-90,900,"bu","09:25:50",469700
6100,-90,600,"sd","09:25:55",470300
6100,-90,1700,"sd","09:26:01",472000
6100,-90,1000,"bu","09:26:05",473000
6100,-90,100,"bu","09:26:06",473100
6100,-90,2000,"sd","09:26:07",475100
6100,-90,900,"sd","09:26:21",476000
6100,-90,200,"bu","09:26:30",476200
6090,-100,100,"bu","09:26:31",476300
6100,-90,5000,"sd","09:27:00",481300
6100,-90,2000,"sd","09:27:39",483300
6100,-90,2000,"sd","09:27:45",485300
6090,-100,600,"sd","09:27:47",485900
6090,-100,300,"bu","09:27:59",486200
6090,-100,100,"sd","09:28:03",486300
6060,-130,10000,"bu","09:28:13",496300
6090,-100,300,"bu","09:28:16",496600
6090,-100,16700,"sd","09:28:40",513300
6050,-140,29600,"sd","09:28:58",542900
6050,-140,4000,"sd","09:29:17",546900
6040,-150,2000,"sd","09:29:29",548900
6050,-140,200,"bu","09:29:34",549100
6050,-140,1000,"sd","09:29:49",550100
6050,-140,2000,"bu","09:29:54",552100
6030,-160,30000,"bu","09:30:06",582100
6050,-140,13200,"bu","09:30:52",595300
6050,-140,1000,"bu","09:31:09",596300
6050,-140,5000,"bu","09:32:00",601300
6050,-140,2000,"sd","09:32:06",603300
6050,-140,28800,"bu","09:32:25",632100
6050,-140,200,"bu","09:32:41",632300
6040,-150,2000,"sd","09:32:50",634300
6030,-160,38000,"bu","09:33:28",672300
6030,-160,2000,"bu","09:34:37",674300
6030,-160,24000,"bu","09:35:10",698300
6030,-160,500,"bu","09:35:30",698800
6030,-160,2000,"sd","09:35:31",700800
6030,-160,1000,"bu","09:35:39",701800
6020,-170,3700,"bu","09:35:48",705500
6020,-170,3000,"sd","09:36:00",708500
6030,-160,100,"sd","09:36:03",708600
6030,-160,1000,"sd","09:36:06",709600
6020,-170,5000,"sd","09:36:08",714600
6020,-170,1000,"bu","09:36:19",715600
6020,-170,5000,"bu","09:36:32",720600
6030,-160,5000,"bu","09:36:37",725600
6030,-160,10000,"sd","09:36:39",735600
6020,-170,700,"bu","09:36:44",736300
6030,-160,1000,"bu","09:36:48",737300
6030,-160,400,"bu","09:37:04",737700
6030,-160,100,"sd","09:37:06",737800
6030,-160,8100,"sd","09:37:08",745900
6040,-150,10000,"sd","09:37:35",755900
6040,-150,300,"bu","09:37:39",756200
6040,-150,5000,"bu","09:37:43",761200
6040,-150,500,"sd","09:37:56",761700
6040,-150,3500,"bu","09:38:07",765200
6040,-150,13000,"bu","09:38:14",778200
6040,-150,10200,"sd","09:38:24",788400
6040,-150,2000,"sd","09:38:25",790400
6040,-150,5500,"sd","09:38:37",795900
6050,-140,2600,"sd","09:38:57",798500
6050,-140,1400,"sd","09:38:58",799900
6050,-140,100,"sd","09:39:02",800000
6050,-140,2800,"bu","09:39:15",802800
6050,-140,1000,"bu","09:39:25",803800
6050,-140,500,"bu","09:39:27",804300
6040,-150,17300,"bu","09:39:32",821600
6040,-150,100,"sd","09:39:41",821700
6040,-150,1000,"bu","09:39:48",822700
6040,-150,1600,"bu","09:39:50",824300
6050,-140,1000,"sd","09:40:05",825300
6050,-140,6000,"sd","09:40:24",831300
6050,-140,2000,"bu","09:40:26",833300
6050,-140,100,"bu","09:40:28",833400
6050,-140,300,"sd","09:40:32",833700
6050,-140,1600,"bu","09:40:34",835300
6050,-140,30000,"bu","09:40:54",865300
6070,-120,100,"sd","09:41:06",865400
6080,-110,500,"bu","09:42:10",865900
6090,-100,1200,"sd","09:43:59",867100
6090,-100,2000,"bu","09:44:00",869100
6090,-100,1000,"bu","09:44:09",870100
6090,-100,700,"sd","09:44:10",870800
6090,-100,2000,"bu","09:44:31",872800
6090,-100,400,"bu","09:44:52",873200
6090,-100,2500,"sd","09:44:56",875700
6090,-100,16300,"bu","09:45:51",892000
6090,-100,500,"sd","09:46:09",892500
6080,-110,5000,"bu","09:46:10",897500
6090,-100,10000,"bu","09:46:51",907500
6090,-100,3300,"bu","09:46:56",910800
6090,-100,2500,"sd","09:47:20",913300
6090,-100,200,"bu","09:47:21",913500
6090,-100,1000,"sd","09:47:25",914500
6090,-100,400,"bu","09:47:34",914900
6090,-100,5000,"sd","09:47:39",919900
6090,-100,2000,"sd","09:47:46",921900
6090,-100,2100,"bu","09:47:51",924000
6090,-100,1500,"sd","09:47:54",925500
6090,-100,1000,"sd","09:47:56",926500
6090,-100,4300,"bu","09:48:00",930800
6100,-90,100,"sd","09:48:23",930900
6100,-90,1000,"bu","09:48:32",931900
6100,-90,5000,"bu","09:48:44",936900
6100,-90,200,"bu","09:49:06",937100
6100,-90,4000,"sd","09:49:18",941100
6100,-90,100,"bu","09:49:45",941200
6100,-90,50000,"sd","09:49:50",991200
6100,-90,2400,"sd","09:50:15",993600
6100,-90,1000,"sd","09:50:17",994600
6100,-90,2200,"sd","09:50:31",996800
6100,-90,100,"sd","09:50:45",996900
6100,-90,4500,"sd","09:50:46",1001400
6100,-90,1000,"bu","09:50:55",1002400
6100,-90,100,"bu","09:51:06",1002500
6100,-90,400,"bu","09:51:07",1002900
6110,-80,3000,"sd","09:51:29",1005900
6100,-90,5000,"bu","09:51:32",1010900
6100,-90,200,"bu","09:51:44",1011100
6100,-90,800,"bu","09:52:00",1011900
6100,-90,1800,"bu","09:52:07",1013700
6090,-100,100,"bu","09:52:09",1013800
6100,-90,200,"sd","09:52:22",1014000
6100,-90,1000,"bu","09:52:51",1015000
6100,-90,7000,"bu","09:53:43",1022000
6100,-90,500,"sd","09:53:48",1022500
6100,-90,2500,"sd","09:54:11",1025000
6100,-90,12200,"bu","09:54:49",1037200
6090,-100,5000,"sd","09:55:19",1042200
6090,-100,3000,"bu","09:55:47",1045200
6090,-100,6900,"sd","09:55:50",1052100
6080,-110,200,"sd","09:56:12",1052300
6080,-110,2700,"sd","09:56:21",1055000
6080,-110,1000,"sd","09:56:25",1056000
6070,-120,5000,"sd","09:56:48",1061000
6070,-120,300,"sd","09:57:33",1061300
6070,-120,1000,"sd","09:58:03",1062300
6070,-120,2000,"sd","09:58:25",1064300
6060,-130,5200,"sd","09:58:58",1069500
6060,-130,4800,"sd","09:59:09",1074300
6050,-140,30000,"bu","09:59:11",1104300
6070,-120,200,"bu","09:59:18",1104500
6070,-120,300,"sd","10:00:03",1104800
6080,-110,1700,"sd","10:00:36",1106500
6080,-110,3000,"bu","10:01:26",1109500
6080,-110,100,"bu","10:01:32",1109600
6070,-120,800,"sd","10:01:47",1110400
6070,-120,1500,"sd","10:02:06",1111900
6060,-130,3000,"sd","10:02:28",1114900
6050,-140,4000,"sd","10:02:35",1118900
6050,-140,1000,"bu","10:02:49",1119900
6050,-140,7000,"bu","10:02:53",1126900
6050,-140,8000,"sd","10:03:24",1134900
6050,-140,700,"bu","10:04:16",1135600
6050,-140,900,"sd","10:05:48",1136500
6060,-130,1000,"sd","10:06:05",1137500
6060,-130,1500,"sd","10:06:19",1139000
6060,-130,500,"bu","10:06:22",1139500
6060,-130,4000,"bu","10:06:39",1143500
6050,-140,24400,"sd","10:06:47",1167900
6050,-140,4400,"sd","10:06:48",1172300
6050,-140,100,"sd","10:06:54",1172400
6050,-140,1100,"bu","10:07:01",1173500
6050,-140,8700,"bu","10:08:02",1182200
6050,-140,500,"sd","10:08:08",1182700
6050,-140,1000,"bu","10:08:18",1183700
6050,-140,100,"sd","10:08:24",1183800
6050,-140,400,"bu","10:08:43",1184200
6050,-140,1000,"bu","10:08:57",1185200
6050,-140,2100,"bu","10:09:06",1187300
6040,-150,42900,"bu","10:09:10",1230200
6040,-150,100,"sd","10:09:12",1230300
6040,-150,600,"sd","10:09:28",1230900
6040,-150,100,"sd","10:09:32",1231000
6040,-150,2000,"bu","10:09:35",1233000
6040,-150,500,"bu","10:09:40",1233500
6040,-150,1600,"bu","10:09:43",1235100
6040,-150,200,"bu","10:09:45",1235300
6040,-150,1000,"bu","10:09:59",1236300
6040,-150,10000,"bu","10:10:00",1246300
6040,-150,100,"bu","10:10:08",1246400
6040,-150,5000,"sd","10:10:23",1251400
6040,-150,300,"sd","10:10:25",1251700
6040,-150,5000,"bu","10:10:28",1256700
6040,-150,1000,"sd","10:10:30",1257700
6040,-150,1000,"bu","10:10:31",1258700
6040,-150,7100,"sd","10:10:44",1265800
6040,-150,200,"sd","10:10:50",1266000
6040,-150,3000,"bu","10:10:54",1269000
6040,-150,100,"bu","10:11:00",1269100
6040,-150,1000,"bu","10:11:02",1270100
6040,-150,100,"sd","10:11:04",1270200
6040,-150,2100,"sd","10:11:14",1272300
6040,-150,400,"sd","10:11:20",1272700
6040,-150,100,"sd","10:11:25",1272800
6040,-150,4100,"sd","10:11:54",1276900
6040,-150,800,"bu","10:11:59",1277700
6040,-150,200,"bu","10:12:00",1277900
6040,-150,1000,"bu","10:12:06",1278900
6040,-150,1100,"sd","10:12:07",1280000
6040,-150,9000,"bu","10:12:09",1289000
6040,-150,3500,"bu","10:12:12",1292500
6040,-150,100,"sd","10:12:13",1292600
6040,-150,1000,"sd","10:12:16",1293600
6040,-150,2000,"sd","10:12:26",1295600
6040,-150,500,"sd","10:12:29",1296100
6040,-150,1000,"sd","10:12:44",1297100
6040,-150,12000,"bu","10:13:00",1309100
6040,-150,1000,"bu","10:13:03",1310100
6040,-150,2000,"bu","10:13:04",1312100
6040,-150,500,"bu","10:13:06",1312600
6040,-150,2000,"sd","10:13:07",1314600
6040,-150,5500,"sd","10:13:08",1320100
6040,-150,10000,"bu","10:13:10",1330100
6040,-150,1000,"bu","10:13:14",1331100
6040,-150,500,"sd","10:13:15",1331600
6040,-150,43000,"sd","10:13:23",1374600
6040,-150,500,"bu","10:13:24",1375100
6040,-150,21200,"bu","10:13:25",1396300
6040,-150,8600,"bu","10:13:26",1404900
6040,-150,1000,"sd","10:13:27",1405900
6040,-150,1400,"bu","10:13:28",1407300
6050,-140,2000,"sd","10:13:40",1409300
6050,-140,500,"bu","10:13:41",1409800
6050,-140,800,"sd","10:13:48",1410600
6050,-140,2000,"sd","10:13:51",1412600
6050,-140,1000,"sd","10:13:52",1413600
6050,-140,500,"bu","10:13:55",1414100
6050,-140,5000,"bu","10:13:56",1419100
6050,-140,1000,"bu","10:13:58",1420100
6050,-140,2000,"sd","10:13:59",1422100
6050,-140,1400,"sd","10:14:01",1423500
6050,-140,9600,"sd","10:14:10",1433100
6050,-140,2300,"sd","10:14:16",1435400
6050,-140,500,"bu","10:14:20",1435900
6050,-140,5000,"bu","10:14:24",1440900
6050,-140,1000,"sd","10:14:30",1441900
6050,-140,2800,"bu","10:14:35",1444700
6050,-140,21800,"sd","10:14:36",1466500
6050,-140,1000,"sd","10:14:38",1467500
6050,-140,1400,"bu","10:14:43",1468900
6050,-140,4600,"sd","10:14:45",1473500
6120,-70,100000,"bu","10:14:48",1573500
6120,-70,100,"bu","10:15:13",1573600
6110,-80,1000,"bu","10:16:11",1574600
6110,-80,100,"sd","10:16:30",1574700
6110,-80,500,"bu","10:16:54",1575200
6110,-80,1800,"bu","10:17:09",1577000
6110,-80,3100,"sd","10:17:13",1580100
6120,-70,10000,"bu","10:17:32",1590100
6120,-70,5000,"sd","10:18:01",1595100
6120,-70,3000,"bu","10:18:07",1598100
6120,-70,2000,"bu","10:18:16",1600100
6120,-70,200,"sd","10:18:20",1600300
6120,-70,5000,"sd","10:18:25",1605300
6120,-70,1000,"sd","10:18:32",1606300
6130,-60,3000,"bu","10:18:40",1609300
6130,-60,2000,"sd","10:18:48",1611300
6120,-70,2000,"sd","10:18:53",1613300
6120,-70,5100,"sd","10:19:03",1618400
6120,-70,5400,"sd","10:19:08",1623800
6130,-60,3500,"sd","10:19:18",1627300
6130,-60,100,"bu","10:19:19",1627400
6140,-50,4000,"bu","10:19:39",1631400
6150,-40,5000,"bu","10:19:43",1636400
6150,-40,3000,"bu","10:19:48",1639400
6140,-50,100,"sd","10:19:54",1639500
6130,-60,3900,"sd","10:19:59",1643400
6130,-60,2000,"bu","10:20:35",1645400
6130,-60,3000,"sd","10:20:40",1648400
6130,-60,1100,"sd","10:20:46",1649500
6140,-50,500,"sd","10:20:53",1650000
6150,-40,2100,"bu","10:21:01",1652100
6150,-40,3400,"sd","10:21:05",1655500
6150,-40,2000,"bu","10:21:13",1657500
6150,-40,1000,"bu","10:21:18",1658500
6150,-40,2000,"bu","10:21:25",1660500
6150,-40,3000,"sd","10:21:28",1663500
6150,-40,1000,"bu","10:21:36",1664500
6150,-40,3000,"bu","10:21:41",1667500
6150,-40,1000,"bu","10:21:46",1668500
6150,-40,2000,"bu","10:21:51",1670500
6150,-40,2000,"sd","10:22:09",1672500
6150,-40,3000,"bu","10:22:12",1675500
6130,-60,2000,"bu","10:22:27",1677500
6120,-70,2100,"bu","10:22:34",1679600
6110,-80,8500,"sd","10:22:43",1688100
6100,-90,2100,"bu","10:22:54",1690200
6100,-90,8600,"bu","10:23:01",1698800
6090,-100,4000,"sd","10:23:51",1702800
6090,-100,9100,"bu","10:23:57",1711900
6090,-100,500,"sd","10:24:02",1712400
6090,-100,100,"sd","10:24:09",1712500
6080,-110,2500,"bu","10:24:34",1715000
6090,-100,300,"sd","10:24:57",1715300
6080,-110,500,"sd","10:25:08",1715800
6090,-100,1000,"sd","10:25:37",1716800
6090,-100,200,"sd","10:26:47",1717000
6090,-100,300,"bu","10:27:22",1717300
6090,-100,200,"sd","10:27:46",1717500
6090,-100,300,"sd","10:28:08",1717800
6090,-100,700,"bu","10:28:54",1718500
6080,-110,1000,"bu","10:29:31",1719500
6090,-100,300,"sd","10:29:51",1719800
6090,-100,1000,"bu","10:30:05",1720800
6090,-100,500,"sd","10:30:07",1721300
6090,-100,700,"bu","10:30:17",1722000
6090,-100,6500,"bu","10:32:02",1728500
6090,-100,100,"sd","10:33:17",1728600
6090,-100,3900,"sd","10:33:56",1732500
6090,-100,7200,"sd","10:35:36",1739700
6090,-100,1100,"bu","10:35:45",1740800
6090,-100,400,"sd","10:35:47",1741200
6090,-100,10000,"bu","10:36:45",1751200
6090,-100,100,"sd","10:37:27",1751300
6090,-100,6200,"bu","10:37:42",1757500
6090,-100,1000,"sd","10:39:20",1758500
6090,-100,6900,"sd","10:39:35",1765400
6090,-100,100,"sd","10:39:45",1765500
6090,-100,600,"bu","10:39:56",1766100
6090,-100,100,"sd","10:40:17",1766200
6090,-100,1900,"sd","10:40:18",1768100
6080,-110,1000,"sd","10:40:54",1769100
6080,-110,7000,"sd","10:40:58",1776100
6080,-110,2300,"bu","10:41:08",1778400
6080,-110,13700,"sd","10:41:24",1792100
6080,-110,100,"bu","10:42:19",1792200
6080,-110,3500,"sd","10:42:41",1795700
6070,-120,5000,"bu","10:43:11",1800700
6080,-110,2000,"bu","10:45:55",1802700
6080,-110,900,"sd","10:46:13",1803600
6080,-110,8100,"sd","10:46:22",1811700
6070,-120,5500,"bu","10:48:03",1817200
6070,-120,400,"sd","10:48:36",1817600
6070,-120,3000,"sd","10:49:39",1820600
6070,-120,2800,"sd","10:50:48",1823400
6070,-120,100,"sd","10:51:20",1823500
6070,-120,13100,"sd","10:52:20",1836600
6080,-110,100,"bu","10:52:25",1836700
6070,-120,5000,"sd","10:53:19",1841700
6080,-110,100,"sd","10:54:18",1841800
6070,-120,5300,"bu","10:56:25",1847100
6070,-120,500,"bu","10:59:46",1847600
6080,-110,100,"sd","11:01:23",1847700
6080,-110,300,"bu","11:02:02",1848000
6080,-110,1000,"bu","11:02:38",1849000
6080,-110,500,"sd","11:03:06",1849500
6080,-110,5000,"sd","11:03:25",1854500
6080,-110,9500,"bu","11:03:49",1864000
6070,-120,7700,"bu","11:04:28",1871700
6070,-120,2300,"bu","11:04:38",1874000
6070,-120,400,"sd","11:05:27",1874400
6080,-110,100,"bu","11:05:52",1874500
6080,-110,200,"sd","11:06:06",1874700
6080,-110,100,"bu","11:06:27",1874800
6080,-110,4000,"sd","11:06:40",1878800
6080,-110,100,"bu","11:06:43",1878900
6080,-110,2000,"sd","11:06:44",1880900
6080,-110,4000,"bu","11:07:18",1884900
6090,-100,2000,"bu","11:07:50",1886900
6080,-110,22500,"bu","11:15:08",1909400
6080,-110,7500,"bu","11:15:38",1916900
6080,-110,9000,"bu","11:18:08",1925900
6080,-110,300,"bu","11:18:30",1926200
6090,-100,300,"sd","11:18:50",1926500
6090,-100,8300,"sd","11:18:55",1934800
6100,-90,2100,"bu","11:19:31",1936900
6100,-90,1000,"sd","11:19:44",1937900
6100,-90,500,"bu","11:19:45",1938400
6100,-90,1400,"sd","11:20:02",1939800
6100,-90,7200,"bu","11:20:04",1947000
6100,-90,1500,"sd","11:20:29",1948500
6110,-80,1600,"bu","11:20:45",1950100
6110,-80,3900,"bu","11:20:47",1954000
6120,-70,1000,"bu","11:21:06",1955000
6120,-70,500,"bu","11:21:12",1955500
6120,-70,1000,"sd","11:21:16",1956500
6120,-70,400,"bu","11:21:36",1956900
6120,-70,12000,"bu","11:21:45",1968900
6130,-60,100,"bu","11:21:51",1969000
6130,-60,3000,"sd","11:21:56",1972000
6130,-60,2000,"bu","11:22:04",1974000
6130,-60,2000,"bu","11:22:08",1976000
6130,-60,3000,"sd","11:22:46",1979000
6130,-60,100,"sd","11:23:27",1979100
6140,-50,800,"sd","11:24:08",1979900
6140,-50,100,"sd","11:24:25",1980000
6140,-50,2100,"bu","11:24:38",1982100
6150,-40,5000,"bu","11:24:45",1987100
6150,-40,100,"bu","11:24:49",1987200
6150,-40,2000,"bu","11:24:50",1989200
6140,-50,300,"sd","11:24:54",1989500
6130,-60,8100,"sd","11:24:56",1997600
6130,-60,1900,"sd","11:25:03",1999500
6150,-40,3000,"bu","11:25:12",2002500
6150,-40,2000,"bu","11:25:19",2004500
6150,-40,3000,"sd","11:25:24",2007500
6150,-40,11400,"bu","11:25:30",2018900
6160,-30,2400,"bu","11:25:38",2021300
6150,-40,400,"bu","11:25:46",2021700
6150,-40,100,"sd","11:26:04",2021800
6160,-30,2000,"sd","11:26:09",2023800
6160,-30,3000,"bu","11:26:16",2026800
6150,-40,3100,"bu","11:26:25",2029900
6140,-50,2300,"bu","11:26:29",2032200
6140,-50,700,"bu","11:26:47",2032900
6140,-50,4700,"bu","11:27:21",2037600
6130,-60,800,"sd","11:27:28",2038400
6150,-40,3000,"sd","11:27:34",2041400
6130,-60,1500,"bu","11:27:40",2042900
6150,-40,5000,"sd","11:27:43",2047900
6150,-40,3000,"sd","11:27:53",2050900
6150,-40,5000,"bu","11:28:14",2055900
6110,-80,20000,"sd","11:28:17",2075900
6150,-40,14500,"bu","11:28:23",2090400
6150,-40,500,"bu","11:28:26",2090900
6150,-40,5000,"bu","11:28:33",2095900
6140,-50,1500,"bu","11:29:28",2097400
6150,-40,35900,"bu","11:29:40",2133300
6150,-40,200,"bu","11:29:44",2133500
6150,-40,800,"bu","11:29:46",2134300
6160,-30,21100,"sd","11:29:49",2155400
6160,-30,800,"bu","11:29:51",2156200
6160,-30,1300,"bu","11:29:55",2157500
6190,0,20000,"bu","11:29:59",2177500
6160,-30,800,"sd","11:30:00",2178300
6160,-30,1000,"bu","13:00:34",2179300
6160,-30,200,"bu","13:00:39",2179500
6160,-30,100,"bu","13:00:51",2179600
6160,-30,2500,"sd","13:00:52",2182100
6140,-50,4500,"sd","13:00:56",2186600
6130,-60,200,"bu","13:01:00",2186800
6130,-60,1500,"bu","13:01:03",2188300
6150,-40,2500,"sd","13:01:06",2190800
6150,-40,1600,"bu","13:01:09",2192400
6150,-40,900,"sd","13:01:11",2193300
6120,-70,3000,"sd","13:01:21",2196300
6120,-70,500,"sd","13:01:37",2196800
6120,-70,200,"sd","13:01:58",2197000
6110,-80,100,"sd","13:02:01",2197100
6160,-30,10000,"sd","13:02:27",2207100
6150,-40,1000,"bu","13:02:58",2208100
6110,-80,8700,"bu","13:03:29",2216800
6100,-90,15400,"bu","13:03:38",2232200
6100,-90,200,"bu","13:03:49",2232400
6100,-90,14400,"bu","13:03:51",2246800
6100,-90,200,"bu","13:04:16",2247000
6110,-80,400,"sd","13:04:28",2247400
6110,-80,3000,"bu","13:04:37",2250400
6110,-80,400,"bu","13:04:44",2250800
6110,-80,5000,"sd","13:04:48",2255800
6110,-80,200,"sd","13:04:51",2256000
6110,-80,1600,"bu","13:04:52",2257600
6110,-80,700,"bu","13:04:58",2258300
6120,-70,100,"bu","13:05:13",2258400
6120,-70,200,"bu","13:05:44",2258600
6120,-70,600,"sd","13:05:55",2259200
6140,-50,2000,"sd","13:06:03",2261200
6140,-50,200,"sd","13:06:21",2261400
6130,-60,100,"sd","13:06:22",2261500
6140,-50,2900,"sd","13:06:24",2264400
6150,-40,200,"sd","13:06:58",2264600
6150,-40,18000,"sd","13:07:12",2282600
6150,-40,1000,"sd","13:07:16",2283600
6150,-40,3400,"bu","13:07:22",2287000
6150,-40,10000,"bu","13:07:30",2297000
6150,-40,1000,"bu","13:07:39",2298000
6150,-40,2600,"bu","13:07:41",2300600
6140,-50,10000,"sd","13:07:42",2310600
6140,-50,500,"sd","13:08:06",2311100
6140,-50,2000,"sd","13:08:35",2313100
6140,-50,300,"sd","13:08:50",2313400
6140,-50,700,"sd","13:08:57",2314100
6120,-70,5000,"sd","13:09:00",2319100
6120,-70,2000,"sd","13:09:38",2321100
6120,-70,2300,"bu","13:09:52",2323400
6100,-90,21200,"bu","13:10:06",2344600
6100,-90,9600,"sd","13:10:15",2354200
6100,-90,500,"bu","13:10:22",2354700
6130,-60,10000,"bu","13:10:31",2364700
6100,-90,9500,"bu","13:10:38",2374200
6100,-90,10000,"bu","13:10:55",2384200
6100,-90,5000,"sd","13:11:01",2389200
6100,-90,300,"bu","13:11:06",2389500
6100,-90,1000,"bu","13:11:08",2390500
6100,-90,3700,"bu","13:11:12",2394200
6100,-90,1000,"sd","13:11:14",2395200
6100,-90,100,"sd","13:11:25",2395300
6100,-90,2500,"bu","13:11:30",2397800
6090,-100,1500,"sd","13:11:31",2399300
6090,-100,2100,"bu","13:12:00",2401400
6090,-100,5000,"sd","13:13:11",2406400
6100,-90,14300,"bu","13:13:40",2420700
6100,-90,1200,"bu","13:13:45",2421900
6100,-90,100,"bu","13:14:03",2422000
6100,-90,1400,"bu","13:14:05",2423400
6100,-90,17000,"sd","13:16:47",2440400
6100,-90,7000,"sd","13:18:08",2447400
6100,-90,2000,"sd","13:18:10",2449400
6090,-100,100,"sd","13:18:47",2449500
6100,-90,2000,"sd","13:19:27",2451500
6100,-90,500,"sd","13:19:32",2452000
6090,-100,18500,"bu","13:19:34",2470500
6090,-100,5000,"bu","13:20:13",2475500
6100,-90,100,"sd","13:20:28",2475600
6100,-90,5300,"bu","13:23:45",2480900
6100,-90,200,"sd","13:23:47",2481100
6100,-90,500,"bu","13:24:03",2481600
6100,-90,7000,"sd","13:24:16",2488600
6100,-90,2700,"sd","13:24:18",2491300
6100,-90,3000,"sd","13:24:23",2494300
6100,-90,200,"bu","13:24:31",2494500
6100,-90,3000,"bu","13:27:14",2497500
6100,-90,2500,"sd","13:27:22",2500000
6110,-80,500,"bu","13:30:02",2500500
6100,-90,2000,"bu","13:30:36",2502500
6100,-90,14000,"sd","13:31:10",2516500
6130,-60,500,"bu","13:31:50",2517000
6100,-90,4400,"sd","13:32:51",2521400
6130,-60,100,"bu","13:33:04",2521500
6130,-60,400,"bu","13:34:08",2521900
6130,-60,2000,"sd","13:34:33",2523900
6130,-60,7300,"bu","13:35:17",2531200
6130,-60,2000,"sd","13:35:31",2533200
6140,-50,10000,"bu","13:35:43",2543200
6140,-50,4200,"sd","13:36:00",2547400
6140,-50,500,"bu","13:36:27",2547900
6150,-40,2000,"sd","13:37:08",2549900
6150,-40,200,"bu","13:37:10",2550100
6150,-40,2000,"bu","13:37:12",2552100
6150,-40,1000,"bu","13:37:17",2553100
6150,-40,2000,"bu","13:37:19",2555100
6150,-40,13800,"bu","13:37:23",2568900
6160,-30,2000,"sd","13:37:25",2570900
6160,-30,2100,"sd","13:37:46",2573000
6190,0,10700,"bu","13:38:00",2583700
6180,-10,400,"sd","13:38:12",2584100
6180,-10,800,"bu","13:38:25",2584900
6190,0,500,"sd","13:38:35",2585400
6180,-10,700,"bu","13:38:39",2586100
6190,0,200,"sd","13:38:44",2586300
6190,0,500,"bu","13:38:56",2586800
6190,0,3000,"bu","13:39:00",2589800
6190,0,2000,"sd","13:39:09",2591800
6180,-10,1000,"sd","13:39:13",2592800
6180,-10,300,"bu","13:39:28",2593100
6180,-10,500,"bu","13:39:47",2593600
6180,-10,21500,"sd","13:40:23",2615100
6180,-10,100,"bu","13:40:25",2615200
6180,-10,1000,"bu","13:40:27",2616200
6180,-10,3000,"sd","13:40:29",2619200
6180,-10,6500,"bu","13:40:31",2625700
6180,-10,100,"bu","13:40:36",2625800
6180,-10,500,"bu","13:40:38",2626300
6180,-10,100,"sd","13:40:44",2626400
6180,-10,800,"sd","13:41:31",2627200
6180,-10,200,"bu","13:41:44",2627400
6170,-20,100,"sd","13:41:47",2627500
6180,-10,1200,"sd","13:41:49",2628700
6180,-10,100,"sd","13:42:02",2628800
6180,-10,700,"sd","13:42:06",2629500
6180,-10,300,"bu","13:42:25",2629800
6160,-30,100,"bu","13:42:34",2629900
6140,-50,8800,"sd","13:42:38",2638700
6120,-70,1800,"sd","13:42:54",2640500
6110,-80,11600,"bu","13:43:51",2652100
6110,-80,1000,"bu","13:43:59",2653100
6100,-90,37700,"bu","13:44:02",2690800
6100,-90,4000,"bu","13:44:06",2694800
6100,-90,500,"bu","13:44:22",2695300
6100,-90,2700,"bu","13:44:26",2698000
6100,-90,100,"sd","13:44:30",2698100
6100,-90,300,"bu","13:44:43",2698400
6100,-90,500,"bu","13:44:45",2698900
6100,-90,4200,"sd","13:44:49",2703100
6110,-80,7000,"sd","13:45:38",2710100
6110,-80,300,"bu","13:45:42",2710400
6110,-80,100,"sd","13:45:43",2710500
6140,-50,10000,"sd","13:45:53",2720500
6140,-50,1000,"bu","13:46:34",2721500
6140,-50,1200,"bu","13:49:18",2722700
6120,-70,8000,"bu","13:51:14",2730700
6140,-50,5000,"bu","13:52:10",2735700
6140,-50,1000,"sd","13:53:59",2736700
6120,-70,8000,"bu","13:55:24",2744700
6140,-50,100,"bu","13:55:26",2744800
6100,-90,40500,"sd","13:56:40",2785300
6110,-80,1500,"bu","13:56:49",2786800
6130,-60,2000,"sd","13:58:05",2788800
6140,-50,3400,"bu","13:58:26",2792200
6130,-60,100,"bu","13:58:44",2792300
6130,-60,400,"sd","13:59:05",2792700
6140,-50,19300,"sd","13:59:17",2812000
6150,-40,500,"bu","13:59:30",2812500
6150,-40,600,"bu","13:59:34",2813100
6150,-40,1100,"bu","13:59:48",2814200
6160,-30,4800,"sd","14:00:10",2819000
6160,-30,1800,"sd","14:00:14",2820800
6170,-20,3000,"bu","14:00:23",2823800
6160,-30,100,"sd","14:00:25",2823900
6170,-20,4700,"bu","14:00:30",2828600
6180,-10,2000,"bu","14:00:32",2830600
6180,-10,800,"sd","14:00:39",2831400
6170,-20,100,"sd","14:00:42",2831500
6180,-10,3700,"bu","14:00:43",2835200
6180,-10,100,"sd","14:00:46",2835300
6180,-10,5000,"sd","14:00:52",2840300
6180,-10,10300,"bu","14:01:07",2850600
6190,0,34200,"sd","14:01:13",2884800
6200,10,300,"sd","14:01:19",2885100
6200,10,2000,"bu","14:01:21",2887100
6200,10,3500,"sd","14:01:26",2890600
6200,10,1000,"bu","14:01:30",2891600
6200,10,3000,"sd","14:01:34",2894600
6200,10,2000,"sd","14:02:04",2896600
6190,0,1100,"bu","14:02:09",2897700
6200,10,33900,"bu","14:02:11",2931600
6200,10,100,"sd","14:02:16",2931700
6200,10,1200,"bu","14:02:18",2932900
6200,10,1800,"sd","14:02:20",2934700
6210,20,5000,"bu","14:02:25",2939700
6200,10,4200,"sd","14:02:29",2943900
6200,10,200,"bu","14:02:45",2944100
6190,0,1000,"bu","14:03:09",2945100
6200,10,800,"sd","14:03:12",2945900
6190,0,100,"sd","14:03:14",2946000
6200,10,8900,"sd","14:03:22",2954900
6200,10,3100,"bu","14:03:28",2958000
6200,10,100,"sd","14:03:37",2958100
6200,10,1500,"sd","14:03:49",2959600
6190,0,200,"bu","14:03:55",2959800
6190,0,15000,"sd","14:04:00",2974800
6200,10,5000,"bu","14:04:04",2979800
6190,0,2000,"bu","14:04:11",2981800
6190,0,21000,"sd","14:04:15",3002800
6180,-10,100,"bu","14:04:25",3002900
6180,-10,1000,"sd","14:04:27",3003900
6180,-10,4600,"bu","14:04:32",3008500
6180,-10,1300,"sd","14:04:39",3009800
6180,-10,1000,"bu","14:04:41",3010800
6150,-40,12200,"sd","14:04:43",3023000
6150,-40,5500,"bu","14:04:57",3028500
6150,-40,1000,"bu","14:05:04",3029500
6150,-40,11300,"bu","14:05:12",3040800
6180,-10,4300,"sd","14:05:52",3045100
6190,0,2000,"sd","14:06:04",3047100
6180,-10,100,"bu","14:06:11",3047200
6190,0,3000,"sd","14:06:13",3050200
6180,-10,600,"sd","14:06:19",3050800
6180,-10,1000,"bu","14:06:21",3051800
6160,-30,10000,"sd","14:06:34",3061800
6160,-30,500,"bu","14:06:36",3062300
6150,-40,11900,"sd","14:06:41",3074200
6150,-40,1100,"sd","14:07:07",3075300
6150,-40,2000,"sd","14:07:17",3077300
6150,-40,5500,"bu","14:07:19",3082800
6160,-30,700,"bu","14:07:28",3083500
6150,-40,1000,"sd","14:08:00",3084500
6140,-50,500,"bu","14:08:03",3085000
6150,-40,2000,"bu","14:08:16",3087000
6150,-40,500,"sd","14:08:21",3087500
6150,-40,1000,"sd","14:08:48",3088500
6140,-50,4700,"bu","14:10:31",3093200
6140,-50,12000,"bu","14:10:50",3105200
6140,-50,12800,"sd","14:11:30",3118000
6140,-50,2200,"sd","14:11:36",3120200
6150,-40,2000,"sd","14:11:41",3122200
6150,-40,10100,"sd","14:12:02",3132300
6150,-40,3400,"bu","14:12:04",3135700
6160,-30,4500,"sd","14:12:56",3140200
6160,-30,10800,"sd","14:13:20",3151000
6160,-30,500,"bu","14:13:22",3151500
6150,-40,18500,"bu","14:14:06",3170000
6150,-40,1500,"bu","14:14:11",3171500
6150,-40,100,"sd","14:14:21",3171600
6140,-50,10000,"sd","14:14:49",3181600
6140,-50,15300,"bu","14:14:59",3196900
6140,-50,1000,"bu","14:15:08",3197900
6120,-70,20000,"bu","14:15:25",3217900
6130,-60,1000,"bu","14:16:22",3218900
6120,-70,5800,"sd","14:16:47",3224700
6120,-70,2000,"bu","14:16:56",3226700
6120,-70,200,"sd","14:17:05",3226900
6120,-70,700,"bu","14:17:25",3227600
6120,-70,100,"sd","14:17:37",3227700
6120,-70,300,"bu","14:18:05",3228000
6110,-80,500,"sd","14:18:07",3228500
6110,-80,2800,"bu","14:18:09",3231300
6100,-90,60000,"bu","14:18:13",3291300
6110,-80,200,"sd","14:18:18",3291500
6100,-90,2000,"sd","14:18:26",3293500
6100,-90,7900,"bu","14:18:34",3301400
6100,-90,300,"bu","14:18:44",3301700
6080,-110,28300,"bu","14:18:49",3330000
6080,-110,5000,"sd","14:18:52",3335000
6100,-90,12500,"sd","14:18:56",3347500
6100,-90,3400,"sd","14:18:58",3350900
6100,-90,200,"bu","14:19:00",3351100
6100,-90,3500,"sd","14:19:04",3354600
6100,-90,1000,"sd","14:19:13",3355600
6110,-80,200,"sd","14:20:14",3355800
6120,-70,10000,"sd","14:20:17",3365800
6120,-70,500,"sd","14:20:25",3366300
6100,-90,41000,"bu","14:20:33",3407300
6090,-100,3300,"bu","14:20:41",3410600
6100,-90,3000,"bu","14:20:44",3413600
6100,-90,200,"bu","14:20:46",3413800
6100,-90,1500,"sd","14:21:09",3415300
6100,-90,5000,"bu","14:21:12",3420300
6100,-90,500,"sd","14:21:16",3420800
6090,-100,2300,"sd","14:21:23",3423100
6090,-100,11100,"sd","14:21:30",3434200
6090,-100,200,"sd","14:21:32",3434400
6090,-100,400,"bu","14:21:35",3434800
6090,-100,100,"sd","14:21:37",3434900
6090,-100,500,"sd","14:21:42",3435400
6090,-100,1000,"sd","14:21:51",3436400
6090,-100,200,"sd","14:21:56",3436600
6090,-100,100,"sd","14:21:59",3436700
6090,-100,200,"sd","14:22:18",3436900
6080,-110,5500,"sd","14:22:30",3442400
6080,-110,3000,"bu","14:22:38",3445400
6080,-110,3000,"bu","14:22:48",3448400
6090,-100,500,"sd","14:22:51",3448900
6080,-110,2000,"sd","14:23:00",3450900
6090,-100,800,"sd","14:23:02",3451700
6080,-110,3400,"sd","14:23:12",3455100
6080,-110,500,"sd","14:23:17",3455600
6080,-110,1100,"sd","14:23:25",3456700
6090,-100,20100,"sd","14:23:36",3476800
6080,-110,900,"bu","14:24:22",3477700
6090,-100,3000,"bu","14:24:34",3480700
6090,-100,500,"sd","14:24:41",3481200
6080,-110,2000,"bu","14:24:46",3483200
6090,-100,5000,"sd","14:24:49",3488200
6090,-100,2000,"bu","14:24:58",3490200
6090,-100,2600,"bu","14:25:16",3492800
6080,-110,100,"bu","14:25:18",3492900
6090,-100,300,"sd","14:25:20",3493200
6090,-100,10100,"sd","14:25:32",3503300
6090,-100,6100,"sd","14:25:37",3509400
6090,-100,500,"sd","14:25:40",3509900
6090,-100,1000,"bu","14:25:49",3510900
6090,-100,30000,"sd","14:25:52",3540900
6090,-100,12800,"sd","14:25:57",3553700
6090,-100,300,"bu","14:25:59",3554000
6090,-100,17600,"sd","14:26:02",3571600
6090,-100,8700,"bu","14:26:05",3580300
6100,-90,100,"bu","14:26:18",3580400
6100,-90,77700,"bu","14:26:25",3658100
6120,-70,1000,"bu","14:26:31",3659100
6160,-30,20400,"sd","14:26:42",3679500
6180,-10,10000,"bu","14:26:52",3689500
6170,-20,300,"bu","14:27:12",3689800
6170,-20,800,"sd","14:27:18",3690600
6170,-20,20000,"sd","14:27:36",3710600
6170,-20,200,"sd","14:27:47",3710800
6150,-40,1000,"bu","14:28:07",3711800
6120,-70,1700,"bu","14:28:10",3713500
6160,-30,5000,"bu","14:28:22",3718500
6160,-30,30000,"bu","14:28:54",3748500
6150,-40,40000,"sd","14:29:25",3788500
6150,-40,47200,"sd","14:29:35",3835700
6160,-30,55300,"sd","14:29:43",3891000
6160,-30,4800,"sd","14:29:53",3895800
6170,-20,20000,"bu","14:29:56",3915800
6150,-40,369600,"sd","14:45:11",4285400
