"price","change","match_qtty","side","time","total_vol"
20500,-100,41000,"bu","09:00:03",41000
20400,-200,19000,"sd","09:00:07",60000
20400,-200,23000,"bu","09:00:09",83000
20300,-300,4000,"sd","09:00:10",87000
20400,-200,1000,"sd","09:00:14",89000
20300,-300,1000,"bu","09:00:15",90000
20200,-400,45000,"bu","09:00:19",135000
20400,-200,25000,"bu","09:00:20",160000
20400,-200,35000,"bu","09:00:21",195000
20200,-400,5000,"bu","09:00:22",258000
20300,-300,7000,"bu","09:00:31",265000
20300,-300,51000,"bu","09:00:37",316000
20200,-400,1000,"sd","09:00:41",317000
20300,-300,15000,"sd","09:00:46",332000
20100,-500,100000,"sd","09:00:47",432000
20200,-400,4000,"sd","09:00:52",436000
20200,-400,4000,"sd","09:00:52",436000
20200,-400,6000,"bu","09:00:53",442000
20100,-500,7000,"sd","09:00:59",449000
20100,-500,43000,"bu","09:01:00",492000
20100,-500,100000,"bu","09:01:03",592000
20100,-500,6000,"bu","09:01:10",598000
20100,-500,76000,"sd","09:01:11",674000
20000,-600,10000,"sd","09:01:14",684000
20000,-600,13000,"sd","09:01:15",697000
20000,-600,200000,"bu","09:01:18",897000
20000,-600,221000,"sd","09:01:19",1118000
20100,-500,5000,"bu","09:01:25",1123000
20000,-600,2000,"bu","09:01:26",1125000
20000,-600,200000,"sd","09:01:28",1325000
20000,-600,10000,"sd","09:01:33",1335000
19900,-700,1000,"bu","09:01:34",1336000
20000,-600,1000,"bu","09:01:36",1337000
20000,-600,1000,"sd","09:01:49",1338000
20000,-600,100000,"sd","09:01:55",1438000
20000,-600,3000,"bu","09:01:57",1441000
20000,-600,1000,"sd","09:01:58",1442000
19900,-700,5000,"sd","09:02:00",1447000
20000,-600,102000,"sd","09:02:02",1549000
20000,-600,10000,"bu","09:02:07",1559000
20000,-600,94000,"bu","09:02:10",1653000
20000,-600,42000,"sd","09:02:11",1695000
20000,-600,5000,"sd","09:02:17",1700000
20000,-600,25000,"bu","09:02:26",1725000
20100,-500,10000,"sd","09:02:28",1735000
20000,-600,50000,"bu","09:02:36",1785000
20000,-600,18000,"bu","09:02:37",1803000
20000,-600,88000,"sd","09:02:45",1891000
20000,-600,49000,"bu","09:02:45",1891000
20000,-600,5000,"bu","09:02:45",1803000
20100,-500,93000,"sd","09:02:49",1896000
20000,-600,38000,"bu","09:02:51",1934000
20100,-500,10000,"sd","09:02:54",1944000
20100,-500,10000,"bu","09:02:54",1944000
20000,-600,7000,"sd","09:02:57",1951000
20100,-500,3000,"bu","09:03:03",1954000
20000,-600,10000,"sd","09:03:09",1964000
20100,-500,1000,"sd","09:03:20",1965000
20100,-500,3000,"sd","09:03:21",1968000
20100,-500,3000,"bu","09:03:21",1968000
20100,-500,20000,"bu","09:03:37",1988000
20100,-500,14000,"bu","09:03:43",2002000
20100,-500,20000,"sd","09:03:49",2022000
20100,-500,3000,"sd","09:03:51",2025000
20100,-500,30000,"bu","09:03:52",2055000
20100,-500,30000,"sd","09:03:57",2085000
20000,-600,14000,"bu","09:03:59",2099000
20100,-500,2000,"bu","09:04:02",2101000
20100,-500,2000,"sd","09:04:05",2110000
20100,-500,1000,"sd","09:04:07",2111000
20100,-500,50000,"sd","09:04:10",2161000
20100,-500,8000,"sd","09:04:11",2169000
20100,-500,42000,"sd","09:04:11",2161000
20100,-500,8000,"bu","09:04:11",2169000
20100,-500,2000,"bu","09:04:18",2171000
20100,-500,1000,"sd","09:04:20",2172000
20100,-500,94000,"sd","09:04:33",2266000
20100,-500,5000,"sd","09:04:33",2266000
20100,-500,3000,"sd","09:04:36",2269000
20100,-500,1000,"sd","09:04:40",2270000
20100,-500,4000,"sd","09:04:43",2274000
20100,-500,25000,"bu","09:04:44",2299000
20100,-500,2000,"bu","09:04:56",2319000
20100,-500,2000,"bu","09:05:01",2321000
20100,-500,1000,"sd","09:05:07",2322000
20200,-400,3000,"bu","09:05:08",2325000
20100,-500,8000,"sd","09:05:11",2333000
20200,-400,10000,"sd","09:05:14",2343000
20200,-400,2000,"bu","09:05:47",2345000
20200,-400,5000,"bu","09:06:00",2350000
20200,-400,5000,"sd","09:06:02",2355000
20200,-400,1000,"bu","09:06:08",2356000
20200,-400,10000,"bu","09:06:16",2366000
20100,-500,10000,"bu","09:06:29",2376000
20200,-400,1000,"bu","09:06:44",2377000
20100,-500,10000,"bu","09:06:48",2387000
20100,-500,9000,"bu","09:06:51",2396000
20100,-500,1000,"bu","09:06:56",2397000
20200,-400,6000,"bu","09:07:05",2403000
20200,-400,1000,"bu","09:07:27",2404000
20100,-500,1000,"sd","09:07:31",2405000
20200,-400,10000,"sd","09:07:33",2415000
20100,-500,10000,"sd","09:07:45",2425000
20100,-500,100000,"sd","09:07:52",2525000
20100,-500,10000,"bu","09:07:57",2535000
20100,-500,20000,"sd","09:08:06",2555000
20100,-500,3000,"bu","09:08:10",2558000
20100,-500,4000,"bu","09:08:12",2562000
20100,-500,10000,"bu","09:08:16",2572000
20100,-500,30000,"sd","09:08:24",2602000
20100,-500,3000,"bu","09:08:27",2605000
20100,-500,4000,"bu","09:08:33",2609000
20100,-500,10000,"sd","09:08:37",2619000
20100,-500,4000,"bu","09:08:38",2623000
20100,-500,50000,"sd","09:08:41",2673000
20100,-500,5000,"sd","09:08:46",2678000
20100,-500,1000,"bu","09:08:49",2679000
20100,-500,160000,"bu","09:08:55",2839000
20100,-500,80000,"bu","09:09:00",2919000
20100,-500,14000,"sd","09:09:06",2933000
20100,-500,2000,"bu","09:09:07",2935000
20200,-400,2000,"bu","09:09:22",2937000
20100,-500,1000,"sd","09:09:36",2938000
20100,-500,10000,"bu","09:09:53",2948000
20100,-500,102000,"bu","09:10:00",3050000
20100,-500,10000,"bu","09:10:14",3060000
20100,-500,9000,"bu","09:10:20",3069000
20100,-500,4000,"bu","09:10:22",3073000
20100,-500,4000,"sd","09:10:29",3077000
20100,-500,5000,"sd","09:10:35",3082000
20100,-500,10000,"bu","09:10:40",3092000
20100,-500,10000,"bu","09:11:03",3102000
20100,-500,20000,"sd","09:11:09",3122000
20100,-500,45000,"bu","09:11:24",3167000
20100,-500,6000,"bu","09:11:42",3173000
20200,-400,10000,"sd","09:12:12",3183000
20100,-500,30000,"sd","09:12:13",3213000
20100,-500,5000,"bu","09:12:16",3218000
20200,-400,9000,"sd","09:12:50",3227000
20200,-400,44000,"bu","09:13:16",3271000
20200,-400,5000,"sd","09:13:21",3276000
20200,-400,10000,"sd","09:13:23",3286000
20200,-400,20000,"sd","09:13:29",3306000
20200,-400,250000,"bu","09:13:34",3556000
20200,-400,50000,"sd","09:13:37",3606000
20200,-400,190000,"sd","09:13:38",3796000
20200,-400,11000,"sd","09:13:43",3807000
20200,-400,110000,"sd","09:13:53",3917000
20200,-400,10000,"bu","09:14:04",3927000
20200,-400,2000,"bu","09:14:08",3929000
20300,-300,20000,"sd","09:14:14",3949000
20300,-300,10000,"sd","09:14:22",3959000
20300,-300,10000,"bu","09:14:44",3969000
20300,-300,10000,"sd","09:14:48",3979000
20300,-300,150000,"bu","09:14:52",4129000
20300,-300,10000,"sd","09:14:55",4139000
20300,-300,1000,"sd","09:14:57",4140000
20300,-300,30000,"bu","09:14:58",4170000
20300,-300,15000,"bu","09:15:00",4185000
20300,-300,50000,"sd","09:15:02",4235000
20300,-300,6000,"bu","09:15:07",4241000
20300,-300,25000,"sd","09:15:08",4266000
20300,-300,20000,"bu","09:15:10",4286000
20300,-300,30000,"sd","09:15:12",4316000
20300,-300,2000,"sd","09:15:16",4318000
20300,-300,2000,"sd","09:15:23",4320000
20300,-300,20000,"bu","09:15:29",4340000
20300,-300,42000,"sd","09:15:31",4382000
20300,-300,12000,"bu","09:15:40",4394000
20200,-400,36000,"sd","09:15:46",4430000
20300,-300,30000,"sd","09:15:47",4460000
20200,-400,18000,"sd","09:15:52",4478000
20300,-300,30000,"sd","09:15:58",4508000
20200,-400,138000,"bu","09:16:34",4646000
20200,-400,206000,"sd","09:16:36",4852000
20200,-400,3000,"sd","09:16:48",4855000
20200,-400,27000,"sd","09:16:49",4882000
20200,-400,10000,"sd","09:16:50",4892000
20200,-400,10000,"bu","09:17:04",4902000
20300,-300,9000,"bu","09:17:13",4911000
20200,-400,8000,"bu","09:17:16",4919000
20200,-400,15000,"bu","09:17:27",4934000
20200,-400,50000,"bu","09:17:34",4984000
20200,-400,4000,"sd","09:17:46",4988000
20200,-400,6000,"bu","09:18:00",4994000
20200,-400,2000,"bu","09:18:33",4996000
20200,-400,20000,"bu","09:19:07",5016000
20200,-400,5000,"sd","09:19:27",5021000
20300,-300,4000,"bu","09:19:28",5025000
20300,-300,30000,"bu","09:19:34",5055000
20300,-300,5000,"bu","09:19:40",5060000
20300,-300,1000,"bu","09:19:44",5061000
20300,-300,5000,"bu","09:19:49",5066000
20300,-300,55000,"bu","09:19:50",5121000
20300,-300,2000,"bu","09:19:51",5123000
20300,-300,2000,"bu","09:19:54",5125000
20300,-300,20000,"bu","09:20:01",5145000
20300,-300,6000,"bu","09:20:06",5151000
20300,-300,20000,"bu","09:20:08",5171000
20300,-300,10000,"sd","09:20:09",5181000
20200,-400,100000,"bu","09:20:10",5281000
20300,-300,5000,"sd","09:20:11",5286000
20300,-300,50000,"sd","09:20:15",5336000
20300,-300,50000,"bu","09:20:19",5386000
20300,-300,10000,"sd","09:20:21",5396000
20300,-300,10000,"sd","09:20:28",5406000
20200,-400,10000,"bu","09:20:29",5416000
20300,-300,20000,"bu","09:20:34",5436000
20300,-300,4000,"sd","09:20:43",5440000
20300,-300,1000,"bu","09:20:44",5441000
20300,-300,8000,"bu","09:20:48",5449000
20300,-300,1000,"sd","09:20:56",5450000
20300,-300,60000,"sd","09:21:01",5510000
20300,-300,40000,"sd","09:21:07",5550000
20300,-300,86000,"sd","09:21:09",5636000
20300,-300,100000,"bu","09:21:20",5736000
20300,-300,11000,"sd","09:21:33",5747000
20300,-300,90000,"bu","09:21:37",5837000
20300,-300,12000,"sd","09:21:41",5849000
20300,-300,3000,"bu","09:22:00",5852000
20300,-300,12000,"bu","09:22:06",5864000
20300,-300,10000,"sd","09:22:15",5874000
20400,-200,1000,"sd","09:22:23",5875000
20400,-200,50000,"bu","09:22:28",5925000
20400,-200,18000,"sd","09:22:40",5943000
20300,-300,4000,"sd","09:22:43",5947000
20400,-200,20000,"bu","09:22:45",5967000
20400,-200,30000,"sd","09:22:59",5997000
20400,-200,30000,"bu","09:23:02",6027000
20400,-200,1000,"sd","09:23:06",6028000
20400,-200,1000,"sd","09:23:07",6029000
20400,-200,21000,"bu","09:23:08",6050000
20400,-200,200000,"bu","09:23:09",6250000
20400,-200,79000,"bu","09:23:10",6329000
20200,-400,129000,"bu","09:23:11",6458000
20400,-200,1000,"sd","09:23:21",6459000
20400,-200,2000,"sd","09:23:55",6461000
20500,-100,300000,"bu","09:24:40",6761000
20500,-100,18000,"bu","09:24:41",6779000
20400,-200,86000,"sd","09:24:43",6865000
20400,-200,1000,"bu","09:24:47",6866000
20500,-100,35000,"bu","09:24:52",6901000
20400,-200,7000,"sd","09:24:59",6908000
20500,-100,20000,"bu","09:25:01",6928000
20400,-200,10000,"bu","09:25:05",6938000
20500,-100,200000,"bu","09:25:06",7138000
20500,-100,10000,"sd","09:25:09",7148000
20500,-100,5000,"sd","09:25:19",7153000
20500,-100,95000,"bu","09:25:23",7248000
20500,-100,20000,"sd","09:25:48",7268000
20500,-100,50000,"sd","09:25:52",7318000
20500,-100,70000,"sd","09:26:02",7388000
20500,-100,50000,"bu","09:26:16",7438000
20500,-100,50000,"sd","09:26:17",7488000
20500,-100,1000,"bu","09:26:49",7489000
20400,-200,10000,"bu","09:27:03",7499000
20400,-200,225000,"bu","09:27:19",7724000
20400,-200,6000,"bu","09:27:24",7730000
20400,-200,50000,"bu","09:27:26",7780000
20400,-200,10000,"bu","09:27:30",7790000
20400,-200,10000,"bu","09:27:35",7800000
20400,-200,30000,"bu","09:27:38",7830000
20400,-200,10000,"sd","09:27:39",7840000
20400,-200,10000,"sd","09:27:46",7850000
20400,-200,5000,"bu","09:27:48",7855000
20400,-200,1000,"bu","09:27:56",7856000
20400,-200,28000,"bu","09:28:01",7884000
20400,-200,1000,"sd","09:28:23",7885000
20400,-200,1000,"bu","09:28:24",7886000
20400,-200,10000,"sd","09:28:33",7896000
20400,-200,10000,"sd","09:28:41",7906000
20400,-200,50000,"sd","09:28:45",7956000
20400,-200,20000,"bu","09:28:48",7976000
20400,-200,1000,"bu","09:28:58",7977000
20400,-200,1000,"sd","09:28:59",7978000
20400,-200,20000,"sd","09:29:02",7998000
20400,-200,1000,"bu","09:29:09",7999000
20400,-200,10000,"sd","09:29:10",8009000
20300,-300,408000,"bu","09:29:21",8417000
20400,-200,10000,"sd","09:29:24",8427000
20400,-200,2000,"sd","09:29:25",8429000
20300,-300,150000,"sd","09:29:41",8579000
20300,-300,6000,"bu","09:29:51",8585000
20300,-300,10000,"bu","09:30:00",8595000
20300,-300,10000,"sd","09:30:02",8605000
20300,-300,23000,"bu","09:30:06",8628000
20300,-300,40000,"bu","09:30:23",8668000
20300,-300,3000,"bu","09:30:31",8671000
20300,-300,130000,"sd","09:30:39",8801000
20300,-300,53000,"bu","09:30:55",8854000
20300,-300,1000,"sd","09:31:09",8855000
20300,-300,4000,"sd","09:31:25",8859000
20200,-400,70000,"sd","09:31:41",8929000
20300,-300,100000,"sd","09:32:15",9029000
20300,-300,25000,"sd","09:32:26",9054000
20300,-300,10000,"sd","09:32:30",9064000
20300,-300,1000,"sd","09:33:12",9065000
20300,-300,5000,"bu","09:33:22",9070000
20200,-400,1000,"sd","09:33:34",9071000
20300,-300,42000,"sd","09:33:41",9113000
20200,-400,5000,"sd","09:33:47",9118000
20200,-400,1000,"bu","09:34:20",9119000
20200,-400,13000,"bu","09:34:26",9132000
20200,-400,50000,"bu","09:34:30",9182000
20200,-400,9000,"bu","09:34:34",9191000
20300,-300,8000,"bu","09:34:45",9199000
20200,-400,30000,"sd","09:34:53",9229000
20200,-400,50000,"bu","09:35:21",9279000
20200,-400,40000,"bu","09:35:30",9319000
20200,-400,50000,"sd","09:35:34",9369000
20200,-400,25000,"sd","09:36:22",9394000
20200,-400,681000,"sd","09:36:33",10075000
20200,-400,20000,"sd","09:36:36",10095000
20200,-400,25000,"bu","09:36:44",10120000
20100,-500,30000,"bu","09:36:45",10150000
20200,-400,1000,"bu","09:36:52",10151000
20200,-400,2000,"sd","09:36:55",10153000
20200,-400,50000,"bu","09:37:26",10203000
20200,-400,20000,"bu","09:37:27",10223000
20200,-400,2000,"bu","09:37:28",10225000
20200,-400,1000,"bu","09:37:33",10226000
20200,-400,5000,"bu","09:37:45",10231000
20200,-400,3000,"sd","09:37:51",10234000
20200,-400,6000,"sd","09:37:52",10240000
20200,-400,20000,"sd","09:37:54",10260000
20200,-400,3000,"sd","09:37:57",10263000
20200,-400,38000,"sd","09:37:58",10301000
20200,-400,5000,"sd","09:37:59",10306000
20200,-400,1000,"bu","09:38:10",10307000
20200,-400,20000,"sd","09:38:13",10327000
20200,-400,5000,"bu","09:38:17",10332000
20200,-400,5000,"bu","09:38:19",10337000
20200,-400,100000,"bu","09:38:20",10437000
20200,-400,5000,"sd","09:38:21",10442000
20200,-400,10000,"bu","09:38:22",10452000
20200,-400,50000,"bu","09:38:24",10502000
20200,-400,9000,"sd","09:38:26",10511000
20200,-400,12000,"bu","09:38:29",10523000
20200,-400,3000,"bu","09:38:32",10526000
20200,-400,13000,"bu","09:38:33",10539000
20200,-400,10000,"bu","09:38:36",10549000
20200,-400,3000,"bu","09:38:37",10552000
20200,-400,1000,"sd","09:38:39",10553000
20200,-400,5000,"bu","09:38:40",10558000
20200,-400,1000,"bu","09:38:41",10559000
20200,-400,1000,"bu","09:38:42",10560000
20200,-400,15000,"bu","09:38:43",10575000
20200,-400,1000,"sd","09:38:45",10576000
20200,-400,49000,"sd","09:38:46",10625000
20200,-400,1000,"sd","09:38:48",10626000
20300,-300,495000,"bu","09:39:26",11121000
20300,-300,3000,"bu","09:39:47",11124000
20300,-300,2000,"sd","09:40:04",11126000
20300,-300,2000,"sd","09:40:23",11128000
20400,-200,10000,"sd","09:41:22",11138000
20400,-200,30000,"sd","09:41:36",11168000
20400,-200,5000,"bu","09:41:53",11173000
20400,-200,40000,"bu","09:42:17",11213000
20200,-400,688000,"bu","09:42:26",11901000
20200,-400,50000,"sd","09:42:37",11951000
20200,-400,105000,"bu","09:42:41",12056000
20200,-400,5000,"sd","09:42:42",12061000
20200,-400,30000,"bu","09:42:45",12091000
20200,-400,10000,"sd","09:42:46",12101000
20200,-400,7000,"sd","09:42:48",12108000
20200,-400,5000,"sd","09:42:51",12113000
20200,-400,7000,"sd","09:42:52",12120000
20200,-400,21000,"bu","09:42:54",12141000
20200,-400,1000,"bu","09:42:56",12142000
20200,-400,1000,"bu","09:42:57",12143000
20200,-400,60000,"bu","09:42:58",12203000
20200,-400,10000,"sd","09:43:02",12213000
20200,-400,10000,"bu","09:43:04",12223000
20200,-400,20000,"bu","09:43:06",12243000
20200,-400,50000,"sd","09:43:08",12293000
20200,-400,1000,"bu","09:43:09",12294000
20200,-400,13000,"bu","09:43:10",12307000
20200,-400,500000,"bu","09:43:11",12807000
20200,-400,15000,"bu","09:43:12",12822000
20200,-400,91000,"sd","09:43:13",12913000
20400,-200,5000,"bu","09:43:46",12918000
20400,-200,10000,"sd","09:43:53",12928000
20400,-200,5000,"sd","09:43:56",12933000
20400,-200,5000,"sd","09:43:59",12938000
20300,-300,7000,"sd","09:44:10",12945000
20400,-200,25000,"bu","09:44:25",12970000
20400,-200,10000,"sd","09:44:26",12980000
20400,-200,5000,"sd","09:44:39",12985000
20400,-200,2000,"sd","09:45:02",12987000
20400,-200,100000,"bu","09:45:17",13087000
20400,-200,11000,"sd","09:45:26",13098000
20400,-200,500000,"bu","09:45:28",13598000
20400,-200,20000,"bu","09:45:30",13618000
20400,-200,89000,"bu","09:45:33",13707000
20400,-200,10000,"sd","09:45:42",13717000
20500,-100,50000,"sd","09:45:45",13767000
20500,-100,10000,"sd","09:45:58",13777000
20500,-100,5000,"sd","09:45:59",13782000
20500,-100,10000,"bu","09:46:08",13792000
20500,-100,50000,"bu","09:46:32",13842000
20500,-100,10000,"bu","09:46:40",13852000
20500,-100,51000,"bu","09:46:43",13903000
20500,-100,10000,"sd","09:46:46",13913000
20500,-100,1000,"sd","09:46:57",13914000
20400,-200,15000,"sd","09:46:59",13929000
20500,-100,1000,"bu","09:47:01",13930000
20500,-100,100000,"bu","09:47:04",14030000
20500,-100,10000,"sd","09:47:06",14040000
20500,-100,11000,"sd","09:47:08",14051000
20500,-100,20000,"bu","09:47:11",14071000
20500,-100,10000,"sd","09:47:12",14081000
20500,-100,5000,"bu","09:47:13",14086000
20500,-100,20000,"sd","09:47:15",14106000
20500,-100,2000,"bu","09:47:16",14108000
20500,-100,20000,"bu","09:47:28",14128000
20500,-100,1000,"bu","09:47:37",14129000
20500,-100,5000,"bu","09:47:40",14134000
20500,-100,5000,"sd","09:47:43",14139000
20500,-100,1000,"bu","09:47:45",14140000
20500,-100,100000,"sd","09:47:51",14240000
20500,-100,30000,"sd","09:47:52",14270000
20500,-100,7000,"sd","09:48:01",14277000
20500,-100,10000,"sd","09:48:09",14287000
20500,-100,10000,"sd","09:48:13",14297000
20500,-100,200000,"sd","09:48:18",14497000
20500,-100,10000,"sd","09:48:19",14507000
20500,-100,5000,"sd","09:48:21",14512000
20500,-100,11000,"bu","09:48:23",14523000
20500,-100,18000,"sd","09:48:24",14541000
20500,-100,10000,"bu","09:48:43",14551000
20600,0,10000,"bu","09:48:49",14561000
20600,0,6000,"sd","09:49:06",14567000
20600,0,32000,"sd","09:49:13",14599000
20600,0,10000,"bu","09:49:20",14609000
20600,0,10000,"bu","09:49:25",14619000
20600,0,10000,"bu","09:49:29",14629000
20600,0,1000,"sd","09:49:35",14630000
20600,0,6000,"sd","09:49:38",14636000
20600,0,9000,"bu","09:49:44",14645000
20500,-100,236000,"sd","09:49:49",14881000
20500,-100,38000,"bu","09:49:59",14919000
20500,-100,49000,"sd","09:50:01",14968000
20500,-100,5000,"sd","09:50:02",14973000
20500,-100,30000,"sd","09:50:04",15003000
20500,-100,100000,"bu","09:50:14",15103000
20500,-100,42000,"bu","09:50:19",15145000
20600,0,50000,"bu","09:50:35",15195000
20600,0,10000,"bu","09:50:52",15205000
20500,-100,10000,"bu","09:50:54",15215000
20500,-100,10000,"sd","09:51:00",15225000
20500,-100,3000,"sd","09:51:04",15228000
20500,-100,2000,"sd","09:51:09",15230000
20500,-100,10000,"sd","09:51:24",15240000
20500,-100,85000,"bu","09:51:29",15325000
20500,-100,1000,"bu","09:51:45",15326000
20500,-100,4000,"bu","09:52:12",15330000
20500,-100,465000,"sd","09:52:14",15795000
20500,-100,450000,"bu","09:52:27",16245000
20600,0,4000,"sd","09:52:35",16249000
20500,-100,118000,"bu","09:52:41",16367000
20500,-100,100000,"bu","09:53:19",16467000
20500,-100,10000,"bu","09:54:10",16477000
20400,-200,289000,"sd","09:54:14",16766000
20400,-200,1000,"bu","09:54:37",16767000
20400,-200,5000,"bu","09:54:45",16772000
20400,-200,10000,"sd","09:55:08",16782000
20300,-300,20000,"bu","09:55:28",16802000
20400,-200,10000,"sd","09:55:30",16812000
20400,-200,10000,"sd","09:55:34",16822000
20400,-200,10000,"bu","09:55:37",16832000
20400,-200,7000,"sd","09:56:17",16839000
20400,-200,1000,"bu","09:56:46",16840000
20300,-300,500000,"bu","09:56:49",17340000
20400,-200,1000,"bu","09:57:11",17341000
20300,-300,3000,"bu","09:57:19",17344000
20400,-200,2000,"sd","09:57:42",17346000
20300,-300,4000,"sd","09:58:20",17350000
20300,-300,10000,"sd","09:59:24",17360000
20300,-300,246000,"bu","09:59:27",17606000
20300,-300,30000,"sd","09:59:33",17636000
20300,-300,1000,"sd","09:59:34",17637000
20300,-300,29000,"bu","09:59:46",17666000
20300,-300,20000,"sd","09:59:54",17686000
20300,-300,1000,"bu","09:59:58",17687000
20300,-300,20000,"sd","10:00:09",17707000
20300,-300,20000,"sd","10:00:43",17727000
20300,-300,3000,"bu","10:01:53",17730000
20200,-400,260000,"sd","10:02:07",17990000
20200,-400,3000,"bu","10:02:25",17993000
20200,-400,530000,"bu","10:02:30",18523000
20200,-400,22000,"sd","10:02:53",18545000
20200,-400,5000,"sd","10:02:54",18550000
20200,-400,528000,"bu","10:03:23",19078000
20200,-400,12000,"sd","10:03:24",19090000
20200,-400,50000,"bu","10:03:27",19140000
20200,-400,50000,"bu","10:03:28",19190000
20200,-400,21000,"sd","10:03:34",19211000
20200,-400,5000,"sd","10:03:43",19216000
20200,-400,10000,"sd","10:03:58",19226000
20200,-400,160000,"sd","10:03:59",19386000
20200,-400,158000,"bu","10:04:03",19544000
20200,-400,18000,"sd","10:05:03",19562000
20200,-400,10000,"bu","10:05:05",19572000
20300,-300,10000,"sd","10:05:18",19582000
20300,-300,60000,"bu","10:05:22",19642000
20300,-300,55000,"sd","10:05:26",19697000
20400,-200,20000,"sd","10:06:06",19717000
20300,-300,135000,"sd","10:06:35",19852000
20300,-300,5000,"sd","10:06:36",19857000
20300,-300,51000,"bu","10:07:08",19908000
20300,-300,2000,"bu","10:07:09",19910000
20300,-300,1000,"bu","10:07:10",19911000
20300,-300,1000,"sd","10:07:15",19912000
20300,-300,8000,"sd","10:07:17",19920000
20300,-300,20000,"bu","10:07:27",19940000
20300,-300,30000,"bu","10:07:33",19970000
20300,-300,10000,"sd","10:07:36",19980000
20300,-300,10000,"bu","10:07:41",19990000
20300,-300,1000,"bu","10:07:44",19991000
20200,-400,200000,"bu","10:07:46",20191000
20300,-300,25000,"bu","10:07:47",20216000
20300,-300,1000,"sd","10:08:30",20217000
20400,-200,40000,"sd","10:08:54",20257000
20300,-300,2000,"bu","10:08:56",20259000
20400,-200,5000,"bu","10:09:35",20264000
20300,-300,60000,"sd","10:10:05",20324000
20400,-200,50000,"sd","10:10:26",20374000
20400,-200,50000,"sd","10:10:36",20424000
20400,-200,10000,"sd","10:10:45",20434000
20300,-300,80000,"bu","10:10:51",20514000
20400,-200,40000,"sd","10:10:55",20554000
20500,-100,50000,"bu","10:11:16",20604000
20500,-100,30000,"bu","10:11:29",20634000
20500,-100,50000,"sd","10:11:36",20684000
20500,-100,56000,"bu","10:11:37",20740000
20500,-100,14000,"bu","10:11:38",20754000
20500,-100,20000,"bu","10:11:48",20774000
20600,0,500000,"bu","10:11:53",21274000
20600,0,100000,"bu","10:12:07",21374000
20600,0,4000,"bu","10:12:08",21378000
20600,0,18000,"bu","10:12:27",21396000
20600,0,42000,"bu","10:12:37",21438000
20600,0,10000,"sd","10:12:42",21448000
20600,0,1000,"bu","10:12:54",21449000
20600,0,38000,"sd","10:12:56",21487000
20600,0,2000,"bu","10:13:05",21489000
20600,0,10000,"bu","10:13:06",21499000
20600,0,2000,"sd","10:13:34",21501000
20600,0,10000,"bu","10:13:37",21511000
20600,0,6000,"sd","10:13:50",21517000
20600,0,5000,"sd","10:13:54",21522000
20600,0,100000,"bu","10:14:15",21622000
20600,0,50000,"bu","10:14:30",21672000
20600,0,28000,"bu","10:14:33",21700000
20600,0,30000,"sd","10:14:39",21730000
20600,0,16000,"sd","10:14:40",21746000
20600,0,1000,"sd","10:14:43",21747000
20500,-100,10000,"bu","10:14:50",21757000
20600,0,5000,"bu","10:14:52",21762000
20600,0,10000,"bu","10:15:03",21772000
20600,0,10000,"sd","10:15:06",21782000
20600,0,50000,"sd","10:15:07",21832000
20600,0,50000,"bu","10:15:09",21882000
20600,0,20000,"bu","10:15:13",21902000
20500,-100,100000,"bu","10:15:14",22002000
20600,0,20000,"sd","10:15:15",22022000
20600,0,20000,"bu","10:15:17",22042000
20600,0,116000,"bu","10:15:19",22158000
20600,0,5000,"sd","10:15:21",22163000
20600,0,10000,"sd","10:15:25",22173000
20600,0,200000,"sd","10:15:26",22373000
20600,0,13000,"sd","10:15:29",22386000
20600,0,85000,"bu","10:15:30",22471000
20600,0,15000,"bu","10:15:31",22486000
20600,0,137000,"bu","10:15:32",22623000
20700,100,32000,"sd","10:16:16",22655000
20700,100,60000,"bu","10:16:23",22715000
20700,100,10000,"sd","10:16:27",22725000
20700,100,30000,"sd","10:16:30",22755000
20700,100,20000,"sd","10:16:34",22775000
20700,100,55000,"bu","10:16:35",22830000
20700,100,50000,"sd","10:16:36",22880000
20700,100,55000,"bu","10:16:37",22935000
20700,100,3000,"bu","10:16:39",22938000
20700,100,40000,"sd","10:16:40",22978000
20700,100,1000,"sd","10:16:44",22979000
20800,200,15000,"sd","10:16:49",22994000
20700,100,20000,"bu","10:16:50",23014000
20700,100,10000,"bu","10:17:03",23024000
20800,200,200000,"bu","10:17:06",23224000
20800,200,2000,"sd","10:17:07",23226000
20800,200,1000,"bu","10:17:13",23227000
20900,300,180000,"bu","10:17:15",23407000
20900,300,10000,"bu","10:17:33",23417000
20900,300,12000,"bu","10:17:41",23429000
20900,300,13000,"bu","10:17:47",23442000
20900,300,50000,"bu","10:17:48",23492000
20900,300,10000,"bu","10:17:53",23502000
20800,200,1000,"bu","10:17:58",23503000
20900,300,5000,"bu","10:18:15",23508000
20800,200,60000,"bu","10:18:26",23568000
20800,200,1000,"bu","10:18:27",23569000
20800,200,187000,"sd","10:18:30",23756000
20800,200,10000,"bu","10:18:40",23766000
20800,200,100000,"sd","10:18:48",23866000
20800,200,10000,"sd","10:19:06",23876000
20800,200,10000,"sd","10:19:07",23886000
20800,200,10000,"sd","10:19:10",23896000
20800,200,3000,"bu","10:19:20",23899000
20800,200,20000,"sd","10:19:22",23919000
20800,200,2000,"bu","10:19:31",23921000
20800,200,20000,"sd","10:19:40",23941000
20800,200,76000,"sd","10:19:46",24017000
20800,200,11000,"bu","10:20:00",24028000
20800,200,20000,"sd","10:20:07",24048000
20800,200,110000,"sd","10:20:15",24158000
20900,300,1000,"bu","10:20:18",24159000
20800,200,20000,"sd","10:20:22",24179000
20800,200,10000,"bu","10:20:23",24189000
20800,200,50000,"sd","10:20:31",24239000
20900,300,20000,"bu","10:20:34",24259000
20800,200,10000,"sd","10:20:35",24269000
20800,200,100000,"sd","10:20:37",24369000
20800,200,10000,"bu","10:20:46",24379000
20800,200,10000,"sd","10:20:48",24389000
20800,200,100000,"sd","10:20:52",24489000
20800,200,3000,"sd","10:20:54",24492000
20800,200,4000,"sd","10:20:58",24496000
20800,200,5000,"bu","10:20:59",24501000
20800,200,39000,"sd","10:21:04",24540000
20800,200,110000,"sd","10:21:11",24650000
20800,200,9000,"bu","10:21:14",24659000
20800,200,3000,"bu","10:21:26",24662000
20700,100,100000,"sd","10:21:28",24762000
20800,200,10000,"sd","10:21:37",24772000
20800,200,10000,"bu","10:21:59",24782000
20700,100,8000,"bu","10:22:04",24790000
20700,100,11000,"sd","10:22:20",24801000
20700,100,36000,"bu","10:22:47",24837000
20700,100,1000,"sd","10:22:50",24838000
20700,100,419000,"bu","10:22:52",25257000
20700,100,20000,"sd","10:22:58",25277000
20700,100,10000,"bu","10:23:12",25287000
20700,100,15000,"sd","10:23:21",25302000
20700,100,4000,"sd","10:24:10",25306000
20600,0,1000,"sd","10:24:33",25307000
20600,0,10000,"bu","10:25:00",25317000
20600,0,5000,"bu","10:25:12",25322000
20700,100,200000,"sd","10:25:21",25522000
20600,0,40000,"sd","10:25:39",25562000
20700,100,50000,"sd","10:26:13",25612000
20700,100,30000,"sd","10:26:50",25642000
20700,100,10000,"sd","10:27:37",25652000
20700,100,5000,"sd","10:28:34",25657000
20700,100,5000,"sd","10:28:53",25662000
20600,0,53000,"bu","10:29:39",25715000
20600,0,10000,"sd","10:29:59",25725000
20600,0,68000,"bu","10:30:01",25793000
20600,0,50000,"sd","10:30:09",25843000
20600,0,5000,"sd","10:31:11",25848000
20600,0,300000,"sd","10:31:14",26148000
20600,0,1000,"bu","10:31:30",26149000
20600,0,90000,"sd","10:31:59",26239000
20600,0,5000,"sd","10:32:11",26244000
20600,0,50000,"sd","10:32:16",26294000
20600,0,90000,"sd","10:32:24",26384000
20600,0,2000,"bu","10:33:03",26386000
20600,0,5000,"sd","10:33:28",26391000
20700,100,24000,"sd","10:33:42",26415000
20700,100,798000,"sd","10:34:06",27213000
20700,100,42000,"sd","10:34:43",27255000
20700,100,200000,"sd","10:35:39",27455000
20700,100,60000,"bu","10:36:20",27515000
20700,100,50000,"sd","10:36:44",27565000
20700,100,1000,"bu","10:36:53",27566000
20700,100,10000,"sd","10:37:00",27576000
20800,200,14000,"bu","10:37:03",27590000
20700,100,100000,"bu","10:38:44",27690000
20700,100,10000,"bu","10:39:02",27700000
20700,100,3000,"bu","10:39:08",27703000
20700,100,50000,"bu","10:39:09",27753000
20700,100,29000,"bu","10:39:11",27782000
20700,100,1000,"sd","10:40:21",27783000
20700,100,5000,"sd","10:41:18",27788000
20700,100,30000,"sd","10:41:45",27818000
20700,100,2000,"bu","10:42:04",27820000
20600,0,50000,"bu","10:42:41",27870000
20600,0,105000,"bu","10:43:18",27975000
20600,0,250000,"sd","10:43:44",28225000
20600,0,200000,"sd","10:43:49",28425000
20600,0,10000,"sd","10:43:52",28435000
20600,0,5000,"bu","10:44:00",28440000
20600,0,47000,"bu","10:44:01",28487000
20500,-100,200000,"bu","10:44:03",28687000
20600,0,8000,"bu","10:44:24",28695000
20500,-100,50000,"sd","10:44:29",28745000
20500,-100,182000,"bu","10:44:36",28927000
20600,0,6000,"sd","10:44:44",28933000
20600,0,10000,"bu","10:44:58",28943000
20600,0,58000,"sd","10:45:02",29001000
20600,0,5000,"bu","10:45:44",29006000
20500,-100,300000,"sd","10:45:59",29306000
20500,-100,5000,"sd","10:46:50",29311000
20500,-100,50000,"sd","10:46:51",29361000
20600,0,150000,"bu","10:46:55",29511000
20500,-100,5000,"bu","10:47:11",29516000
20500,-100,5000,"sd","10:47:50",29521000
20600,0,50000,"sd","10:48:35",29571000
20500,-100,94000,"sd","10:48:37",29665000
20500,-100,6000,"bu","10:48:38",29671000
20500,-100,8000,"sd","10:49:09",29679000
20500,-100,53000,"bu","10:49:11",29732000
20500,-100,1000,"sd","10:49:45",29733000
20500,-100,10000,"bu","10:49:50",29743000
20500,-100,1000,"bu","10:50:21",29744000
20500,-100,76000,"sd","10:50:34",29820000
20600,0,10000,"bu","10:52:07",29830000
20600,0,14000,"bu","10:52:08",29844000
20600,0,78000,"bu","10:52:45",29922000
20600,0,50000,"sd","10:55:01",29972000
20600,0,100000,"sd","10:55:15",30072000
20600,0,10000,"sd","10:55:40",30082000
20600,0,20000,"bu","10:56:04",30102000
20600,0,10000,"sd","10:56:11",30112000
20600,0,29000,"bu","10:56:19",30141000
20600,0,19000,"bu","10:56:24",30160000
20600,0,1000,"bu","10:57:01",30161000
20600,0,20000,"sd","10:58:06",30181000
20500,-100,100000,"sd","10:59:06",30281000
20500,-100,100000,"bu","10:59:56",30381000
20600,0,20000,"bu","11:02:34",30401000
20600,0,19000,"sd","11:02:42",30420000
20600,0,3000,"bu","11:02:47",30423000
20600,0,20000,"sd","11:03:20",30443000
20600,0,30000,"bu","11:03:23",30473000
20600,0,102000,"sd","11:03:27",30575000
20600,0,1000,"sd","11:04:28",30576000
20600,0,50000,"sd","11:06:32",30626000
20600,0,7000,"sd","11:06:59",30633000
20600,0,50000,"bu","11:07:12",30683000
20600,0,50000,"bu","11:07:21",30733000
20600,0,20000,"bu","11:07:43",30753000
20600,0,2000,"bu","11:08:02",30755000
20600,0,10000,"sd","11:08:32",30765000
20600,0,1000,"sd","11:08:50",30766000
20600,0,10000,"sd","11:08:57",30776000
20600,0,10000,"bu","11:09:17",30786000
20700,100,30000,"sd","11:10:14",30816000
20700,100,30000,"sd","11:10:37",30846000
20700,100,38000,"bu","11:10:53",30884000
20700,100,10000,"bu","11:12:45",30894000
20700,100,20000,"bu","11:12:57",30914000
20700,100,2000,"bu","11:14:19",30916000
20600,0,10000,"bu","11:14:35",30926000
20600,0,56000,"sd","11:14:44",30982000
20600,0,2000,"bu","11:14:46",30984000
20600,0,10000,"sd","11:14:49",30994000
20600,0,20000,"bu","11:15:30",31014000
20600,0,10000,"bu","11:15:40",31024000
20600,0,140000,"sd","11:16:33",31164000
20600,0,1000,"bu","11:16:37",31165000
20700,100,359000,"bu","11:17:37",31524000
20700,100,200000,"sd","11:17:54",31724000
20700,100,7000,"sd","11:18:02",31731000
20700,100,5000,"bu","11:18:11",31736000
20700,100,200000,"sd","11:18:19",31936000
20700,100,20000,"sd","11:18:27",31956000
20700,100,30000,"sd","11:18:30",31986000
20700,100,2000,"sd","11:18:37",31988000
20700,100,20000,"sd","11:18:38",32008000
20700,100,7000,"sd","11:18:44",32015000
20700,100,42000,"bu","11:18:45",32057000
20700,100,1000,"bu","11:19:59",32058000
20800,200,300000,"sd","11:20:11",32358000
20800,200,20000,"sd","11:20:18",32378000
20800,200,354000,"sd","11:20:19",32732000
20800,200,10000,"sd","11:20:42",32742000
20800,200,20000,"sd","11:21:39",32762000
20800,200,27000,"sd","11:21:44",32789000
20800,200,3000,"bu","11:21:53",32792000
20800,200,2000,"bu","11:21:55",32794000
20900,300,10000,"bu","11:22:01",32804000
20800,200,20000,"sd","11:22:04",32824000
20800,200,34000,"bu","11:22:17",32858000
20800,200,20000,"bu","11:22:26",32878000
20900,300,5000,"sd","11:22:42",32883000
20800,200,2000,"sd","11:22:55",32885000
20900,300,5000,"sd","11:22:56",32890000
20900,300,20000,"bu","11:23:04",32910000
20900,300,200000,"sd","11:23:08",33110000
20800,200,170000,"bu","11:23:09",33280000
20800,200,17000,"bu","11:23:21",33297000
20700,100,5000,"bu","11:23:27",33302000
20800,200,23000,"sd","11:23:28",33325000
20800,200,10000,"bu","11:23:34",33335000
20800,200,127000,"bu","11:24:00",33462000
20800,200,5000,"bu","11:24:03",33467000
20800,200,5000,"sd","11:24:18",33472000
20800,200,10000,"sd","11:24:43",33482000
20800,200,10000,"bu","11:24:53",33492000
20800,200,30000,"sd","11:25:06",33522000
20800,200,5000,"sd","11:25:12",33527000
20800,200,16000,"bu","11:25:21",33543000
20800,200,4000,"bu","11:25:31",33547000
20800,200,40000,"bu","11:25:41",33587000
20800,200,10000,"bu","11:25:42",33597000
20800,200,5000,"bu","11:25:43",33602000
20800,200,10000,"bu","11:25:45",33612000
20800,200,1000,"sd","11:25:57",33613000
20800,200,2000,"sd","11:26:00",33615000
20800,200,25000,"sd","11:26:17",33640000
20800,200,5000,"sd","11:26:26",33645000
20800,200,10000,"bu","11:27:00",33655000
20800,200,45000,"bu","11:27:40",33700000
20800,200,5000,"sd","11:27:58",33705000
20800,200,5000,"sd","11:28:12",33710000
20800,200,5000,"bu","11:28:22",33715000
20800,200,5000,"bu","11:28:40",33720000
20800,200,1000,"sd","11:29:12",33721000
20800,200,5000,"bu","11:29:13",33726000
20800,200,10000,"bu","11:29:38",33736000
20700,100,127000,"sd","13:00:07",33863000
20800,200,508000,"sd","13:00:08",34371000
20800,200,10000,"bu","13:00:11",34386000
20800,200,14000,"sd","13:00:19",34400000
20800,200,9000,"bu","13:00:29",34409000
20800,200,2000,"bu","13:01:00",34411000
20800,200,89000,"sd","13:01:15",34500000
20800,200,2000,"bu","13:01:49",34502000
20800,200,5000,"bu","13:01:51",34507000
20800,200,2000,"bu","13:02:22",34509000
20800,200,10000,"bu","13:02:49",34519000
20800,200,10000,"bu","13:03:02",34529000
20800,200,50000,"sd","13:03:03",34579000
20800,200,44000,"sd","13:03:06",34623000
20800,200,5000,"sd","13:03:09",34628000
20800,200,10000,"sd","13:03:37",34638000
20800,200,22000,"bu","13:03:39",34660000
20800,200,2000,"bu","13:03:40",34662000
20800,200,10000,"sd","13:03:43",34672000
20800,200,50000,"bu","13:03:45",34722000
20800,200,18000,"bu","13:03:46",34740000
20900,300,96000,"sd","13:04:14",34836000
20900,300,2000,"sd","13:04:16",34838000
20900,300,28000,"sd","13:04:20",34866000
20900,300,4000,"sd","13:04:21",34870000
20900,300,96000,"bu","13:04:32",34966000
20900,300,10000,"sd","13:04:33",34976000
20900,300,10000,"bu","13:04:34",34986000
20900,300,2000,"bu","13:04:39",34988000
20900,300,4000,"sd","13:04:42",34992000
20800,200,30000,"sd","13:04:44",35022000
20800,200,1000,"sd","13:04:51",35023000
20900,300,40000,"sd","13:04:55",35063000
20900,300,53000,"bu","13:04:56",35116000
20900,300,1000,"bu","13:04:58",35117000
20900,300,2000,"bu","13:05:01",35119000
20900,300,6000,"bu","13:05:07",35125000
20900,300,1000,"bu","13:05:08",35126000
20900,300,2000,"bu","13:05:11",35128000
20800,200,20000,"sd","13:05:12",35148000
21000,400,81000,"sd","13:05:17",35229000
20900,300,2000,"bu","13:05:24",35231000
20900,300,1000,"sd","13:05:26",35232000
21000,400,50000,"bu","13:05:29",35282000
21000,400,1000,"sd","13:05:32",35283000
21000,400,2000,"bu","13:05:35",35285000
20900,300,62000,"sd","13:05:42",35347000
20900,300,21000,"sd","13:05:48",35368000
21000,400,2000,"sd","13:05:54",35370000
21000,400,2000,"sd","13:05:56",35372000
21000,400,57000,"sd","13:06:04",35429000
21000,400,2000,"bu","13:06:05",35431000
21000,400,50000,"bu","13:06:06",35481000
21000,400,200000,"sd","13:06:14",35681000
21000,400,2000,"sd","13:06:20",35683000
20900,300,3000,"sd","13:06:25",35686000
21000,400,81000,"bu","13:06:30",35767000
21000,400,3000,"bu","13:06:36",35770000
21000,400,5000,"bu","13:06:45",35775000
21000,400,5000,"bu","13:06:46",35780000
21000,400,20000,"sd","13:06:56",35800000
21000,400,24000,"sd","13:07:07",35824000
20900,300,1000,"sd","13:07:10",35825000
20900,300,80000,"bu","13:07:18",35905000
20900,300,2000,"bu","13:07:38",35907000
21000,400,57000,"bu","13:07:42",35964000
20900,300,50000,"bu","13:07:44",36014000
21000,400,96000,"sd","13:07:56",36110000
21000,400,2000,"sd","13:07:57",36112000
21000,400,3000,"sd","13:08:01",36115000
21000,400,2000,"bu","13:08:05",36117000
21000,400,2000,"sd","13:08:09",36119000
21000,400,19000,"bu","13:08:12",36138000
21000,400,32000,"sd","13:08:21",36170000
21000,400,96000,"bu","13:08:26",36266000
21000,400,100000,"sd","13:08:29",36366000
21000,400,2000,"sd","13:08:30",36368000
21000,400,100000,"bu","13:08:43",36468000
21000,400,5000,"bu","13:08:55",36473000
21000,400,2000,"sd","13:09:03",36475000
21000,400,89000,"bu","13:09:11",36564000
21000,400,81000,"sd","13:09:36",36645000
21000,400,81000,"sd","13:10:07",36726000
21000,400,124000,"sd","13:10:08",36850000
21000,400,57000,"bu","13:10:26",36907000
20900,300,1000,"sd","13:10:28",36908000
20900,300,100000,"bu","13:10:32",37008000
20900,300,148000,"bu","13:10:33",37156000
20900,300,2000,"sd","13:10:38",37158000
20900,300,2000,"sd","13:10:58",37160000
20800,200,8000,"bu","13:11:12",37168000
20900,300,100000,"sd","13:11:15",37268000
20900,300,24000,"bu","13:11:24",37292000
20900,300,2000,"sd","13:11:30",37294000
20800,200,5000,"bu","13:11:42",37299000
20800,200,47000,"bu","13:11:48",37346000
20800,200,6000,"bu","13:11:52",37352000
20800,200,27000,"bu","13:11:57",37379000
20800,200,5000,"sd","13:12:00",37384000
20800,200,40000,"bu","13:12:03",37424000
20800,200,7000,"bu","13:12:04",37431000
20800,200,1000,"sd","13:12:06",37432000
20700,100,3000,"sd","13:12:15",37435000
20700,100,1000,"sd","13:12:38",37436000
20700,100,10000,"bu","13:13:04",37446000
20800,200,40000,"bu","13:13:54",37486000
20800,200,5000,"sd","13:13:57",37491000
20800,200,1000,"bu","13:14:03",37492000
20800,200,1000,"bu","13:14:08",37493000
20800,200,2000,"sd","13:14:41",37495000
20800,200,4000,"bu","13:15:13",37499000
20900,300,7000,"sd","13:15:44",37506000
20800,200,10000,"sd","13:16:36",37516000
20900,300,18000,"sd","13:16:44",37534000
20900,300,10000,"bu","13:17:05",37544000
20900,300,17000,"sd","13:17:22",37561000
20900,300,2000,"bu","13:17:36",37563000
20900,300,8000,"bu","13:18:03",37571000
20900,300,116000,"bu","13:18:24",37687000
20800,200,5000,"sd","13:18:52",37692000
20800,200,5000,"sd","13:19:39",37697000
20800,200,1000,"sd","13:19:59",37698000
20800,200,210000,"bu","13:20:35",37908000
20800,200,40000,"sd","13:20:38",37948000
20800,200,10000,"bu","13:20:45",37958000
20900,300,30000,"sd","13:21:09",37988000
20900,300,10000,"sd","13:22:09",37998000
20900,300,4000,"sd","13:22:15",38002000
20900,300,2000,"bu","13:23:04",38004000
20800,200,1000,"bu","13:23:48",38005000
20800,200,15000,"bu","13:24:11",38020000
20800,200,200000,"sd","13:24:46",38220000
20800,200,65000,"sd","13:25:00",38285000
20800,200,5000,"sd","13:25:14",38290000
20800,200,1000,"sd","13:25:20",38291000
20900,300,1000,"bu","13:25:36",38292000
20900,300,1000,"sd","13:25:44",38293000
20900,300,85000,"bu","13:25:46",38378000
20800,200,15000,"sd","13:25:48",38393000
20900,300,5000,"sd","13:25:51",38398000
20900,300,20000,"bu","13:26:04",38418000
20900,300,28000,"bu","13:26:50",38446000
20900,300,10000,"sd","13:26:51",38456000
20900,300,29000,"sd","13:26:52",38485000
20900,300,1000,"bu","13:26:54",38486000
20900,300,10000,"bu","13:26:57",38496000
20900,300,55000,"sd","13:27:00",38551000
20900,300,10000,"sd","13:28:28",38561000
20900,300,20000,"bu","13:29:55",38581000
20900,300,2000,"bu","13:29:56",38583000
20900,300,100000,"bu","13:30:02",38683000
20900,300,10000,"sd","13:30:09",38693000
20900,300,3000,"sd","13:30:11",38696000
20900,300,31000,"bu","13:30:13",38727000
20900,300,79000,"sd","13:30:19",38806000
20900,300,100000,"bu","13:30:59",38906000
20900,300,1000,"sd","13:31:35",38907000
20900,300,10000,"sd","13:31:42",38917000
20800,200,40000,"bu","13:31:54",38957000
20800,200,3000,"sd","13:32:52",38960000
20800,200,1000,"sd","13:33:06",38961000
20800,200,5000,"sd","13:33:25",38966000
20900,300,5000,"bu","13:33:34",38971000
20900,300,2000,"sd","13:33:50",38973000
20900,300,5000,"sd","13:34:06",38978000
20900,300,10000,"sd","13:34:14",38988000
20900,300,10000,"sd","13:34:21",38998000
20900,300,66000,"bu","13:34:22",39064000
20900,300,20000,"sd","13:34:25",39084000
20900,300,51000,"sd","13:34:29",39135000
20900,300,7000,"bu","13:34:34",39142000
20900,300,18000,"sd","13:34:36",39160000
20900,300,1000,"sd","13:34:38",39161000
20900,300,10000,"sd","13:34:59",39171000
20900,300,1000,"bu","13:35:03",39172000
20900,300,1000,"sd","13:35:09",39173000
21000,400,100000,"sd","13:35:21",39273000
21000,400,50000,"sd","13:35:24",39323000
21000,400,18000,"sd","13:35:35",39341000
21000,400,1000,"sd","13:35:45",39342000
21000,400,10000,"sd","13:35:47",39352000
21000,400,50000,"sd","13:35:52",39402000
21000,400,1000,"bu","13:36:03",39403000
21000,400,50000,"sd","13:36:06",39453000
21000,400,259000,"bu","13:36:08",39712000
21000,400,10000,"sd","13:36:17",39722000
21000,400,1000,"bu","13:36:25",39723000
21100,500,11000,"bu","13:36:28",39734000
21100,500,6000,"bu","13:36:29",39740000
21100,500,10000,"bu","13:36:32",39750000
21100,500,70000,"sd","13:36:33",39820000
21100,500,100000,"bu","13:36:38",39920000
21100,500,200000,"sd","13:36:40",40120000
21100,500,10000,"bu","13:36:46",40130000
21100,500,52000,"bu","13:36:47",40182000
21100,500,5000,"bu","13:36:49",40187000
21100,500,30000,"bu","13:36:51",40217000
21100,500,5000,"sd","13:36:52",40222000
21100,500,2000,"bu","13:36:54",40224000
21100,500,104000,"sd","13:36:56",40328000
21100,500,21000,"sd","13:36:58",40349000
21100,500,50000,"bu","13:37:00",40399000
21100,500,27000,"sd","13:37:02",40426000
21100,500,6000,"bu","13:37:03",40432000
21100,500,91000,"bu","13:37:04",40523000
21200,600,10000,"bu","13:37:16",40533000
21100,500,1000,"sd","13:38:08",40534000
21200,600,1000,"sd","13:38:10",40535000
21100,500,50000,"sd","13:38:32",40585000
21100,500,10000,"bu","13:38:34",40595000
21200,600,89000,"sd","13:38:37",40684000
21200,600,500000,"bu","13:38:40",41184000
21200,600,40000,"bu","13:38:52",41224000
21200,600,20000,"sd","13:38:56",41244000
21200,600,180000,"bu","13:39:02",41424000
21200,600,40000,"sd","13:39:03",41464000
21200,600,1000,"sd","13:39:08",41465000
21200,600,2000,"bu","13:39:10",41467000
21200,600,10000,"sd","13:39:18",41477000
21100,500,100000,"bu","13:39:22",41577000
21100,500,10000,"sd","13:39:33",41587000
21100,500,3000,"bu","13:39:35",41590000
21100,500,1000,"bu","13:39:50",41591000
21100,500,2000,"sd","13:39:58",41593000
21200,600,2000,"sd","13:40:00",41595000
21100,500,1000,"bu","13:40:01",41596000
21100,500,50000,"bu","13:40:09",41646000
21100,500,1000,"sd","13:40:31",41647000
21200,600,2000,"bu","13:40:40",41649000
21100,500,146000,"sd","13:40:41",41795000
21200,600,1000,"sd","13:40:43",41796000
21100,500,40000,"bu","13:40:55",41836000
21100,500,74000,"bu","13:40:57",41910000
21100,500,165000,"sd","13:41:11",42075000
21100,500,38000,"bu","13:41:33",42113000
21100,500,2000,"sd","13:41:42",42115000
21100,500,1000,"sd","13:41:59",42116000
21000,400,3000,"sd","13:42:12",42119000
21100,500,15000,"bu","13:42:16",42134000
21100,500,1000,"bu","13:42:17",42135000
21100,500,8000,"bu","13:42:21",42143000
21100,500,2000,"sd","13:43:05",42145000
21100,500,7000,"bu","13:43:10",42152000
21000,400,20000,"sd","13:43:14",42172000
21000,400,50000,"sd","13:43:26",42222000
21000,400,10000,"sd","13:43:39",42232000
21000,400,10000,"sd","13:43:40",42242000
21000,400,20000,"sd","13:43:44",42262000
21000,400,1000,"bu","13:43:56",42263000
21000,400,10000,"bu","13:44:14",42273000
21000,400,20000,"bu","13:44:22",42293000
21000,400,3000,"bu","13:44:24",42296000
21000,400,40000,"bu","13:44:32",42336000
21000,400,80000,"sd","13:44:39",42416000
21000,400,20000,"bu","13:44:43",42436000
21000,400,1000,"bu","13:44:48",42437000
21000,400,50000,"sd","13:44:54",42487000
21000,400,10000,"bu","13:44:56",42497000
21000,400,10000,"bu","13:44:58",42507000
21000,400,33000,"sd","13:45:01",42540000
21000,400,2000,"sd","13:45:05",42542000
21000,400,49000,"sd","13:45:16",42591000
21000,400,20000,"bu","13:45:23",42611000
21000,400,1000,"bu","13:45:28",42612000
21100,500,8000,"sd","13:45:29",42620000
21100,500,90000,"bu","13:45:39",42710000
21100,500,100000,"bu","13:46:11",42810000
21100,500,1000,"bu","13:46:12",42811000
21100,500,100000,"bu","13:46:14",42911000
21100,500,33000,"sd","13:46:20",42944000
21100,500,4000,"bu","13:46:23",42948000
21100,500,5000,"sd","13:46:31",42953000
21100,500,5000,"bu","13:46:33",42958000
21100,500,9000,"sd","13:46:39",42967000
21100,500,1000,"bu","13:46:40",42968000
21200,600,20000,"sd","13:46:41",42988000
21100,500,1000,"sd","13:46:48",42989000
21100,500,1000,"bu","13:46:49",42990000
21100,500,50000,"sd","13:47:16",43040000
21100,500,1000,"sd","13:47:19",43041000
21100,500,10000,"sd","13:47:43",43051000
21100,500,15000,"bu","13:47:49",43066000
21100,500,1000,"bu","13:47:52",43067000
21100,500,10000,"bu","13:47:54",43077000
21100,500,3000,"bu","13:48:02",43080000
21100,500,1000,"bu","13:48:25",43081000
21100,500,2000,"sd","13:48:27",43083000
21100,500,10000,"bu","13:48:55",43093000
21000,400,60000,"bu","13:49:03",43153000
21000,400,10000,"sd","13:49:22",43163000
21000,400,484000,"bu","13:49:23",43647000
21000,400,3000,"bu","13:49:48",43650000
21000,400,30000,"sd","13:50:09",43680000
21000,400,4000,"sd","13:50:16",43684000
21000,400,18000,"bu","13:50:17",43702000
21000,400,29000,"bu","13:50:20",43731000
21000,400,10000,"sd","13:50:31",43741000
21000,400,10000,"sd","13:50:46",43751000
21000,400,5000,"sd","13:50:48",43756000
21000,400,1000,"sd","13:51:32",43757000
20900,300,224000,"bu","13:52:08",43981000
20900,300,20000,"bu","13:52:12",44001000
20900,300,10000,"sd","13:52:13",44011000
20900,300,60000,"sd","13:52:14",44071000
20900,300,30000,"bu","13:52:15",44101000
20900,300,21000,"sd","13:52:22",44122000
20900,300,6000,"bu","13:52:26",44128000
20900,300,2000,"sd","13:52:31",44130000
20900,300,2000,"sd","13:52:38",44132000
20900,300,60000,"bu","13:52:40",44192000
20900,300,10000,"sd","13:52:43",44202000
20900,300,55000,"sd","13:52:48",44257000
21000,400,10000,"bu","13:52:50",44267000
21000,400,107000,"sd","13:52:59",44374000
21000,400,5000,"sd","13:53:05",44379000
21000,400,261000,"bu","13:53:21",44640000
21000,400,17000,"sd","13:53:29",44657000
21000,400,11000,"sd","13:53:33",44668000
21000,400,96000,"sd","13:54:11",44764000
21000,400,50000,"bu","13:54:17",44814000
21000,400,4000,"sd","13:54:50",44818000
21000,400,400000,"bu","13:54:54",45218000
21000,400,50000,"bu","13:54:57",45268000
21000,400,40000,"sd","13:55:19",45308000
21000,400,50000,"sd","13:55:26",45358000
21000,400,39000,"sd","13:55:37",45397000
21000,400,50000,"bu","13:55:42",45447000
21000,400,122000,"bu","13:55:48",45569000
21000,400,10000,"bu","13:55:53",45579000
21000,400,20000,"bu","13:55:54",45599000
21000,400,50000,"bu","13:55:58",45649000
21000,400,50000,"bu","13:56:02",45699000
21000,400,50000,"bu","13:56:12",45749000
21000,400,1000,"bu","13:56:17",45750000
21000,400,200000,"sd","13:56:18",45950000
21000,400,13000,"sd","13:56:19",45963000
21100,500,100000,"sd","13:56:25",46063000
21000,400,2000,"bu","13:56:34",46065000
21100,500,10000,"bu","13:56:50",46075000
21100,500,3000,"bu","13:56:59",46078000
21000,400,19000,"sd","13:57:01",46097000
21100,500,5000,"bu","13:57:10",46102000
21100,500,100000,"sd","13:57:13",46202000
21100,500,1000,"bu","13:57:19",46203000
21100,500,10000,"sd","13:57:19",46213000
21100,500,58000,"sd","13:57:21",46271000
21100,500,11000,"sd","13:57:27",46282000
21100,500,12000,"sd","13:57:28",46294000
21100,500,100000,"sd","13:57:43",46394000
21000,400,100000,"bu","13:57:45",46494000
21100,500,76000,"bu","13:57:48",46570000
21100,500,232000,"bu","13:57:49",46802000
21200,600,12000,"bu","13:58:01",46814000
21200,600,1000,"bu","13:58:05",46815000
21200,600,5000,"bu","13:58:16",46820000
21200,600,10000,"sd","13:58:17",46830000
21200,600,20000,"sd","13:58:26",46850000
21200,600,20000,"bu","13:58:29",46870000
21200,600,306000,"sd","13:58:30",47176000
21300,700,26000,"sd","13:58:47",47202000
21300,700,20000,"sd","13:58:48",47222000
21300,700,67000,"sd","13:58:52",47289000
21300,700,16000,"bu","13:58:54",47305000
21300,700,3000,"bu","13:59:04",47308000
21300,700,80000,"bu","13:59:05",47388000
21300,700,83000,"bu","13:59:08",47471000
21300,700,176000,"sd","13:59:08",47647000
21400,800,7000,"sd","13:59:10",47654000
21400,800,50000,"bu","13:59:17",47704000
21400,800,7000,"sd","13:59:18",47711000
21300,700,2000,"sd","13:59:19",47713000
21400,800,1000,"sd","13:59:25",47714000
21300,700,2000,"sd","13:59:26",47716000
21400,800,487000,"bu","13:59:27",48203000
21400,800,1000,"sd","13:59:32",48204000
21400,800,5000,"sd","13:59:39",48209000
21400,800,25000,"sd","13:59:42",48234000
21400,800,1000,"bu","13:59:43",48235000
21500,900,30000,"sd","13:59:44",48265000
21500,900,90000,"sd","13:59:55",48355000
21400,800,100000,"bu","13:59:57",48455000
21500,900,89000,"sd","13:59:58",48544000
21400,800,30000,"bu","14:00:00",48574000
21500,900,3000,"sd","14:00:03",48577000
21500,900,520000,"sd","14:00:04",49097000
21500,900,20000,"sd","14:00:06",49117000
21500,900,100000,"sd","14:00:07",49217000
21500,900,624000,"sd","14:00:13",49841000
21600,1000,200000,"sd","14:00:28",50041000
21500,900,3000,"sd","14:00:29",50044000
21500,900,15000,"sd","14:00:30",50059000
21500,900,3000,"sd","14:00:34",50062000
21600,1000,70000,"sd","14:00:40",50132000
21600,1000,100000,"sd","14:00:42",50232000
21500,900,50000,"bu","14:00:47",50282000
21600,1000,97000,"sd","14:00:49",50379000
21600,1000,110000,"sd","14:00:51",50489000
21600,1000,4000,"sd","14:00:52",50493000
21600,1000,304000,"sd","14:00:53",50797000
21600,1000,100000,"bu","14:00:54",50897000
21600,1000,42000,"sd","14:00:55",50939000
21600,1000,10000,"sd","14:00:56",50949000
21600,1000,60000,"sd","14:01:01",51009000
21600,1000,40000,"bu","14:01:02",51049000
21600,1000,3000,"sd","14:01:08",51052000
21600,1000,28000,"sd","14:01:09",51080000
21500,900,100000,"sd","14:01:10",51180000
21600,1000,2000,"bu","14:01:11",51182000
21700,1100,20000,"sd","14:01:16",51202000
21600,1000,4000,"bu","14:01:20",51206000
21700,1100,2000,"bu","14:01:29",51208000
21600,1000,50000,"bu","14:01:31",51258000
21600,1000,2000,"bu","14:01:40",51260000
21600,1000,50000,"bu","14:01:43",51310000
21600,1000,33000,"sd","14:01:51",51343000
21600,1000,5000,"bu","14:01:54",51348000
21600,1000,1000,"bu","14:01:55",51349000
21600,1000,40000,"sd","14:01:57",51389000
21600,1000,60000,"bu","14:01:59",51449000
21600,1000,1000,"bu","14:02:00",51450000
21600,1000,50000,"bu","14:02:02",51500000
21600,1000,20000,"bu","14:02:04",51520000
21600,1000,1000,"bu","14:02:07",51521000
21600,1000,100000,"sd","14:02:08",51621000
21600,1000,75000,"sd","14:02:09",51696000
21600,1000,10000,"bu","14:02:35",51706000
21500,900,1000,"bu","14:02:45",51707000
21500,900,30000,"sd","14:02:47",51737000
21500,900,100000,"bu","14:02:48",51837000
21500,900,20000,"bu","14:02:49",51857000
21500,900,200000,"bu","14:02:51",52057000
21500,900,100000,"sd","14:02:53",52157000
21500,900,100000,"bu","14:03:01",52257000
21400,800,50000,"bu","14:03:12",52307000
21500,900,12000,"sd","14:03:13",52319000
21400,800,30000,"sd","14:03:16",52349000
21400,800,50000,"sd","14:03:19",52399000
21500,900,40000,"sd","14:03:22",52439000
21400,800,5000,"bu","14:03:29",52444000
21400,800,5000,"bu","14:03:38",52449000
21400,800,2000,"sd","14:03:40",52451000
21400,800,50000,"bu","14:03:41",52501000
21400,800,11000,"sd","14:03:50",52512000
21400,800,15000,"sd","14:03:53",52527000
21400,800,17000,"bu","14:03:54",52544000
21300,700,100000,"sd","14:04:29",52644000
21300,700,2000,"sd","14:04:36",52646000
21300,700,1000,"bu","14:04:41",52647000
21300,700,2000,"sd","14:04:51",52649000
21400,800,5000,"bu","14:04:57",52654000
21300,700,18000,"bu","14:04:58",52672000
21300,700,4000,"bu","14:04:59",52676000
21200,600,1000,"bu","14:05:06",52677000
21200,600,5000,"sd","14:05:11",52682000
21200,600,10000,"bu","14:05:23",52692000
21300,700,50000,"sd","14:05:37",52742000
21300,700,1000,"bu","14:05:42",52743000
21300,700,10000,"bu","14:05:47",52753000
21200,600,7000,"sd","14:06:05",52760000
21300,700,56000,"bu","14:06:06",52816000
21300,700,3000,"bu","14:06:20",52819000
21300,700,5000,"bu","14:06:22",52824000
21300,700,92000,"sd","14:06:33",52916000
21300,700,2000,"sd","14:06:35",52918000
21300,700,18000,"bu","14:06:36",52936000
21300,700,3000,"bu","14:06:37",52939000
21300,700,1000,"sd","14:06:52",52940000
21300,700,33000,"sd","14:07:03",52973000
21300,700,27000,"sd","14:07:16",53000000
21300,700,10000,"sd","14:07:20",53010000
21300,700,1000,"bu","14:07:23",53011000
21400,800,32000,"sd","14:07:26",53043000
21300,700,4000,"bu","14:07:38",53047000
21400,800,10000,"bu","14:07:42",53057000
21300,700,79000,"sd","14:07:45",53136000
21400,800,2000,"bu","14:07:46",53138000
21300,700,30000,"sd","14:07:49",53168000
21400,800,10000,"sd","14:08:13",53178000
21300,700,100000,"bu","14:08:14",53278000
21300,700,1000,"sd","14:08:30",53279000
21400,800,30000,"sd","14:08:48",53309000
21300,700,1000,"bu","14:08:49",53310000
21400,800,13000,"bu","14:09:03",53323000
21400,800,20000,"sd","14:09:44",53343000
21300,700,24000,"bu","14:10:05",53367000
21300,700,10000,"bu","14:10:20",53377000
21300,700,1000,"sd","14:10:45",53378000
21300,700,1000,"sd","14:11:00",53379000
21400,800,20000,"sd","14:11:05",53399000
21400,800,318000,"bu","14:11:33",53717000
21400,800,6000,"sd","14:11:54",53723000
21400,800,7000,"bu","14:12:17",53730000
21400,800,20000,"bu","14:12:30",53750000
21400,800,5000,"sd","14:12:57",53755000
21400,800,1000,"bu","14:13:01",53756000
21400,800,30000,"sd","14:13:02",53786000
21400,800,18000,"sd","14:13:03",53804000
21400,800,50000,"bu","14:13:06",53854000
21400,800,101000,"sd","14:13:09",53955000
21400,800,1000,"bu","14:13:11",53956000
21400,800,5000,"sd","14:13:21",53961000
21300,700,100000,"sd","14:14:07",54061000
21400,800,100000,"bu","14:14:08",54161000
21300,700,10000,"bu","14:14:16",54171000
21300,700,100000,"bu","14:14:17",54271000
21300,700,10000,"bu","14:14:31",54281000
21300,700,135000,"sd","14:14:37",54416000
21200,600,20000,"bu","14:14:48",54436000
21200,600,30000,"sd","14:15:12",54466000
21200,600,100000,"bu","14:15:40",54566000
21200,600,5000,"bu","14:15:46",54571000
21200,600,73000,"bu","14:15:54",54644000
21200,600,10000,"bu","14:16:19",54654000
21200,600,100000,"bu","14:16:22",54754000
21200,600,100000,"sd","14:16:30",54854000
21200,600,5000,"bu","14:16:34",54859000
21200,600,10000,"bu","14:16:36",54869000
21200,600,102000,"sd","14:16:40",54971000
21200,600,10000,"bu","14:16:43",54981000
21200,600,10000,"bu","14:16:48",54991000
21200,600,3000,"sd","14:17:00",54994000
21200,600,2000,"bu","14:17:01",54996000
21200,600,3000,"bu","14:17:08",54999000
21200,600,1000,"bu","14:17:29",55000000
21200,600,100000,"sd","14:17:51",55100000
21100,500,1000,"bu","14:18:12",55101000
21200,600,10000,"sd","14:18:20",55111000
21200,600,50000,"sd","14:18:21",55161000
21200,600,1000,"sd","14:18:26",55162000
21200,600,10000,"sd","14:18:39",55172000
21200,600,59000,"sd","14:18:43",55231000
21200,600,77000,"sd","14:18:45",55308000
21200,600,46000,"bu","14:18:49",55354000
21200,600,2000,"bu","14:18:53",55356000
21200,600,5000,"bu","14:19:02",55361000
21200,600,6000,"sd","14:19:14",55367000
21200,600,1000,"sd","14:19:15",55368000
21200,600,5000,"bu","14:19:21",55373000
21200,600,10000,"bu","14:19:26",55383000
21200,600,50000,"bu","14:19:32",55433000
21200,600,33000,"sd","14:19:37",55466000
21200,600,40000,"bu","14:19:42",55506000
21200,600,20000,"sd","14:19:43",55526000
21200,600,10000,"sd","14:19:49",55536000
21200,600,20000,"sd","14:20:00",55556000
21200,600,20000,"sd","14:20:01",55576000
21200,600,55000,"bu","14:20:02",55631000
21100,500,50000,"sd","14:20:29",55681000
21100,500,15000,"bu","14:20:39",55696000
21100,500,10000,"sd","14:20:47",55706000
21100,500,3000,"sd","14:20:54",55709000
21100,500,4000,"bu","14:21:00",55713000
21100,500,1000,"sd","14:21:02",55714000
21100,500,100000,"sd","14:21:08",55814000
21100,500,1000,"bu","14:21:12",55815000
21100,500,182000,"bu","14:21:14",55997000
21100,500,5000,"bu","14:21:19",56002000
21100,500,5000,"bu","14:21:20",56007000
21100,500,1000,"sd","14:21:25",56008000
21100,500,101000,"sd","14:21:26",56109000
21100,500,10000,"sd","14:21:30",56119000
21100,500,10000,"bu","14:21:31",56129000
21100,500,30000,"sd","14:21:33",56159000
21100,500,5000,"bu","14:21:34",56164000
21100,500,2000,"sd","14:21:38",56166000
21100,500,2000,"bu","14:21:39",56168000
21100,500,1000,"bu","14:21:40",56169000
21100,500,15000,"bu","14:21:41",56184000
21100,500,30000,"sd","14:21:42",56214000
21100,500,19000,"sd","14:21:49",56233000
21000,400,10000,"bu","14:22:07",56243000
21000,400,31000,"bu","14:22:26",56274000
21000,400,75000,"sd","14:22:30",56349000
21000,400,15000,"bu","14:22:39",56364000
21000,400,8000,"sd","14:22:40",56372000
21000,400,20000,"bu","14:22:43",56392000
21000,400,5000,"bu","14:22:45",56397000
21000,400,1000,"bu","14:22:49",56398000
21000,400,40000,"bu","14:22:50",56438000
21000,400,10000,"bu","14:22:58",56448000
21000,400,20000,"bu","14:22:59",56468000
21000,400,11000,"sd","14:23:10",56479000
21100,500,100000,"sd","14:23:16",56579000
21000,400,1000,"sd","14:23:20",56580000
21000,400,5000,"sd","14:23:21",56585000
21000,400,1000,"bu","14:23:42",56586000
21000,400,1000,"bu","14:23:50",56587000
21000,400,11000,"bu","14:23:59",56598000
21000,400,1000,"bu","14:24:03",56599000
21100,500,2000,"sd","14:24:07",56601000
21100,500,20000,"sd","14:24:12",56621000
21100,500,20000,"sd","14:24:15",56641000
21100,500,35000,"sd","14:24:19",56676000
21100,500,231000,"bu","14:24:20",56907000
21100,500,6000,"bu","14:24:25",56913000
21200,600,11000,"bu","14:24:26",56924000
21200,600,5000,"sd","14:24:30",56929000
21200,600,47000,"bu","14:24:34",56976000
21200,600,2000,"sd","14:24:41",56978000
21300,700,20000,"sd","14:24:48",56998000
21200,600,40000,"bu","14:24:55",57038000
21200,600,6000,"sd","14:25:09",57044000
21300,700,20000,"bu","14:25:12",57064000
21200,600,10000,"bu","14:25:23",57074000
21200,600,6000,"sd","14:25:36",57080000
21200,600,40000,"bu","14:25:50",57120000
21300,700,22000,"sd","14:25:53",57142000
21200,600,10000,"bu","14:25:59",57152000
21300,700,49000,"sd","14:26:11",57201000
21300,700,51000,"bu","14:26:23",57252000
21300,700,50000,"sd","14:26:34",57302000
21300,700,10000,"bu","14:26:35",57312000
21300,700,15000,"bu","14:26:39",57327000
21300,700,31000,"sd","14:26:42",57358000
21200,600,10000,"bu","14:26:46",57368000
21200,600,85000,"bu","14:27:02",57453000
21200,600,10000,"bu","14:27:12",57463000
21100,500,3000,"bu","14:27:14",57466000
21200,600,40000,"bu","14:27:17",57506000
21200,600,15000,"bu","14:27:20",57521000
21200,600,1000,"sd","14:27:22",57522000
21200,600,30000,"sd","14:27:25",57552000
21200,600,20000,"bu","14:27:26",57572000
21200,600,10000,"sd","14:27:31",57582000
21200,600,17000,"sd","14:27:33",57599000
21200,600,5000,"sd","14:27:48",57604000
21300,700,20000,"bu","14:27:50",57624000
21300,700,48000,"bu","14:28:14",57672000
21400,800,120000,"bu","14:28:21",57792000
21300,700,10000,"sd","14:28:26",57802000
21300,700,2000,"bu","14:28:27",57804000
21300,700,192000,"sd","14:28:42",57996000
21300,700,5000,"sd","14:28:56",58001000
21300,700,5000,"sd","14:29:19",58006000
21400,800,36000,"bu","14:29:20",58042000
21300,700,160000,"bu","14:29:33",58202000
21300,700,14000,"bu","14:29:42",58216000
21400,800,200000,"sd","14:29:51",58416000
21300,700,50000,"bu","14:29:53",58466000
21400,800,319000,"sd","14:45:14",58785000
21400,800,1101000,"sd","14:45:15",59886000
21400,800,14000,"sd","14:57:21",59900000
