"price","change","match_qtty","side","time","total_vol"
12800,-300,159500,"sd","09:15:06",159500
12800,-300,10000,"sd","09:15:14",169500
12800,-300,4000,"sd","09:15:15",173500
12900,-200,100,"bu","09:15:15",173600
12900,-200,1000,"sd","09:15:27",174600
12900,-200,4500,"sd","09:16:12",179100
12900,-200,2000,"bu","09:16:40",181100
12900,-200,100,"bu","09:16:58",181200
12900,-200,1000,"sd","09:17:10",182200
12850,-250,500,"sd","09:17:14",182700
12900,-200,1000,"bu","09:17:20",183700
12900,-200,1600,"bu","09:17:24",185300
12900,-200,100,"sd","09:17:24",185400
12900,-200,200,"sd","09:17:26",185600
12900,-200,100,"sd","09:17:33",185700
12850,-250,2000,"bu","09:17:39",187700
12900,-200,2300,"bu","09:17:50",190000
12850,-250,5200,"bu","09:17:54",195200
12900,-200,14800,"sd","09:17:55",210000
12900,-200,300,"bu","09:18:02",210300
12900,-200,1000,"sd","09:18:26",211300
12900,-200,10000,"sd","09:18:27",221300
12850,-250,83400,"bu","09:18:29",304700
12850,-250,100,"bu","09:18:31",304800
12850,-250,200,"bu","09:18:36",305000
12850,-250,1000,"sd","09:18:38",306000
12850,-250,1500,"bu","09:18:49",307500
12850,-250,100,"bu","09:18:49",307600
12850,-250,5000,"sd","09:18:53",312600
12850,-250,100,"sd","09:18:59",312700
12800,-300,11000,"sd","09:19:01",323700
12850,-250,100,"sd","09:19:03",323800
12850,-250,500,"sd","09:19:31",324300
12850,-250,300,"bu","09:19:34",324600
12850,-250,200,"sd","09:19:34",324800
12850,-250,10100,"sd","09:19:35",334900
12850,-250,6000,"sd","09:19:42",340900
12850,-250,2000,"bu","09:19:46",342900
12800,-300,600,"bu","09:19:53",343500
12850,-250,200,"sd","09:19:55",343700
12850,-250,1000,"sd","09:19:57",344700
12800,-300,200,"bu","09:20:00",344900
12850,-250,1600,"sd","09:20:01",346500
12850,-250,5000,"sd","09:20:05",351500
12850,-250,200,"sd","09:20:09",351700
12850,-250,900,"sd","09:20:12",352600
12850,-250,2100,"bu","09:20:13",354700
12850,-250,1200,"bu","09:20:16",355900
12850,-250,100,"bu","09:20:19",356000
12850,-250,500,"bu","09:20:21",356500
12850,-250,1200,"sd","09:20:23",357700
12850,-250,1000,"sd","09:20:25",358700
12850,-250,5000,"bu","09:20:25",363700
12850,-250,2900,"sd","09:20:25",366600
12900,-200,9000,"bu","09:20:39",375600
12900,-200,1000,"sd","09:20:46",376600
12900,-200,3200,"sd","09:20:56",379800
12950,-150,100,"bu","09:21:02",379900
12900,-200,1900,"bu","09:21:14",381800
12900,-200,2000,"bu","09:21:15",383800
12900,-200,500,"bu","09:21:20",384300
12900,-200,200,"bu","09:21:30",384500
12900,-200,3800,"sd","09:21:49",388300
12850,-250,100,"sd","09:21:52",388400
12900,-200,1100,"sd","09:21:58",389500
12900,-200,100,"sd","09:22:09",389600
12900,-200,300,"sd","09:22:13",389900
12900,-200,1700,"bu","09:22:29",391600
12900,-200,1500,"bu","09:22:32",393100
12950,-150,900,"sd","09:22:59",394000
12950,-150,1000,"sd","09:23:12",395000
12950,-150,200,"bu","09:23:14",395200
12900,-200,5000,"bu","09:23:16",400200
12950,-150,1000,"sd","09:23:33",401200
12950,-150,6000,"bu","09:23:48",407200
12950,-150,900,"sd","09:23:52",408100
12950,-150,2100,"sd","09:24:02",410200
13000,-100,50200,"sd","09:24:25",460400
13000,-100,5900,"bu","09:24:27",466300
13000,-100,5000,"bu","09:24:32",471300
13000,-100,20000,"bu","09:24:39",491300
13000,-100,200,"bu","09:24:42",491500
13000,-100,5000,"sd","09:24:49",496500
13000,-100,5000,"bu","09:24:52",501500
13000,-100,1000,"bu","09:25:00",502500
13000,-100,1000,"sd","09:25:12",503500
13000,-100,300,"bu","09:25:20",503800
13000,-100,100,"bu","09:25:32",503900
13000,-100,6000,"sd","09:25:47",509900
13000,-100,100,"sd","09:25:48",510000
13000,-100,11000,"bu","09:26:05",521000
13000,-100,1000,"sd","09:26:12",522000
13000,-100,500,"bu","09:26:18",522500
12950,-150,2000,"bu","09:26:21",524500
13000,-100,1000,"sd","09:26:43",525500
13000,-100,3000,"sd","09:27:20",528500
12950,-150,4600,"bu","09:27:25",533100
13000,-100,100,"bu","09:27:26",533200
13000,-100,1000,"bu","09:27:28",534200
13000,-100,200,"sd","09:27:35",534400
13000,-100,2000,"bu","09:28:00",536400
12950,-150,10000,"sd","09:28:13",546400
13000,-100,5000,"sd","09:28:19",551400
13000,-100,300,"sd","09:28:51",551700
13000,-100,5000,"bu","09:29:09",556700
13000,-100,500,"sd","09:29:17",557200
13000,-100,1400,"bu","09:29:51",558600
12950,-150,2000,"bu","09:29:54",560600
13000,-100,1000,"bu","09:29:54",561600
12950,-150,4000,"sd","09:30:03",565600
12950,-150,500,"bu","09:30:19",566100
12950,-150,100,"sd","09:30:21",566200
12950,-150,14600,"sd","09:30:23",580800
12950,-150,2000,"sd","09:30:42",582800
12900,-200,1800,"sd","09:30:53",584600
12900,-200,1300,"sd","09:31:10",585900
12950,-150,1000,"bu","09:31:15",586900
12950,-150,200,"sd","09:31:22",587100
12950,-150,100,"bu","09:31:36",587200
12950,-150,1000,"bu","09:31:38",588200
12950,-150,1700,"sd","09:31:40",589900
12950,-150,1100,"sd","09:31:41",591000
12950,-150,1000,"sd","09:31:50",592000
12950,-150,2600,"sd","09:32:20",594600
12900,-200,1000,"sd","09:32:47",595600
12900,-200,15000,"bu","09:32:55",610600
12950,-150,1000,"sd","09:33:12",611600
12900,-200,10000,"bu","09:33:18",621600
12900,-200,900,"bu","09:33:41",622500
12900,-200,600,"bu","09:34:02",623100
12900,-200,2000,"sd","09:34:12",625100
12900,-200,6400,"bu","09:34:31",631500
12900,-200,3600,"bu","09:34:32",635100
12900,-200,30000,"bu","09:34:40",665100
12900,-200,2200,"bu","09:34:48",667300
12850,-250,1500,"bu","09:35:26",668800
12900,-200,100,"sd","09:35:39",668900
12900,-200,5500,"sd","09:35:53",674400
12900,-200,500,"bu","09:35:55",674900
12900,-200,100,"sd","09:36:19",675000
12850,-250,1000,"sd","09:36:30",676000
12900,-200,10000,"sd","09:36:40",686000
12850,-250,200,"sd","09:36:46",686200
12900,-200,500,"bu","09:36:58",686700
12900,-200,1000,"sd","09:37:02",687700
12900,-200,100,"bu","09:37:12",687800
12900,-200,300,"bu","09:37:25",688100
12900,-200,100,"sd","09:37:32",688200
12900,-200,1000,"sd","09:37:34",689200
12900,-200,100,"sd","09:37:58",689300
12900,-200,300,"sd","09:38:04",689600
12900,-200,100,"sd","09:38:07",689700
12900,-200,200,"sd","09:38:08",689900
12900,-200,100,"sd","09:38:30",690000
12900,-200,10200,"sd","09:39:07",700200
12850,-250,1000,"sd","09:39:19",701200
12900,-200,1500,"bu","09:39:23",702700
12900,-200,700,"bu","09:39:27",703400
12900,-200,500,"sd","09:39:33",703900
12900,-200,3600,"bu","09:39:40",707500
12900,-200,1000,"sd","09:39:42",708500
12900,-200,2000,"sd","09:39:53",710500
12900,-200,1900,"bu","09:39:56",712400
12900,-200,500,"bu","09:39:57",712900
12900,-200,100,"bu","09:39:59",713000
12900,-200,10000,"sd","09:40:02",723000
12900,-200,1000,"sd","09:40:03",724000
12900,-200,300,"bu","09:40:09",724300
12900,-200,7200,"bu","09:40:16",731500
12900,-200,1100,"sd","09:40:42",732600
12900,-200,5000,"sd","09:40:45",737600
12950,-150,100,"bu","09:41:56",737700
12950,-150,4500,"sd","09:42:03",742200
12950,-150,1900,"bu","09:42:07",744100
12950,-150,500,"sd","09:42:28",744600
12950,-150,25100,"sd","09:42:39",769700
13000,-100,500,"sd","09:42:51",770200
13000,-100,200,"sd","09:43:04",770400
13000,-100,500,"bu","09:43:28",770900
12950,-150,1000,"bu","09:43:44",771900
12950,-150,2000,"bu","09:44:11",773900
13000,-100,5000,"sd","09:44:45",778900
12950,-150,4000,"bu","09:44:47",782900
12950,-150,5200,"bu","09:45:49",788100
13000,-100,10000,"sd","09:46:36",798100
12950,-150,1000,"sd","09:46:51",799100
13000,-100,800,"bu","09:46:53",799900
13000,-100,1000,"bu","09:46:59",800900
13000,-100,1900,"sd","09:47:01",802800
13000,-100,5400,"sd","09:47:10",808200
13000,-100,300,"bu","09:47:22",808500
12950,-150,900,"sd","09:47:34",809400
12950,-150,3000,"sd","09:48:21",812400
13000,-100,1000,"sd","09:48:55",813400
13000,-100,1200,"bu","09:50:02",814600
13000,-100,500,"sd","09:50:12",815100
12950,-150,100,"bu","09:50:13",815200
13000,-100,500,"bu","09:50:23",815700
13000,-100,100,"sd","09:50:32",815800
13000,-100,200,"sd","09:50:53",816000
13000,-100,500,"sd","09:50:58",816500
13000,-100,800,"sd","09:51:38",817300
12950,-150,3000,"bu","09:52:11",820300
12950,-150,10000,"sd","09:52:13",830300
12950,-150,5000,"bu","09:52:23",835300
12950,-150,1000,"sd","09:52:28",836300
13000,-100,500,"sd","09:52:38",836800
12950,-150,5600,"bu","09:52:41",842400
12950,-150,5000,"sd","09:53:11",847400
12950,-150,5000,"bu","09:53:24",852400
12950,-150,1000,"sd","09:53:42",853400
12950,-150,300,"bu","09:54:02",853700
12950,-150,2300,"bu","09:54:19",856000
12950,-150,3000,"sd","09:54:24",859000
12950,-150,5000,"bu","09:54:25",864000
12950,-150,1000,"bu","09:54:38",865000
12950,-150,2000,"sd","09:54:39",867000
12950,-150,30000,"sd","09:54:53",897000
12950,-150,1000,"bu","09:55:19",898000
12950,-150,10000,"sd","09:55:27",908000
12950,-150,2100,"sd","09:55:28",910100
12950,-150,3100,"sd","09:55:32",913200
12900,-200,15000,"sd","09:55:37",928200
12950,-150,500,"sd","09:56:41",928700
12950,-150,800,"sd","09:58:08",929500
12950,-150,1200,"bu","09:59:09",930700
12950,-150,100,"bu","09:59:30",930800
12900,-200,200,"sd","09:59:50",931000
12950,-150,100,"bu","10:00:06",931100
12900,-200,100000,"sd","10:00:29",1031100
12950,-150,100,"bu","10:00:31",1031200
12900,-200,1000,"sd","10:00:33",1032200
12900,-200,5000,"bu","10:00:47",1037200
12900,-200,1400,"sd","10:01:09",1038600
12900,-200,2000,"bu","10:01:13",1040600
12850,-250,500,"sd","10:01:20",1041100
12850,-250,1000,"bu","10:01:57",1042100
12900,-200,10000,"bu","10:02:34",1052100
12900,-200,4000,"bu","10:02:50",1056100
12900,-200,2000,"sd","10:03:07",1058100
12900,-200,100,"bu","10:03:18",1058200
12900,-200,1900,"sd","10:03:29",1060100
12900,-200,21200,"sd","10:03:40",1081300
12900,-200,4800,"bu","10:03:57",1086100
12900,-200,100,"sd","10:04:02",1086200
12900,-200,500,"sd","10:05:14",1086700
12900,-200,1800,"sd","10:06:12",1088500
12950,-150,300,"bu","10:06:38",1088800
12900,-200,2900,"bu","10:06:44",1091700
12900,-200,60000,"bu","10:06:54",1151700
12950,-150,300,"bu","10:06:58",1152000
12900,-200,6700,"sd","10:09:04",1158700
12900,-200,10000,"sd","10:09:11",1168700
12900,-200,3300,"sd","10:09:22",1172000
12850,-250,20000,"sd","10:09:38",1192000
12950,-150,5000,"sd","10:09:57",1197000
12950,-150,500,"bu","10:10:18",1197500
12900,-200,2200,"sd","10:10:54",1199700
12900,-200,1500,"bu","10:10:57",1201200
12900,-200,500,"bu","10:11:12",1201700
12850,-250,7000,"sd","10:11:22",1208700
12900,-200,100,"sd","10:11:25",1208800
12900,-200,500,"bu","10:11:48",1209300
12900,-200,1000,"bu","10:11:56",1210300
12900,-200,5000,"bu","10:12:08",1215300
12900,-200,100,"bu","10:12:13",1215400
12900,-200,700,"bu","10:12:27",1216100
12900,-200,12200,"bu","10:12:38",1228300
12950,-150,400,"bu","10:13:37",1228700
12950,-150,2000,"sd","10:13:58",1230700
12950,-150,1900,"sd","10:14:09",1232600
12950,-150,1000,"bu","10:14:23",1233600
12950,-150,5400,"bu","10:14:28",1239000
12950,-150,100,"sd","10:14:36",1239100
12950,-150,1000,"sd","10:14:49",1240100
12950,-150,1100,"sd","10:14:56",1241200
12950,-150,400,"bu","10:15:11",1241600
12950,-150,5000,"bu","10:15:25",1246600
12950,-150,800,"bu","10:15:37",1247400
12950,-150,600,"sd","10:16:00",1248000
12950,-150,2000,"sd","10:16:01",1250000
12950,-150,500,"sd","10:16:07",1250500
12950,-150,100,"bu","10:16:11",1250600
12950,-150,200,"bu","10:16:14",1250800
12950,-150,100,"sd","10:16:15",1250900
12950,-150,200,"bu","10:16:21",1251100
12950,-150,5300,"bu","10:16:32",1256400
12900,-200,200,"sd","10:16:33",1256600
12950,-150,600,"sd","10:16:36",1257200
12950,-150,1000,"bu","10:16:37",1258200
12950,-150,500,"sd","10:16:42",1258700
12950,-150,300,"bu","10:16:45",1259000
12950,-150,10000,"sd","10:16:51",1269000
12950,-150,1000,"bu","10:16:52",1270000
12900,-200,30400,"sd","10:16:53",1300400
12950,-150,2400,"sd","10:16:54",1302800
12950,-150,1000,"bu","10:16:55",1303800
12950,-150,3000,"bu","10:16:56",1306800
12950,-150,1000,"bu","10:17:00",1307800
12900,-200,1800,"bu","10:17:03",1309600
12950,-150,11000,"sd","10:17:48",1320600
12900,-200,500,"sd","10:17:53",1321100
12950,-150,200,"bu","10:17:59",1321300
12900,-200,4000,"sd","10:18:02",1325300
12950,-150,400,"bu","10:18:03",1325700
12950,-150,1000,"sd","10:18:07",1326700
12900,-200,100,"bu","10:18:11",1326800
12950,-150,500,"sd","10:18:22",1327300
12950,-150,7100,"sd","10:18:26",1334400
12950,-150,300,"bu","10:18:33",1334700
12950,-150,5300,"sd","10:19:54",1340000
12950,-150,200,"bu","10:20:03",1340200
12950,-150,1500,"sd","10:20:20",1341700
12950,-150,13900,"sd","10:20:21",1355600
12900,-200,700,"sd","10:20:22",1356300
12900,-200,100,"sd","10:20:24",1356400
12950,-150,5000,"bu","10:20:27",1361400
12950,-150,100,"bu","10:20:29",1361500
12900,-200,2300,"sd","10:20:32",1363800
12950,-150,500,"bu","10:20:40",1364300
12950,-150,1000,"bu","10:20:58",1365300
12950,-150,2000,"sd","10:21:22",1367300
12900,-200,100,"sd","10:21:23",1367400
12950,-150,200,"sd","10:21:27",1367600
12950,-150,1000,"bu","10:21:37",1368600
12950,-150,1100,"sd","10:22:10",1369700
12900,-200,10000,"sd","10:22:37",1379700
12900,-200,400,"sd","10:22:43",1380100
12950,-150,2000,"sd","10:24:14",1382100
12900,-200,100,"sd","10:24:23",1382200
12900,-200,1000,"bu","10:25:23",1383200
12950,-150,200,"sd","10:25:37",1383400
12900,-200,40700,"sd","10:25:51",1424100
12900,-200,2000,"bu","10:25:53",1426100
12900,-200,100,"sd","10:26:02",1426200
12900,-200,400,"sd","10:26:43",1426600
12900,-200,12600,"sd","10:27:01",1439200
12900,-200,600,"bu","10:27:02",1439800
12900,-200,16000,"sd","10:27:29",1455800
12900,-200,800,"sd","10:27:33",1456600
12900,-200,100,"sd","10:27:41",1456700
12900,-200,20000,"bu","10:27:54",1476700
12900,-200,6000,"sd","10:28:01",1482700
12900,-200,1000,"sd","10:28:02",1483700
12900,-200,300,"sd","10:28:13",1484000
12900,-200,3000,"bu","10:28:18",1487000
12900,-200,100,"bu","10:28:22",1487100
12900,-200,2000,"bu","10:28:37",1489100
12900,-200,1100,"bu","10:28:39",1490200
12950,-150,100,"sd","10:28:40",1490300
12900,-200,900,"bu","10:28:43",1491200
12900,-200,500,"sd","10:28:55",1491700
12900,-200,100,"sd","10:29:11",1491800
12900,-200,4000,"bu","10:29:14",1495800
12900,-200,200,"bu","10:29:22",1496000
12900,-200,300,"bu","10:29:24",1496300
12900,-200,10000,"bu","10:29:25",1506300
12900,-200,100,"sd","10:29:30",1506400
12900,-200,2500,"sd","10:29:32",1508900
12900,-200,100,"sd","10:29:43",1509000
12900,-200,5300,"sd","10:30:22",1514300
12900,-200,10000,"sd","10:30:29",1524300
12900,-200,1500,"sd","10:30:33",1525800
12900,-200,100,"sd","10:30:37",1525900
12900,-200,27000,"bu","10:30:55",1552900
12900,-200,5000,"bu","10:30:59",1557900
12900,-200,1500,"sd","10:31:03",1559400
12900,-200,1000,"sd","10:31:17",1560400
12900,-200,10000,"sd","10:31:18",1570400
12900,-200,100,"bu","10:31:20",1570500
12900,-200,500,"bu","10:31:23",1571000
12900,-200,1000,"bu","10:31:25",1572000
12900,-200,10000,"bu","10:31:27",1582000
12900,-200,5000,"sd","10:31:29",1587000
12900,-200,800,"sd","10:31:33",1587800
12900,-200,100,"bu","10:32:06",1587900
12900,-200,3000,"sd","10:32:11",1590900
12900,-200,100,"sd","10:32:12",1591000
12900,-200,2600,"bu","10:32:14",1593600
12850,-250,100,"bu","10:32:23",1593700
12850,-250,200,"bu","10:32:54",1593900
12900,-200,4000,"bu","10:33:08",1597900
12850,-250,3500,"sd","10:33:12",1601400
12900,-200,400,"bu","10:33:16",1601800
12900,-200,1000,"sd","10:33:21",1602800
12900,-200,1300,"sd","10:33:24",1604100
12900,-200,100,"sd","10:33:36",1604200
12900,-200,1100,"sd","10:34:30",1605300
12900,-200,100,"sd","10:34:45",1605400
12950,-150,1000,"sd","10:34:47",1606400
12900,-200,100,"sd","10:35:03",1606500
12900,-200,10300,"sd","10:36:41",1616800
12900,-200,500,"sd","10:36:42",1617300
12900,-200,200,"sd","10:37:23",1617500
12900,-200,1900,"bu","10:38:03",1619400
12900,-200,100,"sd","10:38:13",1619500
12950,-150,2200,"sd","10:38:48",1621700
12900,-200,100,"sd","10:38:52",1621800
12900,-200,600,"sd","10:39:27",1622400
12900,-200,3900,"bu","10:39:39",1626300
12900,-200,56800,"sd","10:39:48",1683100
12850,-250,2800,"sd","10:39:53",1685900
12850,-250,100,"bu","10:40:02",1686000
12900,-200,10000,"bu","10:40:11",1696000
12850,-250,500,"bu","10:40:12",1696500
12900,-200,1000,"sd","10:40:16",1697500
12850,-250,100,"sd","10:40:22",1697600
12900,-200,10000,"bu","10:40:35",1707600
12850,-250,500,"sd","10:40:43",1708100
12850,-250,100,"sd","10:41:06",1708200
12850,-250,5400,"bu","10:41:51",1713600
12850,-250,200,"sd","10:41:53",1713800
12900,-200,500,"bu","10:42:01",1714300
12900,-200,1000,"bu","10:42:11",1715300
12900,-200,5000,"bu","10:42:13",1720300
12850,-250,200,"bu","10:42:22",1720500
12900,-200,1000,"sd","10:42:24",1721500
12850,-250,200,"bu","10:42:34",1721700
12900,-200,1000,"bu","10:43:01",1722700
12900,-200,100,"sd","10:43:12",1722800
12900,-200,800,"sd","10:43:31",1723600
12900,-200,3000,"bu","10:43:56",1726600
12850,-250,100,"bu","10:44:02",1726700
12850,-250,3400,"bu","10:44:29",1730100
12850,-250,100,"sd","10:44:33",1730200
12850,-250,1100,"sd","10:44:59",1731300
12850,-250,5000,"sd","10:45:23",1736300
12900,-200,100,"bu","10:45:28",1736400
12850,-250,200,"bu","10:45:33",1736600
12850,-250,100,"bu","10:45:41",1736700
12850,-250,1100,"sd","10:45:57",1737800
12850,-250,200,"bu","10:46:34",1738000
12850,-250,100,"bu","10:47:17",1738100
12900,-200,200,"sd","10:47:54",1738300
12850,-250,100,"sd","10:48:05",1738400
12850,-250,500,"bu","10:48:36",1738900
12850,-250,100,"sd","10:48:47",1739000
12900,-200,200,"sd","10:49:01",1739200
12850,-250,100,"sd","10:49:32",1739300
12900,-200,300,"sd","10:49:57",1739600
12900,-200,3100,"bu","10:50:07",1742700
12850,-250,100,"bu","10:50:13",1742800
12900,-200,300,"bu","10:50:35",1743100
12900,-200,1000,"sd","10:51:04",1744100
12900,-200,200,"sd","10:51:31",1744300
12850,-250,100,"bu","10:51:46",1744400
12850,-250,1200,"bu","10:52:32",1745600
12900,-200,1100,"bu","10:52:59",1746700
12850,-250,2000,"sd","10:53:03",1748700
12850,-250,100,"bu","10:53:13",1748800
12850,-250,2200,"bu","10:54:20",1751000
12850,-250,100,"bu","10:54:22",1751100
12850,-250,200,"bu","10:54:27",1751300
12900,-200,100,"bu","10:54:35",1751400
12900,-200,5000,"sd","10:54:43",1756400
12850,-250,100,"bu","10:54:44",1756500
12900,-200,5200,"bu","10:55:28",1761700
12850,-250,200,"sd","10:55:32",1761900
12900,-200,3000,"sd","10:55:41",1764900
12900,-200,200,"sd","10:55:55",1765100
12900,-200,10000,"bu","10:55:59",1775100
12900,-200,6200,"bu","10:56:02",1781300
12900,-200,1500,"bu","10:56:05",1782800
12900,-200,1000,"sd","10:56:12",1783800
12900,-200,2000,"sd","10:56:15",1785800
12850,-250,100,"sd","10:56:17",1785900
12900,-200,500,"sd","10:56:18",1786400
12900,-200,2000,"sd","10:56:25",1788400
12900,-200,100,"bu","10:56:28",1788500
12900,-200,10300,"sd","10:58:13",1798800
12900,-200,1900,"sd","10:58:22",1800700
12850,-250,2000,"bu","10:58:28",1802700
12850,-250,100,"bu","10:58:32",1802800
12900,-200,200,"sd","10:58:45",1803000
12900,-200,2000,"bu","10:59:11",1805000
12850,-250,100,"bu","10:59:14",1805100
12900,-200,500,"sd","10:59:21",1805600
12900,-200,300,"sd","10:59:40",1805900
12850,-250,100,"bu","10:59:58",1806000
12900,-200,1100,"bu","11:00:08",1807100
12850,-250,5000,"sd","11:00:18",1812100
12900,-200,12800,"bu","11:00:25",1824900
12900,-200,10000,"bu","11:00:32",1834900
12900,-200,3100,"bu","11:00:40",1838000
12900,-200,500,"sd","11:00:41",1838500
12900,-200,3700,"bu","11:00:46",1842200
12900,-200,200,"sd","11:00:50",1842400
12900,-200,30000,"sd","11:01:24",1872400
12900,-200,100,"sd","11:01:39",1872500
12900,-200,300,"sd","11:01:57",1872800
12900,-200,100,"bu","11:02:25",1872900
12900,-200,600,"bu","11:03:31",1873500
12900,-200,5000,"sd","11:03:36",1878500
12900,-200,200,"bu","11:03:59",1878700
12900,-200,8400,"sd","11:04:04",1887100
12900,-200,2400,"sd","11:04:53",1889500
12900,-200,2000,"sd","11:05:06",1891500
12850,-250,100,"bu","11:05:37",1891600
12900,-200,2200,"bu","11:06:08",1893800
12900,-200,3900,"bu","11:06:11",1897700
12900,-200,100,"sd","11:06:22",1897800
12900,-200,300,"sd","11:07:51",1898100
12900,-200,100,"sd","11:08:37",1898200
12900,-200,2000,"bu","11:09:01",1900200
12900,-200,5000,"sd","11:09:17",1905200
12900,-200,100,"bu","11:09:25",1905300
12900,-200,3000,"bu","11:10:06",1908300
12900,-200,10100,"sd","11:10:10",1918400
12900,-200,200,"sd","11:11:07",1918600
12900,-200,100,"sd","11:11:54",1918700
12900,-200,5200,"sd","11:11:58",1923900
12900,-200,100,"sd","11:12:39",1924000
12900,-200,500,"sd","11:13:22",1924500
12900,-200,100,"sd","11:13:27",1924600
12900,-200,400,"sd","11:14:26",1925000
12900,-200,3000,"sd","11:14:49",1928000
12900,-200,200,"bu","11:15:00",1928200
12900,-200,500,"sd","11:15:05",1928700
12900,-200,100,"sd","11:15:47",1928800
12900,-200,200,"bu","11:15:56",1929000
12900,-200,100,"bu","11:16:33",1929100
12950,-150,4300,"sd","11:19:13",1933400
12900,-200,200,"sd","11:19:28",1933600
12950,-150,500,"sd","11:19:57",1934100
12950,-150,3100,"sd","11:20:02",1937200
12950,-150,1000,"bu","11:20:10",1938200
12900,-200,100,"bu","11:20:14",1938300
12950,-150,2200,"bu","11:21:05",1940500
12950,-150,200,"bu","11:21:18",1940700
12950,-150,10000,"bu","11:21:26",1950700
12950,-150,1200,"sd","11:21:27",1951900
12950,-150,3000,"sd","11:21:33",1954900
12900,-200,100,"sd","11:21:43",1955000
12950,-150,500,"sd","11:21:49",1955500
12950,-150,10000,"sd","11:21:54",1965500
12950,-150,10100,"bu","11:22:14",1975600
12950,-150,2100,"sd","11:22:32",1977700
12950,-150,1000,"bu","11:22:42",1978700
12900,-200,100,"bu","11:23:14",1978800
12950,-150,5200,"sd","11:24:26",1984000
12950,-150,7700,"bu","11:24:46",1991700
12900,-200,200,"sd","11:24:49",1991900
12950,-150,1000,"bu","11:25:24",1992900
12900,-200,100,"bu","11:25:42",1993000
12950,-150,4700,"bu","11:26:15",1997700
12900,-200,100,"bu","11:26:34",1997800
12950,-150,20000,"sd","11:26:35",2017800
12950,-150,100,"bu","11:26:49",2017900
12900,-200,200,"bu","11:27:15",2018100
12950,-150,3000,"sd","11:27:54",2021100
12900,-200,100,"sd","11:27:59",2021200
12950,-150,2100,"sd","11:29:06",2023300
12900,-200,100,"bu","11:29:33",2023400
12900,-200,30000,"bu","11:29:42",2053400
12950,-150,200,"sd","11:29:46",2053600
12950,-150,5200,"sd","13:00:39",2058800
12900,-200,1000,"bu","13:00:44",2059800
12950,-150,1100,"sd","13:00:50",2060900
12950,-150,1600,"bu","13:00:53",2062500
12950,-150,100,"bu","13:00:58",2062600
12950,-150,6000,"bu","13:01:00",2068600
12900,-200,100,"bu","13:01:01",2068700
12950,-150,500,"sd","13:01:02",2069200
12900,-200,21700,"bu","13:01:03",2090900
12900,-200,200,"sd","13:01:09",2091100
12900,-200,1000,"bu","13:01:12",2092100
12900,-200,1100,"bu","13:01:20",2093200
12900,-200,1000,"sd","13:01:23",2094200
12900,-200,1500,"sd","13:01:44",2095700
12900,-200,100,"sd","13:02:05",2095800
12900,-200,1000,"sd","13:02:18",2096800
12900,-200,44000,"sd","13:02:25",2140800
12900,-200,100,"bu","13:02:48",2140900
12950,-150,50000,"bu","13:02:59",2190900
12950,-150,5400,"sd","13:03:09",2196300
12900,-200,2100,"sd","13:03:32",2198400
12950,-150,500,"sd","13:04:16",2198900
12900,-200,100,"bu","13:04:17",2199000
12950,-150,500,"sd","13:04:30",2199500
12900,-200,100,"sd","13:04:33",2199600
12950,-150,2000,"sd","13:04:45",2201600
12900,-200,200,"sd","13:05:04",2201800
12950,-150,5000,"bu","13:05:10",2206800
12950,-150,1000,"bu","13:05:13",2207800
12950,-150,1500,"bu","13:05:20",2209300
12950,-150,1000,"sd","13:05:39",2210300
12950,-150,2000,"sd","13:05:44",2212300
12900,-200,100,"bu","13:05:49",2212400
12950,-150,2000,"sd","13:05:52",2214400
12900,-200,500,"sd","13:05:57",2214900
12950,-150,1000,"bu","13:05:58",2215900
12900,-200,100,"sd","13:06:36",2216000
12950,-150,5000,"sd","13:06:39",2221000
12950,-150,3000,"bu","13:06:57",2224000
12950,-150,10000,"sd","13:07:09",2234000
12950,-150,100,"bu","13:07:11",2234100
12950,-150,1000,"sd","13:07:12",2235100
12900,-200,100,"bu","13:07:18",2235200
12950,-150,10100,"bu","13:07:36",2245300
12950,-150,900,"sd","13:07:54",2246200
12950,-150,3900,"sd","13:08:05",2250100
12900,-200,100,"sd","13:08:11",2250200
12950,-150,1500,"bu","13:08:24",2251700
12900,-200,2100,"sd","13:08:34",2253800
12900,-200,100,"bu","13:08:56",2253900
12900,-200,200,"sd","13:08:57",2254100
12900,-200,1000,"sd","13:08:59",2255100
12950,-150,10300,"bu","13:09:13",2265400
12950,-150,1000,"bu","13:09:21",2266400
12950,-150,100,"sd","13:09:36",2266500
12950,-150,3100,"sd","13:10:11",2269600
12900,-200,100,"bu","13:10:29",2269700
12900,-200,2000,"sd","13:10:35",2271700
12900,-200,100,"sd","13:11:12",2271800
12900,-200,500,"sd","13:11:23",2272300
12900,-200,1000,"sd","13:11:57",2273300
12900,-200,5000,"sd","13:12:01",2278300
12900,-200,100,"bu","13:12:06",2278400
12900,-200,200,"sd","13:12:49",2278600
12900,-200,2100,"bu","13:13:37",2280700
12900,-200,1600,"bu","13:14:07",2282300
12900,-200,100,"bu","13:14:21",2282400
12900,-200,300,"sd","13:14:29",2282700
12950,-150,800,"bu","13:14:35",2283500
12950,-150,2000,"bu","13:14:57",2285500
12950,-150,1000,"sd","13:15:02",2286500
12900,-200,100,"sd","13:15:06",2286600
12900,-200,209000,"sd","13:15:12",2495600
12950,-150,2100,"bu","13:15:19",2497700
12900,-200,1000,"sd","13:15:31",2498700
12950,-150,300,"sd","13:15:52",2499000
12950,-150,2000,"bu","13:16:21",2501000
12950,-150,1000,"sd","13:16:32",2502000
12900,-200,100,"bu","13:16:38",2502100
12900,-200,1000,"bu","13:16:49",2503100
12900,-200,2300,"sd","13:16:57",2505400
12900,-200,1000,"bu","13:17:08",2506400
12900,-200,5000,"sd","13:17:20",2511400
12900,-200,3500,"bu","13:18:08",2514900
12900,-200,100,"bu","13:18:10",2515000
12950,-150,500,"sd","13:18:17",2515500
12900,-200,600,"sd","13:19:06",2516100
12900,-200,1000,"sd","13:19:17",2517100
12900,-200,100,"bu","13:19:48",2517200
12900,-200,300,"bu","13:20:00",2517500
12900,-200,13500,"sd","13:20:14",2531000
12900,-200,1000,"bu","13:20:25",2532000
12900,-200,10000,"bu","13:20:31",2542000
12900,-200,200,"bu","13:20:39",2542200
12900,-200,12600,"bu","13:20:52",2554800
12900,-200,1000,"sd","13:20:54",2555800
12900,-200,100,"sd","13:21:02",2555900
12900,-200,500,"sd","13:21:04",2556400
12900,-200,1500,"bu","13:21:18",2557900
12850,-250,100,"sd","13:21:23",2558000
12900,-200,200,"sd","13:21:26",2558200
12900,-200,1000,"bu","13:21:28",2559200
12850,-250,800,"sd","13:21:30",2560000
12900,-200,2000,"bu","13:21:33",2562000
12900,-200,10100,"bu","13:21:42",2572100
12900,-200,4600,"bu","13:21:52",2576700
12900,-200,1600,"bu","13:22:02",2578300
12900,-200,100,"bu","13:22:04",2578400
12900,-200,2800,"bu","13:22:22",2581200
12900,-200,100,"bu","13:22:53",2581300
12900,-200,3400,"bu","13:23:51",2584700
12900,-200,10300,"sd","13:24:26",2595000
12950,-150,700,"bu","13:24:53",2595700
12950,-150,300,"bu","13:25:08",2596000
12950,-150,400,"sd","13:25:11",2596400
12900,-200,100,"sd","13:25:16",2596500
12950,-150,60500,"bu","13:25:26",2657000
12950,-150,30000,"bu","13:25:36",2687000
12950,-150,100,"bu","13:25:58",2687100
12950,-150,11800,"bu","13:26:04",2698900
12900,-200,2100,"bu","13:26:42",2701000
12950,-150,2400,"bu","13:26:57",2703400
12950,-150,14900,"sd","13:27:01",2718300
12950,-150,100,"sd","13:27:32",2718400
12950,-150,35300,"bu","13:27:34",2753700
12950,-150,500,"bu","13:27:38",2754200
12950,-150,900,"sd","13:27:59",2755100
12900,-200,200,"bu","13:28:23",2755300
12900,-200,100,"bu","13:29:06",2755400
12900,-200,5000,"bu","13:29:32",2760400
12900,-200,1100,"sd","13:29:50",2761500
12950,-150,1200,"sd","13:30:02",2762700
12900,-200,100,"bu","13:30:35",2762800
12950,-150,10000,"bu","13:30:49",2772800
12900,-200,100,"sd","13:31:19",2772900
12900,-200,10000,"bu","13:31:21",2782900
12900,-200,100,"bu","13:31:24",2783000
12950,-150,400,"sd","13:31:27",2783400
12950,-150,1000,"sd","13:31:55",2784400
12900,-200,100,"sd","13:32:04",2784500
12900,-200,10000,"sd","13:32:24",2794500
12900,-200,100,"bu","13:32:46",2794600
12900,-200,1000,"bu","13:33:16",2795600
12900,-200,200,"bu","13:33:32",2795800
12900,-200,10000,"sd","13:33:45",2805800
12950,-150,300,"sd","13:33:47",2806100
12900,-200,100,"bu","13:34:15",2806200
12900,-200,10000,"sd","13:34:17",2816200
12950,-150,10000,"bu","13:34:18",2826200
12950,-150,20000,"bu","13:34:22",2846200
12950,-150,100,"sd","13:34:40",2846300
12900,-200,1100,"sd","13:35:35",2847400
12900,-200,100,"sd","13:35:45",2847500
12950,-150,300,"bu","13:36:06",2847800
12950,-150,31000,"sd","13:36:10",2878800
12950,-150,1200,"sd","13:36:14",2880000
12950,-150,1000,"bu","13:36:16",2881000
12950,-150,5000,"sd","13:36:18",2886000
12900,-200,300,"sd","13:36:20",2886300
12950,-150,12700,"bu","13:36:22",2899000
12950,-150,500,"bu","13:36:23",2899500
12950,-150,2600,"sd","13:36:29",2902100
12950,-150,19700,"bu","13:36:31",2921800
12950,-150,3000,"sd","13:36:33",2924800
12950,-150,3900,"bu","13:36:35",2928700
12950,-150,100,"bu","13:37:23",2928800
13000,-100,3000,"sd","13:37:33",2931800
13000,-100,100,"bu","13:37:34",2931900
12950,-150,200,"sd","13:37:40",2932100
13000,-100,15000,"bu","13:37:44",2947100
13000,-100,104500,"sd","13:37:48",3051600
13000,-100,300,"bu","13:37:54",3051900
13000,-100,200,"bu","13:38:02",3052100
13050,-50,3400,"bu","13:38:18",3055500
13050,-50,10100,"bu","13:38:31",3065600
13050,-50,100,"sd","13:38:35",3065700
13050,-50,500,"bu","13:38:41",3066200
13050,-50,100,"bu","13:38:48",3066300
13050,-50,600,"bu","13:38:54",3066900
13050,-50,10000,"bu","13:38:58",3076900
13050,-50,6100,"sd","13:39:00",3083000
13100,0,5000,"sd","13:39:24",3088000
13050,-50,1000,"sd","13:39:35",3089000
13050,-50,100,"bu","13:39:47",3089100
13050,-50,1000,"sd","13:40:01",3090100
13050,-50,10000,"sd","13:40:04",3100100
13050,-50,1000,"bu","13:40:06",3101100
13050,-50,4900,"sd","13:40:15",3106000
13050,-50,400,"bu","13:40:27",3106400
13050,-50,1700,"bu","13:40:33",3108100
13050,-50,6200,"sd","13:40:41",3114300
13050,-50,5000,"bu","13:40:52",3119300
13050,-50,100,"sd","13:41:26",3119400
13050,-50,10000,"sd","13:41:47",3129400
13050,-50,500,"sd","13:41:57",3129900
13050,-50,15000,"bu","13:42:06",3144900
13050,-50,600,"bu","13:42:10",3145500
13050,-50,3000,"bu","13:42:12",3148500
13050,-50,7600,"bu","13:42:14",3156100
13050,-50,32800,"bu","13:42:18",3188900
13050,-50,1000,"bu","13:42:25",3189900
13050,-50,1500,"sd","13:42:55",3191400
13000,-100,100,"bu","13:43:05",3191500
13000,-100,6700,"sd","13:43:09",3198200
13000,-100,3000,"bu","13:43:21",3201200
13000,-100,20200,"bu","13:43:54",3221400
13000,-100,4000,"sd","13:43:56",3225400
13000,-100,100,"bu","13:44:10",3225500
13000,-100,10300,"sd","13:44:58",3235800
13000,-100,2000,"sd","13:45:16",3237800
13000,-100,100,"bu","13:45:27",3237900
13000,-100,4100,"sd","13:46:16",3242000
13000,-100,100,"sd","13:46:54",3242100
13050,-50,2500,"sd","13:46:56",3244600
13000,-100,100,"sd","13:47:00",3244700
13000,-100,7000,"bu","13:47:08",3251700
13000,-100,100,"sd","13:47:41",3251800
13000,-100,200,"bu","13:47:56",3252000
13000,-100,100,"sd","13:48:25",3252100
13000,-100,500,"sd","13:48:34",3252600
13050,-50,3600,"sd","13:48:42",3256200
13000,-100,10000,"bu","13:48:53",3266200
13000,-100,200,"sd","13:49:09",3266400
13050,-50,100,"bu","13:49:15",3266500
13050,-50,700,"sd","13:49:51",3267200
13000,-100,100,"bu","13:49:59",3267300
13050,-50,600,"bu","13:50:23",3267900
13000,-100,100,"sd","13:50:43",3268000
13000,-100,2100,"sd","13:52:02",3270100
13000,-100,100,"bu","13:52:06",3270200
13000,-100,3500,"sd","13:52:12",3273700
13000,-100,2600,"bu","13:52:16",3276300
13000,-100,2000,"sd","13:52:25",3278300
13000,-100,500,"bu","13:52:35",3278800
13000,-100,200,"sd","13:53:02",3279000
13000,-100,1100,"bu","13:53:29",3280100
13000,-100,100,"bu","13:53:48",3280200
13000,-100,10100,"sd","13:54:53",3290300
13000,-100,100,"sd","13:55:20",3290400
13050,-50,31000,"bu","13:56:08",3321400
13000,-100,200,"sd","13:56:14",3321600
13000,-100,9500,"sd","13:56:20",3331100
13000,-100,100,"bu","13:56:22",3331200
13000,-100,5000,"sd","13:56:28",3336200
12950,-150,100,"sd","13:56:59",3336300
13000,-100,1000,"sd","13:57:18",3337300
12950,-150,100,"sd","13:57:54",3337400
13000,-100,400,"bu","13:58:09",3337800
13000,-100,1000,"sd","13:58:26",3338800
13000,-100,30200,"bu","13:58:37",3369000
12950,-150,100,"bu","13:58:39",3369100
13000,-100,2000,"sd","13:58:42",3371100
13000,-100,900,"bu","13:58:55",3372000
13000,-100,5000,"bu","13:58:58",3377000
13000,-100,1000,"bu","13:59:00",3378000
13000,-100,2100,"sd","13:59:05",3380100
13000,-100,3800,"bu","13:59:09",3383900
13000,-100,8000,"sd","13:59:15",3391900
13000,-100,1000,"sd","13:59:19",3392900
13000,-100,3200,"sd","13:59:36",3396100
13050,-50,100,"bu","14:00:04",3396200
13050,-50,2700,"sd","14:00:16",3398900
13050,-50,500,"bu","14:00:19",3399400
13050,-50,600,"bu","14:00:23",3400000
13050,-50,100,"bu","14:00:37",3400100
13050,-50,10000,"sd","14:00:39",3410100
13050,-50,8200,"sd","14:00:42",3418300
13050,-50,1000,"bu","14:00:43",3419300
13050,-50,2500,"bu","14:00:46",3421800
13050,-50,21000,"sd","14:00:48",3442800
13050,-50,100,"bu","14:00:54",3442900
13100,0,108700,"sd","14:01:23",3551600
13050,-50,6100,"sd","14:01:37",3557700
13100,0,1000,"bu","14:01:51",3558700
13100,0,100,"sd","14:01:54",3558800
13050,-50,10000,"sd","14:02:00",3568800
13100,0,7000,"bu","14:02:04",3575800
13050,-50,1000,"bu","14:02:14",3576800
13100,0,30000,"bu","14:02:23",3606800
13100,0,900,"sd","14:02:25",3607700
13100,0,4000,"sd","14:02:27",3611700
13100,0,1900,"bu","14:02:36",3613600
13100,0,2500,"sd","14:02:38",3616100
13150,50,600,"sd","14:02:55",3616700
13100,0,1000,"sd","14:04:04",3617700
13100,0,100,"bu","14:04:25",3617800
13100,0,500,"sd","14:04:32",3618300
13100,0,5000,"bu","14:05:00",3623300
13100,0,2000,"sd","14:05:10",3625300
13100,0,100,"bu","14:05:22",3625400
13100,0,3300,"bu","14:05:29",3628700
13100,0,2000,"bu","14:05:39",3630700
13100,0,900,"sd","14:05:41",3631600
13100,0,3500,"sd","14:05:46",3635100
13100,0,300,"bu","14:06:13",3635400
13050,-50,100,"sd","14:06:25",3635500
13050,-50,2100,"sd","14:07:32",3637600
13050,-50,5000,"bu","14:07:50",3642600
13050,-50,4000,"bu","14:08:03",3646600
13050,-50,20000,"sd","14:08:13",3666600
13050,-50,500,"sd","14:08:27",3667100
13050,-50,5000,"bu","14:08:31",3672100
13050,-50,200,"sd","14:08:50",3672300
13050,-50,100,"sd","14:09:00",3672400
13050,-50,500,"bu","14:09:08",3672900
13050,-50,1700,"sd","14:09:38",3674600
13050,-50,100,"bu","14:10:19",3674700
13000,-100,1000,"sd","14:10:28",3675700
13050,-50,2000,"sd","14:11:55",3677700
13050,-50,3000,"bu","14:11:57",3680700
13050,-50,400,"sd","14:12:00",3681100
13050,-50,800,"bu","14:12:09",3681900
13050,-50,1000,"bu","14:12:11",3682900
13050,-50,4500,"bu","14:12:41",3687400
13050,-50,3000,"bu","14:12:48",3690400
13050,-50,1000,"bu","14:12:56",3691400
13050,-50,200,"sd","14:13:07",3691600
13050,-50,1500,"sd","14:13:10",3693100
13050,-50,1100,"bu","14:13:12",3694200
13050,-50,200,"sd","14:13:20",3694400
13050,-50,100,"bu","14:13:34",3694500
13050,-50,600,"bu","14:13:49",3695100
13050,-50,400,"sd","14:13:57",3695500
13000,-100,20000,"bu","14:15:23",3715500
13050,-50,100,"bu","14:15:32",3715600
13050,-50,1000,"bu","14:16:02",3716600
13000,-100,3000,"sd","14:16:16",3719600
13000,-100,2000,"bu","14:16:29",3721600
13000,-100,30000,"bu","14:16:33",3751600
13000,-100,16300,"sd","14:16:36",3767900
13000,-100,1500,"bu","14:16:38",3769400
13000,-100,600,"bu","14:16:43",3770000
13000,-100,5000,"sd","14:16:45",3775000
13000,-100,8000,"sd","14:16:47",3783000
13000,-100,5400,"sd","14:16:56",3788400
13000,-100,2000,"bu","14:17:00",3790400
13000,-100,4000,"bu","14:17:10",3794400
13000,-100,200,"bu","14:17:35",3794600
13000,-100,4000,"bu","14:17:54",3798600
13000,-100,10000,"bu","14:18:02",3808600
13000,-100,1000,"sd","14:18:23",3809600
13000,-100,400,"bu","14:18:49",3810000
13000,-100,15000,"bu","14:19:09",3825000
13000,-100,10000,"bu","14:19:11",3835000
13000,-100,5000,"bu","14:19:13",3840000
13000,-100,1000,"bu","14:19:21",3841000
13050,-50,100,"bu","14:19:26",3841100
13000,-100,2100,"sd","14:19:55",3843200
13050,-50,100,"sd","14:19:58",3843300
13000,-100,62400,"sd","14:20:41",3905700
13000,-100,500,"sd","14:21:09",3906200
12950,-150,5000,"bu","14:21:30",3911200
13000,-100,5000,"bu","14:21:35",3916200
12950,-150,1000,"sd","14:21:44",3917200
12950,-150,3800,"bu","14:22:02",3921000
12950,-150,10800,"bu","14:22:12",3931800
12950,-150,1800,"sd","14:22:24",3933600
12950,-150,10800,"bu","14:22:32",3944400
12950,-150,2000,"sd","14:22:38",3946400
12950,-150,1300,"bu","14:22:51",3947700
12950,-150,4300,"sd","14:22:57",3952000
12950,-150,5000,"bu","14:23:05",3957000
12950,-150,500,"sd","14:23:10",3957500
12950,-150,50000,"bu","14:23:15",4007500
12950,-150,5000,"bu","14:23:22",4012500
12950,-150,500,"sd","14:23:31",4013000
12950,-150,900,"bu","14:23:39",4013900
12950,-150,15000,"bu","14:23:48",4028900
12950,-150,1000,"bu","14:24:01",4029900
12950,-150,2000,"sd","14:24:05",4031900
12950,-150,40000,"bu","14:25:03",4071900
12950,-150,10000,"sd","14:25:06",4081900
12950,-150,6000,"bu","14:25:09",4087900
12950,-150,3900,"sd","14:25:11",4091800
12950,-150,2000,"bu","14:25:25",4093800
12950,-150,1000,"sd","14:25:28",4094800
12950,-150,2000,"bu","14:25:30",4096800
12950,-150,1100,"sd","14:25:35",4097900
12950,-150,400,"sd","14:25:42",4098300
12950,-150,1400,"sd","14:25:49",4099700
12950,-150,12100,"sd","14:25:52",4111800
12950,-150,200,"bu","14:26:15",4112000
12950,-150,1900,"bu","14:26:23",4113900
13000,-100,2000,"sd","14:26:31",4115900
13000,-100,10000,"bu","14:26:50",4125900
13000,-100,2700,"bu","14:26:52",4128600
13000,-100,5000,"sd","14:27:27",4133600
13000,-100,100,"sd","14:28:07",4133700
13000,-100,1900,"bu","14:28:57",4135600
12950,-150,7600,"sd","14:29:35",4143200
12950,-150,7400,"bu","14:29:37",4150600
13000,-100,10000,"bu","14:29:43",4160600
12950,-150,1000,"sd","14:29:45",4161600
12950,-150,3800,"bu","14:29:51",4165400
12950,-150,52900,"sd","14:29:53",4218300
13000,-100,39400,"bu","14:29:56",4257700
13000,-100,149800,"sd","14:45:08",4407500
