"price","change","match_qtty","side","time","total_vol"
10200,0,7000,"sd","09:00:23",7000
10200,0,20000,"sd","09:00:36",27000
10200,0,10000,"sd","09:04:14",37000
10100,-100,2000,"sd","09:04:21",39000
10100,-100,5000,"sd","09:05:19",44000
10200,0,1000,"sd","09:05:26",45000
10100,-100,40000,"bu","09:08:30",85000
10100,-100,290000,"bu","09:08:33",375000
10100,-100,10000,"sd","09:09:00",385000
10100,-100,49000,"sd","09:10:49",434000
10100,-100,5000,"sd","09:11:29",439000
10100,-100,15000,"bu","09:11:40",454000
10100,-100,31000,"sd","09:11:47",485000
10100,-100,1000,"sd","09:12:00",486000
10100,-100,18000,"bu","09:12:05",504000
10100,-100,20000,"bu","09:12:13",524000
10200,0,1000,"bu","09:13:23",525000
10100,-100,113000,"sd","09:14:46",638000
10100,-100,20000,"bu","09:15:11",658000
10100,-100,10000,"bu","09:15:17",668000
10100,-100,87000,"bu","09:15:19",755000
10100,-100,3000,"sd","09:15:26",758000
10100,-100,1000,"bu","09:15:31",759000
10100,-100,10000,"sd","09:16:35",769000
10100,-100,10000,"sd","09:17:57",779000
10100,-100,2000,"sd","09:20:13",781000
10100,-100,1000,"bu","09:21:01",782000
10200,0,1000,"sd","09:21:13",783000
10100,-100,30000,"bu","09:25:04",813000
10200,0,2000,"bu","09:26:16",815000
10200,0,21000,"sd","09:26:59",836000
10200,0,1000,"bu","09:27:18",837000
10100,-100,7000,"sd","09:37:23",844000
10100,-100,5000,"sd","09:38:13",849000
10100,-100,1000,"bu","09:38:47",850000
10200,0,2000,"sd","09:39:55",852000
10100,-100,14000,"sd","09:40:40",866000
10200,0,3000,"sd","09:41:28",869000
10200,0,5000,"sd","09:44:46",874000
10200,0,40000,"sd","09:47:25",914000
10200,0,900000,"bu","09:47:43",1814000
10200,0,100000,"sd","09:48:01",1914000
10200,0,9000,"sd","09:48:06",1923000
10200,0,6000,"bu","09:48:22",1929000
10300,100,2000,"bu","09:48:42",1931000
10300,100,2000,"sd","09:49:07",1933000
10200,0,108000,"sd","09:51:35",2041000
10200,0,1000,"sd","09:51:58",2042000
10200,0,3000,"bu","09:54:34",2045000
10200,0,5000,"bu","09:55:02",2050000
10200,0,1000,"bu","09:57:11",2051000
10200,0,3000,"sd","09:57:18",2054000
10100,-100,1000,"bu","10:03:47",2055000
10200,0,1000,"bu","10:03:58",2056000
10200,0,5000,"sd","10:04:58",2061000
10200,0,10000,"sd","10:05:24",2071000
10200,0,1000,"sd","10:11:01",2072000
10200,0,20000,"bu","10:11:05",2092000
10200,0,30000,"bu","10:11:19",2122000
10200,0,5000,"sd","10:12:31",2127000
10200,0,1000,"bu","10:13:34",2128000
10200,0,1000,"bu","10:16:04",2129000
10200,0,1000,"sd","10:16:47",2130000
10200,0,1000,"bu","10:16:56",2131000
10200,0,1000,"sd","10:19:44",2132000
10200,0,5000,"sd","10:20:29",2137000
10200,0,10000,"bu","10:22:30",2147000
10100,-100,5000,"bu","10:22:50",2152000
10200,0,1000,"bu","10:25:44",2153000
10200,0,13000,"bu","10:29:16",2166000
10100,-100,2000,"bu","10:30:18",2168000
10100,-100,100000,"sd","10:34:16",2268000
10200,0,1000,"bu","10:43:20",2269000
10200,0,2000,"bu","10:44:14",2271000
10100,-100,1000,"sd","10:44:38",2272000
10200,0,1000,"bu","10:47:59",2273000
10100,-100,5000,"bu","10:54:23",2278000
10100,-100,3000,"sd","10:54:31",2281000
10100,-100,30000,"bu","10:55:46",2311000
10200,0,1000,"bu","10:59:19",2312000
10100,-100,2000,"sd","10:59:50",2314000
10100,-100,17000,"sd","11:03:04",2331000
10100,-100,5000,"bu","11:03:47",2336000
10100,-100,103000,"bu","11:08:22",2439000
10100,-100,130000,"sd","11:08:26",2569000
10100,-100,12000,"sd","11:11:23",2581000
10100,-100,1000,"bu","11:13:41",2582000
10200,0,10000,"sd","11:15:30",2592000
10200,0,1000,"sd","11:20:14",2593000
10100,-100,10000,"bu","11:22:26",2603000
10200,0,1000,"sd","13:00:07",2604000
10200,0,3000,"sd","13:05:23",2607000
10200,0,500000,"sd","13:06:31",3107000
10200,0,40000,"bu","13:09:16",3147000
10200,0,3000,"bu","13:09:49",3150000
10200,0,1000,"bu","13:10:30",3151000
10200,0,10000,"bu","13:11:25",3161000
10200,0,1000,"sd","13:11:29",3162000
10100,-100,1000,"bu","13:12:29",3163000
10200,0,60000,"sd","13:13:43",3223000
10200,0,10000,"sd","13:14:17",3233000
10200,0,2000,"bu","13:14:18",3235000
10200,0,10000,"sd","13:16:02",3245000
10300,100,1000,"bu","13:16:07",3246000
10300,100,5000,"sd","13:25:05",3251000
10200,0,4000,"bu","13:28:41",3255000
10200,0,7000,"sd","13:28:42",3262000
10200,0,10000,"sd","13:30:05",3272000
10200,0,10000,"sd","13:31:57",3282000
10200,0,1000,"sd","13:34:55",3283000
10300,100,1000,"bu","13:35:12",3284000
10200,0,1000,"bu","13:43:27",3285000
10200,0,10000,"sd","13:43:35",3295000
10300,100,1000,"bu","13:45:16",3296000
10200,0,10000,"sd","13:48:37",3306000
10200,0,123000,"bu","13:49:03",3429000
10200,0,20000,"bu","13:50:38",3449000
10200,0,15000,"bu","13:52:01",3464000
10200,0,108000,"bu","13:52:14",3572000
10200,0,1000,"sd","13:52:20",3573000
10200,0,1000,"sd","13:54:52",3574000
10200,0,10000,"sd","13:56:58",3584000
10200,0,20000,"bu","13:57:58",3604000
10300,100,2000,"sd","13:59:33",3606000
10300,100,500000,"bu","14:00:23",4106000
10300,100,10000,"bu","14:02:54",4116000
10300,100,10000,"bu","14:02:57",4126000
10300,100,1000,"sd","14:07:54",4127000
10200,0,5000,"sd","14:09:24",4132000
10200,0,20000,"bu","14:10:09",4152000
10200,0,20000,"bu","14:10:14",4172000
10300,100,1000,"sd","14:11:28",4173000
10200,0,10000,"bu","14:14:09",4183000
10200,0,5000,"bu","14:15:31",4188000
10200,0,30000,"sd","14:15:36",4218000
10200,0,1000,"bu","14:15:46",4219000
10200,0,10000,"sd","14:17:27",4229000
10200,0,1000,"bu","14:17:52",4230000
10200,0,10000,"bu","14:19:50",4240000
10200,0,1000,"sd","14:20:13",4241000
10200,0,1000,"bu","14:21:00",4242000
10200,0,3000,"bu","14:22:21",4245000
10200,0,20000,"bu","14:23:06",4265000
10200,0,260000,"sd","14:23:17",4525000
10200,0,113000,"bu","14:23:21",4638000
10200,0,10000,"bu","14:25:03",4648000
10200,0,10000,"bu","14:26:18",4658000
10200,0,2000,"bu","14:26:51",4660000
10200,0,10000,"bu","14:29:28",4670000
10200,0,10000,"sd","14:29:54",4680000
10200,0,8000,"bu","14:30:22",4688000
10200,0,10000,"sd","14:31:16",4698000
10200,0,5000,"sd","14:31:22",4703000
10200,0,1000,"bu","14:32:23",4704000
10200,0,15000,"bu","14:33:40",4719000
10200,0,1000,"sd","14:35:12",4720000
10200,0,10000,"bu","14:35:57",4730000
10200,0,5000,"bu","14:36:55",4735000
10200,0,6000,"sd","14:37:49",4741000
10200,0,30000,"bu","14:38:39",4771000
10200,0,50000,"sd","14:39:54",4821000
10200,0,1000,"sd","14:40:45",4822000
10200,0,5000,"bu","14:40:49",4827000
10300,100,6000,"bu","14:42:41",4833000
10200,0,20000,"sd","14:50:33",4853000
10300,100,1000,"sd","14:52:43",4854000
