"price","change","match_qtty","side","time","total_vol"
11550,-100,290300,"sd","09:15:06",290300
11500,-150,500,"bu","09:15:16",290800
11550,-100,200,"bu","09:15:17",291000
11500,-150,400,"bu","09:15:18",291400
11500,-150,1000,"sd","09:15:22",292400
11550,-100,4000,"bu","09:15:29",296400
11500,-150,27100,"bu","09:15:52",323500
11500,-150,51300,"sd","09:15:52",374800
11500,-150,500,"bu","09:16:08",375300
11500,-150,1000,"bu","09:16:17",376300
11500,-150,1500,"sd","09:16:54",377800
11500,-150,75000,"bu","09:16:58",452800
11500,-150,1000,"bu","09:17:28",453800
11500,-150,1200,"sd","09:17:48",455000
11500,-150,1700,"bu","09:17:53",456700
11500,-150,500,"sd","09:17:56",457200
11500,-150,2000,"sd","09:17:57",459200
11500,-150,2500,"sd","09:17:59",461700
11550,-100,3000,"sd","09:18:10",464700
11550,-100,100,"bu","09:18:42",464800
11500,-150,600,"sd","09:18:59",465400
11500,-150,200,"sd","09:19:34",465600
11500,-150,8500,"bu","09:19:39",474100
11500,-150,98600,"sd","09:19:56",572700
11500,-150,8800,"bu","09:20:07",581500
11500,-150,10100,"bu","09:20:13",591600
11500,-150,50000,"sd","09:20:16",641600
11500,-150,900,"bu","09:20:18",642500
11500,-150,100,"bu","09:20:29",642600
11500,-150,6900,"sd","09:20:38",649500
11500,-150,100,"sd","09:20:48",649600
11500,-150,1000,"bu","09:20:50",650600
11500,-150,100,"sd","09:21:07",650700
11500,-150,3000,"bu","09:21:08",653700
11500,-150,2000,"sd","09:21:15",655700
11500,-150,1000,"sd","09:21:17",656700
11500,-150,100,"bu","09:21:23",656800
11500,-150,1000,"bu","09:21:27",657800
11500,-150,300,"sd","09:21:27",658100
11500,-150,100,"bu","09:21:28",658200
11500,-150,7500,"bu","09:21:51",665700
11500,-150,3000,"bu","09:21:55",668700
11450,-200,4500,"bu","09:22:06",673200
11500,-150,500,"sd","09:22:07",673700
11500,-150,5000,"sd","09:22:07",678700
11500,-150,1000,"sd","09:22:20",679700
11500,-150,5000,"sd","09:22:21",684700
11500,-150,100,"bu","09:22:24",684800
11500,-150,800,"sd","09:22:32",685600
11500,-150,1000,"sd","09:22:39",686600
11500,-150,50000,"sd","09:22:40",736600
11500,-150,500,"sd","09:22:43",737100
11500,-150,1000,"bu","09:22:47",738100
11500,-150,3000,"bu","09:22:56",741100
11500,-150,5000,"bu","09:22:56",746100
11500,-150,10000,"sd","09:23:01",756100
11500,-150,3600,"sd","09:23:02",759700
11500,-150,2400,"bu","09:23:14",762100
11500,-150,700,"bu","09:23:14",762800
11500,-150,1900,"sd","09:23:17",764700
11500,-150,200,"sd","09:23:48",764900
11500,-150,200,"sd","09:24:11",765100
11500,-150,1000,"sd","09:24:19",766100
11500,-150,200,"sd","09:24:39",766300
11500,-150,16000,"bu","09:24:42",782300
11500,-150,7500,"bu","09:24:50",789800
11500,-150,1600,"bu","09:25:18",791400
11500,-150,2000,"bu","09:25:23",793400
11500,-150,1600,"bu","09:25:32",795000
11500,-150,2400,"bu","09:25:38",797400
11500,-150,1600,"bu","09:25:44",799000
11500,-150,1600,"bu","09:25:51",800600
11500,-150,1600,"bu","09:26:00",802200
11500,-150,400,"sd","09:26:05",802600
11500,-150,1600,"sd","09:26:13",804200
11500,-150,4600,"bu","09:26:32",808800
11550,-100,64000,"sd","09:26:35",872800
11550,-100,100,"sd","09:26:46",872900
11550,-100,600,"sd","09:26:47",873500
11550,-100,100,"sd","09:27:14",873600
11500,-150,1600,"sd","09:27:24",875200
11500,-150,1000,"bu","09:27:42",876200
11500,-150,300,"sd","09:28:09",876500
11500,-150,1000,"bu","09:28:27",877500
11550,-100,100,"bu","09:28:36",877600
11500,-150,2400,"sd","09:29:05",880000
11550,-100,100,"bu","09:29:25",880100
11550,-100,15000,"bu","09:29:42",895100
11550,-100,200,"bu","09:29:54",895300
11500,-150,100,"sd","09:30:02",895400
11550,-100,1300,"sd","09:30:15",896700
11500,-150,2000,"sd","09:30:16",898700
11550,-100,300,"bu","09:30:16",899000
11550,-100,15000,"sd","09:30:20",914000
11500,-150,8000,"sd","09:30:28",922000
11550,-100,500,"sd","09:30:29",922500
11500,-150,100,"sd","09:30:43",922600
11500,-150,8000,"bu","09:31:13",930600
11500,-150,6100,"sd","09:31:15",936700
11500,-150,500,"sd","09:31:26",937200
11550,-100,5000,"sd","09:31:31",942200
11500,-150,100,"bu","09:31:42",942300
11550,-100,500,"bu","09:31:44",942800
11550,-100,500,"sd","09:31:55",943300
11500,-150,50000,"sd","09:32:08",993300
11500,-150,2400,"sd","09:32:11",995700
11500,-150,1600,"bu","09:32:27",997300
11500,-150,9500,"sd","09:32:32",1006800
11500,-150,30000,"bu","09:32:57",1036800
11500,-150,26000,"bu","09:33:03",1062800
11500,-150,900,"sd","09:33:05",1063700
11500,-150,2000,"sd","09:33:07",1065700
11500,-150,2000,"bu","09:33:09",1067700
11500,-150,32400,"bu","09:33:11",1100100
11500,-150,100,"sd","09:34:20",1100200
11500,-150,300,"bu","09:34:30",1100500
11500,-150,4000,"bu","09:34:41",1104500
11500,-150,400,"sd","09:34:50",1104900
11500,-150,200,"sd","09:35:16",1105100
11500,-150,800,"sd","09:35:41",1105900
11500,-150,200,"bu","09:35:54",1106100
11500,-150,2000,"sd","09:35:57",1108100
11450,-200,300,"bu","09:35:58",1108400
11500,-150,800,"sd","09:36:02",1109200
11500,-150,3000,"bu","09:36:28",1112200
11450,-200,1700,"bu","09:36:54",1113900
11450,-200,200,"bu","09:37:09",1114100
11500,-150,60000,"sd","09:37:10",1174100
11500,-150,2600,"sd","09:37:16",1176700
11500,-150,6000,"bu","09:37:18",1182700
11500,-150,1000,"bu","09:37:25",1183700
11500,-150,2200,"sd","09:37:28",1185900
11500,-150,100,"bu","09:37:29",1186000
11500,-150,400,"bu","09:37:30",1186400
11500,-150,7700,"bu","09:37:55",1194100
11500,-150,2300,"sd","09:37:56",1196400
11500,-150,300,"sd","09:38:02",1196700
11500,-150,3600,"bu","09:38:06",1200300
11500,-150,8600,"bu","09:38:10",1208900
11550,-100,100,"sd","09:38:16",1209000
11500,-150,200,"sd","09:38:34",1209200
11550,-100,800,"bu","09:39:37",1210000
11550,-100,1000,"sd","09:40:16",1211000
11500,-150,600,"bu","09:40:37",1211600
11500,-150,3000,"sd","09:40:43",1214600
11550,-100,25000,"sd","09:40:44",1239600
11550,-100,100,"bu","09:41:33",1239700
11550,-100,2100,"bu","09:42:01",1241800
11550,-100,10000,"bu","09:42:12",1251800
11450,-200,80000,"sd","09:42:12",1331800
11450,-200,500,"bu","09:42:25",1332300
11500,-150,2400,"sd","09:43:18",1334700
11500,-150,2400,"bu","09:44:15",1337100
11500,-150,300,"sd","09:44:19",1337400
11500,-150,500,"bu","09:44:20",1337900
11500,-150,100,"bu","09:44:58",1338000
11550,-100,600,"sd","09:46:12",1338600
11550,-100,100,"bu","09:46:31",1338700
11550,-100,500,"bu","09:46:51",1339200
11500,-150,2400,"sd","09:46:52",1341600
11500,-150,2200,"sd","09:47:02",1343800
11550,-100,300,"bu","09:47:13",1344100
11550,-100,2000,"bu","09:47:18",1346100
11550,-100,100,"sd","09:47:27",1346200
11550,-100,10000,"sd","09:47:31",1356200
11500,-150,100,"bu","09:47:36",1356300
11500,-150,2500,"bu","09:48:06",1358800
11550,-100,500,"sd","09:48:26",1359300
11500,-150,200,"sd","09:48:27",1359500
11500,-150,2400,"sd","09:48:29",1361900
11550,-100,200,"sd","09:48:33",1362100
11550,-100,600,"sd","09:49:04",1362700
11550,-100,20000,"sd","09:49:10",1382700
11550,-100,30000,"bu","09:49:35",1412700
11550,-100,500,"sd","09:49:38",1413200
11550,-100,1000,"bu","09:49:39",1414200
11550,-100,10000,"sd","09:49:47",1424200
11550,-100,16000,"sd","09:49:48",1440200
11550,-100,600,"bu","09:49:53",1440800
11550,-100,6500,"bu","09:49:53",1447300
11550,-100,1000,"bu","09:49:56",1448300
11550,-100,100,"bu","09:49:59",1448400
11550,-100,3000,"bu","09:50:00",1451400
11550,-100,1000,"sd","09:50:03",1452400
11550,-100,2700,"sd","09:50:08",1455100
11550,-100,100,"sd","09:50:09",1455200
11550,-100,1300,"bu","09:50:09",1456500
11550,-100,100,"bu","09:50:13",1456600
11550,-100,5000,"bu","09:50:37",1461600
11550,-100,2400,"bu","09:50:49",1464000
11650,0,304700,"sd","09:50:52",1768700
11700,50,4400,"bu","09:50:53",1773100
11650,0,1800,"bu","09:50:57",1774900
11650,0,29800,"sd","09:51:09",1804700
11650,0,10000,"bu","09:51:25",1814700
11650,0,1000,"bu","09:51:29",1815700
11700,50,200,"sd","09:51:30",1815900
11650,0,2400,"bu","09:51:33",1818300
11650,0,2000,"bu","09:51:37",1820300
11650,0,64000,"sd","09:51:41",1884300
11650,0,45900,"sd","09:51:50",1930200
11650,0,2000,"sd","09:51:52",1932200
11650,0,1000,"bu","09:51:53",1933200
11650,0,20000,"bu","09:51:56",1953200
11650,0,3000,"sd","09:52:00",1956200
11650,0,12400,"sd","09:52:01",1968600
11600,-50,2400,"bu","09:52:12",1971000
11650,0,10000,"sd","09:52:28",1981000
11650,0,100,"sd","09:53:03",1981100
11650,0,500,"bu","09:53:13",1981600
11600,-50,100,"sd","09:54:08",1981700
11600,-50,2600,"bu","09:54:48",1984300
11600,-50,1000,"sd","09:55:04",1985300
11600,-50,3100,"bu","09:55:11",1988400
11600,-50,700,"sd","09:55:18",1989100
11600,-50,100,"sd","09:55:23",1989200
11550,-100,1700,"bu","09:55:27",1990900
11550,-100,1600,"bu","09:55:29",1992500
11600,-50,200,"sd","09:56:25",1992700
11550,-100,1100,"bu","09:56:41",1993800
11600,-50,60000,"bu","09:57:22",2053800
11550,-100,2400,"sd","09:57:46",2056200
11550,-100,200,"bu","09:58:06",2056400
11550,-100,700,"bu","09:58:09",2057100
11550,-100,100,"bu","09:58:13",2057200
11550,-100,3900,"sd","09:58:27",2061100
11550,-100,1500,"sd","09:58:38",2062600
11600,-50,100,"bu","09:58:58",2062700
11550,-100,1600,"sd","10:00:08",2064300
11550,-100,1600,"sd","10:00:09",2065900
11550,-100,5000,"sd","10:00:19",2070900
11550,-100,2400,"bu","10:01:21",2073300
11600,-50,300,"bu","10:02:20",2073600
11600,-50,1000,"bu","10:03:10",2074600
11550,-100,1000,"sd","10:03:16",2075600
11550,-100,15000,"sd","10:04:09",2090600
11550,-100,4100,"bu","10:04:44",2094700
11550,-100,100,"sd","10:04:55",2094800
11550,-100,300,"bu","10:05:06",2095100
11550,-100,1800,"sd","10:05:18",2096900
11600,-50,600,"sd","10:06:25",2097500
11600,-50,2000,"bu","10:07:55",2099500
11600,-50,200,"bu","10:08:06",2099700
11550,-100,100,"bu","10:08:26",2099800
11600,-50,3300,"sd","10:10:35",2103100
11600,-50,2000,"sd","10:10:40",2105100
11600,-50,300,"bu","10:10:45",2105400
11550,-100,2100,"bu","10:10:51",2107500
11600,-50,100,"bu","10:11:00",2107600
11550,-100,2200,"bu","10:11:02",2109800
11550,-100,100,"sd","10:11:15",2109900
11550,-100,200,"sd","10:11:24",2110100
11550,-100,300,"bu","10:11:34",2110400
11550,-100,1200,"sd","10:12:02",2111600
11600,-50,200,"sd","10:13:27",2111800
11600,-50,15000,"sd","10:13:36",2126800
11550,-100,800,"sd","10:13:52",2127600
11600,-50,200,"sd","10:14:20",2127800
11550,-100,2800,"sd","10:14:22",2130600
11600,-50,100,"sd","10:14:35",2130700
11600,-50,1000,"sd","10:14:43",2131700
11550,-100,800,"sd","10:14:44",2132500
11550,-100,8500,"bu","10:14:48",2141000
11550,-100,600,"sd","10:14:53",2141600
11600,-50,16000,"sd","10:15:01",2157600
11600,-50,200,"sd","10:15:07",2157800
11600,-50,3000,"bu","10:15:08",2160800
11600,-50,800,"bu","10:15:48",2161600
11600,-50,1600,"sd","10:16:01",2163200
11600,-50,5000,"bu","10:16:03",2168200
11600,-50,5000,"sd","10:16:09",2173200
11600,-50,100,"sd","10:16:16",2173300
11600,-50,500,"bu","10:16:19",2173800
11600,-50,300,"sd","10:16:23",2174100
11550,-100,1200,"bu","10:16:40",2175300
11600,-50,400,"bu","10:16:41",2175700
11600,-50,5000,"sd","10:16:47",2180700
11600,-50,2400,"sd","10:16:59",2183100
11600,-50,800,"sd","10:17:14",2183900
11550,-100,1900,"bu","10:17:37",2185800
11550,-100,800,"bu","10:17:40",2186600
11600,-50,100,"bu","10:17:55",2186700
11550,-100,800,"sd","10:17:56",2187500
11550,-100,100,"sd","10:17:58",2187600
11550,-100,800,"bu","10:18:04",2188400
11550,-100,1200,"sd","10:19:45",2189600
11550,-100,800,"bu","10:19:48",2190400
11600,-50,3600,"sd","10:21:37",2194000
11600,-50,300,"bu","10:21:51",2194300
11600,-50,15000,"bu","10:23:25",2209300
11550,-100,300,"sd","10:23:37",2209600
11600,-50,10000,"bu","10:23:38",2219600
11600,-50,6800,"sd","10:24:18",2226400
11600,-50,500,"bu","10:24:42",2226900
11600,-50,100,"sd","10:24:44",2227000
11600,-50,200,"bu","10:25:03",2227200
11600,-50,300,"bu","10:25:13",2227500
11550,-100,10000,"sd","10:26:07",2237500
11550,-100,100,"sd","10:26:28",2237600
11600,-50,10000,"sd","10:26:35",2247600
11550,-100,7000,"bu","10:27:02",2254600
11600,-50,800,"sd","10:27:07",2255400
11600,-50,1000,"sd","10:27:33",2256400
11550,-100,10000,"bu","10:27:40",2266400
11550,-100,1100,"sd","10:28:08",2267500
11550,-100,20000,"bu","10:28:14",2287500
11550,-100,2500,"sd","10:28:22",2290000
11550,-100,100,"sd","10:28:37",2290100
11550,-100,10000,"sd","10:29:39",2300100
11550,-100,17600,"sd","10:29:42",2317700
11550,-100,7800,"bu","10:30:21",2325500
11600,-50,800,"sd","10:30:59",2326300
11600,-50,1000,"sd","10:31:38",2327300
11600,-50,1800,"sd","10:32:21",2329100
11600,-50,1000,"bu","10:32:32",2330100
11600,-50,800,"sd","10:33:30",2330900
11600,-50,900,"bu","10:34:17",2331800
11600,-50,300,"bu","10:36:21",2332100
11550,-100,1200,"bu","10:37:39",2333300
11550,-100,500,"bu","10:37:45",2333800
11550,-100,600,"sd","10:37:51",2334400
11550,-100,1600,"bu","10:37:54",2336000
11550,-100,800,"sd","10:38:10",2336800
11600,-50,500,"sd","10:38:22",2337300
11550,-100,800,"bu","10:38:26",2338100
11550,-100,800,"sd","10:38:35",2338900
11550,-100,800,"bu","10:38:41",2339700
11550,-100,4400,"bu","10:39:41",2344100
11550,-100,800,"sd","10:39:44",2344900
11600,-50,100,"bu","10:39:51",2345000
11600,-50,900,"bu","10:40:11",2345900
11600,-50,1000,"sd","10:40:33",2346900
11600,-50,1100,"sd","10:43:04",2348000
11600,-50,100,"bu","10:44:52",2348100
11600,-50,500,"bu","10:45:18",2348600
11600,-50,300,"sd","10:49:25",2348900
11550,-100,6000,"bu","10:49:37",2354900
11600,-50,400,"bu","10:51:27",2355300
11600,-50,100,"sd","10:51:50",2355400
11550,-100,200,"sd","10:52:27",2355600
11600,-50,3200,"bu","10:53:09",2358800
11550,-100,100,"bu","10:54:18",2358900
11600,-50,1100,"sd","10:59:47",2360000
11550,-100,2800,"sd","11:00:29",2362800
11600,-50,800,"bu","11:00:47",2363600
11550,-100,26000,"bu","11:01:07",2389600
11600,-50,800,"sd","11:01:13",2390400
11550,-100,200,"bu","11:01:15",2390600
11600,-50,800,"sd","11:01:57",2391400
11600,-50,700,"bu","11:02:49",2392100
11600,-50,5000,"sd","11:02:51",2397100
11600,-50,5100,"sd","11:03:22",2402200
11600,-50,3000,"bu","11:04:03",2405200
11600,-50,700,"bu","11:06:18",2405900
11600,-50,100,"sd","11:07:27",2406000
11600,-50,2000,"sd","11:07:58",2408000
11600,-50,100,"sd","11:08:34",2408100
11600,-50,600,"bu","11:10:25",2408700
11600,-50,100,"bu","11:10:47",2408800
11600,-50,3900,"bu","11:12:06",2412700
11600,-50,100,"bu","11:13:01",2412800
11600,-50,800,"sd","11:15:46",2413600
11600,-50,100,"sd","11:16:23",2413700
11600,-50,3800,"sd","11:16:31",2417500
11600,-50,100,"sd","11:16:37",2417600
11600,-50,800,"bu","11:16:41",2418400
11600,-50,2400,"bu","11:16:48",2420800
11600,-50,800,"sd","11:16:49",2421600
11600,-50,200,"bu","11:17:24",2421800
11600,-50,100,"bu","11:17:30",2421900
11600,-50,800,"bu","11:17:37",2422700
11600,-50,7400,"sd","11:17:47",2430100
11600,-50,800,"sd","11:17:48",2430900
11600,-50,5000,"sd","11:17:49",2435900
11600,-50,3400,"sd","11:17:55",2439300
11600,-50,1600,"bu","11:17:57",2440900
11600,-50,8200,"sd","11:18:03",2449100
11600,-50,1900,"sd","11:18:08",2451000
11600,-50,2400,"bu","11:18:11",2453400
11600,-50,50000,"sd","11:18:19",2503400
11600,-50,10000,"sd","11:18:24",2513400
11600,-50,200,"sd","11:18:25",2513600
11600,-50,5000,"bu","11:18:37",2518600
11650,0,800,"sd","11:18:58",2519400
11600,-50,3400,"bu","11:19:25",2522800
11650,0,800,"sd","11:20:23",2523600
11650,0,10800,"bu","11:20:34",2534400
11600,-50,2000,"bu","11:20:36",2536400
11600,-50,3000,"bu","11:20:47",2539400
11600,-50,15000,"sd","11:21:41",2554400
11600,-50,1100,"sd","11:23:21",2555500
11600,-50,22400,"sd","11:24:50",2577900
11600,-50,900,"sd","11:24:54",2578800
11600,-50,100,"sd","11:25:19",2578900
11600,-50,200,"bu","11:25:32",2579100
11600,-50,6000,"sd","11:27:21",2585100
11650,0,8500,"sd","11:27:59",2593600
11650,0,2400,"bu","11:28:29",2596000
11650,0,100,"bu","11:28:41",2596100
11650,0,1700,"bu","11:29:23",2597800
11650,0,1900,"sd","11:29:28",2599700
11650,0,100,"bu","11:29:30",2599800
11650,0,500,"bu","11:29:32",2600300
11600,-50,300,"sd","11:29:44",2600600
11600,-50,5200,"bu","13:00:34",2605800
11650,0,100,"sd","13:00:35",2605900
11600,-50,1300,"sd","13:00:36",2607200
11600,-50,4900,"bu","13:00:48",2612100
11600,-50,300,"sd","13:00:49",2612400
11600,-50,20200,"bu","13:00:51",2632600
11600,-50,2000,"sd","13:00:52",2634600
11650,0,10000,"bu","13:00:57",2644600
11600,-50,100,"bu","13:00:57",2644700
11600,-50,11300,"bu","13:01:02",2656000
11650,0,800,"bu","13:01:46",2656800
11650,0,2400,"sd","13:01:48",2659200
11650,0,4000,"bu","13:01:57",2663200
11650,0,100,"bu","13:02:02",2663300
11650,0,2400,"sd","13:02:06",2665700
11600,-50,600,"bu","13:02:11",2666300
11650,0,800,"sd","13:02:19",2667100
11650,0,7400,"sd","13:02:51",2674500
11650,0,800,"bu","13:02:55",2675300
11650,0,800,"bu","13:02:59",2676100
11650,0,900,"sd","13:03:10",2677000
11650,0,800,"bu","13:03:12",2677800
11650,0,2600,"bu","13:03:36",2680400
11650,0,800,"bu","13:03:38",2681200
11650,0,1900,"sd","13:03:40",2683100
11650,0,7800,"sd","13:03:43",2690900
11650,0,2400,"bu","13:03:45",2693300
11650,0,2400,"bu","13:03:49",2695700
11650,0,2400,"bu","13:03:56",2698100
11650,0,800,"bu","13:04:01",2698900
11650,0,1100,"sd","13:04:11",2700000
11650,0,100,"sd","13:04:17",2700100
11650,0,2400,"sd","13:04:20",2702500
11650,0,50000,"sd","13:04:22",2752500
11650,0,500,"sd","13:04:27",2753000
11650,0,500,"sd","13:04:37",2753500
11650,0,1000,"bu","13:04:45",2754500
11650,0,1100,"sd","13:05:23",2755600
11650,0,1000,"sd","13:06:09",2756600
11650,0,1400,"bu","13:06:16",2758000
11650,0,100,"bu","13:06:30",2758100
11650,0,1000,"bu","13:06:38",2759100
11650,0,100,"bu","13:07:38",2759200
11650,0,1100,"sd","13:09:00",2760300
11650,0,100,"sd","13:09:13",2760400
11650,0,1100,"bu","13:09:49",2761500
11600,-50,1700,"bu","13:09:59",2763200
11600,-50,200,"bu","13:10:08",2763400
11600,-50,1000,"sd","13:10:21",2764400
11600,-50,600,"bu","13:10:39",2765000
11600,-50,300,"sd","13:11:11",2765300
11600,-50,37000,"bu","13:11:31",2802300
11600,-50,3000,"sd","13:11:45",2805300
11600,-50,1000,"sd","13:11:46",2806300
11600,-50,1200,"bu","13:12:00",2807500
11600,-50,1000,"sd","13:12:11",2808500
11600,-50,3000,"bu","13:12:26",2811500
11600,-50,300,"sd","13:12:27",2811800
11600,-50,20000,"sd","13:12:39",2831800
11600,-50,500,"sd","13:12:48",2832300
11650,0,600,"bu","13:13:13",2832900
11650,0,2400,"bu","13:13:27",2835300
11650,0,800,"sd","13:13:34",2836100
11600,-50,34400,"bu","13:14:02",2870500
11650,0,800,"sd","13:14:08",2871300
11650,0,2400,"bu","13:14:13",2873700
11650,0,800,"sd","13:14:15",2874500
11650,0,100,"bu","13:14:20",2874600
11650,0,800,"bu","13:14:35",2875400
11650,0,3200,"sd","13:14:42",2878600
11650,0,800,"bu","13:14:47",2879400
11650,0,100,"bu","13:15:27",2879500
11600,-50,2000,"bu","13:16:08",2881500
11650,0,50000,"sd","13:16:16",2931500
11650,0,100,"sd","13:16:33",2931600
11650,0,16100,"bu","13:17:16",2947700
11650,0,100,"sd","13:17:41",2947800
11650,0,10000,"sd","13:17:51",2957800
11650,0,2000,"bu","13:18:05",2959800
11650,0,50200,"bu","13:18:19",3010000
11650,0,20300,"bu","13:18:49",3030300
11650,0,100,"bu","13:18:56",3030400
11650,0,3500,"bu","13:18:58",3033900
11650,0,4200,"sd","13:19:19",3038100
11650,0,2000,"sd","13:19:20",3040100
11650,0,200,"sd","13:19:24",3040300
11650,0,1000,"bu","13:19:34",3041300
11650,0,1200,"bu","13:19:39",3042500
11650,0,100,"sd","13:19:45",3042600
11650,0,1400,"bu","13:20:27",3044000
11650,0,100,"sd","13:20:28",3044100
11600,-50,1100,"sd","13:23:43",3045200
11650,0,2400,"bu","13:23:47",3047600
11650,0,100,"bu","13:24:23",3047700
11650,0,300,"sd","13:24:56",3048000
11650,0,200,"bu","13:25:23",3048200
11650,0,100,"bu","13:25:29",3048300
11650,0,15100,"bu","13:26:42",3063400
11650,0,8000,"bu","13:27:25",3071400
11650,0,100,"bu","13:27:43",3071500
11650,0,1000,"bu","13:28:36",3072500
11650,0,100,"bu","13:28:51",3072600
11600,-50,800,"bu","13:28:57",3073400
11600,-50,100,"bu","13:30:15",3073500
11600,-50,300,"sd","13:30:36",3073800
11600,-50,1500,"bu","13:31:38",3075300
11600,-50,1400,"sd","13:33:24",3076700
11600,-50,11700,"bu","13:34:18",3088400
11650,0,300,"sd","13:34:53",3088700
11600,-50,1000,"bu","13:35:05",3089700
11650,0,23500,"bu","13:35:12",3113200
11650,0,1900,"bu","13:35:22",3115100
11650,0,2400,"bu","13:35:24",3117500
11650,0,800,"bu","13:35:29",3118300
11650,0,1900,"bu","13:35:33",3120200
11650,0,100,"sd","13:35:35",3120300
11650,0,3500,"bu","13:35:41",3123800
11600,-50,1500,"sd","13:35:43",3125300
11650,0,4000,"sd","13:35:47",3129300
11650,0,4600,"bu","13:35:51",3133900
11650,0,900,"sd","13:35:54",3134800
11650,0,1300,"bu","13:35:56",3136100
11650,0,12000,"sd","13:35:58",3148100
11650,0,800,"sd","13:36:00",3148900
11650,0,5300,"bu","13:36:04",3154200
11650,0,800,"bu","13:36:08",3155000
11650,0,2700,"bu","13:36:12",3157700
11650,0,2400,"sd","13:36:14",3160100
11650,0,10300,"sd","13:36:18",3170400
11650,0,800,"sd","13:36:22",3171200
11650,0,7900,"bu","13:36:29",3179100
11650,0,40000,"sd","13:36:33",3219100
11650,0,100,"bu","13:36:41",3219200
11650,0,200,"sd","13:36:43",3219400
11650,0,5000,"sd","13:36:45",3224400
11650,0,74700,"sd","13:36:47",3299100
11700,50,2400,"sd","13:36:49",3301500
11700,50,2400,"sd","13:37:06",3303900
11650,0,6000,"bu","13:37:12",3309900
11700,50,2400,"bu","13:37:25",3312300
11700,50,800,"sd","13:37:30",3313100
11650,0,2100,"sd","13:38:00",3315200
11700,50,100,"sd","13:39:29",3315300
11700,50,1200,"bu","13:40:35",3316500
11700,50,500,"sd","13:40:36",3317000
11700,50,600,"bu","13:41:09",3317600
11700,50,200,"bu","13:42:02",3317800
11700,50,100,"bu","13:42:16",3317900
11700,50,500,"sd","13:42:31",3318400
11700,50,200,"sd","13:42:48",3318600
11650,0,2400,"sd","13:43:07",3321000
11700,50,1600,"bu","13:43:15",3322600
11700,50,100,"sd","13:43:22",3322700
11650,0,10000,"bu","13:43:45",3332700
11650,0,900,"sd","13:43:47",3333600
11650,0,46800,"bu","13:44:02",3380400
11700,50,100,"bu","13:44:04",3380500
11700,50,2400,"sd","13:44:18",3382900
11650,0,200,"sd","13:44:28",3383100
11650,0,5000,"bu","13:44:34",3388100
11700,50,100,"sd","13:44:38",3388200
11650,0,600,"sd","13:44:40",3388800
11650,0,3800,"sd","13:44:51",3392600
11700,50,800,"sd","13:44:53",3393400
11700,50,900,"bu","13:44:58",3394300
11700,50,1800,"sd","13:45:00",3396100
11700,50,800,"bu","13:45:04",3396900
11700,50,2600,"bu","13:45:11",3399500
11700,50,1600,"bu","13:45:18",3401100
11700,50,200,"sd","13:45:21",3401300
11650,0,2400,"sd","13:45:23",3403700
11650,0,14600,"bu","13:45:25",3418300
11700,50,100,"bu","13:45:38",3418400
11650,0,1300,"bu","13:47:26",3419700
11650,0,1800,"bu","13:47:41",3421500
11650,0,2000,"sd","13:47:50",3423500
11650,0,2800,"sd","13:48:19",3426300
11650,0,100000,"bu","13:48:59",3526300
11650,0,1100,"bu","13:49:18",3527400
11650,0,3900,"bu","13:49:22",3531300
11650,0,600,"sd","13:49:49",3531900
11650,0,100,"bu","13:50:04",3532000
11650,0,300,"bu","13:50:29",3532300
11650,0,100,"sd","13:50:31",3532400
11650,0,500,"bu","13:50:35",3532900
11650,0,100,"bu","13:50:37",3533000
11600,-50,200,"sd","13:50:41",3533200
11650,0,800,"sd","13:50:57",3534000
11650,0,9300,"sd","13:51:12",3543300
11650,0,800,"bu","13:51:14",3544100
11650,0,4200,"bu","13:51:16",3548300
11650,0,1000,"sd","13:51:18",3549300
11700,50,100,"bu","13:51:58",3549400
11700,50,900,"sd","13:52:40",3550300
11700,50,10000,"bu","13:52:50",3560300
11700,50,17000,"bu","13:52:56",3577300
11700,50,1000,"sd","13:53:22",3578300
11700,50,100,"bu","13:53:26",3578400
11700,50,600,"bu","13:54:07",3579000
11700,50,1000,"sd","13:54:23",3580000
11700,50,100,"bu","13:54:33",3580100
11650,0,20000,"sd","13:54:56",3600100
11700,50,100,"sd","13:55:13",3600200
11700,50,700,"sd","13:55:49",3600900
11650,0,500,"bu","13:56:01",3601400
11650,0,1000,"bu","13:56:22",3602400
11700,50,4200,"bu","13:57:33",3606600
11650,0,1000,"sd","13:57:36",3607600
11700,50,800,"bu","13:57:40",3608400
11700,50,1900,"sd","13:57:44",3610300
11700,50,2400,"bu","13:57:49",3612700
11700,50,100,"sd","13:57:54",3612800
11700,50,1900,"sd","13:58:03",3614700
11700,50,1900,"bu","13:58:15",3616600
11700,50,2800,"sd","13:58:26",3619400
11700,50,2400,"sd","13:58:33",3621800
11700,50,1600,"sd","13:58:35",3623400
11700,50,30600,"bu","13:58:37",3654000
11700,50,2100,"sd","13:58:39",3656100
11700,50,2500,"sd","13:58:42",3658600
11700,50,2400,"bu","13:58:44",3661000
11700,50,2300,"sd","13:58:51",3663300
11700,50,4400,"bu","13:58:55",3667700
11700,50,1000,"bu","13:59:00",3668700
11700,50,100,"sd","13:59:02",3668800
11700,50,500,"bu","13:59:07",3669300
11700,50,12400,"bu","13:59:15",3681700
11700,50,300,"bu","13:59:26",3682000
11700,50,100,"sd","13:59:44",3682100
11700,50,2400,"sd","13:59:46",3684500
11700,50,1000,"sd","13:59:50",3685500
11700,50,100,"bu","13:59:52",3685600
11700,50,2400,"sd","14:00:02",3688000
11700,50,100,"bu","14:00:08",3688100
11700,50,2400,"sd","14:00:19",3690500
11700,50,1600,"sd","14:00:23",3692100
11700,50,1600,"bu","14:00:30",3693700
11700,50,2400,"sd","14:00:32",3696100
11700,50,1600,"bu","14:00:39",3697700
11700,50,48300,"sd","14:00:42",3746000
11700,50,30000,"sd","14:00:50",3776000
11700,50,600,"bu","14:00:52",3776600
11700,50,800,"sd","14:00:58",3777400
11700,50,1600,"bu","14:01:04",3779000
11700,50,100,"sd","14:01:15",3779100
11700,50,6700,"bu","14:01:45",3785800
11700,50,200,"sd","14:01:47",3786000
11700,50,400,"bu","14:01:51",3786400
11700,50,19200,"bu","14:01:58",3805600
11700,50,500,"bu","14:02:20",3806100
11700,50,3700,"sd","14:02:29",3809800
11700,50,1300,"sd","14:03:53",3811100
11700,50,500,"sd","14:04:12",3811600
11700,50,200,"bu","14:04:15",3811800
11700,50,3000,"bu","14:04:34",3814800
11700,50,100,"bu","14:04:37",3814900
11700,50,2000,"sd","14:04:52",3816900
11700,50,100,"bu","14:05:27",3817000
11700,50,5600,"sd","14:06:11",3822600
11700,50,100,"bu","14:06:17",3822700
11700,50,500,"bu","14:06:32",3823200
11700,50,100,"sd","14:06:49",3823300
11700,50,1100,"sd","14:07:19",3824400
11650,0,400,"bu","14:07:24",3824800
11650,0,3600,"sd","14:07:43",3828400
11650,0,500,"bu","14:07:52",3828900
11700,50,300,"bu","14:08:03",3829200
11700,50,100,"sd","14:09:04",3829300
11700,50,2400,"sd","14:09:06",3831700
11650,0,900,"bu","14:09:45",3832600
11700,50,1000,"bu","14:10:01",3833600
11700,50,900,"bu","14:10:19",3834500
11700,50,200,"bu","14:10:33",3834700
11700,50,900,"bu","14:10:59",3835600
11700,50,2400,"sd","14:11:04",3838000
11700,50,800,"bu","14:11:07",3838800
11700,50,4100,"sd","14:11:21",3842900
11700,50,800,"sd","14:11:33",3843700
11700,50,900,"sd","14:11:36",3844600
11700,50,800,"bu","14:11:38",3845400
11700,50,2400,"sd","14:11:41",3847800
11650,0,100,"bu","14:12:20",3847900
11650,0,1000,"sd","14:12:33",3848900
11650,0,900,"bu","14:13:29",3849800
11650,0,2700,"bu","14:13:34",3852500
11650,0,2600,"bu","14:13:41",3855100
11650,0,800,"bu","14:13:49",3855900
11650,0,200,"bu","14:13:54",3856100
11650,0,800,"sd","14:13:59",3856900
11650,0,2100,"sd","14:14:04",3859000
11650,0,700,"sd","14:14:11",3859700
11650,0,800,"sd","14:14:15",3860500
11650,0,2800,"bu","14:14:23",3863300
11650,0,20800,"sd","14:14:29",3884100
11650,0,31000,"sd","14:14:41",3915100
11650,0,13000,"sd","14:14:43",3928100
11650,0,1000,"bu","14:14:57",3929100
11650,0,1400,"sd","14:15:18",3930500
11650,0,98100,"sd","14:15:37",4028600
11650,0,4500,"sd","14:15:39",4033100
11700,50,10700,"sd","14:15:43",4043800
11650,0,16400,"bu","14:16:24",4060200
11650,0,1100,"bu","14:16:31",4061300
11650,0,1600,"bu","14:16:58",4062900
11600,-50,50800,"bu","14:17:25",4113700
11650,0,100,"sd","14:17:49",4113800
11600,-50,3000,"sd","14:17:51",4116800
11600,-50,24100,"sd","14:17:54",4140900
11600,-50,600,"bu","14:18:13",4141500
11600,-50,1600,"bu","14:18:30",4143100
11600,-50,300,"sd","14:18:46",4143400
11650,0,400,"sd","14:18:54",4143800
11600,-50,5000,"sd","14:18:58",4148800
11600,-50,3100,"sd","14:19:02",4151900
11650,0,1000,"sd","14:19:49",4152900
11600,-50,800,"sd","14:19:52",4153700
11600,-50,2100,"sd","14:19:55",4155800
11600,-50,1600,"sd","14:20:01",4157400
11600,-50,1900,"sd","14:20:04",4159300
11600,-50,1600,"sd","14:20:06",4160900
11650,0,1700,"bu","14:20:19",4162600
11600,-50,1800,"sd","14:20:22",4164400
11600,-50,1700,"bu","14:20:41",4166100
11600,-50,10000,"sd","14:21:03",4176100
11600,-50,78600,"sd","14:21:30",4254700
11650,0,100,"bu","14:21:32",4254800
11600,-50,3000,"bu","14:21:39",4257800
11650,0,11700,"sd","14:21:42",4269500
11600,-50,2200,"sd","14:21:46",4271700
11600,-50,1600,"bu","14:21:49",4273300
11600,-50,1000,"sd","14:21:51",4274300
11550,-100,2100,"bu","14:21:54",4276400
11550,-100,1600,"bu","14:21:56",4278000
11600,-50,100,"sd","14:21:59",4278100
11550,-100,1600,"bu","14:22:04",4279700
11550,-100,3600,"bu","14:22:10",4283300
11550,-100,1600,"sd","14:22:21",4284900
11550,-100,2100,"sd","14:22:27",4287000
11550,-100,1600,"bu","14:22:30",4288600
11550,-100,10200,"sd","14:22:38",4298800
11600,-50,500,"bu","14:22:40",4299300
11600,-50,100,"bu","14:22:51",4299400
11600,-50,500,"sd","14:23:51",4299900
11600,-50,200,"sd","14:23:56",4300100
11600,-50,100,"sd","14:24:03",4300200
11600,-50,23400,"bu","14:24:05",4323600
11600,-50,50000,"bu","14:24:31",4373600
11650,0,100,"sd","14:25:20",4373700
11550,-100,29600,"sd","14:25:30",4403300
11600,-50,1600,"bu","14:26:15",4404900
11600,-50,800,"sd","14:26:25",4405700
11600,-50,2200,"sd","14:26:31",4407900
11650,0,100,"bu","14:26:36",4408000
11600,-50,500,"sd","14:26:39",4408500
11600,-50,800,"bu","14:26:42",4409300
11600,-50,4400,"bu","14:26:52",4413700
11600,-50,2400,"bu","14:26:55",4416100
11600,-50,2100,"bu","14:26:58",4418200
11600,-50,10000,"sd","14:27:03",4428200
11600,-50,2400,"sd","14:27:14",4430600
11600,-50,3200,"sd","14:27:27",4433800
11600,-50,2300,"sd","14:27:30",4436100
11550,-100,800,"sd","14:27:32",4436900
11600,-50,100,"bu","14:27:36",4437000
11550,-100,2800,"bu","14:27:57",4439800
11550,-100,800,"sd","14:28:03",4440600
11550,-100,2400,"bu","14:28:13",4443000
11550,-100,4800,"sd","14:28:17",4447800
11600,-50,1000,"bu","14:28:22",4448800
11600,-50,200,"bu","14:28:25",4449000
11600,-50,500,"bu","14:28:51",4449500
11600,-50,900,"sd","14:28:57",4450400
11600,-50,800,"bu","14:29:14",4451200
11600,-50,100,"bu","14:29:25",4451300
11600,-50,2000,"bu","14:29:43",4453300
11600,-50,5100,"bu","14:29:51",4458400
11650,0,246400,"sd","14:45:15",4704800
