"price","change","match_qtty","side","time","total_vol"
30700,-800,985800,"bu","09:15:07",985800
30700,-800,100,"bu","09:15:14",985900
30650,-850,2000,"bu","09:15:15",987900
30650,-850,100,"bu","09:15:16",988000
30700,-800,300,"bu","09:15:16",988300
30700,-800,2000,"sd","09:15:16",990300
30650,-850,100,"sd","09:15:18",990400
30650,-850,800,"bu","09:15:19",991200
30700,-800,300,"bu","09:15:19",991500
30700,-800,400,"bu","09:15:20",991900
30650,-850,100,"sd","09:15:20",992000
30650,-850,200,"bu","09:15:20",992200
30700,-800,300,"bu","09:15:21",992500
30700,-800,3000,"bu","09:15:21",995500
30700,-800,9500,"bu","09:15:22",1005000
30800,-700,1400,"sd","09:15:23",1006400
30700,-800,1300,"bu","09:15:24",1007700
30700,-800,700,"sd","09:15:25",1008400
30900,-600,500,"sd","09:15:27",1008900
30850,-650,200,"bu","09:15:32",1009100
30850,-650,1100,"sd","09:15:34",1010200
30800,-700,400,"sd","09:15:34",1010600
30800,-700,1000,"bu","09:15:38",1011600
30900,-600,500,"bu","09:15:41",1012100
30850,-650,100,"sd","09:15:44",1012200
30800,-700,1000,"bu","09:15:46",1013200
30850,-650,900,"bu","09:15:51",1014100
30850,-650,2800,"sd","09:15:52",1016900
30850,-650,500,"sd","09:15:52",1017400
30850,-650,1900,"bu","09:15:52",1019300
30850,-650,1100,"sd","09:15:52",1020400
30850,-650,100,"sd","09:15:52",1020500
30850,-650,3400,"sd","09:15:53",1023900
30850,-650,1000,"sd","09:15:53",1024900
30850,-650,3100,"sd","09:15:53",1028000
30850,-650,100,"sd","09:15:53",1028100
30850,-650,4300,"bu","09:15:53",1032400
30850,-650,300,"sd","09:15:53",1032700
30850,-650,4700,"bu","09:15:54",1037400
30850,-650,100,"bu","09:15:54",1037500
30850,-650,3400,"bu","09:15:54",1040900
30850,-650,1600,"bu","09:15:54",1042500
30850,-650,700,"sd","09:15:54",1043200
30850,-650,6100,"bu","09:15:54",1049300
30850,-650,2000,"bu","09:15:55",1051300
30850,-650,2100,"bu","09:15:55",1053400
30850,-650,1100,"sd","09:15:55",1054500
30850,-650,200,"sd","09:15:55",1054700
30850,-650,8600,"sd","09:15:56",1063300
30850,-650,3900,"sd","09:15:56",1067200
30850,-650,1300,"bu","09:15:56",1068500
30850,-650,8300,"sd","09:15:56",1076800
30850,-650,4000,"bu","09:15:56",1080800
30850,-650,2200,"sd","09:15:56",1083000
30850,-650,1900,"sd","09:15:57",1084900
30850,-650,1100,"sd","09:15:57",1086000
30850,-650,100,"bu","09:15:57",1086100
30850,-650,5200,"sd","09:15:57",1091300
30850,-650,2200,"bu","09:15:57",1093500
30850,-650,8700,"sd","09:15:58",1102200
30800,-700,7600,"sd","09:15:58",1109800
30900,-600,1900,"bu","09:15:58",1111700
30900,-600,900,"bu","09:15:58",1112600
30900,-600,2900,"bu","09:15:58",1115500
30900,-600,1600,"sd","09:15:58",1117100
30900,-600,2200,"bu","09:15:59",1119300
30900,-600,400,"bu","09:15:59",1119700
30900,-600,3900,"bu","09:15:59",1123600
30750,-750,4200,"sd","09:15:59",1127800
30750,-750,2600,"bu","09:15:59",1130400
30800,-700,14400,"sd","09:16:00",1144800
30800,-700,7700,"bu","09:16:00",1152500
30800,-700,3400,"bu","09:16:00",1155900
30800,-700,600,"sd","09:16:00",1156500
30800,-700,8500,"bu","09:16:00",1165000
30800,-700,500,"bu","09:16:00",1165500
30800,-700,700,"bu","09:16:01",1166200
30800,-700,9300,"sd","09:16:01",1175500
30800,-700,900,"sd","09:16:02",1176400
30800,-700,800,"bu","09:16:02",1177200
30800,-700,1600,"bu","09:16:04",1178800
30800,-700,4000,"sd","09:16:05",1182800
30800,-700,2000,"bu","09:16:09",1184800
30800,-700,1000,"sd","09:16:10",1185800
30800,-700,5500,"sd","09:16:11",1191300
30800,-700,700,"bu","09:16:11",1192000
30800,-700,600,"sd","09:16:12",1192600
30750,-750,900,"bu","09:16:12",1193500
30700,-800,29100,"sd","09:16:12",1222600
30800,-700,3600,"sd","09:16:16",1226200
30850,-650,300,"sd","09:16:16",1226500
30850,-650,3700,"sd","09:16:21",1230200
30850,-650,1000,"bu","09:16:23",1231200
30850,-650,200,"bu","09:16:23",1231400
30800,-700,7400,"bu","09:16:25",1238800
30850,-650,3100,"bu","09:16:25",1241900
30850,-650,200,"sd","09:16:26",1242100
30850,-650,1000,"bu","09:16:27",1243100
30800,-700,500,"sd","09:16:27",1243600
30800,-700,2500,"sd","09:16:29",1246100
30900,-600,1500,"sd","09:16:31",1247600
30900,-600,200,"bu","09:16:32",1247800
30850,-650,1000,"bu","09:16:33",1248800
30850,-650,600,"bu","09:16:37",1249400
30800,-700,41800,"sd","09:16:40",1291200
30800,-700,10000,"bu","09:16:42",1301200
30800,-700,100,"sd","09:16:43",1301300
30800,-700,10000,"bu","09:16:43",1311300
30800,-700,25000,"bu","09:16:44",1336300
30800,-700,8000,"bu","09:16:45",1344300
30800,-700,200,"bu","09:16:45",1344500
30800,-700,1000,"sd","09:16:45",1345500
30800,-700,8000,"bu","09:16:47",1353500
30800,-700,200,"sd","09:16:48",1353700
30800,-700,500,"sd","09:16:49",1354200
30800,-700,700,"bu","09:16:51",1354900
30800,-700,800,"bu","09:16:52",1355700
30800,-700,2000,"sd","09:16:52",1357700
30800,-700,12000,"sd","09:16:53",1369700
30800,-700,800,"sd","09:16:53",1370500
30800,-700,10000,"sd","09:16:54",1380500
30800,-700,100,"sd","09:16:54",1380600
30800,-700,300,"bu","09:16:54",1380900
30800,-700,100,"sd","09:16:55",1381000
30800,-700,500,"sd","09:16:55",1381500
30800,-700,1000,"bu","09:16:56",1382500
30800,-700,500,"bu","09:16:56",1383000
30800,-700,6100,"bu","09:16:57",1389100
30800,-700,500,"sd","09:16:57",1389600
30800,-700,10100,"bu","09:16:58",1399700
30800,-700,500,"sd","09:16:58",1400200
30800,-700,300,"bu","09:16:58",1400500
30800,-700,400,"bu","09:16:59",1400900
30800,-700,500,"sd","09:17:00",1401400
30800,-700,1000,"bu","09:17:02",1402400
30800,-700,500,"sd","09:17:04",1402900
30800,-700,30000,"sd","09:17:07",1432900
30800,-700,100,"bu","09:17:08",1433000
30800,-700,3000,"sd","09:17:08",1436000
30800,-700,800,"bu","09:17:10",1436800
30800,-700,500,"sd","09:17:11",1437300
30800,-700,2600,"sd","09:17:12",1439900
30800,-700,100,"bu","09:17:12",1440000
30800,-700,4000,"sd","09:17:12",1444000
30800,-700,1000,"bu","09:17:12",1445000
30800,-700,500,"bu","09:17:13",1445500
30800,-700,4000,"bu","09:17:13",1449500
30800,-700,100,"bu","09:17:14",1449600
30800,-700,1400,"sd","09:17:15",1451000
30800,-700,400,"bu","09:17:16",1451400
30800,-700,7700,"bu","09:17:16",1459100
30800,-700,200,"bu","09:17:17",1459300
30800,-700,1000,"bu","09:17:18",1460300
30800,-700,1600,"sd","09:17:20",1461900
30850,-650,1500,"bu","09:17:27",1463400
30800,-700,11000,"sd","09:17:28",1474400
30850,-650,500,"sd","09:17:29",1474900
30800,-700,2600,"sd","09:17:31",1477500
30850,-650,100,"sd","09:17:35",1477600
30800,-700,200,"sd","09:17:36",1477800
30800,-700,900,"bu","09:17:40",1478700
30850,-650,500,"sd","09:17:41",1479200
30850,-650,16700,"sd","09:17:41",1495900
30850,-650,3000,"sd","09:17:44",1498900
30900,-600,200,"sd","09:17:46",1499100
30850,-650,5000,"bu","09:17:47",1504100
30850,-650,6200,"sd","09:17:47",1510300
30900,-600,1700,"sd","09:17:52",1512000
30900,-600,23100,"sd","09:17:56",1535100
31000,-500,53500,"bu","09:17:57",1588600
31000,-500,41500,"bu","09:17:57",1630100
30900,-600,600,"bu","09:17:58",1630700
30950,-550,100,"sd","09:18:01",1630800
30900,-600,5000,"bu","09:18:03",1635800
30950,-550,300,"bu","09:18:08",1636100
31000,-500,600,"bu","09:18:08",1636700
31000,-500,2000,"sd","09:18:10",1638700
30900,-600,100,"sd","09:18:11",1638800
30950,-550,200,"bu","09:18:13",1639000
31000,-500,500,"sd","09:18:13",1639500
31000,-500,200,"bu","09:18:15",1639700
31000,-500,10000,"bu","09:18:16",1649700
31000,-500,5000,"bu","09:18:19",1654700
31000,-500,15400,"sd","09:18:22",1670100
31000,-500,1000,"bu","09:18:22",1671100
31000,-500,1500,"sd","09:18:23",1672600
31050,-450,200,"sd","09:18:26",1672800
30950,-550,50000,"sd","09:18:28",1722800
31000,-500,29300,"bu","09:18:32",1752100
31000,-500,500,"bu","09:18:34",1752600
31000,-500,1000,"bu","09:18:35",1753600
31000,-500,300,"sd","09:18:35",1753900
31000,-500,1000,"sd","09:18:36",1754900
31050,-450,1400,"sd","09:18:38",1756300
31000,-500,3000,"sd","09:18:40",1759300
31000,-500,6100,"bu","09:18:43",1765400
31000,-500,10500,"sd","09:18:43",1775900
31000,-500,1500,"bu","09:18:44",1777400
30950,-550,1000,"sd","09:18:47",1778400
31000,-500,5000,"bu","09:18:48",1783400
31000,-500,100,"sd","09:18:49",1783500
31000,-500,300,"sd","09:18:49",1783800
31000,-500,1500,"bu","09:18:49",1785300
30950,-550,1500,"sd","09:18:51",1786800
31000,-500,1700,"bu","09:18:51",1788500
31000,-500,2000,"sd","09:18:51",1790500
31000,-500,1900,"bu","09:18:53",1792400
31000,-500,300,"bu","09:18:56",1792700
30950,-550,2000,"bu","09:18:58",1794700
31000,-500,15000,"sd","09:19:01",1809700
30950,-550,20000,"bu","09:19:02",1829700
31000,-500,40000,"sd","09:19:02",1869700
31000,-500,500,"sd","09:19:03",1870200
31000,-500,1000,"sd","09:19:04",1871200
31000,-500,4800,"sd","09:19:05",1876000
31000,-500,100,"sd","09:19:08",1876100
30900,-600,10000,"sd","09:19:10",1886100
31000,-500,20000,"sd","09:19:11",1906100
31000,-500,100,"sd","09:19:12",1906200
31000,-500,5300,"bu","09:19:15",1911500
31000,-500,1500,"bu","09:19:16",1913000
30950,-550,300,"sd","09:19:18",1913300
30950,-550,10100,"bu","09:19:19",1923400
30950,-550,200,"sd","09:19:19",1923600
31000,-500,2000,"bu","09:19:21",1925600
31000,-500,10000,"sd","09:19:22",1935600
30950,-550,100,"sd","09:19:26",1935700
30900,-600,10000,"sd","09:19:28",1945700
30950,-550,1000,"bu","09:19:31",1946700
31000,-500,400,"bu","09:19:33",1947100
30950,-550,7800,"sd","09:19:36",1954900
30950,-550,20000,"bu","09:19:37",1974900
30950,-550,500,"bu","09:19:38",1975400
30900,-600,10000,"bu","09:19:38",1985400
30950,-550,1200,"bu","09:19:40",1986600
30950,-550,400,"sd","09:19:40",1987000
30950,-550,200,"sd","09:19:40",1987200
30950,-550,400,"bu","09:19:41",1987600
30900,-600,5000,"sd","09:19:41",1992600
30900,-600,15000,"bu","09:19:46",2007600
30950,-550,100,"sd","09:19:48",2007700
30900,-600,10000,"bu","09:19:48",2017700
30950,-550,300,"sd","09:19:50",2018000
31000,-500,500,"bu","09:19:52",2018500
30900,-600,36000,"bu","09:19:52",2054500
30900,-600,30000,"sd","09:20:00",2084500
30900,-600,10000,"sd","09:20:01",2094500
31000,-500,2000,"sd","09:20:02",2096500
30950,-550,1000,"bu","09:20:04",2097500
30950,-550,500,"sd","09:20:13",2098000
30950,-550,100,"sd","09:20:16",2098100
30950,-550,8000,"bu","09:20:16",2106100
30950,-550,500,"bu","09:20:17",2106600
31000,-500,35000,"bu","09:20:19",2141600
31000,-500,100,"bu","09:20:26",2141700
30950,-550,1000,"bu","09:20:27",2142700
31000,-500,2000,"sd","09:20:28",2144700
31000,-500,500,"bu","09:20:32",2145200
31000,-500,21000,"sd","09:20:42",2166200
31000,-500,200,"sd","09:20:43",2166400
30950,-550,2000,"sd","09:20:43",2168400
30950,-550,10000,"bu","09:20:57",2178400
31000,-500,1000,"bu","09:20:59",2179400
30950,-550,300,"bu","09:20:59",2179700
31000,-500,7000,"bu","09:21:01",2186700
31000,-500,100,"bu","09:21:01",2186800
30950,-550,6100,"bu","09:21:02",2192900
30950,-550,1900,"sd","09:21:03",2194800
31000,-500,600,"sd","09:21:11",2195400
31000,-500,400,"bu","09:21:12",2195800
30950,-550,800,"bu","09:21:13",2196600
30950,-550,1100,"bu","09:21:19",2197700
30950,-550,300,"bu","09:21:21",2198000
30950,-550,700,"bu","09:21:23",2198700
31000,-500,1000,"sd","09:21:24",2199700
31000,-500,2000,"sd","09:21:24",2201700
31000,-500,1000,"bu","09:21:27",2202700
31000,-500,500,"bu","09:21:32",2203200
30950,-550,2000,"bu","09:21:33",2205200
31000,-500,300,"bu","09:21:37",2205500
31000,-500,3000,"bu","09:21:39",2208500
31000,-500,200,"bu","09:21:41",2208700
31000,-500,10000,"bu","09:21:41",2218700
31000,-500,1000,"sd","09:21:42",2219700
31000,-500,500,"bu","09:21:43",2220200
31000,-500,11800,"bu","09:21:46",2232000
31000,-500,100,"sd","09:21:49",2232100
31000,-500,10300,"sd","09:21:50",2242400
30950,-550,13000,"bu","09:21:54",2255400
30950,-550,200,"bu","09:21:54",2255600
31000,-500,10000,"bu","09:21:56",2265600
31000,-500,4000,"sd","09:21:57",2269600
31000,-500,1500,"sd","09:22:01",2271100
31000,-500,10100,"bu","09:22:01",2281200
31000,-500,1200,"bu","09:22:02",2282400
31000,-500,3000,"bu","09:22:04",2285400
31000,-500,4000,"sd","09:22:05",2289400
31000,-500,2000,"sd","09:22:05",2291400
31000,-500,500,"sd","09:22:07",2291900
30950,-550,100,"sd","09:22:07",2292000
31000,-500,5100,"bu","09:22:08",2297100
31000,-500,200,"sd","09:22:08",2297300
30950,-550,1500,"sd","09:22:09",2298800
31000,-500,1500,"sd","09:22:12",2300300
31000,-500,200,"sd","09:22:12",2300500
31000,-500,1000,"bu","09:22:14",2301500
31000,-500,1000,"sd","09:22:16",2302500
31000,-500,1900,"sd","09:22:20",2304400
31050,-450,1700,"sd","09:22:32",2306100
31050,-450,2200,"sd","09:22:34",2308300
31050,-450,3000,"sd","09:22:36",2311300
31000,-500,500,"bu","09:22:37",2311800
31000,-500,700,"bu","09:22:41",2312500
31050,-450,5000,"bu","09:22:42",2317500
31000,-500,1000,"bu","09:22:43",2318500
31050,-450,2000,"bu","09:22:45",2320500
31050,-450,800,"sd","09:22:50",2321300
31100,-400,1000,"sd","09:22:57",2322300
31050,-450,100,"bu","09:22:59",2322400
31050,-450,11000,"sd","09:23:01",2333400
31100,-400,3300,"bu","09:23:15",2336700
31050,-450,1100,"sd","09:23:23",2337800
31100,-400,600,"bu","09:23:24",2338400
31050,-450,2000,"sd","09:23:24",2340400
31100,-400,200,"sd","09:23:26",2340600
31100,-400,1900,"sd","09:23:28",2342500
31050,-450,1000,"bu","09:23:29",2343500
31100,-400,1000,"sd","09:23:29",2344500
31100,-400,300,"sd","09:23:30",2344800
31100,-400,100,"sd","09:23:32",2344900
31100,-400,3200,"bu","09:23:43",2348100
31100,-400,200,"sd","09:23:45",2348300
31100,-400,2400,"sd","09:23:50",2350700
31100,-400,500,"sd","09:23:51",2351200
31100,-400,1000,"sd","09:23:52",2352200
31100,-400,10000,"bu","09:23:56",2362200
31100,-400,1000,"bu","09:23:58",2363200
31100,-400,300,"sd","09:23:58",2363500
31100,-400,10000,"bu","09:24:00",2373500
31100,-400,4900,"sd","09:24:03",2378400
31100,-400,500,"bu","09:24:06",2378900
31100,-400,200,"sd","09:24:07",2379100
31100,-400,5000,"sd","09:24:08",2384100
31100,-400,3000,"bu","09:24:09",2387100
31100,-400,2300,"sd","09:24:10",2389400
31100,-400,5100,"sd","09:24:12",2394500
31100,-400,2000,"sd","09:24:29",2396500
31150,-350,10000,"sd","09:24:29",2406500
31150,-350,100,"sd","09:24:35",2406600
31150,-350,1000,"bu","09:24:36",2407600
31150,-350,900,"sd","09:24:36",2408500
31150,-350,300,"bu","09:24:37",2408800
31100,-400,200,"bu","09:24:40",2409000
31150,-350,100,"bu","09:24:41",2409100
31150,-350,8000,"sd","09:24:41",2417100
31150,-350,500,"sd","09:24:44",2417600
31150,-350,1000,"sd","09:24:44",2418600
31150,-350,30000,"bu","09:24:45",2448600
31150,-350,100,"bu","09:24:46",2448700
31150,-350,25100,"sd","09:24:50",2473800
31150,-350,500,"sd","09:24:52",2474300
31150,-350,2500,"bu","09:24:55",2476800
31150,-350,4000,"bu","09:24:55",2480800
31150,-350,500,"sd","09:24:56",2481300
31150,-350,6100,"bu","09:24:56",2487400
31150,-350,1500,"bu","09:24:57",2488900
31150,-350,1000,"sd","09:25:02",2489900
31200,-300,2000,"bu","09:25:03",2491900
31150,-350,5000,"sd","09:25:05",2496900
31200,-300,1500,"sd","09:25:05",2498400
31200,-300,100,"sd","09:25:11",2498500
31150,-350,3600,"sd","09:25:18",2502100
31200,-300,1000,"bu","09:25:18",2503100
31200,-300,32000,"bu","09:25:20",2535100
31200,-300,3000,"sd","09:25:21",2538100
31200,-300,5000,"bu","09:25:22",2543100
31200,-300,600,"sd","09:25:24",2543700
31200,-300,1000,"bu","09:25:24",2544700
31200,-300,100,"sd","09:25:25",2544800
31200,-300,6000,"sd","09:25:25",2550800
31150,-350,100,"bu","09:25:26",2550900
31200,-300,3000,"sd","09:25:30",2553900
31200,-300,300,"sd","09:25:30",2554200
31200,-300,5000,"bu","09:25:30",2559200
31150,-350,1000,"sd","09:25:31",2560200
31150,-350,3400,"bu","09:25:32",2563600
31200,-300,500,"sd","09:25:33",2564100
31150,-350,200,"sd","09:25:36",2564300
31150,-350,5100,"bu","09:25:38",2569400
31200,-300,36000,"sd","09:25:39",2605400
31200,-300,400,"sd","09:25:42",2605800
31200,-300,3400,"sd","09:25:44",2609200
31200,-300,100,"bu","09:25:47",2609300
31200,-300,21500,"sd","09:25:48",2630800
31200,-300,100,"sd","09:25:49",2630900
31150,-350,3400,"bu","09:25:51",2634300
31200,-300,2100,"sd","09:25:58",2636400
31200,-300,200,"bu","09:25:59",2636600
31150,-350,3400,"bu","09:26:00",2640000
31200,-300,1200,"bu","09:26:03",2641200
31200,-300,1100,"sd","09:26:10",2642300
31150,-350,3400,"sd","09:26:13",2645700
31200,-300,100,"sd","09:26:14",2645800
31200,-300,2100,"bu","09:26:17",2647900
31200,-300,10000,"sd","09:26:18",2657900
31150,-350,3300,"sd","09:26:22",2661200
31150,-350,100,"sd","09:26:23",2661300
31200,-300,5000,"bu","09:26:25",2666300
31200,-300,900,"bu","09:26:30",2667200
31200,-300,500,"bu","09:26:30",2667700
31200,-300,1000,"sd","09:26:35",2668700
31200,-300,500,"sd","09:26:40",2669200
31200,-300,100,"sd","09:26:48",2669300
31150,-350,5000,"sd","09:26:48",2674300
31150,-350,20100,"bu","09:26:52",2694400
31150,-350,100,"bu","09:26:55",2694500
31200,-300,3000,"sd","09:26:58",2697500
31150,-350,300,"sd","09:26:59",2697800
31150,-350,3000,"sd","09:27:02",2700800
31200,-300,8000,"sd","09:27:03",2708800
31200,-300,200,"bu","09:27:09",2709000
31150,-350,2000,"bu","09:27:11",2711000
31150,-350,30000,"bu","09:27:12",2741000
31150,-350,100,"bu","09:27:13",2741100
31150,-350,500,"sd","09:27:15",2741600
31150,-350,700,"bu","09:27:17",2742300
31150,-350,2900,"bu","09:27:17",2745200
31150,-350,5100,"sd","09:27:23",2750300
31150,-350,1400,"bu","09:27:23",2751700
31150,-350,3400,"sd","09:27:24",2755100
31150,-350,10000,"bu","09:27:24",2765100
31150,-350,1500,"sd","09:27:26",2766600
31150,-350,4600,"bu","09:27:26",2771200
31150,-350,400,"sd","09:27:27",2771600
31150,-350,9000,"bu","09:27:29",2780600
31150,-350,5000,"bu","09:27:29",2785600
31150,-350,6000,"bu","09:27:30",2791600
31150,-350,1200,"bu","09:27:31",2792800
31150,-350,1200,"sd","09:27:31",2794000
31150,-350,100,"sd","09:27:35",2794100
31100,-400,1000,"bu","09:27:36",2795100
31150,-350,500,"bu","09:27:38",2795600
31150,-350,100,"sd","09:27:41",2795700
31150,-350,1000,"bu","09:27:42",2796700
31150,-350,98500,"bu","09:27:47",2895200
31150,-350,200,"bu","09:27:51",2895400
31150,-350,1000,"bu","09:27:53",2896400
31100,-400,700,"sd","09:27:55",2897100
31150,-350,1000,"sd","09:27:57",2898100
31100,-400,40900,"sd","09:27:57",2939000
31100,-400,700,"bu","09:27:58",2939700
31050,-450,5000,"sd","09:28:03",2944700
31050,-450,50900,"bu","09:28:04",2995600
31100,-400,100,"bu","09:28:06",2995700
31000,-500,15000,"sd","09:28:07",3010700
31000,-500,11300,"sd","09:28:13",3022000
31000,-500,700,"sd","09:28:16",3022700
31000,-500,12100,"bu","09:28:19",3034800
31000,-500,2900,"sd","09:28:20",3037700
31000,-500,3000,"bu","09:28:21",3040700
31000,-500,20000,"bu","09:28:22",3060700
31000,-500,1000,"bu","09:28:23",3061700
31000,-500,13100,"sd","09:28:24",3074800
31000,-500,400,"bu","09:28:25",3075200
31000,-500,16000,"sd","09:28:27",3091200
31000,-500,1000,"sd","09:28:29",3092200
31000,-500,3000,"bu","09:28:29",3095200
31000,-500,18700,"bu","09:28:33",3113900
31000,-500,1900,"bu","09:28:34",3115800
31000,-500,500,"sd","09:28:37",3116300
31000,-500,1900,"sd","09:28:38",3118200
31000,-500,9800,"sd","09:28:40",3128000
31000,-500,1100,"bu","09:28:41",3129100
31000,-500,1000,"bu","09:28:41",3130100
31000,-500,500,"bu","09:28:42",3130600
31000,-500,700,"bu","09:28:45",3131300
31000,-500,100,"bu","09:28:49",3131400
31000,-500,3200,"sd","09:28:50",3134600
31000,-500,1000,"bu","09:28:52",3135600
31000,-500,500,"bu","09:28:52",3136100
31000,-500,600,"sd","09:28:52",3136700
31000,-500,4800,"sd","09:28:54",3141500
31000,-500,300,"sd","09:28:56",3141800
31000,-500,500,"bu","09:28:57",3142300
31000,-500,200,"sd","09:28:58",3142500
31000,-500,2500,"sd","09:28:58",3145000
31000,-500,2000,"sd","09:28:59",3147000
31000,-500,100,"bu","09:29:01",3147100
31000,-500,300,"bu","09:29:03",3147400
30950,-550,5100,"sd","09:29:05",3152500
30950,-550,2800,"sd","09:29:05",3155300
30950,-550,59200,"bu","09:29:05",3214500
31000,-500,100,"sd","09:29:07",3214600
31000,-500,5000,"sd","09:29:09",3219600
30950,-550,2000,"bu","09:29:12",3221600
31000,-500,1200,"sd","09:29:14",3222800
31000,-500,5000,"bu","09:29:15",3227800
31000,-500,5700,"bu","09:29:18",3233500
31000,-500,1200,"sd","09:29:19",3234700
31000,-500,200,"bu","09:29:21",3234900
31000,-500,500,"sd","09:29:22",3235400
31000,-500,600,"sd","09:29:25",3236000
31000,-500,300,"bu","09:29:26",3236300
31000,-500,1500,"sd","09:29:27",3237800
31000,-500,3000,"sd","09:29:28",3240800
31000,-500,800,"sd","09:29:29",3241600
31000,-500,400,"sd","09:29:30",3242000
31000,-500,100,"bu","09:29:30",3242100
31000,-500,1000,"sd","09:29:32",3243100
31000,-500,500,"bu","09:29:32",3243600
31000,-500,3000,"bu","09:29:34",3246600
31000,-500,4200,"sd","09:29:35",3250800
31000,-500,2000,"sd","09:29:38",3252800
31000,-500,500,"bu","09:29:41",3253300
30950,-550,5000,"bu","09:29:43",3258300
31000,-500,200,"bu","09:29:46",3258500
30950,-550,3200,"bu","09:29:47",3261700
31000,-500,100,"sd","09:29:49",3261800
31000,-500,900,"sd","09:29:51",3262700
31000,-500,3000,"bu","09:29:53",3265700
31000,-500,100,"bu","09:29:58",3265800
31000,-500,500,"sd","09:29:58",3266300
31000,-500,4000,"bu","09:30:02",3270300
31050,-450,3000,"bu","09:30:03",3273300
31000,-500,1000,"bu","09:30:05",3274300
31000,-500,1000,"sd","09:30:08",3275300
31000,-500,2000,"sd","09:30:08",3277300
31000,-500,100,"sd","09:30:10",3277400
31000,-500,1000,"sd","09:30:16",3278400
31050,-450,10000,"sd","09:30:16",3288400
31000,-500,300,"bu","09:30:19",3288700
31050,-450,100,"bu","09:30:19",3288800
31000,-500,5000,"bu","09:30:21",3293800
31000,-500,1900,"sd","09:30:32",3295700
31000,-500,2000,"bu","09:30:33",3297700
31000,-500,6000,"bu","09:30:35",3303700
31000,-500,2200,"bu","09:30:39",3305900
31000,-500,5500,"bu","09:30:40",3311400
30950,-550,43500,"sd","09:30:40",3354900
30950,-550,7500,"sd","09:30:41",3362400
30950,-550,4400,"bu","09:30:41",3366800
30950,-550,3000,"sd","09:30:41",3369800
30950,-550,6800,"bu","09:30:42",3376600
30950,-550,2000,"sd","09:30:43",3378600
30950,-550,1100,"bu","09:30:43",3379700
30950,-550,7100,"bu","09:30:43",3386800
30950,-550,7000,"sd","09:30:44",3393800
30950,-550,3700,"sd","09:30:44",3397500
30950,-550,4400,"sd","09:30:45",3401900
30950,-550,400,"bu","09:30:45",3402300
30950,-550,4800,"bu","09:30:46",3407100
30950,-550,7200,"bu","09:30:46",3414300
30950,-550,2400,"bu","09:30:46",3416700
30950,-550,6400,"bu","09:30:47",3423100
30950,-550,9400,"sd","09:30:48",3432500
30950,-550,3200,"bu","09:30:48",3435700
30900,-600,7700,"bu","09:30:49",3443400
30900,-600,11200,"sd","09:30:50",3454600
30900,-600,700,"bu","09:30:51",3455300
31000,-500,500,"sd","09:30:51",3455800
30900,-600,600,"bu","09:30:54",3456400
30950,-550,300,"bu","09:30:57",3456700
30950,-550,9700,"sd","09:30:58",3466400
30900,-600,1000,"sd","09:30:59",3467400
31000,-500,10000,"sd","09:31:02",3477400
31000,-500,5000,"sd","09:31:04",3482400
30900,-600,1000,"bu","09:31:08",3483400
30950,-550,500,"bu","09:31:11",3483900
30900,-600,24000,"bu","09:31:24",3507900
30900,-600,46000,"sd","09:31:25",3553900
30950,-550,4600,"bu","09:31:27",3558500
30950,-550,8000,"sd","09:31:27",3566500
30900,-600,4000,"bu","09:31:34",3570500
30950,-550,2000,"bu","09:31:38",3572500
30900,-600,3000,"sd","09:31:38",3575500
30900,-600,2200,"bu","09:31:41",3577700
30900,-600,1900,"bu","09:31:43",3579600
30900,-600,1600,"sd","09:31:46",3581200
30950,-550,1000,"bu","09:31:48",3582200
30900,-600,10000,"bu","09:31:53",3592200
30900,-600,2000,"sd","09:31:56",3594200
30900,-600,2000,"sd","09:32:00",3596200
30900,-600,200,"sd","09:32:07",3596400
30900,-600,100,"bu","09:32:07",3596500
30900,-600,500,"sd","09:32:09",3597000
30950,-550,2500,"sd","09:32:09",3599500
30900,-600,5100,"bu","09:32:10",3604600
30900,-600,500,"bu","09:32:13",3605100
30900,-600,82400,"sd","09:32:14",3687500
30900,-600,1300,"sd","09:32:16",3688800
30950,-550,100,"bu","09:32:17",3688900
30900,-600,5000,"sd","09:32:19",3693900
30950,-550,10000,"sd","09:32:20",3703900
30900,-600,100,"bu","09:32:24",3704000
30900,-600,3400,"bu","09:32:25",3707400
30900,-600,3400,"bu","09:32:27",3710800
30900,-600,3000,"bu","09:32:28",3713800
30900,-600,2000,"bu","09:32:29",3715800
30950,-550,1000,"sd","09:32:29",3716800
30900,-600,100,"bu","09:32:32",3716900
30900,-600,1500,"bu","09:32:42",3718400
30900,-600,11500,"sd","09:32:52",3729900
30950,-550,1000,"bu","09:32:54",3730900
30900,-600,2200,"bu","09:32:57",3733100
30950,-550,300,"bu","09:32:58",3733400
30950,-550,5000,"sd","09:33:00",3738400
30950,-550,39100,"bu","09:33:04",3777500
30950,-550,200,"bu","09:33:15",3777700
30950,-550,5200,"sd","09:33:16",3782900
30950,-550,10000,"sd","09:33:16",3792900
30950,-550,200,"bu","09:33:17",3793100
30950,-550,2000,"bu","09:33:17",3795100
30950,-550,500,"sd","09:33:18",3795600
30950,-550,600,"bu","09:33:23",3796200
30950,-550,100,"bu","09:33:24",3796300
30950,-550,3000,"sd","09:33:25",3799300
30950,-550,1000,"bu","09:33:26",3800300
30950,-550,100,"sd","09:33:28",3800400
30950,-550,16100,"bu","09:33:38",3816500
30950,-550,1000,"sd","09:33:39",3817500
30900,-600,3000,"sd","09:33:40",3820500
30950,-550,200,"bu","09:33:45",3820700
30900,-600,5000,"bu","09:33:47",3825700
30950,-550,200,"sd","09:33:56",3825900
30900,-600,15000,"sd","09:33:59",3840900
30950,-550,500,"sd","09:34:02",3841400
30950,-550,5000,"bu","09:34:09",3846400
30950,-550,2500,"bu","09:34:10",3848900
30950,-550,100,"bu","09:34:13",3849000
30950,-550,600,"bu","09:34:18",3849600
30950,-550,1000,"bu","09:34:20",3850600
30900,-600,400,"sd","09:34:21",3851000
30950,-550,2000,"bu","09:34:25",3853000
30900,-600,2900,"sd","09:34:31",3855900
30900,-600,3100,"bu","09:34:41",3859000
30950,-550,500,"sd","09:34:46",3859500
30900,-600,100,"bu","09:34:51",3859600
30950,-550,1000,"sd","09:34:58",3860600
30900,-600,1000,"bu","09:34:59",3861600
30900,-600,1100,"sd","09:35:10",3862700
30950,-550,500,"sd","09:35:11",3863200
30950,-550,10000,"sd","09:35:12",3873200
30950,-550,200,"bu","09:35:14",3873400
30950,-550,1200,"sd","09:35:14",3874600
30950,-550,10000,"sd","09:35:29",3884600
30950,-550,3000,"bu","09:35:29",3887600
30950,-550,30200,"sd","09:35:32",3917800
30950,-550,1100,"sd","09:35:34",3918900
30950,-550,1000,"sd","09:35:37",3919900
30950,-550,4700,"bu","09:35:41",3924600
30950,-550,300,"sd","09:35:41",3924900
30950,-550,50000,"bu","09:35:50",3974900
30950,-550,900,"bu","09:35:51",3975800
30950,-550,1000,"sd","09:35:53",3976800
30950,-550,700,"bu","09:35:53",3977500
30950,-550,2000,"sd","09:35:56",3979500
31000,-500,2700,"bu","09:36:02",3982200
30950,-550,3000,"sd","09:36:13",3985200
31000,-500,100,"bu","09:36:15",3985300
31000,-500,500,"bu","09:36:16",3985800
31000,-500,5000,"sd","09:36:17",3990800
31000,-500,159200,"sd","09:36:19",4150000
31050,-450,41600,"bu","09:36:34",4191600
31000,-500,200,"sd","09:36:40",4191800
31000,-500,5000,"sd","09:36:44",4196800
31050,-450,200,"bu","09:36:47",4197000
31050,-450,100,"bu","09:36:53",4197100
31050,-450,700,"sd","09:36:53",4197800
31050,-450,9800,"sd","09:36:54",4207600
31050,-450,200,"bu","09:36:55",4207800
31050,-450,2500,"sd","09:36:58",4210300
31100,-400,3500,"sd","09:36:59",4213800
31100,-400,2400,"bu","09:37:15",4216200
31050,-450,1600,"sd","09:37:17",4217800
31050,-450,5100,"sd","09:37:25",4222900
31050,-450,400,"bu","09:37:35",4223300
31050,-450,100,"sd","09:37:37",4223400
31050,-450,4100,"sd","09:37:49",4227500
31000,-500,1000,"sd","09:37:49",4228500
31050,-450,3000,"bu","09:37:50",4231500
31050,-450,200,"bu","09:37:58",4231700
31050,-450,3500,"sd","09:37:59",4235200
31000,-500,100,"bu","09:38:00",4235300
31000,-500,10000,"bu","09:38:23",4245300
31050,-450,3000,"sd","09:38:23",4248300
31050,-450,10000,"bu","09:38:27",4258300
31050,-450,400,"bu","09:38:28",4258700
31000,-500,100,"sd","09:38:38",4258800
31000,-500,75100,"sd","09:38:40",4333900
31050,-450,40900,"bu","09:38:41",4374800
31100,-400,100,"bu","09:38:42",4374900
31050,-450,1000,"bu","09:38:45",4375900
31050,-450,100,"sd","09:38:53",4376000
31050,-450,500,"sd","09:38:55",4376500
31100,-400,5000,"bu","09:39:02",4381500
31100,-400,500,"bu","09:39:14",4382000
31100,-400,100,"bu","09:39:17",4382100
31100,-400,3000,"sd","09:39:20",4385100
31100,-400,400,"bu","09:39:21",4385500
31100,-400,10000,"bu","09:39:24",4395500
31100,-400,2000,"sd","09:39:28",4397500
31100,-400,300,"bu","09:39:30",4397800
31100,-400,100,"bu","09:39:34",4397900
31100,-400,1700,"sd","09:39:37",4399600
31100,-400,100,"sd","09:39:47",4399700
31100,-400,400,"bu","09:39:48",4400100
31050,-450,1000,"sd","09:39:52",4401100
31100,-400,1400,"sd","09:40:14",4402500
31050,-450,500,"bu","09:40:18",4403000
31050,-450,1400,"sd","09:40:32",4404400
31100,-400,2000,"sd","09:40:33",4406400
31100,-400,600,"sd","09:40:34",4407000
31100,-400,700,"bu","09:40:37",4407700
31100,-400,1200,"sd","09:40:39",4408900
31100,-400,300,"bu","09:40:40",4409200
31100,-400,400,"sd","09:40:40",4409600
31100,-400,2100,"bu","09:40:47",4411700
31100,-400,1000,"sd","09:40:49",4412700
31100,-400,500,"bu","09:40:52",4413200
31100,-400,90600,"sd","09:40:55",4503800
31150,-350,500,"bu","09:41:06",4504300
31100,-400,200,"sd","09:41:07",4504500
31150,-350,500,"sd","09:41:09",4505000
31100,-400,1300,"sd","09:41:10",4506300
31100,-400,1900,"bu","09:41:23",4508200
31150,-350,1000,"bu","09:41:27",4509200
31100,-400,1500,"bu","09:41:28",4510700
31150,-350,50000,"bu","09:41:29",4560700
31150,-350,20000,"bu","09:41:31",4580700
31150,-350,9000,"bu","09:41:32",4589700
31150,-350,100,"bu","09:41:33",4589800
31200,-300,20000,"bu","09:41:50",4609800
31150,-350,10100,"bu","09:41:52",4619900
31200,-300,1000,"sd","09:41:55",4620900
31200,-300,400,"sd","09:41:59",4621300
31200,-300,2000,"bu","09:42:02",4623300
31200,-300,100,"bu","09:42:03",4623400
31150,-350,5000,"bu","09:42:05",4628400
31200,-300,6000,"sd","09:42:06",4634400
31200,-300,2600,"bu","09:42:11",4637000
31200,-300,500,"sd","09:42:14",4637500
31200,-300,3000,"sd","09:42:17",4640500
31200,-300,15000,"sd","09:42:24",4655500
31200,-300,400,"sd","09:42:26",4655900
31200,-300,2200,"bu","09:42:28",4658100
31200,-300,1700,"bu","09:42:35",4659800
31200,-300,2000,"bu","09:42:37",4661800
31150,-350,6000,"sd","09:42:40",4667800
31200,-300,300,"bu","09:42:42",4668100
31200,-300,200,"sd","09:42:45",4668300
31200,-300,3000,"sd","09:42:50",4671300
31200,-300,400,"bu","09:42:52",4671700
31200,-300,15000,"bu","09:42:56",4686700
31200,-300,100,"sd","09:42:59",4686800
31200,-300,1000,"bu","09:43:01",4687800
31200,-300,4500,"sd","09:43:06",4692300
31200,-300,5000,"sd","09:43:09",4697300
31200,-300,500,"sd","09:43:12",4697800
31200,-300,200,"bu","09:43:13",4698000
31150,-350,5100,"bu","09:43:18",4703100
31200,-300,400,"sd","09:43:18",4703500
31200,-300,1000,"sd","09:43:19",4704500
31150,-350,5000,"bu","09:43:25",4709500
31200,-300,700,"sd","09:43:29",4710200
31150,-350,5000,"bu","09:43:33",4715200
31200,-300,50000,"bu","09:43:35",4765200
31200,-300,20000,"bu","09:43:38",4785200
31200,-300,3000,"sd","09:43:41",4788200
31200,-300,4600,"bu","09:43:42",4792800
31200,-300,1000,"sd","09:43:42",4793800
31200,-300,500,"sd","09:43:44",4794300
31200,-300,21300,"sd","09:43:46",4815600
31200,-300,300,"sd","09:43:46",4815900
31200,-300,500,"bu","09:43:49",4816400
31200,-300,15400,"sd","09:43:50",4831800
31200,-300,3000,"bu","09:43:57",4834800
31200,-300,1000,"bu","09:44:00",4835800
31200,-300,100,"sd","09:44:00",4835900
31250,-250,10000,"bu","09:44:01",4845900
31250,-250,1000,"bu","09:44:05",4846900
31250,-250,2300,"sd","09:44:09",4849200
31250,-250,5000,"sd","09:44:10",4854200
31250,-250,1000,"sd","09:44:11",4855200
31250,-250,400,"bu","09:44:11",4855600
31250,-250,10000,"bu","09:44:12",4865600
31250,-250,15000,"sd","09:44:13",4880600
31200,-300,5100,"sd","09:44:14",4885700
31250,-250,1500,"bu","09:44:15",4887200
31250,-250,900,"bu","09:44:16",4888100
31300,-200,7000,"bu","09:44:21",4895100
31250,-250,1000,"bu","09:44:27",4896100
31300,-200,100,"bu","09:44:28",4896200
31300,-200,2000,"bu","09:44:38",4898200
31300,-200,400,"bu","09:44:39",4898600
31300,-200,8000,"sd","09:44:40",4906600
31300,-200,400,"sd","09:44:41",4907000
31300,-200,500,"sd","09:44:44",4907500
31300,-200,1600,"bu","09:44:47",4909100
31300,-200,2000,"bu","09:44:50",4911100
31300,-200,500,"bu","09:44:51",4911600
31300,-200,800,"sd","09:44:58",4912400
31300,-200,700,"sd","09:45:00",4913100
31300,-200,5000,"sd","09:45:03",4918100
31300,-200,1000,"sd","09:45:03",4919100
31300,-200,1900,"bu","09:45:05",4921000
31300,-200,100,"sd","09:45:07",4921100
31300,-200,1000,"sd","09:45:09",4922100
31300,-200,400,"bu","09:45:10",4922500
31300,-200,500,"sd","09:45:16",4923000
31300,-200,6200,"bu","09:45:27",4929200
31300,-200,10000,"bu","09:45:27",4939200
31300,-200,100,"sd","09:45:28",4939300
31300,-200,400,"bu","09:45:29",4939700
31300,-200,4900,"bu","09:45:33",4944600
31300,-200,5000,"bu","09:45:33",4949600
31300,-200,600,"bu","09:45:35",4950200
31300,-200,6100,"bu","09:45:41",4956300
31300,-200,3900,"sd","09:45:44",4960200
31300,-200,1000,"bu","09:45:53",4961200
31350,-150,19500,"bu","09:45:59",4980700
31300,-200,300,"bu","09:46:10",4981000
31350,-150,500,"bu","09:46:13",4981500
31350,-150,4800,"bu","09:46:20",4986300
31400,-100,2000,"sd","09:46:26",4988300
31400,-100,1000,"sd","09:46:33",4989300
31350,-150,5000,"bu","09:46:40",4994300
31400,-100,8900,"sd","09:46:42",5003200
31400,-100,14500,"bu","09:46:42",5017700
31400,-100,200,"bu","09:46:44",5017900
31400,-100,2100,"bu","09:46:47",5020000
31400,-100,500,"sd","09:46:49",5020500
31350,-150,2900,"sd","09:46:50",5023400
31350,-150,400,"bu","09:46:51",5023800
31350,-150,1000,"bu","09:46:53",5024800
31350,-150,5500,"bu","09:46:57",5030300
31350,-150,100,"bu","09:46:58",5030400
31350,-150,5900,"sd","09:46:59",5036300
31350,-150,12400,"bu","09:47:01",5048700
31350,-150,7600,"sd","09:47:05",5056300
31350,-150,1700,"bu","09:47:13",5058000
31350,-150,100,"sd","09:47:13",5058100
31350,-150,5200,"bu","09:47:14",5063300
31350,-150,900,"sd","09:47:15",5064200
31350,-150,100,"sd","09:47:16",5064300
31350,-150,8000,"sd","09:47:32",5072300
31400,-100,4000,"bu","09:47:42",5076300
31350,-150,500,"sd","09:47:45",5076800
31400,-100,1400,"bu","09:47:51",5078200
31350,-150,10000,"sd","09:47:52",5088200
31350,-150,100,"bu","09:47:54",5088300
31350,-150,7600,"sd","09:47:59",5095900
31400,-100,9700,"sd","09:48:03",5105600
31300,-200,5100,"bu","09:48:05",5110700
31350,-150,5000,"sd","09:48:20",5115700
31350,-150,300,"bu","09:48:26",5116000
31350,-150,5100,"bu","09:48:29",5121100
31350,-150,100,"bu","09:48:32",5121200
31350,-150,1000,"bu","09:48:33",5122200
31400,-100,300,"sd","09:48:36",5122500
31400,-100,800,"bu","09:48:43",5123300
31350,-150,800,"sd","09:48:52",5124100
31350,-150,10000,"sd","09:48:55",5134100
31350,-150,1000,"sd","09:48:57",5135100
31400,-100,14200,"sd","09:49:08",5149300
31350,-150,100,"bu","09:49:15",5149400
31400,-100,2100,"sd","09:49:17",5151500
31400,-100,200,"bu","09:49:19",5151700
31400,-100,1000,"sd","09:49:20",5152700
31400,-100,5000,"bu","09:49:24",5157700
31350,-150,5200,"bu","09:49:26",5162900
31350,-150,13100,"bu","09:49:29",5176000
31400,-100,5000,"sd","09:49:33",5181000
31400,-100,300,"sd","09:49:34",5181300
31400,-100,500,"bu","09:49:35",5181800
31350,-150,2900,"sd","09:49:37",5184700
31350,-150,30000,"bu","09:49:38",5214700
31400,-100,4400,"sd","09:49:47",5219100
31400,-100,1000,"bu","09:49:53",5220100
31400,-100,400,"bu","09:49:54",5220500
31400,-100,10000,"bu","09:49:56",5230500
31400,-100,500,"sd","09:49:58",5231000
31400,-100,1600,"sd","09:49:59",5232600
31350,-150,3000,"bu","09:50:02",5235600
31400,-100,300,"sd","09:50:03",5235900
31400,-100,100,"bu","09:50:04",5236000
31350,-150,5000,"sd","09:50:06",5241000
31400,-100,1000,"bu","09:50:19",5242000
31400,-100,400,"bu","09:50:22",5242400
31350,-150,4000,"sd","09:50:30",5246400
31400,-100,300,"sd","09:50:32",5246700
31350,-150,12800,"sd","09:50:36",5259500
31400,-100,100,"sd","09:50:41",5259600
31350,-150,5000,"sd","09:50:44",5264600
31350,-150,5100,"sd","09:50:48",5269700
31400,-100,1000,"bu","09:50:50",5270700
31400,-100,100,"bu","09:50:53",5270800
31350,-150,3200,"bu","09:50:57",5274000
31400,-100,5000,"bu","09:51:01",5279000
31350,-150,100,"sd","09:51:02",5279100
31350,-150,10000,"bu","09:51:02",5289100
31350,-150,100,"sd","09:51:04",5289200
31400,-100,10200,"sd","09:51:06",5299400
31350,-150,7300,"bu","09:51:07",5306700
31350,-150,5000,"sd","09:51:19",5311700
31350,-150,4000,"bu","09:51:26",5315700
31350,-150,2900,"bu","09:51:29",5318600
31350,-150,1500,"bu","09:51:30",5320100
31350,-150,500,"sd","09:51:30",5320600
31300,-200,5100,"bu","09:51:32",5325700
31350,-150,1000,"sd","09:51:43",5326700
31300,-200,16500,"bu","09:51:44",5343200
31350,-150,1000,"sd","09:51:48",5344200
31350,-150,5000,"bu","09:52:05",5349200
31350,-150,400,"bu","09:52:07",5349600
31300,-200,5100,"sd","09:52:12",5354700
31350,-150,10000,"sd","09:52:19",5364700
31350,-150,2000,"bu","09:52:22",5366700
31350,-150,400,"sd","09:52:33",5367100
31300,-200,1500,"bu","09:52:35",5368600
31300,-200,6000,"bu","09:52:43",5374600
31300,-200,500,"sd","09:52:48",5375100
31300,-200,6000,"sd","09:52:52",5381100
31300,-200,500,"sd","09:52:53",5381600
31350,-150,300,"bu","09:53:11",5381900
31300,-200,45300,"sd","09:53:14",5427200
31350,-150,2000,"sd","09:53:15",5429200
31300,-200,44000,"bu","09:53:18",5473200
31300,-200,10100,"sd","09:53:18",5483300
31300,-200,3200,"bu","09:53:24",5486500
31300,-200,500,"sd","09:53:25",5487000
31300,-200,400,"bu","09:53:26",5487400
31300,-200,500,"sd","09:53:31",5487900
31300,-200,100,"sd","09:53:35",5488000
31250,-250,4000,"bu","09:53:35",5492000
31250,-250,10800,"sd","09:53:38",5502800
31250,-250,1300,"bu","09:53:38",5504100
31250,-250,100,"bu","09:53:51",5504200
31200,-300,53500,"bu","09:53:52",5557700
31200,-300,1000,"sd","09:53:53",5558700
31200,-300,100,"sd","09:54:07",5558800
31150,-350,5000,"sd","09:54:13",5563800
31150,-350,10000,"sd","09:54:18",5573800
31150,-350,600,"sd","09:54:19",5574400
31150,-350,300,"bu","09:54:21",5574700
31150,-350,15300,"bu","09:54:22",5590000
31200,-300,500,"sd","09:54:23",5590500
31150,-350,4500,"sd","09:54:23",5595000
31150,-350,100,"bu","09:54:26",5595100
31150,-350,400,"sd","09:54:28",5595500
31200,-300,100,"sd","09:54:29",5595600
31150,-350,14000,"sd","09:54:31",5609600
31150,-350,12700,"sd","09:54:31",5622300
31150,-350,900,"bu","09:54:36",5623200
31150,-350,1000,"bu","09:54:39",5624200
31150,-350,10000,"sd","09:54:41",5634200
31100,-400,5100,"sd","09:54:48",5639300
31150,-350,200,"sd","09:54:51",5639500
31150,-350,5000,"sd","09:54:52",5644500
31150,-350,1000,"sd","09:54:53",5645500
31150,-350,1100,"bu","09:55:05",5646600
31150,-350,5200,"sd","09:55:18",5651800
31150,-350,5100,"bu","09:55:27",5656900
31150,-350,3400,"sd","09:55:29",5660300
31150,-350,4400,"bu","09:55:29",5664700
31150,-350,5300,"bu","09:56:28",5670000
31200,-300,500,"bu","09:56:33",5670500
31150,-350,100,"sd","09:56:35",5670600
31200,-300,1600,"bu","09:56:37",5672200
31200,-300,15000,"sd","09:56:40",5687200
31200,-300,1000,"bu","09:56:45",5688200
31200,-300,400,"sd","09:56:57",5688600
31150,-350,24000,"sd","09:56:58",5712600
31150,-350,800,"sd","09:57:08",5713400
31150,-350,1700,"bu","09:57:14",5715100
31200,-300,100,"bu","09:57:22",5715200
31200,-300,400,"sd","09:57:23",5715600
31150,-350,500,"bu","09:57:24",5716100
31150,-350,300,"sd","09:57:30",5716400
31200,-300,1100,"bu","09:57:31",5717500
31200,-300,10000,"bu","09:57:39",5727500
31150,-350,5100,"bu","09:57:46",5732600
31150,-350,68700,"sd","09:57:54",5801300
31100,-400,5000,"bu","09:57:55",5806300
31150,-350,500,"bu","09:57:56",5806800
31150,-350,1000,"sd","09:57:57",5807800
31100,-400,1000,"bu","09:58:01",5808800
31150,-350,100,"bu","09:58:18",5808900
31150,-350,5200,"sd","09:58:20",5814100
31150,-350,1000,"sd","09:58:25",5815100
31150,-350,200,"sd","09:58:38",5815300
31150,-350,1000,"sd","09:58:46",5816300
31150,-350,1200,"sd","09:58:51",5817500
31150,-350,400,"bu","09:58:52",5817900
31150,-350,1000,"sd","09:59:21",5818900
31150,-350,29600,"sd","09:59:34",5848500
31150,-350,400,"bu","09:59:36",5848900
31150,-350,30000,"sd","09:59:43",5878900
31150,-350,100,"sd","09:59:44",5879000
31150,-350,5000,"sd","09:59:48",5884000
31150,-350,500,"sd","09:59:57",5884500
31150,-350,400,"bu","10:00:03",5884900
31100,-400,3900,"bu","10:00:08",5888800
31150,-350,3500,"sd","10:00:31",5892300
31100,-400,10000,"sd","10:00:35",5902300
31100,-400,5000,"bu","10:00:41",5907300
31150,-350,2000,"bu","10:00:43",5909300
31150,-350,400,"bu","10:00:55",5909700
31150,-350,20000,"sd","10:00:59",5929700
31150,-350,200,"bu","10:01:00",5929900
31150,-350,300,"bu","10:01:05",5930200
31150,-350,600,"sd","10:01:13",5930800
31100,-400,5100,"bu","10:01:21",5935900
31150,-350,400,"sd","10:01:22",5936300
31100,-400,5100,"bu","10:01:32",5941400
31150,-350,100,"sd","10:01:35",5941500
31150,-350,700,"bu","10:01:36",5942200
31150,-350,100,"bu","10:01:37",5942300
31150,-350,2000,"sd","10:01:46",5944300
31150,-350,500,"bu","10:01:48",5944800
31100,-400,5000,"bu","10:01:54",5949800
31100,-400,200,"bu","10:02:08",5950000
31150,-350,1200,"bu","10:02:11",5951200
31150,-350,2400,"sd","10:02:13",5953600
31150,-350,400,"bu","10:02:15",5954000
31150,-350,20300,"sd","10:02:31",5974300
31150,-350,200,"sd","10:02:34",5974500
31150,-350,400,"sd","10:02:41",5974900
31150,-350,500,"bu","10:02:43",5975400
31100,-400,5000,"sd","10:02:44",5980400
31150,-350,100,"bu","10:02:55",5980500
31150,-350,1100,"bu","10:03:04",5981600
31150,-350,400,"sd","10:03:07",5982000
31150,-350,100,"sd","10:03:10",5982100
31100,-400,98700,"sd","10:03:14",6080800
31100,-400,1300,"sd","10:03:15",6082100
31100,-400,45000,"sd","10:03:21",6127100
31100,-400,2000,"bu","10:03:24",6129100
31100,-400,200,"bu","10:03:35",6129300
31100,-400,900,"bu","10:03:39",6130200
31100,-400,3000,"bu","10:03:51",6133200
31100,-400,700,"bu","10:04:13",6133900
31150,-350,1000,"sd","10:04:14",6134900
31150,-350,2000,"bu","10:04:18",6136900
31150,-350,100,"sd","10:04:19",6137000
31150,-350,400,"sd","10:04:27",6137400
31150,-350,7300,"bu","10:04:31",6144700
31150,-350,2000,"bu","10:04:36",6146700
31100,-400,1000,"bu","10:04:41",6147700
31100,-400,100,"bu","10:04:43",6147800
31150,-350,1000,"sd","10:04:45",6148800
31150,-350,400,"bu","10:04:53",6149200
31150,-350,1100,"sd","10:04:59",6150300
31150,-350,400,"sd","10:05:04",6150700
31150,-350,100,"bu","10:05:08",6150800
31150,-350,10000,"bu","10:05:11",6160800
31150,-350,74300,"sd","10:05:18",6235100
31150,-350,19000,"bu","10:05:31",6254100
31200,-300,1000,"sd","10:05:39",6255100
31200,-300,400,"sd","10:05:46",6255500
31150,-350,2400,"bu","10:05:48",6257900
31200,-300,1000,"sd","10:06:16",6258900
31200,-300,1500,"sd","10:06:39",6260400
31200,-300,100,"bu","10:06:41",6260500
31200,-300,1000,"bu","10:07:05",6261500
31200,-300,174400,"sd","10:07:12",6435900
31200,-300,100,"bu","10:07:19",6436000
31250,-250,1700,"bu","10:07:47",6437700
31250,-250,7300,"sd","10:07:49",6445000
31250,-250,400,"bu","10:07:51",6445400
31250,-250,2000,"bu","10:07:58",6447400
31250,-250,5000,"sd","10:08:26",6452400
31300,-200,400,"bu","10:08:27",6452800
31250,-250,1000,"sd","10:08:32",6453800
31250,-250,300,"sd","10:08:45",6454100
31300,-200,1000,"bu","10:08:49",6455100
31250,-250,1100,"bu","10:09:13",6456200
31300,-200,2000,"sd","10:09:19",6458200
31300,-200,5000,"sd","10:09:23",6463200
31300,-200,100,"sd","10:09:29",6463300
31300,-200,1000,"bu","10:09:37",6464300
31300,-200,100,"bu","10:09:42",6464400
31300,-200,600,"sd","10:09:42",6465000
31300,-200,300,"bu","10:09:43",6465300
31300,-200,26300,"sd","10:10:00",6491600
31300,-200,11000,"sd","10:10:07",6502600
31350,-150,1500,"bu","10:10:12",6504100
31350,-150,200,"sd","10:10:20",6504300
31350,-150,2000,"bu","10:10:24",6506300
31350,-150,6000,"sd","10:10:27",6512300
31350,-150,6000,"bu","10:10:30",6518300
31350,-150,500,"bu","10:10:31",6518800
31350,-150,1000,"bu","10:10:34",6519800
31350,-150,3400,"sd","10:10:36",6523200
31350,-150,4000,"bu","10:10:37",6527200
31350,-150,3000,"bu","10:10:38",6530200
31350,-150,700,"bu","10:10:40",6530900
31350,-150,29300,"sd","10:10:44",6560200
31350,-150,100,"sd","10:10:50",6560300
31350,-150,12600,"bu","10:10:58",6572900
31400,-100,5300,"bu","10:11:01",6578200
31400,-100,1500,"sd","10:11:04",6579700
31350,-150,5000,"bu","10:11:06",6584700
31400,-100,15600,"sd","10:11:07",6600300
31350,-150,4700,"bu","10:11:09",6605000
31350,-150,100,"bu","10:11:14",6605100
31350,-150,500,"sd","10:11:20",6605600
31350,-150,400,"sd","10:11:23",6606000
31400,-100,700,"sd","10:11:29",6606700
31350,-150,41600,"sd","10:11:33",6648300
31400,-100,1000,"sd","10:11:34",6649300
31400,-100,200,"bu","10:11:38",6649500
31400,-100,1000,"sd","10:11:44",6650500
31350,-150,2600,"sd","10:11:46",6653100
31400,-100,500,"bu","10:11:50",6653600
31350,-150,200,"sd","10:11:51",6653800
31350,-150,2500,"bu","10:12:01",6656300
31400,-100,100,"sd","10:12:02",6656400
31350,-150,600,"bu","10:12:05",6657000
31400,-100,2500,"sd","10:12:07",6659500
31400,-100,4000,"bu","10:12:08",6663500
31400,-100,1100,"bu","10:12:12",6664600
31400,-100,600,"bu","10:12:16",6665200
31400,-100,400,"bu","10:12:22",6665600
31400,-100,1000,"sd","10:12:24",6666600
31400,-100,62000,"sd","10:12:25",6728600
31400,-100,500,"bu","10:12:29",6729100
31400,-100,4000,"sd","10:12:30",6733100
31400,-100,17500,"bu","10:12:32",6750600
31400,-100,8000,"bu","10:12:43",6758600
31400,-100,20000,"bu","10:12:47",6778600
31450,-50,6900,"bu","10:12:48",6785500
31450,-50,2000,"sd","10:12:50",6787500
31400,-100,1400,"bu","10:12:52",6788900
31400,-100,3000,"sd","10:12:57",6791900
31450,-50,400,"bu","10:13:05",6792300
31450,-50,5500,"bu","10:13:06",6797800
31450,-50,4000,"bu","10:13:09",6801800
31450,-50,2400,"sd","10:13:14",6804200
31450,-50,5000,"bu","10:13:16",6809200
31450,-50,1000,"bu","10:13:17",6810200
31450,-50,14000,"bu","10:13:23",6824200
31450,-50,100,"bu","10:13:25",6824300
31450,-50,3000,"bu","10:13:26",6827300
31450,-50,33900,"sd","10:13:31",6861200
31500,0,100,"bu","10:13:36",6861300
31450,-50,700,"bu","10:13:41",6862000
31450,-50,2000,"sd","10:13:52",6864000
31450,-50,1000,"bu","10:13:59",6865000
31500,0,300,"sd","10:14:05",6865300
31500,0,1000,"bu","10:14:06",6866300
31500,0,8400,"sd","10:14:07",6874700
31450,-50,12000,"bu","10:14:08",6886700
31500,0,500,"sd","10:14:10",6887200
31500,0,198700,"sd","10:14:13",7085900
31500,0,31300,"sd","10:14:14",7117200
31500,0,400,"bu","10:14:15",7117600
31500,0,5500,"sd","10:14:18",7123100
31450,-50,9700,"sd","10:14:22",7132800
31500,0,34100,"bu","10:14:23",7166900
31500,0,15500,"bu","10:14:24",7182400
31500,0,3000,"sd","10:14:25",7185400
31500,0,100,"bu","10:14:26",7185500
31500,0,500,"bu","10:14:28",7186000
31500,0,1700,"bu","10:14:43",7187700
31550,50,1000,"sd","10:14:45",7188700
31550,50,1100,"sd","10:14:48",7189800
31550,50,8000,"sd","10:14:53",7197800
31550,50,3300,"bu","10:14:54",7201100
31550,50,500,"sd","10:14:56",7201600
31550,50,900,"bu","10:14:57",7202500
31550,50,4000,"bu","10:14:58",7206500
31550,50,1000,"bu","10:14:59",7207500
31550,50,11100,"bu","10:15:00",7218600
31550,50,4000,"sd","10:15:01",7222600
31550,50,5000,"bu","10:15:02",7227600
31550,50,2000,"sd","10:15:04",7229600
31550,50,10000,"bu","10:15:07",7239600
31550,50,5000,"bu","10:15:08",7244600
31550,50,4000,"bu","10:15:11",7248600
31550,50,10200,"bu","10:15:12",7258800
31550,50,100,"bu","10:15:15",7258900
31550,50,1000,"bu","10:15:18",7259900
31550,50,34200,"bu","10:15:20",7294100
31600,100,7000,"sd","10:15:23",7301100
31550,50,10000,"sd","10:15:25",7311100
31550,50,100,"sd","10:15:27",7311200
31600,100,1300,"bu","10:15:29",7312500
31600,100,1200,"bu","10:15:39",7313700
31600,100,50000,"sd","10:15:41",7363700
31600,100,11600,"bu","10:15:44",7375300
31600,100,10000,"sd","10:15:46",7385300
31600,100,1700,"sd","10:15:48",7387000
31600,100,100,"bu","10:15:49",7387100
31600,100,6000,"bu","10:15:52",7393100
31600,100,47000,"sd","10:15:53",7440100
31600,100,500,"bu","10:15:55",7440600
31600,100,100,"sd","10:15:56",7440700
31600,100,500,"bu","10:16:01",7441200
31650,150,500,"sd","10:16:08",7441700
31650,150,2000,"sd","10:16:11",7443700
31600,100,1100,"bu","10:16:12",7444800
31600,100,3300,"bu","10:16:15",7448100
31600,100,10000,"bu","10:16:19",7458100
31600,100,100,"bu","10:16:20",7458200
31600,100,700,"sd","10:16:22",7458900
31650,150,23800,"sd","10:16:23",7482700
31650,150,23600,"bu","10:16:31",7506300
31650,150,2600,"sd","10:16:33",7508900
31650,150,10000,"bu","10:16:34",7518900
31650,150,500,"bu","10:16:36",7519400
31650,150,100,"sd","10:16:37",7519500
31650,150,200,"bu","10:16:39",7519700
31650,150,10000,"sd","10:16:40",7529700
31650,150,1100,"bu","10:16:42",7530800
31700,200,2000,"bu","10:16:44",7532800
31700,200,500,"bu","10:16:46",7533300
31700,200,800,"sd","10:16:51",7534100
31700,200,51500,"bu","10:16:52",7585600
31650,150,2700,"sd","10:16:53",7588300
31700,200,8000,"sd","10:17:00",7596300
31650,150,500,"bu","10:17:02",7596800
31700,200,1000,"sd","10:17:03",7597800
31650,150,3100,"sd","10:17:04",7600900
31700,200,14000,"sd","10:17:10",7614900
31700,200,600,"sd","10:17:12",7615500
31650,150,1300,"bu","10:17:13",7616800
31650,150,1700,"sd","10:17:14",7618500
31700,200,4000,"bu","10:17:17",7622500
31700,200,1300,"sd","10:17:21",7623800
31650,150,10900,"sd","10:17:22",7634700
31650,150,3500,"bu","10:17:36",7638200
31700,200,20500,"sd","10:17:37",7658700
31700,200,400,"sd","10:17:38",7659100
31650,150,1700,"bu","10:17:40",7660800
31650,150,1300,"bu","10:17:42",7662100
31700,200,6100,"bu","10:17:44",7668200
31700,200,10000,"bu","10:17:52",7678200
31700,200,1800,"bu","10:17:53",7680000
31700,200,10300,"bu","10:17:55",7690300
31650,150,1900,"sd","10:17:56",7692200
31650,150,100,"sd","10:17:58",7692300
31650,150,7300,"sd","10:18:03",7699600
31650,150,1700,"bu","10:18:04",7701300
31700,200,500,"bu","10:18:08",7701800
31650,150,400,"sd","10:18:12",7702200
31700,200,2000,"bu","10:18:14",7704200
31700,200,10100,"bu","10:18:22",7714300
31700,200,1800,"sd","10:18:23",7716100
31700,200,5000,"bu","10:18:25",7721100
31650,150,1000,"bu","10:18:32",7722100
31700,200,1000,"sd","10:18:33",7723100
31700,200,3000,"sd","10:18:39",7726100
31650,150,200,"sd","10:18:43",7726300
31650,150,55000,"bu","10:18:44",7781300
31700,200,2000,"sd","10:18:46",7783300
31700,200,2000,"bu","10:18:48",7785300
31700,200,2500,"bu","10:18:51",7787800
31650,150,12000,"sd","10:18:52",7799800
31650,150,3500,"bu","10:18:53",7803300
31650,150,2000,"bu","10:18:55",7805300
31650,150,49300,"sd","10:18:58",7854600
31650,150,700,"sd","10:18:59",7855300
31650,150,1600,"bu","10:19:01",7856900
31650,150,13400,"bu","10:19:03",7870300
31650,150,800,"bu","10:19:04",7871100
31600,100,2500,"sd","10:19:10",7873600
31650,150,7000,"sd","10:19:13",7880600
31600,100,31800,"bu","10:19:14",7912400
31650,150,46400,"sd","10:19:15",7958800
31650,150,5500,"bu","10:19:21",7964300
31650,150,2400,"bu","10:19:22",7966700
31650,150,4600,"bu","10:19:23",7971300
31650,150,1000,"sd","10:19:24",7972300
31650,150,2000,"sd","10:19:26",7974300
31650,150,100,"sd","10:19:27",7974400
31650,150,500,"sd","10:19:28",7974900
31650,150,100,"sd","10:19:30",7975000
31650,150,400,"sd","10:19:33",7975400
31650,150,5000,"bu","10:19:34",7980400
31650,150,200,"sd","10:19:36",7980600
31650,150,1400,"sd","10:19:38",7982000
31700,200,2000,"bu","10:19:41",7984000
31650,150,400,"sd","10:19:42",7984400
31700,200,200,"bu","10:19:44",7984600
31650,150,2300,"bu","10:19:48",7986900
31650,150,6200,"bu","10:19:49",7993100
31700,200,700,"bu","10:19:50",7993800
31650,150,600,"sd","10:19:56",7994400
31700,200,10200,"sd","10:19:58",8004600
31650,150,5000,"bu","10:19:59",8009600
31650,150,49300,"bu","10:20:01",8058900
31600,100,3200,"bu","10:20:02",8062100
31600,100,5000,"sd","10:20:03",8067100
31650,150,1100,"sd","10:20:10",8068200
31600,100,700,"bu","10:20:12",8068900
31650,150,2200,"sd","10:20:14",8071100
31600,100,3000,"sd","10:20:16",8074100
31650,150,2000,"sd","10:20:19",8076100
31600,100,1700,"bu","10:20:20",8077800
31600,100,1000,"bu","10:20:21",8078800
31600,100,500,"sd","10:20:22",8079300
31600,100,200,"sd","10:20:28",8079500
31600,100,100,"sd","10:20:28",8079600
31600,100,2000,"bu","10:20:29",8081600
31600,100,500,"sd","10:20:31",8082100
31600,100,11200,"bu","10:20:32",8093300
31600,100,4200,"bu","10:20:37",8097500
31600,100,1600,"bu","10:20:39",8099100
31600,100,5000,"sd","10:20:40",8104100
31600,100,6800,"sd","10:20:43",8110900
31600,100,57400,"sd","10:20:44",8168300
31600,100,800,"bu","10:20:45",8169100
31600,100,4200,"bu","10:20:48",8173300
31650,150,10000,"sd","10:20:49",8183300
31600,100,600,"sd","10:20:50",8183900
31550,50,4500,"bu","10:20:53",8188400
31600,100,100,"sd","10:20:59",8188500
31550,50,200,"sd","10:21:02",8188700
31600,100,1000,"sd","10:21:05",8189700
31550,50,300,"bu","10:21:06",8190000
31600,100,200,"sd","10:21:09",8190200
31600,100,5400,"bu","10:21:11",8195600
31550,50,300,"sd","10:21:13",8195900
31550,50,4000,"bu","10:21:14",8199900
31550,50,200,"bu","10:21:19",8200100
31550,50,1000,"sd","10:21:20",8201100
31550,50,100,"sd","10:21:22",8201200
31600,100,600,"sd","10:21:23",8201800
31550,50,5000,"sd","10:21:24",8206800
31550,50,1400,"sd","10:21:30",8208200
31550,50,4300,"bu","10:21:32",8212500
31550,50,7500,"bu","10:21:35",8220000
31550,50,300,"sd","10:21:40",8220300
31550,50,5000,"bu","10:21:41",8225300
31550,50,600,"bu","10:21:42",8225900
31550,50,100,"sd","10:21:44",8226000
31550,50,8000,"sd","10:21:47",8234000
31550,50,3800,"sd","10:21:52",8237800
31550,50,600,"sd","10:21:53",8238400
31550,50,1000,"bu","10:21:59",8239400
31550,50,100,"sd","10:22:00",8239500
31550,50,1000,"sd","10:22:08",8240500
31550,50,2000,"bu","10:22:10",8242500
31550,50,100,"bu","10:22:12",8242600
31600,100,30100,"sd","10:22:18",8272700
31600,100,100,"sd","10:22:19",8272800
31550,50,1500,"sd","10:22:22",8274300
31550,50,200,"bu","10:22:26",8274500
31600,100,2400,"sd","10:22:29",8276900
31550,50,200,"bu","10:22:32",8277100
31600,100,900,"sd","10:22:50",8278000
31600,100,400,"bu","10:22:54",8278400
31550,50,3000,"bu","10:22:59",8281400
31600,100,4500,"bu","10:23:03",8285900
31550,50,200,"sd","10:23:12",8286100
31550,50,10200,"sd","10:23:40",8296300
31550,50,100,"sd","10:23:41",8296400
31550,50,1500,"sd","10:23:42",8297900
31550,50,10500,"bu","10:23:45",8308400
31600,100,2800,"bu","10:23:50",8311200
31550,50,100,"sd","10:23:51",8311300
31550,50,700,"bu","10:23:52",8312000
31550,50,800,"bu","10:23:57",8312800
31550,50,1000,"sd","10:23:59",8313800
31550,50,400,"bu","10:24:01",8314200
31550,50,400,"sd","10:24:02",8314600
31550,50,500,"bu","10:24:05",8315100
31550,50,72100,"bu","10:24:06",8387200
31550,50,1000,"bu","10:24:08",8388200
31500,0,3700,"sd","10:24:13",8391900
31550,50,5000,"sd","10:24:14",8396900
31500,0,400,"bu","10:24:22",8397300
31550,50,600,"bu","10:24:30",8397900
31550,50,200,"bu","10:24:33",8398100
31550,50,400,"bu","10:24:41",8398500
31550,50,200,"sd","10:24:51",8398700
31500,0,3100,"sd","10:24:52",8401800
31500,0,10300,"sd","10:25:08",8412100
31500,0,500,"sd","10:25:12",8412600
31500,0,5000,"bu","10:25:13",8417600
31500,0,500,"bu","10:25:20",8418100
31500,0,300,"sd","10:25:22",8418400
31500,0,10000,"bu","10:25:23",8428400
31500,0,5000,"sd","10:25:25",8433400
31500,0,10000,"sd","10:25:29",8443400
31500,0,100,"bu","10:25:30",8443500
31550,50,1500,"bu","10:25:33",8445000
31550,50,400,"bu","10:25:35",8445400
31550,50,1000,"bu","10:25:45",8446400
31550,50,500,"sd","10:25:57",8446900
31550,50,400,"bu","10:26:00",8447300
31550,50,4400,"sd","10:26:01",8451700
31500,0,200,"sd","10:26:02",8451900
31500,0,100,"sd","10:26:13",8452000
31500,0,1600,"sd","10:26:20",8453600
31500,0,500,"sd","10:26:21",8454100
31500,0,100,"sd","10:26:22",8454200
31500,0,200,"bu","10:26:28",8454400
31550,50,100,"sd","10:26:30",8454500
31500,0,13300,"bu","10:26:36",8467800
31500,0,600,"sd","10:26:38",8468400
31500,0,600,"sd","10:26:42",8469000
31550,50,800,"bu","10:26:45",8469800
31550,50,500,"sd","10:26:53",8470300
31550,50,100,"bu","10:26:55",8470400
31500,0,20000,"bu","10:27:00",8490400
31500,0,106000,"sd","10:27:02",8596400
31500,0,9000,"bu","10:27:08",8605400
31500,0,700,"sd","10:27:13",8606100
31500,0,1000,"sd","10:27:15",8607100
31550,50,4400,"bu","10:27:16",8611500
31550,50,400,"sd","10:27:19",8611900
31500,0,300,"sd","10:27:22",8612200
31500,0,200,"sd","10:27:23",8612400
31500,0,100,"bu","10:27:24",8612500
31500,0,3700,"bu","10:27:27",8616200
31450,-50,200,"bu","10:27:33",8616400
31450,-50,10500,"bu","10:27:42",8626900
31450,-50,4700,"bu","10:27:46",8631600
31500,0,100,"sd","10:27:48",8631700
31500,0,800,"sd","10:28:11",8632500
31450,-50,6600,"sd","10:28:15",8639100
31450,-50,300,"bu","10:28:23",8639400
31500,0,4400,"sd","10:28:32",8643800
31450,-50,200,"sd","10:28:33",8644000
31450,-50,1000,"sd","10:28:51",8645000
31450,-50,1700,"sd","10:29:06",8646700
31450,-50,500,"sd","10:29:10",8647200
31500,0,800,"sd","10:29:22",8648000
31500,0,400,"bu","10:29:31",8648400
31500,0,4400,"sd","10:29:47",8652800
31500,0,3000,"bu","10:29:50",8655800
31450,-50,300,"sd","10:29:52",8656100
31500,0,2000,"sd","10:29:56",8658100
31500,0,400,"bu","10:29:58",8658500
31450,-50,100,"bu","10:30:02",8658600
31450,-50,5000,"bu","10:30:05",8663600
31450,-50,200,"bu","10:30:13",8663800
31500,0,28500,"bu","10:30:20",8692300
31500,0,3000,"bu","10:30:21",8695300
31500,0,1500,"bu","10:30:22",8696800
31500,0,7000,"bu","10:30:26",8703800
31500,0,400,"sd","10:30:33",8704200
31550,50,3000,"bu","10:30:34",8707200
31500,0,200,"bu","10:30:36",8707400
31500,0,100,"bu","10:30:43",8707500
31550,50,1700,"sd","10:30:59",8709200
31550,50,4400,"bu","10:31:01",8713600
31500,0,300,"sd","10:31:03",8713900
31500,0,900,"bu","10:31:05",8714800
31500,0,1000,"sd","10:31:10",8715800
31500,0,100,"bu","10:31:12",8715900
31500,0,2000,"bu","10:31:31",8717900
31500,0,100,"bu","10:31:33",8718000
31550,50,6100,"sd","10:31:49",8724100
31500,0,300,"sd","10:31:52",8724400
31550,50,20000,"sd","10:31:55",8744400
31500,0,1000,"sd","10:32:03",8745400
31550,50,18000,"sd","10:32:14",8763400
31550,50,1500,"bu","10:32:17",8764900
31600,100,1700,"sd","10:32:21",8766600
31550,50,6100,"bu","10:32:23",8772700
31550,50,6000,"sd","10:32:24",8778700
31550,50,1000,"bu","10:32:30",8779700
31500,0,600,"sd","10:32:32",8780300
31550,50,1000,"sd","10:32:35",8781300
31550,50,400,"bu","10:32:36",8781700
31500,0,100,"sd","10:32:43",8781800
31550,50,900,"bu","10:32:48",8782700
31550,50,600,"bu","10:32:49",8783300
31500,0,700,"sd","10:32:57",8784000
31550,50,500,"sd","10:33:01",8784500
31550,50,400,"bu","10:33:02",8784900
31500,0,3000,"sd","10:33:06",8787900
31500,0,10100,"sd","10:33:12",8798000
31500,0,3000,"bu","10:33:20",8801000
31500,0,600,"bu","10:33:22",8801600
31500,0,300,"bu","10:33:23",8801900
31550,50,1700,"sd","10:33:29",8803600
31550,50,4400,"sd","10:33:31",8808000
31500,0,300,"sd","10:33:33",8808300
31550,50,1700,"bu","10:33:52",8810000
31550,50,400,"sd","10:33:56",8810400
31550,50,10000,"bu","10:33:59",8820400
31550,50,400,"bu","10:34:01",8820800
31550,50,900,"bu","10:34:02",8821700
31550,50,1000,"sd","10:34:11",8822700
31550,50,5000,"bu","10:34:17",8827700
31550,50,500,"sd","10:34:22",8828200
31550,50,1500,"sd","10:34:32",8829700
31550,50,4900,"sd","10:34:47",8834600
31550,50,400,"bu","10:34:48",8835000
31550,50,100,"bu","10:34:49",8835100
31550,50,13800,"sd","10:35:06",8848900
31550,50,200,"sd","10:35:28",8849100
31550,50,2000,"bu","10:35:33",8851100
31550,50,9000,"bu","10:35:36",8860100
31600,100,900,"bu","10:35:59",8861000
31600,100,3800,"bu","10:36:01",8864800
31550,50,100,"bu","10:36:06",8864900
31550,50,3000,"sd","10:36:10",8867900
31550,50,10000,"bu","10:36:28",8877900
31600,100,800,"bu","10:36:29",8878700
31550,50,200,"sd","10:36:30",8878900
31550,50,7000,"bu","10:36:33",8885900
31550,50,500,"bu","10:36:49",8886400
31550,50,5800,"bu","10:37:16",8892200
31550,50,1000,"bu","10:37:33",8893200
31550,50,1700,"bu","10:37:39",8894900
31550,50,1000,"sd","10:37:43",8895900
31550,50,1100,"bu","10:37:53",8897000
31550,50,3400,"bu","10:37:54",8900400
31550,50,5900,"sd","10:38:01",8906300
31550,50,4800,"sd","10:38:10",8911100
31550,50,3000,"bu","10:38:22",8914100
31550,50,1700,"sd","10:38:26",8915800
31550,50,900,"bu","10:38:30",8916700
31600,100,3800,"bu","10:38:31",8920500
31550,50,5500,"bu","10:38:32",8926000
31550,50,1700,"bu","10:38:35",8927700
31550,50,1800,"bu","10:38:41",8929500
31550,50,500,"bu","10:38:44",8930000
31550,50,200,"bu","10:38:45",8930200
31550,50,100,"bu","10:38:46",8930300
31550,50,5000,"bu","10:38:47",8935300
31550,50,2000,"sd","10:38:48",8937300
31550,50,1000,"sd","10:38:50",8938300
31550,50,9100,"bu","10:38:54",8947400
31550,50,500,"sd","10:39:12",8947900
31500,0,1700,"bu","10:39:24",8949600
31500,0,1300,"sd","10:39:29",8950900
31500,0,1700,"sd","10:39:30",8952600
31500,0,11800,"sd","10:39:38",8964400
31500,0,3600,"bu","10:39:41",8968000
31500,0,3200,"bu","10:39:44",8971200
31550,50,3800,"bu","10:39:46",8975000
31500,0,5200,"sd","10:39:50",8980200
31500,0,1000,"sd","10:39:53",8981200
31500,0,18000,"sd","10:39:54",8999200
31500,0,5000,"bu","10:40:03",9004200
31500,0,1000,"sd","10:40:06",9005200
31500,0,5000,"sd","10:40:07",9010200
31500,0,7400,"sd","10:40:08",9017600
31450,-50,1600,"bu","10:40:12",9019200
31450,-50,100,"bu","10:40:28",9019300
31450,-50,3000,"sd","10:41:00",9022300
31500,0,3800,"bu","10:41:01",9026100
31500,0,400,"sd","10:41:24",9026500
31450,-50,2000,"sd","10:41:28",9028500
31500,0,3100,"bu","10:41:43",9031600
31450,-50,4900,"bu","10:41:51",9036500
31500,0,300,"sd","10:41:59",9036800
31500,0,100,"sd","10:42:05",9036900
31500,0,4200,"bu","10:42:17",9041100
31450,-50,3000,"bu","10:42:21",9044100
31500,0,700,"bu","10:42:39",9044800
31500,0,500,"bu","10:42:43",9045300
31450,-50,1000,"sd","10:42:46",9046300
31450,-50,100,"sd","10:42:54",9046400
31450,-50,1000,"sd","10:43:04",9047400
31500,0,100,"sd","10:43:07",9047500
31500,0,400,"bu","10:43:11",9047900
31500,0,300,"bu","10:43:25",9048200
31500,0,3800,"bu","10:43:31",9052000
31500,0,400,"sd","10:43:36",9052400
31500,0,500,"sd","10:43:44",9052900
31500,0,2000,"bu","10:43:56",9054900
31500,0,6000,"sd","10:43:58",9060900
31500,0,400,"bu","10:44:02",9061300
31450,-50,2000,"sd","10:44:24",9063300
31500,0,1600,"sd","10:44:34",9064900
31500,0,3800,"sd","10:44:47",9068700
31500,0,1000,"sd","10:44:51",9069700
31500,0,400,"bu","10:44:55",9070100
31500,0,500,"sd","10:45:19",9070600
31500,0,400,"bu","10:45:22",9071000
31450,-50,500,"bu","10:45:42",9071500
31500,0,300,"sd","10:45:45",9071800
31500,0,15000,"sd","10:45:46",9086800
31500,0,400,"bu","10:45:48",9087200
31500,0,10000,"sd","10:45:50",9097200
31500,0,9400,"bu","10:45:53",9106600
31500,0,3100,"sd","10:46:01",9109700
31500,0,400,"bu","10:46:13",9110100
31500,0,2000,"bu","10:46:16",9112100
31500,0,1000,"bu","10:46:26",9113100
31500,0,400,"sd","10:46:41",9113500
31500,0,1900,"bu","10:46:55",9115400
31500,0,1000,"bu","10:47:01",9116400
31500,0,500,"bu","10:47:07",9116900
31500,0,3100,"sd","10:47:16",9120000
31500,0,400,"bu","10:47:34",9120400
31500,0,300,"bu","10:47:50",9120700
31500,0,3000,"sd","10:47:55",9123700
31500,0,400,"sd","10:48:00",9124100
31450,-50,1400,"sd","10:48:20",9125500
31450,-50,2900,"bu","10:48:24",9128400
31500,0,3000,"sd","10:48:32",9131400
31500,0,400,"sd","10:48:53",9131800
31450,-50,10000,"sd","10:48:54",9141800
31500,0,6000,"sd","10:48:55",9147800
31450,-50,50000,"sd","10:48:57",9197800
31450,-50,10000,"sd","10:48:59",9207800
31450,-50,300,"sd","10:49:12",9208100
31450,-50,15200,"bu","10:49:16",9223300
31450,-50,1000,"sd","10:49:28",9224300
31500,0,4100,"bu","10:49:46",9228400
31450,-50,1000,"bu","10:49:50",9229400
31450,-50,1800,"bu","10:50:00",9231200
31450,-50,200,"sd","10:50:18",9231400
31450,-50,5900,"bu","10:50:23",9237300
31450,-50,500,"sd","10:50:24",9237800
31450,-50,4000,"bu","10:50:35",9241800
31450,-50,400,"sd","10:50:38",9242200
31450,-50,300,"sd","10:50:43",9242500
31450,-50,100,"bu","10:50:50",9242600
31450,-50,400,"bu","10:50:55",9243000
31450,-50,3000,"bu","10:51:01",9246000
31450,-50,400,"sd","10:51:04",9246400
31450,-50,100,"sd","10:51:06",9246500
31450,-50,2300,"bu","10:51:09",9248800
31450,-50,400,"bu","10:51:32",9249200
31450,-50,2000,"sd","10:51:56",9251200
31450,-50,3000,"sd","10:52:13",9254200
31500,0,3100,"bu","10:52:16",9257300
31450,-50,4000,"sd","10:52:17",9261300
31450,-50,3000,"sd","10:52:51",9264300
31450,-50,500,"bu","10:53:06",9264800
31450,-50,2000,"sd","10:53:10",9266800
31450,-50,2100,"sd","10:53:31",9268900
31500,0,3000,"bu","10:53:32",9271900
31500,0,400,"bu","10:53:43",9272300
31450,-50,200,"sd","10:53:45",9272500
31450,-50,3000,"bu","10:53:49",9275500
31450,-50,1200,"bu","10:53:53",9276700
31450,-50,400,"bu","10:54:10",9277100
31450,-50,3100,"sd","10:55:01",9280200
31450,-50,900,"bu","10:55:08",9281100
31450,-50,400,"sd","10:55:30",9281500
31450,-50,100,"sd","10:55:40",9281600
31450,-50,3700,"bu","10:56:01",9285300
31400,-100,600,"bu","10:56:08",9285900
31400,-100,500,"bu","10:56:15",9286400
31450,-50,500,"bu","10:56:22",9286900
31450,-50,1000,"sd","10:56:38",9287900
31450,-50,3000,"sd","10:56:47",9290900
31450,-50,500,"sd","10:56:49",9291400
31450,-50,5000,"sd","10:56:58",9296400
31450,-50,100,"sd","10:57:10",9296500
31450,-50,400,"sd","10:57:14",9296900
31450,-50,3000,"bu","10:57:16",9299900
31450,-50,400,"sd","10:57:41",9300300
31450,-50,5000,"sd","10:57:42",9305300
31450,-50,400,"sd","10:58:07",9305700
31400,-100,3000,"bu","10:58:12",9308700
31450,-50,3100,"sd","10:58:31",9311800
31450,-50,400,"sd","10:58:35",9312200
31400,-100,1000,"sd","10:58:40",9313200
31400,-100,2500,"bu","10:58:50",9315700
31400,-100,10000,"bu","10:58:51",9325700
31400,-100,1000,"bu","10:59:00",9326700
31400,-100,500,"sd","10:59:10",9327200
31400,-100,6000,"bu","10:59:13",9333200
31400,-100,2000,"sd","10:59:14",9335200
31400,-100,300,"sd","10:59:19",9335500
31400,-100,10000,"sd","10:59:25",9345500
31450,-50,4700,"sd","10:59:47",9350200
31400,-100,20000,"sd","10:59:51",9370200
31400,-100,1700,"sd","10:59:57",9371900
31400,-100,5000,"sd","11:00:00",9376900
31400,-100,2000,"bu","11:00:01",9378900
31400,-100,10000,"bu","11:00:05",9388900
31400,-100,20600,"sd","11:00:09",9409500
31350,-150,2000,"sd","11:00:12",9411500
31400,-100,1700,"bu","11:00:27",9413200
31400,-100,100,"sd","11:00:33",9413300
31400,-100,1000,"sd","11:00:37",9414300
31400,-100,100,"bu","11:00:41",9414400
31400,-100,400,"bu","11:00:44",9414800
31400,-100,200,"bu","11:00:45",9415000
31400,-100,400,"sd","11:00:46",9415400
31400,-100,1700,"bu","11:00:47",9417100
31400,-100,1000,"sd","11:00:50",9418100
31400,-100,100,"bu","11:00:53",9418200
31400,-100,1600,"bu","11:01:00",9419800
31400,-100,3100,"bu","11:01:02",9422900
31400,-100,1400,"bu","11:01:04",9424300
31400,-100,100,"sd","11:01:05",9424400
31400,-100,1500,"bu","11:01:07",9425900
31400,-100,1500,"sd","11:01:08",9427400
31400,-100,2100,"sd","11:01:13",9429500
31400,-100,500,"bu","11:01:15",9430000
31400,-100,1800,"sd","11:01:20",9431800
31400,-100,800,"bu","11:01:23",9432600
31400,-100,3400,"bu","11:01:24",9436000
31400,-100,200,"bu","11:01:37",9436200
31400,-100,6800,"sd","11:01:38",9443000
31400,-100,400,"sd","11:01:43",9443400
31400,-100,1200,"sd","11:01:46",9444600
31400,-100,1000,"bu","11:01:47",9445600
31450,-50,3800,"sd","11:01:57",9449400
31450,-50,1000,"sd","11:02:05",9450400
31450,-50,500,"sd","11:02:06",9450900
31400,-100,3600,"sd","11:02:17",9454500
31450,-50,1000,"bu","11:02:21",9455500
31450,-50,500,"bu","11:02:29",9456000
31450,-50,400,"sd","11:02:32",9456400
31450,-50,100,"bu","11:02:36",9456500
31450,-50,5800,"sd","11:02:44",9462300
31450,-50,400,"sd","11:02:58",9462700
31450,-50,100400,"bu","11:03:27",9563100
31450,-50,1000,"bu","11:03:41",9564100
31450,-50,1600,"sd","11:03:43",9565700
31450,-50,2400,"sd","11:03:50",9568100
31450,-50,10000,"sd","11:03:53",9578100
31450,-50,20000,"bu","11:04:06",9598100
31450,-50,131700,"bu","11:04:08",9729800
31500,0,2000,"sd","11:04:37",9731800
31500,0,500,"sd","11:04:43",9732300
31500,0,40000,"bu","11:04:45",9772300
31500,0,3000,"sd","11:04:50",9775300
31500,0,2300,"sd","11:04:51",9777600
31500,0,6200,"bu","11:05:20",9783800
31500,0,1900,"sd","11:05:22",9785700
31450,-50,400,"sd","11:05:27",9786100
31500,0,100,"sd","11:05:36",9786200
31500,0,5700,"bu","11:05:38",9791900
31500,0,1000,"sd","11:06:00",9792900
31500,0,12000,"bu","11:06:01",9804900
31500,0,400,"sd","11:06:02",9805300
31500,0,5000,"sd","11:06:05",9810300
31500,0,20000,"sd","11:06:20",9830300
31500,0,100,"bu","11:06:26",9830400
31500,0,400,"bu","11:06:29",9830800
31500,0,1000,"bu","11:06:31",9831800
31500,0,10000,"sd","11:06:38",9841800
31500,0,6000,"bu","11:06:42",9847800
31500,0,3000,"sd","11:06:43",9850800
31500,0,100,"bu","11:06:45",9850900
31500,0,6300,"bu","11:07:12",9857200
31500,0,2000,"sd","11:07:14",9859200
31550,50,2000,"sd","11:07:18",9861200
31550,50,400,"sd","11:07:22",9861600
31550,50,400,"sd","11:07:48",9862000
31550,50,2000,"bu","11:07:56",9864000
31550,50,400,"sd","11:08:14",9864400
31550,50,2000,"sd","11:08:52",9866400
31550,50,5000,"bu","11:08:54",9871400
31500,0,500,"bu","11:09:05",9871900
31500,0,20000,"bu","11:10:05",9891900
31550,50,10000,"sd","11:10:28",9901900
31500,0,500,"bu","11:10:32",9902400
31550,50,1500,"bu","11:10:37",9903900
31550,50,400,"bu","11:10:53",9904300
31550,50,45500,"bu","11:11:17",9949800
31550,50,900,"bu","11:11:19",9950700
31550,50,8400,"sd","11:11:27",9959100
31550,50,22100,"sd","11:11:29",9981200
31550,50,1200,"bu","11:11:37",9982400
31550,50,800,"sd","11:11:44",9983200
31550,50,3000,"bu","11:11:56",9986200
31600,100,90000,"sd","11:12:02",10076200
31600,100,500,"bu","11:12:08",10076700
31550,50,600,"bu","11:12:14",10077300
31550,50,16800,"bu","11:12:22",10094100
31550,50,1000,"bu","11:12:27",10095100
31550,50,400,"sd","11:12:38",10095500
31500,0,300,"sd","11:13:00",10095800
31550,50,3000,"sd","11:13:04",10098800
31550,50,20000,"sd","11:13:07",10118800
31550,50,100,"sd","11:13:29",10118900
31550,50,3600,"sd","11:13:52",10122500
31550,50,400,"bu","11:13:59",10122900
31550,50,900,"sd","11:14:41",10123800
31500,0,6000,"sd","11:14:49",10129800
31500,0,12000,"sd","11:14:56",10141800
31550,50,2300,"bu","11:15:02",10144100
31550,50,300,"bu","11:15:16",10144400
31550,50,400,"sd","11:15:17",10144800
31500,0,2000,"bu","11:15:32",10146800
31550,50,17300,"bu","11:15:39",10164100
31550,50,400,"bu","11:15:43",10164500
31500,0,100,"bu","11:16:00",10164600
31550,50,20000,"sd","11:16:04",10184600
31550,50,400,"sd","11:16:11",10185000
31550,50,1400,"bu","11:16:15",10186400
31550,50,1700,"sd","11:16:30",10188100
31550,50,400,"sd","11:16:37",10188500
31550,50,1000,"bu","11:16:40",10189500
31550,50,1700,"bu","11:16:41",10191200
31550,50,500,"bu","11:16:43",10191700
31550,50,5100,"sd","11:16:47",10196800
31550,50,21700,"bu","11:16:49",10218500
31550,50,2000,"bu","11:16:51",10220500
31550,50,1400,"sd","11:16:52",10221900
31550,50,500,"bu","11:17:02",10222400
31550,50,20600,"sd","11:17:15",10243000
31550,50,2000,"bu","11:17:20",10245000
31550,50,100,"bu","11:17:24",10245100
31500,0,58600,"bu","11:17:25",10303700
31550,50,100,"sd","11:17:27",10303800
31550,50,1800,"sd","11:17:29",10305600
31550,50,3000,"bu","11:17:32",10308600
31600,100,1700,"bu","11:17:37",10310300
31550,50,2300,"sd","11:17:47",10312600
31600,100,1700,"bu","11:17:48",10314300
31600,100,10000,"bu","11:17:49",10324300
31600,100,50000,"bu","11:17:53",10374300
31600,100,5500,"sd","11:17:55",10379800
31600,100,3400,"bu","11:17:57",10383200
31600,100,900,"sd","11:18:02",10384100
31600,100,1900,"bu","11:18:05",10386000
31600,100,15600,"bu","11:18:08",10401600
31600,100,500,"sd","11:18:10",10402100
31600,100,6000,"sd","11:18:11",10408100
31600,100,5100,"bu","11:18:14",10413200
31600,100,10000,"sd","11:18:16",10423200
31600,100,13400,"sd","11:18:22",10436600
31600,100,100,"bu","11:18:24",10436700
31600,100,20000,"bu","11:18:25",10456700
31600,100,10000,"sd","11:18:26",10466700
31600,100,9400,"bu","11:18:27",10476100
31600,100,4000,"sd","11:18:28",10480100
31600,100,12000,"bu","11:18:31",10492100
31600,100,10000,"sd","11:18:33",10502100
31600,100,4900,"sd","11:18:34",10507000
31600,100,400,"bu","11:18:35",10507400
31600,100,200,"sd","11:18:37",10507600
31650,150,100,"sd","11:18:41",10507700
31650,150,1400,"sd","11:18:42",10509100
31650,150,45400,"sd","11:18:45",10554500
31700,200,39900,"bu","11:18:46",10594400
31700,200,400,"bu","11:18:48",10594800
31700,200,1700,"sd","11:18:58",10596500
31650,150,500,"bu","11:18:59",10597000
31700,200,6000,"bu","11:19:03",10603000
31700,200,1700,"bu","11:19:09",10604700
31700,200,5000,"sd","11:19:10",10609700
31700,200,1700,"bu","11:19:13",10611400
31700,200,400,"sd","11:19:15",10611800
31700,200,2000,"bu","11:19:16",10613800
31700,200,400,"bu","11:19:17",10614200
31700,200,31400,"bu","11:19:19",10645600
31700,200,1000,"sd","11:19:20",10646600
31700,200,5200,"bu","11:19:21",10651800
31700,200,13200,"bu","11:19:24",10665000
31650,150,1400,"bu","11:19:31",10666400
31700,200,200,"bu","11:19:32",10666600
31700,200,2500,"bu","11:19:34",10669100
31700,200,1000,"bu","11:19:35",10670100
31650,150,200,"bu","11:19:37",10670300
31700,200,1000,"bu","11:19:41",10671300
31700,200,3000,"bu","11:19:44",10674300
31700,200,100,"sd","11:19:45",10674400
31700,200,1500,"sd","11:19:54",10675900
31700,200,23600,"sd","11:19:57",10699500
31700,200,7300,"bu","11:20:02",10706800
31700,200,5000,"sd","11:20:03",10711800
31700,200,900,"sd","11:20:06",10712700
31700,200,2200,"bu","11:20:07",10714900
31700,200,5800,"sd","11:20:14",10720700
31700,200,400,"sd","11:20:16",10721100
31700,200,10000,"sd","11:20:17",10731100
31700,200,100,"bu","11:20:19",10731200
31700,200,5500,"sd","11:20:22",10736700
31700,200,1700,"sd","11:20:23",10738400
31700,200,5000,"sd","11:20:26",10743400
31700,200,5000,"sd","11:20:30",10748400
31700,200,3100,"sd","11:20:32",10751500
31700,200,7400,"sd","11:20:33",10758900
31700,200,10000,"bu","11:20:36",10768900
31700,200,600,"sd","11:20:38",10769500
31700,200,200,"bu","11:20:39",10769700
31700,200,1400,"bu","11:20:42",10771100
31700,200,300,"sd","11:20:45",10771400
31700,200,8000,"sd","11:20:46",10779400
31700,200,5000,"sd","11:20:47",10784400
31700,200,1000,"bu","11:20:50",10785400
31700,200,1400,"bu","11:20:56",10786800
31700,200,5000,"bu","11:20:57",10791800
31700,200,400,"sd","11:21:00",10792200
31700,200,1500,"bu","11:21:08",10793700
31700,200,1300,"sd","11:21:09",10795000
31700,200,700,"bu","11:21:24",10795700
31700,200,500,"bu","11:21:26",10796200
31700,200,400,"sd","11:21:27",10796600
31700,200,1000,"sd","11:21:29",10797600
31700,200,5000,"bu","11:21:30",10802600
31700,200,100,"bu","11:21:33",10802700
31700,200,500,"bu","11:21:40",10803200
31700,200,26400,"sd","11:21:45",10829600
31700,200,14800,"bu","11:21:51",10844400
31700,200,3100,"sd","11:22:03",10847500
31700,200,100,"sd","11:22:04",10847600
31700,200,500,"sd","11:22:15",10848100
31750,250,1400,"sd","11:22:22",10849500
31700,200,5100,"sd","11:22:26",10854600
31700,200,3500,"sd","11:22:37",10858100
31700,200,10000,"sd","11:22:38",10868100
31700,200,300,"bu","11:22:42",10868400
31700,200,7200,"bu","11:22:43",10875600
31750,250,8400,"sd","11:22:45",10884000
31700,200,11900,"sd","11:22:47",10895900
31700,200,500,"sd","11:22:50",10896400
31700,200,200,"sd","11:22:51",10896600
31700,200,100,"bu","11:22:57",10896700
31700,200,1300,"bu","11:22:59",10898000
31650,150,3000,"sd","11:23:09",10901000
31700,200,6000,"sd","11:23:13",10907000
31700,200,13700,"sd","11:23:24",10920700
31700,200,1400,"bu","11:23:34",10922100
31650,150,1300,"sd","11:23:36",10923400
31700,200,100,"sd","11:23:38",10923500
31700,200,1500,"sd","11:23:46",10925000
31700,200,23400,"bu","11:23:52",10948400
31700,200,11100,"sd","11:24:01",10959500
31700,200,400,"bu","11:24:05",10959900
31700,200,1400,"sd","11:24:11",10961300
31650,150,100,"bu","11:24:19",10961400
31700,200,500,"bu","11:24:20",10961900
31650,150,4900,"bu","11:24:26",10966800
31650,150,100,"sd","11:24:32",10966900
31650,150,8900,"sd","11:24:33",10975800
31650,150,10000,"sd","11:24:45",10985800
31650,150,600,"bu","11:24:50",10986400
31600,100,1500,"bu","11:24:57",10987900
31650,150,5000,"sd","11:25:08",10992900
31600,100,10000,"bu","11:25:12",11002900
31600,100,200,"bu","11:25:15",11003100
31650,150,1000,"sd","11:25:22",11004100
31650,150,800,"sd","11:25:24",11004900
31600,100,1100,"bu","11:25:44",11006000
31600,100,4000,"sd","11:26:04",11010000
31650,150,2000,"sd","11:26:06",11012000
31650,150,400,"bu","11:26:17",11012400
31600,100,100,"sd","11:26:29",11012500
31650,150,9000,"bu","11:26:30",11021500
31650,150,3000,"sd","11:26:34",11024500
31650,150,400,"bu","11:26:44",11024900
31650,150,200,"bu","11:26:52",11025100
31650,150,3000,"sd","11:27:01",11028100
31650,150,500,"bu","11:27:10",11028600
31650,150,400,"bu","11:27:36",11029000
31650,150,700,"bu","11:27:54",11029700
31650,150,500,"sd","11:27:58",11030200
31650,150,100,"bu","11:28:01",11030300
31650,150,400,"bu","11:28:02",11030700
31600,100,100,"sd","11:28:16",11030800
31600,100,500,"bu","11:28:20",11031300
31600,100,100,"sd","11:28:25",11031400
31600,100,5000,"sd","11:28:27",11036400
31650,150,6100,"sd","11:28:50",11042500
31600,100,1900,"bu","11:28:54",11044400
31600,100,5000,"bu","11:29:08",11049400
31650,150,3000,"sd","11:29:26",11052400
31600,100,1000,"sd","11:29:29",11053400
31600,100,5000,"bu","11:29:35",11058400
31600,100,1000,"sd","11:29:56",11059400
31600,100,100,"bu","13:00:32",11059500
31650,150,200,"sd","13:00:33",11059700
31600,100,300,"bu","13:00:34",11060000
31600,100,900,"bu","13:00:35",11060900
31600,100,1500,"sd","13:00:35",11062400
31600,100,500,"bu","13:00:37",11062900
31600,100,3400,"bu","13:00:42",11066300
31600,100,600,"sd","13:00:43",11066900
31550,50,9000,"bu","13:00:47",11075900
31600,100,200,"bu","13:00:49",11076100
31600,100,4100,"bu","13:00:50",11080200
31600,100,5200,"sd","13:00:51",11085400
31600,100,100,"bu","13:00:52",11085500
31600,100,200,"bu","13:00:53",11085700
31600,100,4200,"bu","13:00:56",11089900
31600,100,1600,"sd","13:00:57",11091500
31600,100,1500,"bu","13:00:59",11093000
31550,50,2500,"bu","13:01:00",11095500
31600,100,6500,"bu","13:01:01",11102000
31600,100,300,"bu","13:01:02",11102300
31550,50,1300,"bu","13:01:04",11103600
31600,100,4300,"bu","13:01:09",11107900
31600,100,400,"bu","13:01:10",11108300
31550,50,5000,"sd","13:01:11",11113300
31550,50,3100,"bu","13:01:12",11116400
31550,50,1000,"bu","13:01:13",11117400
31550,50,2300,"sd","13:01:14",11119700
31550,50,1900,"bu","13:01:16",11121600
31550,50,700,"sd","13:01:20",11122300
31550,50,1500,"sd","13:01:30",11123800
31600,100,5000,"bu","13:01:37",11128800
31600,100,1700,"bu","13:01:46",11130500
31600,100,10100,"bu","13:01:48",11140600
31600,100,500,"sd","13:01:52",11141100
31600,100,2200,"bu","13:01:54",11143300
31600,100,5900,"sd","13:01:57",11149200
31600,100,8500,"bu","13:01:58",11157700
31600,100,4900,"sd","13:02:00",11162600
31600,100,6000,"sd","13:02:05",11168600
31600,100,100,"bu","13:02:10",11168700
31600,100,4000,"sd","13:02:12",11172700
31600,100,2200,"bu","13:02:19",11174900
31600,100,2000,"sd","13:02:21",11176900
31650,150,1700,"bu","13:02:27",11178600
31650,150,100,"bu","13:02:34",11178700
31650,150,200,"sd","13:02:43",11178900
31650,150,3800,"bu","13:02:44",11182700
31650,150,700,"bu","13:02:48",11183400
31650,150,1000,"sd","13:02:52",11184400
31650,150,400,"bu","13:02:53",11184800
31650,150,1700,"bu","13:02:55",11186500
31650,150,50200,"bu","13:02:56",11236700
31700,200,1700,"sd","13:02:59",11238400
31700,200,1700,"sd","13:03:05",11240100
31650,150,8700,"bu","13:03:07",11248800
31650,150,1300,"bu","13:03:09",11250100
31650,150,700,"bu","13:03:10",11250800
31650,150,13000,"bu","13:03:12",11263800
31650,150,5000,"sd","13:03:16",11268800
31650,150,2000,"sd","13:03:18",11270800
31650,150,2100,"bu","13:03:19",11272900
31600,100,10000,"sd","13:03:21",11282900
31650,150,9300,"bu","13:03:23",11292200
31650,150,2500,"sd","13:03:24",11294700
31650,150,2500,"sd","13:03:26",11297200
31650,150,4000,"bu","13:03:27",11301200
31650,150,500,"sd","13:03:29",11301700
31650,150,100,"sd","13:03:30",11301800
31650,150,22700,"sd","13:03:35",11324500
31700,200,1700,"sd","13:03:38",11326200
31700,200,7800,"sd","13:03:40",11334000
31700,200,6800,"sd","13:03:43",11340800
31700,200,400,"sd","13:03:45",11341200
31700,200,8100,"bu","13:03:47",11349300
31700,200,5100,"bu","13:03:49",11354400
31700,200,4200,"sd","13:03:52",11358600
31700,200,5300,"sd","13:03:56",11363900
31700,200,500,"bu","13:03:57",11364400
31700,200,6700,"sd","13:03:59",11371100
31700,200,10100,"bu","13:04:04",11381200
31700,200,1000,"bu","13:04:05",11382200
31700,200,2000,"bu","13:04:08",11384200
31700,200,10400,"bu","13:04:12",11394600
31700,200,22500,"bu","13:04:14",11417100
31700,200,23000,"bu","13:04:16",11440100
31700,200,1600,"bu","13:04:17",11441700
31700,200,2400,"bu","13:04:19",11444100
31700,200,1000,"bu","13:04:25",11445100
31750,250,2100,"sd","13:04:27",11447200
31700,200,500,"bu","13:04:33",11447700
31750,250,5000,"bu","13:04:41",11452700
31750,250,5600,"bu","13:04:46",11458300
31750,250,4000,"bu","13:04:48",11462300
31750,250,10000,"bu","13:04:49",11472300
31750,250,100,"sd","13:04:52",11472400
31750,250,200,"sd","13:04:54",11472600
31750,250,2500,"sd","13:04:55",11475100
31750,250,11300,"sd","13:04:58",11486400
31750,250,1200,"sd","13:05:00",11487600
31750,250,1800,"bu","13:05:05",11489400
31750,250,3900,"bu","13:05:07",11493300
31750,250,5200,"sd","13:05:08",11498500
31750,250,94200,"sd","13:05:10",11592700
31750,250,100,"sd","13:05:11",11592800
31750,250,500,"bu","13:05:16",11593300
31750,250,5200,"sd","13:05:17",11598500
31800,300,3200,"bu","13:05:22",11601700
31800,300,2700,"bu","13:05:23",11604400
31800,300,50000,"bu","13:05:25",11654400
31800,300,18200,"bu","13:05:26",11672600
31800,300,14000,"bu","13:05:28",11686600
31800,300,1000,"bu","13:05:30",11687600
31800,300,38000,"sd","13:05:31",11725600
31800,300,1500,"sd","13:05:37",11727100
31850,350,100,"bu","13:05:39",11727200
31850,350,16000,"sd","13:05:46",11743200
31850,350,81700,"bu","13:05:49",11824900
31850,350,100,"bu","13:05:50",11825000
31850,350,5000,"sd","13:05:52",11830000
31850,350,500,"bu","13:05:53",11830500
31850,350,10000,"sd","13:05:55",11840500
31850,350,1000,"sd","13:05:57",11841500
31850,350,700,"sd","13:05:58",11842200
31850,350,4700,"bu","13:06:05",11846900
31900,400,2100,"sd","13:06:06",11849000
31850,350,500,"sd","13:06:09",11849500
31900,400,2000,"sd","13:06:15",11851500
31850,350,2100,"bu","13:06:21",11853600
31900,400,11000,"sd","13:06:22",11864600
31900,400,6400,"bu","13:06:25",11871000
31900,400,6500,"bu","13:06:31",11877500
31900,400,700,"sd","13:06:36",11878200
31900,400,14900,"sd","13:06:38",11893100
31900,400,1800,"sd","13:06:39",11894900
31900,400,2100,"sd","13:06:45",11897000
31850,350,25800,"bu","13:06:50",11922800
31850,350,5700,"sd","13:06:51",11928500
31850,350,100,"bu","13:06:52",11928600
31850,350,500,"sd","13:06:57",11929100
31800,300,7100,"bu","13:07:07",11936200
31800,300,4100,"sd","13:07:11",11940300
31800,300,6000,"bu","13:07:12",11946300
31800,300,500,"sd","13:07:14",11946800
31800,300,6300,"bu","13:07:18",11953100
31800,300,2500,"bu","13:07:19",11955600
31800,300,200,"bu","13:07:21",11955800
31800,300,1000,"bu","13:07:25",11956800
31800,300,400,"bu","13:07:27",11957200
31800,300,500,"sd","13:07:30",11957700
31800,300,1000,"bu","13:07:33",11958700
31800,300,2100,"bu","13:07:34",11960800
31800,300,5000,"sd","13:07:36",11965800
31800,300,300,"sd","13:07:39",11966100
31800,300,500,"sd","13:07:41",11966600
31800,300,300,"bu","13:07:44",11966900
31800,300,10000,"bu","13:07:46",11976900
31850,350,3400,"sd","13:07:47",11980300
31800,300,600,"bu","13:07:49",11980900
31800,300,500,"bu","13:07:51",11981400
31800,300,1000,"bu","13:07:54",11982400
31750,250,12800,"bu","13:07:58",11995200
31750,250,1600,"sd","13:08:06",11996800
31750,250,400,"sd","13:08:09",11997200
31750,250,1600,"sd","13:08:13",11998800
31750,250,400,"sd","13:08:14",11999200
31750,250,5600,"sd","13:08:16",12004800
31750,250,1000,"bu","13:08:21",12005800
31750,250,3400,"sd","13:08:22",12009200
31750,250,500,"bu","13:08:25",12009700
31750,250,300,"bu","13:08:27",12010000
31750,250,1000,"bu","13:08:29",12011000
31700,200,16700,"sd","13:08:34",12027700
31700,200,10000,"bu","13:08:35",12037700
31700,200,5800,"bu","13:08:37",12043500
31700,200,1000,"bu","13:08:39",12044500
31700,200,100,"sd","13:08:40",12044600
31650,150,2000,"sd","13:08:46",12046600
31700,200,1600,"bu","13:08:51",12048200
31650,150,1800,"sd","13:08:57",12050000
31700,200,500,"bu","13:08:59",12050500
31700,200,1000,"bu","13:09:02",12051500
31700,200,4400,"sd","13:09:03",12055900
31700,200,1000,"bu","13:09:05",12056900
31700,200,1900,"bu","13:09:06",12058800
31700,200,900,"sd","13:09:11",12059700
31750,250,500,"bu","13:09:13",12060200
31700,200,1900,"bu","13:09:19",12062100
31700,200,900,"bu","13:09:21",12063000
31700,200,3600,"sd","13:09:24",12066600
31700,200,2000,"sd","13:09:25",12068600
31700,200,10400,"sd","13:09:29",12079000
31750,250,1600,"bu","13:09:30",12080600
31700,200,5000,"sd","13:09:32",12085600
31700,200,100,"sd","13:09:35",12085700
31750,250,1300,"bu","13:09:36",12087000
31700,200,200,"bu","13:09:38",12087200
31700,200,100,"bu","13:09:39",12087300
31700,200,7300,"bu","13:09:41",12094600
31750,250,22000,"sd","13:09:48",12116600
31700,200,1000,"sd","13:09:49",12117600
31700,200,300,"sd","13:09:51",12117900
31600,100,50000,"bu","13:09:54",12167900
31750,250,600,"bu","13:09:59",12168500
31800,300,3000,"sd","13:10:08",12171500
31800,300,1600,"sd","13:10:09",12173100
31750,250,400,"sd","13:10:21",12173500
31700,200,300,"sd","13:10:34",12173800
31750,250,1000,"bu","13:10:41",12174800
31750,250,3800,"bu","13:10:48",12178600
31750,250,500,"sd","13:10:53",12179100
31750,250,2000,"sd","13:10:56",12181100
31750,250,4100,"sd","13:10:58",12185200
31700,200,15000,"sd","13:11:09",12200200
31700,200,100,"sd","13:11:11",12200300
31650,150,10000,"sd","13:11:12",12210300
31750,250,6000,"bu","13:11:14",12216300
31750,250,3400,"bu","13:11:15",12219700
31750,250,200,"sd","13:11:25",12219900
31750,250,1600,"bu","13:11:28",12221500
31700,200,18600,"bu","13:11:31",12240100
31700,200,400,"sd","13:11:42",12240500
31700,200,200,"sd","13:11:55",12240700
31750,250,9300,"sd","13:12:06",12250000
31750,250,500,"sd","13:12:07",12250500
31750,250,5100,"sd","13:12:12",12255600
31700,200,2000,"bu","13:12:15",12257600
31700,200,12900,"bu","13:12:31",12270500
31700,200,500,"bu","13:12:33",12271000
31700,200,4600,"sd","13:12:36",12275600
31700,200,300,"bu","13:12:38",12275900
31700,200,1000,"sd","13:12:39",12276900
31700,200,5800,"bu","13:13:13",12282700
31700,200,27000,"bu","13:13:18",12309700
31700,200,100,"bu","13:13:20",12309800
31700,200,3600,"bu","13:13:23",12313400
31700,200,5500,"bu","13:13:27",12318900
31700,200,1700,"sd","13:13:34",12320600
31650,150,20800,"bu","13:13:36",12341400
31600,100,700,"sd","13:13:54",12342100
31650,150,1500,"bu","13:14:02",12343600
31650,150,1700,"sd","13:14:08",12345300
31650,150,5100,"sd","13:14:13",12350400
31650,150,5100,"sd","13:14:15",12355500
31650,150,41000,"bu","13:14:21",12396500
31650,150,100,"bu","13:14:23",12396600
31700,200,6000,"bu","13:14:26",12402600
31700,200,42100,"bu","13:14:34",12444700
31750,250,1700,"bu","13:14:35",12446400
31700,200,23300,"bu","13:14:42",12469700
31750,250,1700,"bu","13:14:45",12471400
31750,250,66000,"sd","13:14:52",12537400
31750,250,13000,"bu","13:14:57",12550400
31750,250,300,"sd","13:15:02",12550700
31750,250,2100,"bu","13:15:06",12552800
31750,250,1000,"bu","13:15:08",12553800
31750,250,50100,"sd","13:15:10",12603900
31800,300,300,"bu","13:15:14",12604200
31800,300,1000,"sd","13:15:16",12605200
31800,300,1500,"bu","13:15:19",12606700
31800,300,27600,"sd","13:15:21",12634300
31800,300,14100,"bu","13:15:25",12648400
31800,300,4100,"bu","13:15:35",12652500
31850,350,6000,"bu","13:15:39",12658500
31800,300,400,"sd","13:15:44",12658900
31800,300,200,"sd","13:15:52",12659100
31850,350,26600,"bu","13:16:00",12685700
31850,350,500,"sd","13:16:05",12686200
31850,350,1500,"sd","13:16:10",12687700
31850,350,5800,"sd","13:16:12",12693500
31850,350,12900,"sd","13:16:13",12706400
31850,350,800,"bu","13:16:15",12707200
31850,350,600,"sd","13:16:18",12707800
31850,350,4600,"sd","13:16:20",12712400
31900,400,10000,"sd","13:16:22",12722400
31850,350,2000,"bu","13:16:24",12724400
31900,400,9000,"sd","13:16:27",12733400
31850,350,100,"bu","13:16:28",12733500
31850,350,500,"bu","13:16:36",12734000
31900,400,1500,"bu","13:16:38",12735500
31900,400,8500,"bu","13:16:39",12744000
31900,400,91600,"sd","13:16:41",12835600
31900,400,800,"sd","13:16:47",12836400
31950,450,2000,"bu","13:16:49",12838400
31900,400,100,"bu","13:16:50",12838500
31950,450,9400,"bu","13:16:54",12847900
31850,350,5000,"sd","13:16:55",12852900
31950,450,6000,"bu","13:17:00",12858900
31900,400,7300,"bu","13:17:02",12866200
31900,400,5200,"bu","13:17:05",12871400
31950,450,200,"bu","13:17:07",12871600
31900,400,4200,"sd","13:17:11",12875800
31900,400,9600,"sd","13:17:13",12885400
31950,450,900,"bu","13:17:17",12886300
31900,400,1000,"bu","13:17:19",12887300
31900,400,11600,"bu","13:17:31",12898900
31900,400,15400,"sd","13:17:34",12914300
31900,400,100,"bu","13:17:39",12914400
31900,400,17000,"sd","13:17:42",12931400
31900,400,100,"bu","13:17:43",12931500
31900,400,500,"bu","13:17:49",12932000
31900,400,400,"bu","13:17:51",12932400
31900,400,1500,"sd","13:17:57",12933900
31900,400,5000,"bu","13:18:17",12938900
31900,400,400,"sd","13:18:19",12939300
31850,350,14700,"bu","13:18:20",12954000
31850,350,200,"bu","13:18:22",12954200
31850,350,4100,"sd","13:18:23",12958300
31850,350,5600,"sd","13:18:26",12963900
31900,400,100,"bu","13:18:33",12964000
31850,350,6500,"sd","13:18:36",12970500
31900,400,2400,"sd","13:18:43",12972900
31850,350,100,"bu","13:18:45",12973000
31850,350,10200,"sd","13:18:52",12983200
31850,350,6000,"sd","13:18:53",12989200
31850,350,500,"bu","13:18:55",12989700
31850,350,47000,"sd","13:18:58",13036700
31850,350,5000,"sd","13:19:08",13041700
31850,350,400,"bu","13:19:09",13042100
31850,350,1600,"bu","13:19:14",13043700
31850,350,200,"sd","13:19:17",13043900
31850,350,200,"bu","13:19:25",13044100
31800,300,1000,"bu","13:19:28",13045100
31850,350,40000,"sd","13:19:35",13085100
31850,350,400,"sd","13:19:37",13085500
31800,300,2000,"bu","13:19:40",13087500
31850,350,1900,"bu","13:19:45",13089400
31800,300,5000,"sd","13:19:50",13094400
31800,300,59000,"sd","13:19:51",13153400
31900,400,1500,"bu","13:19:53",13154900
31800,300,1800,"sd","13:20:03",13156700
31800,300,5100,"bu","13:20:22",13161800
31800,300,100,"bu","13:20:25",13161900
31850,350,1600,"sd","13:20:31",13163500
31850,350,3400,"bu","13:20:36",13166900
31850,350,11300,"bu","13:20:41",13178200
31850,350,3200,"sd","13:20:44",13181400
31850,350,600,"bu","13:20:48",13182000
31800,300,1000,"sd","13:20:55",13183000
31850,350,100,"bu","13:20:57",13183100
31850,350,2000,"bu","13:21:21",13185100
31850,350,2000,"sd","13:21:23",13187100
31850,350,400,"sd","13:21:25",13187500
31850,350,2200,"bu","13:21:26",13189700
31850,350,100,"sd","13:21:30",13189800
31850,350,1500,"sd","13:21:32",13191300
31850,350,3600,"bu","13:21:35",13194900
31800,300,1000,"sd","13:21:37",13195900
31850,350,300,"bu","13:21:45",13196200
31850,350,6900,"bu","13:21:49",13203100
31800,300,600,"bu","13:21:59",13203700
31800,300,200,"bu","13:22:04",13203900
31850,350,4800,"sd","13:22:09",13208700
31850,350,36300,"bu","13:22:12",13245000
31850,350,16100,"sd","13:22:17",13261100
31850,350,1500,"sd","13:22:29",13262600
31850,350,4000,"sd","13:22:32",13266600
31850,350,100,"sd","13:22:34",13266700
31850,350,200,"bu","13:22:37",13266900
31850,350,400,"bu","13:22:38",13267300
31800,300,15500,"bu","13:22:42",13282800
31850,350,5000,"bu","13:22:43",13287800
31800,300,3200,"bu","13:22:48",13291000
31800,300,100,"bu","13:22:57",13291100
31800,300,10000,"sd","13:22:58",13301100
31800,300,2400,"sd","13:23:07",13303500
31800,300,100,"sd","13:23:09",13303600
31800,300,1600,"bu","13:23:13",13305200
31800,300,300,"sd","13:23:15",13305500
31850,350,200,"sd","13:23:17",13305700
31800,300,100,"bu","13:23:22",13305800
31800,300,1000,"sd","13:23:23",13306800
31850,350,200,"sd","13:23:26",13307000
31800,300,500,"sd","13:23:31",13307500
31800,300,7000,"sd","13:23:32",13314500
31850,350,5100,"bu","13:23:45",13319600
31850,350,19600,"sd","13:23:47",13339200
31800,300,13400,"bu","13:23:58",13352600
31800,300,100,"sd","13:23:59",13352700
31800,300,1000,"sd","13:24:01",13353700
31800,300,7000,"bu","13:24:03",13360700
31800,300,10000,"sd","13:24:05",13370700
31800,300,1700,"bu","13:24:08",13372400
31850,350,5200,"sd","13:24:18",13377600
31800,300,3000,"bu","13:24:25",13380600
31850,350,1900,"sd","13:24:26",13382500
31800,300,300,"bu","13:24:30",13382800
31800,300,1300,"bu","13:24:35",13384100
31800,300,200,"sd","13:24:40",13384300
31800,300,500,"bu","13:24:51",13384800
31850,350,6000,"sd","13:24:58",13390800
31800,300,400,"sd","13:25:02",13391200
31850,350,1800,"sd","13:25:05",13393000
31850,350,2100,"sd","13:25:09",13395100
31850,350,200,"sd","13:25:11",13395300
31850,350,400,"sd","13:25:19",13395700
31850,350,200,"sd","13:25:21",13395900
31850,350,2500,"bu","13:25:31",13398400
31800,300,10000,"sd","13:25:40",13408400
31850,350,1800,"sd","13:25:43",13410200
31850,350,400,"bu","13:25:46",13410600
31800,300,5000,"sd","13:25:50",13415600
31800,300,5000,"bu","13:26:07",13420600
31800,300,500,"bu","13:26:15",13421100
31850,350,1800,"bu","13:26:22",13422900
31800,300,24000,"bu","13:26:30",13446900
31800,300,7500,"bu","13:26:35",13454400
31800,300,1300,"bu","13:26:37",13455700
31800,300,400,"sd","13:26:38",13456100
31800,300,11000,"sd","13:26:44",13467100
31800,300,1800,"bu","13:26:49",13468900
31800,300,500,"sd","13:26:51",13469400
31800,300,1900,"sd","13:26:53",13471300
31800,300,600,"bu","13:27:01",13471900
31850,350,1700,"sd","13:27:02",13473600
31850,350,400,"bu","13:27:05",13474000
31800,300,6100,"bu","13:27:14",13480100
31800,300,300,"sd","13:27:20",13480400
31800,300,200,"sd","13:27:25",13480600
31750,250,400,"bu","13:27:26",13481000
31800,300,1800,"sd","13:27:40",13482800
31800,300,25000,"bu","13:27:41",13507800
31750,250,300,"sd","13:27:46",13508100
31800,300,2100,"sd","13:27:56",13510200
31800,300,400,"bu","13:27:57",13510600
31750,250,30000,"bu","13:28:07",13540600
31750,250,28100,"bu","13:28:18",13568700
31750,250,400,"sd","13:28:25",13569100
31750,250,5000,"bu","13:28:47",13574100
31750,250,400,"bu","13:28:51",13574500
31750,250,5000,"bu","13:28:52",13579500
31750,250,1000,"bu","13:28:54",13580500
31700,200,1700,"bu","13:28:57",13582200
31750,250,2000,"bu","13:29:02",13584200
31750,250,400,"sd","13:29:07",13584600
31750,250,1000,"bu","13:29:16",13585600
31750,250,5700,"sd","13:29:18",13591300
31750,250,500,"sd","13:29:19",13591800
31750,250,1000,"sd","13:29:23",13592800
31750,250,1500,"bu","13:29:25",13594300
31750,250,2700,"bu","13:29:27",13597000
31750,250,2100,"bu","13:29:32",13599100
31750,250,3000,"sd","13:29:38",13602100
31750,250,300,"bu","13:29:40",13602400
31750,250,400,"bu","13:29:43",13602800
31750,250,100,"bu","13:29:45",13602900
31750,250,1000,"bu","13:29:53",13603900
31750,250,500,"bu","13:29:55",13604400
31750,250,900,"sd","13:29:57",13605300
31750,250,1000,"sd","13:29:58",13606300
31750,250,300,"bu","13:30:07",13606600
31750,250,5000,"bu","13:30:23",13611600
31800,300,5100,"sd","13:30:25",13616700
31800,300,400,"sd","13:30:36",13617100
31800,300,6200,"bu","13:30:40",13623300
31800,300,5000,"bu","13:30:46",13628300
31800,300,4100,"sd","13:30:51",13632400
31800,300,100,"bu","13:31:05",13632500
31800,300,1700,"bu","13:31:19",13634200
31800,300,100,"sd","13:31:24",13634300
31800,300,2000,"bu","13:31:27",13636300
31800,300,500,"sd","13:31:38",13636800
31850,350,6500,"bu","13:31:48",13643300
31850,350,400,"bu","13:31:55",13643700
31800,300,23000,"sd","13:32:00",13666700
31850,350,500,"bu","13:32:02",13667200
31800,300,3000,"bu","13:32:06",13670200
31800,300,1100,"sd","13:32:18",13671300
31800,300,3200,"sd","13:32:23",13674500
31800,300,100,"bu","13:32:24",13674600
31800,300,400,"bu","13:32:33",13675000
31800,300,100,"bu","13:32:34",13675100
31800,300,500,"bu","13:32:39",13675600
31800,300,2100,"sd","13:32:46",13677700
31800,300,100,"sd","13:33:01",13677800
31850,350,10000,"sd","13:33:09",13687800
31850,350,400,"sd","13:33:14",13688200
31800,300,1000,"sd","13:33:16",13689200
31850,350,3500,"bu","13:33:17",13692700
31800,300,200,"bu","13:33:24",13692900
31800,300,100,"sd","13:33:27",13693000
31800,300,400,"sd","13:33:30",13693400
31800,300,100,"sd","13:33:37",13693500
31850,350,173400,"bu","13:33:39",13866900
31900,400,20000,"sd","13:33:44",13886900
31850,350,4300,"sd","13:33:47",13891200
31900,400,6000,"bu","13:33:49",13897200
31900,400,4000,"sd","13:33:56",13901200
31850,350,4800,"sd","13:33:59",13906000
31900,400,1800,"sd","13:34:03",13907800
31900,400,400,"bu","13:34:08",13908200
31900,400,2300,"bu","13:34:11",13910500
31900,400,200,"bu","13:34:15",13910700
31900,400,500,"sd","13:34:18",13911200
31900,400,3000,"bu","13:34:24",13914200
31900,400,2600,"sd","13:34:35",13916800
31850,350,2400,"bu","13:35:01",13919200
31900,400,500,"bu","13:35:03",13919700
31850,350,200,"sd","13:35:05",13919900
31850,350,100,"bu","13:35:12",13920000
31900,400,25000,"bu","13:35:14",13945000
31900,400,244100,"bu","13:35:17",14189100
31950,450,9600,"bu","13:35:24",14198700
31950,450,400,"sd","13:35:26",14199100
31950,450,1300,"sd","13:35:29",14200400
31950,450,3400,"bu","13:35:31",14203800
31950,450,67300,"bu","13:35:41",14271100
31950,450,20900,"sd","13:35:43",14292000
31950,450,32800,"bu","13:35:45",14324800
31950,450,25100,"bu","13:35:47",14349900
32000,500,25000,"bu","13:35:49",14374900
32000,500,5100,"bu","13:35:51",14380000
32000,500,4100,"bu","13:35:54",14384100
32000,500,4000,"sd","13:35:56",14388100
32000,500,2200,"sd","13:36:00",14390300
32049.999999999996,550,407300,"sd","13:36:02",14797600
32049.999999999996,550,10200,"bu","13:36:04",14807800
32000,500,200,"bu","13:36:06",14808000
32049.999999999996,550,5600,"sd","13:36:08",14813600
32049.999999999996,550,101500,"bu","13:36:10",14915100
32049.999999999996,550,48600,"bu","13:36:12",14963700
32100,600,8300,"sd","13:36:14",14972000
32049.999999999996,550,3200,"bu","13:36:16",14975200
32100,600,49600,"bu","13:36:22",15024800
32150,650,6000,"sd","13:36:25",15030800
32150,650,100,"sd","13:36:27",15030900
32150,650,24700,"bu","13:36:29",15055600
32150,650,1000,"bu","13:36:31",15056600
32150,650,9600,"sd","13:36:33",15066200
32150,650,4700,"bu","13:36:35",15070900
32150,650,3200,"bu","13:36:36",15074100
32150,650,22600,"sd","13:36:38",15096700
32150,650,3900,"bu","13:36:40",15100600
32150,650,1000,"bu","13:36:41",15101600
32150,650,500,"bu","13:36:43",15102100
32150,650,100,"sd","13:36:45",15102200
32150,650,2000,"bu","13:36:47",15104200
32200.000000000004,700,23100,"bu","13:36:49",15127300
32200.000000000004,700,3300,"bu","13:36:52",15130600
32150,650,4000,"sd","13:36:57",15134600
32200.000000000004,700,200,"bu","13:37:01",15134800
32150,650,4300,"sd","13:37:03",15139100
32200.000000000004,700,3100,"sd","13:37:04",15142200
32200.000000000004,700,20100,"bu","13:37:06",15162300
32150,650,10600,"sd","13:37:08",15172900
32150,650,300,"bu","13:37:10",15173200
32200.000000000004,700,1100,"sd","13:37:12",15174300
32150,650,39900,"sd","13:37:13",15214200
32150,650,1100,"bu","13:37:15",15215300
32150,650,500,"bu","13:37:17",15215800
32100,600,100,"sd","13:37:19",15215900
32150,650,6000,"sd","13:37:23",15221900
32150,650,5200,"bu","13:37:25",15227100
32150,650,2300,"sd","13:37:27",15229400
32100,600,16500,"bu","13:37:29",15245900
32150,650,1700,"bu","13:37:30",15247600
32150,650,1200,"bu","13:37:33",15248800
32100,600,1000,"sd","13:37:34",15249800
32100,600,5500,"bu","13:37:37",15255300
32150,650,1000,"bu","13:37:39",15256300
32150,650,1300,"bu","13:37:42",15257600
32100,600,1200,"sd","13:37:46",15258800
32150,650,4300,"sd","13:37:48",15263100
32150,650,5000,"bu","13:37:53",15268100
32150,650,10000,"bu","13:37:54",15278100
32150,650,11000,"sd","13:37:56",15289100
32150,650,4000,"bu","13:37:58",15293100
32150,650,2000,"sd","13:38:00",15295100
32150,650,34800,"sd","13:38:02",15329900
32200.000000000004,700,20400,"bu","13:38:06",15350300
32200.000000000004,700,200,"bu","13:38:08",15350500
32150,650,20700,"sd","13:38:09",15371200
32200.000000000004,700,10100,"sd","13:38:12",15381300
32200.000000000004,700,7800,"sd","13:38:18",15389100
32150,650,14700,"sd","13:38:21",15403800
32200.000000000004,700,400,"bu","13:38:23",15404200
32150,650,6100,"sd","13:38:29",15410300
