"symbol","time","price","change","vol","total","side"
"SSI","14:45:01",31.6,0.2,528700,12215700,
"SSI","14:29:52",31.65,0.25,100,11687000,"B"
"SSI","14:29:45",31.65,0.25,2000,11686900,"B"
"SSI","14:29:41",31.65,0.25,2300,11684900,"S"
"SSI","14:29:38",31.6,0.2,100,11682600,"B"
"SSI","14:29:37",31.65,0.25,3400,11682500,"B"
"SSI","14:29:36",31.65,0.25,1000,11679100,"B"
"SSI","14:29:31",31.65,0.25,11000,11678100,"B"
"SSI","14:29:26",31.65,0.25,1000,11667100,"B"
"SSI","14:29:25",31.65,0.25,5000,11666100,"B"
"SSI","14:29:23",31.65,0.25,300,11661100,"B"
"SSI","14:29:22",31.65,0.25,4000,11660800,"B"
"SSI","14:29:20",31.65,0.25,1700,11656800,"B"
"SSI","14:29:18",31.7,0.3,10000,11655100,"S"
"SSI","14:29:17",31.65,0.25,8100,11645100,"B"
"SSI","14:29:17",31.65,0.25,11900,11637000,"B"
"SSI","14:29:16",31.65,0.25,500,11625100,"B"
"SSI","14:29:14",31.65,0.25,1000,11624600,"B"
"SSI","14:29:10",31.65,0.25,3000,11623600,"B"
"SSI","14:29:10",31.7,0.3,100,11620600,"S"
"SSI","14:29:02",31.7,0.3,100,11620500,"S"
"SSI","14:28:59",31.65,0.25,3000,11620400,"B"
"SSI","14:28:57",31.65,0.25,5100,11617400,"B"
"SSI","14:28:56",31.65,0.25,600,11612300,"B"
"SSI","14:28:50",31.65,0.25,1000,11611700,"B"
"SSI","14:28:35",31.65,0.25,500,11610700,"B"
"SSI","14:28:31",31.7,0.3,500,11610200,"S"
"SSI","14:28:27",31.65,0.25,200,11609700,"B"
"SSI","14:28:23",31.7,0.3,2000,11609500,"S"
"SSI","14:28:23",31.7,0.3,200,11607500,"S"
"SSI","14:28:15",31.7,0.3,1600,11607300,"S"
"SSI","14:28:09",31.7,0.3,500,11605700,"S"
"SSI","14:28:01",31.7,0.3,1600,11605200,"S"
"SSI","14:28:01",31.7,0.3,4400,11603600,"S"
"SSI","14:27:55",31.7,0.3,1100,11599200,"S"
"SSI","14:27:49",31.65,0.25,100,11598100,"B"
"SSI","14:27:45",31.65,0.25,100,11598000,"B"
"SSI","14:27:42",31.65,0.25,1000,11597900,"B"
"SSI","14:27:35",31.65,0.25,5000,11596900,"B"
"SSI","14:27:32",31.65,0.25,1200,11589400,"B"
"SSI","14:27:32",31.7,0.3,8000,11588200,"S"
"SSI","14:27:31",31.7,0.3,800,11580200,"S"
"SSI","14:27:28",31.7,0.3,300,11579400,"S"
"SSI","14:27:26",31.7,0.3,100,11579100,"S"
"SSI","14:27:24",31.7,0.3,500,11579000,"S"
"SSI","14:27:18",31.7,0.3,10000,11578500,"S"
"SSI","14:27:17",31.7,0.3,200,11568500,"S"
"SSI","14:27:13",31.7,0.3,5000,11568300,"S"
"SSI","14:27:09",31.7,0.3,100,11563300,"S"
"SSI","14:27:03",31.7,0.3,100,11563200,"S"
"SSI","14:27:01",31.7,0.3,1100,11563100,"S"
"SSI","14:27:00",31.7,0.3,500,11562000,"S"
"SSI","14:26:50",31.7,0.3,500,11561500,"S"
"SSI","14:26:47",31.7,0.3,1400,11561000,"B"
"SSI","14:26:46",31.7,0.3,500,11559600,"B"
"SSI","14:26:45",31.7,0.3,500,11559100,"B"
"SSI","14:26:41",31.7,0.3,31000,11558600,"B"
"SSI","14:26:35",31.7,0.3,1000,11527600,"B"
"SSI","14:26:33",31.7,0.3,200,11526600,"B"
"SSI","14:26:26",31.7,0.3,2000,11526400,"B"
"SSI","14:26:20",31.7,0.3,6300,11524400,"B"
"SSI","14:26:17",31.7,0.3,10000,11518100,"B"
"SSI","14:26:14",31.7,0.3,3000,11508100,"B"
"SSI","14:26:11",31.7,0.3,21500,11505100,"B"
"SSI","14:26:06",31.7,0.3,5000,11483600,"B"
"SSI","14:26:03",31.7,0.3,1700,11478600,"B"
"SSI","14:25:59",31.7,0.3,800,11476900,"B"
"SSI","14:25:50",31.7,0.3,200,11476100,"B"
"SSI","14:25:47",31.75,0.35,500,11475900,"S"
"SSI","14:25:33",31.7,0.3,400,11475400,"B"
"SSI","14:25:33",31.75,0.35,100,11475000,"B"
"SSI","14:25:31",31.7,0.3,12700,11474900,"B"
"SSI","14:25:31",31.75,0.35,200,11462200,"B"
"SSI","14:25:23",31.75,0.35,1000,11457000,"B"
"SSI","14:25:23",31.75,0.35,5200,11456000,"B"
"SSI","14:25:17",31.75,0.35,4000,11450800,"B"
"SSI","14:25:14",31.75,0.35,6200,11446800,"S"
"SSI","14:25:07",31.75,0.35,200,11440600,"S"
"SSI","14:25:05",31.75,0.35,100,11440400,"S"
"SSI","14:25:04",31.75,0.35,10000,11440300,"S"
"SSI","14:25:00",31.7,0.3,1500,11430300,"B"
"SSI","14:24:55",31.75,0.35,700,11428800,"S"
"SSI","14:24:51",31.75,0.35,100,11428100,"S"
"SSI","14:24:48",31.75,0.35,1500,11428000,"S"
"SSI","14:24:41",31.75,0.35,1000,11426500,"S"
"SSI","14:24:36",31.7,0.3,200,11425500,"B"
"SSI","14:24:34",31.75,0.35,600,11425300,"S"
"SSI","14:24:32",31.75,0.35,1900,11424700,"S"
"SSI","14:24:30",31.75,0.35,10400,11422800,"B"
"SSI","14:24:27",31.7,0.3,9800,11412400,"B"
"SSI","14:24:27",31.75,0.35,13900,11402600,"B"
"SSI","14:24:26",31.75,0.35,1300,11388700,"B"
"SSI","14:24:20",31.75,0.35,300,11387400,"B"
"SSI","14:24:18",31.75,0.35,3000,11387100,"B"
"SSI","14:24:11",31.75,0.35,1000,11384100,"B"
"SSI","14:24:10",31.75,0.35,5000,11383100,"B"
"SSI","14:24:09",31.75,0.35,2100,11378100,"B"
"SSI","14:24:07",31.75,0.35,4900,11376000,"B"
"SSI","14:24:05",31.75,0.35,1000,11371100,"B"
"SSI","14:24:02",31.75,0.35,1000,11370100,"B"
"SSI","14:23:59",31.75,0.35,100,11369100,"B"
"SSI","14:23:51",31.75,0.35,1000,11369000,"B"
"SSI","14:23:48",31.75,0.35,1800,11368000,"B"
"SSI","14:23:39",31.75,0.35,800,11366200,"B"
"SSI","14:23:39",31.8,0.4,1000,11365400,"S"
"SSI","14:23:32",31.8,0.4,700,11364400,"S"
"SSI","14:23:29",31.8,0.4,900,11363700,"S"
"SSI","14:23:20",31.8,0.4,500,11362800,"S"
"SSI","14:23:18",31.75,0.35,100,11362300,"B"
"SSI","14:23:16",31.8,0.4,4900,11362200,"B"
"SSI","14:23:15",31.8,0.4,100,11357300,"S"
"SSI","14:23:11",31.85,0.45,600,11357200,"S"
"SSI","14:23:10",31.85,0.45,62800,11356600,"S"
"SSI","14:23:10",31.8,0.4,41200,11293800,"S"
"SSI","14:23:09",31.8,0.4,500,11252600,"S"
"SSI","14:23:08",31.75,0.35,200,11252100,"B"
"SSI","14:23:08",31.8,0.4,500,11251900,"S"
"SSI","14:23:02",31.8,0.4,1000,11251400,"S"
"SSI","14:23:02",31.8,0.4,10000,11250400,"S"
"SSI","14:22:56",31.8,0.4,500,11240400,"S"
"SSI","14:22:55",31.8,0.4,1000,11239900,"S"
"SSI","14:22:53",31.8,0.4,500,11238900,"S"
"SSI","14:22:50",31.8,0.4,700,11238400,"S"
"SSI","14:22:46",31.8,0.4,4800,11237700,"S"
"SSI","14:22:29",31.8,0.4,600,11232900,"S"
"SSI","14:22:23",31.8,0.4,200,11232300,"S"
"SSI","14:22:22",31.8,0.4,5000,11232100,"S"
"SSI","14:22:17",31.8,0.4,1000,11227100,"S"
"SSI","14:22:17",31.8,0.4,100,11226100,"S"
"SSI","14:22:16",31.8,0.4,500,11226000,"S"
"SSI","14:22:13",31.8,0.4,200,11225500,"S"
"SSI","14:22:10",31.8,0.4,3000,11225300,"S"
"SSI","14:22:09",31.8,0.4,600,11222300,"S"
"SSI","14:22:07",31.8,0.4,1500,11221700,"S"
"SSI","14:21:59",31.8,0.4,100,11220200,"S"
"SSI","14:21:50",31.75,0.35,100,11190100,"B"
"SSI","14:21:50",31.8,0.4,300,11190000,"S"
"SSI","14:21:48",31.8,0.4,700,11189700,"S"
"SSI","14:21:44",31.8,0.4,8500,11189000,"S"
"SSI","14:21:42",31.8,0.4,10000,11180500,"S"
"SSI","14:21:40",31.8,0.4,5000,11170500,"S"
"SSI","14:21:38",31.8,0.4,2000,11165500,"S"
"SSI","14:21:34",31.75,0.35,100,11163500,"B"
"SSI","14:21:24",31.75,0.35,1000,11163400,"B"
"SSI","14:21:16",31.8,0.4,21900,11162400,"S"
"SSI","14:21:15",31.8,0.4,58100,11140500,"S"
"SSI","14:21:06",31.8,0.4,3000,11082400,"S"
"SSI","14:21:02",31.75,0.35,500,11079400,"B"
"SSI","14:20:48",31.75,0.35,300,11078900,"B"
"SSI","14:20:45",31.8,0.4,600,11078600,"S"
"SSI","14:20:41",31.8,0.4,1000,11078000,"S"
"SSI","14:20:27",31.75,0.35,100,11077000,"B"
"SSI","14:20:21",31.75,0.35,500,11076900,"B"
"SSI","14:20:19",31.75,0.35,1000,11076400,"B"
"SSI","14:20:10",31.75,0.35,600,11075400,"S"
"SSI","14:20:08",31.75,0.35,600,11074800,"B"
"SSI","14:20:08",31.75,0.35,1000,11074200,"B"
"SSI","14:20:07",31.75,0.35,400,11073200,"S"
"SSI","14:20:04",31.7,0.3,1000,11072800,"B"
"SSI","14:20:04",31.75,0.35,600,11071800,"S"
"SSI","14:19:58",31.75,0.35,400,11071200,"S"
"SSI","14:19:54",31.75,0.35,1000,11070800,"B"
"SSI","14:19:54",31.75,0.35,2500,11069800,"B"
"SSI","14:19:52",31.75,0.35,100,11067300,"B"
"SSI","14:19:48",31.75,0.35,100,11067200,"B"
"SSI","14:19:46",31.75,0.35,3000,11067100,"B"
"SSI","14:19:41",31.75,0.35,24300,11064100,"S"
"SSI","14:19:32",31.75,0.35,300,11039800,"S"
"SSI","14:19:22",31.75,0.35,700,11039500,"S"
"SSI","14:19:18",31.75,0.35,700,11038800,"S"
"SSI","14:19:15",31.75,0.35,6000,11038100,"S"
"SSI","14:19:13",31.75,0.35,200,11032100,"S"
"SSI","14:19:09",31.75,0.35,100,11031900,"S"
"SSI","14:19:07",31.75,0.35,1000,11031800,"S"
"SSI","14:19:01",31.75,0.35,600,11030800,"S"
"SSI","14:18:53",31.75,0.35,500,11030200,"S"
"SSI","14:18:43",31.7,0.3,2000,11029700,"S"
"SSI","14:18:41",31.7,0.3,2000,11027700,"S"
"SSI","14:18:40",31.7,0.3,700,11025700,"S"
"SSI","14:18:39",31.7,0.3,600,11025000,"S"
"SSI","14:18:36",31.7,0.3,100,11024400,"S"
"SSI","14:18:35",31.7,0.3,300,11024300,"S"
"SSI","14:18:31",31.65,0.25,2300,11023000,"B"
"SSI","14:18:30",31.7,0.3,5100,11020700,"S"
"SSI","14:18:26",31.7,0.3,30000,11015600,"S"
"SSI","14:18:24",31.7,0.3,300,10985600,"S"
"SSI","14:18:22",31.7,0.3,3300,10985300,"S"
"SSI","14:18:21",31.7,0.3,10900,10982000,"S"
"SSI","14:18:18",31.7,0.3,200,10971100,"S"
"SSI","14:18:17",31.7,0.3,5000,10970900,"S"
"SSI","14:18:09",31.7,0.3,1000,10965900,"S"
"SSI","14:18:08",31.7,0.3,200,10964900,"S"
"SSI","14:18:04",31.7,0.3,5000,10964700,"S"
"SSI","14:18:03",31.7,0.3,3300,10959700,"S"
"SSI","14:17:59",31.7,0.3,700,10956400,"S"
"SSI","14:17:52",31.7,0.3,400,10955700,"S"
"SSI","14:17:48",31.7,0.3,700,10955300,"S"
"SSI","14:17:44",31.7,0.3,3700,10954600,"B"
"SSI","14:17:41",31.7,0.3,400,10950900,"B"
"SSI","14:17:39",31.7,0.3,2000,10950500,"B"
"SSI","14:17:33",31.7,0.3,1000,10948500,"B"
"SSI","14:17:32",31.7,0.3,400,10947500,"B"
"SSI","14:17:25",31.7,0.3,1000,10947100,"B"
"SSI","14:17:23",31.7,0.3,3600,10946100,"S"
"SSI","14:17:20",31.7,0.3,10400,10942500,"S"
"SSI","14:17:18",31.65,0.25,10000,10932100,"B"
"SSI","14:17:18",31.7,0.3,6000,10922100,"B"
"SSI","14:17:16",31.7,0.3,500,10916100,"B"
"SSI","14:17:13",31.7,0.3,200,10915600,"B"
"SSI","14:17:12",31.7,0.3,26500,10915400,"S"
"SSI","14:17:05",31.7,0.3,1000,10888900,"S"
"SSI","14:17:01",31.7,0.3,500,10887900,"S"
"SSI","14:16:56",31.7,0.3,600,10887400,"S"
"SSI","14:16:55",31.7,0.3,500,10886800,"S"
"SSI","14:16:52",31.65,0.25,7000,10886300,"B"
"SSI","14:16:51",31.7,0.3,300,10879300,"S"
"SSI","14:16:49",31.7,0.3,1500,10879000,"S"
"SSI","14:16:43",31.65,0.25,700,10877500,"B"
"SSI","14:16:36",31.7,0.3,600,10876800,"S"
"SSI","14:16:29",31.7,0.3,24800,10876200,"B"
"SSI","14:16:26",31.7,0.3,10000,10851400,"B"
"SSI","14:16:25",31.7,0.3,5000,10841400,"B"
"SSI","14:16:21",31.7,0.3,200,10836400,"B"
"SSI","14:16:20",31.7,0.3,100,10836200,"B"
"SSI","14:16:18",31.7,0.3,1200,10836100,"B"
"SSI","14:16:11",31.7,0.3,6000,10834900,"S"
"SSI","14:16:10",31.65,0.25,300,10828900,"B"
"SSI","14:15:57",31.65,0.25,2000,10828600,"B"
"SSI","14:15:55",31.7,0.3,600,10826600,"S"
"SSI","14:15:51",31.7,0.3,2000,10826000,"S"
"SSI","14:15:41",31.65,0.25,1100,10824000,"B"
"SSI","14:15:35",31.7,0.3,800,10822900,"B"
"SSI","14:15:33",31.7,0.3,400,10822100,"S"
"SSI","14:15:32",31.7,0.3,2500,10821700,"B"
"SSI","14:15:29",31.65,0.25,34100,10819200,"B"
"SSI","14:15:29",31.7,0.3,5900,10785100,"B"
"SSI","14:15:29",31.7,0.3,3000,10779200,"B"
"SSI","14:15:26",31.7,0.3,4000,10776200,"B"
"SSI","14:15:24",31.7,0.3,2000,10772200,"B"
"SSI","14:15:22",31.75,0.35,100,10770200,"S"
"SSI","14:15:16",31.75,0.35,1000,10770100,"S"
"SSI","14:15:12",31.75,0.35,600,10769100,"S"
"SSI","14:15:12",31.7,0.3,1000,10768500,"B"
"SSI","14:14:57",31.75,0.35,2500,10767500,"B"
"SSI","14:14:56",31.75,0.35,100,10765000,"B"
"SSI","14:14:55",31.75,0.35,5000,10764900,"B"
"SSI","14:14:55",31.75,0.35,5000,10759900,"B"
"SSI","14:14:54",31.75,0.35,1000,10754900,"B"
"SSI","14:14:52",31.75,0.35,4000,10753900,"B"
"SSI","14:14:52",31.8,0.4,200,10749900,"S"
"SSI","14:14:49",31.75,0.35,10000,10749700,"B"
"SSI","14:14:43",31.75,0.35,9500,10739700,"B"
"SSI","14:14:41",31.75,0.35,500,10730200,"B"
"SSI","14:14:40",31.8,0.4,500,10729700,"S"
"SSI","14:14:33",31.75,0.35,300,10729200,"B"
"SSI","14:14:31",31.8,0.4,600,10728900,"S"
"SSI","14:14:29",31.8,0.4,500,10728300,"B"
"SSI","14:14:29",31.8,0.4,100,10727800,"B"
"SSI","14:14:27",31.8,0.4,1700,10727700,"B"
"SSI","14:14:26",31.8,0.4,2700,10726000,"B"
"SSI","14:14:25",31.8,0.4,6700,10723300,"B"
"SSI","14:14:24",31.8,0.4,100,10716600,"B"
"SSI","14:14:22",31.8,0.4,4600,10716500,"B"
"SSI","14:14:21",31.8,0.4,100,10711900,"B"
"SSI","14:14:18",31.8,0.4,3600,10711800,"B"
"SSI","14:14:16",31.8,0.4,20000,10708200,"B"
"SSI","14:14:16",31.8,0.4,100,10688200,"B"
"SSI","14:14:15",31.8,0.4,2000,10688100,"B"
"SSI","14:14:12",31.8,0.4,1000,10686100,"B"
"SSI","14:14:10",31.8,0.4,200,10685100,"B"
"SSI","14:14:07",31.8,0.4,5000,10684900,"B"
"SSI","14:14:06",31.8,0.4,300,10679900,"B"
"SSI","14:14:03",31.8,0.4,1000,10679600,"B"
"SSI","14:14:02",31.8,0.4,300,10678600,"B"
"SSI","14:14:01",31.8,0.4,7400,10678300,"B"
"SSI","14:14:00",31.8,0.4,1000,10670900,"B"
"SSI","14:13:59",31.8,0.4,200,10669900,"B"
"SSI","14:13:58",31.8,0.4,2000,10669700,"B"
"SSI","14:13:52",31.8,0.4,2600,10667700,"B"
"SSI","14:13:51",31.8,0.4,700,10665100,"B"
"SSI","14:13:50",31.8,0.4,100,10664400,"B"
"SSI","14:13:30",31.8,0.4,1000,10664300,"B"
"SSI","14:13:19",31.8,0.4,3900,10663300,"B"
"SSI","14:13:16",31.85,0.45,200,10658400,"S"
"SSI","14:13:13",31.8,0.4,900,10658200,"B"
"SSI","14:13:10",31.85,0.45,100,10657300,"S"
"SSI","14:13:07",31.8,0.4,14600,10657200,"B"
"SSI","14:13:03",31.8,0.4,3500,10642600,"B"
"SSI","14:13:02",31.85,0.45,200,10639100,"S"
"SSI","14:12:58",31.8,0.4,900,10638900,"B"
"SSI","14:12:50",31.85,0.45,3000,10638000,"S"
"SSI","14:12:49",31.8,0.4,4400,10635000,"B"
"SSI","14:12:47",31.8,0.4,10100,10630600,"B"
"SSI","14:12:46",31.8,0.4,100,10620500,"B"
"SSI","14:12:43",31.8,0.4,200,10620400,"B"
"SSI","14:12:39",31.8,0.4,100,10620200,"B"
"SSI","14:12:39",31.8,0.4,500,10620100,"B"
"SSI","14:12:33",31.8,0.4,1000,10619600,"B"
"SSI","14:12:30",31.8,0.4,200,10618600,"B"
"SSI","14:12:24",31.8,0.4,500,10618400,"B"
"SSI","14:12:22",31.8,0.4,100,10617900,"B"
"SSI","14:12:20",31.8,0.4,20000,10617600,"B"
"SSI","14:12:19",31.8,0.4,100,10597600,"B"
"SSI","14:12:18",31.8,0.4,1000,10597500,"B"
"SSI","14:12:17",31.8,0.4,200,10596500,"B"
"SSI","14:12:14",31.8,0.4,5000,10596300,"B"
"SSI","14:12:11",31.8,0.4,200,10591300,"B"
"SSI","14:12:11",31.85,0.45,100,10591100,"S"
"SSI","14:12:04",31.8,0.4,1200,10591000,"B"
"SSI","14:12:03",31.8,0.4,300,10589800,"B"
"SSI","14:11:58",31.8,0.4,500,10589500,"B"
"SSI","14:11:50",31.8,0.4,100,10589000,"B"
"SSI","14:11:47",31.8,0.4,5000,10588900,"B"
"SSI","14:11:46",31.8,0.4,100,10583900,"B"
"SSI","14:11:40",31.8,0.4,1900,10583800,"B"
"SSI","14:11:37",31.8,0.4,20000,10581900,"B"
"SSI","14:11:32",31.8,0.4,3000,10561900,"B"
"SSI","14:11:32",31.85,0.45,600,10558900,"S"
"SSI","14:11:31",31.8,0.4,400,10558300,"B"
"SSI","14:11:21",31.8,0.4,2200,10557900,"B"
"SSI","14:11:12",31.85,0.45,100,10555700,"S"
"SSI","14:11:09",31.8,0.4,100,10555600,"B"
"SSI","14:11:05",31.8,0.4,100,10555500,"B"
"SSI","14:11:03",31.85,0.45,600,10555400,"S"
"SSI","14:11:03",31.8,0.4,500,10554800,"B"
"SSI","14:10:57",31.85,0.45,500,10554300,"S"
"SSI","14:10:57",31.8,0.4,200,10553800,"B"
"SSI","14:10:51",31.8,0.4,100,10553600,"B"
"SSI","14:10:51",31.85,0.45,100,10553500,"S"
"SSI","14:10:50",31.85,0.45,8500,10553400,"S"
"SSI","14:10:45",31.8,0.4,3000,10544900,"B"
"SSI","14:10:34",31.8,0.4,300,10541900,"B"
"SSI","14:10:32",31.85,0.45,900,10541600,"S"
"SSI","14:10:32",31.8,0.4,4100,10540700,"S"
"SSI","14:10:31",31.8,0.4,5000,10536600,"S"
"SSI","14:10:30",31.8,0.4,20000,10531600,"S"
"SSI","14:10:24",31.8,0.4,21600,10511600,"B"
"SSI","14:10:23",31.8,0.4,200,10490000,"B"
"SSI","14:10:22",31.8,0.4,1500,10489800,"B"
"SSI","14:10:19",31.8,0.4,3600,10488300,"B"
"SSI","14:10:18",31.8,0.4,10000,10484700,"B"
"SSI","14:10:14",31.8,0.4,1400,10474700,"B"
"SSI","14:10:11",31.85,0.45,1400,10473300,"S"
"SSI","14:10:10",31.8,0.4,200,10471900,"B"
"SSI","14:10:03",31.8,0.4,1000,10471700,"B"
"SSI","14:10:00",31.85,0.45,3000,10470700,"S"
"SSI","14:09:57",31.8,0.4,1000,10467700,"B"
"SSI","14:09:56",31.85,0.45,800,10466700,"S"
"SSI","14:09:49",31.85,0.45,2700,10465900,"B"
"SSI","14:09:48",31.85,0.45,1000,10463200,"B"
"SSI","14:09:47",31.85,0.45,20000,10462200,"B"
"SSI","14:09:46",31.85,0.45,5000,10442200,"B"
"SSI","14:09:44",31.85,0.45,10000,10437200,"B"
"SSI","14:09:40",31.85,0.45,1000,10427200,"B"
"SSI","14:09:39",31.85,0.45,3000,10426200,"B"
"SSI","14:09:35",31.85,0.45,3000,10423200,"B"
"SSI","14:09:31",31.9,0.5,15000,10420200,"S"
"SSI","14:09:26",31.85,0.45,2800,10405200,"B"
"SSI","14:09:24",31.85,0.45,5000,10402400,"B"
"SSI","14:09:18",31.9,0.5,1300,10397400,"S"
"SSI","14:09:18",31.85,0.45,2000,10396100,"B"
"SSI","14:09:15",31.9,0.5,1600,10394100,"S"
"SSI","14:09:15",31.9,0.5,6900,10392500,"S"
"SSI","14:09:14",31.85,0.45,3000,10385600,"B"
"SSI","14:09:12",31.9,0.5,500,10382600,"S"
"SSI","14:09:10",31.85,0.45,100,10382100,"B"
"SSI","14:09:04",31.85,0.45,2000,10382000,"B"
"SSI","14:09:01",31.9,0.5,3500,10380000,"B"
"SSI","14:09:00",31.9,0.5,400,10376500,"B"
"SSI","14:08:59",31.9,0.5,3000,10376100,"B"
"SSI","14:08:58",31.9,0.5,100,10373100,"B"
"SSI","14:08:57",31.9,0.5,3200,10373000,"B"
"SSI","14:08:57",31.9,0.5,5500,10369800,"B"
"SSI","14:08:54",31.9,0.5,1000,10364300,"B"
"SSI","14:08:52",31.9,0.5,100,10363300,"B"
"SSI","14:08:51",31.9,0.5,1700,10363200,"B"
"SSI","14:08:51",31.9,0.5,100,10361500,"B"
"SSI","14:08:50",31.9,0.5,100,10361400,"B"
"SSI","14:08:49",31.9,0.5,300,10361300,"B"
"SSI","14:08:45",31.9,0.5,18400,10361000,"B"
"SSI","14:08:42",31.9,0.5,200,10342600,"B"
"SSI","14:08:42",31.95,0.55,3700,10342400,"S"
"SSI","14:08:40",31.9,0.5,1000,10338700,"B"
"SSI","14:08:40",31.95,0.55,11600,10337700,"S"
"SSI","14:08:38",31.9,0.5,4200,10326100,"B"
"SSI","14:08:36",31.9,0.5,4800,10321900,"S"
"SSI","14:08:36",31.9,0.5,100,10317100,"S"
"SSI","14:08:35",31.9,0.5,1000,10317000,"S"
"SSI","14:08:35",31.9,0.5,100,10316000,"B"
"SSI","14:08:29",31.95,0.55,5000,10315900,"S"
"SSI","14:08:27",31.9,0.5,2800,10300900,"B"
"SSI","14:08:26",31.9,0.5,1000,10298100,"B"
"SSI","14:08:26",31.9,0.5,100,10297100,"B"
"SSI","14:08:26",31.95,0.55,100,10297000,"S"
"SSI","14:08:25",31.9,0.5,200,10296900,"B"
"SSI","14:08:24",31.9,0.5,500,10296700,"S"
"SSI","14:08:23",31.85,0.45,300,10296200,"B"
"SSI","14:08:22",31.9,0.5,2000,10294500,"B"
"SSI","14:08:20",31.9,0.5,100,10292500,"B"
"SSI","14:08:19",31.9,0.5,500,10292400,"B"
"SSI","14:08:18",31.9,0.5,3000,10291900,"B"
"SSI","14:08:18",31.9,0.5,200,10288900,"B"
"SSI","14:08:17",31.9,0.5,3000,10288700,"B"
"SSI","14:08:16",31.9,0.5,5000,10285700,"B"
"SSI","14:08:12",31.9,0.5,50000,10280700,"S"
"SSI","14:08:12",31.85,0.45,500,10230700,"B"
"SSI","14:08:10",31.9,0.5,2400,10230200,"S"
"SSI","14:08:09",31.9,0.5,20000,10227800,"S"
"SSI","14:08:08",31.9,0.5,500,10207800,"S"
"SSI","14:08:08",31.85,0.45,100,10207300,"B"
"SSI","14:08:06",31.85,0.45,1000,10207200,"B"
"SSI","14:08:05",31.9,0.5,5000,10206200,"S"
"SSI","14:08:05",31.9,0.5,300,10201200,"S"
"SSI","14:08:03",31.9,0.5,22100,10200900,"S"
"SSI","14:08:02",31.9,0.5,100,10178800,"S"
"SSI","14:07:59",31.9,0.5,1300,10178700,"S"
"SSI","14:07:58",31.9,0.5,6000,10177400,"S"
"SSI","14:07:55",31.9,0.5,38000,10171400,"S"
"SSI","14:07:52",31.9,0.5,10000,10133400,"S"
"SSI","14:07:47",31.9,0.5,1200,10123400,"S"
"SSI","14:07:46",31.9,0.5,200,10122200,"S"
"SSI","14:07:45",31.9,0.5,30200,10122000,"S"
"SSI","14:07:44",31.9,0.5,3200,10091800,"S"
"SSI","14:07:42",31.9,0.5,4000,10088600,"S"
"SSI","14:07:40",31.9,0.5,92300,10084600,"S"
"SSI","14:07:39",31.9,0.5,2700,9992300,"S"
"SSI","14:07:38",31.9,0.5,500,9989600,"S"
"SSI","14:07:34",31.9,0.5,3000,9989100,"S"
"SSI","14:07:33",31.85,0.45,100,9986100,"B"
"SSI","14:07:32",31.9,0.5,50000,9986000,"S"
"SSI","14:07:30",31.9,0.5,100,9936000,"S"
"SSI","14:07:26",31.9,0.5,6000,9935900,"S"
"SSI","14:07:25",31.85,0.45,10900,9929900,"B"
"SSI","14:07:25",31.9,0.5,6200,9919000,"S"
"SSI","14:07:25",31.85,0.45,1000,9912800,"B"
"SSI","14:07:24",31.85,0.45,500,9911800,"B"
"SSI","14:07:21",31.9,0.5,1000,9911300,"S"
"SSI","14:07:11",31.9,0.5,100,9910300,"S"
"SSI","14:07:11",31.85,0.45,4000,9910200,"B"
"SSI","14:07:05",31.85,0.45,100,9906200,"B"
"SSI","14:07:03",31.9,0.5,2000,9906100,"S"
"SSI","14:07:03",31.85,0.45,300,9904100,"B"
"SSI","14:07:00",31.85,0.45,500,9903800,"B"
"SSI","14:06:57",31.85,0.45,8000,9903300,"B"
"SSI","14:06:54",31.85,0.45,100,9895300,"B"
"SSI","14:06:51",31.85,0.45,600,9895200,"B"
"SSI","14:06:50",31.85,0.45,65700,9894500,"S"
"SSI","14:06:48",31.85,0.45,1900,9828800,"S"
"SSI","14:06:46",31.85,0.45,20000,9826900,"S"
"SSI","14:06:37",31.85,0.45,2000,9806900,"S"
"SSI","14:06:36",31.85,0.45,1000,9804900,"S"
"SSI","14:06:35",31.8,0.4,400,9803900,"S"
"SSI","14:06:33",31.8,0.4,3600,9803500,"S"
"SSI","14:06:33",31.8,0.4,3100,9799900,"S"
"SSI","14:06:32",31.8,0.4,23100,9796800,"S"
"SSI","14:06:32",31.8,0.4,17000,9773700,"S"
"SSI","14:06:31",31.8,0.4,500,9756700,"S"
"SSI","14:06:30",31.8,0.4,10400,9756200,"S"
"SSI","14:06:28",31.8,0.4,1200,9738800,"S"
"SSI","14:06:27",31.8,0.4,3000,9737600,"S"
"SSI","14:06:24",31.8,0.4,11800,9734600,"S"
"SSI","14:06:24",31.8,0.4,10000,9722800,"S"
"SSI","14:06:23",31.8,0.4,20000,9712800,"S"
"SSI","14:06:22",31.8,0.4,700,9692800,"S"
"SSI","14:06:21",31.8,0.4,15300,9692100,"S"
"SSI","14:06:20",31.8,0.4,6000,9676800,"S"
"SSI","14:06:19",31.8,0.4,100,9670800,"S"
"SSI","14:06:19",31.8,0.4,5000,9670700,"S"
"SSI","14:06:18",31.8,0.4,3000,9665700,"S"
"SSI","14:06:17",31.8,0.4,40000,9662700,"S"
"SSI","14:06:17",31.8,0.4,3000,9622700,"S"
"SSI","14:06:16",31.8,0.4,1700,9619700,"S"
"SSI","14:06:15",31.8,0.4,100,9618000,"S"
"SSI","14:06:14",31.8,0.4,33000,9617900,"S"
"SSI","14:06:13",31.8,0.4,17000,9584900,"S"
"SSI","14:06:11",31.8,0.4,2000,9567900,"S"
"SSI","14:06:10",31.8,0.4,2000,9565900,"S"
"SSI","14:06:04",31.8,0.4,15700,9563900,"S"
"SSI","14:06:01",31.8,0.4,100,9548200,"S"
"SSI","14:05:59",31.8,0.4,20000,9548100,"S"
"SSI","14:05:55",31.8,0.4,100,9528100,"S"
"SSI","14:05:55",31.75,0.35,1400,9528000,"B"
"SSI","14:05:51",31.8,0.4,5100,9526600,"S"
"SSI","14:05:51",31.75,0.35,10000,9521500,"B"
"SSI","14:05:48",31.8,0.4,20000,9511500,"S"
"SSI","14:05:45",31.8,0.4,1400,9491500,"S"
"SSI","14:05:42",31.75,0.35,1000,9490100,"B"
"SSI","14:05:38",31.8,0.4,100,9489100,"S"
"SSI","14:05:36",31.75,0.35,200,9489000,"B"
"SSI","14:05:34",31.8,0.4,300,9488800,"S"
"SSI","14:05:34",31.8,0.4,1000,9488500,"S"
"SSI","14:05:31",31.8,0.4,8100,9487500,"S"
"SSI","14:05:28",31.8,0.4,1000,9479400,"S"
"SSI","14:05:25",31.75,0.35,1000,9478400,"B"
"SSI","14:05:23",31.8,0.4,36500,9477400,"S"
"SSI","14:05:20",31.8,0.4,1600,9440900,"S"
"SSI","14:05:19",31.75,0.35,5000,9439300,"B"
"SSI","14:05:07",31.75,0.35,1300,9434300,"B"
"SSI","14:05:06",31.8,0.4,5100,9433000,"S"
"SSI","14:05:03",31.8,0.4,100,9427900,"S"
"SSI","14:04:58",31.75,0.35,500,9427800,"B"
"SSI","14:04:58",31.8,0.4,500,9427300,"S"
"SSI","14:04:54",31.75,0.35,4900,9426800,"S"
"SSI","14:04:54",31.75,0.35,29000,9421900,"S"
"SSI","14:04:53",31.75,0.35,20000,9392900,"S"
"SSI","14:04:50",31.75,0.35,20000,9372900,"S"
"SSI","14:04:47",31.75,0.35,500,9352900,"S"
"SSI","14:04:43",31.75,0.35,5100,9352400,"S"
"SSI","14:04:40",31.75,0.35,4000,9347300,"S"
"SSI","14:04:29",31.75,0.35,18000,9343300,"S"
"SSI","14:04:24",31.7,0.3,2000,9325300,"B"
"SSI","14:04:22",31.75,0.35,5100,9323300,"S"
"SSI","14:04:21",31.75,0.35,1000,9318200,"S"
"SSI","14:04:21",31.7,0.3,30000,9317200,"B"
"SSI","14:04:20",31.75,0.35,2400,9287200,"S"
"SSI","14:04:19",31.75,0.35,16000,9284800,"S"
"SSI","14:04:11",31.75,0.35,100,9268800,"S"
"SSI","14:04:08",31.75,0.35,19500,9268700,"S"
"SSI","14:04:07",31.7,0.3,15000,9249200,"B"
"SSI","14:03:55",31.7,0.3,500,9234200,"B"
"SSI","14:03:55",31.75,0.35,100,9233700,"S"
"SSI","14:03:54",31.7,0.3,1200,9233600,"B"
"SSI","14:03:53",31.7,0.3,2600,9232400,"B"
"SSI","14:03:53",31.75,0.35,1700,9229800,"S"
"SSI","14:03:41",31.7,0.3,200,9228100,"B"
"SSI","14:03:36",31.7,0.3,100,9227900,"B"
"SSI","14:03:33",31.7,0.3,7800,9227800,"S"
"SSI","14:03:32",31.7,0.3,4500,9220000,"S"
"SSI","14:03:32",31.7,0.3,5000,9215500,"S"
"SSI","14:03:31",31.7,0.3,2500,9210500,"S"
"SSI","14:03:30",31.7,0.3,300,9208000,"S"
"SSI","14:03:29",31.7,0.3,1900,9207700,"S"
"SSI","14:03:27",31.7,0.3,66000,9205800,"S"
"SSI","14:03:26",31.7,0.3,3100,9139800,"S"
"SSI","14:03:24",31.7,0.3,2000,9136700,"S"
"SSI","14:03:21",31.7,0.3,100,9134700,"S"
"SSI","14:03:17",31.7,0.3,100,9134600,"S"
"SSI","14:03:14",31.7,0.3,4000,9134500,"S"
"SSI","14:02:57",31.7,0.3,100,9130500,"S"
"SSI","14:02:48",31.7,0.3,2000,9130400,"S"
"SSI","14:02:47",31.7,0.3,30000,9128400,"S"
"SSI","14:02:37",31.7,0.3,5000,9098400,"S"
"SSI","14:02:36",31.7,0.3,800,9093400,"S"
"SSI","14:02:33",31.7,0.3,30000,9092600,"S"
"SSI","14:02:32",31.7,0.3,500,9062600,"S"
"SSI","14:02:27",31.7,0.3,2700,9062100,"S"
"SSI","14:02:21",31.7,0.3,8500,9059400,"S"
"SSI","14:02:17",31.7,0.3,4200,9050900,"S"
"SSI","14:02:17",31.7,0.3,500,9046700,"S"
"SSI","14:02:09",31.65,0.25,400,9046200,"B"
"SSI","14:02:04",31.65,0.25,900,9045800,"B"
"SSI","14:02:04",31.65,0.25,1000,9044900,"B"
"SSI","14:02:01",31.65,0.25,500,9043900,"B"
"SSI","14:02:00",31.65,0.25,300,9043400,"B"
"SSI","14:01:59",31.65,0.25,7000,9043100,"B"
"SSI","14:01:43",31.65,0.25,100,9036100,"B"
"SSI","14:01:37",31.65,0.25,200,9036000,"B"
"SSI","14:01:21",31.65,0.25,8000,9035800,"S"
"SSI","14:01:20",31.65,0.25,5000,9027800,"S"
"SSI","14:01:17",31.65,0.25,1000,9022800,"S"
"SSI","14:01:15",31.65,0.25,5100,9021800,"S"
"SSI","14:01:14",31.65,0.25,700,9016700,"S"
"SSI","14:01:12",31.65,0.25,500,9016000,"S"
"SSI","14:01:08",31.65,0.25,100,9015500,"S"
"SSI","14:01:06",31.65,0.25,400,9015400,"S"
"SSI","14:01:04",31.65,0.25,100,9015000,"S"
"SSI","14:01:00",31.65,0.25,100,9014900,"S"
"SSI","14:01:00",31.65,0.25,300,9014800,"S"
"SSI","14:00:59",31.65,0.25,1700,9014500,"S"
"SSI","14:00:58",31.65,0.25,700,9012800,"S"
"SSI","14:00:54",31.65,0.25,7000,9012100,"S"
"SSI","14:00:54",31.65,0.25,200,9005100,"S"
"SSI","14:00:46",31.65,0.25,100,9004900,"S"
"SSI","14:00:45",31.65,0.25,1000,9004800,"S"
"SSI","14:00:42",31.65,0.25,1700,9003800,"S"
"SSI","14:00:41",31.65,0.25,8500,9002100,"S"
"SSI","14:00:36",31.65,0.25,100,8993600,"S"
"SSI","14:00:26",31.65,0.25,10000,8993500,"S"
"SSI","14:00:01",31.65,0.25,600,8983500,"S"
"SSI","13:59:42",31.65,0.25,2800,8982900,"S"
"SSI","13:59:23",31.65,0.25,5100,8980100,"S"
"SSI","13:59:11",31.65,0.25,6400,8975000,"S"
"SSI","13:59:10",31.65,0.25,9300,8968600,"S"
"SSI","13:58:55",31.65,0.25,100,8959300,"S"
"SSI","13:58:54",31.65,0.25,200,8959200,"S"
"SSI","13:58:49",31.65,0.25,100,8959000,"S"
"SSI","13:58:49",31.65,0.25,3900,8958900,"S"
"SSI","13:58:29",31.65,0.25,15000,8955000,"S"
"SSI","13:58:12",31.65,0.25,300,8940000,"S"
"SSI","13:57:57",31.65,0.25,35900,8939700,"B"
"SSI","13:57:56",31.65,0.25,400,8903800,"B"
"SSI","13:57:43",31.65,0.25,1300,8903400,"B"
"SSI","13:57:28",31.65,0.25,9000,8902100,"B"
"SSI","13:57:27",31.65,0.25,100,8893100,"B"
"SSI","13:57:22",31.65,0.25,1000,8893000,"B"
"SSI","13:57:20",31.65,0.25,1000,8892000,"B"
"SSI","13:57:15",31.65,0.25,1800,8891000,"B"
"SSI","13:57:13",31.65,0.25,6500,8889200,"B"
"SSI","13:57:05",31.65,0.25,14800,8882700,"S"
"SSI","13:56:46",31.65,0.25,2200,8867900,"B"
"SSI","13:56:45",31.65,0.25,18000,8865700,"B"
"SSI","13:56:42",31.65,0.25,2000,8847700,"B"
"SSI","13:56:38",31.65,0.25,100,8845700,"B"
"SSI","13:56:35",31.65,0.25,800,8845600,"B"
"SSI","13:56:31",31.65,0.25,1500,8844800,"B"
"SSI","13:56:30",31.65,0.25,1000,8843300,"B"
"SSI","13:56:24",31.65,0.25,1500,8842300,"B"
"SSI","13:56:18",31.65,0.25,3000,8840800,"B"
"SSI","13:56:01",31.65,0.25,6600,8837800,"B"
"SSI","13:55:58",31.65,0.25,1000,8831200,"B"
"SSI","13:55:55",31.65,0.25,1000,8830200,"B"
"SSI","13:55:45",31.65,0.25,100,8829200,"B"
"SSI","13:55:43",31.65,0.25,14500,8829100,"S"
"SSI","13:55:27",31.65,0.25,300,8814600,"S"
"SSI","13:55:15",31.65,0.25,1900,8814300,"S"
"SSI","13:55:08",31.65,0.25,500,8812400,"S"
"SSI","13:55:07",31.65,0.25,36400,8811900,"S"
"SSI","13:55:01",31.65,0.25,1000,8775500,"S"
"SSI","13:54:53",31.6,0.2,200,8774500,"B"
"SSI","13:54:52",31.65,0.25,5000,8774300,"S"
"SSI","13:54:49",31.6,0.2,4200,8769300,"B"
"SSI","13:54:48",31.65,0.25,100,8765100,"S"
"SSI","13:54:43",31.65,0.25,2200,8765000,"S"
"SSI","13:54:41",31.65,0.25,1700,8762800,"S"
"SSI","13:54:21",31.65,0.25,20000,8761100,"S"
"SSI","13:54:19",31.65,0.25,5100,8741100,"S"
"SSI","13:54:06",31.6,0.2,5000,8736000,"B"
"SSI","13:54:05",31.6,0.2,1000,8731000,"B"
"SSI","13:54:02",31.65,0.25,2000,8730000,"S"
"SSI","13:53:51",31.6,0.2,500,8728000,"B"
"SSI","13:53:48",31.65,0.25,2000,8727500,"S"
"SSI","13:53:45",31.6,0.2,100,8725500,"B"
"SSI","13:53:28",31.6,0.2,4100,8725400,"B"
"SSI","13:53:26",31.6,0.2,5000,8721300,"B"
"SSI","13:53:23",31.65,0.25,900,8716300,"S"
"SSI","13:53:12",31.6,0.2,2000,8715400,"B"
"SSI","13:53:09",31.6,0.2,300,8713400,"B"
"SSI","13:53:06",31.6,0.2,100,8713100,"B"
"SSI","13:53:02",31.6,0.2,500,8713000,"B"
"SSI","13:52:58",31.6,0.2,1000,8712500,"B"
"SSI","13:52:53",31.6,0.2,1000,8711500,"B"
"SSI","13:52:50",31.6,0.2,5000,8710500,"B"
"SSI","13:52:48",31.6,0.2,2000,8705500,"B"
"SSI","13:52:44",31.6,0.2,300,8703500,"B"
"SSI","13:52:42",31.65,0.25,100,8703200,"S"
"SSI","13:52:41",31.6,0.2,10000,8703100,"B"
"SSI","13:52:39",31.6,0.2,10000,8693100,"B"
"SSI","13:52:29",31.6,0.2,500,8683100,"B"
"SSI","13:52:28",31.6,0.2,2000,8682600,"B"
"SSI","13:52:24",31.6,0.2,1500,8680600,"B"
"SSI","13:52:18",31.6,0.2,99000,8679100,"B"
"SSI","13:51:58",31.6,0.2,200,8580100,"B"
"SSI","13:51:38",31.65,0.25,400,8579900,"S"
"SSI","13:51:37",31.65,0.25,9700,8579500,"B"
"SSI","13:51:36",31.65,0.25,100,8569800,"B"
"SSI","13:51:34",31.65,0.25,5600,8569700,"B"
"SSI","13:51:33",31.65,0.25,500,8564100,"B"
"SSI","13:51:31",31.65,0.25,100,8563600,"B"
"SSI","13:51:30",31.65,0.25,10100,8563500,"B"
"SSI","13:51:30",31.65,0.25,7100,8553400,"B"
"SSI","13:51:28",31.65,0.25,3500,8546300,"B"
"SSI","13:51:25",31.65,0.25,35000,8542800,"B"
"SSI","13:51:24",31.65,0.25,500,8507800,"B"
"SSI","13:51:23",31.65,0.25,4800,8507300,"B"
"SSI","13:51:22",31.65,0.25,300,8502500,"B"
"SSI","13:51:18",31.65,0.25,5000,8502200,"B"
"SSI","13:51:16",31.65,0.25,4000,8497200,"B"
"SSI","13:51:12",31.65,0.25,3000,8493200,"B"
"SSI","13:51:09",31.65,0.25,500,8490200,"B"
"SSI","13:51:09",31.65,0.25,200,8489700,"B"
"SSI","13:51:07",31.65,0.25,10000,8489500,"B"
"SSI","13:50:57",31.65,0.25,100,8479500,"B"
"SSI","13:50:54",31.65,0.25,2500,8479400,"B"
"SSI","13:50:51",31.65,0.25,1000,8476900,"B"
"SSI","13:50:49",31.65,0.25,4000,8475900,"B"
"SSI","13:50:48",31.65,0.25,2200,8471900,"B"
"SSI","13:50:43",31.65,0.25,2000,8469700,"B"
"SSI","13:50:38",31.7,0.3,500,8467700,"S"
"SSI","13:50:35",31.65,0.25,1000,8467200,"B"
"SSI","13:50:26",31.65,0.25,200,8466200,"B"
"SSI","13:50:18",31.65,0.25,500,8466000,"B"
"SSI","13:50:14",31.65,0.25,2900,8465500,"B"
"SSI","13:50:13",31.65,0.25,100,8462600,"B"
"SSI","13:50:12",31.65,0.25,3000,8462500,"B"
"SSI","13:50:09",31.65,0.25,200,8459500,"B"
"SSI","13:50:07",31.65,0.25,1000,8459300,"B"
"SSI","13:50:05",31.7,0.3,9300,8458300,"S"
"SSI","13:50:04",31.65,0.25,100,8449000,"B"
"SSI","13:50:02",31.65,0.25,15000,8448900,"B"
"SSI","13:49:58",31.65,0.25,3000,8433900,"B"
"SSI","13:49:56",31.65,0.25,500,8430900,"B"
"SSI","13:49:49",31.7,0.3,300,8430400,"S"
"SSI","13:49:41",31.65,0.25,100,8430100,"B"
"SSI","13:49:22",31.7,0.3,200,8430000,"S"
"SSI","13:49:19",31.7,0.3,1100,8429800,"B"
"SSI","13:49:19",31.7,0.3,11000,8428700,"B"
"SSI","13:49:17",31.7,0.3,5000,8417700,"B"
"SSI","13:49:16",31.7,0.3,13400,8412700,"B"
"SSI","13:49:16",31.7,0.3,4000,8399300,"B"
"SSI","13:49:16",31.75,0.35,1000,8395300,"S"
"SSI","13:49:15",31.7,0.3,1000,8394300,"B"
"SSI","13:49:13",31.7,0.3,5000,8393300,"B"
"SSI","13:49:12",31.7,0.3,400,8388300,"B"
"SSI","13:49:11",31.7,0.3,4600,8387900,"B"
"SSI","13:49:11",31.7,0.3,100,8383300,"B"
"SSI","13:49:08",31.7,0.3,500,8383200,"B"
"SSI","13:49:07",31.7,0.3,100,8382700,"B"
"SSI","13:49:03",31.7,0.3,100,8382600,"B"
"SSI","13:49:01",31.7,0.3,4000,8382500,"B"
"SSI","13:49:01",31.7,0.3,100,8378500,"B"
"SSI","13:48:52",31.7,0.3,5000,8378400,"B"
"SSI","13:48:47",31.7,0.3,3000,8373400,"B"
"SSI","13:48:43",31.7,0.3,300,8370400,"B"
"SSI","13:48:41",31.7,0.3,6400,8370100,"B"
"SSI","13:48:40",31.7,0.3,1000,8363700,"B"
"SSI","13:48:38",31.7,0.3,1000,8362700,"B"
"SSI","13:48:33",31.7,0.3,500,8361700,"B"
"SSI","13:48:33",31.7,0.3,10000,8361200,"B"
"SSI","13:48:30",31.7,0.3,5000,8351200,"B"
"SSI","13:48:19",31.7,0.3,10000,8346200,"B"
"SSI","13:48:10",31.75,0.35,5500,8336200,"S"
"SSI","13:48:08",31.75,0.35,13700,8330700,"S"
"SSI","13:48:08",31.75,0.35,300,8317000,"S"
"SSI","13:48:07",31.7,0.3,800,8316700,"B"
"SSI","13:48:07",31.7,0.3,100,8315900,"B"
"SSI","13:48:00",31.75,0.35,2000,8315800,"S"
"SSI","13:47:48",31.75,0.35,33600,8313800,"B"
"SSI","13:47:46",31.75,0.35,4100,8280200,"B"
"SSI","13:47:43",31.75,0.35,500,8276100,"B"
"SSI","13:47:42",31.75,0.35,300,8275600,"B"
"SSI","13:47:39",31.75,0.35,5000,8275300,"B"
"SSI","13:47:36",31.75,0.35,500,8270300,"B"
"SSI","13:47:35",31.75,0.35,500,8269800,"B"
"SSI","13:47:34",31.75,0.35,2000,8269300,"B"
"SSI","13:47:33",31.75,0.35,100,8267300,"B"
"SSI","13:47:32",31.8,0.4,800,8267200,"S"
"SSI","13:47:31",31.75,0.35,1000,8266400,"B"
"SSI","13:47:30",31.75,0.35,2000,8265400,"B"
"SSI","13:47:24",31.75,0.35,17400,8263400,"S"
"SSI","13:47:23",31.75,0.35,5100,8246000,"S"
"SSI","13:47:22",31.75,0.35,2000,8240900,"S"
"SSI","13:47:19",31.7,0.3,300,8238900,"S"
"SSI","13:47:18",31.65,0.25,10000,8238600,"B"
"SSI","13:47:18",31.7,0.3,200,8228600,"B"
"SSI","13:47:17",31.7,0.3,2700,8228400,"S"
"SSI","13:47:16",31.7,0.3,600,8225700,"S"
"SSI","13:47:15",31.7,0.3,2500,8225100,"S"
"SSI","13:47:12",31.7,0.3,20000,8222600,"S"
"SSI","13:47:06",31.7,0.3,4200,8202600,"S"
"SSI","13:47:06",31.65,0.25,2000,8198400,"B"
"SSI","13:47:04",31.7,0.3,1800,8196400,"S"
"SSI","13:47:03",31.7,0.3,4500,8194600,"S"
"SSI","13:47:03",31.75,0.35,1200,8190100,"S"
"SSI","13:47:03",31.7,0.3,500,8188900,"S"
"SSI","13:47:01",31.7,0.3,49900,8188400,"B"
"SSI","13:46:58",31.75,0.35,100000,8138500,"S"
"SSI","13:46:57",31.7,0.3,1000,8038500,"B"
"SSI","13:46:54",31.75,0.35,2000,8037500,"S"
"SSI","13:46:51",31.7,0.3,10000,8035500,"B"
"SSI","13:46:49",31.7,0.3,2000,8025500,"B"
"SSI","13:46:49",31.7,0.3,5500,8023500,"B"
"SSI","13:46:48",31.75,0.35,7000,8018000,"S"
"SSI","13:46:40",31.7,0.3,2000,8011000,"B"
"SSI","13:46:35",31.75,0.35,5000,8009000,"S"
"SSI","13:46:33",31.7,0.3,5000,8004000,"B"
"SSI","13:46:31",31.75,0.35,1700,7999000,"S"
"SSI","13:46:23",31.7,0.3,500,7997300,"B"
"SSI","13:46:21",31.75,0.35,4000,7996800,"S"
"SSI","13:46:17",31.75,0.35,200,7992800,"S"
"SSI","13:46:09",31.75,0.35,5000,7992600,"S"
"SSI","13:45:56",31.75,0.35,1000,7987600,"S"
"SSI","13:45:54",31.75,0.35,30000,7986600,"S"
"SSI","13:45:53",31.75,0.35,300,7956600,"S"
"SSI","13:45:52",31.7,0.3,900,7956300,"B"
"SSI","13:45:49",31.75,0.35,1700,7955400,"S"
"SSI","13:45:45",31.75,0.35,100,7953700,"S"
"SSI","13:45:44",31.75,0.35,3000,7953600,"S"
"SSI","13:45:37",31.75,0.35,10000,7950600,"S"
"SSI","13:45:30",31.75,0.35,500,7940600,"S"
"SSI","13:45:29",31.75,0.35,1600,7940100,"S"
"SSI","13:45:28",31.75,0.35,5000,7938500,"S"
"SSI","13:45:26",31.75,0.35,1000,7933500,"S"
"SSI","13:45:18",31.75,0.35,5000,7932500,"S"
"SSI","13:45:16",31.75,0.35,500,7927500,"S"
"SSI","13:45:09",31.75,0.35,500,7927000,"S"
"SSI","13:45:08",31.75,0.35,3000,7926500,"S"
"SSI","13:45:07",31.75,0.35,1000,7923500,"S"
"SSI","13:45:06",31.75,0.35,10000,7922500,"S"
"SSI","13:45:04",31.75,0.35,5200,7912500,"B"
"SSI","13:45:04",31.75,0.35,5000,7907300,"B"
"SSI","13:45:02",31.75,0.35,2900,7902300,"S"
"SSI","13:44:55",31.75,0.35,102000,7899400,"S"
"SSI","13:44:53",31.75,0.35,100,7796900,"S"
"SSI","13:44:48",31.75,0.35,2100,7796800,"S"
"SSI","13:44:47",31.75,0.35,1000,7794700,"S"
"SSI","13:44:47",31.7,0.3,5000,7793700,"B"
"SSI","13:44:45",31.75,0.35,100,7788700,"S"
"SSI","13:44:42",31.75,0.35,1800,7788600,"S"
"SSI","13:44:39",31.75,0.35,2000,7786800,"S"
"SSI","13:44:35",31.7,0.3,5000,7784800,"B"
"SSI","13:44:30",31.75,0.35,1400,7779800,"S"
"SSI","13:44:27",31.75,0.35,5500,7778400,"S"
"SSI","13:44:25",31.75,0.35,1700,7772900,"S"
"SSI","13:44:24",31.75,0.35,10000,7771200,"S"
"SSI","13:44:22",31.7,0.3,1000,7761200,"B"
"SSI","13:44:21",31.7,0.3,3000,7760200,"B"
"SSI","13:44:16",31.75,0.35,5100,7757200,"S"
"SSI","13:44:14",31.75,0.35,100,7752100,"S"
"SSI","13:44:12",31.75,0.35,2000,7752000,"S"
"SSI","13:44:10",31.7,0.3,10000,7750000,"B"
"SSI","13:44:08",31.75,0.35,200,7740000,"S"
"SSI","13:44:07",31.75,0.35,1000,7739800,"S"
"SSI","13:44:05",31.7,0.3,200,7738800,"B"
"SSI","13:44:01",31.7,0.3,2400,7738600,"B"
"SSI","13:43:56",31.7,0.3,1500,7736200,"B"
"SSI","13:43:55",31.7,0.3,184000,7734700,"S"
"SSI","13:43:54",31.7,0.3,3000,7550700,"S"
"SSI","13:43:53",31.7,0.3,1000,7547700,"S"
"SSI","13:43:49",31.7,0.3,30000,7546700,"S"
"SSI","13:43:44",31.7,0.3,5000,7516700,"S"
"SSI","13:43:41",31.7,0.3,1700,7511700,"S"
"SSI","13:43:40",31.65,0.25,5000,7510000,"B"
"SSI","13:43:39",31.7,0.3,100,7505000,"S"
"SSI","13:43:38",31.7,0.3,2900,7504900,"S"
"SSI","13:43:32",31.7,0.3,2000,7502000,"S"
"SSI","13:43:32",31.7,0.3,1000,7500000,"S"
"SSI","13:43:27",31.7,0.3,1000,7499000,"S"
"SSI","13:43:26",31.65,0.25,50000,7498000,"B"
"SSI","13:43:25",31.7,0.3,5000,7448000,"S"
"SSI","13:43:24",31.7,0.3,100,7443000,"S"
"SSI","13:43:18",31.65,0.25,700,7442900,"B"
"SSI","13:43:18",31.7,0.3,1000,7442200,"S"
"SSI","13:43:13",31.7,0.3,600,7441200,"S"
"SSI","13:43:10",31.7,0.3,2000,7440600,"S"
"SSI","13:43:10",31.7,0.3,1000,7438600,"S"
"SSI","13:43:07",31.7,0.3,500,7437600,"S"
"SSI","13:43:07",31.7,0.3,1300,7437100,"S"
"SSI","13:43:04",31.7,0.3,25000,7435800,"S"
"SSI","13:43:01",31.7,0.3,1000,7410800,"S"
"SSI","13:43:01",31.7,0.3,1000,7409800,"S"
"SSI","13:42:59",31.7,0.3,2900,7408800,"S"
"SSI","13:42:55",31.7,0.3,2000,7405900,"S"
"SSI","13:42:51",31.65,0.25,5000,7403900,"B"
"SSI","13:42:51",31.7,0.3,6000,7398900,"S"
"SSI","13:42:43",31.65,0.25,15900,7392900,"S"
"SSI","13:42:41",31.65,0.25,3000,7377000,"S"
"SSI","13:42:40",31.65,0.25,52700,7374000,"S"
"SSI","13:42:39",31.65,0.25,65300,7321300,"S"
"SSI","13:42:38",31.65,0.25,12000,7256000,"S"
"SSI","13:42:37",31.65,0.25,2000,7244000,"S"
"SSI","13:42:37",31.65,0.25,5000,7242000,"S"
"SSI","13:42:36",31.65,0.25,5000,7237000,"S"
"SSI","13:42:35",31.65,0.25,2700,7232000,"S"
"SSI","13:42:34",31.65,0.25,3200,7229300,"S"
"SSI","13:42:31",31.65,0.25,5100,7226100,"S"
"SSI","13:42:30",31.65,0.25,3000,7221000,"S"
"SSI","13:42:29",31.65,0.25,50000,7218000,"S"
"SSI","13:42:26",31.65,0.25,500,7168000,"S"
"SSI","13:42:25",31.65,0.25,1700,7167500,"S"
"SSI","13:42:13",31.65,0.25,5100,7165800,"S"
"SSI","13:42:10",31.65,0.25,100,7160700,"S"
"SSI","13:42:10",31.6,0.2,5000,7160600,"B"
"SSI","13:42:05",31.65,0.25,400,7155600,"S"
"SSI","13:42:04",31.65,0.25,600,7155200,"S"
"SSI","13:42:04",31.6,0.2,5000,7154600,"B"
"SSI","13:42:02",31.6,0.2,600,7149600,"B"
"SSI","13:42:00",31.6,0.2,4900,7149000,"S"
"SSI","13:41:59",31.6,0.2,900,7144100,"S"
"SSI","13:41:59",31.6,0.2,14000,7143200,"S"
"SSI","13:41:57",31.6,0.2,1700,7129200,"S"
"SSI","13:41:56",31.6,0.2,8400,7127500,"S"
"SSI","13:41:54",31.6,0.2,500,7119100,"S"
"SSI","13:41:48",31.6,0.2,100000,7118600,"S"
"SSI","13:41:47",31.55,0.15,1000,7018600,"B"
"SSI","13:41:42",31.6,0.2,6600,7013500,"S"
"SSI","13:41:41",31.6,0.2,2000,7006900,"S"
"SSI","13:41:40",31.6,0.2,2800,7004900,"S"
"SSI","13:41:39",31.55,0.15,200,7002100,"B"
"SSI","13:41:35",31.6,0.2,3700,7001900,"S"
"SSI","13:41:34",31.55,0.15,800,6998200,"B"
"SSI","13:41:33",31.6,0.2,1700,6997400,"S"
"SSI","13:41:28",31.55,0.15,61400,6995700,"S"
"SSI","13:41:23",31.55,0.15,5100,6934300,"S"
"SSI","13:41:20",31.55,0.15,700,6929200,"S"
"SSI","13:41:17",31.55,0.15,2800,6928500,"S"
"SSI","13:41:17",31.55,0.15,4000,6925700,"S"
"SSI","13:41:12",31.5,0.1,10700,6921700,"B"
"SSI","13:41:05",31.55,0.15,1700,6911000,"S"
"SSI","13:41:04",31.55,0.15,800,6909300,"S"
"SSI","13:40:54",31.5,0.1,2000,6908500,"B"
"SSI","13:40:53",31.5,0.1,6000,6906500,"B"
"SSI","13:40:31",31.55,0.15,300,6900500,"S"
"SSI","13:40:29",31.5,0.1,1500,6900200,"B"
"SSI","13:40:17",31.5,0.1,200,6898700,"B"
"SSI","13:40:10",31.5,0.1,500,6898500,"B"
"SSI","13:40:05",31.5,0.1,1500,6898000,"B"
"SSI","13:39:54",31.5,0.1,1000,6896500,"B"
"SSI","13:39:50",31.55,0.15,5000,6895500,"S"
"SSI","13:39:47",31.55,0.15,200,6890500,"S"
"SSI","13:39:44",31.5,0.1,2500,6890300,"B"
"SSI","13:39:39",31.5,0.1,500,6887800,"B"
"SSI","13:39:07",31.5,0.1,1000,6887300,"B"
"SSI","13:38:54",31.55,0.15,500,6886300,"S"
"SSI","13:38:40",31.55,0.15,800,6885800,"S"
"SSI","13:38:38",31.5,0.1,5000,6885000,"B"
"SSI","13:38:29",31.55,0.15,1000,6880000,"S"
"SSI","13:38:28",31.5,0.1,5000,6879000,"B"
"SSI","13:38:23",31.5,0.1,5000,6874000,"B"
"SSI","13:38:18",31.5,0.1,200,6869000,"B"
"SSI","13:38:16",31.5,0.1,5000,6868800,"B"
"SSI","13:37:58",31.5,0.1,2000,6863800,"B"
"SSI","13:37:50",31.5,0.1,6000,6861800,"B"
"SSI","13:37:35",31.5,0.1,2000,6855800,"B"
"SSI","13:37:32",31.55,0.15,1500,6853800,"S"
"SSI","13:37:26",31.5,0.1,1000,6852300,"B"
"SSI","13:37:12",31.5,0.1,300,6851300,"B"
"SSI","13:37:12",31.55,0.15,400,6851000,"S"
"SSI","13:37:05",31.55,0.15,400,6850600,"B"
"SSI","13:37:05",31.55,0.15,1500,6850200,"B"
"SSI","13:37:02",31.55,0.15,1100,6848700,"S"
"SSI","13:37:01",31.55,0.15,900,6847600,"B"
"SSI","13:36:58",31.55,0.15,1000,6846700,"B"
"SSI","13:36:57",31.55,0.15,100,6845700,"S"
"SSI","13:36:53",31.55,0.15,400,6845600,"S"
"SSI","13:36:50",31.55,0.15,1100,6845200,"S"
"SSI","13:36:48",31.55,0.15,400,6844100,"B"
"SSI","13:36:45",31.55,0.15,4600,6843700,"S"
"SSI","13:36:32",31.55,0.15,500,6839100,"S"
"SSI","13:36:19",31.55,0.15,200,6838600,"S"
"SSI","13:36:13",31.55,0.15,700,6838400,"S"
"SSI","13:36:09",31.5,0.1,400,6837700,"B"
"SSI","13:36:07",31.55,0.15,300,6837300,"S"
"SSI","13:36:05",31.55,0.15,1000,6837000,"S"
"SSI","13:36:05",31.5,0.1,2000,6836000,"B"
"SSI","13:36:02",31.55,0.15,3000,6834000,"S"
"SSI","13:35:57",31.55,0.15,2100,6831000,"S"
"SSI","13:35:49",31.55,0.15,100,6828900,"S"
"SSI","13:35:46",31.55,0.15,2000,6828800,"S"
"SSI","13:35:40",31.55,0.15,2000,6826800,"S"
"SSI","13:35:38",31.55,0.15,1500,6824800,"S"
"SSI","13:35:37",31.55,0.15,100,6823300,"S"
"SSI","13:35:28",31.55,0.15,5000,6823200,"S"
"SSI","13:35:20",31.55,0.15,1000,6818200,"S"
"SSI","13:35:16",31.55,0.15,1000,6817200,"S"
"SSI","13:35:11",31.55,0.15,1000,6816200,"S"
"SSI","13:35:06",31.6,0.2,27900,6815200,"S"
"SSI","13:35:06",31.55,0.15,18300,6787300,"S"
"SSI","13:35:04",31.55,0.15,5000,6769000,"S"
"SSI","13:34:58",31.55,0.15,37700,6764000,"B"
"SSI","13:34:53",31.6,0.2,200,6726300,"S"
"SSI","13:34:52",31.6,0.2,200,6726100,"S"
"SSI","13:34:50",31.6,0.2,100,6725900,"S"
"SSI","13:34:39",31.55,0.15,10000,6725800,"B"
"SSI","13:34:38",31.55,0.15,200,6715800,"B"
"SSI","13:34:35",31.55,0.15,1000,6715600,"B"
"SSI","13:34:32",31.55,0.15,200,6714600,"B"
"SSI","13:34:31",31.55,0.15,500,6714400,"B"
"SSI","13:34:30",31.55,0.15,2000,6713900,"B"
"SSI","13:34:28",31.55,0.15,1000,6711900,"B"
"SSI","13:34:24",31.55,0.15,200,6710900,"B"
"SSI","13:34:23",31.55,0.15,4000,6710700,"B"
"SSI","13:34:23",31.6,0.2,700,6706700,"S"
"SSI","13:34:20",31.55,0.15,20000,6706000,"B"
"SSI","13:34:19",31.55,0.15,100,6686000,"B"
"SSI","13:34:12",31.6,0.2,100,6685900,"S"
"SSI","13:34:11",31.6,0.2,2000,6685800,"S"
"SSI","13:34:06",31.55,0.15,5000,6683800,"B"
"SSI","13:33:57",31.55,0.15,1600,6678800,"B"
"SSI","13:33:33",31.55,0.15,800,6677200,"B"
"SSI","13:33:32",31.55,0.15,100,6676400,"B"
"SSI","13:33:24",31.55,0.15,200,6676300,"B"
"SSI","13:33:22",31.55,0.15,1000,6676100,"B"
"SSI","13:33:18",31.55,0.15,2000,6675100,"B"
"SSI","13:33:12",31.55,0.15,10000,6673100,"B"
"SSI","13:33:08",31.55,0.15,500,6663100,"B"
"SSI","13:33:06",31.55,0.15,400,6662600,"B"
"SSI","13:33:02",31.55,0.15,200,6662200,"B"
"SSI","13:32:47",31.55,0.15,3800,6662000,"S"
"SSI","13:32:46",31.55,0.15,5500,6658200,"S"
"SSI","13:32:43",31.55,0.15,100,6652700,"S"
"SSI","13:32:40",31.55,0.15,200,6652600,"S"
"SSI","13:32:36",31.55,0.15,100,6652400,"S"
"SSI","13:32:35",31.55,0.15,5000,6652300,"S"
"SSI","13:32:25",31.5,0.1,600,6647300,"B"
"SSI","13:32:24",31.55,0.15,1000,6646700,"S"
"SSI","13:32:22",31.55,0.15,100,6645700,"S"
"SSI","13:32:20",31.55,0.15,1500,6645600,"S"
"SSI","13:32:18",31.55,0.15,5000,6644100,"S"
"SSI","13:32:17",31.55,0.15,1000,6639100,"S"
"SSI","13:32:16",31.55,0.15,1800,6638100,"S"
"SSI","13:32:14",31.55,0.15,10000,6636300,"S"
"SSI","13:32:13",31.55,0.15,7500,6626300,"S"
"SSI","13:32:11",31.55,0.15,700,6618800,"S"
"SSI","13:32:11",31.55,0.15,100,6618100,"S"
"SSI","13:32:10",31.55,0.15,1000,6618000,"S"
"SSI","13:32:10",31.55,0.15,200,6617000,"S"
"SSI","13:32:05",31.55,0.15,1100,6616800,"S"
"SSI","13:32:04",31.55,0.15,16000,6615700,"S"
"SSI","13:32:01",31.55,0.15,800,6599700,"S"
"SSI","13:31:56",31.55,0.15,100,6598900,"S"
"SSI","13:31:53",31.55,0.15,2000,6598800,"S"
"SSI","13:31:47",31.5,0.1,100,6596800,"B"
"SSI","13:31:43",31.55,0.15,100,6596700,"S"
"SSI","13:31:42",31.55,0.15,1000,6596600,"S"
"SSI","13:31:40",31.5,0.1,100,6595600,"B"
"SSI","13:31:38",31.55,0.15,2500,6595500,"S"
"SSI","13:31:38",31.5,0.1,200,6593000,"B"
"SSI","13:31:33",31.55,0.15,100,6592800,"S"
"SSI","13:31:31",31.55,0.15,500,6592700,"S"
"SSI","13:31:30",31.55,0.15,4200,6592200,"S"
"SSI","13:31:22",31.5,0.1,200,6588000,"B"
"SSI","13:31:18",31.5,0.1,200,6587800,"B"
"SSI","13:31:13",31.55,0.15,5000,6587600,"S"
"SSI","13:31:10",31.5,0.1,7800,6582600,"S"
"SSI","13:31:10",31.5,0.1,6400,6574800,"S"
"SSI","13:31:09",31.5,0.1,12200,6568400,"S"
"SSI","13:31:09",31.5,0.1,5000,6556200,"S"
"SSI","13:31:08",31.5,0.1,11500,6551200,"S"
"SSI","13:31:04",31.5,0.1,60000,6539700,"S"
"SSI","13:31:04",31.5,0.1,100,6479700,"S"
"SSI","13:31:03",31.5,0.1,2000,6479600,"S"
"SSI","13:31:02",31.5,0.1,2000,6477600,"S"
"SSI","13:31:01",31.5,0.1,5000,6475600,"S"
"SSI","13:31:00",31.5,0.1,15000,6470600,"S"
"SSI","13:30:59",31.5,0.1,12000,6455600,"S"
"SSI","13:30:58",31.5,0.1,300,6443600,"S"
"SSI","13:30:57",31.5,0.1,20000,6443300,"S"
"SSI","13:30:56",31.5,0.1,100,6423300,"S"
"SSI","13:30:55",31.5,0.1,2100,6423200,"S"
"SSI","13:30:52",31.5,0.1,20000,6421100,"S"
"SSI","13:30:48",31.5,0.1,8300,6401100,"S"
"SSI","13:30:47",31.45,0.05,100,6392800,"B"
"SSI","13:30:45",31.5,0.1,3400,6392700,"S"
"SSI","13:30:42",31.5,0.1,4500,6389300,"S"
"SSI","13:30:41",31.5,0.1,2000,6384800,"S"
"SSI","13:30:39",31.5,0.1,1900,6382800,"S"
"SSI","13:30:37",31.5,0.1,10000,6380900,"S"
"SSI","13:30:33",31.5,0.1,3000,6370900,"S"
"SSI","13:30:32",31.5,0.1,1700,6367900,"S"
"SSI","13:30:31",31.5,0.1,6800,6366200,"S"
"SSI","13:30:27",31.5,0.1,10000,6359400,"S"
"SSI","13:30:24",31.5,0.1,400,6349400,"S"
"SSI","13:30:18",31.5,0.1,11600,6349000,"S"
"SSI","13:30:14",31.45,0.05,3200,6337400,"B"
"SSI","13:30:02",31.5,0.1,10000,6334200,"S"
"SSI","13:29:49",31.45,0.05,1000,6324200,"B"
"SSI","13:29:41",31.5,0.1,5000,6323200,"S"
"SSI","13:29:37",31.45,0.05,800,6318200,"B"
"SSI","13:29:37",31.5,0.1,500,6317400,"S"
"SSI","13:29:03",31.5,0.1,1000,6316900,"S"
"SSI","13:29:03",31.45,0.05,500,6315900,"B"
"SSI","13:28:59",31.45,0.05,500,6315400,"B"
"SSI","13:28:37",31.5,0.1,100,6314900,"S"
"SSI","13:28:16",31.5,0.1,1000,6314800,"S"
"SSI","13:28:09",31.45,0.05,300,6313800,"B"
"SSI","13:28:01",31.5,0.1,1700,6313500,"S"
"SSI","13:27:55",31.5,0.1,1000,6311800,"S"
"SSI","13:27:53",31.45,0.05,200,6310800,"B"
"SSI","13:27:42",31.5,0.1,500,6310600,"S"
"SSI","13:27:40",31.5,0.1,1000,6310100,"S"
"SSI","13:27:36",31.5,0.1,3600,6309100,"S"
"SSI","13:27:14",31.5,0.1,1700,6305500,"S"
"SSI","13:27:05",31.45,0.05,400,6303800,"B"
"SSI","13:26:59",31.45,0.05,1000,6303400,"B"
"SSI","13:26:42",31.45,0.05,4800,6302400,"S"
"SSI","13:26:40",31.45,0.05,100,6297600,"S"
"SSI","13:26:34",31.45,0.05,300,6297500,"S"
"SSI","13:26:33",31.45,0.05,1000,6297200,"S"
"SSI","13:26:30",31.45,0.05,500,6296200,"S"
"SSI","13:26:22",31.45,0.05,100,6295700,"S"
"SSI","13:26:11",31.45,0.05,1000,6295600,"S"
"SSI","13:26:07",31.45,0.05,900,6294600,"S"
"SSI","13:26:04",31.45,0.05,5000,6293700,"S"
"SSI","13:26:04",31.45,0.05,5000,6288700,"S"
"SSI","13:26:03",31.45,0.05,10000,6283700,"S"
"SSI","13:26:00",31.45,0.05,3900,6273700,"S"
"SSI","13:25:48",31.4,0,300,6269800,"B"
"SSI","13:25:47",31.45,0.05,7000,6269500,"S"
"SSI","13:25:45",31.45,0.05,100,6262500,"S"
"SSI","13:25:36",31.45,0.05,1000,6262400,"S"
"SSI","13:25:07",31.45,0.05,5000,6261400,"S"
"SSI","13:25:05",31.45,0.05,100,6256400,"S"
"SSI","13:24:53",31.45,0.05,600,6256300,"S"
"SSI","13:24:50",31.45,0.05,900,6255700,"S"
"SSI","13:24:42",31.45,0.05,300,6254800,"S"
"SSI","13:24:41",31.45,0.05,300,6254500,"S"
"SSI","13:24:36",31.45,0.05,7600,6254200,"B"
"SSI","13:24:32",31.45,0.05,23000,6246600,"B"
"SSI","13:24:29",31.45,0.05,1300,6223600,"B"
"SSI","13:24:21",31.45,0.05,13000,6222300,"B"
"SSI","13:24:10",31.45,0.05,3000,6209300,"B"
"SSI","13:24:00",31.45,0.05,1400,6206300,"B"
"SSI","13:23:57",31.45,0.05,100,6204900,"B"
"SSI","13:23:55",31.45,0.05,1000,6204800,"B"
"SSI","13:23:37",31.45,0.05,1000,6203800,"B"
"SSI","13:23:20",31.45,0.05,3000,6202800,"B"
"SSI","13:23:14",31.45,0.05,10000,6199800,"B"
"SSI","13:23:13",31.45,0.05,5000,6189800,"B"
"SSI","13:22:58",31.45,0.05,500,6184800,"B"
"SSI","13:22:56",31.45,0.05,1000,6184300,"B"
"SSI","13:22:35",31.45,0.05,2000,6183300,"S"
"SSI","13:22:31",31.45,0.05,300,6181300,"S"
"SSI","13:22:28",31.45,0.05,5000,6181000,"S"
"SSI","13:22:21",31.45,0.05,5000,6176000,"S"
"SSI","13:22:16",31.45,0.05,50000,6171000,"S"
"SSI","13:22:14",31.45,0.05,600,6121000,"S"
"SSI","13:22:04",31.45,0.05,9700,6120400,"S"
"SSI","13:21:55",31.45,0.05,14000,6110700,"B"
"SSI","13:21:54",31.5,0.1,100,6096700,"S"
"SSI","13:21:43",31.5,0.1,1000,6096600,"S"
"SSI","13:21:39",31.45,0.05,13500,6095600,"B"
"SSI","13:21:31",31.5,0.1,10000,6082100,"S"
"SSI","13:21:29",31.45,0.05,200,6072100,"B"
"SSI","13:20:44",31.45,0.05,100,6071900,"B"
"SSI","13:20:33",31.45,0.05,100,6071800,"B"
"SSI","13:20:20",31.45,0.05,100,6071700,"B"
"SSI","13:20:17",31.45,0.05,500,6071600,"B"
"SSI","13:20:14",31.45,0.05,100,6071100,"B"
"SSI","13:20:09",31.45,0.05,3100,6071000,"B"
"SSI","13:20:02",31.5,0.1,200,6067900,"S"
"SSI","13:19:44",31.45,0.05,1000,6067700,"B"
"SSI","13:19:29",31.5,0.1,400,6066700,"S"
"SSI","13:19:25",31.45,0.05,2000,6066300,"B"
"SSI","13:19:19",31.45,0.05,2000,6064300,"B"
"SSI","13:19:11",31.45,0.05,2900,6062300,"S"
"SSI","13:19:11",31.45,0.05,1000,6059400,"S"
"SSI","13:19:09",31.45,0.05,100,6058400,"S"
"SSI","13:19:00",31.45,0.05,1700,6058300,"S"
"SSI","13:18:56",31.45,0.05,500,6056600,"S"
"SSI","13:18:46",31.45,0.05,300,6056100,"S"
"SSI","13:18:44",31.45,0.05,9200,6055800,"B"
"SSI","13:18:41",31.45,0.05,800,6046600,"S"
"SSI","13:18:39",31.45,0.05,100,6045800,"S"
"SSI","13:18:38",31.45,0.05,1900,6045700,"S"
"SSI","13:18:26",31.45,0.05,500,6043800,"S"
"SSI","13:18:17",31.45,0.05,7700,6043300,"B"
"SSI","13:17:58",31.45,0.05,2500,6035600,"S"
"SSI","13:17:49",31.45,0.05,300,6033100,"S"
"SSI","13:17:48",31.45,0.05,1000,6032800,"S"
"SSI","13:17:45",31.45,0.05,1000,6031800,"S"
"SSI","13:17:43",31.45,0.05,5000,6030800,"S"
"SSI","13:17:37",31.45,0.05,2500,6025800,"S"
"SSI","13:17:33",31.45,0.05,2000,6023300,"S"
"SSI","13:17:32",31.45,0.05,1000,6021300,"S"
"SSI","13:17:28",31.45,0.05,2000,6020300,"S"
"SSI","13:17:23",31.45,0.05,400,6018300,"S"
"SSI","13:17:23",31.45,0.05,700,6017900,"S"
"SSI","13:17:18",31.45,0.05,100,6017200,"S"
"SSI","13:17:13",31.45,0.05,1000,6017100,"S"
"SSI","13:17:13",31.45,0.05,300,6016100,"S"
"SSI","13:17:01",31.45,0.05,200,6015800,"S"
"SSI","13:16:53",31.45,0.05,1000,6015600,"S"
"SSI","13:16:51",31.45,0.05,5700,6014600,"S"
"SSI","13:16:44",31.45,0.05,1000,6008900,"S"
"SSI","13:16:30",31.45,0.05,15700,6007900,"S"
"SSI","13:16:25",31.45,0.05,100,5992200,"S"
"SSI","13:16:25",31.45,0.05,1000,5992100,"S"
"SSI","13:16:15",31.45,0.05,10000,5991100,"S"
"SSI","13:16:10",31.45,0.05,2500,5981100,"S"
"SSI","13:16:03",31.45,0.05,5000,5978600,"S"
"SSI","13:16:02",31.45,0.05,500,5973600,"S"
"SSI","13:15:56",31.45,0.05,4200,5973100,"S"
"SSI","13:15:19",31.45,0.05,100,5968900,"S"
"SSI","13:15:08",31.4,0,5800,5968800,"S"
"SSI","13:15:07",31.4,0,10000,5963000,"S"
"SSI","13:15:04",31.4,0,3000,5953000,"S"
"SSI","13:15:02",31.4,0,1300,5950000,"S"
"SSI","13:14:57",31.4,0,100,5948700,"S"
"SSI","13:14:55",31.4,0,100,5948600,"S"
"SSI","13:14:54",31.4,0,2500,5948500,"S"
"SSI","13:14:36",31.4,0,1000,5946000,"S"
"SSI","13:14:35",31.4,0,70900,5940000,"B"
"SSI","13:14:34",31.4,0,100,5869100,"B"
"SSI","13:14:33",31.4,0,500,5869000,"B"
"SSI","13:14:03",31.4,0,6200,5868500,"S"
"SSI","13:13:58",31.4,0,5000,5862300,"S"
"SSI","13:13:57",31.4,0,100,5857300,"S"
"SSI","13:13:56",31.4,0,4900,5857200,"S"
"SSI","13:13:54",31.4,0,300,5852300,"S"
"SSI","13:13:52",31.4,0,15000,5852000,"S"
"SSI","13:13:47",31.4,0,1000,5837000,"S"
"SSI","13:13:46",31.4,0,200,5836000,"S"
"SSI","13:13:39",31.4,0,5000,5835800,"S"
"SSI","13:13:38",31.4,0,600,5830800,"S"
"SSI","13:13:33",31.4,0,500,5830200,"S"
"SSI","13:13:31",31.4,0,1000,5829700,"S"
"SSI","13:13:29",31.4,0,2000,5828700,"S"
"SSI","13:13:26",31.4,0,1000,5826700,"S"
"SSI","13:13:20",31.4,0,5000,5825700,"S"
"SSI","13:13:20",31.35,-0.05,100,5820700,"B"
"SSI","13:13:16",31.4,0,2000,5820600,"S"
"SSI","13:13:14",31.4,0,100,5818600,"S"
"SSI","13:13:01",31.4,0,95200,5818500,"B"
"SSI","13:13:00",31.45,0.05,500,5723300,"S"
"SSI","13:12:24",31.4,0,100,5722800,"B"
"SSI","13:12:17",31.45,0.05,3400,5722700,"S"
"SSI","13:11:51",31.4,0,5000,5719300,"B"
"SSI","13:11:29",31.4,0,42300,5714300,"S"
"SSI","13:11:25",31.4,0,2000,5672000,"S"
"SSI","13:11:18",31.4,0,4000,5670000,"S"
"SSI","13:11:10",31.4,0,600,5666000,"S"
"SSI","13:11:00",31.4,0,5100,5665400,"S"
"SSI","13:10:53",31.4,0,2100,5660300,"S"
"SSI","13:10:52",31.4,0,200,5658200,"S"
"SSI","13:10:43",31.4,0,400,5658000,"S"
"SSI","13:10:27",31.35,-0.05,600,5657600,"B"
"SSI","13:09:58",31.4,0,1000,5657000,"S"
"SSI","13:09:24",31.4,0,900,5656000,"B"
"SSI","13:09:14",31.4,0,200,5655100,"B"
"SSI","13:09:06",31.4,0,8500,5654900,"B"
"SSI","13:09:03",31.4,0,100,5646400,"S"
"SSI","13:08:55",31.4,0,3500,5646300,"B"
"SSI","13:08:55",31.4,0,15700,5642800,"B"
"SSI","13:08:54",31.4,0,1000,5627100,"B"
"SSI","13:08:53",31.4,0,200,5626100,"B"
"SSI","13:08:52",31.4,0,10000,5625900,"B"
"SSI","13:08:35",31.4,0,500,5615900,"B"
"SSI","13:08:28",31.4,0,900,5615400,"B"
"SSI","13:08:20",31.45,0.05,100,5614500,"S"
"SSI","13:08:09",31.4,0,200,5614400,"S"
"SSI","13:08:08",31.4,0,500,5614200,"S"
"SSI","13:08:07",31.4,0,20000,5613700,"S"
"SSI","13:08:06",31.4,0,300,5593700,"S"
"SSI","13:08:00",31.4,0,300,5593400,"S"
"SSI","13:07:58",31.4,0,1000,5593100,"S"
"SSI","13:07:53",31.4,0,1800,5592100,"S"
"SSI","13:07:50",31.4,0,200,5590300,"S"
"SSI","13:07:23",31.35,-0.05,200,5590100,"B"
"SSI","13:07:20",31.35,-0.05,1400,5589900,"S"
"SSI","13:07:19",31.35,-0.05,1200,5588500,"S"
"SSI","13:07:18",31.35,-0.05,5000,5587300,"S"
"SSI","13:07:17",31.35,-0.05,100,5582300,"S"
"SSI","13:07:15",31.35,-0.05,4100,5582200,"S"
"SSI","13:07:13",31.35,-0.05,100,5578100,"S"
"SSI","13:07:12",31.35,-0.05,100,5578000,"S"
"SSI","13:07:12",31.35,-0.05,900,5577900,"S"
"SSI","13:07:09",31.35,-0.05,10000,5577000,"S"
"SSI","13:07:07",31.35,-0.05,46500,5567000,"S"
"SSI","13:07:02",31.35,-0.05,1000,5520500,"S"
"SSI","13:07:02",31.35,-0.05,200,5519500,"S"
"SSI","13:07:00",31.35,-0.05,200,5519300,"S"
"SSI","13:06:58",31.3,-0.1,3000,5519100,"B"
"SSI","13:06:57",31.35,-0.05,1000,5516100,"S"
"SSI","13:06:53",31.35,-0.05,100,5515100,"S"
"SSI","13:06:48",31.35,-0.05,300,5515000,"S"
"SSI","13:06:38",31.35,-0.05,8600,5514700,"S"
"SSI","13:06:35",31.35,-0.05,1000,5506100,"S"
"SSI","13:06:34",31.35,-0.05,2000,5505100,"S"
"SSI","13:06:31",31.35,-0.05,100,5503100,"S"
"SSI","13:06:27",31.35,-0.05,10100,5503000,"S"
"SSI","13:06:21",31.35,-0.05,500,5492900,"S"
"SSI","13:06:15",31.4,0,9000,5492400,"S"
"SSI","13:06:09",31.4,0,2100,5483400,"S"
"SSI","13:06:09",31.35,-0.05,500,5481300,"S"
"SSI","13:06:03",31.35,-0.05,41200,5480800,"B"
"SSI","13:06:02",31.4,0,1500,5439600,"S"
"SSI","13:06:01",31.4,0,150300,5438100,"B"
"SSI","13:06:00",31.4,0,19200,5287800,"B"
"SSI","13:05:59",31.45,0.05,500,5268600,"S"
"SSI","13:05:56",31.45,0.05,500,5268100,"S"
"SSI","13:05:56",31.45,0.05,4200,5267600,"S"
"SSI","13:05:48",31.4,0,15000,5263400,"B"
"SSI","13:05:28",31.45,0.05,800,5248400,"S"
"SSI","13:05:16",31.45,0.05,10000,5247600,"S"
"SSI","13:05:13",31.45,0.05,11800,5237600,"S"
"SSI","13:05:11",31.45,0.05,1000,5225800,"S"
"SSI","13:05:09",31.4,0,2000,5224800,"B"
"SSI","13:04:47",31.45,0.05,500,5222800,"S"
"SSI","13:04:40",31.45,0.05,100,5222300,"S"
"SSI","13:04:35",31.45,0.05,100,5222200,"S"
"SSI","13:04:32",31.45,0.05,1000,5222100,"S"
"SSI","13:04:30",31.45,0.05,3800,5221100,"S"
"SSI","13:04:29",31.45,0.05,500,5217300,"S"
"SSI","13:04:28",31.45,0.05,100,5216800,"S"
"SSI","13:04:16",31.45,0.05,100,5216700,"S"
"SSI","13:04:09",31.45,0.05,1700,5216600,"S"
"SSI","13:03:59",31.45,0.05,200,5214900,"S"
"SSI","13:03:54",31.45,0.05,7200,5214700,"S"
"SSI","13:03:54",31.45,0.05,2000,5207500,"S"
"SSI","13:03:49",31.45,0.05,100,5205500,"S"
"SSI","13:03:47",31.45,0.05,100,5205400,"S"
"SSI","13:03:44",31.45,0.05,500,5205300,"S"
"SSI","13:03:32",31.45,0.05,5000,5204800,"S"
"SSI","13:03:17",31.45,0.05,300,5199800,"S"
"SSI","13:03:16",31.45,0.05,10700,5199500,"B"
"SSI","13:03:15",31.45,0.05,4500,5188800,"B"
"SSI","13:03:10",31.45,0.05,500,5184300,"B"
"SSI","13:03:10",31.45,0.05,600,5183800,"B"
"SSI","13:03:09",31.45,0.05,2000,5183200,"B"
"SSI","13:03:05",31.45,0.05,500,5181200,"B"
"SSI","13:03:03",31.45,0.05,18800,5180700,"B"
"SSI","13:03:02",31.45,0.05,100,5161900,"B"
"SSI","13:03:01",31.45,0.05,1000,5161800,"B"
"SSI","13:02:57",31.45,0.05,200,5160800,"B"
"SSI","13:02:28",31.45,0.05,200,5160600,"B"
"SSI","13:02:19",31.45,0.05,500,5160400,"B"
"SSI","13:02:18",31.45,0.05,100,5159900,"B"
"SSI","13:02:16",31.45,0.05,100,5159800,"B"
"SSI","13:02:15",31.45,0.05,1000,5159700,"B"
"SSI","13:02:13",31.45,0.05,200,5158700,"B"
"SSI","13:02:09",31.45,0.05,18400,5158500,"B"
"SSI","13:02:06",31.45,0.05,300,5140100,"B"
"SSI","13:01:56",31.45,0.05,1000,5139800,"B"
"SSI","13:01:41",31.45,0.05,200,5138800,"B"
"SSI","13:01:27",31.45,0.05,53400,5138600,"B"
"SSI","13:01:25",31.45,0.05,100,5085200,"B"
"SSI","13:01:24",31.45,0.05,500,5085100,"B"
"SSI","13:01:22",31.45,0.05,200,5084600,"B"
"SSI","13:01:21",31.45,0.05,600,5084400,"B"
"SSI","13:01:18",31.45,0.05,300,5083800,"B"
"SSI","13:01:17",31.45,0.05,3300,5083500,"B"
"SSI","13:01:16",31.45,0.05,13300,5080200,"B"
"SSI","13:01:12",31.45,0.05,100,5066900,"B"
"SSI","13:01:07",31.45,0.05,100,5066800,"B"
"SSI","13:01:01",31.45,0.05,1100,5066700,"B"
"SSI","13:00:55",31.45,0.05,500,5065600,"B"
"SSI","13:00:51",31.5,0.1,5000,5065100,"S"
"SSI","13:00:32",31.45,0.05,100,5060100,"B"
"SSI","13:00:19",31.5,0.1,500,5060000,"S"
"SSI","13:00:18",31.5,0.1,100,5059500,"S"
"SSI","13:00:15",31.5,0.1,4200,5059400,"S"
"SSI","13:00:09",31.45,0.05,100,5055200,"B"
"SSI","13:00:05",31.5,0.1,200,5055100,"S"
"SSI","13:00:04",31.45,0.05,600,5054900,"B"
"SSI","13:00:03",31.5,0.1,1000,5053800,"S"
"SSI","13:00:01",31.5,0.1,25100,5052800,"S"
"SSI","13:00:01",31.45,0.05,7500,5027700,"B"
"SSI","13:00:00",31.45,0.05,1300,5020000,"B"
"SSI","13:00:00",31.5,0.1,900,5018700,"S"
"SSI","13:00:00",31.45,0.05,2500,5017800,"B"
"SSI","13:00:00",31.5,0.1,1300,5015300,"S"
"SSI","13:00:00",31.45,0.05,2200,5014000,"B"
"SSI","13:00:00",31.45,0.05,4000,5011700,"B"
"SSI","13:00:00",31.5,0.1,600,5007700,"S"
"SSI","11:29:46",31.5,0.1,500,5007100,"S"
"SSI","11:29:37",31.5,0.1,100,5006600,"S"
"SSI","11:29:12",31.5,0.1,100,5006500,"S"
"SSI","11:29:12",31.45,0.05,500,5006400,"B"
"SSI","11:29:04",31.5,0.1,200,5005900,"S"
"SSI","11:28:36",31.5,0.1,1500,5005700,"S"
"SSI","11:28:35",31.45,0.05,200,5004200,"B"
"SSI","11:28:00",31.5,0.1,400,5004000,"S"
"SSI","11:27:59",31.45,0.05,500,5003600,"B"
"SSI","11:26:20",31.5,0.1,100,5003100,"S"
"SSI","11:26:09",31.5,0.1,1000,5003000,"S"
"SSI","11:26:03",31.5,0.1,300,5002000,"S"
"SSI","11:25:52",31.5,0.1,2000,5001700,"S"
"SSI","11:25:21",31.5,0.1,1400,4999700,"B"
"SSI","11:25:19",31.5,0.1,2000,4998300,"B"
"SSI","11:25:17",31.5,0.1,500,4996300,"B"
"SSI","11:25:15",31.5,0.1,2000,4995800,"B"
"SSI","11:25:05",31.5,0.1,15000,4993800,"B"
"SSI","11:24:58",31.5,0.1,300,4978800,"B"
"SSI","11:24:54",31.5,0.1,100,4978500,"B"
"SSI","11:24:48",31.5,0.1,17800,4978400,"B"
"SSI","11:24:40",31.5,0.1,200,4960600,"B"
"SSI","11:24:36",31.5,0.1,500,4960400,"B"
"SSI","11:24:35",31.5,0.1,5000,4959900,"B"
"SSI","11:24:33",31.5,0.1,7100,4954900,"B"
"SSI","11:24:28",31.5,0.1,10000,4947800,"B"
"SSI","11:24:27",31.5,0.1,5000,4937800,"B"
"SSI","11:24:06",31.5,0.1,800,4932800,"B"
"SSI","11:23:30",31.5,0.1,1000,4932000,"B"
"SSI","11:23:15",31.5,0.1,100,4931000,"B"
"SSI","11:21:49",31.5,0.1,1000,4930900,"B"
"SSI","11:21:36",31.55,0.15,14000,4929900,"S"
"SSI","11:21:19",31.5,0.1,200,4915900,"B"
"SSI","11:21:13",31.55,0.15,200,4915700,"S"
"SSI","11:20:56",31.5,0.1,1000,4915500,"B"
"SSI","11:20:14",31.5,0.1,4800,4914500,"B"
"SSI","11:20:13",31.55,0.15,1000,4909700,"S"
"SSI","11:20:13",31.5,0.1,100,4908700,"B"
"SSI","11:20:03",31.55,0.15,500,4908600,"S"
"SSI","11:19:16",31.55,0.15,200,4908100,"S"
"SSI","11:19:15",31.5,0.1,200,4907900,"B"
"SSI","11:19:08",31.5,0.1,1500,4907700,"B"
"SSI","11:18:57",31.5,0.1,400,4906200,"B"
"SSI","11:18:30",31.55,0.15,7700,4905800,"S"
"SSI","11:18:24",31.5,0.1,3000,4898100,"B"
"SSI","11:18:21",31.5,0.1,500,4895100,"B"
"SSI","11:18:13",31.5,0.1,1000,4894600,"B"
"SSI","11:18:06",31.5,0.1,1100,4893600,"B"
"SSI","11:17:41",31.5,0.1,100,4892500,"B"
"SSI","11:17:34",31.5,0.1,500,4892400,"B"
"SSI","11:17:31",31.5,0.1,10000,4891900,"B"
"SSI","11:17:10",31.55,0.15,300,4881900,"S"
"SSI","11:17:03",31.5,0.1,200,4881600,"B"
"SSI","11:16:45",31.5,0.1,500,4881400,"B"
"SSI","11:16:31",31.55,0.15,5100,4880900,"S"
"SSI","11:15:57",31.55,0.15,300,4875800,"S"
"SSI","11:15:36",31.5,0.1,200,4875500,"S"
"SSI","11:15:04",31.5,0.1,200,4875300,"B"
"SSI","11:15:04",31.55,0.15,300,4875100,"S"
"SSI","11:14:42",31.5,0.1,100,4874800,"B"
"SSI","11:14:41",31.5,0.1,300,4874700,"S"
"SSI","11:14:36",31.5,0.1,20000,4874400,"S"
"SSI","11:14:15",31.5,0.1,500,4854400,"S"
"SSI","11:14:00",31.5,0.1,100,4853900,"S"
"SSI","11:13:59",31.5,0.1,100,4853800,"S"
"SSI","11:13:58",31.45,0.05,200,4853700,"B"
"SSI","11:13:55",31.5,0.1,10000,4853500,"S"
"SSI","11:13:54",31.5,0.1,800,4843500,"S"
"SSI","11:13:43",31.5,0.1,5000,4842700,"S"
"SSI","11:13:39",31.5,0.1,100,4837700,"S"
"SSI","11:13:34",31.5,0.1,300,4837600,"S"
"SSI","11:13:19",31.5,0.1,900,4837300,"S"
"SSI","11:13:01",31.5,0.1,300,4836400,"S"
"SSI","11:12:51",31.45,0.05,100,4836100,"B"
"SSI","11:12:31",31.5,0.1,1000,4836000,"S"
"SSI","11:12:24",31.5,0.1,1500,4835000,"B"
"SSI","11:12:22",31.5,0.1,200,4833500,"B"
"SSI","11:12:16",31.5,0.1,2000,4833300,"B"
"SSI","11:12:13",31.5,0.1,2000,4831300,"B"
"SSI","11:12:03",31.5,0.1,50900,4829300,"B"
"SSI","11:11:41",31.5,0.1,300,4778400,"B"
"SSI","11:11:38",31.5,0.1,100,4778100,"B"
"SSI","11:11:18",31.5,0.1,100,4778000,"B"
"SSI","11:10:36",31.5,0.1,500,4777900,"B"
"SSI","11:10:31",31.5,0.1,100,4777400,"B"
"SSI","11:09:53",31.55,0.15,5100,4777300,"S"
"SSI","11:09:52",31.5,0.1,400,4772200,"B"
"SSI","11:09:51",31.5,0.1,600,4771800,"B"
"SSI","11:09:17",31.55,0.15,900,4771200,"S"
"SSI","11:09:17",31.5,0.1,5100,4770300,"B"
"SSI","11:09:15",31.5,0.1,100,4765200,"B"
"SSI","11:09:14",31.55,0.15,1000,4765100,"S"
"SSI","11:09:11",31.5,0.1,4000,4764100,"B"
"SSI","11:08:51",31.5,0.1,2000,4760100,"B"
"SSI","11:08:28",31.5,0.1,100,4758100,"B"
"SSI","11:08:04",31.5,0.1,10000,4758000,"B"
"SSI","11:07:42",31.55,0.15,1100,4748000,"S"
"SSI","11:07:31",31.55,0.15,2500,4746900,"S"
"SSI","11:07:22",31.55,0.15,500,4744400,"S"
"SSI","11:07:19",31.55,0.15,4200,4743900,"S"
"SSI","11:06:47",31.5,0.1,30200,4739700,"S"
"SSI","11:06:35",31.5,0.1,2800,4709500,"S"
"SSI","11:06:29",31.5,0.1,300,4706700,"S"
"SSI","11:06:23",31.5,0.1,5000,4706400,"S"
"SSI","11:06:13",31.45,0.05,100,4701400,"B"
"SSI","11:05:50",31.5,0.1,100,4701300,"S"
"SSI","11:05:15",31.45,0.05,1000,4701200,"B"
"SSI","11:04:55",31.45,0.05,100,4700200,"B"
"SSI","11:04:54",31.45,0.05,1000,4700100,"B"
"SSI","11:04:26",31.45,0.05,2800,4699100,"B"
"SSI","11:04:05",31.45,0.05,500,4696300,"S"
"SSI","11:04:04",31.45,0.05,5000,4695800,"S"
"SSI","11:04:02",31.45,0.05,200,4690800,"S"
"SSI","11:03:58",31.45,0.05,7000,4690600,"S"
"SSI","11:03:55",31.45,0.05,400,4683600,"S"
"SSI","11:03:53",31.45,0.05,1600,4683200,"S"
"SSI","11:03:45",31.45,0.05,1000,4681600,"S"
"SSI","11:03:33",31.45,0.05,200,4680600,"S"
"SSI","11:03:30",31.45,0.05,1000,4680400,"S"
"SSI","11:03:24",31.45,0.05,5000,4679400,"S"
"SSI","11:03:10",31.45,0.05,1000,4674400,"S"
"SSI","11:02:59",31.45,0.05,3000,4673400,"S"
"SSI","11:02:54",31.45,0.05,100,4670400,"S"
"SSI","11:02:53",31.45,0.05,3000,4670300,"S"
"SSI","11:02:42",31.45,0.05,3000,4667300,"S"
"SSI","11:02:38",31.45,0.05,500,4664300,"S"
"SSI","11:02:33",31.45,0.05,800,4663800,"S"
"SSI","11:02:25",31.45,0.05,1000,4663000,"S"
"SSI","11:02:17",31.45,0.05,800,4662000,"S"
"SSI","11:02:10",31.4,0,2000,4661200,"B"
"SSI","11:01:33",31.45,0.05,100,4659200,"S"
"SSI","11:01:17",31.45,0.05,1000,4659100,"S"
"SSI","11:00:55",31.45,0.05,400,4658100,"S"
"SSI","11:00:48",31.45,0.05,300,4657700,"S"
"SSI","11:00:42",31.45,0.05,300,4657400,"S"
"SSI","11:00:39",31.45,0.05,500,4657100,"S"
"SSI","11:00:36",31.45,0.05,10100,4656600,"S"
"SSI","11:00:15",31.45,0.05,500,4646500,"S"
"SSI","11:00:00",31.45,0.05,31800,4646000,"B"
"SSI","10:59:59",31.45,0.05,40000,4614200,"B"
"SSI","10:59:53",31.5,0.1,10000,4574200,"S"
"SSI","10:59:50",31.5,0.1,1500,4564200,"S"
"SSI","10:59:32",31.5,0.1,76100,4562700,"B"
"SSI","10:59:28",31.55,0.15,100,4486600,"S"
"SSI","10:59:24",31.55,0.15,4900,4486500,"S"
"SSI","10:59:24",31.5,0.1,100,4481600,"B"
"SSI","10:59:12",31.5,0.1,400,4481500,"B"
"SSI","10:59:03",31.5,0.1,200,4481100,"B"
"SSI","10:58:51",31.5,0.1,200,4480900,"B"
"SSI","10:58:45",31.5,0.1,1900,4480700,"B"
"SSI","10:58:40",31.5,0.1,1300,4478800,"B"
"SSI","10:58:26",31.5,0.1,500,4477500,"B"
"SSI","10:57:55",31.5,0.1,4000,4477000,"B"
"SSI","10:57:52",31.55,0.15,200,4473000,"S"
"SSI","10:57:48",31.5,0.1,700,4472800,"B"
"SSI","10:57:37",31.55,0.15,4000,4472100,"S"
"SSI","10:57:18",31.55,0.15,5100,4468100,"S"
"SSI","10:57:16",31.55,0.15,1000,4463000,"S"
"SSI","10:56:27",31.55,0.15,37900,4462000,"B"
"SSI","10:56:20",31.55,0.15,5000,4424100,"B"
"SSI","10:56:18",31.55,0.15,3000,4419100,"B"
"SSI","10:56:04",31.6,0.2,500,4416100,"S"
"SSI","10:55:16",31.6,0.2,1500,4415600,"S"
"SSI","10:55:14",31.6,0.2,1000,4414100,"S"
"SSI","10:55:02",31.6,0.2,500,4413100,"S"
"SSI","10:54:52",31.55,0.15,500,4412600,"B"
"SSI","10:54:37",31.55,0.15,3000,4412100,"B"
"SSI","10:54:36",31.6,0.2,600,4409100,"S"
"SSI","10:54:34",31.6,0.2,500,4408500,"S"
"SSI","10:54:32",31.6,0.2,10000,4408000,"S"
"SSI","10:53:57",31.55,0.15,3400,4398000,"B"
"SSI","10:53:53",31.6,0.2,1000,4394600,"S"
"SSI","10:53:48",31.6,0.2,100,4393600,"S"
"SSI","10:53:40",31.6,0.2,44800,4393500,"B"
"SSI","10:53:37",31.6,0.2,300,4348700,"B"
"SSI","10:53:25",31.6,0.2,4500,4348400,"B"
"SSI","10:53:19",31.6,0.2,200,4343900,"B"
"SSI","10:53:18",31.6,0.2,5000,4343700,"B"
"SSI","10:52:37",31.6,0.2,3400,4338700,"B"
"SSI","10:52:30",31.65,0.25,200,4335300,"S"
"SSI","10:52:11",31.6,0.2,500,4335100,"B"
"SSI","10:51:58",31.65,0.25,5000,4334600,"S"
"SSI","10:51:55",31.6,0.2,4000,4329600,"B"
"SSI","10:51:54",31.65,0.25,1300,4325600,"S"
"SSI","10:51:54",31.65,0.25,1200,4324300,"S"
"SSI","10:51:54",31.6,0.2,700,4323100,"B"
"SSI","10:51:51",31.65,0.25,400,4322400,"S"
"SSI","10:51:49",31.65,0.25,100,4322000,"S"
"SSI","10:51:47",31.6,0.2,200,4321900,"B"
"SSI","10:51:46",31.65,0.25,4200,4321700,"S"
"SSI","10:51:43",31.65,0.25,500,4317500,"S"
"SSI","10:51:42",31.6,0.2,7900,4317000,"B"
"SSI","10:51:37",31.65,0.25,100,4309100,"S"
"SSI","10:51:18",31.6,0.2,32400,4309000,"S"
"SSI","10:51:15",31.6,0.2,100,4276600,"S"
"SSI","10:51:14",31.6,0.2,5000,4276500,"S"
"SSI","10:51:14",31.55,0.15,23000,4271500,"B"
"SSI","10:51:13",31.6,0.2,17000,4248500,"S"
"SSI","10:51:06",31.6,0.2,6000,4231500,"S"
"SSI","10:51:03",31.6,0.2,1000,4225500,"S"
"SSI","10:51:02",31.6,0.2,500,4224500,"S"
"SSI","10:51:00",31.6,0.2,100,4224000,"S"
"SSI","10:50:59",31.6,0.2,5000,4223900,"S"
"SSI","10:50:58",31.6,0.2,50000,4218900,"S"
"SSI","10:50:49",31.6,0.2,65500,4168900,"S"
"SSI","10:50:49",31.6,0.2,1100,4103400,"S"
"SSI","10:50:44",31.55,0.15,3400,4102300,"B"
"SSI","10:50:39",31.6,0.2,25000,4098900,"S"
"SSI","10:50:30",31.6,0.2,100,4073900,"S"
"SSI","10:50:21",31.6,0.2,5000,4073800,"S"
"SSI","10:50:20",31.6,0.2,9000,4068800,"S"
"SSI","10:50:18",31.55,0.15,2000,4059800,"B"
"SSI","10:50:06",31.6,0.2,2000,4057800,"S"
"SSI","10:50:05",31.6,0.2,10000,4055800,"S"
"SSI","10:50:02",31.6,0.2,10000,4045800,"S"
"SSI","10:50:00",31.6,0.2,500,4035800,"S"
"SSI","10:49:59",31.55,0.15,1000,4035300,"B"
"SSI","10:49:58",31.6,0.2,100,4034300,"S"
"SSI","10:49:45",31.6,0.2,500,4034200,"S"
"SSI","10:49:45",31.6,0.2,300,4033700,"S"
"SSI","10:49:38",31.6,0.2,1000,4033400,"S"
"SSI","10:49:29",31.6,0.2,700,4032400,"S"
"SSI","10:49:23",31.6,0.2,300,4031700,"S"
"SSI","10:49:21",31.6,0.2,300,4031400,"S"
"SSI","10:48:55",31.6,0.2,1300,4031100,"S"
"SSI","10:48:53",31.6,0.2,400,4029800,"S"
"SSI","10:48:50",31.55,0.15,1000,4029400,"B"
"SSI","10:48:40",31.6,0.2,100,4028400,"S"
"SSI","10:48:32",31.55,0.15,1000,4028300,"B"
"SSI","10:47:49",31.55,0.15,700,4027300,"B"
"SSI","10:47:33",31.55,0.15,34100,4026600,"S"
"SSI","10:47:32",31.55,0.15,1000,3992500,"S"
"SSI","10:47:31",31.55,0.15,300,3991500,"S"
"SSI","10:47:13",31.55,0.15,800,3991200,"S"
"SSI","10:47:12",31.55,0.15,500,3990400,"S"
"SSI","10:46:55",31.55,0.15,100,3989900,"S"
"SSI","10:46:52",31.55,0.15,3000,3989800,"S"
"SSI","10:46:48",31.55,0.15,600,3986800,"S"
"SSI","10:46:42",31.55,0.15,5000,3986200,"S"
"SSI","10:46:33",31.55,0.15,5000,3981200,"S"
"SSI","10:46:28",31.55,0.15,5000,3976200,"S"
"SSI","10:46:26",31.55,0.15,300,3971200,"S"
"SSI","10:46:17",31.5,0.1,5000,3970900,"B"
"SSI","10:46:06",31.55,0.15,200,3965900,"S"
"SSI","10:45:49",31.55,0.15,1000,3965700,"S"
"SSI","10:45:48",31.55,0.15,2800,3964700,"S"
"SSI","10:45:37",31.55,0.15,2000,3961900,"S"
"SSI","10:45:37",31.55,0.15,200,3959900,"S"
"SSI","10:45:35",31.55,0.15,200,3959700,"S"
"SSI","10:45:26",31.55,0.15,2000,3959500,"S"
"SSI","10:45:25",31.55,0.15,7000,3957500,"S"
"SSI","10:45:15",31.55,0.15,100,3950500,"S"
"SSI","10:45:07",31.55,0.15,5000,3950400,"S"
"SSI","10:45:04",31.5,0.1,1000,3945400,"B"
"SSI","10:44:57",31.5,0.1,5500,3944400,"B"
"SSI","10:44:45",31.5,0.1,14600,3938900,"S"
"SSI","10:44:44",31.5,0.1,25000,3924300,"S"
"SSI","10:44:42",31.5,0.1,100,3899300,"S"
"SSI","10:44:40",31.5,0.1,100,3899200,"S"
"SSI","10:44:39",31.5,0.1,1000,3899100,"S"
"SSI","10:44:38",31.5,0.1,200,3898100,"S"
"SSI","10:44:36",31.5,0.1,2500,3897900,"S"
"SSI","10:44:26",31.5,0.1,1000,3895400,"S"
"SSI","10:44:25",31.5,0.1,200,3894400,"S"
"SSI","10:44:12",31.5,0.1,100,3894200,"S"
"SSI","10:43:32",31.5,0.1,500,3894100,"S"
"SSI","10:43:31",31.5,0.1,100,3893600,"S"
"SSI","10:43:09",31.5,0.1,100,3893500,"S"
"SSI","10:43:07",31.45,0.05,1000,3893400,"B"
"SSI","10:43:01",31.45,0.05,800,3892400,"B"
"SSI","10:42:38",31.45,0.05,3400,3891600,"B"
"SSI","10:42:06",31.45,0.05,3400,3888200,"B"
"SSI","10:41:36",31.45,0.05,500,3884800,"B"
"SSI","10:41:35",31.45,0.05,5000,3884300,"B"
"SSI","10:41:34",31.45,0.05,500,3879300,"B"
"SSI","10:41:22",31.45,0.05,3400,3878800,"B"
"SSI","10:41:18",31.45,0.05,600,3875400,"B"
"SSI","10:41:08",31.45,0.05,1000,3874800,"B"
"SSI","10:40:58",31.45,0.05,200,3873800,"B"
"SSI","10:40:45",31.45,0.05,4000,3873600,"B"
"SSI","10:40:42",31.45,0.05,1200,3869600,"B"
"SSI","10:40:38",31.45,0.05,300,3868400,"B"
"SSI","10:40:33",31.45,0.05,50000,3868100,"B"
"SSI","10:40:30",31.45,0.05,6000,3818100,"B"
"SSI","10:40:19",31.45,0.05,5000,3812100,"B"
"SSI","10:39:56",31.45,0.05,50000,3807100,"B"
"SSI","10:39:50",31.45,0.05,500,3757100,"B"
"SSI","10:39:49",31.5,0.1,400,3756600,"S"
"SSI","10:39:45",31.5,0.1,1000,3756200,"S"
"SSI","10:39:45",31.5,0.1,1000,3755200,"S"
"SSI","10:39:42",31.45,0.05,3400,3754200,"B"
"SSI","10:39:39",31.5,0.1,200,3750800,"S"
"SSI","10:39:20",31.5,0.1,11900,3750600,"B"
"SSI","10:39:18",31.5,0.1,6000,3738700,"B"
"SSI","10:39:17",31.5,0.1,1000,3732700,"B"
"SSI","10:39:15",31.5,0.1,3000,3731700,"B"
"SSI","10:39:14",31.5,0.1,10100,3728700,"B"
"SSI","10:39:09",31.5,0.1,1000,3718600,"B"
"SSI","10:39:07",31.5,0.1,1400,3717600,"B"
"SSI","10:38:58",31.5,0.1,35900,3716200,"B"
"SSI","10:38:52",31.5,0.1,5000,3680300,"B"
"SSI","10:38:26",31.5,0.1,200,3675300,"B"
"SSI","10:38:09",31.5,0.1,4000,3675100,"B"
"SSI","10:38:05",31.55,0.15,100,3671100,"S"
"SSI","10:37:57",31.5,0.1,500,3671000,"B"
"SSI","10:37:43",31.55,0.15,100,3670500,"S"
"SSI","10:37:38",31.5,0.1,200,3670400,"B"
"SSI","10:37:33",31.5,0.1,10000,3670200,"B"
"SSI","10:37:29",31.55,0.15,100,3660200,"S"
"SSI","10:37:19",31.5,0.1,100,3660100,"B"
"SSI","10:37:10",31.5,0.1,100,3660000,"B"
"SSI","10:37:00",31.5,0.1,500,3659900,"B"
"SSI","10:36:43",31.5,0.1,100,3659400,"B"
"SSI","10:36:37",31.5,0.1,100,3659300,"B"
"SSI","10:36:25",31.5,0.1,5000,3659200,"B"
"SSI","10:36:05",31.5,0.1,10000,3654200,"B"
"SSI","10:36:00",31.5,0.1,300,3644200,"B"
"SSI","10:35:59",31.5,0.1,20000,3643900,"B"
"SSI","10:35:55",31.5,0.1,52900,3623900,"B"
"SSI","10:35:52",31.5,0.1,100,3571000,"B"
"SSI","10:35:45",31.5,0.1,100,3570900,"B"
"SSI","10:35:13",31.5,0.1,100,3570800,"B"
"SSI","10:35:06",31.5,0.1,1000,3570700,"B"
"SSI","10:34:56",31.55,0.15,5000,3569700,"S"
"SSI","10:34:50",31.5,0.1,32200,3564700,"B"
"SSI","10:34:49",31.5,0.1,27800,3532500,"B"
"SSI","10:34:44",31.5,0.1,12000,3504700,"B"
"SSI","10:34:41",31.5,0.1,100,3492700,"B"
"SSI","10:33:45",31.5,0.1,100,3492600,"B"
"SSI","10:33:41",31.55,0.15,15000,3492500,"S"
"SSI","10:33:07",31.5,0.1,500,3477500,"B"
"SSI","10:32:53",31.55,0.15,1500,3477000,"S"
"SSI","10:32:51",31.55,0.15,100,3475500,"S"
"SSI","10:32:51",31.55,0.15,6000,3475400,"S"
"SSI","10:32:50",31.55,0.15,65500,3469400,"B"
"SSI","10:32:49",31.55,0.15,1000,3403900,"B"
"SSI","10:32:44",31.55,0.15,17500,3402900,"B"
"SSI","10:32:39",31.55,0.15,2500,3385400,"B"
"SSI","10:32:38",31.55,0.15,3000,3382900,"B"
"SSI","10:32:28",31.55,0.15,100,3379900,"B"
"SSI","10:32:27",31.55,0.15,5000,3379800,"B"
"SSI","10:32:24",31.55,0.15,300,3374800,"B"
"SSI","10:32:21",31.55,0.15,900,3374500,"B"
"SSI","10:32:13",31.55,0.15,500,3373600,"B"
"SSI","10:32:08",31.55,0.15,1000,3373100,"B"
"SSI","10:31:57",31.55,0.15,100,3372100,"B"
"SSI","10:31:56",31.55,0.15,500,3372000,"B"
"SSI","10:31:49",31.55,0.15,3400,3371500,"B"
"SSI","10:31:48",31.55,0.15,3400,3368100,"B"
"SSI","10:31:39",31.55,0.15,500,3364700,"B"
"SSI","10:31:26",31.55,0.15,1000,3364200,"B"
"SSI","10:31:21",31.55,0.15,200,3363200,"B"
"SSI","10:31:19",31.55,0.15,100,3363000,"B"
"SSI","10:31:11",31.55,0.15,500,3362900,"B"
"SSI","10:30:57",31.55,0.15,100,3362400,"B"
"SSI","10:30:49",31.55,0.15,500,3362300,"B"
"SSI","10:30:44",31.6,0.2,200,3361800,"S"
"SSI","10:30:25",31.6,0.2,2500,3361600,"S"
"SSI","10:30:18",31.6,0.2,4700,3359100,"S"
"SSI","10:30:17",31.55,0.15,100,3354400,"B"
"SSI","10:30:06",31.55,0.15,3000,3354300,"B"
"SSI","10:29:49",31.55,0.15,1000,3351300,"B"
"SSI","10:29:41",31.55,0.15,1000,3350300,"B"
"SSI","10:29:38",31.55,0.15,10000,3349300,"B"
"SSI","10:29:33",31.55,0.15,1000,3339300,"B"
"SSI","10:29:31",31.55,0.15,200,3338300,"B"
"SSI","10:29:07",31.55,0.15,1000,3338100,"B"
"SSI","10:28:55",31.55,0.15,4000,3337100,"B"
"SSI","10:28:47",31.6,0.2,200,3333100,"S"
"SSI","10:28:42",31.55,0.15,1000,3332900,"B"
"SSI","10:28:41",31.55,0.15,10000,3331900,"B"
"SSI","10:28:39",31.55,0.15,1000,3321900,"B"
"SSI","10:28:38",31.55,0.15,100,3320900,"B"
"SSI","10:28:37",31.55,0.15,1000,3320800,"B"
"SSI","10:28:34",31.55,0.15,5000,3319800,"B"
"SSI","10:28:32",31.55,0.15,5000,3314800,"B"
"SSI","10:28:29",31.55,0.15,5000,3309800,"B"
"SSI","10:28:27",31.55,0.15,1000,3304800,"B"
"SSI","10:28:26",31.55,0.15,400,3303800,"B"
"SSI","10:28:16",31.55,0.15,1000,3303400,"B"
"SSI","10:28:10",31.55,0.15,1000,3302400,"B"
"SSI","10:28:06",31.55,0.15,1000,3301400,"B"
"SSI","10:27:56",31.6,0.2,1000,3300400,"S"
"SSI","10:27:53",31.55,0.15,50000,3299400,"B"
"SSI","10:27:46",31.55,0.15,3500,3249400,"B"
"SSI","10:27:46",31.6,0.2,400,3245900,"S"
"SSI","10:27:36",31.55,0.15,3000,3245500,"B"
"SSI","10:27:27",31.55,0.15,1000,3242500,"B"
"SSI","10:27:16",31.6,0.2,1400,3241500,"S"
"SSI","10:27:06",31.55,0.15,500,3240100,"B"
"SSI","10:27:00",31.6,0.2,2300,3239600,"S"
"SSI","10:26:40",31.55,0.15,1000,3237300,"B"
"SSI","10:26:39",31.55,0.15,100,3236300,"B"
"SSI","10:26:34",31.55,0.15,500,3236200,"B"
"SSI","10:26:22",31.55,0.15,200,3235700,"B"
"SSI","10:26:12",31.55,0.15,100,3235500,"B"
"SSI","10:25:55",31.55,0.15,500,3235400,"B"
"SSI","10:25:18",31.55,0.15,100,3234900,"B"
"SSI","10:25:15",31.6,0.2,1000,3234800,"S"
"SSI","10:25:05",31.55,0.15,1000,3233800,"B"
"SSI","10:25:00",31.55,0.15,200,3232800,"B"
"SSI","10:24:57",31.55,0.15,2000,3232600,"B"
"SSI","10:24:42",31.55,0.15,100,3230600,"B"
"SSI","10:24:41",31.55,0.15,900,3230500,"B"
"SSI","10:24:38",31.55,0.15,20000,3229600,"B"
"SSI","10:24:29",31.55,0.15,11000,3209600,"B"
"SSI","10:24:27",31.55,0.15,2500,3198600,"B"
"SSI","10:24:12",31.55,0.15,5000,3196100,"B"
"SSI","10:24:07",31.6,0.2,1200,3191100,"S"
"SSI","10:24:04",31.55,0.15,200,3189900,"B"
"SSI","10:24:02",31.6,0.2,1000,3189700,"S"
"SSI","10:23:36",31.6,0.2,100,3188700,"S"
"SSI","10:22:49",31.55,0.15,100,3188600,"B"
"SSI","10:22:46",31.55,0.15,100,3188500,"B"
"SSI","10:22:45",31.6,0.2,1000,3188400,"S"
"SSI","10:22:44",31.55,0.15,1000,3187400,"B"
"SSI","10:22:42",31.55,0.15,600,3186400,"B"
"SSI","10:22:34",31.55,0.15,5400,3185800,"S"
"SSI","10:22:10",31.5,0.1,1000,3180400,"B"
"SSI","10:22:05",31.5,0.1,300,3179400,"B"
"SSI","10:22:04",31.5,0.1,100,3179100,"B"
"SSI","10:22:03",31.6,0.2,200,3179000,"S"
"SSI","10:22:03",31.55,0.15,800,3178800,"S"
"SSI","10:22:01",31.5,0.1,100,3178000,"B"
"SSI","10:21:58",31.55,0.15,1200,3177900,"S"
"SSI","10:21:56",31.55,0.15,100,3176700,"S"
"SSI","10:21:49",31.55,0.15,100,3176600,"S"
"SSI","10:21:47",31.5,0.1,400,3176500,"B"
"SSI","10:21:29",31.55,0.15,1000,3176100,"S"
"SSI","10:21:26",31.5,0.1,500,3175100,"B"
"SSI","10:21:17",31.55,0.15,100,3174600,"S"
"SSI","10:21:13",31.55,0.15,500,3174500,"S"
"SSI","10:21:11",31.5,0.1,2000,3174000,"B"
"SSI","10:21:10",31.55,0.15,200,3172000,"S"
"SSI","10:21:09",31.55,0.15,10000,3171800,"S"
"SSI","10:20:55",31.55,0.15,2000,3161800,"S"
"SSI","10:20:54",31.55,0.15,100,3159800,"S"
"SSI","10:20:52",31.55,0.15,1100,3159700,"S"
"SSI","10:20:30",31.55,0.15,100,3158600,"S"
"SSI","10:20:30",31.55,0.15,2700,3158500,"B"
"SSI","10:20:19",31.55,0.15,30000,3155800,"B"
"SSI","10:20:18",31.55,0.15,300,3125800,"B"
"SSI","10:20:13",31.55,0.15,2000,3125500,"B"
"SSI","10:20:09",31.55,0.15,400,3123500,"B"
"SSI","10:20:06",31.55,0.15,2000,3123100,"B"
"SSI","10:20:01",31.55,0.15,1500,3121100,"B"
"SSI","10:19:54",31.6,0.2,1600,3119600,"S"
"SSI","10:19:52",31.55,0.15,19000,3118000,"B"
"SSI","10:19:50",31.55,0.15,1300,3099000,"B"
"SSI","10:19:37",31.55,0.15,500,3097700,"B"
"SSI","10:19:27",31.55,0.15,400,3097200,"B"
"SSI","10:19:21",31.55,0.15,1000,3096800,"B"
"SSI","10:19:14",31.55,0.15,100,3095800,"B"
"SSI","10:18:39",31.6,0.2,100,3095700,"S"
"SSI","10:18:13",31.6,0.2,100,3095600,"S"
"SSI","10:18:00",31.6,0.2,1000,3095500,"S"
"SSI","10:17:57",31.6,0.2,500,3094500,"S"
"SSI","10:17:26",31.6,0.2,100,3094000,"S"
"SSI","10:16:58",31.6,0.2,100,3093900,"S"
"SSI","10:16:40",31.6,0.2,500,3093800,"S"
"SSI","10:16:31",31.6,0.2,1000,3093300,"S"
"SSI","10:16:23",31.6,0.2,600,3092300,"B"
"SSI","10:16:19",31.65,0.25,500,3091700,"S"
"SSI","10:16:18",31.6,0.2,100,3091200,"B"
"SSI","10:16:17",31.6,0.2,10000,3091100,"B"
"SSI","10:16:16",31.6,0.2,4000,3081100,"B"
"SSI","10:16:14",31.6,0.2,3400,3077100,"B"
"SSI","10:16:11",31.6,0.2,1800,3073700,"B"
"SSI","10:16:09",31.6,0.2,2000,3071900,"B"
"SSI","10:16:05",31.65,0.25,6000,3069900,"S"
"SSI","10:15:56",31.6,0.2,100,3063900,"B"
"SSI","10:15:50",31.6,0.2,100,3063800,"B"
"SSI","10:15:47",31.6,0.2,50000,3063700,"B"
"SSI","10:15:43",31.65,0.25,300,3013700,"S"
"SSI","10:15:42",31.6,0.2,1100,3013400,"B"
"SSI","10:15:35",31.6,0.2,2500,3012300,"B"
"SSI","10:15:24",31.6,0.2,10000,3009800,"B"
"SSI","10:15:09",31.65,0.25,3100,2999800,"S"
"SSI","10:15:05",31.6,0.2,800,2996700,"B"
"SSI","10:15:04",31.65,0.25,5000,2995900,"S"
"SSI","10:14:55",31.6,0.2,3400,2990900,"B"
"SSI","10:14:53",31.6,0.2,300,2987500,"B"
"SSI","10:14:50",31.6,0.2,10000,2987200,"B"
"SSI","10:14:47",31.6,0.2,5000,2977200,"B"
"SSI","10:14:37",31.6,0.2,1000,2972200,"B"
"SSI","10:14:23",31.6,0.2,200,2971200,"B"
"SSI","10:14:22",31.6,0.2,100,2971000,"B"
"SSI","10:14:18",31.6,0.2,900,2970900,"B"
"SSI","10:14:18",31.6,0.2,1000,2970000,"B"
"SSI","10:14:15",31.6,0.2,100,2969000,"B"
"SSI","10:14:06",31.6,0.2,5000,2968900,"B"
"SSI","10:13:59",31.65,0.25,5000,2963900,"S"
"SSI","10:13:42",31.65,0.25,300,2958900,"S"
"SSI","10:13:26",31.6,0.2,100,2958600,"B"
"SSI","10:13:25",31.6,0.2,1500,2958500,"B"
"SSI","10:13:06",31.6,0.2,100,2957000,"B"
"SSI","10:12:55",31.6,0.2,100,2956900,"B"
"SSI","10:12:48",31.6,0.2,1000,2956800,"B"
"SSI","10:12:37",31.6,0.2,1000,2955800,"B"
"SSI","10:12:31",31.6,0.2,1000,2954800,"B"
"SSI","10:12:30",31.6,0.2,2000,2953800,"B"
"SSI","10:12:22",31.6,0.2,3000,2951800,"B"
"SSI","10:11:54",31.6,0.2,200,2948800,"B"
"SSI","10:11:46",31.65,0.25,200,2948600,"S"
"SSI","10:11:34",31.65,0.25,500,2948400,"S"
"SSI","10:11:16",31.65,0.25,1600,2947900,"S"
"SSI","10:11:11",31.65,0.25,25600,2946300,"B"
"SSI","10:11:10",31.65,0.25,34500,2920700,"B"
"SSI","10:11:09",31.65,0.25,6200,2886200,"B"
"SSI","10:11:08",31.65,0.25,1000,2880000,"B"
"SSI","10:11:04",31.65,0.25,10000,2879000,"B"
"SSI","10:11:04",31.65,0.25,400,2869000,"B"
"SSI","10:11:02",31.65,0.25,10000,2868600,"B"
"SSI","10:11:01",31.65,0.25,500,2858600,"B"
"SSI","10:10:56",31.65,0.25,24900,2858100,"B"
"SSI","10:10:53",31.65,0.25,5000,2833200,"B"
"SSI","10:10:52",31.65,0.25,5000,2828200,"B"
"SSI","10:10:37",31.65,0.25,1000,2823200,"B"
"SSI","10:10:33",31.65,0.25,5000,2822200,"B"
"SSI","10:10:29",31.65,0.25,500,2817200,"B"
"SSI","10:10:24",31.65,0.25,1000,2816700,"B"
"SSI","10:10:21",31.65,0.25,100,2815700,"B"
"SSI","10:10:18",31.65,0.25,5000,2815600,"B"
"SSI","10:10:11",31.65,0.25,5500,2810600,"B"
"SSI","10:10:00",31.65,0.25,10000,2805100,"B"
"SSI","10:09:57",31.65,0.25,4000,2795100,"B"
"SSI","10:09:47",31.65,0.25,3000,2791100,"B"
"SSI","10:09:34",31.65,0.25,500,2788100,"B"
"SSI","10:09:22",31.65,0.25,5000,2787600,"B"
"SSI","10:09:09",31.65,0.25,500,2782600,"B"
"SSI","10:09:04",31.65,0.25,5000,2782100,"B"
"SSI","10:08:58",31.65,0.25,800,2777100,"B"
"SSI","10:08:54",31.7,0.3,200,2776300,"S"
"SSI","10:08:34",31.65,0.25,200,2776100,"B"
"SSI","10:08:19",31.7,0.3,3000,2775900,"S"
"SSI","10:08:10",31.65,0.25,200,2772900,"B"
"SSI","10:08:08",31.7,0.3,100,2772700,"S"
"SSI","10:08:08",31.65,0.25,100,2772600,"B"
"SSI","10:07:40",31.65,0.25,100,2772500,"B"
"SSI","10:07:39",31.65,0.25,400,2772400,"B"
"SSI","10:07:29",31.65,0.25,500,2772000,"B"
"SSI","10:07:15",31.65,0.25,100,2771500,"B"
"SSI","10:07:14",31.65,0.25,500,2771400,"B"
"SSI","10:06:57",31.65,0.25,1000,2770900,"B"
"SSI","10:06:54",31.7,0.3,500,2769900,"S"
"SSI","10:06:54",31.65,0.25,1000,2769400,"B"
"SSI","10:06:51",31.7,0.3,500,2768400,"S"
"SSI","10:06:40",31.7,0.3,300,2767900,"S"
"SSI","10:06:30",31.65,0.25,200,2767600,"B"
"SSI","10:06:26",31.65,0.25,100,2767400,"B"
"SSI","10:06:20",31.65,0.25,500,2767300,"B"
"SSI","10:06:15",31.65,0.25,2000,2766800,"B"
"SSI","10:05:48",31.65,0.25,20700,2764800,"S"
"SSI","10:05:48",31.65,0.25,200,2744100,"S"
"SSI","10:05:37",31.65,0.25,800,2743900,"S"
"SSI","10:05:32",31.65,0.25,100,2743100,"S"
"SSI","10:05:31",31.65,0.25,100,2743000,"S"
"SSI","10:05:27",31.65,0.25,5000,2742900,"S"
"SSI","10:05:23",31.65,0.25,500,2737900,"S"
"SSI","10:05:18",31.65,0.25,11000,2737400,"B"
"SSI","10:05:17",31.65,0.25,3000,2726400,"B"
"SSI","10:05:11",31.65,0.25,10000,2723400,"B"
"SSI","10:05:10",31.65,0.25,400,2713400,"B"
"SSI","10:04:58",31.65,0.25,500,2713000,"B"
"SSI","10:04:47",31.65,0.25,15600,2712500,"B"
"SSI","10:04:43",31.65,0.25,900,2696900,"B"
"SSI","10:04:39",31.65,0.25,100,2696000,"B"
"SSI","10:04:33",31.65,0.25,1000,2695900,"B"
"SSI","10:04:22",31.65,0.25,2000,2694900,"B"
"SSI","10:04:19",31.65,0.25,100,2692900,"B"
"SSI","10:03:56",31.65,0.25,9600,2692800,"B"
"SSI","10:03:54",31.65,0.25,8300,2683200,"S"
"SSI","10:03:53",31.65,0.25,300,2674900,"S"
"SSI","10:03:50",31.65,0.25,500,2674600,"S"
"SSI","10:03:49",31.65,0.25,8000,2674100,"S"
"SSI","10:03:47",31.65,0.25,2000,2666100,"S"
"SSI","10:03:40",31.65,0.25,700,2664100,"S"
"SSI","10:03:39",31.65,0.25,200,2663400,"S"
"SSI","10:03:39",31.65,0.25,300,2663200,"S"
"SSI","10:03:37",31.65,0.25,1000,2662900,"S"
"SSI","10:03:34",31.65,0.25,100,2661900,"S"
"SSI","10:03:34",31.65,0.25,3000,2661800,"S"
"SSI","10:03:30",31.65,0.25,1000,2658700,"S"
"SSI","10:03:23",31.65,0.25,1000,2657700,"S"
"SSI","10:03:20",31.65,0.25,1000,2656700,"S"
"SSI","10:03:16",31.65,0.25,300,2655700,"S"
"SSI","10:03:15",31.65,0.25,3900,2655400,"S"
"SSI","10:03:10",31.65,0.25,100,2651500,"S"
"SSI","10:03:02",31.65,0.25,6100,2651400,"S"
"SSI","10:02:57",31.6,0.2,500,2645300,"B"
"SSI","10:02:50",31.65,0.25,200,2644800,"S"
"SSI","10:02:39",31.65,0.25,1000,2644600,"S"
"SSI","10:02:35",31.65,0.25,1800,2643600,"S"
"SSI","10:02:25",31.65,0.25,800,2641800,"B"
"SSI","10:02:25",31.7,0.3,100,2641000,"S"
"SSI","10:02:17",31.65,0.25,2300,2640900,"S"
"SSI","10:02:15",31.65,0.25,700,2638600,"B"
"SSI","10:02:14",31.65,0.25,1300,2637900,"S"
"SSI","10:02:13",31.65,0.25,7000,2636600,"S"
"SSI","10:02:12",31.65,0.25,1500,2629600,"S"
"SSI","10:02:11",31.65,0.25,1700,2628100,"S"
"SSI","10:02:03",31.65,0.25,2000,2626400,"S"
"SSI","10:02:02",31.65,0.25,2000,2624400,"S"
"SSI","10:02:00",31.6,0.2,400,2622400,"B"
"SSI","10:01:53",31.65,0.25,3000,2622000,"S"
"SSI","10:01:51",31.65,0.25,5000,2619000,"S"
"SSI","10:01:50",31.65,0.25,3000,2614000,"S"
"SSI","10:01:48",31.65,0.25,1000,2611000,"S"
"SSI","10:01:47",31.65,0.25,1000,2610000,"S"
"SSI","10:01:47",31.65,0.25,1000,2609000,"S"
"SSI","10:01:44",31.65,0.25,1000,2608000,"S"
"SSI","10:01:41",31.65,0.25,1000,2607000,"S"
"SSI","10:01:40",31.65,0.25,15000,2606000,"S"
"SSI","10:01:38",31.65,0.25,300,2591000,"S"
"SSI","10:01:37",31.65,0.25,2000,2590700,"S"
"SSI","10:01:36",31.65,0.25,4500,2588700,"S"
"SSI","10:01:35",31.65,0.25,10000,2584200,"S"
"SSI","10:01:35",31.65,0.25,9300,2574200,"S"
"SSI","10:01:34",31.65,0.25,2300,2564900,"S"
"SSI","10:01:34",31.65,0.25,20100,2562600,"S"
"SSI","10:01:33",31.6,0.2,1000,2542500,"B"
"SSI","10:01:32",31.65,0.25,3000,2541500,"S"
"SSI","10:01:30",31.65,0.25,3600,2538500,"S"
"SSI","10:01:29",31.65,0.25,5000,2534900,"S"
"SSI","10:01:28",31.65,0.25,37900,2529900,"S"
"SSI","10:01:27",31.65,0.25,4000,2492000,"S"
"SSI","10:01:17",31.65,0.25,1000,2488000,"S"
"SSI","10:01:16",31.65,0.25,5000,2487000,"S"
"SSI","10:01:12",31.65,0.25,200,2482000,"S"
"SSI","10:01:08",31.6,0.2,1000,2481800,"B"
"SSI","10:01:07",31.65,0.25,9300,2480800,"S"
"SSI","10:01:02",31.65,0.25,10000,2471500,"S"
"SSI","10:01:00",31.6,0.2,1000,2461500,"B"
"SSI","10:00:39",31.65,0.25,2000,2460500,"S"
"SSI","10:00:37",31.65,0.25,1000,2458500,"S"
"SSI","10:00:31",31.6,0.2,2000,2457500,"B"
"SSI","10:00:01",31.6,0.2,100,2455500,"B"
"SSI","09:59:37",31.6,0.2,300,2455400,"B"
"SSI","09:59:26",31.6,0.2,100,2455100,"B"
"SSI","09:59:24",31.6,0.2,200,2455000,"B"
"SSI","09:59:14",31.6,0.2,36100,2454800,"S"
"SSI","09:59:11",31.6,0.2,100,2418700,"S"
"SSI","09:59:07",31.6,0.2,10000,2418600,"S"
"SSI","09:59:01",31.55,0.15,2000,2408600,"B"
"SSI","09:57:57",31.55,0.15,6000,2406600,"B"
"SSI","09:57:55",31.55,0.15,4000,2400600,"B"
"SSI","09:57:48",31.55,0.15,100,2396600,"B"
"SSI","09:57:43",31.55,0.15,100,2396500,"B"
"SSI","09:57:36",31.55,0.15,1000,2396400,"B"
"SSI","09:57:36",31.6,0.2,4000,2395400,"S"
"SSI","09:57:30",31.55,0.15,30100,2391400,"B"
"SSI","09:57:18",31.55,0.15,10000,2361300,"B"
"SSI","09:57:07",31.55,0.15,10500,2351300,"B"
"SSI","09:56:48",31.55,0.15,100,2340800,"B"
"SSI","09:56:47",31.55,0.15,100,2340700,"B"
"SSI","09:56:38",31.55,0.15,5000,2340600,"B"
"SSI","09:56:23",31.55,0.15,13000,2335600,"B"
"SSI","09:56:19",31.6,0.2,500,2322600,"S"
"SSI","09:55:54",31.6,0.2,100,2322100,"S"
"SSI","09:55:51",31.55,0.15,1900,2322000,"B"
"SSI","09:55:49",31.55,0.15,3600,2320100,"B"
"SSI","09:55:46",31.55,0.15,100,2316500,"B"
"SSI","09:55:41",31.55,0.15,100,2316400,"B"
"SSI","09:55:39",31.55,0.15,200,2316300,"B"
"SSI","09:55:30",31.55,0.15,1000,2316100,"B"
"SSI","09:55:28",31.6,0.2,500,2315100,"S"
"SSI","09:55:25",31.55,0.15,10000,2314600,"B"
"SSI","09:55:06",31.6,0.2,3000,2304600,"S"
"SSI","09:54:38",31.6,0.2,100,2301600,"S"
"SSI","09:54:37",31.6,0.2,100,2301500,"S"
"SSI","09:54:22",31.55,0.15,10000,2301400,"B"
"SSI","09:54:16",31.55,0.15,300,2291400,"B"
"SSI","09:54:10",31.6,0.2,300,2291100,"S"
"SSI","09:53:51",31.6,0.2,900,2290800,"S"
"SSI","09:53:49",31.6,0.2,600,2289900,"S"
"SSI","09:53:42",31.55,0.15,100,2289300,"B"
"SSI","09:53:32",31.55,0.15,500,2289200,"B"
"SSI","09:53:21",31.6,0.2,500,2288700,"S"
"SSI","09:53:06",31.6,0.2,100,2288200,"S"
"SSI","09:53:04",31.6,0.2,300,2288100,"S"
"SSI","09:52:59",31.6,0.2,500,2287800,"S"
"SSI","09:52:49",31.55,0.15,15000,2287300,"B"
"SSI","09:52:40",31.6,0.2,300,2272300,"S"
"SSI","09:52:29",31.55,0.15,1000,2272000,"B"
"SSI","09:52:29",31.6,0.2,2000,2271000,"S"
"SSI","09:52:13",31.55,0.15,400,2269000,"B"
"SSI","09:52:12",31.55,0.15,200,2268600,"B"
"SSI","09:52:09",31.6,0.2,15000,2268400,"S"
"SSI","09:52:09",31.6,0.2,100,2253400,"S"
"SSI","09:52:01",31.6,0.2,500,2253300,"S"
"SSI","09:52:00",31.6,0.2,300,2252800,"S"
"SSI","09:51:59",31.6,0.2,700,2252500,"S"
"SSI","09:51:57",31.6,0.2,500,2251800,"S"
"SSI","09:51:43",31.6,0.2,400,2251300,"S"
"SSI","09:51:40",31.6,0.2,300,2250900,"S"
"SSI","09:51:37",31.6,0.2,400,2250600,"S"
"SSI","09:51:34",31.6,0.2,300,2250200,"S"
"SSI","09:51:14",31.55,0.15,200,2249900,"B"
"SSI","09:51:10",31.55,0.15,1000,2249700,"B"
"SSI","09:51:03",31.55,0.15,100,2248700,"B"
"SSI","09:50:56",31.55,0.15,6000,2248600,"B"
"SSI","09:50:55",31.55,0.15,200,2242600,"B"
"SSI","09:50:55",31.6,0.2,1600,2242400,"S"
"SSI","09:50:53",31.55,0.15,5000,2240800,"B"
"SSI","09:50:44",31.55,0.15,300,2235800,"B"
"SSI","09:50:42",31.55,0.15,500,2235500,"B"
"SSI","09:50:42",31.6,0.2,10000,2235000,"S"
"SSI","09:50:36",31.55,0.15,18900,2225000,"B"
"SSI","09:50:25",31.55,0.15,500,2206100,"B"
"SSI","09:50:17",31.55,0.15,2000,2205600,"B"
"SSI","09:50:09",31.55,0.15,6400,2203600,"B"
"SSI","09:50:09",31.6,0.2,3600,2197200,"B"
"SSI","09:50:08",31.6,0.2,4500,2193500,"B"
"SSI","09:50:05",31.6,0.2,12000,2189000,"B"
"SSI","09:50:04",31.65,0.25,600,2177000,"S"
"SSI","09:50:02",31.6,0.2,3000,2176400,"B"
"SSI","09:50:00",31.6,0.2,200,2173400,"B"
"SSI","09:50:00",31.6,0.2,100,2173200,"B"
"SSI","09:49:56",31.6,0.2,10000,2173100,"B"
"SSI","09:49:52",31.6,0.2,300,2163100,"B"
"SSI","09:49:51",31.6,0.2,15000,2162800,"B"
"SSI","09:49:50",31.6,0.2,600,2147800,"B"
"SSI","09:49:42",31.6,0.2,2000,2147200,"B"
"SSI","09:49:42",31.6,0.2,4000,2145200,"B"
"SSI","09:49:40",31.6,0.2,500,2141200,"B"
"SSI","09:49:37",31.6,0.2,3600,2140700,"B"
"SSI","09:49:36",31.65,0.25,1000,2137100,"S"
"SSI","09:49:32",31.6,0.2,3000,2136100,"B"
"SSI","09:49:29",31.6,0.2,1000,2133100,"B"
"SSI","09:49:23",31.6,0.2,200,2132100,"B"
"SSI","09:49:21",31.6,0.2,100,2131900,"B"
"SSI","09:49:17",31.6,0.2,5000,2131800,"B"
"SSI","09:49:08",31.6,0.2,100,2126800,"B"
"SSI","09:49:07",31.6,0.2,3700,2126700,"B"
"SSI","09:49:02",31.6,0.2,500,2123000,"B"
"SSI","09:49:00",31.6,0.2,20000,2122500,"B"
"SSI","09:48:55",31.6,0.2,300,2102500,"B"
"SSI","09:48:51",31.65,0.25,200,2102200,"S"
"SSI","09:48:39",31.65,0.25,800,2102000,"S"
"SSI","09:48:33",31.6,0.2,10000,2101200,"B"
"SSI","09:48:33",31.65,0.25,2000,2091200,"S"
"SSI","09:48:25",31.65,0.25,11300,2089200,"S"
"SSI","09:48:23",31.65,0.25,1200,2077900,"S"
"SSI","09:48:22",31.65,0.25,11500,2076700,"B"
"SSI","09:48:22",31.65,0.25,600,2065200,"B"
"SSI","09:48:19",31.65,0.25,11300,2064600,"B"
"SSI","09:48:18",31.65,0.25,5000,2053300,"B"
"SSI","09:48:17",31.65,0.25,100,2048300,"B"
"SSI","09:48:14",31.65,0.25,1000,2048200,"B"
"SSI","09:48:12",31.65,0.25,5000,2047200,"B"
"SSI","09:48:12",31.65,0.25,5000,2042200,"B"
"SSI","09:48:10",31.65,0.25,5100,2037200,"B"
"SSI","09:48:09",31.65,0.25,100,2032100,"B"
"SSI","09:48:02",31.65,0.25,10000,2032000,"B"
"SSI","09:48:02",31.7,0.3,2000,2022000,"S"
"SSI","09:47:44",31.7,0.3,1000,2020000,"S"
"SSI","09:47:44",31.65,0.25,30000,2019000,"B"
"SSI","09:47:41",31.7,0.3,10000,1989000,"S"
"SSI","09:47:41",31.65,0.25,700,1979000,"B"
"SSI","09:47:24",31.7,0.3,5000,1978300,"S"
"SSI","09:47:22",31.65,0.25,200,1973300,"B"
"SSI","09:47:14",31.7,0.3,1000,1973100,"S"
"SSI","09:47:09",31.7,0.3,100,1972100,"S"
"SSI","09:46:56",31.7,0.3,900,1972000,"S"
"SSI","09:46:55",31.7,0.3,2000,1971100,"S"
"SSI","09:46:51",31.7,0.3,100,1969100,"S"
"SSI","09:46:50",31.65,0.25,500,1969000,"B"
"SSI","09:46:45",31.7,0.3,5000,1968500,"S"
"SSI","09:46:42",31.65,0.25,200,1963500,"B"
"SSI","09:46:41",31.7,0.3,100,1963300,"S"
"SSI","09:46:39",31.65,0.25,300,1963200,"B"
"SSI","09:46:34",31.65,0.25,200,1962900,"B"
"SSI","09:46:31",31.7,0.3,100,1962700,"S"
"SSI","09:46:24",31.7,0.3,400,1962600,"S"
"SSI","09:46:22",31.7,0.3,300,1962200,"S"
"SSI","09:46:16",31.7,0.3,10000,1961900,"S"
"SSI","09:46:14",31.7,0.3,2700,1951900,"S"
"SSI","09:46:05",31.7,0.3,1600,1949200,"S"
"SSI","09:46:03",31.65,0.25,5000,1947600,"B"
"SSI","09:46:02",31.65,0.25,300,1942600,"B"
"SSI","09:46:02",31.7,0.3,100,1942300,"S"
"SSI","09:46:02",31.65,0.25,500,1942200,"B"
"SSI","09:45:58",31.65,0.25,1000,1941700,"B"
"SSI","09:45:55",31.65,0.25,800,1940700,"B"
"SSI","09:45:51",31.65,0.25,10000,1939900,"B"
"SSI","09:45:47",31.65,0.25,50000,1929900,"B"
"SSI","09:45:46",31.7,0.3,1000,1879900,"S"
"SSI","09:45:44",31.65,0.25,15000,1878900,"B"
"SSI","09:45:44",31.7,0.3,3000,1863900,"S"
"SSI","09:45:42",31.7,0.3,100,1860900,"S"
"SSI","09:45:39",31.7,0.3,200,1860800,"S"
"SSI","09:45:38",31.7,0.3,1000,1860600,"S"
"SSI","09:45:36",31.7,0.3,12000,1859600,"S"
"SSI","09:45:31",31.7,0.3,7000,1847600,"S"
"SSI","09:45:29",31.65,0.25,100,1840600,"B"
"SSI","09:45:24",31.7,0.3,1600,1840500,"S"
"SSI","09:45:23",31.7,0.3,100,1838900,"S"
"SSI","09:45:23",31.65,0.25,200,1838800,"B"
"SSI","09:45:17",31.7,0.3,100,1838600,"S"
"SSI","09:45:16",31.65,0.25,2000,1838500,"B"
"SSI","09:45:15",31.7,0.3,500,1836500,"S"
"SSI","09:45:10",31.65,0.25,500,1836000,"B"
"SSI","09:45:08",31.7,0.3,100,1835500,"S"
"SSI","09:45:03",31.7,0.3,200,1835400,"S"
"SSI","09:45:00",31.65,0.25,5000,1835200,"B"
"SSI","09:44:57",31.65,0.25,100,1830200,"B"
"SSI","09:44:57",31.7,0.3,2000,1830100,"S"
"SSI","09:44:52",31.65,0.25,5000,1828100,"B"
"SSI","09:44:48",31.7,0.3,700,1823100,"S"
"SSI","09:44:45",31.65,0.25,1400,1822400,"B"
"SSI","09:44:43",31.65,0.25,100,1821000,"B"
"SSI","09:44:40",31.65,0.25,3000,1820900,"B"
"SSI","09:44:40",31.7,0.3,1000,1817900,"S"
"SSI","09:44:38",31.65,0.25,1000,1816900,"B"
"SSI","09:44:36",31.65,0.25,200,1815900,"B"
"SSI","09:44:29",31.65,0.25,5000,1815700,"B"
"SSI","09:44:21",31.65,0.25,2000,1810700,"B"
"SSI","09:44:12",31.65,0.25,5000,1808700,"S"
"SSI","09:44:12",31.65,0.25,66300,1803700,"S"
"SSI","09:44:00",31.65,0.25,1800,1737400,"S"
"SSI","09:44:00",31.65,0.25,8200,1735600,"S"
"SSI","09:43:53",31.65,0.25,5000,1727400,"S"
"SSI","09:43:46",31.65,0.25,8400,1722400,"S"
"SSI","09:43:43",31.6,0.2,100,1714000,"B"
"SSI","09:43:41",31.6,0.2,500,1713900,"B"
"SSI","09:43:23",31.6,0.2,500,1713400,"B"
"SSI","09:43:13",31.6,0.2,20000,1712900,"B"
"SSI","09:43:13",31.65,0.25,100,1692900,"S"
"SSI","09:43:12",31.6,0.2,1000,1692800,"B"
"SSI","09:43:08",31.6,0.2,6000,1691800,"B"
"SSI","09:43:03",31.6,0.2,200700,1685800,"S"
"SSI","09:43:03",31.55,0.15,89200,1485100,"S"
"SSI","09:43:03",31.5,0.1,100,1395900,"B"
"SSI","09:43:01",31.55,0.15,3000,1395800,"S"
"SSI","09:42:47",31.55,0.15,3000,1392800,"S"
"SSI","09:42:40",31.55,0.15,200,1389800,"S"
"SSI","09:42:32",31.55,0.15,15000,1389600,"S"
"SSI","09:42:31",31.55,0.15,600,1374600,"S"
"SSI","09:42:11",31.55,0.15,2000,1374000,"S"
"SSI","09:42:10",31.5,0.1,5800,1372000,"B"
"SSI","09:42:07",31.5,0.1,2000,1366200,"B"
"SSI","09:42:00",31.55,0.15,200,1364200,"S"
"SSI","09:41:57",31.55,0.15,20000,1364000,"S"
"SSI","09:41:57",31.5,0.1,5000,1344000,"B"
"SSI","09:41:39",31.5,0.1,2600,1339000,"B"
"SSI","09:41:38",31.5,0.1,14200,1336400,"B"
"SSI","09:41:37",31.55,0.15,2200,1322200,"S"
"SSI","09:41:37",31.55,0.15,12800,1320000,"S"
"SSI","09:41:31",31.55,0.15,1000,1307200,"S"
"SSI","09:41:29",31.55,0.15,1500,1306200,"S"
"SSI","09:41:25",31.5,0.1,300,1304700,"B"
"SSI","09:41:20",31.5,0.1,3000,1304400,"B"
"SSI","09:41:18",31.55,0.15,100,1301400,"S"
"SSI","09:41:16",31.55,0.15,300,1301300,"S"
"SSI","09:40:59",31.55,0.15,200,1301000,"S"
"SSI","09:40:54",31.5,0.1,200,1300800,"B"
"SSI","09:40:46",31.55,0.15,100,1300600,"S"
"SSI","09:40:46",31.5,0.1,5000,1300500,"B"
"SSI","09:40:44",31.5,0.1,100,1295500,"B"
"SSI","09:40:34",31.5,0.1,3800,1295400,"S"
"SSI","09:40:33",31.5,0.1,1000,1291600,"S"
"SSI","09:40:31",31.5,0.1,5000,1290600,"S"
"SSI","09:40:30",31.5,0.1,8000,1285600,"S"
"SSI","09:40:28",31.5,0.1,2500,1277600,"S"
"SSI","09:40:27",31.5,0.1,1000,1275100,"S"
"SSI","09:40:26",31.5,0.1,400,1274100,"S"
"SSI","09:40:23",31.5,0.1,300,1273700,"S"
"SSI","09:40:22",31.5,0.1,2000,1273400,"S"
"SSI","09:40:22",31.5,0.1,1000,1271400,"S"
"SSI","09:40:20",31.5,0.1,100,1270400,"S"
"SSI","09:40:19",31.5,0.1,1000,1269800,"S"
"SSI","09:40:17",31.5,0.1,1600,1268800,"S"
"SSI","09:40:16",31.5,0.1,4100,1267200,"S"
"SSI","09:40:14",31.5,0.1,21000,1263100,"S"
"SSI","09:40:13",31.5,0.1,800,1242100,"S"
"SSI","09:40:12",31.5,0.1,3000,1241300,"S"
"SSI","09:40:10",31.5,0.1,10000,1238300,"S"
"SSI","09:40:08",31.5,0.1,1000,1228300,"S"
"SSI","09:40:06",31.5,0.1,300,1227300,"S"
"SSI","09:40:04",31.5,0.1,2000,1227000,"S"
"SSI","09:40:03",31.5,0.1,500,1225000,"S"
"SSI","09:40:01",31.5,0.1,7000,1224500,"S"
"SSI","09:39:56",31.5,0.1,3000,1217500,"S"
"SSI","09:39:55",31.5,0.1,8000,1214500,"S"
"SSI","09:39:51",31.5,0.1,300,1206500,"S"
"SSI","09:39:45",31.5,0.1,5000,1206200,"S"
"SSI","09:39:36",31.5,0.1,1800,1201200,"S"
"SSI","09:39:35",31.5,0.1,400,1199400,"S"
"SSI","09:39:31",31.5,0.1,1000,1199000,"S"
"SSI","09:39:28",31.5,0.1,300,1198000,"S"
"SSI","09:39:27",31.45,0.05,100,1197700,"B"
"SSI","09:39:23",31.5,0.1,500,1197600,"S"
"SSI","09:39:21",31.5,0.1,2000,1197100,"S"
"SSI","09:39:19",31.5,0.1,200,1195100,"S"
"SSI","09:39:16",31.5,0.1,100,1194900,"S"
"SSI","09:39:13",31.5,0.1,1000,1194800,"S"
"SSI","09:39:06",31.5,0.1,3200,1193800,"S"
"SSI","09:39:05",31.5,0.1,10100,1190600,"S"
"SSI","09:39:02",31.45,0.05,100,1180500,"B"
"SSI","09:39:00",31.5,0.1,300,1180400,"S"
"SSI","09:39:00",31.5,0.1,200,1180100,"S"
"SSI","09:38:57",31.5,0.1,1000,1179900,"S"
"SSI","09:38:55",31.5,0.1,3400,1178900,"S"
"SSI","09:38:51",31.5,0.1,6500,1175500,"S"
"SSI","09:38:33",31.5,0.1,20000,1169000,"S"
"SSI","09:38:30",31.45,0.05,1400,1149000,"B"
"SSI","09:38:24",31.45,0.05,4700,1147600,"B"
"SSI","09:38:16",31.45,0.05,200,1142900,"B"
"SSI","09:38:15",31.45,0.05,100,1142700,"B"
"SSI","09:38:11",31.5,0.1,1000,1142600,"S"
"SSI","09:38:02",31.45,0.05,400,1141600,"B"
"SSI","09:37:56",31.45,0.05,400,1141200,"B"
"SSI","09:37:47",31.45,0.05,700,1140800,"B"
"SSI","09:37:43",31.45,0.05,200,1140100,"B"
"SSI","09:37:41",31.45,0.05,2000,1139900,"B"
"SSI","09:37:36",31.45,0.05,3000,1137900,"B"
"SSI","09:37:33",31.45,0.05,2500,1134900,"B"
"SSI","09:37:31",31.45,0.05,1700,1132400,"B"
"SSI","09:37:29",31.45,0.05,7800,1130700,"S"
"SSI","09:37:28",31.45,0.05,10000,1122900,"S"
"SSI","09:37:26",31.45,0.05,32000,1112900,"S"
"SSI","09:37:24",31.45,0.05,2100,1080900,"S"
"SSI","09:37:23",31.45,0.05,25000,1078800,"S"
"SSI","09:37:22",31.45,0.05,7000,1053800,"S"
"SSI","09:37:16",31.45,0.05,100,1046800,"S"
"SSI","09:37:15",31.45,0.05,500,1046700,"S"
"SSI","09:37:13",31.45,0.05,100,1046200,"S"
"SSI","09:37:12",31.45,0.05,7000,1046100,"S"
"SSI","09:37:06",31.45,0.05,100,1039100,"S"
"SSI","09:36:59",31.4,0,5000,1039000,"B"
"SSI","09:36:57",31.45,0.05,6000,1034000,"S"
"SSI","09:36:40",31.4,0,300,1028000,"B"
"SSI","09:36:39",31.45,0.05,3000,1027700,"S"
"SSI","09:36:36",31.4,0,1000,1024700,"B"
"SSI","09:36:32",31.4,0,2400,1023700,"S"
"SSI","09:36:31",31.4,0,100,1021300,"S"
"SSI","09:36:31",31.4,0,400,1021200,"S"
"SSI","09:36:29",31.4,0,50000,1020800,"S"
"SSI","09:36:28",31.4,0,1000,970800,"S"
"SSI","09:36:26",31.4,0,300,969800,"S"
"SSI","09:36:25",31.4,0,1200,969500,"S"
"SSI","09:36:24",31.4,0,5000,968300,"S"
"SSI","09:36:18",31.4,0,100,963300,"S"
