"symbol","time","price","change","vol","total","side"
"VHM","14:45:01",41.2,0.45,273300,4209300,
"VHM","14:29:48",41,0.25,200,3936000,"S"
"VHM","14:29:45",41,0.25,500,3935800,"S"
"VHM","14:29:34",41,0.25,5000,3935300,"S"
"VHM","14:29:17",41,0.25,600,3930300,"B"
"VHM","14:29:14",41,0.25,1400,3929700,"S"
"VHM","14:29:06",40.95,0.2,1100,3928300,"B"
"VHM","14:29:04",41,0.25,1000,3927200,"S"
"VHM","14:29:02",41,0.25,1000,3926200,"S"
"VHM","14:28:57",41,0.25,100,3925200,"S"
"VHM","14:28:40",41,0.25,100,3925100,"B"
"VHM","14:28:40",41.05,0.3,2400,3925000,"B"
"VHM","14:28:34",41.05,0.3,1000,3922600,"B"
"VHM","14:28:28",41.05,0.3,200,3921600,"B"
"VHM","14:28:21",41.1,0.35,8000,3921400,"S"
"VHM","14:28:01",41.1,0.35,2100,3913400,"B"
"VHM","14:27:57",41.15,0.4,100,3911300,"B"
"VHM","14:27:52",41.15,0.4,800,3911200,"S"
"VHM","14:27:48",41.1,0.35,200,3910400,"B"
"VHM","14:27:48",41.1,0.35,1500,3910200,"B"
"VHM","14:27:48",41.15,0.4,2500,3908700,"B"
"VHM","14:27:46",41.15,0.4,7500,3906200,"S"
"VHM","14:27:46",41.1,0.35,100,3898700,"B"
"VHM","14:27:42",41.1,0.35,100,3898600,"S"
"VHM","14:27:40",41.1,0.35,2300,3898500,"B"
"VHM","14:27:40",41.15,0.4,10000,3896200,"S"
"VHM","14:27:38",41.15,0.4,10000,3886200,"S"
"VHM","14:27:34",41.15,0.4,10000,3876200,"S"
"VHM","14:27:32",41.1,0.35,100,3866200,"B"
"VHM","14:27:28",41.1,0.35,7600,3866100,"S"
"VHM","14:27:25",41.1,0.35,10000,3858500,"S"
"VHM","14:27:21",41.1,0.35,10000,3848500,"S"
"VHM","14:27:19",41.05,0.3,200,3838500,"B"
"VHM","14:27:18",41.1,0.35,10000,3838300,"S"
"VHM","14:27:14",41.1,0.35,10000,3828300,"S"
"VHM","14:27:11",41.1,0.35,10000,3818300,"S"
"VHM","14:27:09",41.05,0.3,700,3808300,"B"
"VHM","14:27:06",41.05,0.3,1000,3807600,"B"
"VHM","14:27:04",41.05,0.3,5500,3806600,"S"
"VHM","14:27:01",41.05,0.3,9300,3801100,"S"
"VHM","14:27:01",41,0.25,2000,3791800,"B"
"VHM","14:26:54",41,0.25,8800,3789800,"S"
"VHM","14:26:51",41,0.25,10000,3781000,"S"
"VHM","14:26:47",41,0.25,10000,3771000,"S"
"VHM","14:26:42",41,0.25,10000,3761000,"S"
"VHM","14:26:39",41,0.25,10000,3751000,"S"
"VHM","14:26:32",40.95,0.2,8700,3741000,"S"
"VHM","14:26:10",40.9,0.15,500,3732300,"B"
"VHM","14:26:03",40.9,0.15,2200,3731800,"B"
"VHM","14:26:01",40.95,0.2,12000,3729600,"S"
"VHM","14:25:59",40.9,0.15,1800,3717600,"B"
"VHM","14:25:45",40.9,0.15,2000,3715800,"B"
"VHM","14:25:41",40.9,0.15,5000,3713800,"B"
"VHM","14:25:27",40.95,0.2,200,3708800,"S"
"VHM","14:25:20",40.95,0.2,24400,3708600,"S"
"VHM","14:25:16",40.9,0.15,400,3684200,"B"
"VHM","14:25:15",40.9,0.15,1600,3683800,"B"
"VHM","14:25:12",40.9,0.15,200,3682200,"B"
"VHM","14:24:50",40.9,0.15,400,3682000,"B"
"VHM","14:24:40",40.9,0.15,500,3681600,"B"
"VHM","14:24:40",40.9,0.15,500,3681100,"B"
"VHM","14:24:34",40.9,0.15,5000,3680600,"B"
"VHM","14:24:31",40.9,0.15,500,3675600,"B"
"VHM","14:24:15",40.9,0.15,500,3675100,"B"
"VHM","14:24:13",40.9,0.15,10000,3674600,"B"
"VHM","14:24:12",40.9,0.15,900,3664600,"B"
"VHM","14:24:04",40.9,0.15,200,3663700,"B"
"VHM","14:24:01",40.9,0.15,300,3663500,"B"
"VHM","14:24:00",40.9,0.15,5000,3663200,"B"
"VHM","14:23:41",40.9,0.15,900,3658200,"B"
"VHM","14:23:39",40.9,0.15,100,3657300,"B"
"VHM","14:23:24",40.9,0.15,500,3657200,"B"
"VHM","14:23:11",40.9,0.15,900,3656700,"B"
"VHM","14:23:04",40.9,0.15,8000,3655800,"B"
"VHM","14:22:52",40.9,0.15,1000,3647800,"B"
"VHM","14:22:43",40.9,0.15,100,3646800,"B"
"VHM","14:22:39",40.9,0.15,900,3646700,"B"
"VHM","14:22:33",40.9,0.15,200,3645800,"B"
"VHM","14:22:31",40.9,0.15,1000,3645600,"B"
"VHM","14:22:16",40.9,0.15,3400,3644600,"B"
"VHM","14:22:16",40.9,0.15,800,3641200,"B"
"VHM","14:22:10",40.95,0.2,100,3640400,"S"
"VHM","14:22:08",40.9,0.15,900,3640300,"B"
"VHM","14:21:37",40.9,0.15,900,3639400,"B"
"VHM","14:21:33",40.95,0.2,200,3638500,"S"
"VHM","14:21:33",40.95,0.2,15900,3638300,"B"
"VHM","14:21:06",40.95,0.2,900,3622400,"B"
"VHM","14:21:01",40.95,0.2,100,3621500,"B"
"VHM","14:20:49",40.95,0.2,500,3621400,"B"
"VHM","14:20:35",40.95,0.2,900,3620900,"B"
"VHM","14:20:15",40.95,0.2,6200,3620000,"B"
"VHM","14:20:15",40.95,0.2,100,3613800,"B"
"VHM","14:20:04",40.95,0.2,800,3613700,"B"
"VHM","14:19:41",41,0.25,1000,3612900,"S"
"VHM","14:19:33",40.95,0.2,800,3611900,"B"
"VHM","14:19:08",41,0.25,300,3611100,"S"
"VHM","14:19:02",40.95,0.2,800,3610800,"B"
"VHM","14:18:59",41,0.25,1000,3610000,"S"
"VHM","14:18:58",40.95,0.2,100,3609000,"B"
"VHM","14:18:40",41,0.25,2500,3608900,"S"
"VHM","14:18:35",40.95,0.2,300,3606400,"B"
"VHM","14:18:31",40.95,0.2,800,3606100,"B"
"VHM","14:18:31",41,0.25,6600,3605300,"S"
"VHM","14:18:13",41,0.25,200,3598700,"S"
"VHM","14:18:06",40.95,0.2,2600,3598500,"B"
"VHM","14:18:00",40.95,0.2,800,3595900,"B"
"VHM","14:17:54",40.95,0.2,4200,3595100,"B"
"VHM","14:17:45",40.95,0.2,100,3590900,"B"
"VHM","14:17:38",40.95,0.2,300,3590800,"B"
"VHM","14:17:29",40.95,0.2,800,3590500,"B"
"VHM","14:17:26",40.95,0.2,1500,3589700,"B"
"VHM","14:17:23",40.95,0.2,600,3588200,"S"
"VHM","14:17:19",40.95,0.2,1300,3587600,"B"
"VHM","14:17:13",40.95,0.2,3700,3586300,"S"
"VHM","14:17:07",40.95,0.2,2000,3582600,"S"
"VHM","14:17:04",40.9,0.15,100,3580600,"B"
"VHM","14:17:00",40.95,0.2,1000,3580500,"S"
"VHM","14:16:58",40.9,0.15,800,3579500,"B"
"VHM","14:16:54",40.95,0.2,200,3578700,"S"
"VHM","14:16:47",40.95,0.2,3900,3578500,"S"
"VHM","14:16:47",40.9,0.15,6000,3574600,"S"
"VHM","14:16:46",40.9,0.15,14000,3568600,"B"
"VHM","14:16:43",40.9,0.15,400,3554600,"B"
"VHM","14:16:39",40.9,0.15,5000,3554200,"B"
"VHM","14:16:33",40.9,0.15,5600,3549200,"B"
"VHM","14:16:27",40.9,0.15,800,3543600,"B"
"VHM","14:16:05",40.95,0.2,200,3542800,"B"
"VHM","14:15:57",40.95,0.2,800,3542600,"B"
"VHM","14:15:56",40.95,0.2,200,3541800,"B"
"VHM","14:15:36",40.95,0.2,100,3541600,"B"
"VHM","14:15:28",40.95,0.2,300,3541500,"S"
"VHM","14:15:26",40.9,0.15,700,3541200,"B"
"VHM","14:15:25",40.9,0.15,3100,3540500,"B"
"VHM","14:15:20",40.95,0.2,200,3537400,"S"
"VHM","14:15:01",40.95,0.2,1500,3537200,"S"
"VHM","14:15:00",40.9,0.15,500,3535700,"B"
"VHM","14:14:59",40.95,0.2,3000,3535200,"B"
"VHM","14:14:56",40.95,0.2,1000,3532200,"B"
"VHM","14:14:55",40.95,0.2,700,3531200,"B"
"VHM","14:14:46",40.95,0.2,11400,3530500,"B"
"VHM","14:14:45",40.95,0.2,7000,3519100,"B"
"VHM","14:14:27",40.95,0.2,2200,3512100,"B"
"VHM","14:14:26",40.95,0.2,200,3509900,"B"
"VHM","14:14:24",40.95,0.2,700,3509700,"B"
"VHM","14:14:23",41,0.25,1800,3509000,"S"
"VHM","14:14:17",40.95,0.2,3700,3507200,"B"
"VHM","14:13:53",40.95,0.2,700,3503500,"B"
"VHM","14:13:45",41,0.25,5000,3502800,"S"
"VHM","14:13:31",41.05,0.3,1000,3497800,"S"
"VHM","14:13:24",41.05,0.3,400,3496800,"S"
"VHM","14:13:24",41,0.25,200,3496400,"S"
"VHM","14:13:23",41,0.25,1500,3496200,"B"
"VHM","14:13:17",41.05,0.3,300,3494700,"S"
"VHM","14:13:01",41,0.25,1000,3494400,"B"
"VHM","14:12:52",41,0.25,700,3493400,"B"
"VHM","14:12:49",41,0.25,10000,3492700,"B"
"VHM","14:12:40",41.05,0.3,500,3482700,"S"
"VHM","14:12:29",41.05,0.3,2000,3482200,"S"
"VHM","14:12:22",41,0.25,10000,3480200,"B"
"VHM","14:12:21",41,0.25,700,3470200,"B"
"VHM","14:12:13",41.05,0.3,3100,3469500,"S"
"VHM","14:12:02",41.05,0.3,5500,3466400,"B"
"VHM","14:11:52",41.05,0.3,7000,3460900,"B"
"VHM","14:11:50",41.1,0.35,9900,3453900,"S"
"VHM","14:11:50",41.05,0.3,700,3444000,"B"
"VHM","14:11:45",41.1,0.35,500,3443300,"S"
"VHM","14:11:19",41.05,0.3,700,3442800,"B"
"VHM","14:10:50",41.1,0.35,11000,3442100,"S"
"VHM","14:10:48",41.05,0.3,700,3431100,"B"
"VHM","14:10:43",41.05,0.3,5000,3430400,"B"
"VHM","14:10:30",41.05,0.3,10000,3425400,"B"
"VHM","14:10:19",41.05,0.3,200,3415400,"B"
"VHM","14:10:17",41.05,0.3,800,3415200,"B"
"VHM","14:10:11",41.05,0.3,100,3414400,"B"
"VHM","14:09:56",41.05,0.3,100,3414300,"B"
"VHM","14:09:46",41.05,0.3,700,3414200,"B"
"VHM","14:09:27",41.1,0.35,600,3413500,"S"
"VHM","14:09:23",41.1,0.35,2400,3412900,"S"
"VHM","14:09:22",41.1,0.35,3600,3410500,"S"
"VHM","14:09:18",41.1,0.35,11100,3406900,"S"
"VHM","14:09:16",41.05,0.3,700,3395800,"B"
"VHM","14:09:11",41.1,0.35,100,3395100,"S"
"VHM","14:09:07",41.1,0.35,2800,3395000,"B"
"VHM","14:09:07",41.1,0.35,500,3392200,"B"
"VHM","14:09:06",41.1,0.35,3000,3391700,"B"
"VHM","14:09:03",41.1,0.35,5000,3388700,"B"
"VHM","14:08:55",41.1,0.35,200,3383700,"B"
"VHM","14:08:48",41.1,0.35,200,3383500,"B"
"VHM","14:08:45",41.15,0.4,200,3383300,"S"
"VHM","14:08:45",41.1,0.35,700,3383100,"B"
"VHM","14:08:30",41.1,0.35,100,3382400,"B"
"VHM","14:08:17",41.1,0.35,1000,3382300,"B"
"VHM","14:08:14",41.15,0.4,11000,3381300,"S"
"VHM","14:08:14",41.1,0.35,700,3370300,"B"
"VHM","14:08:13",41.15,0.4,7800,3369600,"S"
"VHM","14:08:09",41.1,0.35,100,3361800,"B"
"VHM","14:08:06",41.1,0.35,700,3361700,"B"
"VHM","14:07:47",41.1,0.35,300,3361000,"B"
"VHM","14:07:43",41.1,0.35,700,3360700,"B"
"VHM","14:07:36",41.1,0.35,1200,3360000,"B"
"VHM","14:07:34",41.15,0.4,8200,3358800,"S"
"VHM","14:07:33",41.15,0.4,200,3350600,"S"
"VHM","14:07:15",41.15,0.4,100,3350400,"S"
"VHM","14:07:12",41.1,0.35,700,3350300,"B"
"VHM","14:06:55",41.1,0.35,200,3349600,"B"
"VHM","14:06:52",41.15,0.4,300,3349400,"S"
"VHM","14:06:49",41.1,0.35,6300,3349100,"S"
"VHM","14:06:48",41.1,0.35,500,3342800,"S"
"VHM","14:06:47",41.1,0.35,500,3342300,"S"
"VHM","14:06:41",41.05,0.3,700,3341800,"B"
"VHM","14:06:40",41.1,0.35,400,3341100,"S"
"VHM","14:06:37",41.1,0.35,1800,3340700,"S"
"VHM","14:06:11",41.05,0.3,700,3338900,"B"
"VHM","14:06:10",41.1,0.35,2000,3338200,"S"
"VHM","14:05:58",41.1,0.35,200,3336200,"S"
"VHM","14:05:51",41.1,0.35,6600,3336000,"S"
"VHM","14:05:49",41.05,0.3,1300,3329400,"B"
"VHM","14:05:48",41.05,0.3,2800,3328100,"B"
"VHM","14:05:40",41.05,0.3,700,3325300,"B"
"VHM","14:05:30",41.1,0.35,6600,3324600,"S"
"VHM","14:05:19",41.1,0.35,100,3318000,"S"
"VHM","14:05:17",41.05,0.3,2300,3317900,"B"
"VHM","14:05:09",41.05,0.3,700,3315600,"B"
"VHM","14:05:05",41.15,0.4,2600,3314900,"S"
"VHM","14:05:05",41.1,0.35,4000,3312300,"S"
"VHM","14:05:04",41.1,0.35,100,3308300,"S"
"VHM","14:04:57",41.1,0.35,1800,3308200,"S"
"VHM","14:04:38",41.05,0.3,700,3306400,"B"
"VHM","14:04:22",41.1,0.35,6600,3305700,"S"
"VHM","14:04:18",41.1,0.35,8800,3299100,"S"
"VHM","14:04:14",41.1,0.35,100,3290300,"S"
"VHM","14:04:08",41.05,0.3,700,3290200,"B"
"VHM","14:03:54",41.1,0.35,2200,3289500,"S"
"VHM","14:03:37",41.05,0.3,700,3287300,"B"
"VHM","14:03:15",41.05,0.3,600,3286600,"B"
"VHM","14:03:10",41.05,0.3,100,3286000,"B"
"VHM","14:03:06",41.05,0.3,700,3285900,"B"
"VHM","14:02:46",41.1,0.35,400,3285200,"S"
"VHM","14:02:35",41,0.25,700,3284800,"B"
"VHM","14:02:32",41.1,0.35,15300,3284100,"S"
"VHM","14:02:32",41.05,0.3,700,3268800,"S"
"VHM","14:02:30",41.05,0.3,4300,3268100,"B"
"VHM","14:02:24",41.05,0.3,500,3263800,"B"
"VHM","14:02:21",41.05,0.3,6200,3263300,"S"
"VHM","14:02:05",41,0.25,700,3257100,"B"
"VHM","14:01:59",41,0.25,300,3256400,"B"
"VHM","14:01:49",41,0.25,1200,3256100,"S"
"VHM","14:01:46",40.95,0.2,300,3254900,"B"
"VHM","14:01:45",41,0.25,1000,3254600,"S"
"VHM","14:01:39",41,0.25,1000,3253600,"S"
"VHM","14:01:34",40.95,0.2,700,3252600,"B"
"VHM","14:01:31",41,0.25,6600,3251900,"S"
"VHM","14:01:14",41,0.25,7700,3245300,"S"
"VHM","14:01:03",40.95,0.2,700,3237600,"B"
"VHM","14:00:59",41,0.25,2200,3236900,"S"
"VHM","14:00:44",41,0.25,11000,3234700,"S"
"VHM","14:00:42",41,0.25,2200,3223700,"S"
"VHM","14:00:42",40.95,0.2,200,3221500,"B"
"VHM","14:00:32",40.95,0.2,700,3221300,"B"
"VHM","14:00:26",40.95,0.2,200,3220600,"B"
"VHM","14:00:07",40.95,0.2,9600,3220400,"B"
"VHM","14:00:01",40.95,0.2,700,3210800,"B"
"VHM","13:59:56",40.95,0.2,100,3210100,"B"
"VHM","13:59:31",40.95,0.2,700,3210000,"B"
"VHM","13:59:00",40.95,0.2,700,3209300,"B"
"VHM","13:58:54",41,0.25,5000,3208600,"S"
"VHM","13:58:46",41,0.25,3600,3203600,"S"
"VHM","13:58:45",40.95,0.2,100,3200000,"B"
"VHM","13:58:29",40.95,0.2,700,3199900,"B"
"VHM","13:58:28",40.95,0.2,600,3199200,"B"
"VHM","13:58:05",41,0.25,200,3198600,"S"
"VHM","13:58:03",40.95,0.2,500,3198400,"B"
"VHM","13:57:58",40.95,0.2,700,3197900,"B"
"VHM","13:57:53",41,0.25,4100,3197200,"S"
"VHM","13:57:28",40.95,0.2,700,3193100,"B"
"VHM","13:57:18",41,0.25,500,3192400,"S"
"VHM","13:56:56",40.95,0.2,700,3191900,"B"
"VHM","13:56:25",40.95,0.2,700,3191200,"B"
"VHM","13:56:25",41,0.25,2000,3190500,"S"
"VHM","13:56:14",41,0.25,2600,3188500,"B"
"VHM","13:56:09",41,0.25,7000,3185900,"B"
"VHM","13:56:06",41,0.25,200,3178900,"B"
"VHM","13:56:06",41,0.25,100,3178700,"B"
"VHM","13:56:04",41,0.25,100,3178600,"B"
"VHM","13:56:03",41,0.25,1000,3178500,"B"
"VHM","13:55:55",41,0.25,700,3177500,"B"
"VHM","13:55:54",41,0.25,100,3176800,"B"
"VHM","13:55:47",41,0.25,100,3176700,"B"
"VHM","13:55:41",41,0.25,100,3176600,"B"
"VHM","13:55:29",41,0.25,700,3176500,"S"
"VHM","13:55:28",41,0.25,500,3175800,"S"
"VHM","13:55:24",40.95,0.2,700,3175300,"B"
"VHM","13:55:22",41,0.25,3300,3174600,"S"
"VHM","13:55:21",40.95,0.2,100,3171300,"B"
"VHM","13:54:54",40.95,0.2,700,3171200,"B"
"VHM","13:54:53",41,0.25,6600,3170500,"S"
"VHM","13:54:50",41,0.25,600,3163900,"B"
"VHM","13:54:42",41.05,0.3,100,3163300,"S"
"VHM","13:54:37",41,0.25,100,3163200,"B"
"VHM","13:54:36",41,0.25,1000,3163100,"B"
"VHM","13:54:33",41,0.25,100,3162100,"B"
"VHM","13:54:29",41,0.25,5000,3162000,"B"
"VHM","13:54:25",41,0.25,500,3157000,"B"
"VHM","13:54:22",41,0.25,700,3156500,"B"
"VHM","13:54:20",41.05,0.3,6600,3155800,"S"
"VHM","13:54:13",41,0.25,200,3149200,"B"
"VHM","13:54:10",41,0.25,400,3149000,"B"
"VHM","13:54:07",41,0.25,500,3148600,"B"
"VHM","13:54:02",41,0.25,700,3148100,"B"
"VHM","13:54:00",41,0.25,2900,3147400,"B"
"VHM","13:53:51",41,0.25,700,3144500,"B"
"VHM","13:53:45",41.05,0.3,100,3143800,"S"
"VHM","13:53:26",41,0.25,2400,3143700,"B"
"VHM","13:53:20",41,0.25,700,3141300,"B"
"VHM","13:53:17",41,0.25,100,3140600,"B"
"VHM","13:53:08",41,0.25,500,3140500,"B"
"VHM","13:53:04",41,0.25,1000,3140000,"B"
"VHM","13:53:02",41,0.25,2300,3139000,"S"
"VHM","13:52:57",41,0.25,200,3136700,"S"
"VHM","13:52:54",40.95,0.2,1000,3136500,"B"
"VHM","13:52:53",40.95,0.2,200,3135500,"B"
"VHM","13:52:49",40.95,0.2,700,3135300,"B"
"VHM","13:52:45",41,0.25,1000,3134600,"S"
"VHM","13:52:18",40.95,0.2,700,3133600,"B"
"VHM","13:52:08",41,0.25,4700,3132900,"B"
"VHM","13:52:03",41,0.25,4800,3128200,"B"
"VHM","13:52:02",41,0.25,4700,3123400,"B"
"VHM","13:51:56",41,0.25,500,3118700,"B"
"VHM","13:51:54",41,0.25,1600,3118200,"B"
"VHM","13:51:47",41,0.25,12000,3116600,"B"
"VHM","13:51:46",41,0.25,700,3104600,"B"
"VHM","13:51:43",41,0.25,10000,3103900,"B"
"VHM","13:51:42",41,0.25,1000,3093900,"B"
"VHM","13:51:38",41,0.25,500,3092900,"B"
"VHM","13:51:26",41,0.25,1400,3092400,"B"
"VHM","13:51:18",41,0.25,2000,3091000,"B"
"VHM","13:51:15",41,0.25,700,3089000,"B"
"VHM","13:51:07",41,0.25,1000,3088300,"B"
"VHM","13:50:54",41.05,0.3,1300,3087300,"B"
"VHM","13:50:51",41.05,0.3,500,3086000,"B"
"VHM","13:50:50",41.05,0.3,3000,3085500,"B"
"VHM","13:50:48",41.05,0.3,1000,3082500,"B"
"VHM","13:50:44",41.05,0.3,700,3081500,"B"
"VHM","13:50:42",41.05,0.3,100,3080800,"B"
"VHM","13:50:41",41.05,0.3,5000,3080700,"B"
"VHM","13:50:39",41.1,0.35,500,3075700,"S"
"VHM","13:50:30",41.05,0.3,2000,3075200,"B"
"VHM","13:50:29",41.1,0.35,3900,3073200,"S"
"VHM","13:50:28",41.05,0.3,600,3069300,"B"
"VHM","13:50:14",41.05,0.3,12000,3068700,"B"
"VHM","13:50:13",41.05,0.3,700,3056700,"B"
"VHM","13:50:04",41.1,0.35,5000,3056000,"S"
"VHM","13:49:45",41.1,0.35,200,3051000,"S"
"VHM","13:49:42",41.05,0.3,700,3050800,"B"
"VHM","13:49:42",41.1,0.35,500,3050100,"S"
"VHM","13:49:36",41.1,0.35,5000,3049600,"S"
"VHM","13:49:27",41.05,0.3,4800,3044600,"B"
"VHM","13:49:27",41.1,0.35,200,3039800,"B"
"VHM","13:49:26",41.1,0.35,300,3039600,"S"
"VHM","13:49:21",41.1,0.35,5000,3039300,"S"
"VHM","13:49:13",41.05,0.3,4000,3034300,"B"
"VHM","13:49:12",41.05,0.3,700,3030300,"B"
"VHM","13:48:59",41.1,0.35,1800,3029600,"B"
"VHM","13:48:58",41.1,0.35,3000,3027800,"B"
"VHM","13:48:54",41.1,0.35,1000,3024800,"B"
"VHM","13:48:46",41.1,0.35,2000,3023800,"B"
"VHM","13:48:43",41.1,0.35,1000,3021800,"B"
"VHM","13:48:41",41.1,0.35,700,3020800,"B"
"VHM","13:48:39",41.1,0.35,100,3020100,"B"
"VHM","13:48:36",41.1,0.35,1100,3020000,"B"
"VHM","13:48:32",41.1,0.35,400,3018900,"B"
"VHM","13:48:29",41.1,0.35,1000,3018500,"B"
"VHM","13:48:19",41.1,0.35,100,3017500,"B"
"VHM","13:48:13",41.1,0.35,200,3017400,"B"
"VHM","13:48:10",41.1,0.35,700,3017200,"B"
"VHM","13:47:55",41.1,0.35,1000,3016500,"B"
"VHM","13:47:39",41.1,0.35,700,3015500,"B"
"VHM","13:47:23",41.15,0.4,3100,3014800,"S"
"VHM","13:47:23",41.1,0.35,3500,3011700,"S"
"VHM","13:47:20",41.1,0.35,500,3008200,"S"
"VHM","13:47:11",41.1,0.35,8800,3007700,"B"
"VHM","13:47:09",41.1,0.35,1900,2998900,"B"
"VHM","13:47:08",41.1,0.35,800,2997000,"B"
"VHM","13:46:57",41.1,0.35,900,2996200,"B"
"VHM","13:46:57",41.1,0.35,3000,2995300,"B"
"VHM","13:46:51",41.1,0.35,4600,2992300,"S"
"VHM","13:46:47",41.05,0.3,1000,2987700,"B"
"VHM","13:46:40",41.05,0.3,500,2986700,"B"
"VHM","13:46:38",41.05,0.3,700,2986200,"B"
"VHM","13:46:36",41.1,0.35,6900,2985500,"S"
"VHM","13:46:32",41.05,0.3,800,2978600,"B"
"VHM","13:46:31",41.1,0.35,2200,2977800,"S"
"VHM","13:46:31",41.05,0.3,1000,2975600,"B"
"VHM","13:46:28",41.05,0.3,100,2974600,"B"
"VHM","13:46:28",41.1,0.35,10900,2974500,"S"
"VHM","13:46:25",41.1,0.35,5000,2963600,"S"
"VHM","13:46:21",41.1,0.35,100,2958600,"S"
"VHM","13:46:20",41.1,0.35,4900,2958500,"S"
"VHM","13:46:07",41.05,0.3,700,2953600,"B"
"VHM","13:45:56",41.1,0.35,100,2952900,"B"
"VHM","13:45:55",41.1,0.35,100,2952800,"B"
"VHM","13:45:53",41.1,0.35,1500,2952700,"B"
"VHM","13:45:53",41.1,0.35,200,2951200,"B"
"VHM","13:45:49",41.15,0.4,2200,2951000,"S"
"VHM","13:45:46",41.1,0.35,1000,2948800,"B"
"VHM","13:45:36",41.1,0.35,700,2947800,"B"
"VHM","13:45:28",41.15,0.4,500,2947100,"S"
"VHM","13:45:27",41.1,0.35,300,2946600,"B"
"VHM","13:45:23",41.1,0.35,100,2946300,"B"
"VHM","13:45:05",41.1,0.35,700,2946200,"B"
"VHM","13:45:02",41.15,0.4,3000,2945500,"S"
"VHM","13:44:51",41.15,0.4,800,2942500,"S"
"VHM","13:44:40",41.1,0.35,500,2941700,"B"
"VHM","13:44:37",41.15,0.4,24300,2941200,"B"
"VHM","13:44:35",41.15,0.4,700,2916900,"B"
"VHM","13:44:33",41.15,0.4,2000,2916200,"B"
"VHM","13:44:32",41.15,0.4,2000,2914200,"B"
"VHM","13:44:29",41.15,0.4,100,2912200,"B"
"VHM","13:44:26",41.15,0.4,1000,2912100,"B"
"VHM","13:44:25",41.2,0.45,2200,2911100,"S"
"VHM","13:44:23",41.15,0.4,100,2908900,"B"
"VHM","13:44:20",41.15,0.4,1000,2908800,"B"
"VHM","13:44:13",41.15,0.4,100,2907800,"B"
"VHM","13:44:12",41.15,0.4,500,2907700,"B"
"VHM","13:44:08",41.15,0.4,2000,2907200,"B"
"VHM","13:44:04",41.15,0.4,700,2905200,"B"
"VHM","13:44:00",41.15,0.4,4300,2904500,"B"
"VHM","13:43:59",41.15,0.4,10000,2900200,"B"
"VHM","13:43:58",41.15,0.4,6300,2890200,"B"
"VHM","13:43:57",41.15,0.4,1000,2883900,"B"
"VHM","13:43:54",41.15,0.4,1100,2882900,"S"
"VHM","13:43:53",41.15,0.4,2000,2881800,"S"
"VHM","13:43:49",41.15,0.4,400,2879800,"B"
"VHM","13:43:44",41.15,0.4,1000,2879400,"B"
"VHM","13:43:42",41.15,0.4,3600,2878400,"B"
"VHM","13:43:41",41.15,0.4,6400,2874800,"B"
"VHM","13:43:41",41.2,0.45,2200,2868400,"S"
"VHM","13:43:37",41.15,0.4,100,2866200,"B"
"VHM","13:43:36",41.2,0.45,20100,2866100,"S"
"VHM","13:43:35",41.15,0.4,5000,2846000,"B"
"VHM","13:43:34",41.15,0.4,500,2841000,"B"
"VHM","13:43:33",41.15,0.4,700,2840500,"B"
"VHM","13:43:32",41.15,0.4,23800,2839800,"S"
"VHM","13:43:25",41.15,0.4,100,2816000,"S"
"VHM","13:43:24",41.1,0.35,100,2815900,"B"
"VHM","13:43:12",41.1,0.35,3400,2815800,"S"
"VHM","13:43:09",41.1,0.35,15900,2812400,"S"
"VHM","13:43:08",41.1,0.35,100,2796500,"S"
"VHM","13:43:05",41.1,0.35,30000,2796400,"S"
"VHM","13:43:02",41.05,0.3,700,2766400,"B"
"VHM","13:43:02",41.1,0.35,1000,2765700,"S"
"VHM","13:42:50",41.1,0.35,1000,2764700,"S"
"VHM","13:42:46",41.05,0.3,2000,2763700,"S"
"VHM","13:42:45",41.05,0.3,1900,2761700,"S"
"VHM","13:42:43",41.05,0.3,20000,2759800,"S"
"VHM","13:42:33",41.05,0.3,2200,2739800,"S"
"VHM","13:42:32",41,0.25,700,2737600,"B"
"VHM","13:42:24",41,0.25,12400,2736900,"S"
"VHM","13:42:22",41,0.25,1000,2724500,"S"
"VHM","13:42:19",41,0.25,1000,2723500,"S"
"VHM","13:42:13",41,0.25,5000,2722500,"S"
"VHM","13:42:01",40.9,0.15,700,2717500,"B"
"VHM","13:41:58",41,0.25,3400,2716800,"S"
"VHM","13:41:56",41,0.25,2200,2713400,"S"
"VHM","13:41:56",41,0.25,10100,2711200,"S"
"VHM","13:41:50",41,0.25,4200,2701100,"S"
"VHM","13:41:41",41,0.25,6600,2696900,"S"
"VHM","13:41:38",41,0.25,3400,2690300,"S"
"VHM","13:41:36",41,0.25,1900,2686900,"S"
"VHM","13:41:36",40.95,0.2,2000,2685000,"S"
"VHM","13:41:33",40.95,0.2,2200,2683000,"S"
"VHM","13:41:30",40.85,0.1,700,2680800,"B"
"VHM","13:41:23",40.95,0.2,10700,2680100,"S"
"VHM","13:41:20",40.95,0.2,1600,2669400,"S"
"VHM","13:41:20",40.9,0.15,1800,2667800,"S"
"VHM","13:41:16",40.9,0.15,500,2666000,"S"
"VHM","13:41:09",40.9,0.15,1000,2665500,"S"
"VHM","13:41:05",40.9,0.15,2200,2664500,"S"
"VHM","13:41:00",40.85,0.1,700,2662300,"B"
"VHM","13:40:43",40.85,0.1,20000,2661600,"B"
"VHM","13:40:29",40.85,0.1,700,2641600,"B"
"VHM","13:40:28",40.9,0.15,1000,2640900,"S"
"VHM","13:40:15",40.9,0.15,2500,2639900,"S"
"VHM","13:39:58",40.85,0.1,700,2637400,"B"
"VHM","13:39:28",40.85,0.1,700,2636700,"B"
"VHM","13:39:27",40.9,0.15,100,2636000,"S"
"VHM","13:39:25",40.9,0.15,2000,2635900,"S"
"VHM","13:38:56",40.85,0.1,700,2633900,"B"
"VHM","13:38:56",40.9,0.15,2000,2633200,"S"
"VHM","13:38:43",40.9,0.15,2000,2631200,"S"
"VHM","13:38:28",40.9,0.15,100,2629200,"S"
"VHM","13:38:25",40.85,0.1,700,2629100,"B"
"VHM","13:38:21",40.9,0.15,2000,2628400,"S"
"VHM","13:38:18",40.9,0.15,700,2626400,"B"
"VHM","13:38:12",40.9,0.15,700,2625700,"B"
"VHM","13:38:10",40.9,0.15,600,2625000,"S"
"VHM","13:37:55",40.85,0.1,700,2624400,"B"
"VHM","13:37:45",40.9,0.15,19400,2623700,"B"
"VHM","13:37:41",40.95,0.2,1700,2604300,"S"
"VHM","13:37:24",40.9,0.15,700,2602600,"B"
"VHM","13:36:53",40.9,0.15,700,2601900,"B"
"VHM","13:36:29",40.95,0.2,9600,2601200,"B"
"VHM","13:36:23",40.95,0.2,700,2591600,"B"
"VHM","13:36:19",40.95,0.2,9900,2590900,"B"
"VHM","13:36:18",40.95,0.2,1000,2581000,"B"
"VHM","13:36:15",40.95,0.2,10000,2580000,"B"
"VHM","13:36:12",40.95,0.2,1000,2570000,"B"
"VHM","13:36:12",41,0.25,1500,2569000,"S"
"VHM","13:36:10",40.95,0.2,2000,2567500,"B"
"VHM","13:35:58",40.95,0.2,1000,2565500,"B"
"VHM","13:35:52",40.95,0.2,700,2564500,"B"
"VHM","13:35:52",40.95,0.2,300,2563800,"B"
"VHM","13:35:34",40.95,0.2,5000,2563500,"B"
"VHM","13:35:21",40.95,0.2,700,2558500,"B"
"VHM","13:35:16",40.95,0.2,800,2557800,"B"
"VHM","13:35:11",40.95,0.2,1500,2557000,"B"
"VHM","13:34:50",40.95,0.2,700,2555500,"B"
"VHM","13:34:47",41,0.25,3000,2554800,"S"
"VHM","13:34:44",41,0.25,100,2551800,"S"
"VHM","13:34:23",41,0.25,10000,2551700,"S"
"VHM","13:34:19",40.95,0.2,700,2541700,"B"
"VHM","13:33:54",41,0.25,5000,2541000,"S"
"VHM","13:33:49",40.95,0.2,700,2536000,"B"
"VHM","13:33:48",40.95,0.2,1500,2535300,"B"
"VHM","13:33:36",41,0.25,5000,2533800,"S"
"VHM","13:33:18",40.95,0.2,700,2528800,"B"
"VHM","13:33:16",40.95,0.2,6000,2528100,"B"
"VHM","13:32:50",41,0.25,19400,2522100,"S"
"VHM","13:32:48",40.95,0.2,100,2502700,"B"
"VHM","13:32:47",40.95,0.2,700,2502600,"B"
"VHM","13:32:27",40.95,0.2,7500,2501900,"S"
"VHM","13:32:26",40.95,0.2,26200,2494400,"S"
"VHM","13:32:26",40.9,0.15,1500,2468200,"S"
"VHM","13:32:18",40.9,0.15,500,2466700,"B"
"VHM","13:32:17",40.9,0.15,700,2466200,"B"
"VHM","13:31:58",40.9,0.15,2900,2465500,"S"
"VHM","13:31:49",40.9,0.15,7100,2462600,"B"
"VHM","13:31:46",40.9,0.15,700,2455500,"B"
"VHM","13:31:35",40.9,0.15,100,2454800,"B"
"VHM","13:31:34",40.9,0.15,1000,2454700,"B"
"VHM","13:31:15",40.9,0.15,700,2453700,"B"
"VHM","13:31:13",40.95,0.2,3000,2453000,"S"
"VHM","13:31:03",40.9,0.15,9800,2450000,"S"
"VHM","13:30:44",40.85,0.1,700,2440200,"B"
"VHM","13:30:32",40.9,0.15,2200,2439500,"S"
"VHM","13:30:13",40.85,0.1,700,2437300,"B"
"VHM","13:30:12",40.85,0.1,200,2436600,"B"
"VHM","13:29:42",40.85,0.1,700,2436400,"B"
"VHM","13:29:12",40.85,0.1,700,2435700,"B"
"VHM","13:29:05",40.85,0.1,200,2435000,"B"
"VHM","13:28:41",40.85,0.1,700,2434800,"B"
"VHM","13:28:10",40.85,0.1,700,2434100,"B"
"VHM","13:28:01",40.9,0.15,2200,2433400,"S"
"VHM","13:28:00",40.9,0.15,3000,2431200,"S"
"VHM","13:27:40",40.85,0.1,700,2428200,"B"
"VHM","13:27:12",40.9,0.15,10000,2427500,"S"
"VHM","13:27:09",40.85,0.1,700,2417500,"B"
"VHM","13:27:03",40.9,0.15,2200,2416800,"S"
"VHM","13:26:59",40.85,0.1,800,2414600,"B"
"VHM","13:26:59",40.9,0.15,500,2413800,"S"
"VHM","13:26:39",40.85,0.1,700,2413300,"B"
"VHM","13:26:35",40.85,0.1,2900,2412600,"S"
"VHM","13:26:33",40.85,0.1,2000,2409700,"S"
"VHM","13:26:27",40.85,0.1,1000,2407700,"S"
"VHM","13:26:25",40.85,0.1,100,2406700,"S"
"VHM","13:26:22",40.85,0.1,200,2406600,"S"
"VHM","13:25:44",40.85,0.1,200,2406400,"S"
"VHM","13:25:24",40.85,0.1,100,2406200,"S"
"VHM","13:25:19",40.85,0.1,5700,2406100,"B"
"VHM","13:25:07",40.85,0.1,7000,2400400,"B"
"VHM","13:25:06",40.85,0.1,600,2393400,"B"
"VHM","13:24:53",40.85,0.1,500,2392800,"B"
"VHM","13:24:42",40.85,0.1,100,2392300,"B"
"VHM","13:24:35",40.85,0.1,600,2392200,"B"
"VHM","13:24:17",40.85,0.1,1000,2391600,"B"
"VHM","13:24:04",40.85,0.1,600,2390600,"B"
"VHM","13:23:34",40.85,0.1,600,2390000,"B"
"VHM","13:23:33",40.85,0.1,2800,2389400,"B"
"VHM","13:23:23",40.85,0.1,200,2386600,"S"
"VHM","13:23:21",40.85,0.1,100,2386400,"S"
"VHM","13:23:19",40.85,0.1,100,2386300,"S"
"VHM","13:23:10",40.85,0.1,1000,2386200,"S"
"VHM","13:23:05",40.85,0.1,100,2385200,"S"
"VHM","13:23:03",40.85,0.1,1000,2385100,"S"
"VHM","13:22:39",40.85,0.1,100,2384100,"S"
"VHM","13:22:20",40.85,0.1,9500,2384000,"B"
"VHM","13:22:01",40.85,0.1,600,2374500,"B"
"VHM","13:21:35",40.9,0.15,500,2373900,"S"
"VHM","13:21:31",40.9,0.15,100,2373400,"S"
"VHM","13:21:30",40.85,0.1,600,2373300,"B"
"VHM","13:21:22",40.9,0.15,100,2372700,"S"
"VHM","13:21:18",40.85,0.1,5000,2372600,"B"
"VHM","13:21:15",40.85,0.1,200,2367600,"B"
"VHM","13:20:59",40.85,0.1,600,2367400,"B"
"VHM","13:20:56",40.85,0.1,600,2366800,"B"
"VHM","13:20:40",40.9,0.15,100,2366200,"S"
"VHM","13:20:29",40.85,0.1,600,2366100,"B"
"VHM","13:20:06",40.9,0.15,100,2365500,"S"
"VHM","13:19:58",40.85,0.1,600,2365400,"B"
"VHM","13:19:33",40.9,0.15,500,2364800,"S"
"VHM","13:19:27",40.85,0.1,600,2364300,"B"
"VHM","13:19:16",40.85,0.1,1400,2363700,"B"
"VHM","13:19:10",40.85,0.1,3000,2362300,"B"
"VHM","13:18:57",40.85,0.1,600,2359300,"B"
"VHM","13:18:27",40.85,0.1,600,2358700,"B"
"VHM","13:18:24",40.85,0.1,3700,2358100,"B"
"VHM","13:18:24",40.9,0.15,4300,2354400,"B"
"VHM","13:18:17",40.9,0.15,3000,2350100,"B"
"VHM","13:18:09",40.9,0.15,32800,2347100,"S"
"VHM","13:17:55",40.85,0.1,600,2314300,"B"
"VHM","13:17:48",40.9,0.15,2200,2313700,"S"
"VHM","13:17:28",40.85,0.1,1000,2311500,"B"
"VHM","13:17:26",40.85,0.1,100,2310500,"B"
"VHM","13:17:25",40.85,0.1,600,2310400,"B"
"VHM","13:17:19",40.85,0.1,500,2309800,"B"
"VHM","13:17:14",40.85,0.1,100,2309300,"B"
"VHM","13:17:12",40.85,0.1,1000,2309200,"B"
"VHM","13:17:02",40.85,0.1,2100,2308200,"B"
"VHM","13:17:00",40.85,0.1,3000,2306100,"B"
"VHM","13:16:54",40.85,0.1,600,2303100,"B"
"VHM","13:16:46",40.85,0.1,100,2302500,"B"
"VHM","13:16:43",40.9,0.15,100,2302400,"S"
"VHM","13:16:42",40.85,0.1,14400,2302300,"S"
"VHM","13:16:30",40.8,0.05,1300,2287900,"B"
"VHM","13:16:30",40.85,0.1,2000,2286600,"S"
"VHM","13:16:14",40.85,0.1,2000,2284600,"S"
"VHM","13:15:56",40.85,0.1,5200,2282600,"B"
"VHM","13:15:52",40.85,0.1,2600,2277400,"S"
"VHM","13:15:50",40.85,0.1,2500,2274800,"S"
"VHM","13:15:46",40.85,0.1,500,2272300,"S"
"VHM","13:15:43",40.85,0.1,200,2271800,"S"
"VHM","13:15:38",40.85,0.1,1000,2271600,"S"
"VHM","13:15:35",40.85,0.1,9900,2270600,"S"
"VHM","13:15:28",40.8,0.05,2000,2260700,"B"
"VHM","13:15:16",40.8,0.05,5800,2258700,"B"
"VHM","13:15:01",40.8,0.05,100,2252900,"B"
"VHM","13:14:55",40.8,0.05,500,2252800,"B"
"VHM","13:14:53",40.8,0.05,500,2252300,"B"
"VHM","13:14:42",40.8,0.05,4200,2251800,"B"
"VHM","13:14:38",40.8,0.05,100,2247600,"B"
"VHM","13:14:34",40.8,0.05,500,2247500,"B"
"VHM","13:14:25",40.8,0.05,20000,2247000,"B"
"VHM","13:14:23",40.8,0.05,200,2227000,"B"
"VHM","13:14:22",40.8,0.05,1600,2226800,"B"
"VHM","13:14:13",40.8,0.05,100,2225200,"B"
"VHM","13:14:10",40.8,0.05,1000,2225100,"B"
"VHM","13:14:00",40.8,0.05,7800,2224100,"B"
"VHM","13:13:51",40.8,0.05,11000,2216300,"B"
"VHM","13:13:50",40.8,0.05,100,2205300,"B"
"VHM","13:13:49",40.8,0.05,11000,2205200,"B"
"VHM","13:13:48",40.8,0.05,1000,2194200,"B"
"VHM","13:12:59",40.8,0.05,2000,2193200,"B"
"VHM","13:12:55",40.85,0.1,200,2191200,"S"
"VHM","13:12:44",40.85,0.1,1000,2191000,"S"
"VHM","13:12:32",40.85,0.1,2000,2190000,"S"
"VHM","13:12:17",40.85,0.1,4400,2188000,"S"
"VHM","13:12:04",40.8,0.05,5000,2183600,"B"
"VHM","13:12:01",40.8,0.05,500,2178600,"B"
"VHM","13:11:25",40.8,0.05,500,2178100,"B"
"VHM","13:11:23",40.85,0.1,500,2177600,"S"
"VHM","13:11:17",40.8,0.05,1000,2177100,"B"
"VHM","13:11:15",40.8,0.05,100,2176100,"B"
"VHM","13:11:03",40.8,0.05,2500,2176000,"B"
"VHM","13:11:02",40.8,0.05,400,2173500,"B"
"VHM","13:11:02",40.8,0.05,4000,2173100,"B"
"VHM","13:11:00",40.8,0.05,100,2169100,"B"
"VHM","13:10:29",40.8,0.05,2000,2169000,"B"
"VHM","13:10:23",40.8,0.05,100,2167000,"B"
"VHM","13:10:20",40.85,0.1,2200,2166900,"S"
"VHM","13:10:19",40.85,0.1,2200,2164700,"S"
"VHM","13:10:11",40.85,0.1,600,2162500,"S"
"VHM","13:09:49",40.85,0.1,400,2161900,"S"
"VHM","13:09:45",40.85,0.1,100,2161500,"S"
"VHM","13:09:30",40.8,0.05,100,2161400,"B"
"VHM","13:09:11",40.8,0.05,300,2161300,"B"
"VHM","13:09:00",40.85,0.1,500,2161000,"S"
"VHM","13:09:00",40.8,0.05,9600,2160500,"B"
"VHM","13:08:43",40.8,0.05,1000,2150900,"B"
"VHM","13:08:39",40.8,0.05,500,2149900,"B"
"VHM","13:08:22",40.8,0.05,100,2149400,"B"
"VHM","13:08:20",40.85,0.1,700,2149300,"B"
"VHM","13:08:18",40.85,0.1,7900,2148600,"B"
"VHM","13:08:13",40.85,0.1,600,2140700,"B"
"VHM","13:07:59",40.85,0.1,300,2140100,"B"
"VHM","13:07:57",40.9,0.15,5000,2139800,"S"
"VHM","13:07:42",40.85,0.1,600,2134800,"B"
"VHM","13:07:40",40.85,0.1,2000,2134200,"B"
"VHM","13:07:29",40.9,0.15,600,2132200,"S"
"VHM","13:07:12",40.85,0.1,600,2131600,"B"
"VHM","13:07:09",40.85,0.1,100,2131000,"B"
"VHM","13:06:54",40.85,0.1,3000,2130900,"B"
"VHM","13:06:49",40.85,0.1,100,2127900,"B"
"VHM","13:06:47",40.85,0.1,500,2127800,"B"
"VHM","13:06:40",40.85,0.1,600,2127300,"B"
"VHM","13:06:26",40.85,0.1,200,2126700,"B"
"VHM","13:06:11",40.85,0.1,200,2126500,"B"
"VHM","13:06:10",40.85,0.1,600,2126300,"B"
"VHM","13:06:06",40.85,0.1,2000,2125700,"B"
"VHM","13:05:59",40.85,0.1,900,2123700,"B"
"VHM","13:05:53",40.85,0.1,3000,2122800,"B"
"VHM","13:05:47",40.85,0.1,700,2119800,"B"
"VHM","13:05:39",40.85,0.1,600,2119100,"B"
"VHM","13:05:33",40.85,0.1,5300,2118500,"S"
"VHM","13:05:27",40.85,0.1,400,2113200,"S"
"VHM","13:05:03",40.85,0.1,100,2112800,"B"
"VHM","13:04:37",40.85,0.1,600,2112700,"B"
"VHM","13:04:19",40.85,0.1,300,2112100,"S"
"VHM","13:04:15",40.85,0.1,2000,2111800,"S"
"VHM","13:04:14",40.85,0.1,3000,2109800,"S"
"VHM","13:04:08",40.85,0.1,1000,2106800,"S"
"VHM","13:04:03",40.85,0.1,5000,2105800,"S"
"VHM","13:03:49",40.85,0.1,5000,2100800,"S"
"VHM","13:03:03",40.85,0.1,100,2095800,"S"
"VHM","13:02:56",40.85,0.1,200,2095700,"S"
"VHM","13:01:41",40.85,0.1,200,2095500,"S"
"VHM","13:01:37",40.8,0.05,4000,2095300,"B"
"VHM","13:01:30",40.8,0.05,500,2091300,"B"
"VHM","13:01:27",40.85,0.1,100,2090800,"S"
"VHM","13:01:23",40.85,0.1,5000,2090700,"S"
"VHM","13:01:22",40.85,0.1,1400,2085700,"B"
"VHM","13:01:21",40.85,0.1,1500,2084300,"B"
"VHM","13:01:19",40.85,0.1,4000,2082800,"B"
"VHM","13:01:18",40.85,0.1,500,2078800,"B"
"VHM","13:01:13",40.85,0.1,500,2078300,"B"
"VHM","13:01:08",40.85,0.1,5000,2077800,"B"
"VHM","13:01:06",40.85,0.1,3500,2072800,"B"
"VHM","13:01:05",40.85,0.1,1000,2069300,"B"
"VHM","13:01:01",40.85,0.1,800,2068300,"B"
"VHM","13:00:20",40.9,0.15,3000,2067500,"S"
"VHM","13:00:19",40.9,0.15,1500,2064500,"S"
"VHM","13:00:18",40.9,0.15,1000,2063000,"S"
"VHM","13:00:15",40.9,0.15,100,2062000,"S"
"VHM","13:00:14",40.9,0.15,700,2061900,"S"
"VHM","13:00:12",40.9,0.15,500,2061200,"S"
"VHM","13:00:09",40.85,0.1,1200,2060700,"B"
"VHM","13:00:05",40.9,0.15,100,2059500,"S"
"VHM","13:00:04",40.85,0.1,100,2059400,"B"
"VHM","13:00:03",40.95,0.2,3000,2056300,"S"
"VHM","13:00:03",40.85,0.1,3600,2053300,"B"
"VHM","13:00:03",40.9,0.15,9400,2049700,"B"
"VHM","13:00:01",40.9,0.15,600,2040300,"S"
"VHM","13:00:00",40.85,0.1,12000,2039700,"B"
"VHM","13:00:00",40.9,0.15,600,2027700,"B"
"VHM","13:00:00",40.95,0.2,400,2027100,"S"
"VHM","13:00:00",40.9,0.15,500,2026700,"B"
"VHM","11:28:22",40.95,0.2,300,2026200,"S"
"VHM","11:28:22",40.9,0.15,700,2025900,"S"
"VHM","11:28:22",40.9,0.15,9000,2025200,"S"
"VHM","11:28:05",40.9,0.15,100,2016200,"S"
"VHM","11:27:36",40.9,0.15,200,2016100,"B"
"VHM","11:27:33",40.9,0.15,2000,2015900,"B"
"VHM","11:27:30",40.9,0.15,800,2013900,"B"
"VHM","11:27:28",40.9,0.15,100,2013100,"B"
"VHM","11:27:12",40.9,0.15,2000,2013000,"B"
"VHM","11:27:00",40.9,0.15,5900,2011000,"S"
"VHM","11:26:59",40.85,0.1,800,2005100,"B"
"VHM","11:26:43",40.9,0.15,1500,2004300,"S"
"VHM","11:26:28",40.85,0.1,800,2002800,"B"
"VHM","11:26:20",40.9,0.15,100,2002000,"S"
"VHM","11:26:11",40.9,0.15,1000,2001900,"S"
"VHM","11:26:10",40.9,0.15,14100,2000900,"B"
"VHM","11:25:58",40.9,0.15,800,1986800,"B"
"VHM","11:25:40",40.9,0.15,5000,1986000,"B"
"VHM","11:25:38",40.9,0.15,1000,1981000,"B"
"VHM","11:25:27",40.9,0.15,800,1980000,"B"
"VHM","11:25:17",40.9,0.15,100,1979200,"B"
"VHM","11:24:56",40.9,0.15,800,1979100,"B"
"VHM","11:24:25",40.9,0.15,800,1978300,"B"
"VHM","11:24:16",40.9,0.15,500,1977500,"B"
"VHM","11:24:06",40.95,0.2,500,1977000,"S"
"VHM","11:23:54",40.9,0.15,800,1976500,"B"
"VHM","11:23:49",40.95,0.2,100,1975700,"S"
"VHM","11:23:23",40.9,0.15,800,1975600,"B"
"VHM","11:22:53",40.9,0.15,800,1974800,"B"
"VHM","11:22:22",40.9,0.15,800,1974000,"B"
"VHM","11:22:08",40.9,0.15,200,1973200,"B"
"VHM","11:21:57",40.95,0.2,5000,1973000,"S"
"VHM","11:21:51",40.9,0.15,800,1968000,"B"
"VHM","11:21:26",40.95,0.2,1500,1967200,"S"
"VHM","11:21:20",40.9,0.15,800,1965700,"B"
"VHM","11:20:49",40.9,0.15,800,1964900,"B"
"VHM","11:20:19",40.9,0.15,700,1964100,"B"
"VHM","11:20:00",40.95,0.2,100,1963400,"S"
"VHM","11:19:49",40.9,0.15,700,1963300,"B"
"VHM","11:19:17",40.9,0.15,700,1962600,"B"
"VHM","11:18:46",40.9,0.15,700,1961900,"B"
"VHM","11:18:15",40.9,0.15,700,1961200,"B"
"VHM","11:18:14",40.95,0.2,100,1960500,"S"
"VHM","11:18:11",40.95,0.2,1000,1960400,"S"
"VHM","11:17:57",40.95,0.2,500,1959400,"S"
"VHM","11:17:44",40.9,0.15,700,1958900,"B"
"VHM","11:17:42",40.95,0.2,9800,1958200,"B"
"VHM","11:17:27",40.95,0.2,5000,1948400,"B"
"VHM","11:17:14",40.95,0.2,700,1943400,"B"
"VHM","11:16:42",40.95,0.2,700,1942700,"B"
"VHM","11:16:38",40.95,0.2,100,1942000,"B"
"VHM","11:16:12",40.95,0.2,700,1941900,"B"
"VHM","11:15:49",40.95,0.2,6500,1941200,"S"
"VHM","11:15:41",40.9,0.15,700,1934700,"B"
"VHM","11:15:40",40.95,0.2,1000,1934000,"S"
"VHM","11:15:28",40.9,0.15,300,1933000,"B"
"VHM","11:15:11",40.9,0.15,700,1932700,"B"
"VHM","11:14:40",40.9,0.15,900,1932000,"B"
"VHM","11:14:23",40.9,0.15,100,1931100,"B"
"VHM","11:14:09",40.9,0.15,3200,1931000,"B"
"VHM","11:13:47",40.9,0.15,500,1927800,"B"
"VHM","11:13:41",40.9,0.15,100,1927300,"B"
"VHM","11:13:38",40.9,0.15,700,1927200,"B"
"VHM","11:13:07",40.9,0.15,700,1926500,"B"
"VHM","11:12:54",40.9,0.15,100,1925800,"B"
"VHM","11:12:53",40.9,0.15,300,1925700,"B"
"VHM","11:12:36",40.9,0.15,700,1925400,"B"
"VHM","11:12:23",40.9,0.15,500,1924700,"B"
"VHM","11:12:07",40.9,0.15,700,1924200,"B"
"VHM","11:11:58",40.9,0.15,100,1923500,"B"
"VHM","11:11:35",40.9,0.15,700,1923400,"B"
"VHM","11:11:04",40.9,0.15,700,1922700,"B"
"VHM","11:11:01",40.95,0.2,100,1922000,"B"
"VHM","11:11:00",40.95,0.2,100,1921900,"B"
"VHM","11:10:34",40.95,0.2,700,1921800,"B"
"VHM","11:10:32",40.95,0.2,300,1921100,"B"
"VHM","11:10:29",40.95,0.2,8800,1920800,"S"
"VHM","11:10:25",40.95,0.2,10000,1912000,"S"
"VHM","11:10:03",40.9,0.15,700,1902000,"B"
"VHM","11:09:58",40.95,0.2,60000,1901300,"S"
"VHM","11:09:32",40.9,0.15,1700,1841300,"B"
"VHM","11:09:26",40.9,0.15,100,1839600,"B"
"VHM","11:09:25",40.9,0.15,1000,1839500,"B"
"VHM","11:09:09",40.9,0.15,200,1838500,"B"
"VHM","11:09:02",40.9,0.15,700,1838300,"B"
"VHM","11:09:00",40.9,0.15,100,1837600,"B"
"VHM","11:08:40",40.9,0.15,1000,1837500,"B"
"VHM","11:08:31",40.9,0.15,700,1836500,"B"
"VHM","11:08:28",40.9,0.15,400,1835800,"B"
"VHM","11:08:00",40.9,0.15,700,1835400,"B"
"VHM","11:07:58",40.9,0.15,5000,1834700,"B"
"VHM","11:07:52",40.9,0.15,2000,1829700,"B"
"VHM","11:07:29",40.9,0.15,700,1827700,"B"
"VHM","11:07:26",40.9,0.15,100,1827000,"B"
"VHM","11:06:58",40.9,0.15,700,1826900,"B"
"VHM","11:06:55",40.9,0.15,400,1826200,"B"
"VHM","11:06:49",40.9,0.15,5000,1825800,"B"
"VHM","11:06:48",40.9,0.15,300,1820800,"B"
"VHM","11:06:47",40.95,0.2,100,1820500,"S"
"VHM","11:06:43",40.9,0.15,2000,1820400,"B"
"VHM","11:06:40",40.9,0.15,2000,1818400,"B"
"VHM","11:06:32",40.9,0.15,100,1816400,"B"
"VHM","11:06:29",40.9,0.15,400,1816300,"B"
"VHM","11:06:27",40.9,0.15,700,1815900,"B"
"VHM","11:05:57",40.9,0.15,900,1815200,"B"
"VHM","11:05:30",40.9,0.15,100,1814300,"B"
"VHM","11:05:26",40.9,0.15,700,1814200,"B"
"VHM","11:04:55",40.9,0.15,1700,1813500,"B"
"VHM","11:04:51",40.9,0.15,1000,1811800,"B"
"VHM","11:04:27",40.9,0.15,400,1810800,"B"
"VHM","11:04:24",40.9,0.15,700,1810400,"B"
"VHM","11:04:23",40.9,0.15,600,1809700,"B"
"VHM","11:04:08",40.9,0.15,1000,1809100,"B"
"VHM","11:03:53",40.9,0.15,700,1808100,"B"
"VHM","11:03:41",40.9,0.15,500,1807400,"B"
"VHM","11:03:22",40.9,0.15,700,1806900,"B"
"VHM","11:03:11",40.9,0.15,10500,1806200,"S"
"VHM","11:02:52",40.85,0.1,700,1795700,"B"
"VHM","11:02:21",40.85,0.1,700,1795000,"B"
"VHM","11:02:17",40.85,0.1,100,1794300,"B"
"VHM","11:01:50",40.85,0.1,700,1794200,"B"
"VHM","11:01:28",40.85,0.1,800,1793500,"B"
"VHM","11:01:26",40.9,0.15,400,1792700,"S"
"VHM","11:01:21",40.85,0.1,100,1792300,"B"
"VHM","11:01:19",40.85,0.1,700,1792200,"B"
"VHM","11:00:49",40.85,0.1,700,1791500,"B"
"VHM","11:00:48",40.85,0.1,2700,1790800,"B"
"VHM","11:00:18",40.85,0.1,700,1788100,"B"
"VHM","11:00:00",40.85,0.1,500,1787400,"B"
"VHM","10:59:47",40.85,0.1,700,1786900,"B"
"VHM","10:59:46",40.85,0.1,800,1786200,"B"
"VHM","10:59:34",40.9,0.15,7300,1785400,"B"
"VHM","10:59:32",40.9,0.15,1300,1778100,"B"
"VHM","10:59:16",40.9,0.15,700,1776800,"B"
"VHM","10:58:50",40.9,0.15,300,1776100,"B"
"VHM","10:58:46",40.9,0.15,700,1775800,"B"
"VHM","10:58:39",40.9,0.15,1000,1775100,"B"
"VHM","10:58:25",40.9,0.15,100,1774100,"B"
"VHM","10:58:15",40.9,0.15,700,1774000,"B"
"VHM","10:58:00",40.9,0.15,400,1773300,"B"
"VHM","10:57:44",40.9,0.15,700,1772900,"B"
"VHM","10:57:38",40.9,0.15,100,1772200,"B"
"VHM","10:57:20",40.9,0.15,2100,1772100,"S"
"VHM","10:57:14",40.85,0.1,700,1770000,"B"
"VHM","10:57:14",40.9,0.15,2900,1769300,"B"
"VHM","10:57:11",40.9,0.15,700,1766400,"B"
"VHM","10:57:10",40.9,0.15,3000,1765700,"B"
"VHM","10:57:10",40.9,0.15,500,1762700,"B"
"VHM","10:57:04",40.9,0.15,5000,1762200,"B"
"VHM","10:56:49",40.9,0.15,100,1757200,"B"
"VHM","10:56:42",40.9,0.15,700,1757100,"B"
"VHM","10:56:12",40.9,0.15,700,1756400,"B"
"VHM","10:55:41",40.9,0.15,700,1755700,"B"
"VHM","10:55:35",40.9,0.15,1000,1755000,"B"
"VHM","10:55:12",40.9,0.15,1500,1754000,"B"
"VHM","10:55:11",40.9,0.15,700,1752500,"B"
"VHM","10:54:39",40.9,0.15,700,1751800,"B"
"VHM","10:54:22",40.9,0.15,300,1751100,"B"
"VHM","10:54:09",40.9,0.15,700,1750800,"B"
"VHM","10:54:02",40.9,0.15,500,1750100,"B"
"VHM","10:53:57",40.9,0.15,4400,1749600,"B"
"VHM","10:53:46",40.9,0.15,1000,1745200,"B"
"VHM","10:53:45",40.95,0.2,300,1744200,"S"
"VHM","10:53:44",40.9,0.15,2500,1743900,"B"
"VHM","10:53:40",40.9,0.15,3000,1741400,"B"
"VHM","10:53:28",40.9,0.15,1000,1738400,"B"
"VHM","10:53:08",40.9,0.15,700,1737400,"B"
"VHM","10:53:07",40.95,0.2,500,1736700,"S"
"VHM","10:53:01",40.95,0.2,100,1736200,"S"
"VHM","10:52:37",40.9,0.15,4400,1736100,"B"
"VHM","10:52:37",40.9,0.15,700,1731700,"B"
"VHM","10:52:08",40.9,0.15,100,1731000,"B"
"VHM","10:52:05",40.9,0.15,700,1730900,"B"
"VHM","10:51:42",40.9,0.15,4400,1730200,"B"
"VHM","10:51:35",40.9,0.15,700,1725800,"B"
"VHM","10:51:25",40.9,0.15,200,1725100,"S"
"VHM","10:51:22",40.9,0.15,1000,1724900,"S"
"VHM","10:51:04",40.85,0.1,700,1723900,"B"
"VHM","10:51:04",40.9,0.15,100,1723200,"B"
"VHM","10:50:52",40.9,0.15,500,1723100,"B"
"VHM","10:50:50",40.9,0.15,4400,1722600,"S"
"VHM","10:50:44",40.85,0.1,400,1718200,"B"
"VHM","10:50:43",40.85,0.1,4000,1717800,"B"
"VHM","10:50:43",40.85,0.1,4400,1713800,"B"
"VHM","10:50:32",40.85,0.1,600,1709400,"B"
"VHM","10:50:26",40.9,0.15,14000,1708800,"S"
"VHM","10:50:02",40.85,0.1,600,1694800,"B"
"VHM","10:49:59",40.85,0.1,500,1694200,"B"
"VHM","10:49:39",40.85,0.1,100,1693700,"B"
"VHM","10:49:31",40.85,0.1,600,1693600,"B"
"VHM","10:49:12",40.9,0.15,500,1693000,"S"
"VHM","10:49:00",40.85,0.1,600,1692500,"B"
"VHM","10:48:43",40.9,0.15,100,1691900,"S"
"VHM","10:48:32",40.9,0.15,10900,1691800,"B"
"VHM","10:48:30",40.9,0.15,600,1680900,"B"
"VHM","10:48:26",40.9,0.15,1300,1680300,"B"
"VHM","10:48:11",40.9,0.15,5000,1679000,"B"
"VHM","10:47:59",40.9,0.15,600,1674000,"B"
"VHM","10:47:40",40.9,0.15,1000,1673400,"B"
"VHM","10:47:28",40.9,0.15,600,1672400,"B"
"VHM","10:47:20",40.9,0.15,100,1671800,"B"
"VHM","10:47:14",40.9,0.15,1800,1671700,"B"
"VHM","10:47:09",40.9,0.15,500,1669900,"B"
"VHM","10:46:57",40.9,0.15,600,1669400,"B"
"VHM","10:46:26",40.9,0.15,600,1668800,"B"
"VHM","10:46:25",40.9,0.15,100,1668200,"B"
"VHM","10:46:18",40.95,0.2,100,1668100,"S"
"VHM","10:45:57",40.95,0.2,400,1668000,"S"
"VHM","10:45:56",40.9,0.15,600,1667600,"B"
"VHM","10:45:54",40.95,0.2,2000,1667000,"S"
"VHM","10:45:24",40.9,0.15,600,1665000,"B"
"VHM","10:45:08",40.95,0.2,100,1664400,"S"
"VHM","10:44:53",40.9,0.15,600,1664300,"B"
"VHM","10:44:31",40.9,0.15,3000,1663700,"B"
"VHM","10:44:23",40.9,0.15,600,1660700,"B"
"VHM","10:44:03",40.9,0.15,200,1660100,"S"
"VHM","10:44:00",40.85,0.1,1000,1659900,"B"
"VHM","10:43:52",40.85,0.1,500,1658900,"B"
"VHM","10:43:52",40.9,0.15,600,1658400,"B"
"VHM","10:43:49",40.9,0.15,200,1657800,"B"
"VHM","10:43:31",40.9,0.15,100,1657600,"B"
"VHM","10:43:21",40.9,0.15,600,1657500,"B"
"VHM","10:43:07",40.9,0.15,200,1656900,"B"
"VHM","10:43:02",40.9,0.15,1000,1656700,"B"
"VHM","10:43:01",40.9,0.15,1000,1655700,"B"
"VHM","10:42:54",40.9,0.15,6300,1654700,"S"
"VHM","10:42:50",40.85,0.1,600,1648400,"B"
"VHM","10:42:41",40.85,0.1,2000,1647800,"B"
"VHM","10:42:38",40.85,0.1,4400,1645800,"B"
"VHM","10:42:19",40.85,0.1,600,1641400,"B"
"VHM","10:42:08",40.9,0.15,5000,1640800,"S"
"VHM","10:42:06",40.85,0.1,4400,1635800,"B"
"VHM","10:41:49",40.85,0.1,600,1631400,"B"
"VHM","10:41:46",40.85,0.1,500,1630800,"S"
"VHM","10:41:26",40.85,0.1,2700,1630300,"B"
"VHM","10:41:22",40.85,0.1,4400,1627600,"B"
"VHM","10:41:17",40.85,0.1,600,1623200,"B"
"VHM","10:41:07",40.85,0.1,1000,1622600,"B"
"VHM","10:40:55",40.85,0.1,100,1621600,"B"
"VHM","10:40:47",40.85,0.1,600,1621500,"B"
"VHM","10:40:46",40.85,0.1,100,1620900,"B"
"VHM","10:40:20",40.85,0.1,100,1620800,"B"
"VHM","10:40:16",40.85,0.1,600,1620700,"B"
"VHM","10:40:16",40.9,0.15,500,1620100,"S"
"VHM","10:40:12",40.85,0.1,100,1619600,"B"
"VHM","10:40:09",40.85,0.1,300,1619500,"B"
"VHM","10:39:49",40.85,0.1,100,1619200,"B"
"VHM","10:39:45",40.85,0.1,600,1619100,"B"
"VHM","10:39:42",40.85,0.1,4400,1618500,"B"
"VHM","10:39:28",40.85,0.1,100,1614100,"B"
"VHM","10:39:19",40.9,0.15,200,1614000,"S"
"VHM","10:39:14",40.85,0.1,600,1613800,"B"
"VHM","10:39:03",40.9,0.15,1000,1613200,"S"
"VHM","10:38:43",40.85,0.1,600,1612200,"B"
"VHM","10:38:12",40.85,0.1,600,1611600,"B"
"VHM","10:38:08",40.85,0.1,100,1611000,"B"
"VHM","10:37:41",40.8,0.05,200,1610900,"B"
"VHM","10:37:41",40.85,0.1,400,1610700,"B"
"VHM","10:37:18",40.9,0.15,2200,1610300,"S"
"VHM","10:37:12",40.85,0.1,400,1608100,"B"
"VHM","10:37:11",40.85,0.1,600,1607700,"B"
"VHM","10:36:59",40.85,0.1,300,1607100,"B"
"VHM","10:36:58",40.85,0.1,2500,1606800,"B"
"VHM","10:36:57",40.85,0.1,1700,1604300,"B"
"VHM","10:36:56",40.85,0.1,2000,1602600,"B"
"VHM","10:36:43",40.85,0.1,1500,1600600,"B"
"VHM","10:36:40",40.85,0.1,600,1599100,"B"
"VHM","10:36:09",40.85,0.1,600,1598500,"B"
"VHM","10:35:50",40.9,0.15,1000,1597900,"S"
"VHM","10:35:38",40.85,0.1,600,1596900,"B"
"VHM","10:35:22",40.9,0.15,700,1596300,"S"
"VHM","10:35:11",40.85,0.1,100,1595600,"B"
"VHM","10:35:08",40.85,0.1,600,1595500,"B"
"VHM","10:34:56",40.85,0.1,700,1594900,"B"
"VHM","10:34:50",40.85,0.1,18000,1594200,"S"
"VHM","10:34:40",40.8,0.05,1500,1576200,"B"
"VHM","10:34:40",40.8,0.05,600,1574700,"B"
"VHM","10:34:19",40.85,0.1,1000,1574100,"S"
"VHM","10:34:14",40.8,0.05,300,1573100,"B"
"VHM","10:34:06",40.8,0.05,600,1572800,"B"
"VHM","10:33:49",40.8,0.05,100,1572200,"B"
"VHM","10:33:45",40.8,0.05,2000,1572100,"B"
"VHM","10:33:37",40.8,0.05,700,1570100,"B"
"VHM","10:33:35",40.8,0.05,600,1569400,"B"
"VHM","10:33:32",40.8,0.05,300,1568800,"B"
"VHM","10:33:21",40.8,0.05,1000,1568500,"S"
"VHM","10:33:17",40.8,0.05,200,1567500,"S"
"VHM","10:33:17",40.75,0,200,1567300,"B"
"VHM","10:33:16",40.8,0.05,1000,1567100,"S"
"VHM","10:33:05",40.8,0.05,300,1566100,"S"
"VHM","10:33:04",40.8,0.05,1000,1565800,"S"
"VHM","10:33:04",40.75,0,600,1564800,"B"
"VHM","10:32:33",40.75,0,600,1564200,"B"
"VHM","10:32:27",40.8,0.05,500,1563600,"S"
"VHM","10:32:18",40.75,0,3000,1563100,"B"
"VHM","10:32:05",40.75,0,200,1560100,"B"
"VHM","10:32:02",40.75,0,600,1559900,"B"
"VHM","10:31:48",40.75,0,7600,1559300,"B"
"VHM","10:31:47",40.75,0,1800,1551700,"B"
"VHM","10:31:31",40.75,0,600,1549900,"B"
"VHM","10:31:16",40.8,0.05,2000,1549300,"S"
"VHM","10:31:01",40.75,0,600,1547300,"B"
"VHM","10:30:43",40.8,0.05,7900,1546700,"B"
"VHM","10:30:38",40.8,0.05,300,1538800,"B"
"VHM","10:30:30",40.8,0.05,600,1538500,"B"
"VHM","10:30:29",40.8,0.05,3800,1537900,"B"
"VHM","10:30:17",40.8,0.05,600,1534100,"B"
"VHM","10:30:07",40.8,0.05,5000,1533500,"B"
"VHM","10:29:59",40.8,0.05,600,1528500,"B"
"VHM","10:29:57",40.85,0.1,100,1527900,"S"
"VHM","10:29:53",40.85,0.1,16800,1527800,"S"
"VHM","10:29:52",40.8,0.05,2000,1511000,"B"
"VHM","10:29:50",40.8,0.05,1000,1509000,"B"
"VHM","10:29:49",40.85,0.1,1000,1508000,"S"
"VHM","10:29:47",40.8,0.05,100,1507000,"B"
"VHM","10:29:29",40.8,0.05,600,1506900,"B"
"VHM","10:29:25",40.8,0.05,100,1506300,"B"
"VHM","10:29:13",40.8,0.05,100,1506200,"B"
"VHM","10:29:08",40.8,0.05,10000,1506100,"B"
"VHM","10:29:07",40.85,0.1,100,1496100,"S"
"VHM","10:29:05",40.8,0.05,800,1496000,"B"
"VHM","10:29:03",40.8,0.05,4000,1495200,"B"
"VHM","10:28:59",40.8,0.05,300,1491200,"B"
"VHM","10:28:58",40.8,0.05,600,1490900,"B"
"VHM","10:28:42",40.8,0.05,100,1490300,"B"
"VHM","10:28:27",40.8,0.05,600,1490200,"B"
"VHM","10:28:11",40.8,0.05,4000,1489600,"B"
"VHM","10:28:08",40.8,0.05,100,1485600,"B"
"VHM","10:28:06",40.8,0.05,500,1485500,"B"
"VHM","10:27:39",40.8,0.05,2700,1485000,"B"
"VHM","10:27:07",40.8,0.05,100,1482300,"B"
"VHM","10:26:34",40.85,0.1,100,1482200,"S"
"VHM","10:26:29",40.85,0.1,300,1482100,"S"
"VHM","10:26:13",40.85,0.1,3000,1481800,"S"
"VHM","10:26:05",40.8,0.05,300,1478800,"B"
"VHM","10:25:49",40.85,0.1,100,1478500,"S"
"VHM","10:25:19",40.8,0.05,500,1478400,"B"
"VHM","10:25:08",40.85,0.1,100,1477900,"S"
"VHM","10:24:59",40.85,0.1,300,1477800,"S"
"VHM","10:24:58",40.8,0.05,1000,1477500,"B"
"VHM","10:24:12",40.85,0.1,100,1476500,"S"
"VHM","10:24:00",40.85,0.1,100,1476400,"S"
"VHM","10:23:15",40.85,0.1,100,1476300,"S"
"VHM","10:22:52",40.85,0.1,100,1476200,"S"
"VHM","10:22:13",40.85,0.1,1000,1476100,"S"
"VHM","10:21:53",40.8,0.05,500,1475100,"B"
"VHM","10:21:50",40.8,0.05,800,1474600,"B"
"VHM","10:21:49",40.8,0.05,1200,1473800,"B"
"VHM","10:21:32",40.85,0.1,1100,1472600,"S"
"VHM","10:21:21",40.8,0.05,1000,1471500,"B"
"VHM","10:21:20",40.85,0.1,500,1470500,"S"
"VHM","10:20:53",40.85,0.1,300,1470000,"S"
"VHM","10:20:28",40.85,0.1,300,1469700,"S"
"VHM","10:20:19",40.8,0.05,1700,1469400,"B"
"VHM","10:19:59",40.8,0.05,1800,1467700,"B"
"VHM","10:19:35",40.8,0.05,500,1465900,"B"
"VHM","10:19:16",40.8,0.05,5000,1465400,"B"
"VHM","10:18:45",40.8,0.05,200,1460400,"B"
"VHM","10:18:23",40.8,0.05,900,1460200,"S"
"VHM","10:18:14",40.8,0.05,1000,1459300,"S"
"VHM","10:18:08",40.8,0.05,1000,1458300,"S"
"VHM","10:18:06",40.8,0.05,1000,1457300,"S"
"VHM","10:18:04",40.8,0.05,1000,1456300,"S"
"VHM","10:17:58",40.8,0.05,100,1455300,"S"
"VHM","10:17:53",40.8,0.05,2000,1455200,"S"
"VHM","10:17:52",40.8,0.05,500,1453200,"S"
"VHM","10:17:49",40.8,0.05,100,1452700,"S"
"VHM","10:17:46",40.8,0.05,500,1452600,"S"
"VHM","10:17:45",40.8,0.05,500,1452100,"S"
"VHM","10:17:39",40.8,0.05,2000,1451600,"S"
"VHM","10:17:37",40.8,0.05,500,1449600,"S"
"VHM","10:17:32",40.75,0,500,1449100,"B"
"VHM","10:17:32",40.8,0.05,100,1448600,"S"
"VHM","10:17:28",40.8,0.05,500,1448500,"S"
"VHM","10:17:23",40.8,0.05,2000,1448000,"S"
"VHM","10:17:22",40.75,0,200,1446000,"B"
"VHM","10:17:02",40.75,0,600,1445800,"B"
"VHM","10:17:00",40.8,0.05,2400,1445200,"B"
"VHM","10:16:59",40.8,0.05,200,1442800,"B"
"VHM","10:16:57",40.8,0.05,100,1442600,"B"
"VHM","10:16:56",40.8,0.05,2000,1442500,"B"
"VHM","10:16:50",40.8,0.05,100,1440500,"B"
"VHM","10:16:48",40.8,0.05,100,1440400,"B"
"VHM","10:16:37",40.8,0.05,200,1440300,"B"
"VHM","10:16:35",40.8,0.05,500,1440100,"B"
"VHM","10:16:32",40.8,0.05,100,1439600,"B"
"VHM","10:16:31",40.8,0.05,500,1439500,"B"
"VHM","10:16:20",40.8,0.05,1500,1439000,"B"
"VHM","10:16:19",40.8,0.05,1000,1437500,"B"
"VHM","10:16:15",40.8,0.05,400,1436500,"B"
"VHM","10:16:14",40.8,0.05,4400,1436100,"B"
"VHM","10:16:06",40.8,0.05,300,1431700,"B"
"VHM","10:16:02",40.8,0.05,10000,1431400,"B"
"VHM","10:15:54",40.8,0.05,10000,1421400,"B"
"VHM","10:15:15",40.85,0.1,4000,1411400,"B"
"VHM","10:15:14",40.85,0.1,27800,1407400,"B"
"VHM","10:14:55",40.85,0.1,4400,1379600,"B"
"VHM","10:14:38",40.85,0.1,100,1375200,"B"
"VHM","10:14:31",40.9,0.15,5300,1375100,"S"
"VHM","10:14:30",40.85,0.1,400,1369800,"B"
"VHM","10:13:37",40.9,0.15,500,1369400,"S"
"VHM","10:13:33",40.85,0.1,200,1368900,"B"
"VHM","10:13:00",40.85,0.1,21000,1368700,"B"
"VHM","10:12:57",40.85,0.1,300,1347700,"B"
"VHM","10:12:45",40.9,0.15,400,1347400,"S"
"VHM","10:12:43",40.85,0.1,500,1347000,"B"
"VHM","10:12:32",40.85,0.1,200,1346500,"B"
"VHM","10:11:58",40.9,0.15,100,1346300,"S"
"VHM","10:11:47",40.9,0.15,100,1346200,"S"
"VHM","10:11:42",40.9,0.15,500,1346100,"S"
"VHM","10:11:38",40.85,0.1,100,1345600,"B"
"VHM","10:11:30",40.85,0.1,500,1345500,"B"
"VHM","10:11:24",40.9,0.15,100,1345000,"S"
"VHM","10:11:12",40.85,0.1,3000,1344900,"B"
"VHM","10:11:00",40.85,0.1,1000,1341900,"B"
"VHM","10:10:52",40.85,0.1,1000,1340900,"B"
"VHM","10:10:39",40.9,0.15,700,1339900,"S"
"VHM","10:10:37",40.85,0.1,300,1339200,"B"
"VHM","10:10:29",40.85,0.1,100,1338900,"B"
"VHM","10:10:27",40.9,0.15,200,1338800,"S"
"VHM","10:10:12",40.9,0.15,100,1338600,"S"
"VHM","10:10:11",40.9,0.15,500,1338500,"S"
"VHM","10:10:10",40.9,0.15,41000,1338000,"B"
"VHM","10:10:04",40.9,0.15,3500,1297000,"B"
"VHM","10:09:54",40.9,0.15,500,1293500,"B"
"VHM","10:09:44",40.95,0.2,100,1293000,"S"
"VHM","10:09:37",40.95,0.2,300,1292900,"B"
"VHM","10:09:23",40.95,0.2,500,1292600,"B"
"VHM","10:09:17",40.95,0.2,400,1292100,"S"
"VHM","10:09:08",40.95,0.2,200,1291700,"B"
"VHM","10:09:00",40.95,0.2,200,1291500,"S"
"VHM","10:08:53",40.9,0.15,100,1291300,"B"
"VHM","10:08:52",40.9,0.15,500,1291200,"B"
"VHM","10:08:40",40.95,0.2,1000,1290700,"S"
"VHM","10:08:29",40.95,0.2,1500,1289700,"S"
"VHM","10:08:21",40.9,0.15,500,1288200,"B"
"VHM","10:08:11",40.95,0.2,100,1287700,"S"
"VHM","10:08:07",40.95,0.2,7900,1287600,"B"
"VHM","10:07:51",40.95,0.2,500,1279700,"B"
"VHM","10:07:20",40.95,0.2,500,1279200,"B"
"VHM","10:06:51",41,0.25,500,1278700,"S"
"VHM","10:06:50",40.95,0.2,500,1278200,"B"
"VHM","10:06:24",41,0.25,10000,1277700,"S"
"VHM","10:06:19",40.95,0.2,500,1267700,"B"
"VHM","10:06:18",40.95,0.2,5600,1267200,"B"
"VHM","10:06:16",40.95,0.2,5000,1261600,"B"
"VHM","10:06:08",41,0.25,100,1256600,"S"
"VHM","10:06:03",40.95,0.2,800,1256500,"B"
"VHM","10:05:54",40.95,0.2,100,1255700,"B"
"VHM","10:05:52",40.95,0.2,100,1255600,"B"
"VHM","10:05:49",40.95,0.2,100,1255500,"B"
"VHM","10:05:49",40.95,0.2,15200,1255400,"B"
"VHM","10:05:48",40.95,0.2,5500,1240200,"B"
"VHM","10:05:28",41,0.25,100,1234700,"S"
"VHM","10:05:17",40.95,0.2,500,1234600,"B"
"VHM","10:05:08",40.95,0.2,1200,1234100,"B"
"VHM","10:04:58",40.95,0.2,300,1232900,"B"
"VHM","10:04:58",41,0.25,500,1232600,"S"
"VHM","10:04:57",41,0.25,200,1232100,"S"
"VHM","10:04:46",40.95,0.2,500,1231900,"B"
"VHM","10:04:46",41,0.25,500,1231400,"B"
"VHM","10:04:39",41,0.25,1400,1230900,"B"
"VHM","10:04:33",41,0.25,800,1229500,"S"
"VHM","10:04:32",41,0.25,700,1228700,"S"
"VHM","10:04:30",41,0.25,5000,1228000,"S"
"VHM","10:04:25",41,0.25,1500,1223000,"S"
"VHM","10:04:23",41,0.25,2000,1221500,"B"
"VHM","10:04:21",41,0.25,1200,1219500,"B"
"VHM","10:04:19",41,0.25,3000,1218300,"S"
"VHM","10:04:17",41,0.25,1000,1215300,"S"
"VHM","10:04:15",40.95,0.2,500,1214300,"B"
"VHM","10:04:14",41,0.25,100,1213800,"S"
"VHM","10:04:10",41,0.25,200,1213700,"B"
"VHM","10:04:01",41,0.25,8800,1213500,"S"
"VHM","10:03:59",40.95,0.2,300,1204700,"B"
"VHM","10:03:45",40.95,0.2,500,1204400,"B"
"VHM","10:03:42",41,0.25,2500,1203900,"B"
"VHM","10:03:41",41,0.25,100,1201400,"B"
"VHM","10:03:39",41,0.25,500,1201300,"B"
"VHM","10:03:33",41,0.25,2900,1200800,"S"
"VHM","10:03:31",41,0.25,1000,1197900,"S"
"VHM","10:03:24",41,0.25,100,1196900,"S"
"VHM","10:03:17",41,0.25,2000,1196800,"S"
"VHM","10:03:14",40.95,0.2,500,1194800,"B"
"VHM","10:03:14",41,0.25,2100,1194300,"B"
"VHM","10:03:11",41,0.25,1000,1192200,"B"
"VHM","10:03:08",41,0.25,10100,1191200,"B"
"VHM","10:03:01",41,0.25,600,1181100,"B"
"VHM","10:02:55",41,0.25,6300,1180500,"S"
"VHM","10:02:47",41,0.25,1500,1174200,"B"
"VHM","10:02:43",41,0.25,500,1172700,"B"
"VHM","10:02:33",41,0.25,300,1172200,"B"
"VHM","10:02:31",41,0.25,2000,1171900,"B"
"VHM","10:02:24",41,0.25,5000,1169900,"B"
"VHM","10:02:18",41,0.25,300,1164900,"S"
"VHM","10:02:12",40.95,0.2,500,1164600,"B"
"VHM","10:02:08",41,0.25,1000,1164100,"S"
"VHM","10:02:03",41,0.25,300,1163100,"S"
"VHM","10:01:53",40.95,0.2,1000,1162800,"B"
"VHM","10:01:42",40.95,0.2,500,1161800,"B"
"VHM","10:01:11",41,0.25,1000,1161300,"S"
"VHM","10:01:11",40.95,0.2,500,1160300,"B"
"VHM","10:01:06",41,0.25,300,1159800,"B"
"VHM","10:00:52",41,0.25,1000,1159500,"B"
"VHM","10:00:43",41,0.25,5000,1158500,"B"
"VHM","10:00:41",41,0.25,500,1153500,"B"
"VHM","10:00:39",41.05,0.3,1400,1153000,"S"
"VHM","10:00:34",41,0.25,5000,1151600,"B"
"VHM","10:00:10",41,0.25,500,1146600,"B"
"VHM","09:59:39",41,0.25,500,1146100,"B"
"VHM","09:59:24",41,0.25,1000,1145600,"B"
"VHM","09:59:21",41,0.25,1000,1144600,"B"
"VHM","09:59:21",41,0.25,1900,1143600,"B"
"VHM","09:59:12",41,0.25,1000,1141700,"B"
"VHM","09:59:08",41,0.25,500,1140700,"B"
"VHM","09:59:01",41,0.25,10300,1140200,"S"
"VHM","09:58:37",40.95,0.2,500,1129900,"B"
"VHM","09:58:07",40.95,0.2,500,1129400,"B"
"VHM","09:58:01",41,0.25,500,1128900,"B"
"VHM","09:57:49",41,0.25,100,1128400,"B"
"VHM","09:57:44",41,0.25,1000,1128300,"B"
"VHM","09:57:36",41,0.25,500,1127300,"B"
"VHM","09:57:34",41,0.25,700,1126800,"B"
"VHM","09:57:09",41,0.25,2800,1126100,"S"
"VHM","09:57:06",41,0.25,5000,1123300,"S"
"VHM","09:57:05",40.95,0.2,500,1118300,"B"
"VHM","09:56:57",40.95,0.2,100,1117800,"B"
"VHM","09:56:56",40.95,0.2,1500,1117700,"S"
"VHM","09:56:54",40.95,0.2,2000,1116200,"S"
"VHM","09:56:37",40.95,0.2,1000,1114200,"S"
"VHM","09:56:35",40.95,0.2,3000,1113200,"S"
"VHM","09:56:34",40.9,0.15,500,1110200,"B"
"VHM","09:56:26",40.95,0.2,10000,1109700,"S"
"VHM","09:56:19",40.95,0.2,500,1099700,"S"
"VHM","09:56:03",40.9,0.15,500,1099200,"B"
"VHM","09:55:55",40.9,0.15,100,1098700,"B"
"VHM","09:55:40",40.95,0.2,200,1098600,"S"
"VHM","09:55:32",40.9,0.15,400,1098400,"B"
"VHM","09:55:23",40.9,0.15,100,1098000,"B"
"VHM","09:55:02",40.9,0.15,400,1097900,"B"
"VHM","09:54:59",40.9,0.15,500,1097500,"B"
"VHM","09:54:31",40.9,0.15,400,1097000,"B"
"VHM","09:54:26",40.9,0.15,100,1096600,"B"
"VHM","09:54:14",40.9,0.15,900,1096500,"B"
"VHM","09:54:11",40.9,0.15,1600,1095600,"S"
"VHM","09:54:11",40.9,0.15,1000,1094000,"S"
"VHM","09:54:07",40.9,0.15,500,1093000,"S"
"VHM","09:54:06",40.9,0.15,1000,1092500,"S"
"VHM","09:54:01",40.9,0.15,300,1091500,"S"
"VHM","09:53:57",40.9,0.15,100,1091200,"B"
"VHM","09:53:54",40.9,0.15,3900,1091100,"S"
"VHM","09:53:52",40.9,0.15,2000,1087200,"B"
"VHM","09:53:50",40.9,0.15,1000,1085200,"B"
"VHM","09:53:49",40.9,0.15,600,1084200,"B"
"VHM","09:53:43",40.9,0.15,12300,1083600,"B"
"VHM","09:53:30",40.9,0.15,400,1071300,"B"
"VHM","09:53:05",40.9,0.15,400,1070900,"B"
"VHM","09:52:59",40.9,0.15,400,1070500,"B"
"VHM","09:52:55",40.9,0.15,1800,1070100,"B"
"VHM","09:52:51",40.9,0.15,700,1068300,"B"
"VHM","09:52:46",40.9,0.15,1000,1067600,"B"
"VHM","09:52:41",40.9,0.15,100,1066600,"B"
"VHM","09:52:40",40.9,0.15,200,1066500,"B"
"VHM","09:52:29",40.9,0.15,400,1066300,"B"
"VHM","09:52:21",40.95,0.2,3000,1065900,"S"
"VHM","09:52:13",40.9,0.15,400,1062900,"B"
"VHM","09:52:09",40.95,0.2,1200,1062500,"S"
"VHM","09:51:58",40.9,0.15,400,1061300,"B"
"VHM","09:51:42",40.95,0.2,100,1060900,"S"
"VHM","09:51:31",40.95,0.2,9400,1060800,"B"
"VHM","09:51:27",40.95,0.2,400,1051400,"B"
"VHM","09:51:20",40.95,0.2,400,1051000,"B"
"VHM","09:51:11",41,0.25,500,1050600,"S"
"VHM","09:51:04",41,0.25,300,1050100,"S"
"VHM","09:51:01",41,0.25,500,1049800,"S"
"VHM","09:50:58",41,0.25,400,1049300,"S"
"VHM","09:50:57",40.95,0.2,7100,1048900,"B"
"VHM","09:50:56",40.95,0.2,400,1041800,"B"
"VHM","09:50:36",41,0.25,1000,1041400,"S"
"VHM","09:50:32",41,0.25,16000,1020800,"B"
"VHM","09:50:27",41,0.25,7000,1004800,"B"
"VHM","09:50:26",41,0.25,400,997800,"B"
"VHM","09:50:21",41,0.25,300,997400,"B"
"VHM","09:50:01",41.05,0.3,500,997100,"S"
"VHM","09:49:55",41.05,0.3,3800,996600,"B"
"VHM","09:49:50",41.05,0.3,1000,992800,"B"
"VHM","09:49:40",41.05,0.3,1000,991800,"B"
"VHM","09:49:36",41.05,0.3,1000,990800,"B"
"VHM","09:49:24",41.05,0.3,400,989800,"B"
"VHM","09:49:20",41.05,0.3,3000,989400,"B"
"VHM","09:49:13",41.05,0.3,1000,986400,"B"
"VHM","09:48:54",41.05,0.3,400,985400,"B"
"VHM","09:48:50",41.05,0.3,2100,985000,"S"
"VHM","09:48:50",41.05,0.3,1000,982900,"S"
"VHM","09:48:23",41,0.25,400,981900,"B"
"VHM","09:48:11",41,0.25,2000,981500,"B"
"VHM","09:48:09",41.05,0.3,1000,979500,"S"
"VHM","09:48:00",41.05,0.3,1500,978500,"S"
"VHM","09:47:52",41,0.25,400,977000,"B"
"VHM","09:47:50",41.05,0.3,1000,976600,"S"
"VHM","09:47:42",41.05,0.3,1100,975600,"B"
"VHM","09:47:21",41,0.25,200,974500,"B"
"VHM","09:47:21",41.05,0.3,200,974300,"B"
"VHM","09:47:16",41.05,0.3,500,974100,"B"
"VHM","09:47:04",41.05,0.3,3300,973600,"S"
"VHM","09:46:56",41.05,0.3,2000,970300,"S"
"VHM","09:46:51",41,0.25,400,968300,"B"
"VHM","09:46:45",41.05,0.3,1000,967900,"S"
"VHM","09:46:44",41,0.25,1000,966900,"B"
"VHM","09:46:36",41.05,0.3,2000,965900,"S"
"VHM","09:46:26",41.05,0.3,200,963900,"S"
"VHM","09:46:20",41,0.25,400,963700,"B"
"VHM","09:46:00",41.05,0.3,100,963300,"S"
"VHM","09:46:00",41,0.25,100,963200,"B"
"VHM","09:45:56",41,0.25,500,963100,"B"
"VHM","09:45:55",41,0.25,1000,962600,"B"
"VHM","09:45:50",41,0.25,400,961600,"B"
"VHM","09:45:42",41,0.25,2000,961200,"B"
"VHM","09:45:35",41.05,0.3,100,959200,"S"
"VHM","09:45:33",41,0.25,500,959100,"B"
"VHM","09:45:19",41,0.25,500,958600,"B"
"VHM","09:45:15",41.05,0.3,300,958100,"S"
"VHM","09:45:12",41.05,0.3,300,957800,"B"
"VHM","09:45:01",41.05,0.3,500,957500,"B"
"VHM","09:44:56",41.05,0.3,300,957000,"S"
"VHM","09:44:48",41.05,0.3,500,956700,"S"
"VHM","09:44:28",41.05,0.3,300,956200,"S"
"VHM","09:44:19",41,0.25,15400,955900,"B"
"VHM","09:44:19",41.05,0.3,64600,940500,"B"
"VHM","09:44:18",41.1,0.35,100,875900,"S"
"VHM","09:43:57",41.05,0.3,1000,875800,"B"
"VHM","09:43:52",41.1,0.35,200,874800,"S"
"VHM","09:43:52",41.05,0.3,500,874600,"B"
"VHM","09:43:50",41.1,0.35,100,874100,"B"
"VHM","09:43:46",41.1,0.35,400,874000,"S"
"VHM","09:43:44",41.1,0.35,600,873600,"S"
"VHM","09:43:42",41.1,0.35,5000,873000,"S"
"VHM","09:43:40",41.1,0.35,2000,868000,"S"
"VHM","09:43:31",41.1,0.35,3000,866000,"S"
"VHM","09:43:29",41.1,0.35,100,863000,"S"
"VHM","09:43:20",41.1,0.35,2000,862900,"S"
"VHM","09:43:01",41.1,0.35,100,860900,"S"
"VHM","09:42:41",41.1,0.35,100,860800,"S"
"VHM","09:42:00",41.1,0.35,2000,860700,"S"
"VHM","09:41:56",41.1,0.35,2000,858700,"S"
"VHM","09:41:53",41.1,0.35,300,856700,"S"
"VHM","09:41:43",41.1,0.35,700,856400,"S"
"VHM","09:41:38",41.1,0.35,4200,855700,"B"
"VHM","09:41:34",41.1,0.35,2500,851500,"B"
"VHM","09:41:29",41.1,0.35,7000,849000,"B"
"VHM","09:41:28",41.1,0.35,2000,842000,"B"
"VHM","09:41:08",41.1,0.35,4700,840000,"B"
"VHM","09:41:07",41.1,0.35,17700,835300,"B"
"VHM","09:41:07",41.1,0.35,1000,817600,"B"
"VHM","09:40:53",41.15,0.4,20000,816600,"S"
"VHM","09:40:49",41.15,0.4,100,796600,"S"
"VHM","09:40:38",41.15,0.4,100,796500,"S"
"VHM","09:40:35",41.15,0.4,2100,796400,"B"
"VHM","09:40:27",41.15,0.4,5000,794300,"B"
"VHM","09:40:12",41.2,0.45,100,789300,"S"
"VHM","09:40:09",41.15,0.4,2000,789200,"B"
"VHM","09:39:51",41.15,0.4,4000,787200,"B"
"VHM","09:39:16",41.15,0.4,100,783200,"B"
"VHM","09:39:14",41.2,0.45,300,783100,"S"
"VHM","09:39:14",41.15,0.4,500,782800,"B"
"VHM","09:39:09",41.15,0.4,700,782300,"B"
"VHM","09:38:46",41.2,0.45,100,781600,"S"
"VHM","09:38:42",41.15,0.4,200,781500,"B"
"VHM","09:38:37",41.15,0.4,200,781300,"B"
"VHM","09:38:27",41.15,0.4,100,781100,"B"
"VHM","09:38:16",41.15,0.4,200,781000,"B"
"VHM","09:38:11",41.15,0.4,2000,780800,"B"
"VHM","09:38:10",41.15,0.4,1000,778800,"B"
"VHM","09:37:29",41.15,0.4,2600,777800,"S"
"VHM","09:37:17",41.15,0.4,1000,775200,"S"
"VHM","09:36:57",41.1,0.35,1000,774200,"B"
"VHM","09:36:53",41.15,0.4,1000,773200,"S"
"VHM","09:36:45",41.15,0.4,1000,772200,"S"
"VHM","09:36:30",41.15,0.4,5700,771200,"S"
"VHM","09:36:29",41.15,0.4,500,765500,"S"
"VHM","09:36:08",41.15,0.4,200,765000,"S"
"VHM","09:36:07",41.1,0.35,100,764800,"B"
"VHM","09:36:01",41.15,0.4,1800,764700,"B"
"VHM","09:35:58",41.15,0.4,500,762900,"B"
"VHM","09:35:38",41.15,0.4,300,762400,"B"
"VHM","09:35:36",41.15,0.4,200,762100,"B"
"VHM","09:35:23",41.15,0.4,3200,761900,"S"
"VHM","09:35:19",41.15,0.4,5000,758700,"S"
"VHM","09:35:15",41.15,0.4,5000,753700,"S"
"VHM","09:35:13",41.1,0.35,6000,748700,"B"
"VHM","09:35:12",41.15,0.4,300,742700,"S"
"VHM","09:34:52",41.1,0.35,800,742400,"B"
"VHM","09:34:50",41.1,0.35,100,741600,"B"
"VHM","09:34:11",41.1,0.35,3000,741500,"B"
"VHM","09:34:02",41.15,0.4,1100,738500,"B"
"VHM","09:33:57",41.15,0.4,100,737400,"B"
"VHM","09:33:46",41.15,0.4,1000,737300,"B"
"VHM","09:33:38",41.15,0.4,900,736300,"B"
"VHM","09:33:32",41.15,0.4,200,735400,"B"
"VHM","09:33:23",41.15,0.4,200,735200,"B"
"VHM","09:33:10",41.15,0.4,300,735000,"S"
"VHM","09:32:55",41.15,0.4,900,734700,"B"
"VHM","09:32:52",41.15,0.4,8600,733800,"B"
"VHM","09:32:51",41.15,0.4,10100,725200,"B"
"VHM","09:32:21",41.15,0.4,300,715100,"B"
"VHM","09:32:14",41.2,0.45,500,714800,"S"
"VHM","09:32:10",41.2,0.45,500,714300,"S"
"VHM","09:32:05",41.2,0.45,100,713800,"S"
"VHM","09:31:57",41.2,0.45,1700,713700,"B"
"VHM","09:31:51",41.2,0.45,400,712000,"S"
"VHM","09:31:48",41.2,0.45,600,711600,"B"
"VHM","09:31:47",41.2,0.45,300,711000,"B"
"VHM","09:31:45",41.2,0.45,1200,710700,"B"
"VHM","09:31:44",41.2,0.45,800,709500,"B"
"VHM","09:31:40",41.2,0.45,200,708700,"B"
"VHM","09:31:37",41.2,0.45,200,708500,"B"
"VHM","09:31:32",41.2,0.45,2000,708300,"B"
"VHM","09:31:29",41.2,0.45,200,706300,"S"
"VHM","09:31:15",41.25,0.5,300,706100,"S"
"VHM","09:31:14",41.2,0.45,400,705500,"S"
"VHM","09:31:13",41.2,0.45,200,705100,"B"
"VHM","09:31:11",41.2,0.45,4800,704900,"S"
"VHM","09:31:05",41.2,0.45,1000,700100,"S"
"VHM","09:30:58",41.15,0.4,4700,699100,"B"
"VHM","09:30:58",41.2,0.45,1800,694400,"B"
"VHM","09:30:51",41.2,0.45,1400,692600,"S"
"VHM","09:30:47",41.2,0.45,5000,691200,"S"
"VHM","09:30:44",41.2,0.45,5000,686200,"S"
"VHM","09:30:36",41.2,0.45,5000,681200,"S"
"VHM","09:30:31",41.2,0.45,5000,676200,"S"
"VHM","09:30:27",41.2,0.45,5000,671200,"S"
"VHM","09:30:25",41.2,0.45,5000,666200,"S"
"VHM","09:30:22",41.2,0.45,3000,661200,"S"
"VHM","09:30:18",41.2,0.45,5000,658200,"S"
"VHM","09:30:14",41.2,0.45,5000,653200,"S"
"VHM","09:30:10",41.2,0.45,5000,648200,"S"
"VHM","09:30:08",41.2,0.45,2200,643200,"S"
"VHM","09:30:07",41.2,0.45,2800,641000,"S"
"VHM","09:30:05",41.2,0.45,5000,638200,"S"
"VHM","09:30:02",41.2,0.45,4000,633200,"S"
"VHM","09:30:02",41.15,0.4,1000,629200,"S"
"VHM","09:29:57",41.15,0.4,5000,628200,"S"
"VHM","09:29:51",41.15,0.4,1500,623200,"B"
"VHM","09:29:48",41.15,0.4,500,621700,"S"
"VHM","09:29:44",41.15,0.4,500,621200,"S"
"VHM","09:29:43",41.1,0.35,200,620700,"B"
"VHM","09:29:43",41.2,0.45,600,620500,"S"
"VHM","09:29:43",41.15,0.4,200,619900,"S"
"VHM","09:29:34",41.1,0.35,1400,619700,"B"
"VHM","09:29:34",41.15,0.4,3600,618300,"B"
"VHM","09:29:33",41.15,0.4,6400,614700,"S"
"VHM","09:29:33",41.15,0.4,5000,608300,"S"
"VHM","09:29:28",41.15,0.4,5000,603300,"S"
"VHM","09:29:25",41.15,0.4,100,598300,"S"
"VHM","09:29:24",41.15,0.4,5000,598200,"S"
"VHM","09:29:19",41.15,0.4,5000,593200,"S"
"VHM","09:29:18",41.1,0.35,1200,588200,"B"
"VHM","09:29:15",41.15,0.4,5000,587000,"S"
"VHM","09:29:09",41.1,0.35,200,582000,"B"
"VHM","09:29:01",41.15,0.4,900,581800,"S"
"VHM","09:28:54",41.15,0.4,5000,580900,"B"
"VHM","09:28:51",41.15,0.4,10000,575900,"B"
"VHM","09:28:36",41.15,0.4,1000,565900,"B"
"VHM","09:28:35",41.15,0.4,500,564900,"B"
"VHM","09:28:32",41.2,0.45,2000,564400,"S"
"VHM","09:28:32",41.15,0.4,15700,562400,"B"
"VHM","09:28:14",41.15,0.4,200,546700,"B"
"VHM","09:28:11",41.2,0.45,1000,546500,"S"
"VHM","09:27:54",41.15,0.4,5000,545500,"B"
"VHM","09:27:51",41.15,0.4,500,540500,"B"
"VHM","09:27:48",41.15,0.4,200,540000,"B"
"VHM","09:27:45",41.15,0.4,1000,539800,"B"
"VHM","09:27:07",41.2,0.45,300,538800,"S"
"VHM","09:26:49",41.15,0.4,100,538500,"B"
"VHM","09:26:46",41.2,0.45,600,538400,"S"
"VHM","09:26:35",41.15,0.4,5000,537800,"B"
"VHM","09:26:22",41.15,0.4,100,532800,"B"
"VHM","09:26:20",41.15,0.4,500,532700,"B"
"VHM","09:26:19",41.2,0.45,1000,532200,"S"
"VHM","09:26:18",41.2,0.45,200,531200,"S"
"VHM","09:26:07",41.15,0.4,100,531000,"B"
"VHM","09:25:57",41.15,0.4,2000,530900,"B"
"VHM","09:25:48",41.15,0.4,1900,528900,"B"
"VHM","09:25:44",41.2,0.45,100,527000,"S"
"VHM","09:25:38",41.15,0.4,100,526900,"B"
"VHM","09:25:36",41.15,0.4,200,526800,"B"
"VHM","09:25:35",41.15,0.4,1000,526600,"B"
"VHM","09:25:33",41.15,0.4,900,525600,"B"
"VHM","09:25:30",41.15,0.4,300,524700,"B"
"VHM","09:25:28",41.15,0.4,1000,524400,"B"
"VHM","09:25:26",41.15,0.4,100,523400,"B"
"VHM","09:25:23",41.15,0.4,100,523300,"B"
"VHM","09:25:19",41.15,0.4,2000,523200,"B"
"VHM","09:24:54",41.2,0.45,100,521200,"S"
"VHM","09:24:52",41.15,0.4,700,521100,"B"
"VHM","09:24:44",41.15,0.4,100,520400,"B"
"VHM","09:24:31",41.15,0.4,100,520300,"B"
"VHM","09:24:26",41.15,0.4,100,520200,"B"
"VHM","09:24:23",41.15,0.4,100,520100,"B"
"VHM","09:24:21",41.2,0.45,100,520000,"S"
"VHM","09:24:19",41.2,0.45,600,519900,"S"
"VHM","09:24:19",41.15,0.4,6000,519300,"B"
"VHM","09:24:17",41.15,0.4,100,513300,"B"
"VHM","09:24:17",41.15,0.4,100,513200,"B"
"VHM","09:24:10",41.15,0.4,300,513100,"B"
"VHM","09:24:01",41.15,0.4,200,512800,"B"
"VHM","09:23:59",41.2,0.45,400,512600,"S"
"VHM","09:23:56",41.2,0.45,500,512200,"S"
"VHM","09:23:45",41.2,0.45,100,511700,"S"
"VHM","09:23:27",41.2,0.45,200,511600,"S"
"VHM","09:23:18",41.15,0.4,100,511400,"B"
"VHM","09:23:16",41.15,0.4,100,511300,"B"
"VHM","09:22:59",41.15,0.4,200,511200,"B"
"VHM","09:22:57",41.15,0.4,100,511000,"B"
"VHM","09:22:33",41.15,0.4,300,510900,"B"
"VHM","09:22:27",41.15,0.4,100,510600,"B"
"VHM","09:22:16",41.15,0.4,100,510500,"B"
"VHM","09:22:12",41.15,0.4,100,510400,"B"
"VHM","09:22:11",41.15,0.4,500,510300,"B"
"VHM","09:22:08",41.2,0.45,10000,509800,"S"
"VHM","09:22:07",41.15,0.4,1000,499800,"B"
"VHM","09:22:04",41.15,0.4,7000,498800,"B"
"VHM","09:22:03",41.15,0.4,300,491800,"B"
"VHM","09:21:59",41.15,0.4,1000,491500,"B"
"VHM","09:21:58",41.15,0.4,800,490500,"B"
"VHM","09:21:55",41.15,0.4,7000,489700,"B"
"VHM","09:21:54",41.15,0.4,200,482700,"B"
"VHM","09:21:44",41.2,0.45,100,482500,"S"
"VHM","09:21:19",41.2,0.45,2500,482400,"S"
"VHM","09:21:01",41.15,0.4,200,479900,"B"
"VHM","09:21:00",41.2,0.45,20000,479700,"B"
"VHM","09:20:55",41.25,0.5,10000,459700,"S"
"VHM","09:20:36",41.25,0.5,1000,449700,"S"
"VHM","09:20:28",41.25,0.5,10100,448700,"B"
"VHM","09:20:24",41.3,0.55,10000,438600,"S"
"VHM","09:20:23",41.25,0.5,500,428600,"B"
"VHM","09:20:21",41.25,0.5,200,428100,"B"
"VHM","09:20:16",41.25,0.5,500,427900,"B"
"VHM","09:20:16",41.25,0.5,5000,427400,"B"
"VHM","09:20:12",41.25,0.5,1000,422400,"B"
"VHM","09:20:10",41.3,0.55,10000,421400,"S"
"VHM","09:20:09",41.25,0.5,200,411400,"B"
"VHM","09:20:04",41.3,0.55,100,411200,"S"
"VHM","09:20:03",41.25,0.5,500,411100,"B"
"VHM","09:20:02",41.25,0.5,10000,410600,"B"
"VHM","09:20:01",41.25,0.5,700,400600,"B"
"VHM","09:19:59",41.25,0.5,1000,399900,"B"
"VHM","09:19:56",41.25,0.5,100,398900,"B"
"VHM","09:19:55",41.25,0.5,500,398800,"B"
"VHM","09:19:54",41.25,0.5,200,398300,"B"
"VHM","09:19:53",41.25,0.5,7800,398100,"B"
"VHM","09:19:53",41.25,0.5,300,390300,"B"
"VHM","09:19:51",41.25,0.5,100,390000,"B"
"VHM","09:19:49",41.25,0.5,1000,389900,"B"
"VHM","09:19:48",41.25,0.5,4300,388900,"B"
"VHM","09:19:47",41.25,0.5,400,384600,"B"
"VHM","09:19:43",41.25,0.5,100,384200,"B"
"VHM","09:19:39",41.25,0.5,800,384100,"S"
"VHM","09:19:35",41.25,0.5,1800,383300,"B"
"VHM","09:19:32",41.25,0.5,100,381500,"B"
"VHM","09:19:31",41.25,0.5,6000,381400,"B"
"VHM","09:19:30",41.25,0.5,200,375400,"B"
"VHM","09:19:28",41.25,0.5,200,375200,"B"
"VHM","09:19:27",41.25,0.5,100,375000,"B"
"VHM","09:19:24",41.25,0.5,3000,374900,"B"
"VHM","09:19:23",41.25,0.5,200,371900,"B"
"VHM","09:19:22",41.25,0.5,200,371700,"B"
"VHM","09:19:21",41.25,0.5,9300,371500,"S"
"VHM","09:19:20",41.25,0.5,200,362200,"S"
"VHM","09:19:15",41.25,0.5,900,362000,"S"
"VHM","09:19:13",41.2,0.45,5000,361100,"B"
"VHM","09:19:11",41.2,0.45,300,356100,"B"
"VHM","09:19:11",41.25,0.5,20000,355800,"S"
"VHM","09:19:10",41.25,0.5,100,335800,"S"
"VHM","09:19:09",41.25,0.5,1600,335700,"S"
"VHM","09:19:03",41.25,0.5,1500,334100,"S"
"VHM","09:18:59",41.25,0.5,10000,332600,"S"
"VHM","09:18:54",41.25,0.5,5000,322600,"S"
"VHM","09:18:52",41.2,0.45,200,317600,"B"
"VHM","09:18:50",41.2,0.45,100,317400,"B"
"VHM","09:18:48",41.25,0.5,5000,317300,"S"
"VHM","09:18:46",41.2,0.45,500,312300,"B"
"VHM","09:18:37",41.2,0.45,200,311800,"B"
"VHM","09:18:31",41.2,0.45,1000,311600,"B"
"VHM","09:18:21",41.2,0.45,500,310600,"B"
"VHM","09:18:19",41.25,0.5,40000,310100,"S"
"VHM","09:18:18",41.2,0.45,1000,270100,"B"
"VHM","09:18:17",41.2,0.45,200,269100,"B"
"VHM","09:18:16",41.2,0.45,100,268900,"B"
"VHM","09:18:12",41.2,0.45,100,268800,"B"
"VHM","09:18:12",41.2,0.45,1000,268700,"B"
"VHM","09:18:10",41.2,0.45,2000,267700,"B"
"VHM","09:18:10",41.2,0.45,300,265700,"B"
"VHM","09:18:07",41.2,0.45,100,265400,"B"
"VHM","09:18:05",41.2,0.45,100,265300,"B"
"VHM","09:18:04",41.2,0.45,1100,265200,"B"
"VHM","09:18:03",41.2,0.45,1300,264100,"B"
"VHM","09:18:01",41.2,0.45,700,262800,"B"
"VHM","09:17:58",41.2,0.45,200,262100,"B"
"VHM","09:17:57",41.2,0.45,500,261900,"B"
"VHM","09:17:54",41.2,0.45,100,261400,"B"
"VHM","09:17:53",41.2,0.45,1000,261300,"B"
"VHM","09:17:52",41.2,0.45,500,260300,"B"
"VHM","09:17:44",41.2,0.45,100,259800,"B"
"VHM","09:17:40",41.2,0.45,100,259700,"B"
"VHM","09:17:39",41.2,0.45,900,259600,"B"
"VHM","09:17:21",41.25,0.5,4300,258700,"S"
"VHM","09:17:21",41.2,0.45,700,254400,"S"
"VHM","09:17:16",41.15,0.4,500,253700,"B"
"VHM","09:17:15",41.15,0.4,100,253200,"B"
"VHM","09:17:13",41.25,0.5,100,253100,"S"
"VHM","09:17:05",41.25,0.5,1000,252000,"S"
"VHM","09:17:03",41.2,0.45,500,251000,"S"
"VHM","09:16:56",41.25,0.5,1300,250500,"S"
"VHM","09:16:56",41.2,0.45,3700,249200,"S"
"VHM","09:16:52",41.2,0.45,300,245500,"B"
"VHM","09:16:51",41.2,0.45,100,245200,"B"
"VHM","09:16:51",41.2,0.45,100,245100,"B"
"VHM","09:16:47",41.2,0.45,500,245000,"B"
"VHM","09:16:47",41.2,0.45,2000,244500,"B"
"VHM","09:16:41",41.25,0.5,100,242500,"S"
"VHM","09:16:39",41.2,0.45,1000,242400,"B"
"VHM","09:16:39",41.25,0.5,4200,241400,"B"
"VHM","09:16:38",41.25,0.5,4800,237200,"B"
"VHM","09:16:37",41.3,0.55,16000,232400,"S"
"VHM","09:16:37",41.25,0.5,7000,216400,"B"
"VHM","09:16:36",41.25,0.5,10000,209400,"B"
"VHM","09:16:35",41.25,0.5,5500,199400,"B"
"VHM","09:16:32",41.25,0.5,200,193900,"B"
"VHM","09:16:31",41.25,0.5,200,193700,"B"
"VHM","09:16:29",41.25,0.5,500,193500,"B"
"VHM","09:16:26",41.25,0.5,200,193000,"B"
"VHM","09:16:23",41.25,0.5,100,192800,"B"
"VHM","09:16:23",41.25,0.5,2500,192700,"B"
"VHM","09:16:22",41.25,0.5,5000,190200,"B"
"VHM","09:16:19",41.25,0.5,3000,185200,"B"
"VHM","09:16:19",41.25,0.5,500,182200,"B"
"VHM","09:16:18",41.25,0.5,200,181700,"B"
"VHM","09:16:17",41.25,0.5,100,181500,"B"
"VHM","09:16:17",41.3,0.55,3900,181400,"S"
"VHM","09:16:15",41.25,0.5,100,177500,"B"
"VHM","09:16:13",41.25,0.5,400,177400,"B"
"VHM","09:16:08",41.3,0.55,2500,177000,"S"
"VHM","09:16:08",41.25,0.5,500,174500,"B"
"VHM","09:16:06",41.25,0.5,500,174000,"B"
"VHM","09:16:04",41.25,0.5,500,172200,"B"
"VHM","09:16:02",41.25,0.5,300,171700,"B"
"VHM","09:16:01",41.25,0.5,100,171400,"B"
"VHM","09:16:01",41.25,0.5,100,171300,"B"
"VHM","09:16:00",41.25,0.5,100,171200,"B"
"VHM","09:15:54",41.25,0.5,5600,171100,"S"
"VHM","09:15:53",41.2,0.45,200,165500,"B"
"VHM","09:15:53",41.2,0.45,1300,165300,"S"
"VHM","09:15:50",41.2,0.45,10000,164000,"S"
"VHM","09:15:43",41.2,0.45,700,154000,"S"
"VHM","09:15:43",41.15,0.4,800,153300,"S"
"VHM","09:15:40",41.1,0.35,300,152500,"B"
"VHM","09:15:38",41.1,0.35,100,152200,"B"
"VHM","09:15:35",41.1,0.35,43000,152100,"S"
"VHM","09:15:34",41.1,0.35,6400,109100,"S"
"VHM","09:15:29",41.05,0.3,300,102700,"B"
"VHM","09:15:24",41.05,0.3,100,102400,"B"
"VHM","09:15:06",41.05,0.3,1300,102300,"B"
"VHM","09:15:04",41.05,0.3,400,101000,"B"
"VHM","09:15:02",41.05,0.3,200,100600,"B"
"VHM","09:15:01",41.05,0.3,100400,100400,
