"id","symbol","truncTime","matchType","matchVol","matchPrice","accumulatedVolume","createdAt","updatedAt"
151791245,"DRH","1700725491","unknown","297300","4950","2508800","2023-11-23T07:45:03.636Z","2023-11-23T07:45:03.636Z"
151789559,"DRH","1700724589","s","12500","5080","2508800","2023-11-23T07:30:01.674Z","2023-11-23T07:30:01.674Z"
151786899,"DRH","1700724573","s","3900","5080","2496300","2023-11-23T07:29:46.710Z","2023-11-23T07:29:46.710Z"
151786898,"DRH","1700724573","s","5000","5080","2496300","2023-11-23T07:29:46.710Z","2023-11-23T07:29:46.710Z"
151786897,"DRH","1700724573","s","500","5080","2496300","2023-11-23T07:29:46.710Z","2023-11-23T07:29:46.710Z"
151786896,"DRH","1700724573","s","500","5080","2496300","2023-11-23T07:29:46.710Z","2023-11-23T07:29:46.710Z"
151786895,"DRH","1700724573","s","500","5080","2496300","2023-11-23T07:29:46.710Z","2023-11-23T07:29:46.710Z"
151786894,"DRH","1700724573","s","500","5080","2496300","2023-11-23T07:29:46.710Z","2023-11-23T07:29:46.710Z"
151786893,"DRH","1700724573","s","10000","5080","2496300","2023-11-23T07:29:46.710Z","2023-11-23T07:29:46.710Z"
151786892,"DRH","1700724573","s","5000","5080","2496300","2023-11-23T07:29:46.710Z","2023-11-23T07:29:46.710Z"
151786891,"DRH","1700724573","s","100","5080","2496300","2023-11-23T07:29:46.710Z","2023-11-23T07:29:46.710Z"
151786890,"DRH","1700724573","s","400","5080","2496300","2023-11-23T07:29:46.710Z","2023-11-23T07:29:46.710Z"
151786889,"DRH","1700724573","s","100","5080","2496300","2023-11-23T07:29:46.710Z","2023-11-23T07:29:46.710Z"
151786888,"DRH","1700724573","s","500","5080","2496300","2023-11-23T07:29:46.710Z","2023-11-23T07:29:46.710Z"
151786887,"DRH","1700724573","s","46900","5080","2496300","2023-11-23T07:29:46.710Z","2023-11-23T07:29:46.710Z"
151785057,"DRH","1700724561","b","100","5100","2422400","2023-11-23T07:29:33.673Z","2023-11-23T07:29:33.673Z"
151785055,"DRH","1700724561","s","8600","5100","2422400","2023-11-23T07:29:33.673Z","2023-11-23T07:29:33.673Z"
151784912,"DRH","1700724560","b","100","5110","2413600","2023-11-23T07:29:32.741Z","2023-11-23T07:29:32.741Z"
151783718,"DRH","1700724552","b","3000","5110","2410600","2023-11-23T07:29:24.660Z","2023-11-23T07:29:24.660Z"
151782587,"DRH","1700724545","s","1400","5100","2400600","2023-11-23T07:29:17.741Z","2023-11-23T07:29:17.741Z"
151782586,"DRH","1700724545","s","1000","5100","2400600","2023-11-23T07:29:17.741Z","2023-11-23T07:29:17.741Z"
151782585,"DRH","1700724545","s","2600","5100","2400600","2023-11-23T07:29:17.741Z","2023-11-23T07:29:17.741Z"
151782584,"DRH","1700724545","s","1000","5110","2400600","2023-11-23T07:29:17.741Z","2023-11-23T07:29:17.741Z"
151782583,"DRH","1700724545","s","4000","5110","2400600","2023-11-23T07:29:17.741Z","2023-11-23T07:29:17.741Z"
151778938,"DRH","1700724519","s","7000","5100","2393600","2023-11-23T07:28:52.653Z","2023-11-23T07:28:52.653Z"
151778184,"DRH","1700724515","s","500","5100","2393100","2023-11-23T07:28:47.678Z","2023-11-23T07:28:47.678Z"
151777996,"DRH","1700724513","s","1000","5100","2393100","2023-11-23T07:28:46.760Z","2023-11-23T07:28:46.760Z"
151775560,"DRH","1700724496","s","6200","5100","2381700","2023-11-23T07:28:29.672Z","2023-11-23T07:28:29.672Z"
151775559,"DRH","1700724496","s","3800","5110","2381700","2023-11-23T07:28:29.672Z","2023-11-23T07:28:29.672Z"
151775558,"DRH","1700724496","s","400","5110","2381700","2023-11-23T07:28:29.672Z","2023-11-23T07:28:29.672Z"
151775353,"DRH","1700724494","b","800","5110","2380900","2023-11-23T07:28:27.666Z","2023-11-23T07:28:27.666Z"
151771719,"DRH","1700724472","b","5100","5100","2380900","2023-11-23T07:28:04.715Z","2023-11-23T07:28:04.715Z"
151770637,"DRH","1700724466","s","3100","5080","2278600","2023-11-23T07:27:58.655Z","2023-11-23T07:27:58.655Z"
151770636,"DRH","1700724466","s","3000","5080","2278600","2023-11-23T07:27:58.655Z","2023-11-23T07:27:58.655Z"
151770635,"DRH","1700724466","s","500","5080","2278600","2023-11-23T07:27:58.655Z","2023-11-23T07:27:58.655Z"
151770634,"DRH","1700724466","s","1000","5080","2278600","2023-11-23T07:27:58.655Z","2023-11-23T07:27:58.655Z"
151770633,"DRH","1700724466","s","20000","5080","2278600","2023-11-23T07:27:58.655Z","2023-11-23T07:27:58.655Z"
151770632,"DRH","1700724466","s","1500","5080","2278600","2023-11-23T07:27:58.655Z","2023-11-23T07:27:58.655Z"
151770631,"DRH","1700724466","s","100","5080","2278600","2023-11-23T07:27:58.655Z","2023-11-23T07:27:58.655Z"
151770630,"DRH","1700724466","s","1000","5090","2278600","2023-11-23T07:27:58.655Z","2023-11-23T07:27:58.655Z"
151770629,"DRH","1700724466","s","1000","5090","2278600","2023-11-23T07:27:58.655Z","2023-11-23T07:27:58.655Z"
151770628,"DRH","1700724466","s","100","5090","2278600","2023-11-23T07:27:58.655Z","2023-11-23T07:27:58.655Z"
151770627,"DRH","1700724466","s","100","5090","2278600","2023-11-23T07:27:58.655Z","2023-11-23T07:27:58.655Z"
151770626,"DRH","1700724466","s","10000","5090","2278600","2023-11-23T07:27:58.655Z","2023-11-23T07:27:58.655Z"
151770625,"DRH","1700724466","s","400","5090","2278600","2023-11-23T07:27:58.655Z","2023-11-23T07:27:58.655Z"
151770624,"DRH","1700724466","s","500","5090","2278600","2023-11-23T07:27:58.655Z","2023-11-23T07:27:58.655Z"
151770623,"DRH","1700724466","s","5000","5090","2278600","2023-11-23T07:27:58.655Z","2023-11-23T07:27:58.655Z"
151770622,"DRH","1700724466","s","49900","5090","2278600","2023-11-23T07:27:58.655Z","2023-11-23T07:27:58.655Z"
151769232,"DRH","1700724457","b","4900","5100","2278600","2023-11-23T07:27:49.727Z","2023-11-23T07:27:49.727Z"
151769231,"DRH","1700724457","b","100","5100","2278600","2023-11-23T07:27:49.727Z","2023-11-23T07:27:49.727Z"
151769230,"DRH","1700724457","s","100","5090","2278600","2023-11-23T07:27:49.727Z","2023-11-23T07:27:49.727Z"
151769229,"DRH","1700724457","s","700","5090","2278600","2023-11-23T07:27:49.727Z","2023-11-23T07:27:49.727Z"
151768526,"DRH","1700724453","s","300","5090","2272500","2023-11-23T07:27:44.717Z","2023-11-23T07:27:44.717Z"
151767896,"DRH","1700724449","b","900","5100","2271600","2023-11-23T07:27:41.657Z","2023-11-23T07:27:41.657Z"
151766442,"DRH","1700724440","b","500","5100","2271600","2023-11-23T07:27:32.769Z","2023-11-23T07:27:32.769Z"
151765413,"DRH","1700724433","s","1700","5100","2271100","2023-11-23T07:27:26.695Z","2023-11-23T07:27:26.695Z"
151765179,"DRH","1700724432","b","1300","5100","2269400","2023-11-23T07:27:24.660Z","2023-11-23T07:27:24.660Z"
151765121,"DRH","1700724431","s","100","5100","2268100","2023-11-23T07:27:23.698Z","2023-11-23T07:27:23.698Z"
151765120,"DRH","1700724431","s","1000","5100","2268100","2023-11-23T07:27:23.698Z","2023-11-23T07:27:23.698Z"
151765119,"DRH","1700724431","s","100","5100","2268100","2023-11-23T07:27:23.698Z","2023-11-23T07:27:23.698Z"
151765118,"DRH","1700724431","s","3000","5100","2268100","2023-11-23T07:27:23.698Z","2023-11-23T07:27:23.698Z"
151765117,"DRH","1700724431","s","100","5100","2268100","2023-11-23T07:27:23.698Z","2023-11-23T07:27:23.698Z"
151765116,"DRH","1700724431","s","5000","5100","2268100","2023-11-23T07:27:23.698Z","2023-11-23T07:27:23.698Z"
151765115,"DRH","1700724431","s","9400","5100","2268100","2023-11-23T07:27:23.698Z","2023-11-23T07:27:23.698Z"
151765000,"DRH","1700724430","s","600","5100","2248400","2023-11-23T07:27:23.698Z","2023-11-23T07:27:23.698Z"
151764999,"DRH","1700724430","s","400","5100","2248400","2023-11-23T07:27:23.698Z","2023-11-23T07:27:23.698Z"
151764443,"DRH","1700724426","s","4600","5100","2248400","2023-11-23T07:27:18.671Z","2023-11-23T07:27:18.671Z"
151764442,"DRH","1700724426","s","2000","5100","2248400","2023-11-23T07:27:18.671Z","2023-11-23T07:27:18.671Z"
151764441,"DRH","1700724426","s","100","5100","2248400","2023-11-23T07:27:18.671Z","2023-11-23T07:27:18.671Z"
151764440,"DRH","1700724426","s","100","5100","2248400","2023-11-23T07:27:18.671Z","2023-11-23T07:27:18.671Z"
151764439,"DRH","1700724426","s","100","5100","2248400","2023-11-23T07:27:18.671Z","2023-11-23T07:27:18.671Z"
151764438,"DRH","1700724426","s","100","5100","2248400","2023-11-23T07:27:18.671Z","2023-11-23T07:27:18.671Z"
151764437,"DRH","1700724426","s","100","5100","2248400","2023-11-23T07:27:18.671Z","2023-11-23T07:27:18.671Z"
151764436,"DRH","1700724426","s","100","5100","2248400","2023-11-23T07:27:18.671Z","2023-11-23T07:27:18.671Z"
151764435,"DRH","1700724426","s","1800","5100","2248400","2023-11-23T07:27:18.671Z","2023-11-23T07:27:18.671Z"
151764012,"DRH","1700724424","s","7000","5100","2223400","2023-11-23T07:27:16.671Z","2023-11-23T07:27:16.671Z"
151764011,"DRH","1700724424","s","2500","5100","2223400","2023-11-23T07:27:16.671Z","2023-11-23T07:27:16.671Z"
151764010,"DRH","1700724424","s","3000","5100","2223400","2023-11-23T07:27:16.671Z","2023-11-23T07:27:16.671Z"
151764009,"DRH","1700724424","s","300","5100","2223400","2023-11-23T07:27:16.671Z","2023-11-23T07:27:16.671Z"
151764008,"DRH","1700724424","s","1000","5100","2223400","2023-11-23T07:27:16.671Z","2023-11-23T07:27:16.671Z"
151764007,"DRH","1700724424","s","1400","5100","2223400","2023-11-23T07:27:16.671Z","2023-11-23T07:27:16.671Z"
151764006,"DRH","1700724424","s","200","5100","2223400","2023-11-23T07:27:16.671Z","2023-11-23T07:27:16.671Z"
151764005,"DRH","1700724424","s","600","5100","2223400","2023-11-23T07:27:16.671Z","2023-11-23T07:27:16.671Z"
151763629,"DRH","1700724422","b","100","5110","2223400","2023-11-23T07:27:14.713Z","2023-11-23T07:27:14.713Z"
151763303,"DRH","1700724420","s","4400","5100","2223300","2023-11-23T07:27:12.717Z","2023-11-23T07:27:12.717Z"
151763302,"DRH","1700724420","s","3600","5100","2223300","2023-11-23T07:27:12.717Z","2023-11-23T07:27:12.717Z"
151761745,"DRH","1700724409","s","600","5110","2215300","2023-11-23T07:27:02.693Z","2023-11-23T07:27:02.693Z"
151761744,"DRH","1700724409","s","800","5110","2215300","2023-11-23T07:27:02.693Z","2023-11-23T07:27:02.693Z"
151757265,"DRH","1700724385","b","300","5120","2213600","2023-11-23T07:26:37.697Z","2023-11-23T07:26:37.697Z"
151756295,"DRH","1700724377","s","500","5110","2213600","2023-11-23T07:26:30.704Z","2023-11-23T07:26:30.704Z"
151756066,"DRH","1700724376","b","200","5110","2213100","2023-11-23T07:26:28.679Z","2023-11-23T07:26:28.679Z"
151756065,"DRH","1700724376","b","3500","5110","2213100","2023-11-23T07:26:28.679Z","2023-11-23T07:26:28.679Z"
151755668,"DRH","1700724374","b","100","5110","2206300","2023-11-23T07:26:25.714Z","2023-11-23T07:26:25.714Z"
151755667,"DRH","1700724374","s","3000","5100","2206300","2023-11-23T07:26:25.714Z","2023-11-23T07:26:25.714Z"
151754793,"DRH","1700724367","b","400","5110","2205900","2023-11-23T07:26:19.675Z","2023-11-23T07:26:19.675Z"
151754589,"DRH","1700724365","s","2000","5100","2203900","2023-11-23T07:26:17.685Z","2023-11-23T07:26:17.685Z"
151753566,"DRH","1700724359","s","10000","5100","2203900","2023-11-23T07:26:11.693Z","2023-11-23T07:26:11.693Z"
151751532,"DRH","1700724347","s","300","5110","2190900","2023-11-23T07:25:59.716Z","2023-11-23T07:25:59.716Z"
151751531,"DRH","1700724347","s","2700","5110","2190900","2023-11-23T07:25:59.716Z","2023-11-23T07:25:59.716Z"
151750519,"DRH","1700724342","s","2000","5110","2188900","2023-11-23T07:25:54.696Z","2023-11-23T07:25:54.696Z"
