"id","symbol","truncTime","matchType","matchVol","matchPrice","accumulatedVolume","createdAt","updatedAt"
151791654,"SSB","1700725497","unknown","387400","23000","1351200","2023-11-23T07:45:09.645Z","2023-11-23T07:45:09.645Z"
151788878,"SSB","1700724585","s","1000","22700","963800","2023-11-23T07:29:57.678Z","2023-11-23T07:29:57.678Z"
151785411,"SSB","1700724563","s","3300","22700","958100","2023-11-23T07:29:35.706Z","2023-11-23T07:29:35.706Z"
151785410,"SSB","1700724563","s","500","22700","958100","2023-11-23T07:29:35.706Z","2023-11-23T07:29:35.706Z"
151785409,"SSB","1700724563","s","900","22700","958100","2023-11-23T07:29:35.706Z","2023-11-23T07:29:35.706Z"
151784537,"SSB","1700724557","b","400","22700","958100","2023-11-23T07:29:30.738Z","2023-11-23T07:29:30.738Z"
151782641,"SSB","1700724545","s","4600","22650","953100","2023-11-23T07:29:17.741Z","2023-11-23T07:29:17.741Z"
151772662,"SSB","1700724478","s","1300","22650","948400","2023-11-23T07:28:10.676Z","2023-11-23T07:28:10.676Z"
151772661,"SSB","1700724478","s","100","22650","948400","2023-11-23T07:28:10.676Z","2023-11-23T07:28:10.676Z"
151772660,"SSB","1700724478","s","200","22650","948400","2023-11-23T07:28:10.676Z","2023-11-23T07:28:10.676Z"
151772659,"SSB","1700724478","s","200","22650","948400","2023-11-23T07:28:10.676Z","2023-11-23T07:28:10.676Z"
151772658,"SSB","1700724478","s","500","22650","948400","2023-11-23T07:28:10.676Z","2023-11-23T07:28:10.676Z"
151772657,"SSB","1700724478","s","500","22650","948400","2023-11-23T07:28:10.676Z","2023-11-23T07:28:10.676Z"
151772656,"SSB","1700724478","s","300","22650","948400","2023-11-23T07:28:10.676Z","2023-11-23T07:28:10.676Z"
151772655,"SSB","1700724478","s","200","22650","948400","2023-11-23T07:28:10.676Z","2023-11-23T07:28:10.676Z"
151772654,"SSB","1700724478","s","1400","22700","948400","2023-11-23T07:28:10.676Z","2023-11-23T07:28:10.676Z"
151768674,"SSB","1700724454","s","1000","22700","947400","2023-11-23T07:27:46.670Z","2023-11-23T07:27:46.670Z"
151767923,"SSB","1700724450","s","500","22700","946900","2023-11-23T07:27:42.719Z","2023-11-23T07:27:42.719Z"
151765683,"SSB","1700724435","b","100","22750","946900","2023-11-23T07:27:28.704Z","2023-11-23T07:27:28.704Z"
151762873,"SSB","1700724418","b","200","22750","946600","2023-11-23T07:27:10.671Z","2023-11-23T07:27:10.671Z"
151759684,"SSB","1700724397","b","100","22750","946500","2023-11-23T07:26:49.693Z","2023-11-23T07:26:49.693Z"
151754295,"SSB","1700724363","s","100","22650","940800","2023-11-23T07:26:15.736Z","2023-11-23T07:26:15.736Z"
151754294,"SSB","1700724363","s","100","22650","940800","2023-11-23T07:26:15.736Z","2023-11-23T07:26:15.736Z"
151754293,"SSB","1700724363","s","800","22650","940800","2023-11-23T07:26:15.736Z","2023-11-23T07:26:15.736Z"
151754292,"SSB","1700724363","s","1000","22650","940800","2023-11-23T07:26:15.736Z","2023-11-23T07:26:15.736Z"
151754291,"SSB","1700724363","s","300","22650","940800","2023-11-23T07:26:15.736Z","2023-11-23T07:26:15.736Z"
151754290,"SSB","1700724363","s","200","22650","940800","2023-11-23T07:26:15.736Z","2023-11-23T07:26:15.736Z"
151754289,"SSB","1700724363","s","100","22650","940800","2023-11-23T07:26:15.736Z","2023-11-23T07:26:15.736Z"
151754288,"SSB","1700724363","s","100","22650","940800","2023-11-23T07:26:15.736Z","2023-11-23T07:26:15.736Z"
151754287,"SSB","1700724363","s","3000","22650","940800","2023-11-23T07:26:15.736Z","2023-11-23T07:26:15.736Z"
151748618,"SSB","1700724331","s","2500","22650","938300","2023-11-23T07:25:43.676Z","2023-11-23T07:25:43.676Z"
151748066,"SSB","1700724327","b","100","22750","938300","2023-11-23T07:25:39.705Z","2023-11-23T07:25:39.705Z"
151746500,"SSB","1700724317","s","500","22650","935700","2023-11-23T07:25:29.756Z","2023-11-23T07:25:29.756Z"
151746499,"SSB","1700724317","s","800","22650","935700","2023-11-23T07:25:29.756Z","2023-11-23T07:25:29.756Z"
151746498,"SSB","1700724317","s","200","22700","935700","2023-11-23T07:25:29.756Z","2023-11-23T07:25:29.756Z"
151746497,"SSB","1700724317","s","500","22700","935700","2023-11-23T07:25:29.756Z","2023-11-23T07:25:29.756Z"
151746496,"SSB","1700724317","s","500","22700","935700","2023-11-23T07:25:29.756Z","2023-11-23T07:25:29.756Z"
151745284,"SSB","1700724309","b","500","22700","935200","2023-11-23T07:25:21.676Z","2023-11-23T07:25:21.676Z"
151745105,"SSB","1700724308","s","300","22650","934900","2023-11-23T07:25:20.756Z","2023-11-23T07:25:20.756Z"
151739786,"SSB","1700724276","s","2500","22650","932400","2023-11-23T07:24:48.665Z","2023-11-23T07:24:48.665Z"
151735507,"SSB","1700724256","s","1400","22650","929900","2023-11-23T07:24:28.724Z","2023-11-23T07:24:28.724Z"
151735506,"SSB","1700724256","s","500","22650","929900","2023-11-23T07:24:28.724Z","2023-11-23T07:24:28.724Z"
151735505,"SSB","1700724256","s","500","22650","929900","2023-11-23T07:24:28.724Z","2023-11-23T07:24:28.724Z"
151735504,"SSB","1700724256","s","100","22650","929900","2023-11-23T07:24:28.724Z","2023-11-23T07:24:28.724Z"
151732987,"SSB","1700724242","s","400","22650","929900","2023-11-23T07:24:15.689Z","2023-11-23T07:24:15.689Z"
151732986,"SSB","1700724242","s","200","22650","929900","2023-11-23T07:24:15.689Z","2023-11-23T07:24:15.689Z"
151732985,"SSB","1700724242","s","1000","22650","929900","2023-11-23T07:24:15.689Z","2023-11-23T07:24:15.689Z"
151732984,"SSB","1700724242","s","800","22700","929900","2023-11-23T07:24:15.689Z","2023-11-23T07:24:15.689Z"
151732983,"SSB","1700724242","s","100","22700","929900","2023-11-23T07:24:15.689Z","2023-11-23T07:24:15.689Z"
151730934,"SSB","1700724226","s","1000","22650","927400","2023-11-23T07:23:58.733Z","2023-11-23T07:23:58.733Z"
151730933,"SSB","1700724226","s","800","22650","927400","2023-11-23T07:23:58.733Z","2023-11-23T07:23:58.733Z"
151730932,"SSB","1700724226","s","100","22650","927400","2023-11-23T07:23:58.733Z","2023-11-23T07:23:58.733Z"
151730931,"SSB","1700724226","s","400","22650","927400","2023-11-23T07:23:58.733Z","2023-11-23T07:23:58.733Z"
151730930,"SSB","1700724226","s","200","22700","927400","2023-11-23T07:23:58.733Z","2023-11-23T07:23:58.733Z"
151730760,"SSB","1700724225","b","300","22700","924600","2023-11-23T07:23:56.718Z","2023-11-23T07:23:56.718Z"
151730639,"SSB","1700724223","b","100","22700","924500","2023-11-23T07:23:55.642Z","2023-11-23T07:23:55.642Z"
151730042,"SSB","1700724215","b","100","22700","924400","2023-11-23T07:23:47.820Z","2023-11-23T07:23:47.820Z"
151729293,"SSB","1700724204","b","100","22700","924300","2023-11-23T07:23:37.646Z","2023-11-23T07:23:37.646Z"
151729211,"SSB","1700724203","b","500","22700","923800","2023-11-23T07:23:36.692Z","2023-11-23T07:23:36.692Z"
151722350,"SSB","1700724115","s","100","22650","921300","2023-11-23T07:22:07.652Z","2023-11-23T07:22:07.652Z"
151722349,"SSB","1700724115","s","200","22650","921300","2023-11-23T07:22:07.652Z","2023-11-23T07:22:07.652Z"
151722348,"SSB","1700724115","s","100","22650","921300","2023-11-23T07:22:07.652Z","2023-11-23T07:22:07.652Z"
151722347,"SSB","1700724115","s","500","22650","921300","2023-11-23T07:22:07.652Z","2023-11-23T07:22:07.652Z"
151722346,"SSB","1700724115","s","100","22650","921300","2023-11-23T07:22:07.652Z","2023-11-23T07:22:07.652Z"
151722345,"SSB","1700724115","s","1500","22650","921300","2023-11-23T07:22:07.652Z","2023-11-23T07:22:07.652Z"
151721082,"SSB","1700724099","s","1500","22650","921300","2023-11-23T07:21:51.730Z","2023-11-23T07:21:51.730Z"
151721081,"SSB","1700724099","s","1000","22650","921300","2023-11-23T07:21:51.730Z","2023-11-23T07:21:51.730Z"
151720264,"SSB","1700724090","s","2000","22650","918800","2023-11-23T07:21:42.660Z","2023-11-23T07:21:42.660Z"
151720263,"SSB","1700724090","s","100","22650","918800","2023-11-23T07:21:42.660Z","2023-11-23T07:21:42.660Z"
151720262,"SSB","1700724090","s","1000","22650","918800","2023-11-23T07:21:42.660Z","2023-11-23T07:21:42.660Z"
151720261,"SSB","1700724090","s","2000","22650","918800","2023-11-23T07:21:42.660Z","2023-11-23T07:21:42.660Z"
151720260,"SSB","1700724090","s","100","22650","918800","2023-11-23T07:21:42.660Z","2023-11-23T07:21:42.660Z"
151720259,"SSB","1700724090","s","100","22650","918800","2023-11-23T07:21:42.660Z","2023-11-23T07:21:42.660Z"
151719891,"SSB","1700724086","s","900","22650","913500","2023-11-23T07:21:38.645Z","2023-11-23T07:21:38.645Z"
151719890,"SSB","1700724086","s","1600","22650","913500","2023-11-23T07:21:38.645Z","2023-11-23T07:21:38.645Z"
151719221,"SSB","1700724078","s","1400","22650","911000","2023-11-23T07:21:30.646Z","2023-11-23T07:21:30.646Z"
151719220,"SSB","1700724078","s","100","22650","911000","2023-11-23T07:21:30.646Z","2023-11-23T07:21:30.646Z"
151719219,"SSB","1700724078","s","1000","22650","911000","2023-11-23T07:21:30.646Z","2023-11-23T07:21:30.646Z"
151719218,"SSB","1700724078","s","500","22650","911000","2023-11-23T07:21:30.646Z","2023-11-23T07:21:30.646Z"
151718838,"SSB","1700724071","s","1500","22650","908000","2023-11-23T07:21:23.653Z","2023-11-23T07:21:23.653Z"
151718837,"SSB","1700724070","s","500","22650","908000","2023-11-23T07:21:23.653Z","2023-11-23T07:21:23.653Z"
151718836,"SSB","1700724070","s","500","22650","908000","2023-11-23T07:21:23.653Z","2023-11-23T07:21:23.653Z"
151718698,"SSB","1700724069","s","1200","22700","903600","2023-11-23T07:21:21.634Z","2023-11-23T07:21:21.634Z"
151718697,"SSB","1700724069","s","200","22700","903600","2023-11-23T07:21:21.634Z","2023-11-23T07:21:21.634Z"
151718696,"SSB","1700724069","s","500","22700","903600","2023-11-23T07:21:21.634Z","2023-11-23T07:21:21.634Z"
151718001,"SSB","1700724055","s","500","22700","901100","2023-11-23T07:21:07.716Z","2023-11-23T07:21:07.716Z"
151718000,"SSB","1700724055","s","500","22700","901100","2023-11-23T07:21:07.716Z","2023-11-23T07:21:07.716Z"
151717999,"SSB","1700724055","s","500","22700","901100","2023-11-23T07:21:07.716Z","2023-11-23T07:21:07.716Z"
151717998,"SSB","1700724055","s","1000","22700","901100","2023-11-23T07:21:07.716Z","2023-11-23T07:21:07.716Z"
151717465,"SSB","1700724044","b","1000","22750","901100","2023-11-23T07:20:55.644Z","2023-11-23T07:20:55.644Z"
151717311,"SSB","1700724041","s","900","22700","900100","2023-11-23T07:20:52.651Z","2023-11-23T07:20:52.651Z"
151717310,"SSB","1700724041","s","300","22700","900100","2023-11-23T07:20:52.651Z","2023-11-23T07:20:52.651Z"
151717309,"SSB","1700724041","s","100","22700","900100","2023-11-23T07:20:52.651Z","2023-11-23T07:20:52.651Z"
151717308,"SSB","1700724041","s","100","22700","900100","2023-11-23T07:20:52.651Z","2023-11-23T07:20:52.651Z"
151717307,"SSB","1700724041","s","200","22700","900100","2023-11-23T07:20:52.651Z","2023-11-23T07:20:52.651Z"
151717306,"SSB","1700724041","s","500","22700","900100","2023-11-23T07:20:52.651Z","2023-11-23T07:20:52.651Z"
151717305,"SSB","1700724041","s","300","22700","900100","2023-11-23T07:20:52.651Z","2023-11-23T07:20:52.651Z"
151717304,"SSB","1700724041","s","100","22700","900100","2023-11-23T07:20:52.651Z","2023-11-23T07:20:52.651Z"
151716774,"SSB","1700724030","b","200","22750","897600","2023-11-23T07:20:42.639Z","2023-11-23T07:20:42.639Z"
151715869,"SSB","1700724009","b","100","22750","897300","2023-11-23T07:20:21.634Z","2023-11-23T07:20:21.634Z"
