"id","symbol","truncTime","matchType","matchVol","matchPrice","accumulatedVolume","createdAt","updatedAt"
151792343,"VFS","1700725708","s","3900","19700","596600","2023-11-23T07:48:28.632Z","2023-11-23T07:48:28.632Z"
151791478,"VFS","1700725505","s","75100","19700","592700","2023-11-23T07:45:06.685Z","2023-11-23T07:45:06.685Z"
151788934,"VFS","1700724596","b","100","19800","517600","2023-11-23T07:29:58.666Z","2023-11-23T07:29:58.666Z"
151787214,"VFS","1700724586","s","1200","19700","517500","2023-11-23T07:29:47.765Z","2023-11-23T07:29:47.765Z"
151781939,"VFS","1700724552","s","1000","19700","516300","2023-11-23T07:29:13.662Z","2023-11-23T07:29:13.662Z"
151780167,"VFS","1700724540","s","2900","19700","515300","2023-11-23T07:29:01.646Z","2023-11-23T07:29:01.646Z"
151779960,"VFS","1700724538","s","800","19700","512400","2023-11-23T07:28:59.672Z","2023-11-23T07:28:59.672Z"
151769677,"VFS","1700724471","s","500","19700","511600","2023-11-23T07:27:52.673Z","2023-11-23T07:27:52.673Z"
151768681,"VFS","1700724465","s","7000","19700","511100","2023-11-23T07:27:46.670Z","2023-11-23T07:27:46.670Z"
151768354,"VFS","1700724463","s","500","19700","504100","2023-11-23T07:27:44.717Z","2023-11-23T07:27:44.717Z"
151765085,"VFS","1700724442","s","6000","19700","503600","2023-11-23T07:27:23.698Z","2023-11-23T07:27:23.698Z"
151762775,"VFS","1700724428","b","1000","19800","497600","2023-11-23T07:27:09.666Z","2023-11-23T07:27:09.666Z"
151756499,"VFS","1700724391","s","5700","19800","496600","2023-11-23T07:26:32.627Z","2023-11-23T07:26:32.627Z"
151755740,"VFS","1700724385","s","7000","19800","490900","2023-11-23T07:26:26.636Z","2023-11-23T07:26:26.636Z"
151754995,"VFS","1700724380","b","2000","19900","483900","2023-11-23T07:26:20.826Z","2023-11-23T07:26:20.826Z"
151754562,"VFS","1700724376","s","1500","19800","481900","2023-11-23T07:26:17.685Z","2023-11-23T07:26:17.685Z"
151744658,"VFS","1700724317","s","600","19800","480400","2023-11-23T07:25:18.681Z","2023-11-23T07:25:18.681Z"
151729519,"VFS","1700724219","s","300","19800","479800","2023-11-23T07:23:40.650Z","2023-11-23T07:23:40.650Z"
151729402,"VFS","1700724217","b","100","19900","479500","2023-11-23T07:23:38.641Z","2023-11-23T07:23:38.641Z"
151714723,"VFS","1700723989","b","1000","19900","479400","2023-11-23T07:19:49.642Z","2023-11-23T07:19:49.642Z"
151713990,"VFS","1700723974","b","100","19900","478400","2023-11-23T07:19:35.631Z","2023-11-23T07:19:35.631Z"
151713692,"VFS","1700723966","s","500","19800","478300","2023-11-23T07:19:27.630Z","2023-11-23T07:19:27.630Z"
151713589,"VFS","1700723963","b","200","19900","477800","2023-11-23T07:19:24.661Z","2023-11-23T07:19:24.661Z"
151707368,"VFS","1700723851","b","1000","19900","477600","2023-11-23T07:17:31.641Z","2023-11-23T07:17:31.641Z"
151704270,"VFS","1700723804","s","800","19900","476600","2023-11-23T07:16:44.633Z","2023-11-23T07:16:44.633Z"
151692818,"VFS","1700723658","s","3000","19900","475800","2023-11-23T07:14:19.649Z","2023-11-23T07:14:19.649Z"
151690798,"VFS","1700723644","s","2000","19900","472800","2023-11-23T07:14:05.701Z","2023-11-23T07:14:05.701Z"
151688614,"VFS","1700723623","s","400","19900","470800","2023-11-23T07:13:44.680Z","2023-11-23T07:13:44.680Z"
151676750,"VFS","1700723541","s","8000","19900","470400","2023-11-23T07:12:22.660Z","2023-11-23T07:12:22.660Z"
151675082,"VFS","1700723528","s","600","19900","462400","2023-11-23T07:12:09.811Z","2023-11-23T07:12:09.811Z"
151674511,"VFS","1700723523","b","2000","20000","461800","2023-11-23T07:12:04.655Z","2023-11-23T07:12:04.655Z"
151668978,"VFS","1700723434","b","1000","20000","459800","2023-11-23T07:10:34.617Z","2023-11-23T07:10:34.617Z"
151665442,"VFS","1700723315","s","300","19900","458800","2023-11-23T07:08:36.611Z","2023-11-23T07:08:36.611Z"
151653427,"VFS","1700722972","s","100","19900","458500","2023-11-23T07:02:54.616Z","2023-11-23T07:02:54.616Z"
151637709,"VFS","1700722665","s","4700","20000","458400","2023-11-23T06:57:46.607Z","2023-11-23T06:57:46.607Z"
151636633,"VFS","1700722639","s","100","20000","453700","2023-11-23T06:57:20.611Z","2023-11-23T06:57:20.611Z"
151635442,"VFS","1700722607","s","800","20000","453600","2023-11-23T06:56:48.600Z","2023-11-23T06:56:48.600Z"
151631643,"VFS","1700722474","b","300","20100","452800","2023-11-23T06:54:35.597Z","2023-11-23T06:54:35.597Z"
151631401,"VFS","1700722466","s","5200","20000","452500","2023-11-23T06:54:27.595Z","2023-11-23T06:54:27.595Z"
151615244,"VFS","1700721904","b","500","20000","447300","2023-11-23T06:45:04.590Z","2023-11-23T06:45:04.590Z"
151612250,"VFS","1700721807","b","100","20000","446800","2023-11-23T06:43:28.580Z","2023-11-23T06:43:28.580Z"
151605576,"VFS","1700721611","b","200","20000","446700","2023-11-23T06:40:11.587Z","2023-11-23T06:40:11.587Z"
151602296,"VFS","1700721535","s","200","20000","446500","2023-11-23T06:38:55.591Z","2023-11-23T06:38:55.591Z"
151600434,"VFS","1700721483","s","1000","20000","446300","2023-11-23T06:38:04.580Z","2023-11-23T06:38:04.580Z"
151598511,"VFS","1700721428","s","600","20000","445300","2023-11-23T06:37:08.573Z","2023-11-23T06:37:08.573Z"
151596673,"VFS","1700721367","b","400","20000","444700","2023-11-23T06:36:08.573Z","2023-11-23T06:36:08.573Z"
151593990,"VFS","1700721282","b","15000","20000","444300","2023-11-23T06:34:43.579Z","2023-11-23T06:34:43.579Z"
151591914,"VFS","1700721225","b","500","20000","429300","2023-11-23T06:33:46.574Z","2023-11-23T06:33:46.574Z"
151587613,"VFS","1700721129","b","400","20000","428800","2023-11-23T06:32:10.583Z","2023-11-23T06:32:10.583Z"
151575516,"VFS","1700720824","b","900","20000","428400","2023-11-23T06:27:05.577Z","2023-11-23T06:27:05.577Z"
151569023,"VFS","1700720622","s","1700","20000","427500","2023-11-23T06:23:43.582Z","2023-11-23T06:23:43.582Z"
151567086,"VFS","1700720555","b","200","20000","425800","2023-11-23T06:22:36.574Z","2023-11-23T06:22:36.574Z"
151567054,"VFS","1700720554","b","800","20000","425600","2023-11-23T06:22:35.577Z","2023-11-23T06:22:35.577Z"
151566861,"VFS","1700720548","b","400","20000","424800","2023-11-23T06:22:29.573Z","2023-11-23T06:22:29.573Z"
151557775,"VFS","1700720246","b","100","20000","424400","2023-11-23T06:17:27.563Z","2023-11-23T06:17:27.563Z"
151544393,"VFS","1700719766","s","1100","19900","424300","2023-11-23T06:09:27.555Z","2023-11-23T06:09:27.555Z"
151539734,"VFS","1700719645","s","200","20000","423200","2023-11-23T06:07:26.566Z","2023-11-23T06:07:26.566Z"
151538930,"VFS","1700719621","b","200","20000","423000","2023-11-23T06:07:02.553Z","2023-11-23T06:07:02.553Z"
151535444,"VFS","1700719498","s","2800","20000","422800","2023-11-23T06:04:59.564Z","2023-11-23T06:04:59.564Z"
151534663,"VFS","1700719474","s","800","20100","420000","2023-11-23T06:04:35.561Z","2023-11-23T06:04:35.561Z"
151533965,"VFS","1700719446","b","4700","20100","419200","2023-11-23T06:04:07.556Z","2023-11-23T06:04:07.556Z"
151533761,"VFS","1700719438","b","5000","20100","414500","2023-11-23T06:03:59.551Z","2023-11-23T06:03:59.551Z"
151533516,"VFS","1700719430","b","4900","20100","409500","2023-11-23T06:03:51.554Z","2023-11-23T06:03:51.554Z"
151533449,"VFS","1700719428","b","1100","20100","404600","2023-11-23T06:03:49.547Z","2023-11-23T06:03:49.547Z"
151533249,"VFS","1700719422","b","6000","20100","403500","2023-11-23T06:03:43.550Z","2023-11-23T06:03:43.550Z"
151532841,"VFS","1700719414","b","6900","20100","397500","2023-11-23T06:03:35.595Z","2023-11-23T06:03:35.595Z"
151532566,"VFS","1700719406","b","50000","20100","390600","2023-11-23T06:03:27.547Z","2023-11-23T06:03:27.547Z"
151532398,"VFS","1700719400","b","20000","20100","340600","2023-11-23T06:03:21.546Z","2023-11-23T06:03:21.546Z"
151532145,"VFS","1700719387","s","1400","20100","320600","2023-11-23T06:03:08.570Z","2023-11-23T06:03:08.570Z"
151532091,"VFS","1700719385","b","18600","20100","319200","2023-11-23T06:03:06.548Z","2023-11-23T06:03:06.548Z"
151531911,"VFS","1700719378","b","17200","20000","300600","2023-11-23T06:02:59.549Z","2023-11-23T06:02:59.549Z"
151525305,"VFS","1700719208","s","400","19900","283400","2023-11-23T06:00:10.668Z","2023-11-23T06:00:10.668Z"
151519980,"VFS","1700713643","s","1000","19900","283000","2023-11-23T04:27:24.466Z","2023-11-23T04:27:24.466Z"
151519113,"VFS","1700713598","s","500","19900","282000","2023-11-23T04:26:39.468Z","2023-11-23T04:26:39.468Z"
151505118,"VFS","1700712844","b","500","20000","281500","2023-11-23T04:14:06.471Z","2023-11-23T04:14:06.471Z"
151503242,"VFS","1700712760","b","400","20000","281000","2023-11-23T04:12:41.466Z","2023-11-23T04:12:41.466Z"
151487153,"VFS","1700711929","s","12000","20000","280600","2023-11-23T03:58:49.454Z","2023-11-23T03:58:49.454Z"
151482866,"VFS","1700711754","s","2000","20000","268600","2023-11-23T03:55:55.446Z","2023-11-23T03:55:55.446Z"
151480023,"VFS","1700711625","s","500","20000","266600","2023-11-23T03:53:46.445Z","2023-11-23T03:53:46.445Z"
151476868,"VFS","1700711474","b","1100","20000","266100","2023-11-23T03:51:15.441Z","2023-11-23T03:51:15.441Z"
151476326,"VFS","1700711453","b","5000","20000","265000","2023-11-23T03:50:54.442Z","2023-11-23T03:50:54.442Z"
151474056,"VFS","1700711354","b","300","20000","260000","2023-11-23T03:49:15.459Z","2023-11-23T03:49:15.459Z"
151467146,"VFS","1700711096","s","500","19900","259700","2023-11-23T03:44:57.436Z","2023-11-23T03:44:57.436Z"
151464589,"VFS","1700710978","s","4100","20000","259200","2023-11-23T03:43:00.435Z","2023-11-23T03:43:00.435Z"
151463040,"VFS","1700710911","b","9300","20000","255100","2023-11-23T03:41:52.439Z","2023-11-23T03:41:52.439Z"
151462007,"VFS","1700710875","b","200","20000","245800","2023-11-23T03:41:17.431Z","2023-11-23T03:41:17.431Z"
151461231,"VFS","1700710839","b","1000","20000","245600","2023-11-23T03:40:40.425Z","2023-11-23T03:40:40.425Z"
151448980,"VFS","1700710250","s","600","19900","244600","2023-11-23T03:30:51.419Z","2023-11-23T03:30:51.419Z"
151448936,"VFS","1700710248","b","14400","19900","244000","2023-11-23T03:30:49.428Z","2023-11-23T03:30:49.428Z"
151444768,"VFS","1700710080","b","400","20000","229600","2023-11-23T03:28:02.407Z","2023-11-23T03:28:02.407Z"
151444083,"VFS","1700710039","s","2000","19900","229200","2023-11-23T03:27:20.417Z","2023-11-23T03:27:20.417Z"
151437849,"VFS","1700709774","s","100","19900","227200","2023-11-23T03:22:55.404Z","2023-11-23T03:22:55.404Z"
151431976,"VFS","1700709499","b","100","20000","227100","2023-11-23T03:18:20.402Z","2023-11-23T03:18:20.402Z"
151427205,"VFS","1700709286","b","100","20000","227000","2023-11-23T03:14:47.404Z","2023-11-23T03:14:47.404Z"
151423158,"VFS","1700709128","b","4000","20000","226900","2023-11-23T03:12:09.473Z","2023-11-23T03:12:09.473Z"
151420457,"VFS","1700709042","b","400","20000","222900","2023-11-23T03:10:43.404Z","2023-11-23T03:10:43.404Z"
151420111,"VFS","1700709030","b","1000","20000","222500","2023-11-23T03:10:31.412Z","2023-11-23T03:10:31.412Z"
151414417,"VFS","1700708902","b","5800","20000","221500","2023-11-23T03:08:23.400Z","2023-11-23T03:08:23.400Z"
151410306,"VFS","1700708813","b","2400","20000","215700","2023-11-23T03:06:54.397Z","2023-11-23T03:06:54.397Z"
151405630,"VFS","1700708705","s","100","20000","213300","2023-11-23T03:05:06.411Z","2023-11-23T03:05:06.411Z"
