"id","symbol","truncTime","matchType","matchVol","matchPrice","accumulatedVolume","createdAt","updatedAt"
151791502,"VPG","1700725495","unknown","172500","16300","1112900","2023-11-23T07:45:07.665Z","2023-11-23T07:45:07.665Z"
151789570,"VPG","1700724589","s","1000","16550","940400","2023-11-23T07:30:01.674Z","2023-11-23T07:30:01.674Z"
151786762,"VPG","1700724572","b","100","16550","939400","2023-11-23T07:29:44.708Z","2023-11-23T07:29:44.708Z"
151784800,"VPG","1700724559","s","500","16550","939300","2023-11-23T07:29:31.648Z","2023-11-23T07:29:31.648Z"
151784799,"VPG","1700724559","s","600","16550","939300","2023-11-23T07:29:31.648Z","2023-11-23T07:29:31.648Z"
151784798,"VPG","1700724559","s","2600","16550","939300","2023-11-23T07:29:31.648Z","2023-11-23T07:29:31.648Z"
151782129,"VPG","1700724542","s","1400","16600","934200","2023-11-23T07:29:14.690Z","2023-11-23T07:29:14.690Z"
151780022,"VPG","1700724528","b","600","16600","934200","2023-11-23T07:29:00.682Z","2023-11-23T07:29:00.682Z"
151779680,"VPG","1700724525","s","1500","16600","931500","2023-11-23T07:28:57.678Z","2023-11-23T07:28:57.678Z"
151779678,"VPG","1700724525","s","600","16600","931500","2023-11-23T07:28:57.678Z","2023-11-23T07:28:57.678Z"
151778081,"VPG","1700724514","s","900","16600","931500","2023-11-23T07:28:46.760Z","2023-11-23T07:28:46.760Z"
151778080,"VPG","1700724514","s","200","16600","931500","2023-11-23T07:28:46.760Z","2023-11-23T07:28:46.760Z"
151778079,"VPG","1700724514","s","900","16600","931500","2023-11-23T07:28:46.760Z","2023-11-23T07:28:46.760Z"
151777052,"VPG","1700724506","s","500","16600","928000","2023-11-23T07:28:38.699Z","2023-11-23T07:28:38.699Z"
151777043,"VPG","1700724506","s","1000","16600","928000","2023-11-23T07:28:38.699Z","2023-11-23T07:28:38.699Z"
151775811,"VPG","1700724498","s","100","16600","927900","2023-11-23T07:28:30.673Z","2023-11-23T07:28:30.673Z"
151775214,"VPG","1700724493","s","5800","16600","922100","2023-11-23T07:28:26.686Z","2023-11-23T07:28:26.686Z"
151774799,"VPG","1700724491","s","1700","16600","922100","2023-11-23T07:28:23.676Z","2023-11-23T07:28:23.676Z"
151774798,"VPG","1700724491","s","500","16600","922100","2023-11-23T07:28:23.676Z","2023-11-23T07:28:23.676Z"
151774797,"VPG","1700724491","s","100","16600","922100","2023-11-23T07:28:23.676Z","2023-11-23T07:28:23.676Z"
151774796,"VPG","1700724491","s","2500","16600","922100","2023-11-23T07:28:23.676Z","2023-11-23T07:28:23.676Z"
151774795,"VPG","1700724491","s","100","16600","922100","2023-11-23T07:28:23.676Z","2023-11-23T07:28:23.676Z"
151774794,"VPG","1700724491","s","200","16600","922100","2023-11-23T07:28:23.676Z","2023-11-23T07:28:23.676Z"
151774163,"VPG","1700724486","s","500","16600","916500","2023-11-23T07:28:18.692Z","2023-11-23T07:28:18.692Z"
151768314,"VPG","1700724452","s","300","16600","916200","2023-11-23T07:27:44.717Z","2023-11-23T07:27:44.717Z"
151750724,"VPG","1700724344","b","500","16700","916200","2023-11-23T07:25:56.690Z","2023-11-23T07:25:56.690Z"
151750175,"VPG","1700724339","s","200","16600","914700","2023-11-23T07:25:51.670Z","2023-11-23T07:25:51.670Z"
151750174,"VPG","1700724339","s","800","16600","914700","2023-11-23T07:25:51.670Z","2023-11-23T07:25:51.670Z"
151749061,"VPG","1700724334","s","600","16600","914700","2023-11-23T07:25:47.709Z","2023-11-23T07:25:47.709Z"
151746880,"VPG","1700724319","s","1000","16600","914100","2023-11-23T07:25:32.781Z","2023-11-23T07:25:32.781Z"
151744166,"VPG","1700724303","s","5000","16600","913100","2023-11-23T07:25:15.658Z","2023-11-23T07:25:15.658Z"
151740708,"VPG","1700724282","s","1600","16600","898100","2023-11-23T07:24:54.733Z","2023-11-23T07:24:54.733Z"
151740707,"VPG","1700724282","s","2000","16600","898100","2023-11-23T07:24:54.733Z","2023-11-23T07:24:54.733Z"
151740706,"VPG","1700724282","s","200","16600","898100","2023-11-23T07:24:54.733Z","2023-11-23T07:24:54.733Z"
151740705,"VPG","1700724282","s","600","16600","898100","2023-11-23T07:24:54.733Z","2023-11-23T07:24:54.733Z"
151740704,"VPG","1700724282","s","100","16600","898100","2023-11-23T07:24:54.733Z","2023-11-23T07:24:54.733Z"
151740703,"VPG","1700724282","s","5000","16650","898100","2023-11-23T07:24:54.733Z","2023-11-23T07:24:54.733Z"
151740702,"VPG","1700724282","s","500","16650","898100","2023-11-23T07:24:54.733Z","2023-11-23T07:24:54.733Z"
151738945,"VPG","1700724272","s","100","16700","895700","2023-11-23T07:24:44.764Z","2023-11-23T07:24:44.764Z"
151738944,"VPG","1700724272","s","500","16700","895700","2023-11-23T07:24:44.764Z","2023-11-23T07:24:44.764Z"
151738943,"VPG","1700724272","s","200","16700","895700","2023-11-23T07:24:44.764Z","2023-11-23T07:24:44.764Z"
151738942,"VPG","1700724272","s","1600","16700","895700","2023-11-23T07:24:44.764Z","2023-11-23T07:24:44.764Z"
151738487,"VPG","1700724269","s","400","16700","883700","2023-11-23T07:24:40.824Z","2023-11-23T07:24:40.824Z"
151738486,"VPG","1700724269","s","500","16700","883700","2023-11-23T07:24:40.824Z","2023-11-23T07:24:40.824Z"
151738485,"VPG","1700724269","s","300","16700","883700","2023-11-23T07:24:40.824Z","2023-11-23T07:24:40.824Z"
151738484,"VPG","1700724269","s","1000","16700","883700","2023-11-23T07:24:40.824Z","2023-11-23T07:24:40.824Z"
151738483,"VPG","1700724269","s","9800","16700","883700","2023-11-23T07:24:40.824Z","2023-11-23T07:24:40.824Z"
151734819,"VPG","1700724253","s","200","16700","883700","2023-11-23T07:24:25.768Z","2023-11-23T07:24:25.768Z"
151734818,"VPG","1700724253","s","300","16700","883700","2023-11-23T07:24:25.768Z","2023-11-23T07:24:25.768Z"
151730621,"VPG","1700724223","s","2700","16700","883200","2023-11-23T07:23:54.678Z","2023-11-23T07:23:54.678Z"
151730620,"VPG","1700724223","s","300","16700","883200","2023-11-23T07:23:54.678Z","2023-11-23T07:23:54.678Z"
151730619,"VPG","1700724223","s","2000","16700","883200","2023-11-23T07:23:54.678Z","2023-11-23T07:23:54.678Z"
151726518,"VPG","1700724169","s","2000","16750","869900","2023-11-23T07:23:01.670Z","2023-11-23T07:23:01.670Z"
151726517,"VPG","1700724169","s","300","16750","869900","2023-11-23T07:23:01.670Z","2023-11-23T07:23:01.670Z"
151726516,"VPG","1700724169","s","3000","16750","869900","2023-11-23T07:23:01.670Z","2023-11-23T07:23:01.670Z"
151726515,"VPG","1700724169","s","100","16750","869900","2023-11-23T07:23:01.670Z","2023-11-23T07:23:01.670Z"
151726514,"VPG","1700724169","s","100","16750","869900","2023-11-23T07:23:01.670Z","2023-11-23T07:23:01.670Z"
151726513,"VPG","1700724169","s","500","16750","869900","2023-11-23T07:23:01.670Z","2023-11-23T07:23:01.670Z"
151726512,"VPG","1700724169","s","200","16750","869900","2023-11-23T07:23:01.670Z","2023-11-23T07:23:01.670Z"
151726511,"VPG","1700724169","s","100","16750","869900","2023-11-23T07:23:01.670Z","2023-11-23T07:23:01.670Z"
151726510,"VPG","1700724169","s","2000","16750","869900","2023-11-23T07:23:01.670Z","2023-11-23T07:23:01.670Z"
151725017,"VPG","1700724151","s","1200","16800","868700","2023-11-23T07:22:43.634Z","2023-11-23T07:22:43.634Z"
151725014,"VPG","1700724151","s","800","16800","868700","2023-11-23T07:22:43.634Z","2023-11-23T07:22:43.634Z"
151723924,"VPG","1700724139","s","1900","16800","867900","2023-11-23T07:22:31.641Z","2023-11-23T07:22:31.641Z"
151722501,"VPG","1700724117","s","100","16800","866000","2023-11-23T07:22:09.664Z","2023-11-23T07:22:09.664Z"
151717333,"VPG","1700724041","b","500","16850","865900","2023-11-23T07:20:53.643Z","2023-11-23T07:20:53.643Z"
151716159,"VPG","1700724016","b","2600","16850","862800","2023-11-23T07:20:28.623Z","2023-11-23T07:20:28.623Z"
151701671,"VPG","1700723753","s","2000","16750","860800","2023-11-23T07:16:06.633Z","2023-11-23T07:16:06.633Z"
151700450,"VPG","1700723737","s","400","16750","859900","2023-11-23T07:15:50.719Z","2023-11-23T07:15:50.719Z"
151700449,"VPG","1700723737","s","300","16800","859900","2023-11-23T07:15:50.719Z","2023-11-23T07:15:50.719Z"
151700448,"VPG","1700723737","s","200","16800","859900","2023-11-23T07:15:50.719Z","2023-11-23T07:15:50.719Z"
151699588,"VPG","1700723727","s","200","16800","859700","2023-11-23T07:15:39.672Z","2023-11-23T07:15:39.672Z"
151697709,"VPG","1700723702","s","600","16800","859700","2023-11-23T07:15:14.631Z","2023-11-23T07:15:14.631Z"
151697708,"VPG","1700723702","s","1900","16800","859700","2023-11-23T07:15:14.631Z","2023-11-23T07:15:14.631Z"
151697707,"VPG","1700723702","s","2500","16800","859700","2023-11-23T07:15:14.631Z","2023-11-23T07:15:14.631Z"
151697700,"VPG","1700723702","b","100","16850","854700","2023-11-23T07:15:14.631Z","2023-11-23T07:15:14.631Z"
151695594,"VPG","1700723674","s","2000","16800","854600","2023-11-23T07:14:46.639Z","2023-11-23T07:14:46.639Z"
151693556,"VPG","1700723653","s","100","16800","852500","2023-11-23T07:14:25.646Z","2023-11-23T07:14:25.646Z"
151692515,"VPG","1700723644","s","1000","16800","852500","2023-11-23T07:14:16.669Z","2023-11-23T07:14:16.669Z"
151692072,"VPG","1700723640","s","200","16800","851300","2023-11-23T07:14:12.696Z","2023-11-23T07:14:12.696Z"
151691193,"VPG","1700723637","s","6200","16800","836300","2023-11-23T07:14:09.772Z","2023-11-23T07:14:09.772Z"
151691192,"VPG","1700723637","s","100","16800","836300","2023-11-23T07:14:09.772Z","2023-11-23T07:14:09.772Z"
151691191,"VPG","1700723637","s","200","16800","836300","2023-11-23T07:14:09.772Z","2023-11-23T07:14:09.772Z"
151691190,"VPG","1700723637","s","1000","16800","836300","2023-11-23T07:14:09.772Z","2023-11-23T07:14:09.772Z"
151691189,"VPG","1700723637","s","500","16800","836300","2023-11-23T07:14:09.772Z","2023-11-23T07:14:09.772Z"
151691188,"VPG","1700723637","s","500","16800","836300","2023-11-23T07:14:09.772Z","2023-11-23T07:14:09.772Z"
151691187,"VPG","1700723637","s","6500","16800","836300","2023-11-23T07:14:09.772Z","2023-11-23T07:14:09.772Z"
151690373,"VPG","1700723628","s","1000","16800","835200","2023-11-23T07:14:00.643Z","2023-11-23T07:14:00.643Z"
151690372,"VPG","1700723628","s","100","16800","835200","2023-11-23T07:14:00.643Z","2023-11-23T07:14:00.643Z"
151689226,"VPG","1700723617","b","600","16900","834200","2023-11-23T07:13:50.646Z","2023-11-23T07:13:50.646Z"
151689225,"VPG","1700723617","b","400","16850","834200","2023-11-23T07:13:50.646Z","2023-11-23T07:13:50.646Z"
151686020,"VPG","1700723592","s","12400","16800","834200","2023-11-23T07:13:25.660Z","2023-11-23T07:13:25.660Z"
151686019,"VPG","1700723592","s","2000","16850","834200","2023-11-23T07:13:25.660Z","2023-11-23T07:13:25.660Z"
151686018,"VPG","1700723592","s","5000","16850","834200","2023-11-23T07:13:25.660Z","2023-11-23T07:13:25.660Z"
151686017,"VPG","1700723592","s","600","16850","834200","2023-11-23T07:13:25.660Z","2023-11-23T07:13:25.660Z"
151686012,"VPG","1700723592","s","100","16850","834200","2023-11-23T07:13:25.660Z","2023-11-23T07:13:25.660Z"
151683109,"VPG","1700723574","s","300","16850","814100","2023-11-23T07:13:06.700Z","2023-11-23T07:13:06.700Z"
151681587,"VPG","1700723563","s","6300","16850","813800","2023-11-23T07:12:55.647Z","2023-11-23T07:12:55.647Z"
151681199,"VPG","1700723559","s","12100","16850","807500","2023-11-23T07:12:51.623Z","2023-11-23T07:12:51.623Z"
151681198,"VPG","1700723559","s","400","16850","807500","2023-11-23T07:12:51.623Z","2023-11-23T07:12:51.623Z"
