"Stockcode","Package","TradingDate","Price","Vol","TotalVol","TotalVal","Change","IsBuy","PerChange"
"APS",144514,"/Date(1701762300000)/",6900,36300,676628,4743565200,-100,false,-1.43
"APS",142958,"/Date(1701761398000)/",7000,200,640328,4493095200,0,false,0
"APS",142847,"/Date(1701761327000)/",7000,100,640128,4491695200,0,true,0
"APS",142829,"/Date(1701761309000)/",7000,200,640028,4490995200,0,false,0
"APS",142757,"/Date(1701761277000)/",7000,3000,639828,4489595200,0,false,0
"APS",142513,"/Date(1701761113000)/",7000,500,636828,4468595200,0,false,0
"APS",142409,"/Date(1701761049000)/",7000,6000,636328,4465095200,0,false,0
"APS",142352,"/Date(1701761032000)/",7000,700,630328,4423095200,0,false,0
"APS",142043,"/Date(1701760843000)/",7000,500,629628,4418195200,0,false,0
"APS",142040,"/Date(1701760840000)/",7000,10000,629128,4414695200,0,false,0
"APS",141921,"/Date(1701760762000)/",7000,500,619128,4344695200,0,false,0
"APS",141756,"/Date(1701760676000)/",7000,100,618628,4341195200,0,false,0
"APS",141724,"/Date(1701760645000)/",7000,20000,618528,4340495200,0,false,0
"APS",141505,"/Date(1701760505000)/",7000,20000,598528,4200495200,0,false,0
"APS",141400,"/Date(1701760440000)/",7000,700,578528,4060495200,0,false,0
"APS",141334,"/Date(1701760414000)/",6900,100,577828,4055595200,-100,true,-1.43
"APS",141331,"/Date(1701760411000)/",6900,1900,577728,4054905200,-100,true,-1.43
"APS",141327,"/Date(1701760407000)/",6900,100,575828,4041795200,-100,true,-1.43
"APS",141250,"/Date(1701760370000)/",6900,500,575728,4041105200,-100,true,-1.43
"APS",141227,"/Date(1701760347000)/",7000,400,575228,4037655200,0,false,0
"APS",141043,"/Date(1701760243000)/",6900,300,574828,4034855200,-100,true,-1.43
"APS",141013,"/Date(1701760213000)/",6900,100,574528,4032785200,-100,true,-1.43
"APS",140936,"/Date(1701760176000)/",7000,200,574428,4032095200,0,false,0
"APS",140637,"/Date(1701759997000)/",6900,600,574228,4030695200,-100,true,-1.43
"APS",140613,"/Date(1701759973000)/",7000,100,573628,4026555200,0,false,0
"APS",140236,"/Date(1701759756000)/",6900,100,573528,4025855200,-100,true,-1.43
"APS",135807,"/Date(1701759487000)/",6900,2100,573428,4025165200,-100,true,-1.43
"APS",135709,"/Date(1701759429000)/",7000,300,571328,4010675200,0,false,0
"APS",135501,"/Date(1701759301000)/",7000,600,571028,4008575200,0,false,0
"APS",135216,"/Date(1701759136000)/",7000,600,570428,4004375200,0,false,0
"APS",135200,"/Date(1701759120000)/",7000,700,569828,4000175200,0,false,0
"APS",135143,"/Date(1701759103000)/",7000,1000,569128,3995275200,0,false,0
"APS",134929,"/Date(1701758970000)/",7000,5700,568128,3988275200,0,false,0
"APS",134846,"/Date(1701758926000)/",7000,1300,562428,3948375200,0,false,0
"APS",134753,"/Date(1701758873000)/",7000,5600,561128,3939275200,0,false,0
"APS",134656,"/Date(1701758816000)/",6900,1500,555528,3900075200,-100,true,-1.43
"APS",134523,"/Date(1701758723000)/",7000,100,554028,3889725200,0,false,0
"APS",134114,"/Date(1701758474000)/",7000,7900,553928,3889025200,0,true,0
"APS",134103,"/Date(1701758463000)/",7000,5000,546028,3833725200,0,true,0
"APS",134037,"/Date(1701758437000)/",7000,20000,541028,3798725200,0,true,0
"APS",134035,"/Date(1701758435000)/",7000,1000,521028,3658725200,0,true,0
"APS",134015,"/Date(1701758415000)/",7000,500,520028,3651725200,0,true,0
"APS",133944,"/Date(1701758384000)/",7000,200,519528,3648225200,0,true,0
"APS",133859,"/Date(1701758339000)/",7000,2200,519328,3646825200,0,true,0
"APS",133728,"/Date(1701758248000)/",7000,100,517128,3631425200,0,true,0
"APS",133628,"/Date(1701758188000)/",7100,100,517028,3630725200,100,false,1.43
"APS",133042,"/Date(1701757842000)/",7000,100,516928,3630015200,0,true,0
"APS",132946,"/Date(1701757786000)/",7000,500,516828,3629315200,0,true,0
"APS",132923,"/Date(1701757763000)/",7000,5000,516328,3625815200,0,true,0
"APS",132738,"/Date(1701757658000)/",7000,6900,511328,3590815200,0,false,0
"APS",132731,"/Date(1701757651000)/",7000,10000,504428,3542515200,0,false,0
"APS",132704,"/Date(1701757624000)/",7000,2000,494428,3472515200,0,false,0
"APS",132625,"/Date(1701757585000)/",7000,9300,492428,3458515200,0,false,0
"APS",132604,"/Date(1701757564000)/",7000,500,483128,3393415200,0,false,0
"APS",132458,"/Date(1701757499000)/",7000,5000,482628,3389915200,0,false,0
"APS",132443,"/Date(1701757483000)/",7000,500,477628,3354915200,0,false,0
"APS",132217,"/Date(1701757337000)/",7000,200,477128,3351415200,0,false,0
"APS",132211,"/Date(1701757331000)/",7000,6600,476928,3350015200,0,false,0
"APS",131933,"/Date(1701757173000)/",7000,300,470328,3303815200,0,false,0
"APS",131843,"/Date(1701757123000)/",7000,900,470028,3301715200,0,false,0
"APS",131528,"/Date(1701756928000)/",7000,100,469128,3295415200,0,false,0
"APS",131347,"/Date(1701756827000)/",7000,500,469028,3294715200,0,false,0
"APS",131304,"/Date(1701756784000)/",7000,3000,468528,3291215200,0,false,0
"APS",131055,"/Date(1701756655000)/",7000,2800,465528,3270215200,0,false,0
"APS",131054,"/Date(1701756654000)/",7000,10,462728,3250615200,0,false,0
"APS",131050,"/Date(1701756650000)/",7000,4800,462718,3250545200,0,true,0
"APS",130933,"/Date(1701756573000)/",7000,2400,457918,3216945200,0,true,0
"APS",130838,"/Date(1701756518000)/",7000,10000,455518,3200145200,0,true,0
"APS",130821,"/Date(1701756501000)/",7000,300,445518,3130145200,0,true,0
"APS",130819,"/Date(1701756499000)/",7000,5000,445218,3128045200,0,true,0
"APS",130721,"/Date(1701756441000)/",7000,3000,440218,3093045200,0,true,0
"APS",130642,"/Date(1701756402000)/",7000,2,437218,3072045200,0,true,0
"APS",130501,"/Date(1701756301000)/",7000,3000,437216,3072031200,0,true,0
"APS",130459,"/Date(1701756299000)/",7000,1000,434216,3051031200,0,true,0
"APS",130351,"/Date(1701756231000)/",7000,1000,433216,3044031200,0,true,0
"APS",130114,"/Date(1701756074000)/",7000,100,432216,3037031200,0,true,0
"APS",130102,"/Date(1701756060000)/",7000,500,432116,3036331200,0,true,0
"APS",130039,"/Date(1701756005000)/",7000,200,431616,3032831200,0,true,0
"APS",130034,"/Date(1701756004000)/",7000,2000,431416,3031431200,0,true,0
"APS",112548,"/Date(1701750348000)/",7000,1200,429416,3017431200,0,true,0
"APS",112505,"/Date(1701750305000)/",7000,1000,428216,3009031200,0,true,0
"APS",112440,"/Date(1701750280000)/",7000,2000,427216,3002031200,0,true,0
"APS",112054,"/Date(1701750054000)/",7000,3200,425216,2988031200,0,true,0
"APS",112045,"/Date(1701750045000)/",7000,20,422016,2965631200,0,true,0
"APS",111758,"/Date(1701749878000)/",7000,2400,421996,2965489200,0,true,0
"APS",111736,"/Date(1701749856000)/",7000,2000,419596,2948689200,0,true,0
"APS",111714,"/Date(1701749834000)/",7000,1000,417596,2934689200,0,true,0
"APS",111625,"/Date(1701749785000)/",7000,1000,416596,2927689200,0,true,0
"APS",111610,"/Date(1701749771000)/",7000,2000,415596,2920689200,0,true,0
"APS",111455,"/Date(1701749695000)/",7000,13000,413596,2906689200,0,true,0
"APS",111329,"/Date(1701749609000)/",7000,500,400596,2815689200,0,true,0
"APS",111143,"/Date(1701749503000)/",7000,5000,400096,2812189200,0,true,0
"APS",111111,"/Date(1701749471000)/",7000,5000,395096,2777189200,0,true,0
"APS",111047,"/Date(1701749447000)/",7000,200,390096,2742189200,0,true,0
"APS",110852,"/Date(1701749332000)/",7000,900,389896,2740789200,0,false,0
"APS",110759,"/Date(1701749279000)/",7000,100,388996,2734489200,0,true,0
"APS",110619,"/Date(1701749179000)/",7000,5200,388896,2733789200,0,false,0
"APS",110529,"/Date(1701749129000)/",7000,12000,383696,2697389200,0,false,0
"APS",110333,"/Date(1701749013000)/",7000,100,371696,2613389200,0,false,0
"APS",110321,"/Date(1701749001000)/",7000,100,371596,2612689200,0,false,0
"APS",110313,"/Date(1701748993000)/",7000,5000,371496,2611989200,0,false,0
"APS",110308,"/Date(1701748988000)/",7000,100,366496,2576989200,0,false,0
"APS",110251,"/Date(1701748971000)/",7000,5000,366396,2576289200,0,false,0
"APS",110212,"/Date(1701748932000)/",7000,10800,361396,2541289200,0,false,0
"APS",110153,"/Date(1701748913000)/",7000,30,350596,2465689200,0,false,0
"APS",110148,"/Date(1701748908000)/",7000,50,350566,2465476200,0,false,0
"APS",110055,"/Date(1701748855000)/",7000,6200,350516,2465121200,0,false,0
"APS",110029,"/Date(1701748829000)/",7000,100,344316,2421721200,0,false,0
"APS",105936,"/Date(1701748776000)/",7000,2000,344216,2421021200,0,false,0
"APS",105907,"/Date(1701748747000)/",7000,1000,342216,2407021200,0,false,0
"APS",104759,"/Date(1701748079000)/",7000,1000,341216,2400021200,0,false,0
"APS",104649,"/Date(1701748009000)/",7000,10,340216,2393021200,0,false,0
"APS",104337,"/Date(1701747816000)/",7000,2000,340206,2392950200,0,false,0
"APS",104330,"/Date(1701747810000)/",7000,500,338206,2378950200,0,false,0
"APS",104252,"/Date(1701747772000)/",7000,5000,337706,2375450200,0,false,0
"APS",104251,"/Date(1701747771000)/",7000,700,332706,2340450200,0,false,0
"APS",104055,"/Date(1701747655000)/",7000,100,332006,2335550200,0,false,0
"APS",103824,"/Date(1701747504000)/",7000,5000,331906,2334850200,0,false,0
"APS",103808,"/Date(1701747488000)/",7000,5000,326906,2299850200,0,false,0
"APS",103653,"/Date(1701747413000)/",7000,5000,321906,2264850200,0,false,0
"APS",103524,"/Date(1701747324000)/",7000,10000,316906,2229850200,0,false,0
"APS",103514,"/Date(1701747314000)/",7000,200,306906,2159850200,0,false,0
"APS",103413,"/Date(1701747253000)/",7000,2000,306706,2158450200,0,false,0
"APS",103411,"/Date(1701747251000)/",7000,1000,304706,2144450200,0,false,0
"APS",103330,"/Date(1701747210000)/",7000,2800,303706,2137450200,0,true,0
"APS",103308,"/Date(1701747188000)/",7000,7300,300906,2117850200,0,false,0
"APS",103203,"/Date(1701747123000)/",7000,400,293606,2066750200,0,false,0
"APS",103155,"/Date(1701747115000)/",7000,3000,293206,2063950200,0,false,0
"APS",103117,"/Date(1701747077000)/",7000,100,290206,2042950200,0,false,0
"APS",103022,"/Date(1701747022000)/",7000,5500,290106,2042250200,0,false,0
"APS",102938,"/Date(1701746978000)/",7000,10000,284606,2003750200,0,false,0
"APS",102658,"/Date(1701746818000)/",7000,400,274606,1933750200,0,false,0
"APS",102335,"/Date(1701746615000)/",7000,600,274206,1930950200,0,true,0
"APS",102316,"/Date(1701746596000)/",7000,7000,273606,1926750200,0,true,0
"APS",102307,"/Date(1701746587000)/",7000,1000,266606,1877750200,0,true,0
"APS",102245,"/Date(1701746565000)/",7000,100,265606,1870750200,0,true,0
"APS",102220,"/Date(1701746540000)/",7000,8600,265506,1870050200,0,true,0
"APS",102127,"/Date(1701746487000)/",7000,400,256906,1809850200,0,true,0
"APS",102034,"/Date(1701746434000)/",7000,2200,256506,1807050200,0,true,0
"APS",101942,"/Date(1701746382000)/",7000,2000,254306,1791650200,0,true,0
"APS",101918,"/Date(1701746358000)/",7000,1200,252306,1777650200,0,true,0
"APS",101857,"/Date(1701746337000)/",7000,1500,251106,1769250200,0,true,0
"APS",101818,"/Date(1701746298000)/",7000,500,249606,1758750200,0,true,0
"APS",101807,"/Date(1701746287000)/",7000,60000,249106,1755250200,0,true,0
"APS",101756,"/Date(1701746276000)/",7000,7100,189106,1335250200,0,true,0
"APS",101732,"/Date(1701746252000)/",7000,500,182006,1285550200,0,true,0
"APS",101615,"/Date(1701746176000)/",7000,1000,181506,1282050200,0,true,0
"APS",101607,"/Date(1701746168000)/",7000,100,180506,1275050200,0,true,0
"APS",101606,"/Date(1701746167000)/",7000,5000,180406,1274350200,0,true,0
"APS",101549,"/Date(1701746150000)/",7000,1000,175406,1239350200,0,true,0
"APS",101537,"/Date(1701746138000)/",7000,200,174406,1232350200,0,true,0
"APS",101513,"/Date(1701746114000)/",7000,4,174206,1230950200,0,true,0
"APS",101425,"/Date(1701746066000)/",7000,6500,174202,1230922200,0,true,0
"APS",101338,"/Date(1701746019000)/",7000,200,167702,1185422200,0,true,0
"APS",101314,"/Date(1701745995000)/",7100,4600,167502,1184022200,100,false,1.43
"APS",101146,"/Date(1701745906000)/",7100,82,162902,1151362200,100,false,1.43
"APS",100841,"/Date(1701745721000)/",7100,100,162820,1150780000,100,false,1.43
"APS",100454,"/Date(1701745494000)/",7100,200,162720,1150070000,100,false,1.43
"APS",100216,"/Date(1701745336000)/",7100,5000,162520,1148650000,100,false,1.43
"APS",95757,"/Date(1701745077000)/",7000,1000,157520,1113150000,0,true,0
"APS",95644,"/Date(1701745004000)/",7100,1000,156520,1106150000,100,false,1.43
"APS",95530,"/Date(1701744930000)/",7100,100,155520,1099050000,100,false,1.43
"APS",95259,"/Date(1701744779000)/",7000,500,155420,1098340000,0,true,0
"APS",94910,"/Date(1701744551000)/",7000,2000,154920,1094840000,0,true,0
"APS",94829,"/Date(1701744510000)/",7100,3000,152920,1080840000,100,false,1.43
"APS",94328,"/Date(1701744208000)/",7100,500,149920,1059540000,100,false,1.43
"APS",94128,"/Date(1701744088000)/",7100,100,149420,1055990000,100,false,1.43
"APS",93844,"/Date(1701743924000)/",7000,3500,149320,1055280000,0,true,0
"APS",93629,"/Date(1701743789000)/",7000,1000,145820,1030780000,0,true,0
"APS",93621,"/Date(1701743781000)/",7000,4000,144820,1023780000,0,true,0
"APS",93519,"/Date(1701743719000)/",7000,5000,140820,995780000,0,true,0
"APS",93507,"/Date(1701743707000)/",7000,4000,135820,960780000,0,true,0
"APS",93440,"/Date(1701743680000)/",7000,100,131820,932780000,0,true,0
"APS",93421,"/Date(1701743661000)/",7100,200,131720,932080000,100,false,1.43
"APS",93408,"/Date(1701743648000)/",7100,200,131520,930660000,100,false,1.43
"APS",93327,"/Date(1701743607000)/",7100,100,131320,929240000,100,false,1.43
"APS",93244,"/Date(1701743564000)/",7100,100,131220,928530000,100,false,1.43
"APS",93206,"/Date(1701743526000)/",7100,5000,131120,927820000,100,false,1.43
"APS",93116,"/Date(1701743477000)/",7100,200,126120,892320000,100,false,1.43
"APS",93112,"/Date(1701743473000)/",7100,2700,125920,890900000,100,false,1.43
"APS",93039,"/Date(1701743439000)/",7100,1000,123220,871730000,100,false,1.43
"APS",92942,"/Date(1701743383000)/",7100,20000,122220,864630000,100,false,1.43
"APS",92820,"/Date(1701743300000)/",7100,1000,102220,722630000,100,false,1.43
"APS",92812,"/Date(1701743293000)/",7100,200,101220,715530000,100,false,1.43
"APS",92703,"/Date(1701743224000)/",7100,800,101020,714110000,100,false,1.43
"APS",92623,"/Date(1701743184000)/",7100,100,100220,708430000,100,false,1.43
"APS",92258,"/Date(1701742978000)/",7100,100,100120,707720000,100,false,1.43
"APS",92048,"/Date(1701742848000)/",7000,600,100020,707010000,0,true,0
"APS",92034,"/Date(1701742834000)/",7000,4500,99420,702810000,0,true,0
"APS",91646,"/Date(1701742606000)/",7000,300,94920,671310000,0,true,0
"APS",91617,"/Date(1701742577000)/",7100,300,94620,669210000,100,false,1.43
"APS",91551,"/Date(1701742551000)/",7100,10,94320,667080000,100,false,1.43
"APS",91052,"/Date(1701742252000)/",7100,2500,94310,667010000,100,false,1.43
"APS",91034,"/Date(1701742234000)/",7100,3000,91810,649260000,100,false,1.43
"APS",91013,"/Date(1701742213000)/",7100,200,88810,627960000,100,false,1.43
"APS",90925,"/Date(1701742165000)/",7100,8200,88610,626540000,100,false,1.43
"APS",90841,"/Date(1701742121000)/",7100,10000,80410,568320000,100,false,1.43
"APS",90744,"/Date(1701742065000)/",7100,10000,70410,497320000,100,false,1.43
"APS",90737,"/Date(1701742058000)/",7100,1500,60410,426320000,100,false,1.43
"APS",90726,"/Date(1701742046000)/",7100,100,58910,415670000,100,false,1.43
"APS",90718,"/Date(1701742038000)/",7100,1300,58810,414960000,100,false,1.43
"APS",90553,"/Date(1701741954000)/",7100,100,57510,405730000,100,false,1.43
"APS",90432,"/Date(1701741873000)/",7100,500,57410,405020000,100,false,1.43
"APS",90406,"/Date(1701741847000)/",7100,900,56910,401470000,100,false,1.43
"APS",90353,"/Date(1701741834000)/",7100,10,56010,395080000,100,false,1.43
"APS",90332,"/Date(1701741809000)/",7100,100,56000,395010000,100,false,1.43
"APS",90301,"/Date(1701741733000)/",7000,24900,55900,394300000,0,true,0
"APS",90251,"/Date(1701741709000)/",7100,30000,31000,220000000,100,false,1.43
"APS",90101,"/Date(1701741606000)/",7000,1000,1000,7000000,0,true,0
