"Stockcode","Package","TradingDate","Price","Vol","TotalVol","TotalVal","Change","IsBuy","PerChange"
"EVG",144423,"/Date(1701762300000)/",5460,106600,2277100,12507000000,20,false,0.37
"EVG",142909,"/Date(1701761384000)/",5470,100,2170500,11925000000,30,false,0.55
"EVG",142903,"/Date(1701761378000)/",5460,20000,2170400,11925000000,20,true,0.37
"EVG",142900,"/Date(1701761375000)/",5460,29000,2150400,11816000000,20,true,0.37
"EVG",142900,"/Date(1701761375000)/",5460,20000,2121400,11657000000,20,true,0.37
"EVG",142900,"/Date(1701761375000)/",5460,500,2101400,11548000000,20,true,0.37
"EVG",142900,"/Date(1701761375000)/",5460,500,2100900,11545000000,20,true,0.37
"EVG",142847,"/Date(1701761361000)/",5460,200,2100400,11543000000,20,true,0.37
"EVG",142802,"/Date(1701761318000)/",5470,200,2100200,11541000000,30,true,0.55
"EVG",142802,"/Date(1701761318000)/",5470,600,2100000,11540000000,30,true,0.55
"EVG",142802,"/Date(1701761318000)/",5470,5000,2099400,11537000000,30,true,0.55
"EVG",142802,"/Date(1701761318000)/",5470,1700,2094400,11510000000,30,true,0.55
"EVG",142756,"/Date(1701761312000)/",5470,500,2092700,11500000000,30,true,0.55
"EVG",142749,"/Date(1701761303000)/",5470,300,2092200,11498000000,30,true,0.55
"EVG",142701,"/Date(1701761256000)/",5470,10900,2091900,11496000000,30,true,0.55
"EVG",142701,"/Date(1701761256000)/",5470,100,2081000,11436000000,30,true,0.55
"EVG",142701,"/Date(1701761256000)/",5470,9000,2080900,11436000000,30,true,0.55
"EVG",142636,"/Date(1701761231000)/",5480,1600,2071900,11387000000,40,true,0.74
"EVG",142626,"/Date(1701761222000)/",5480,1000,2070300,11378000000,40,true,0.74
"EVG",142626,"/Date(1701761222000)/",5480,400,2069300,11372000000,40,true,0.74
"EVG",142604,"/Date(1701761198000)/",5470,2800,2068900,11370000000,30,true,0.55
"EVG",142509,"/Date(1701761145000)/",5470,8200,2066100,11355000000,30,true,0.55
"EVG",142453,"/Date(1701761130000)/",5470,5000,2057900,11310000000,30,false,0.55
"EVG",142450,"/Date(1701761126000)/",5470,300,2052900,11283000000,30,true,0.55
"EVG",142450,"/Date(1701761126000)/",5470,500,2052600,11281000000,30,true,0.55
"EVG",142450,"/Date(1701761126000)/",5470,1000,2052100,11278000000,30,true,0.55
"EVG",142450,"/Date(1701761126000)/",5470,400,2051100,11273000000,30,true,0.55
"EVG",142450,"/Date(1701761126000)/",5470,4600,2050700,11271000000,30,true,0.55
"EVG",142245,"/Date(1701761001000)/",5470,200,2046100,11245000000,30,true,0.55
"EVG",142219,"/Date(1701760974000)/",5470,200,2045900,11244000000,30,true,0.55
"EVG",142219,"/Date(1701760974000)/",5470,300,2045700,11243000000,30,true,0.55
"EVG",142213,"/Date(1701760967000)/",5470,1700,2045400,11242000000,30,true,0.55
"EVG",142213,"/Date(1701760967000)/",5470,5000,2043700,11232000000,30,true,0.55
"EVG",142213,"/Date(1701760967000)/",5470,100,2038700,11205000000,30,true,0.55
"EVG",142213,"/Date(1701760967000)/",5470,2000,2038600,11204000000,30,true,0.55
"EVG",142213,"/Date(1701760967000)/",5470,500,2036600,11194000000,30,true,0.55
"EVG",142213,"/Date(1701760967000)/",5470,3700,2036100,11191000000,30,true,0.55
"EVG",142210,"/Date(1701760966000)/",5480,100,2032400,11171000000,40,false,0.74
"EVG",142210,"/Date(1701760966000)/",5480,200,2032300,11170000000,40,false,0.74
"EVG",142210,"/Date(1701760966000)/",5480,300,2032100,11169000000,40,false,0.74
"EVG",142144,"/Date(1701760938000)/",5490,500,2031800,11167000000,50,false,0.92
"EVG",142021,"/Date(1701760856000)/",5480,400,2031300,11165000000,40,true,0.74
"EVG",142021,"/Date(1701760856000)/",5480,100,2030900,11162000000,40,true,0.74
"EVG",141955,"/Date(1701760830000)/",5480,5000,2030800,11162000000,40,true,0.74
"EVG",141809,"/Date(1701760723000)/",5480,100,2025800,11134000000,40,true,0.74
"EVG",141809,"/Date(1701760723000)/",5480,400,2025700,11134000000,40,true,0.74
"EVG",141737,"/Date(1701760692000)/",5490,400,2025300,11132000000,50,false,0.92
"EVG",141533,"/Date(1701760569000)/",5480,100,2024900,11129000000,40,false,0.74
"EVG",141510,"/Date(1701760544000)/",5480,100,2024800,11129000000,40,false,0.74
"EVG",141441,"/Date(1701760514000)/",5480,100,2024700,11128000000,40,false,0.74
"EVG",141441,"/Date(1701760514000)/",5480,100,2024600,11128000000,40,false,0.74
"EVG",141441,"/Date(1701760514000)/",5480,1000,2024500,11127000000,40,false,0.74
"EVG",141441,"/Date(1701760514000)/",5480,1800,2023500,11122000000,40,false,0.74
"EVG",141435,"/Date(1701760510000)/",5470,100,2021700,11112000000,30,true,0.55
"EVG",141406,"/Date(1701760482000)/",5470,100,2021600,11111000000,30,true,0.55
"EVG",141347,"/Date(1701760461000)/",5480,200,2021500,11111000000,40,false,0.74
"EVG",141318,"/Date(1701760433000)/",5480,1000,2021300,11110000000,40,false,0.74
"EVG",141208,"/Date(1701760363000)/",5470,3000,2020300,11104000000,30,true,0.55
"EVG",141208,"/Date(1701760363000)/",5470,3000,2017300,11088000000,30,true,0.55
"EVG",141208,"/Date(1701760363000)/",5470,100,2014300,11071000000,30,true,0.55
"EVG",141158,"/Date(1701760351000)/",5470,400,2014200,11071000000,30,false,0.55
"EVG",141158,"/Date(1701760351000)/",5470,600,2013800,11069000000,30,false,0.55
"EVG",141139,"/Date(1701760335000)/",5460,300,2013200,11065000000,20,true,0.37
"EVG",141139,"/Date(1701760335000)/",5460,3200,2012900,11064000000,20,true,0.37
"EVG",141139,"/Date(1701760335000)/",5460,500,2009700,11046000000,20,true,0.37
"EVG",141003,"/Date(1701760237000)/",5460,1500,2009200,11044000000,20,true,0.37
"EVG",141003,"/Date(1701760237000)/",5460,100,2007700,11035000000,20,true,0.37
"EVG",141003,"/Date(1701760237000)/",5460,200,2007600,11035000000,20,true,0.37
"EVG",140808,"/Date(1701760121000)/",5470,200,2007400,11034000000,30,false,0.55
"EVG",140808,"/Date(1701760121000)/",5460,100,2007200,11033000000,20,false,0.37
"EVG",140723,"/Date(1701760076000)/",5470,1000,2007100,11032000000,30,false,0.55
"EVG",140720,"/Date(1701760074000)/",5460,200,2006100,11027000000,20,true,0.37
"EVG",140720,"/Date(1701760074000)/",5460,300,2005900,11026000000,20,true,0.37
"EVG",140629,"/Date(1701760021000)/",5460,4400,2005600,11024000000,20,true,0.37
"EVG",140541,"/Date(1701759974000)/",5450,300,2001200,11000000000,10,true,0.18
"EVG",140541,"/Date(1701759974000)/",5450,1700,2000900,10998000000,10,true,0.18
"EVG",140535,"/Date(1701759968000)/",5450,500,1999200,10989000000,10,true,0.18
"EVG",140525,"/Date(1701759959000)/",5450,2400,1998700,10986000000,10,true,0.18
"EVG",140522,"/Date(1701759955000)/",5450,15400,1996300,10973000000,10,true,0.18
"EVG",140522,"/Date(1701759955000)/",5450,3000,1980900,10889000000,10,true,0.18
"EVG",140522,"/Date(1701759955000)/",5450,1000,1977900,10873000000,10,true,0.18
"EVG",140522,"/Date(1701759955000)/",5450,600,1976900,10867000000,10,true,0.18
"EVG",140459,"/Date(1701759933000)/",5450,400,1976300,10864000000,10,true,0.18
"EVG",140459,"/Date(1701759933000)/",5450,100,1975900,10862000000,10,true,0.18
"EVG",140459,"/Date(1701759933000)/",5450,200,1975800,10861000000,10,true,0.18
"EVG",140459,"/Date(1701759933000)/",5450,19300,1975600,10860000000,10,true,0.18
"EVG",140447,"/Date(1701759921000)/",5450,1000,1956300,10755000000,10,true,0.18
"EVG",140424,"/Date(1701759899000)/",5450,9700,1955300,10750000000,10,true,0.18
"EVG",140424,"/Date(1701759899000)/",5460,100,1945600,10697000000,20,true,0.37
"EVG",140424,"/Date(1701759899000)/",5460,100,1945500,10696000000,20,true,0.37
"EVG",140424,"/Date(1701759899000)/",5460,5000,1945400,10696000000,20,true,0.37
"EVG",140424,"/Date(1701759899000)/",5460,200,1940400,10668000000,20,true,0.37
"EVG",140424,"/Date(1701759899000)/",5460,30000,1940200,10667000000,20,true,0.37
"EVG",140424,"/Date(1701759899000)/",5460,2000,1910200,10504000000,20,true,0.37
"EVG",140424,"/Date(1701759899000)/",5460,2900,1908200,10493000000,20,true,0.37
"EVG",140421,"/Date(1701759893000)/",5460,2900,1905300,10477000000,20,true,0.37
"EVG",140421,"/Date(1701759893000)/",5460,100,1902400,10461000000,20,true,0.37
"EVG",140408,"/Date(1701759883000)/",5460,500,1902300,10460000000,20,true,0.37
"EVG",140402,"/Date(1701759875000)/",5460,2400,1901800,10458000000,20,true,0.37
"EVG",140402,"/Date(1701759875000)/",5460,100,1899400,10445000000,20,true,0.37
"EVG",140402,"/Date(1701759875000)/",5460,3000,1899300,10444000000,20,true,0.37
"EVG",140402,"/Date(1701759875000)/",5460,200,1896300,10428000000,20,true,0.37
"EVG",140402,"/Date(1701759875000)/",5460,300,1896100,10427000000,20,true,0.37
"EVG",140330,"/Date(1701759843000)/",5460,100,1895800,10425000000,20,true,0.37
"EVG",140308,"/Date(1701759820000)/",5460,300,1895700,10424000000,20,true,0.37
"EVG",140242,"/Date(1701759794000)/",5470,100,1895400,10423000000,30,true,0.55
"EVG",140242,"/Date(1701759794000)/",5470,2000,1895300,10422000000,30,true,0.55
"EVG",140242,"/Date(1701759794000)/",5470,100,1893300,10411000000,30,true,0.55
"EVG",140242,"/Date(1701759794000)/",5470,4500,1893200,10411000000,30,true,0.55
"EVG",140242,"/Date(1701759794000)/",5470,1500,1888700,10386000000,30,true,0.55
"EVG",140236,"/Date(1701759790000)/",5470,500,1887200,10378000000,30,true,0.55
"EVG",140236,"/Date(1701759790000)/",5470,4500,1886700,10375000000,30,true,0.55
"EVG",140236,"/Date(1701759789000)/",5470,500,1882200,10351000000,30,true,0.55
"EVG",140236,"/Date(1701759789000)/",5470,100,1881700,10348000000,30,true,0.55
"EVG",140236,"/Date(1701759789000)/",5470,2400,1881600,10347000000,30,true,0.55
"EVG",140223,"/Date(1701759776000)/",5470,100,1879200,10334000000,30,true,0.55
"EVG",140145,"/Date(1701759738000)/",5470,200,1879100,10334000000,30,true,0.55
"EVG",140119,"/Date(1701759713000)/",5480,1700,1878900,10332000000,40,false,0.74
"EVG",140116,"/Date(1701759708000)/",5470,5000,1877200,10323000000,30,true,0.55
"EVG",140100,"/Date(1701759693000)/",5480,100,1872200,10296000000,40,true,0.74
"EVG",140100,"/Date(1701759693000)/",5480,400,1872100,10295000000,40,true,0.74
"EVG",140100,"/Date(1701759693000)/",5480,1000,1871700,10293000000,40,true,0.74
"EVG",140100,"/Date(1701759693000)/",5480,200,1870700,10288000000,40,true,0.74
"EVG",140100,"/Date(1701759693000)/",5480,300,1870500,10287000000,40,true,0.74
"EVG",140100,"/Date(1701759693000)/",5480,800,1870200,10285000000,40,true,0.74
"EVG",140053,"/Date(1701759685000)/",5480,1000,1869400,10280000000,40,true,0.74
"EVG",140031,"/Date(1701759664000)/",5480,200,1868400,10275000000,40,true,0.74
"EVG",135823,"/Date(1701759534000)/",5490,100,1868200,10274000000,50,false,0.92
"EVG",135807,"/Date(1701759521000)/",5490,200,1868100,10273000000,50,false,0.92
"EVG",135807,"/Date(1701759520000)/",5480,300,1867900,10272000000,40,true,0.74
"EVG",135807,"/Date(1701759520000)/",5480,100,1867600,10271000000,40,true,0.74
"EVG",135609,"/Date(1701759401000)/",5490,300,1867500,10270000000,50,false,0.92
"EVG",135602,"/Date(1701759396000)/",5490,200,1867200,10268000000,50,false,0.92
"EVG",135505,"/Date(1701759338000)/",5490,2000,1867000,10267000000,50,false,0.92
"EVG",135449,"/Date(1701759320000)/",5490,100,1865000,10256000000,50,true,0.92
"EVG",135449,"/Date(1701759320000)/",5490,700,1864900,10256000000,50,true,0.92
"EVG",135433,"/Date(1701759305000)/",5500,22700,1864200,10252000000,60,false,1.1
"EVG",135433,"/Date(1701759305000)/",5500,6000,1841500,10127000000,60,false,1.1
"EVG",135433,"/Date(1701759305000)/",5500,500,1835500,10094000000,60,false,1.1
"EVG",135433,"/Date(1701759305000)/",5500,3400,1835000,10091000000,60,false,1.1
"EVG",135433,"/Date(1701759305000)/",5500,17400,1831600,10073000000,60,false,1.1
"EVG",135313,"/Date(1701759226000)/",5490,500,1814200,9977000000,50,true,0.92
"EVG",135300,"/Date(1701759212000)/",5490,500,1813700,9974000000,50,true,0.92
"EVG",135248,"/Date(1701759201000)/",5490,100,1813200,9971000000,50,false,0.92
"EVG",135248,"/Date(1701759201000)/",5490,5000,1813100,9971000000,50,false,0.92
"EVG",135248,"/Date(1701759201000)/",5490,100,1808100,9943000000,50,false,0.92
"EVG",135248,"/Date(1701759201000)/",5490,100,1808000,9943000000,50,false,0.92
"EVG",135248,"/Date(1701759201000)/",5490,100,1807900,9942000000,50,false,0.92
"EVG",135248,"/Date(1701759201000)/",5490,100,1807800,9942000000,50,false,0.92
"EVG",135248,"/Date(1701759201000)/",5490,100,1807700,9941000000,50,false,0.92
"EVG",135248,"/Date(1701759201000)/",5490,100,1807600,9941000000,50,false,0.92
"EVG",135248,"/Date(1701759201000)/",5490,100,1807500,9940000000,50,false,0.92
"EVG",135248,"/Date(1701759201000)/",5490,100,1807400,9940000000,50,false,0.92
"EVG",135248,"/Date(1701759201000)/",5490,100,1807300,9939000000,50,false,0.92
"EVG",135248,"/Date(1701759201000)/",5490,100,1807200,9939000000,50,false,0.92
"EVG",135248,"/Date(1701759201000)/",5490,100,1807100,9938000000,50,false,0.92
"EVG",135248,"/Date(1701759201000)/",5490,100,1807000,9937000000,50,false,0.92
"EVG",135248,"/Date(1701759201000)/",5490,100,1806900,9937000000,50,false,0.92
"EVG",135248,"/Date(1701759201000)/",5490,100,1806800,9936000000,50,false,0.92
"EVG",135248,"/Date(1701759201000)/",5490,100,1806700,9936000000,50,false,0.92
"EVG",135248,"/Date(1701759201000)/",5490,100,1806600,9935000000,50,false,0.92
"EVG",135248,"/Date(1701759201000)/",5490,100,1806500,9935000000,50,false,0.92
"EVG",135248,"/Date(1701759201000)/",5490,100,1806400,9934000000,50,false,0.92
"EVG",135248,"/Date(1701759201000)/",5490,100,1806300,9934000000,50,false,0.92
"EVG",135248,"/Date(1701759201000)/",5490,100,1806200,9933000000,50,false,0.92
"EVG",135248,"/Date(1701759201000)/",5490,100,1806100,9932000000,50,false,0.92
"EVG",135248,"/Date(1701759201000)/",5490,100,1806000,9932000000,50,false,0.92
"EVG",135248,"/Date(1701759201000)/",5490,100,1805900,9931000000,50,false,0.92
"EVG",135248,"/Date(1701759201000)/",5490,100,1805800,9931000000,50,false,0.92
"EVG",135248,"/Date(1701759201000)/",5490,100,1805700,9930000000,50,false,0.92
"EVG",135248,"/Date(1701759201000)/",5490,100,1805600,9930000000,50,false,0.92
"EVG",135248,"/Date(1701759201000)/",5490,1000,1805500,9929000000,50,false,0.92
"EVG",135248,"/Date(1701759201000)/",5490,100,1804500,9924000000,50,false,0.92
"EVG",135248,"/Date(1701759201000)/",5490,100,1804400,9923000000,50,false,0.92
"EVG",135248,"/Date(1701759201000)/",5490,100,1804300,9923000000,50,false,0.92
"EVG",135248,"/Date(1701759201000)/",5490,100,1804200,9922000000,50,false,0.92
"EVG",135144,"/Date(1701759138000)/",5480,500,1804100,9922000000,40,false,0.74
"EVG",135144,"/Date(1701759137000)/",5470,5000,1803600,9919000000,30,true,0.55
"EVG",135115,"/Date(1701759107000)/",5470,400,1798600,9891000000,30,true,0.55
"EVG",135115,"/Date(1701759107000)/",5480,600,1798200,9889000000,40,true,0.74
"EVG",135109,"/Date(1701759100000)/",5480,1400,1797600,9886000000,40,false,0.74
"EVG",135017,"/Date(1701759050000)/",5480,200,1796200,9878000000,40,false,0.74
"EVG",134920,"/Date(1701758992000)/",5470,5000,1796000,9877000000,30,true,0.55
"EVG",134845,"/Date(1701758957000)/",5470,3600,1791000,9850000000,30,true,0.55
"EVG",134838,"/Date(1701758950000)/",5470,5000,1787400,9830000000,30,true,0.55
"EVG",134826,"/Date(1701758938000)/",5480,400,1782400,9803000000,40,false,0.74
"EVG",134816,"/Date(1701758928000)/",5480,200,1782000,9801000000,40,true,0.74
"EVG",134816,"/Date(1701758928000)/",5480,300,1781800,9799000000,40,true,0.74
"EVG",134816,"/Date(1701758928000)/",5480,3000,1781500,9798000000,40,true,0.74
"EVG",134816,"/Date(1701758928000)/",5480,600,1778500,9781000000,40,true,0.74
"EVG",134816,"/Date(1701758928000)/",5480,1000,1777900,9778000000,40,true,0.74
"EVG",134816,"/Date(1701758928000)/",5480,2900,1776900,9773000000,40,true,0.74
"EVG",134744,"/Date(1701758894000)/",5480,2100,1774000,9757000000,40,true,0.74
"EVG",134744,"/Date(1701758894000)/",5480,400,1771900,9745000000,40,true,0.74
"EVG",134744,"/Date(1701758894000)/",5480,7300,1771500,9743000000,40,true,0.74
"EVG",134734,"/Date(1701758887000)/",5480,2700,1764200,9703000000,40,true,0.74
"EVG",134734,"/Date(1701758887000)/",5480,7300,1761500,9688000000,40,true,0.74
"EVG",134728,"/Date(1701758880000)/",5480,2200,1754200,9648000000,40,true,0.74
"EVG",134630,"/Date(1701758822000)/",5480,500,1752000,9636000000,40,true,0.74
"EVG",134630,"/Date(1701758822000)/",5480,4500,1751500,9633000000,40,true,0.74
"EVG",134530,"/Date(1701758762000)/",5490,2800,1747000,9609000000,50,true,0.92
"EVG",134530,"/Date(1701758761000)/",5490,500,1744200,9593000000,50,true,0.92
"EVG",134445,"/Date(1701758717000)/",5490,700,1743700,9591000000,50,true,0.92
"EVG",134442,"/Date(1701758714000)/",5490,4300,1743000,9587000000,50,true,0.92
"EVG",134442,"/Date(1701758712000)/",5490,800,1738700,9563000000,50,true,0.92
"EVG",134435,"/Date(1701758708000)/",5490,7800,1737900,9559000000,50,true,0.92
"EVG",134435,"/Date(1701758707000)/",5490,2100,1730100,9516000000,50,true,0.92
"EVG",134435,"/Date(1701758707000)/",5490,1400,1728000,9504000000,50,true,0.92
"EVG",134400,"/Date(1701758672000)/",5490,500,1726600,9497000000,50,true,0.92
"EVG",134318,"/Date(1701758631000)/",5500,2000,1726100,9494000000,60,false,1.1
"EVG",134318,"/Date(1701758631000)/",5500,600,1724100,9483000000,60,false,1.1
"EVG",134318,"/Date(1701758631000)/",5500,100,1723500,9480000000,60,false,1.1
"EVG",134309,"/Date(1701758622000)/",5500,9300,1723400,9479000000,60,true,1.1
"EVG",134309,"/Date(1701758622000)/",5500,5000,1714100,9428000000,60,true,1.1
"EVG",134309,"/Date(1701758622000)/",5500,35700,1709100,9401000000,60,true,1.1
"EVG",134259,"/Date(1701758611000)/",5500,1000,1673400,9204000000,60,true,1.1
"EVG",134114,"/Date(1701758506000)/",5510,500,1672400,9199000000,70,false,1.29
"EVG",134107,"/Date(1701758498000)/",5510,400,1671900,9196000000,70,false,1.29
"EVG",134104,"/Date(1701758494000)/",5510,1200,1671500,9194000000,70,false,1.29
"EVG",134058,"/Date(1701758489000)/",5510,100,1670300,9187000000,70,false,1.29
"EVG",134058,"/Date(1701758489000)/",5510,400,1670200,9187000000,70,false,1.29
"EVG",134000,"/Date(1701758432000)/",5510,200,1669800,9184000000,70,true,1.29
"EVG",134000,"/Date(1701758432000)/",5510,400,1669600,9183000000,70,true,1.29
"EVG",133947,"/Date(1701758417000)/",5510,900,1669200,9181000000,70,true,1.29
"EVG",133938,"/Date(1701758409000)/",5510,500,1668300,9176000000,70,true,1.29
"EVG",133938,"/Date(1701758409000)/",5510,1200,1667800,9173000000,70,true,1.29
"EVG",133935,"/Date(1701758404000)/",5510,3800,1666600,9167000000,70,false,1.29
"EVG",133931,"/Date(1701758403000)/",5510,1200,1662800,9146000000,70,false,1.29
"EVG",133925,"/Date(1701758396000)/",5510,2300,1661600,9139000000,70,false,1.29
"EVG",133902,"/Date(1701758372000)/",5520,3700,1659300,9127000000,80,false,1.47
"EVG",133902,"/Date(1701758372000)/",5510,6300,1655600,9106000000,70,false,1.29
"EVG",133859,"/Date(1701758369000)/",5510,3200,1649300,9071000000,70,false,1.29
"EVG",133853,"/Date(1701758364000)/",5510,500,1646100,9054000000,70,true,1.29
"EVG",133850,"/Date(1701758360000)/",5510,500,1645600,9051000000,70,true,1.29
"EVG",133840,"/Date(1701758351000)/",5510,100,1645100,9048000000,70,false,1.29
"EVG",133840,"/Date(1701758351000)/",5510,200,1645000,9048000000,70,false,1.29
"EVG",133840,"/Date(1701758351000)/",5510,6300,1644800,9047000000,70,false,1.29
"EVG",133840,"/Date(1701758351000)/",5510,20000,1638500,9012000000,70,false,1.29
"EVG",133840,"/Date(1701758351000)/",5510,12400,1618500,8902000000,70,false,1.29
"EVG",133837,"/Date(1701758347000)/",5510,1600,1606100,8833000000,70,false,1.29
"EVG",133824,"/Date(1701758336000)/",5510,500,1604500,8825000000,70,false,1.29
"EVG",133805,"/Date(1701758316000)/",5500,2000,1604000,8822000000,60,true,1.1
"EVG",133749,"/Date(1701758301000)/",5500,10000,1602000,8811000000,60,true,1.1
"EVG",133739,"/Date(1701758290000)/",5500,10000,1592000,8756000000,60,false,1.1
"EVG",133739,"/Date(1701758289000)/",5500,900,1582000,8701000000,60,false,1.1
"EVG",133739,"/Date(1701758289000)/",5500,100,1581100,8696000000,60,false,1.1
"EVG",133739,"/Date(1701758289000)/",5500,2000,1581000,8695000000,60,false,1.1
"EVG",133739,"/Date(1701758289000)/",5500,1000,1579000,8684000000,60,false,1.1
"EVG",133739,"/Date(1701758289000)/",5500,100,1578000,8679000000,60,false,1.1
"EVG",133739,"/Date(1701758289000)/",5500,100,1577900,8678000000,60,false,1.1
"EVG",133739,"/Date(1701758289000)/",5500,300,1577800,8678000000,60,false,1.1
"EVG",133739,"/Date(1701758289000)/",5500,400,1577500,8676000000,60,false,1.1
"EVG",133739,"/Date(1701758289000)/",5500,10000,1577100,8674000000,60,false,1.1
"EVG",133739,"/Date(1701758289000)/",5500,4000,1567100,8619000000,60,false,1.1
"EVG",133739,"/Date(1701758289000)/",5500,15000,1563100,8597000000,60,false,1.1
"EVG",133739,"/Date(1701758289000)/",5500,3000,1548100,8514000000,60,false,1.1
"EVG",133739,"/Date(1701758289000)/",5500,3200,1545100,8498000000,60,false,1.1
"EVG",133739,"/Date(1701758289000)/",5500,1200,1541900,8480000000,60,false,1.1
"EVG",133730,"/Date(1701758280000)/",5490,1100,1540700,8474000000,50,false,0.92
"EVG",133723,"/Date(1701758276000)/",5490,400,1539600,8468000000,50,false,0.92
"EVG",133714,"/Date(1701758266000)/",5490,100,1539200,8465000000,50,false,0.92
"EVG",133711,"/Date(1701758261000)/",5490,500,1539100,8465000000,50,false,0.92
"EVG",133707,"/Date(1701758257000)/",5490,1300,1538600,8462000000,50,false,0.92
"EVG",133701,"/Date(1701758251000)/",5490,400,1537300,8455000000,50,false,0.92
"EVG",133655,"/Date(1701758245000)/",5490,1200,1536900,8453000000,50,false,0.92
"EVG",133655,"/Date(1701758245000)/",5490,200,1535700,8446000000,50,false,0.92
"EVG",133655,"/Date(1701758245000)/",5490,100,1535500,8445000000,50,false,0.92
"EVG",133648,"/Date(1701758240000)/",5490,100,1535400,8445000000,50,false,0.92
"EVG",133648,"/Date(1701758240000)/",5490,500,1535300,8444000000,50,false,0.92
"EVG",133626,"/Date(1701758217000)/",5490,100,1534800,8441000000,50,false,0.92
"EVG",133613,"/Date(1701758205000)/",5490,200,1534700,8441000000,50,false,0.92
"EVG",133446,"/Date(1701758116000)/",5490,5000,1534500,8440000000,50,false,0.92
"EVG",133427,"/Date(1701758099000)/",5490,1900,1529500,8412000000,50,false,0.92
"EVG",133311,"/Date(1701758022000)/",5490,100,1527600,8402000000,50,false,0.92
"EVG",133311,"/Date(1701758020000)/",5480,100,1527500,8401000000,40,true,0.74
"EVG",133258,"/Date(1701758008000)/",5490,400,1527400,8401000000,50,false,0.92
"EVG",133226,"/Date(1701757976000)/",5480,300,1527000,8398000000,40,true,0.74
"EVG",133157,"/Date(1701757947000)/",5480,200,1526700,8397000000,40,true,0.74
"EVG",133144,"/Date(1701757934000)/",5490,2000,1526500,8396000000,50,false,0.92
"EVG",133119,"/Date(1701757910000)/",5490,2000,1524500,8385000000,50,false,0.92
"EVG",133119,"/Date(1701757910000)/",5490,2000,1522500,8374000000,50,false,0.92
"EVG",133119,"/Date(1701757910000)/",5490,2800,1520500,8363000000,50,false,0.92
"EVG",133031,"/Date(1701757863000)/",5490,200,1517700,8347000000,50,true,0.92
"EVG",133031,"/Date(1701757863000)/",5490,400,1517500,8346000000,50,true,0.92
"EVG",133005,"/Date(1701757836000)/",5490,2600,1517100,8344000000,50,true,0.92
"EVG",133005,"/Date(1701757836000)/",5490,2400,1514500,8330000000,50,true,0.92
"EVG",132949,"/Date(1701757820000)/",5490,100,1512100,8317000000,50,true,0.92
"EVG",132833,"/Date(1701757744000)/",5490,7500,1512000,8316000000,50,true,0.92
"EVG",132810,"/Date(1701757720000)/",5490,2400,1504500,8275000000,50,false,0.92
"EVG",132748,"/Date(1701757699000)/",5490,800,1502100,8262000000,50,false,0.92
"EVG",132738,"/Date(1701757688000)/",5490,1800,1501300,8257000000,50,false,0.92
"EVG",132738,"/Date(1701757688000)/",5490,200,1499500,8247000000,50,false,0.92
"EVG",132706,"/Date(1701757657000)/",5480,500,1499300,8246000000,40,true,0.74
"EVG",132700,"/Date(1701757651000)/",5490,800,1498800,8244000000,50,false,0.92
"EVG",132700,"/Date(1701757651000)/",5490,300,1498000,8239000000,50,false,0.92
"EVG",132634,"/Date(1701757623000)/",5490,200,1497700,8238000000,50,false,0.92
"EVG",132631,"/Date(1701757621000)/",5490,1000,1497500,8236000000,50,false,0.92
"EVG",132621,"/Date(1701757613000)/",5490,800,1496500,8231000000,50,false,0.92
"EVG",132552,"/Date(1701757582000)/",5490,1000,1495700,8227000000,50,false,0.92
"EVG",132511,"/Date(1701757540000)/",5490,1000,1494700,8221000000,50,false,0.92
"EVG",132436,"/Date(1701757506000)/",5480,200,1493700,8216000000,40,true,0.74
"EVG",132357,"/Date(1701757468000)/",5490,100,1493500,8215000000,50,false,0.92
"EVG",132342,"/Date(1701757452000)/",5490,600,1493400,8214000000,50,true,0.92
"EVG",132332,"/Date(1701757443000)/",5490,500,1492800,8211000000,50,true,0.92
"EVG",132332,"/Date(1701757443000)/",5490,100,1492300,8208000000,50,true,0.92
"EVG",132332,"/Date(1701757443000)/",5490,2300,1492200,8207000000,50,true,0.92
"EVG",132329,"/Date(1701757437000)/",5490,1100,1489900,8195000000,50,false,0.92
"EVG",132326,"/Date(1701757436000)/",5490,500,1488800,8189000000,50,false,0.92
"EVG",132322,"/Date(1701757432000)/",5490,1400,1488300,8186000000,50,false,0.92
"EVG",132319,"/Date(1701757428000)/",5490,600,1486900,8178000000,50,false,0.92
"EVG",132313,"/Date(1701757423000)/",5490,3500,1486300,8175000000,50,false,0.92
"EVG",132310,"/Date(1701757418000)/",5490,600,1482800,8156000000,50,true,0.92
"EVG",132306,"/Date(1701757415000)/",5490,1400,1482200,8152000000,50,false,0.92
"EVG",132303,"/Date(1701757412000)/",5490,200,1480800,8145000000,50,false,0.92
"EVG",132303,"/Date(1701757412000)/",5490,1200,1480600,8144000000,50,false,0.92
"EVG",132257,"/Date(1701757407000)/",5490,400,1479400,8137000000,50,false,0.92
"EVG",132254,"/Date(1701757402000)/",5490,2000,1479000,8135000000,50,false,0.92
"EVG",132247,"/Date(1701757396000)/",5490,1700,1477000,8124000000,50,false,0.92
"EVG",132234,"/Date(1701757384000)/",5490,1200,1475300,8115000000,50,false,0.92
"EVG",132231,"/Date(1701757380000)/",5490,600,1474100,8108000000,50,false,0.92
"EVG",132228,"/Date(1701757376000)/",5480,500,1473500,8105000000,40,true,0.74
"EVG",132224,"/Date(1701757374000)/",5490,1300,1473000,8102000000,50,false,0.92
"EVG",132218,"/Date(1701757369000)/",5490,700,1471700,8095000000,50,false,0.92
"EVG",132215,"/Date(1701757366000)/",5490,100,1471000,8091000000,50,false,0.92
"EVG",132215,"/Date(1701757366000)/",5490,1400,1470900,8090000000,50,false,0.92
"EVG",132212,"/Date(1701757363000)/",5490,600,1469500,8083000000,50,false,0.92
"EVG",132202,"/Date(1701757350000)/",5480,3700,1468900,8079000000,40,true,0.74
"EVG",132159,"/Date(1701757348000)/",5480,1800,1465200,8059000000,40,false,0.74
"EVG",132152,"/Date(1701757342000)/",5480,200,1463400,8049000000,40,false,0.74
"EVG",132143,"/Date(1701757334000)/",5480,3000,1463200,8048000000,40,false,0.74
"EVG",132130,"/Date(1701757319000)/",5490,3000,1460200,8032000000,50,false,0.92
"EVG",132130,"/Date(1701757319000)/",5490,1600,1457200,8015000000,50,false,0.92
"EVG",132130,"/Date(1701757319000)/",5480,300,1455600,8007000000,40,false,0.74
"EVG",132130,"/Date(1701757319000)/",5480,100,1455300,8005000000,40,false,0.74
"EVG",132127,"/Date(1701757315000)/",5480,1200,1455200,8004000000,40,false,0.74
"EVG",132120,"/Date(1701757311000)/",5480,600,1454000,7998000000,40,false,0.74
"EVG",132117,"/Date(1701757307000)/",5480,2100,1453400,7994000000,40,false,0.74
"EVG",132117,"/Date(1701757307000)/",5480,400,1451300,7983000000,40,false,0.74
"EVG",132114,"/Date(1701757303000)/",5480,100,1450900,7981000000,40,false,0.74
"EVG",132108,"/Date(1701757297000)/",5480,400,1450800,7980000000,40,false,0.74
"EVG",132101,"/Date(1701757291000)/",5480,3000,1450400,7978000000,40,false,0.74
"EVG",132058,"/Date(1701757288000)/",5480,200,1447400,7962000000,40,false,0.74
"EVG",132055,"/Date(1701757283000)/",5480,5500,1447200,7961000000,40,true,0.74
"EVG",132055,"/Date(1701757283000)/",5480,1000,1441700,7930000000,40,true,0.74
"EVG",132055,"/Date(1701757283000)/",5480,9400,1440700,7925000000,40,true,0.74
"EVG",132045,"/Date(1701757276000)/",5490,400,1431300,7873000000,50,false,0.92
"EVG",132039,"/Date(1701757270000)/",5480,500,1430900,7871000000,40,true,0.74
"EVG",132039,"/Date(1701757268000)/",5490,1500,1430400,7868000000,50,false,0.92
"EVG",132033,"/Date(1701757262000)/",5490,500,1428900,7860000000,50,false,0.92
"EVG",132013,"/Date(1701757243000)/",5480,100,1428400,7857000000,40,false,0.74
"EVG",131945,"/Date(1701757215000)/",5480,700,1428300,7857000000,40,false,0.74
"EVG",131942,"/Date(1701757211000)/",5480,1500,1427600,7853000000,40,false,0.74
"EVG",131938,"/Date(1701757207000)/",5480,500,1426100,7845000000,40,false,0.74
"EVG",131935,"/Date(1701757203000)/",5480,3000,1425600,7842000000,40,true,0.74
"EVG",131935,"/Date(1701757203000)/",5480,4200,1422600,7826000000,40,true,0.74
"EVG",131926,"/Date(1701757194000)/",5480,5000,1418400,7803000000,40,true,0.74
"EVG",131922,"/Date(1701757191000)/",5480,100,1413400,7775000000,40,false,0.74
"EVG",131922,"/Date(1701757191000)/",5480,700,1413300,7775000000,40,false,0.74
"EVG",131922,"/Date(1701757191000)/",5480,1500,1412600,7771000000,40,false,0.74
"EVG",131910,"/Date(1701757179000)/",5480,500,1411100,7763000000,40,false,0.74
"EVG",131903,"/Date(1701757171000)/",5480,1500,1410600,7760000000,40,false,0.74
"EVG",131857,"/Date(1701757166000)/",5480,400,1409100,7752000000,40,false,0.74
"EVG",131850,"/Date(1701757160000)/",5480,900,1408700,7749000000,40,true,0.74
"EVG",131844,"/Date(1701757155000)/",5480,1100,1407800,7745000000,40,false,0.74
"EVG",131838,"/Date(1701757148000)/",5480,500,1406700,7739000000,40,false,0.74
"EVG",131819,"/Date(1701757128000)/",5470,2000,1406200,7736000000,30,true,0.55
"EVG",131803,"/Date(1701757113000)/",5480,200,1404200,7725000000,40,false,0.74
"EVG",131743,"/Date(1701757094000)/",5480,200,1404000,7724000000,40,false,0.74
"EVG",131636,"/Date(1701757026000)/",5480,200,1403800,7723000000,40,false,0.74
"EVG",131636,"/Date(1701757026000)/",5480,300,1403600,7722000000,40,false,0.74
"EVG",131636,"/Date(1701757026000)/",5480,1500,1403300,7720000000,40,false,0.74
"EVG",131555,"/Date(1701756984000)/",5480,1000,1401800,7712000000,40,true,0.74
"EVG",131555,"/Date(1701756984000)/",5480,1200,1400800,7706000000,40,true,0.74
"EVG",131419,"/Date(1701756888000)/",5480,1300,1399600,7700000000,40,false,0.74
"EVG",131419,"/Date(1701756888000)/",5480,100,1398300,7693000000,40,false,0.74
"EVG",131419,"/Date(1701756888000)/",5480,2000,1398200,7692000000,40,false,0.74
"EVG",131419,"/Date(1701756888000)/",5480,400,1396200,7681000000,40,false,0.74
"EVG",131243,"/Date(1701756791000)/",5480,100,1395800,7679000000,40,false,0.74
"EVG",131243,"/Date(1701756791000)/",5480,400,1395700,7678000000,40,false,0.74
"EVG",131152,"/Date(1701756742000)/",5470,1000,1395300,7676000000,30,true,0.55
"EVG",131114,"/Date(1701756702000)/",5470,300,1394300,7671000000,30,true,0.55
"EVG",131048,"/Date(1701756677000)/",5470,100,1394000,7669000000,30,false,0.55
"EVG",131029,"/Date(1701756658000)/",5470,100,1393900,7668000000,30,true,0.55
"EVG",131029,"/Date(1701756658000)/",5470,100,1393800,7668000000,30,true,0.55
"EVG",131026,"/Date(1701756655000)/",5470,100,1393700,7667000000,30,true,0.55
"EVG",131026,"/Date(1701756655000)/",5470,200,1393600,7667000000,30,true,0.55
"EVG",131026,"/Date(1701756655000)/",5470,900,1393400,7666000000,30,true,0.55
"EVG",131003,"/Date(1701756633000)/",5470,1000,1392500,7661000000,30,true,0.55
"EVG",130957,"/Date(1701756626000)/",5470,5000,1391500,7655000000,30,true,0.55
"EVG",130957,"/Date(1701756625000)/",5470,1000,1386500,7628000000,30,true,0.55
"EVG",130957,"/Date(1701756625000)/",5470,2000,1385500,7622000000,30,true,0.55
"EVG",130957,"/Date(1701756625000)/",5470,1000,1383500,7612000000,30,true,0.55
"EVG",130931,"/Date(1701756600000)/",5470,11400,1382500,7606000000,30,true,0.55
"EVG",130847,"/Date(1701756557000)/",5470,5000,1371100,7544000000,30,true,0.55
"EVG",130847,"/Date(1701756554000)/",5470,1000,1366100,7516000000,30,true,0.55
"EVG",130821,"/Date(1701756530000)/",5470,100,1365100,7511000000,30,true,0.55
"EVG",130714,"/Date(1701756463000)/",5470,3000,1365000,7510000000,30,true,0.55
"EVG",130711,"/Date(1701756459000)/",5470,2400,1362000,7494000000,30,false,0.55
"EVG",130701,"/Date(1701756448000)/",5470,100,1359600,7481000000,30,true,0.55
"EVG",130701,"/Date(1701756448000)/",5470,500,1359500,7480000000,30,true,0.55
"EVG",130551,"/Date(1701756377000)/",5480,500,1359000,7478000000,40,false,0.74
"EVG",130535,"/Date(1701756364000)/",5460,500,1358500,7475000000,20,true,0.37
"EVG",130535,"/Date(1701756364000)/",5470,4000,1358000,7472000000,30,false,0.55
"EVG",130535,"/Date(1701756364000)/",5470,100,1354000,7450000000,30,false,0.55
"EVG",130535,"/Date(1701756364000)/",5470,2000,1353900,7450000000,30,false,0.55
"EVG",130535,"/Date(1701756364000)/",5470,200,1351900,7439000000,30,false,0.55
"EVG",130535,"/Date(1701756364000)/",5470,2000,1351700,7438000000,30,false,0.55
"EVG",130535,"/Date(1701756364000)/",5470,11200,1349700,7427000000,30,false,0.55
"EVG",130450,"/Date(1701756317000)/",5470,3500,1338500,7365000000,30,true,0.55
"EVG",130437,"/Date(1701756305000)/",5480,500,1335000,7346000000,40,false,0.74
"EVG",130402,"/Date(1701756271000)/",5470,1500,1334500,7344000000,30,true,0.55
"EVG",130305,"/Date(1701756214000)/",5470,200,1333000,7335000000,30,true,0.55
"EVG",130305,"/Date(1701756214000)/",5480,200,1332800,7334000000,40,false,0.74
"EVG",130255,"/Date(1701756203000)/",5480,1600,1332600,7333000000,40,false,0.74
"EVG",130255,"/Date(1701756203000)/",5480,400,1331000,7324000000,40,false,0.74
"EVG",130217,"/Date(1701756166000)/",5470,400,1330600,7322000000,30,true,0.55
"EVG",130214,"/Date(1701756162000)/",5480,800,1330200,7320000000,40,false,0.74
"EVG",130148,"/Date(1701756137000)/",5480,2000,1329400,7316000000,40,true,0.74
"EVG",130148,"/Date(1701756137000)/",5480,500,1327400,7305000000,40,true,0.74
"EVG",130139,"/Date(1701756127000)/",5480,1000,1326900,7302000000,40,true,0.74
"EVG",130129,"/Date(1701756116000)/",5480,2000,1325900,7296000000,40,true,0.74
"EVG",130032,"/Date(1701756060000)/",5480,2000,1323900,7285000000,40,true,0.74
"EVG",130003,"/Date(1701756015000)/",5480,1000,1321900,7274000000,40,true,0.74
"EVG",125957,"/Date(1701756006000)/",5480,4900,1320900,7269000000,40,true,0.74
"EVG",125957,"/Date(1701756005000)/",5480,500,1316000,7242000000,40,true,0.74
"EVG",125953,"/Date(1701756004000)/",5480,200,1315500,7239000000,40,true,0.74
"EVG",125953,"/Date(1701756003000)/",5480,2000,1315300,7238000000,40,true,0.74
"EVG",125950,"/Date(1701756002000)/",5480,1000,1313300,7227000000,40,true,0.74
"EVG",125950,"/Date(1701756002000)/",5480,500,1312300,7222000000,40,true,0.74
"EVG",125947,"/Date(1701756001000)/",5480,1000,1311800,7219000000,40,false,0.74
"EVG",125947,"/Date(1701756001000)/",5480,1000,1310800,7214000000,40,false,0.74
"EVG",112903,"/Date(1701750564000)/",5470,7000,1309800,7208000000,30,true,0.55
"EVG",112818,"/Date(1701750514000)/",5470,400,1302800,7170000000,30,true,0.55
"EVG",112737,"/Date(1701750475000)/",5470,25800,1302400,7168000000,30,false,0.55
"EVG",112721,"/Date(1701750459000)/",5470,500,1276600,7027000000,30,false,0.55
"EVG",112708,"/Date(1701750447000)/",5470,50000,1276100,7024000000,30,false,0.55
"EVG",112708,"/Date(1701750446000)/",5470,300,1226100,6750000000,30,false,0.55
"EVG",112652,"/Date(1701750431000)/",5470,20000,1225800,6749000000,30,false,0.55
"EVG",112630,"/Date(1701750407000)/",5470,400,1205800,6639000000,30,false,0.55
"EVG",112558,"/Date(1701750378000)/",5490,1500,1205400,6637000000,50,false,0.92
"EVG",112558,"/Date(1701750378000)/",5490,500,1203900,6629000000,50,false,0.92
"EVG",112441,"/Date(1701750299000)/",5490,7000,1203400,6626000000,50,false,0.92
"EVG",112249,"/Date(1701750187000)/",5460,500,1196400,6588000000,20,true,0.37
"EVG",112233,"/Date(1701750172000)/",5460,4300,1195900,6585000000,20,true,0.37
"EVG",112227,"/Date(1701750167000)/",5470,200,1191600,6561000000,30,false,0.55
"EVG",112227,"/Date(1701750167000)/",5470,3000,1191400,6560000000,30,false,0.55
"EVG",112224,"/Date(1701750162000)/",5480,3000,1188400,6544000000,40,false,0.74
"EVG",112152,"/Date(1701750131000)/",5480,200,1185400,6528000000,40,true,0.74
"EVG",112133,"/Date(1701750113000)/",5500,800,1185200,6526000000,60,false,1.1
"EVG",112133,"/Date(1701750113000)/",5500,1000,1184400,6522000000,60,false,1.1
"EVG",112133,"/Date(1701750113000)/",5500,10000,1183400,6517000000,60,false,1.1
"EVG",112133,"/Date(1701750113000)/",5500,500,1173400,6462000000,60,false,1.1
"EVG",112133,"/Date(1701750113000)/",5500,200,1172900,6459000000,60,false,1.1
"EVG",112133,"/Date(1701750113000)/",5500,1000,1172700,6458000000,60,false,1.1
"EVG",112133,"/Date(1701750113000)/",5500,6000,1171700,6452000000,60,false,1.1
"EVG",112133,"/Date(1701750113000)/",5500,500,1165700,6419000000,60,false,1.1
"EVG",112133,"/Date(1701750113000)/",5500,10000,1165200,6416000000,60,false,1.1
"EVG",112048,"/Date(1701750068000)/",5490,300,1155200,6361000000,50,false,0.92
"EVG",111821,"/Date(1701749920000)/",5490,100,1154900,6360000000,50,true,0.92
"EVG",111627,"/Date(1701749804000)/",5500,800,1154800,6359000000,60,false,1.1
"EVG",111507,"/Date(1701749725000)/",5490,1000,1154000,6355000000,50,false,0.92
"EVG",111451,"/Date(1701749708000)/",5490,700,1153000,6349000000,50,false,0.92
"EVG",111441,"/Date(1701749700000)/",5490,500,1152300,6346000000,50,false,0.92
"EVG",111406,"/Date(1701749663000)/",5490,17800,1151800,6343000000,50,false,0.92
"EVG",111406,"/Date(1701749663000)/",5490,200,1134000,6245000000,50,false,0.92
"EVG",110818,"/Date(1701749315000)/",5490,2000,1133800,6244000000,50,false,0.92
"EVG",110802,"/Date(1701749300000)/",5490,500,1131800,6233000000,50,false,0.92
"EVG",110633,"/Date(1701749209000)/",5480,5000,1131300,6230000000,40,false,0.74
"EVG",110623,"/Date(1701749199000)/",5480,5000,1126300,6203000000,40,false,0.74
"EVG",110604,"/Date(1701749183000)/",5480,3000,1121300,6175000000,40,false,0.74
"EVG",110542,"/Date(1701749159000)/",5480,5000,1118300,6159000000,40,false,0.74
"EVG",110517,"/Date(1701749133000)/",5480,2000,1113300,6132000000,40,false,0.74
"EVG",110504,"/Date(1701749120000)/",5480,400,1111300,6121000000,40,true,0.74
"EVG",110442,"/Date(1701749098000)/",5480,19600,1110900,6118000000,40,false,0.74
"EVG",110426,"/Date(1701749082000)/",5470,1000,1091300,6011000000,30,false,0.55
"EVG",110227,"/Date(1701748964000)/",5470,500,1090300,6006000000,30,false,0.55
"EVG",110227,"/Date(1701748964000)/",5470,500,1089800,6003000000,30,false,0.55
"EVG",110227,"/Date(1701748964000)/",5470,1200,1089300,6000000000,30,false,0.55
"EVG",110107,"/Date(1701748884000)/",5460,200,1088100,5994000000,20,true,0.37
"EVG",110051,"/Date(1701748869000)/",5460,100,1087900,5992000000,20,false,0.37
"EVG",105948,"/Date(1701748804000)/",5460,500,1087800,5992000000,20,false,0.37
"EVG",105922,"/Date(1701748780000)/",5460,200,1087300,5989000000,20,false,0.37
"EVG",105922,"/Date(1701748780000)/",5460,3800,1087100,5988000000,20,false,0.37
"EVG",105919,"/Date(1701748777000)/",5450,700,1083300,5967000000,10,true,0.18
"EVG",105919,"/Date(1701748777000)/",5450,3000,1082600,5963000000,10,true,0.18
"EVG",105919,"/Date(1701748777000)/",5450,100,1079600,5947000000,10,true,0.18
"EVG",105815,"/Date(1701748713000)/",5460,5000,1079500,5947000000,20,true,0.37
"EVG",105815,"/Date(1701748713000)/",5460,200,1074500,5919000000,20,true,0.37
"EVG",105815,"/Date(1701748713000)/",5460,1000,1074300,5918000000,20,true,0.37
"EVG",105750,"/Date(1701748687000)/",5460,1000,1073300,5913000000,20,true,0.37
"EVG",105721,"/Date(1701748656000)/",5470,100,1072300,5907000000,30,true,0.55
"EVG",105721,"/Date(1701748656000)/",5470,100,1072200,5907000000,30,true,0.55
"EVG",105721,"/Date(1701748656000)/",5470,4600,1072100,5906000000,30,true,0.55
"EVG",105558,"/Date(1701748575000)/",5470,1400,1067500,5881000000,30,true,0.55
"EVG",105558,"/Date(1701748575000)/",5470,100,1066100,5873000000,30,true,0.55
"EVG",105558,"/Date(1701748575000)/",5470,500,1066000,5873000000,30,true,0.55
"EVG",105432,"/Date(1701748489000)/",5470,200,1065500,5870000000,30,true,0.55
"EVG",105432,"/Date(1701748489000)/",5470,1800,1065300,5869000000,30,true,0.55
"EVG",105406,"/Date(1701748462000)/",5480,400,1063500,5859000000,40,true,0.74
"EVG",105334,"/Date(1701748429000)/",5480,100,1063100,5857000000,40,false,0.74
"EVG",105312,"/Date(1701748407000)/",5480,900,1063000,5856000000,40,true,0.74
"EVG",105302,"/Date(1701748399000)/",5480,1000,1062100,5851000000,40,false,0.74
"EVG",105237,"/Date(1701748374000)/",5480,100,1061100,5846000000,40,false,0.74
"EVG",105237,"/Date(1701748374000)/",5480,100,1061000,5845000000,40,false,0.74
"EVG",105143,"/Date(1701748320000)/",5480,5000,1060900,5845000000,40,false,0.74
"EVG",105124,"/Date(1701748299000)/",5470,5000,1055900,5818000000,30,true,0.55
"EVG",105117,"/Date(1701748292000)/",5470,1000,1050900,5790000000,30,true,0.55
"EVG",105010,"/Date(1701748225000)/",5470,2200,1049900,5785000000,30,true,0.55
"EVG",105010,"/Date(1701748225000)/",5470,20000,1047700,5773000000,30,true,0.55
"EVG",105010,"/Date(1701748225000)/",5470,500,1027700,5663000000,30,true,0.55
"EVG",105010,"/Date(1701748225000)/",5470,2000,1027200,5661000000,30,true,0.55
"EVG",105010,"/Date(1701748225000)/",5470,2000,1025200,5650000000,30,true,0.55
"EVG",105010,"/Date(1701748225000)/",5470,5000,1023200,5639000000,30,true,0.55
"EVG",105010,"/Date(1701748225000)/",5480,200,1018200,5611000000,40,false,0.74
"EVG",105010,"/Date(1701748225000)/",5480,2400,1018000,5610000000,40,false,0.74
"EVG",105010,"/Date(1701748225000)/",5480,100,1015600,5597000000,40,false,0.74
"EVG",105010,"/Date(1701748225000)/",5480,200,1015500,5596000000,40,false,0.74
"EVG",105010,"/Date(1701748225000)/",5480,5000,1015300,5595000000,40,false,0.74
"EVG",105010,"/Date(1701748225000)/",5480,2000,1010300,5568000000,40,false,0.74
"EVG",105010,"/Date(1701748225000)/",5480,500,1008300,5557000000,40,false,0.74
"EVG",105010,"/Date(1701748225000)/",5480,1000,1007800,5554000000,40,false,0.74
"EVG",105010,"/Date(1701748225000)/",5480,2000,1006800,5549000000,40,false,0.74
"EVG",105010,"/Date(1701748225000)/",5480,200,1004800,5538000000,40,false,0.74
"EVG",105010,"/Date(1701748225000)/",5480,600,1004600,5537000000,40,false,0.74
"EVG",105007,"/Date(1701748225000)/",5480,200,1004000,5533000000,40,true,0.74
"EVG",105007,"/Date(1701748225000)/",5480,100,1003800,5532000000,40,true,0.74
"EVG",105007,"/Date(1701748225000)/",5480,3000,1003700,5532000000,40,true,0.74
"EVG",105007,"/Date(1701748225000)/",5480,100,1000700,5515000000,40,true,0.74
"EVG",105007,"/Date(1701748225000)/",5480,200,1000600,5515000000,40,true,0.74
"EVG",105007,"/Date(1701748225000)/",5480,500,1000400,5514000000,40,true,0.74
"EVG",104907,"/Date(1701748162000)/",5490,200,999900,5511000000,50,true,0.92
"EVG",104907,"/Date(1701748162000)/",5490,800,999700,5510000000,50,true,0.92
"EVG",104900,"/Date(1701748156000)/",5490,600,998900,5506000000,50,true,0.92
"EVG",104712,"/Date(1701748048000)/",5490,500,998300,5502000000,50,true,0.92
"EVG",104602,"/Date(1701747978000)/",5490,500,997800,5499000000,50,false,0.92
"EVG",104542,"/Date(1701747956000)/",5480,1000,997300,5497000000,40,true,0.74
"EVG",104536,"/Date(1701747946000)/",5480,500,996300,5491000000,40,true,0.74
"EVG",104156,"/Date(1701747731000)/",5490,1000,995800,5489000000,50,false,0.92
"EVG",104156,"/Date(1701747731000)/",5490,6700,994800,5483000000,50,false,0.92
"EVG",104140,"/Date(1701747715000)/",5490,1000,988100,5446000000,50,false,0.92
"EVG",104118,"/Date(1701747693000)/",5480,1000,987100,5441000000,40,true,0.74
"EVG",104030,"/Date(1701747645000)/",5480,8600,986100,5435000000,40,true,0.74
"EVG",104001,"/Date(1701747616000)/",5490,300,977500,5388000000,50,false,0.92
"EVG",103958,"/Date(1701747614000)/",5490,2000,977200,5386000000,50,true,0.92
"EVG",103829,"/Date(1701747523000)/",5490,1000,975200,5376000000,50,true,0.92
"EVG",103754,"/Date(1701747490000)/",5490,1700,974200,5370000000,50,true,0.92
"EVG",103754,"/Date(1701747490000)/",5490,300,972500,5361000000,50,true,0.92
"EVG",103735,"/Date(1701747471000)/",5490,2000,972200,5359000000,50,true,0.92
"EVG",103728,"/Date(1701747463000)/",5490,1000,970200,5348000000,50,true,0.92
"EVG",103716,"/Date(1701747451000)/",5490,3000,969200,5343000000,50,true,0.92
"EVG",103709,"/Date(1701747444000)/",5500,100,966200,5326000000,60,false,1.1
"EVG",103650,"/Date(1701747426000)/",5490,1000,966100,5326000000,50,true,0.92
"EVG",103417,"/Date(1701747271000)/",5490,500,965100,5320000000,50,true,0.92
"EVG",103411,"/Date(1701747265000)/",5490,200,964600,5317000000,50,true,0.92
"EVG",103411,"/Date(1701747265000)/",5490,100,964400,5316000000,50,true,0.92
"EVG",103411,"/Date(1701747265000)/",5490,200,964300,5316000000,50,true,0.92
"EVG",103401,"/Date(1701747257000)/",5500,6100,964100,5315000000,60,false,1.1
"EVG",103401,"/Date(1701747257000)/",5500,11900,958000,5281000000,60,false,1.1
"EVG",103301,"/Date(1701747197000)/",5500,5000,946100,5216000000,60,false,1.1
"EVG",103200,"/Date(1701747135000)/",5490,800,941100,5188000000,50,true,0.92
"EVG",103200,"/Date(1701747135000)/",5490,200,940300,5184000000,50,true,0.92
"EVG",103103,"/Date(1701747077000)/",5500,500,940100,5183000000,60,false,1.1
"EVG",102859,"/Date(1701746954000)/",5490,500,939600,5180000000,50,true,0.92
"EVG",102623,"/Date(1701746798000)/",5490,300,939100,5177000000,50,false,0.92
"EVG",102600,"/Date(1701746775000)/",5490,3000,938800,5175000000,50,false,0.92
"EVG",102554,"/Date(1701746767000)/",5490,200,935800,5159000000,50,false,0.92
"EVG",102554,"/Date(1701746767000)/",5490,5000,935600,5158000000,50,false,0.92
"EVG",102554,"/Date(1701746767000)/",5490,300,930600,5130000000,50,false,0.92
"EVG",102554,"/Date(1701746767000)/",5490,200,930300,5129000000,50,false,0.92
"EVG",102551,"/Date(1701746765000)/",5500,5000,930100,5128000000,60,false,1.1
"EVG",102500,"/Date(1701746714000)/",5490,100,925100,5100000000,50,true,0.92
"EVG",102340,"/Date(1701746634000)/",5500,200,925000,5100000000,60,true,1.1
"EVG",102340,"/Date(1701746634000)/",5500,100,924800,5099000000,60,true,1.1
"EVG",102340,"/Date(1701746634000)/",5500,2300,924700,5098000000,60,true,1.1
"EVG",102055,"/Date(1701746468000)/",5500,1000,922400,5085000000,60,false,1.1
"EVG",102055,"/Date(1701746468000)/",5500,89400,921400,5080000000,60,false,1.1
"EVG",102055,"/Date(1701746468000)/",5500,5000,832000,4588000000,60,false,1.1
"EVG",102055,"/Date(1701746468000)/",5500,400,827000,4561000000,60,false,1.1
"EVG",102055,"/Date(1701746468000)/",5500,100,826600,4558000000,60,false,1.1
"EVG",102055,"/Date(1701746468000)/",5500,1800,826500,4558000000,60,false,1.1
"EVG",102026,"/Date(1701746439000)/",5490,500,824700,4548000000,50,false,0.92
"EVG",102007,"/Date(1701746419000)/",5490,1000,824200,4545000000,50,true,0.92
"EVG",102007,"/Date(1701746419000)/",5490,1000,823200,4540000000,50,true,0.92
"EVG",102007,"/Date(1701746419000)/",5490,9000,822200,4534000000,50,true,0.92
"EVG",101957,"/Date(1701746410000)/",5490,1000,813200,4485000000,50,true,0.92
"EVG",101900,"/Date(1701746352000)/",5490,700,812200,4479000000,50,false,0.92
"EVG",101900,"/Date(1701746352000)/",5490,500,811500,4476000000,50,false,0.92
"EVG",101900,"/Date(1701746352000)/",5490,800,811000,4473000000,50,false,0.92
"EVG",101854,"/Date(1701746347000)/",5480,2000,810200,4468000000,40,true,0.74
"EVG",101831,"/Date(1701746324000)/",5490,1200,808200,4457000000,50,true,0.92
"EVG",101815,"/Date(1701746309000)/",5490,1000,807000,4451000000,50,true,0.92
"EVG",101737,"/Date(1701746270000)/",5490,1500,806000,4445000000,50,true,0.92
"EVG",101718,"/Date(1701746251000)/",5490,1000,804500,4437000000,50,true,0.92
"EVG",101630,"/Date(1701746203000)/",5490,300,803500,4432000000,50,true,0.92
"EVG",101608,"/Date(1701746182000)/",5490,200,803200,4430000000,50,true,0.92
"EVG",101605,"/Date(1701746178000)/",5490,500,803000,4429000000,50,true,0.92
"EVG",101555,"/Date(1701746167000)/",5490,300,802500,4426000000,50,true,0.92
"EVG",101555,"/Date(1701746167000)/",5490,300,802200,4424000000,50,true,0.92
"EVG",101555,"/Date(1701746167000)/",5490,100,801900,4423000000,50,true,0.92
"EVG",101552,"/Date(1701746165000)/",5490,2000,801800,4422000000,50,true,0.92
"EVG",101549,"/Date(1701746163000)/",5490,10000,799800,4411000000,50,true,0.92
"EVG",101429,"/Date(1701746083000)/",5500,500,789800,4356000000,60,true,1.1
"EVG",101429,"/Date(1701746083000)/",5500,1000,789300,4354000000,60,true,1.1
"EVG",101429,"/Date(1701746083000)/",5500,200,788300,4348000000,60,true,1.1
"EVG",101429,"/Date(1701746083000)/",5500,100,788100,4347000000,60,true,1.1
"EVG",101429,"/Date(1701746083000)/",5500,3400,788000,4346000000,60,true,1.1
"EVG",101426,"/Date(1701746077000)/",5500,500,784600,4328000000,60,true,1.1
"EVG",101420,"/Date(1701746072000)/",5500,1000,784100,4325000000,60,true,1.1
"EVG",101357,"/Date(1701746050000)/",5500,100,783100,4320000000,60,true,1.1
"EVG",101335,"/Date(1701746027000)/",5500,300,783000,4319000000,60,true,1.1
"EVG",101322,"/Date(1701746015000)/",5500,2600,782700,4317000000,60,true,1.1
"EVG",101322,"/Date(1701746013000)/",5500,100,780100,4303000000,60,true,1.1
"EVG",101257,"/Date(1701745989000)/",5500,2000,780000,4302000000,60,true,1.1
"EVG",101231,"/Date(1701745962000)/",5500,1400,778000,4291000000,60,true,1.1
"EVG",101231,"/Date(1701745962000)/",5500,3600,776600,4284000000,60,true,1.1
"EVG",101219,"/Date(1701745950000)/",5500,2200,773000,4264000000,60,true,1.1
"EVG",101147,"/Date(1701745920000)/",5500,2200,770800,4252000000,60,true,1.1
"EVG",101059,"/Date(1701745871000)/",5500,2000,768600,4240000000,60,true,1.1
"EVG",101037,"/Date(1701745849000)/",5510,1100,766600,4229000000,70,true,1.29
"EVG",101037,"/Date(1701745849000)/",5510,1000,765500,4223000000,70,true,1.29
"EVG",100942,"/Date(1701745795000)/",5510,1400,764500,4217000000,70,true,1.29
"EVG",100942,"/Date(1701745795000)/",5510,600,763100,4210000000,70,true,1.29
"EVG",100823,"/Date(1701745715000)/",5520,500,762500,4206000000,80,false,1.47
"EVG",100823,"/Date(1701745715000)/",5520,400,762000,4203000000,80,false,1.47
"EVG",100751,"/Date(1701745682000)/",5510,100,761600,4201000000,70,true,1.29
"EVG",100505,"/Date(1701745516000)/",5510,5000,761500,4201000000,70,true,1.29
"EVG",100456,"/Date(1701745507000)/",5510,5000,756500,4173000000,70,true,1.29
"EVG",100450,"/Date(1701745500000)/",5510,100,751500,4146000000,70,true,1.29
"EVG",100405,"/Date(1701745456000)/",5510,100,751400,4145000000,70,false,1.29
"EVG",100405,"/Date(1701745456000)/",5510,2400,751300,4144000000,70,false,1.29
"EVG",100405,"/Date(1701745456000)/",5500,100,748900,4131000000,60,false,1.1
"EVG",100405,"/Date(1701745456000)/",5500,1000,748800,4131000000,60,false,1.1
"EVG",100405,"/Date(1701745456000)/",5500,5600,747800,4125000000,60,false,1.1
"EVG",100204,"/Date(1701745335000)/",5500,5500,742200,4094000000,60,false,1.1
"EVG",100158,"/Date(1701745331000)/",5490,8000,736700,4064000000,50,true,0.92
"EVG",100158,"/Date(1701745331000)/",5490,2000,728700,4020000000,50,true,0.92
"EVG",100100,"/Date(1701745271000)/",5500,700,726700,4009000000,60,false,1.1
"EVG",100044,"/Date(1701745257000)/",5500,1200,726000,4005000000,60,true,1.1
"EVG",100044,"/Date(1701745257000)/",5500,100,724800,3999000000,60,true,1.1
"EVG",100044,"/Date(1701745257000)/",5500,500,724700,3998000000,60,true,1.1
"EVG",100044,"/Date(1701745257000)/",5500,10000,724200,3996000000,60,true,1.1
"EVG",100044,"/Date(1701745257000)/",5500,500,714200,3941000000,60,true,1.1
"EVG",100044,"/Date(1701745257000)/",5500,10000,713700,3938000000,60,true,1.1
"EVG",100044,"/Date(1701745257000)/",5500,4400,703700,3883000000,60,true,1.1
"EVG",95934,"/Date(1701745187000)/",5510,1100,699300,3859000000,70,true,1.29
"EVG",95934,"/Date(1701745187000)/",5510,1500,698200,3852000000,70,true,1.29
"EVG",95818,"/Date(1701745110000)/",5510,500,696700,3844000000,70,false,1.29
"EVG",95815,"/Date(1701745107000)/",5500,100,696200,3841000000,60,true,1.1
"EVG",95708,"/Date(1701745040000)/",5500,100,696100,3841000000,60,true,1.1
"EVG",95523,"/Date(1701744935000)/",5500,2000,696000,3840000000,60,false,1.1
"EVG",95523,"/Date(1701744935000)/",5500,500,694000,3829000000,60,false,1.1
"EVG",95523,"/Date(1701744935000)/",5500,2900,693500,3827000000,60,false,1.1
"EVG",95523,"/Date(1701744933000)/",5500,300,690600,3811000000,60,false,1.1
"EVG",95510,"/Date(1701744922000)/",5500,200,690300,3809000000,60,false,1.1
"EVG",95451,"/Date(1701744901000)/",5500,100,690100,3808000000,60,false,1.1
"EVG",95338,"/Date(1701744829000)/",5490,100,690000,3807000000,50,false,0.92
"EVG",95328,"/Date(1701744819000)/",5490,100,689900,3807000000,50,false,0.92
"EVG",95318,"/Date(1701744810000)/",5490,600,689800,3806000000,50,false,0.92
"EVG",95306,"/Date(1701744796000)/",5490,1000,689200,3803000000,50,false,0.92
"EVG",95306,"/Date(1701744796000)/",5490,1000,688200,3797000000,50,false,0.92
"EVG",95306,"/Date(1701744796000)/",5490,200,687200,3792000000,50,false,0.92
"EVG",95253,"/Date(1701744784000)/",5500,100,687000,3791000000,60,false,1.1
"EVG",95240,"/Date(1701744771000)/",5500,1400,686900,3790000000,60,false,1.1
"EVG",95105,"/Date(1701744675000)/",5490,7300,685500,3783000000,50,true,0.92
"EVG",95105,"/Date(1701744675000)/",5490,600,678200,3743000000,50,true,0.92
"EVG",95105,"/Date(1701744675000)/",5490,200,677600,3739000000,50,true,0.92
"EVG",95105,"/Date(1701744675000)/",5490,1900,677400,3738000000,50,true,0.92
"EVG",95033,"/Date(1701744643000)/",5490,100,675500,3728000000,50,true,0.92
"EVG",94936,"/Date(1701744587000)/",5480,6400,675400,3727000000,40,true,0.74
"EVG",94936,"/Date(1701744587000)/",5490,14800,669000,3692000000,50,true,0.92
"EVG",94936,"/Date(1701744587000)/",5490,200,654200,3611000000,50,true,0.92
"EVG",94936,"/Date(1701744587000)/",5490,2000,654000,3610000000,50,true,0.92
"EVG",94936,"/Date(1701744587000)/",5490,1700,652000,3599000000,50,true,0.92
"EVG",94936,"/Date(1701744587000)/",5490,100,650300,3589000000,50,true,0.92
"EVG",94936,"/Date(1701744587000)/",5500,4000,650200,3589000000,60,true,1.1
"EVG",94936,"/Date(1701744587000)/",5500,3700,646200,3567000000,60,true,1.1
"EVG",94936,"/Date(1701744587000)/",5500,500,642500,3547000000,60,true,1.1
"EVG",94936,"/Date(1701744587000)/",5500,1600,642000,3544000000,60,true,1.1
"EVG",94910,"/Date(1701744562000)/",5500,100,640400,3535000000,60,true,1.1
"EVG",94842,"/Date(1701744533000)/",5500,500,640300,3534000000,60,true,1.1
"EVG",94835,"/Date(1701744525000)/",5500,5800,639800,3532000000,60,true,1.1
"EVG",94835,"/Date(1701744525000)/",5500,200,634000,3500000000,60,true,1.1
"EVG",94823,"/Date(1701744513000)/",5510,1600,633800,3499000000,70,true,1.29
"EVG",94823,"/Date(1701744513000)/",5510,2900,632200,3490000000,70,true,1.29
"EVG",94816,"/Date(1701744506000)/",5510,8100,629300,3474000000,70,true,1.29
"EVG",94800,"/Date(1701744490000)/",5510,2800,621200,3429000000,70,true,1.29
"EVG",94754,"/Date(1701744485000)/",5510,1200,618400,3414000000,70,true,1.29
"EVG",94719,"/Date(1701744450000)/",5520,100,617200,3407000000,80,true,1.47
"EVG",94657,"/Date(1701744425000)/",5520,400,617100,3407000000,80,true,1.47
"EVG",94657,"/Date(1701744425000)/",5520,200,616700,3405000000,80,true,1.47
"EVG",94641,"/Date(1701744410000)/",5520,300,616500,3403000000,80,true,1.47
"EVG",94641,"/Date(1701744410000)/",5520,200,616200,3402000000,80,true,1.47
"EVG",94618,"/Date(1701744389000)/",5520,900,616000,3401000000,80,true,1.47
"EVG",94612,"/Date(1701744383000)/",5520,100,615100,3396000000,80,true,1.47
"EVG",94544,"/Date(1701744352000)/",5520,5900,615000,3395000000,80,true,1.47
"EVG",94537,"/Date(1701744349000)/",5520,200,609100,3363000000,80,true,1.47
"EVG",94537,"/Date(1701744346000)/",5520,500,608900,3361000000,80,true,1.47
"EVG",94512,"/Date(1701744322000)/",5520,4000,608400,3359000000,80,true,1.47
"EVG",94505,"/Date(1701744316000)/",5520,500,604400,3337000000,80,true,1.47
"EVG",94446,"/Date(1701744297000)/",5520,800,603900,3334000000,80,false,1.47
"EVG",94446,"/Date(1701744297000)/",5510,300,603100,3329000000,70,false,1.29
"EVG",94434,"/Date(1701744284000)/",5520,300,602800,3328000000,80,false,1.47
"EVG",94430,"/Date(1701744279000)/",5520,300,602500,3326000000,80,false,1.47
"EVG",94355,"/Date(1701744247000)/",5520,10000,602200,3324000000,80,true,1.47
"EVG",94349,"/Date(1701744239000)/",5520,400,592200,3269000000,80,false,1.47
"EVG",94349,"/Date(1701744239000)/",5520,1700,591800,3267000000,80,false,1.47
"EVG",94336,"/Date(1701744227000)/",5520,300,590100,3258000000,80,false,1.47
"EVG",94242,"/Date(1701744172000)/",5500,3900,589800,3256000000,60,true,1.1
"EVG",94242,"/Date(1701744172000)/",5500,2000,585900,3235000000,60,true,1.1
"EVG",94233,"/Date(1701744163000)/",5500,100,583900,3224000000,60,false,1.1
"EVG",94214,"/Date(1701744145000)/",5500,7300,583800,3223000000,60,true,1.1
"EVG",94214,"/Date(1701744145000)/",5500,500,576500,3183000000,60,true,1.1
"EVG",94214,"/Date(1701744145000)/",5500,1400,576000,3180000000,60,true,1.1
"EVG",94151,"/Date(1701744121000)/",5500,1600,574600,3172000000,60,true,1.1
"EVG",94126,"/Date(1701744097000)/",5500,500,573000,3164000000,60,false,1.1
"EVG",94126,"/Date(1701744097000)/",5500,1700,572500,3161000000,60,false,1.1
"EVG",94110,"/Date(1701744081000)/",5500,100,570800,3152000000,60,false,1.1
"EVG",94045,"/Date(1701744053000)/",5500,200,570700,3151000000,60,false,1.1
"EVG",94042,"/Date(1701744053000)/",5500,1000,570500,3150000000,60,true,1.1
"EVG",94042,"/Date(1701744053000)/",5500,200,569500,3144000000,60,true,1.1
"EVG",94042,"/Date(1701744053000)/",5500,800,569300,3143000000,60,true,1.1
"EVG",94023,"/Date(1701744032000)/",5530,500,568500,3139000000,90,true,1.65
"EVG",94023,"/Date(1701744032000)/",5530,1500,568000,3136000000,90,true,1.65
"EVG",94000,"/Date(1701744011000)/",5530,2700,566500,3128000000,90,true,1.65
"EVG",93941,"/Date(1701743991000)/",5530,1000,563800,3113000000,90,true,1.65
"EVG",93925,"/Date(1701743973000)/",5530,100,562800,3107000000,90,false,1.65
"EVG",93925,"/Date(1701743973000)/",5530,1000,562700,3107000000,90,false,1.65
"EVG",93925,"/Date(1701743973000)/",5520,4300,561700,3101000000,80,false,1.47
"EVG",93925,"/Date(1701743973000)/",5510,1400,557400,3078000000,70,false,1.29
"EVG",93913,"/Date(1701743963000)/",5500,200,556000,3070000000,60,true,1.1
"EVG",93913,"/Date(1701743963000)/",5500,800,555800,3069000000,60,true,1.1
"EVG",93841,"/Date(1701743932000)/",5500,100,555000,3064000000,60,true,1.1
"EVG",93838,"/Date(1701743928000)/",5510,3000,554900,3064000000,70,false,1.29
"EVG",93831,"/Date(1701743921000)/",5500,1500,551900,3047000000,60,true,1.1
"EVG",93831,"/Date(1701743921000)/",5500,2000,550400,3039000000,60,true,1.1
"EVG",93831,"/Date(1701743921000)/",5500,500,548400,3028000000,60,true,1.1
"EVG",93831,"/Date(1701743921000)/",5500,3000,547900,3025000000,60,true,1.1
"EVG",93831,"/Date(1701743921000)/",5500,20000,544900,3009000000,60,true,1.1
"EVG",93831,"/Date(1701743921000)/",5500,200,524900,2899000000,60,true,1.1
"EVG",93831,"/Date(1701743921000)/",5500,1800,524700,2898000000,60,true,1.1
"EVG",93828,"/Date(1701743916000)/",5510,20000,522900,2888000000,70,true,1.29
"EVG",93828,"/Date(1701743916000)/",5510,1000,502900,2778000000,70,true,1.29
"EVG",93828,"/Date(1701743916000)/",5510,300,501900,2772000000,70,true,1.29
"EVG",93828,"/Date(1701743916000)/",5510,2000,501600,2770000000,70,true,1.29
"EVG",93828,"/Date(1701743916000)/",5510,300,499600,2759000000,70,true,1.29
"EVG",93828,"/Date(1701743916000)/",5510,2000,499300,2758000000,70,true,1.29
"EVG",93822,"/Date(1701743911000)/",5520,500,497300,2747000000,80,true,1.47
"EVG",93822,"/Date(1701743911000)/",5520,200,496800,2744000000,80,true,1.47
"EVG",93822,"/Date(1701743911000)/",5520,200,496600,2743000000,80,true,1.47
"EVG",93822,"/Date(1701743911000)/",5520,2000,496400,2742000000,80,true,1.47
"EVG",93822,"/Date(1701743911000)/",5520,500,494400,2731000000,80,true,1.47
"EVG",93822,"/Date(1701743911000)/",5520,20000,493900,2728000000,80,true,1.47
"EVG",93822,"/Date(1701743911000)/",5520,5000,473900,2618000000,80,true,1.47
"EVG",93822,"/Date(1701743911000)/",5520,7300,468900,2590000000,80,true,1.47
"EVG",93816,"/Date(1701743903000)/",5520,600,461600,2550000000,80,true,1.47
"EVG",93816,"/Date(1701743903000)/",5530,1400,461000,2546000000,90,true,1.65
"EVG",93809,"/Date(1701743897000)/",5540,200,459600,2539000000,100,false,1.84
"EVG",93806,"/Date(1701743895000)/",5530,300,459400,2537000000,90,false,1.65
"EVG",93806,"/Date(1701743895000)/",5530,300,459100,2536000000,90,false,1.65
"EVG",93800,"/Date(1701743887000)/",5530,700,458800,2534000000,90,false,1.65
"EVG",93800,"/Date(1701743887000)/",5530,200,458100,2530000000,90,false,1.65
"EVG",93731,"/Date(1701743861000)/",5530,2800,457900,2529000000,90,true,1.65
"EVG",93725,"/Date(1701743855000)/",5530,1000,455100,2514000000,90,true,1.65
"EVG",93718,"/Date(1701743849000)/",5530,1000,454100,2508000000,90,true,1.65
"EVG",93718,"/Date(1701743849000)/",5530,1200,453100,2503000000,90,true,1.65
"EVG",93718,"/Date(1701743849000)/",5530,500,451900,2496000000,90,true,1.65
"EVG",93703,"/Date(1701743833000)/",5520,200,451400,2493000000,80,true,1.47
"EVG",93656,"/Date(1701743826000)/",5530,100,451200,2492000000,90,false,1.65
"EVG",93647,"/Date(1701743816000)/",5530,2500,451100,2492000000,90,false,1.65
"EVG",93644,"/Date(1701743813000)/",5530,100,448600,2478000000,90,false,1.65
"EVG",93644,"/Date(1701743811000)/",5530,1800,448500,2477000000,90,false,1.65
"EVG",93644,"/Date(1701743811000)/",5530,1200,446700,2467000000,90,false,1.65
"EVG",93637,"/Date(1701743807000)/",5530,700,445500,2461000000,90,false,1.65
"EVG",93634,"/Date(1701743803000)/",5530,1600,444800,2457000000,90,false,1.65
"EVG",93631,"/Date(1701743801000)/",5530,300,443200,2448000000,90,false,1.65
"EVG",93618,"/Date(1701743788000)/",5530,5000,442900,2446000000,90,false,1.65
"EVG",93602,"/Date(1701743771000)/",5530,10000,437900,2419000000,90,true,1.65
"EVG",93602,"/Date(1701743771000)/",5530,1400,427900,2363000000,90,true,1.65
"EVG",93602,"/Date(1701743771000)/",5530,4800,426500,2356000000,90,true,1.65
"EVG",93553,"/Date(1701743761000)/",5530,100,421700,2329000000,90,true,1.65
"EVG",93527,"/Date(1701743737000)/",5530,100,421600,2328000000,90,true,1.65
"EVG",93440,"/Date(1701743687000)/",5540,200,421500,2328000000,100,false,1.84
"EVG",93440,"/Date(1701743687000)/",5540,200,421300,2327000000,100,false,1.84
"EVG",93440,"/Date(1701743687000)/",5530,9600,421100,2326000000,90,false,1.65
"EVG",93440,"/Date(1701743687000)/",5530,2500,411500,2273000000,90,false,1.65
"EVG",93433,"/Date(1701743683000)/",5530,200,409000,2259000000,90,true,1.65
"EVG",93433,"/Date(1701743683000)/",5530,10000,408800,2258000000,90,true,1.65
"EVG",93433,"/Date(1701743683000)/",5530,200,398800,2202000000,90,true,1.65
"EVG",93433,"/Date(1701743683000)/",5530,2500,398600,2201000000,90,true,1.65
"EVG",93414,"/Date(1701743663000)/",5530,500,396100,2187000000,90,true,1.65
"EVG",93405,"/Date(1701743654000)/",5540,1600,395600,2185000000,100,true,1.84
"EVG",93405,"/Date(1701743654000)/",5540,100,394000,2176000000,100,true,1.84
"EVG",93405,"/Date(1701743654000)/",5540,100,393900,2175000000,100,true,1.84
"EVG",93405,"/Date(1701743653000)/",5540,1000,393800,2175000000,100,true,1.84
"EVG",93352,"/Date(1701743641000)/",5540,900,392800,2169000000,100,false,1.84
"EVG",93346,"/Date(1701743635000)/",5540,3200,391900,2164000000,100,false,1.84
"EVG",93343,"/Date(1701743632000)/",5540,700,388700,2146000000,100,false,1.84
"EVG",93336,"/Date(1701743624000)/",5540,2500,388000,2143000000,100,false,1.84
"EVG",93314,"/Date(1701743603000)/",5530,1800,385500,2129000000,90,false,1.65
"EVG",93314,"/Date(1701743602000)/",5530,7200,383700,2119000000,90,false,1.65
"EVG",93314,"/Date(1701743602000)/",5530,1100,376500,2079000000,90,false,1.65
"EVG",93308,"/Date(1701743598000)/",5530,2000,375400,2073000000,90,false,1.65
"EVG",93304,"/Date(1701743595000)/",5530,2900,373400,2062000000,90,false,1.65
"EVG",93304,"/Date(1701743595000)/",5530,800,370500,2046000000,90,false,1.65
"EVG",93255,"/Date(1701743584000)/",5530,700,369700,2041000000,90,false,1.65
"EVG",93226,"/Date(1701743554000)/",5530,1000,369000,2037000000,90,true,1.65
"EVG",93220,"/Date(1701743549000)/",5540,200,368000,2032000000,100,true,1.84
"EVG",93220,"/Date(1701743549000)/",5540,16800,367800,2031000000,100,true,1.84
"EVG",93220,"/Date(1701743549000)/",5540,1000,351000,1938000000,100,true,1.84
"EVG",93204,"/Date(1701743534000)/",5550,500,350000,1932000000,110,false,2.02
"EVG",93142,"/Date(1701743509000)/",5550,2900,349500,1929000000,110,false,2.02
"EVG",93136,"/Date(1701743505000)/",5550,1300,346600,1913000000,110,false,2.02
"EVG",93136,"/Date(1701743503000)/",5550,1000,345300,1906000000,110,false,2.02
"EVG",93132,"/Date(1701743502000)/",5550,5000,344300,1901000000,110,false,2.02
"EVG",93132,"/Date(1701743500000)/",5550,400,339300,1873000000,110,false,2.02
"EVG",93126,"/Date(1701743495000)/",5550,1500,338900,1871000000,110,false,2.02
"EVG",93117,"/Date(1701743486000)/",5550,600,337400,1862000000,110,false,2.02
"EVG",93113,"/Date(1701743483000)/",5550,1300,336800,1859000000,110,false,2.02
"EVG",93110,"/Date(1701743479000)/",5550,800,335500,1852000000,110,false,2.02
"EVG",93107,"/Date(1701743477000)/",5550,1600,334700,1847000000,110,false,2.02
"EVG",93107,"/Date(1701743477000)/",5550,200,333100,1838000000,110,false,2.02
"EVG",93107,"/Date(1701743477000)/",5550,2200,332900,1837000000,110,false,2.02
"EVG",93107,"/Date(1701743477000)/",5550,10000,330700,1825000000,110,false,2.02
"EVG",93107,"/Date(1701743477000)/",5550,1000,320700,1770000000,110,false,2.02
"EVG",93107,"/Date(1701743477000)/",5550,5400,319700,1764000000,110,false,2.02
"EVG",93107,"/Date(1701743477000)/",5550,1000,314300,1734000000,110,false,2.02
"EVG",93107,"/Date(1701743477000)/",5550,500,313300,1728000000,110,false,2.02
"EVG",93107,"/Date(1701743477000)/",5550,100,312800,1726000000,110,false,2.02
"EVG",93107,"/Date(1701743477000)/",5550,100,312700,1725000000,110,false,2.02
"EVG",93107,"/Date(1701743477000)/",5550,1900,312600,1725000000,110,false,2.02
"EVG",93058,"/Date(1701743467000)/",5540,2200,310700,1714000000,100,true,1.84
"EVG",93058,"/Date(1701743467000)/",5540,7800,308500,1702000000,100,true,1.84
"EVG",93054,"/Date(1701743463000)/",5540,3000,300700,1659000000,100,true,1.84
"EVG",93048,"/Date(1701743457000)/",5540,100,297700,1642000000,100,true,1.84
"EVG",93039,"/Date(1701743447000)/",5540,2000,297600,1641000000,100,false,1.84
"EVG",93039,"/Date(1701743447000)/",5540,100,295600,1630000000,100,false,1.84
"EVG",93039,"/Date(1701743447000)/",5540,7000,295500,1630000000,100,false,1.84
"EVG",93032,"/Date(1701743441000)/",5530,1500,288500,1591000000,90,false,1.65
"EVG",93010,"/Date(1701743419000)/",5530,8500,287000,1583000000,90,false,1.65
"EVG",93001,"/Date(1701743408000)/",5540,11900,278500,1536000000,100,false,1.84
"EVG",93001,"/Date(1701743408000)/",5530,8100,266600,1470000000,90,false,1.65
"EVG",92957,"/Date(1701743406000)/",5530,5000,258500,1425000000,90,true,1.65
"EVG",92957,"/Date(1701743406000)/",5530,1900,253500,1397000000,90,true,1.65
"EVG",92954,"/Date(1701743403000)/",5530,3000,251600,1387000000,90,true,1.65
"EVG",92945,"/Date(1701743394000)/",5530,100,248600,1370000000,90,true,1.65
"EVG",92900,"/Date(1701743348000)/",5540,300,248500,1370000000,100,false,1.84
"EVG",92857,"/Date(1701743346000)/",5540,3900,248200,1368000000,100,false,1.84
"EVG",92857,"/Date(1701743345000)/",5540,1100,244300,1346000000,100,false,1.84
"EVG",92854,"/Date(1701743344000)/",5540,900,243200,1340000000,100,false,1.84
"EVG",92854,"/Date(1701743344000)/",5540,100,242300,1335000000,100,false,1.84
"EVG",92854,"/Date(1701743344000)/",5540,100,242200,1335000000,100,false,1.84
"EVG",92845,"/Date(1701743334000)/",5540,1700,242100,1334000000,100,false,1.84
"EVG",92838,"/Date(1701743325000)/",5540,5000,240400,1325000000,100,false,1.84
"EVG",92835,"/Date(1701743323000)/",5540,3300,235400,1297000000,100,false,1.84
"EVG",92829,"/Date(1701743316000)/",5540,1000,232100,1279000000,100,false,1.84
"EVG",92829,"/Date(1701743316000)/",5540,700,231100,1273000000,100,false,1.84
"EVG",92822,"/Date(1701743312000)/",5540,1000,230400,1269000000,100,false,1.84
"EVG",92819,"/Date(1701743308000)/",5540,5000,229400,1264000000,100,false,1.84
"EVG",92807,"/Date(1701743294000)/",5540,500,224400,1236000000,100,false,1.84
"EVG",92754,"/Date(1701743283000)/",5540,100,223900,1233000000,100,true,1.84
"EVG",92754,"/Date(1701743283000)/",5540,100,223800,1233000000,100,true,1.84
"EVG",92754,"/Date(1701743283000)/",5540,2600,223700,1232000000,100,true,1.84
"EVG",92751,"/Date(1701743279000)/",5540,1000,221100,1218000000,100,true,1.84
"EVG",92735,"/Date(1701743264000)/",5550,2000,220100,1212000000,110,false,2.02
"EVG",92703,"/Date(1701743231000)/",5540,5000,218100,1201000000,100,false,1.84
"EVG",92703,"/Date(1701743231000)/",5540,500,213100,1174000000,100,false,1.84
"EVG",92703,"/Date(1701743231000)/",5540,500,212600,1171000000,100,false,1.84
"EVG",92703,"/Date(1701743231000)/",5540,100,212100,1168000000,100,false,1.84
"EVG",92703,"/Date(1701743231000)/",5540,5000,212000,1168000000,100,false,1.84
"EVG",92703,"/Date(1701743231000)/",5540,4500,207000,1140000000,100,false,1.84
"EVG",92703,"/Date(1701743231000)/",5540,100,202500,1115000000,100,false,1.84
"EVG",92703,"/Date(1701743231000)/",5540,200,202400,1114000000,100,false,1.84
"EVG",92703,"/Date(1701743231000)/",5540,100,202200,1113000000,100,false,1.84
"EVG",92703,"/Date(1701743231000)/",5530,400,202100,1113000000,90,false,1.65
"EVG",92650,"/Date(1701743217000)/",5530,500,201700,1110000000,90,false,1.65
"EVG",92647,"/Date(1701743216000)/",5530,2000,201200,1108000000,90,false,1.65
"EVG",92641,"/Date(1701743209000)/",5530,2100,199200,1097000000,90,false,1.65
"EVG",92641,"/Date(1701743209000)/",5530,100,197100,1085000000,90,false,1.65
"EVG",92641,"/Date(1701743209000)/",5530,2500,197000,1084000000,90,false,1.65
"EVG",92641,"/Date(1701743209000)/",5530,12300,194500,1071000000,90,false,1.65
"EVG",92631,"/Date(1701743199000)/",5520,2500,182200,1003000000,80,false,1.47
"EVG",92628,"/Date(1701743197000)/",5520,2300,179700,989000000,80,false,1.47
"EVG",92616,"/Date(1701743184000)/",5520,200,177400,976000000,80,false,1.47
"EVG",92609,"/Date(1701743178000)/",5530,4300,177200,975000000,90,false,1.65
"EVG",92609,"/Date(1701743176000)/",5530,700,172900,951000000,90,false,1.65
"EVG",92609,"/Date(1701743176000)/",5520,500,172200,947000000,80,false,1.47
"EVG",92550,"/Date(1701743158000)/",5530,10000,171700,945000000,90,false,1.65
"EVG",92534,"/Date(1701743143000)/",5530,300,161700,889000000,90,false,1.65
"EVG",92531,"/Date(1701743140000)/",5510,1000,161400,888000000,70,true,1.29
"EVG",92446,"/Date(1701743094000)/",5530,15000,160400,882000000,90,false,1.65
"EVG",92431,"/Date(1701743078000)/",5530,7400,145400,799000000,90,false,1.65
"EVG",92431,"/Date(1701743078000)/",5530,6100,138000,758000000,90,false,1.65
"EVG",92402,"/Date(1701743050000)/",5490,100,131900,725000000,50,true,0.92
"EVG",92349,"/Date(1701743039000)/",5490,500,131800,724000000,50,true,0.92
"EVG",92349,"/Date(1701743039000)/",5490,600,131300,721000000,50,true,0.92
"EVG",92343,"/Date(1701743030000)/",5530,3900,130700,718000000,90,false,1.65
"EVG",92343,"/Date(1701743030000)/",5530,1000,126800,696000000,90,false,1.65
"EVG",92343,"/Date(1701743030000)/",5530,100,125800,691000000,90,false,1.65
"EVG",92252,"/Date(1701742980000)/",5480,3200,125700,690000000,40,false,0.74
"EVG",92252,"/Date(1701742980000)/",5490,2000,122500,673000000,50,true,0.92
"EVG",92252,"/Date(1701742980000)/",5500,300,120500,662000000,60,true,1.1
"EVG",92252,"/Date(1701742980000)/",5520,4000,120200,660000000,80,true,1.47
"EVG",92252,"/Date(1701742980000)/",5520,500,116200,638000000,80,true,1.47
"EVG",92252,"/Date(1701742979000)/",5530,100,115700,635000000,90,false,1.65
"EVG",92240,"/Date(1701742969000)/",5530,2800,115600,635000000,90,true,1.65
"EVG",92230,"/Date(1701742960000)/",5530,200,112800,619000000,90,false,1.65
"EVG",92224,"/Date(1701742952000)/",5540,900,112600,618000000,100,false,1.84
"EVG",92224,"/Date(1701742952000)/",5540,2100,111700,613000000,100,false,1.84
"EVG",92214,"/Date(1701742942000)/",5540,2900,109600,602000000,100,false,1.84
"EVG",92214,"/Date(1701742942000)/",5540,1000,106700,585000000,100,false,1.84
"EVG",92214,"/Date(1701742942000)/",5540,1000,105700,580000000,100,false,1.84
"EVG",92214,"/Date(1701742942000)/",5530,100,104700,574000000,90,false,1.65
"EVG",92143,"/Date(1701742910000)/",5540,2800,104600,574000000,100,true,1.84
"EVG",92136,"/Date(1701742905000)/",5540,1000,101800,558000000,100,false,1.84
"EVG",92136,"/Date(1701742905000)/",5540,8700,100800,553000000,100,false,1.84
"EVG",92124,"/Date(1701742891000)/",5520,100,92100,505000000,80,true,1.47
"EVG",92124,"/Date(1701742891000)/",5520,1900,92000,504000000,80,true,1.47
"EVG",92108,"/Date(1701742875000)/",5540,2800,90100,494000000,100,false,1.84
"EVG",92108,"/Date(1701742875000)/",5540,2000,87300,478000000,100,false,1.84
"EVG",92108,"/Date(1701742875000)/",5540,1000,85300,467000000,100,false,1.84
"EVG",92108,"/Date(1701742875000)/",5540,3000,84300,461000000,100,false,1.84
"EVG",92108,"/Date(1701742875000)/",5540,100,81300,445000000,100,false,1.84
"EVG",92105,"/Date(1701742873000)/",5520,1000,81200,444000000,80,true,1.47
"EVG",92058,"/Date(1701742865000)/",5520,100,80200,439000000,80,true,1.47
"EVG",92036,"/Date(1701742843000)/",5510,1000,80100,438000000,70,true,1.29
"EVG",92005,"/Date(1701742814000)/",5500,1100,79100,433000000,60,false,1.1
"EVG",91958,"/Date(1701742805000)/",5500,5000,78000,427000000,60,false,1.1
"EVG",91955,"/Date(1701742803000)/",5500,3900,73000,399000000,60,true,1.1
"EVG",91943,"/Date(1701742791000)/",5500,500,69100,378000000,60,false,1.1
"EVG",91943,"/Date(1701742791000)/",5500,100,68600,375000000,60,false,1.1
"EVG",91943,"/Date(1701742791000)/",5500,500,68500,374000000,60,false,1.1
"EVG",91943,"/Date(1701742791000)/",5500,700,68000,372000000,60,false,1.1
"EVG",91943,"/Date(1701742791000)/",5490,4300,67300,368000000,50,false,0.92
"EVG",91936,"/Date(1701742785000)/",5490,1700,63000,344000000,50,false,0.92
"EVG",91936,"/Date(1701742785000)/",5490,200,61300,335000000,50,false,0.92
"EVG",91911,"/Date(1701742760000)/",5490,500,61100,334000000,50,false,0.92
"EVG",91830,"/Date(1701742718000)/",5490,100,60600,331000000,50,false,0.92
"EVG",91830,"/Date(1701742716000)/",5470,500,60500,330000000,30,true,0.55
"EVG",91817,"/Date(1701742705000)/",5470,3800,60000,328000000,30,true,0.55
"EVG",91649,"/Date(1701742618000)/",5470,7400,56200,307000000,30,false,0.55
"EVG",91633,"/Date(1701742601000)/",5470,700,48800,266000000,30,true,0.55
"EVG",91633,"/Date(1701742600000)/",5470,1400,48100,263000000,30,true,0.55
"EVG",91633,"/Date(1701742600000)/",5470,9900,46700,255000000,30,true,0.55
"EVG",91614,"/Date(1701742581000)/",5490,200,36800,201000000,50,false,0.92
"EVG",91452,"/Date(1701742500000)/",5470,36600,36600,200000000,30,true,0.55
