"Stockcode","Package","TradingDate","Price","Vol","TotalVol","TotalVal","Change","IsBuy","PerChange"
"HAR",144423,"/Date(1701762300000)/",4220,79400,1600300,6775000000,170,false,4.2
"HAR",142903,"/Date(1701761380000)/",4190,100,1520900,6440000000,140,false,3.46
"HAR",142834,"/Date(1701761349000)/",4190,200,1520800,6440000000,140,true,3.46
"HAR",142834,"/Date(1701761349000)/",4190,28100,1520600,6439000000,140,true,3.46
"HAR",142834,"/Date(1701761349000)/",4190,9800,1492500,6321000000,140,true,3.46
"HAR",142821,"/Date(1701761338000)/",4200,5000,1482700,6280000000,150,false,3.7
"HAR",142802,"/Date(1701761317000)/",4200,4100,1477700,6259000000,150,false,3.7
"HAR",142802,"/Date(1701761317000)/",4200,300,1473600,6242000000,150,false,3.7
"HAR",142749,"/Date(1701761305000)/",4200,500,1473300,6241000000,150,false,3.7
"HAR",142733,"/Date(1701761290000)/",4190,200,1472800,6239000000,140,true,3.46
"HAR",142733,"/Date(1701761290000)/",4190,1200,1472600,6238000000,140,true,3.46
"HAR",142733,"/Date(1701761290000)/",4190,500,1471400,6233000000,140,true,3.46
"HAR",142733,"/Date(1701761290000)/",4190,1100,1470900,6231000000,140,true,3.46
"HAR",142645,"/Date(1701761241000)/",4200,100,1469800,6226000000,150,false,3.7
"HAR",142639,"/Date(1701761234000)/",4190,1900,1469700,6226000000,140,true,3.46
"HAR",142639,"/Date(1701761234000)/",4190,100,1467800,6218000000,140,true,3.46
"HAR",142629,"/Date(1701761226000)/",4200,100,1467700,6217000000,150,false,3.7
"HAR",142629,"/Date(1701761226000)/",4200,200,1467600,6217000000,150,false,3.7
"HAR",142629,"/Date(1701761224000)/",4190,100,1467400,6216000000,140,true,3.46
"HAR",142629,"/Date(1701761224000)/",4200,200,1467300,6216000000,150,false,3.7
"HAR",142617,"/Date(1701761212000)/",4190,100,1467100,6215000000,140,true,3.46
"HAR",142557,"/Date(1701761193000)/",4190,1000,1467000,6214000000,140,true,3.46
"HAR",142541,"/Date(1701761178000)/",4200,3600,1466000,6210000000,150,false,3.7
"HAR",142541,"/Date(1701761178000)/",4200,700,1462400,6195000000,150,false,3.7
"HAR",142541,"/Date(1701761176000)/",4190,500,1461700,6192000000,140,true,3.46
"HAR",142349,"/Date(1701761065000)/",4190,500,1461200,6190000000,140,true,3.46
"HAR",142304,"/Date(1701761021000)/",4190,500,1460700,6188000000,140,true,3.46
"HAR",142235,"/Date(1701760990000)/",4200,1200,1460200,6186000000,150,false,3.7
"HAR",142219,"/Date(1701760976000)/",4200,300,1459000,6181000000,150,false,3.7
"HAR",142154,"/Date(1701760948000)/",4200,200,1458700,6180000000,150,true,3.7
"HAR",142154,"/Date(1701760948000)/",4200,5100,1458500,6179000000,150,true,3.7
"HAR",142141,"/Date(1701760936000)/",4200,1000,1453400,6157000000,150,true,3.7
"HAR",142131,"/Date(1701760925000)/",4200,500,1452400,6153000000,150,true,3.7
"HAR",142118,"/Date(1701760912000)/",4200,100,1451900,6151000000,150,true,3.7
"HAR",142106,"/Date(1701760902000)/",4200,2000,1451800,6151000000,150,true,3.7
"HAR",142059,"/Date(1701760893000)/",4200,500,1449800,6142000000,150,true,3.7
"HAR",142011,"/Date(1701760847000)/",4200,300,1449300,6140000000,150,false,3.7
"HAR",142011,"/Date(1701760847000)/",4200,500,1449000,6139000000,150,false,3.7
"HAR",141914,"/Date(1701760787000)/",4200,500,1448500,6137000000,150,false,3.7
"HAR",141914,"/Date(1701760787000)/",4200,500,1448000,6135000000,150,false,3.7
"HAR",141832,"/Date(1701760745000)/",4200,2000,1447500,6133000000,150,true,3.7
"HAR",141826,"/Date(1701760742000)/",4200,200,1445500,6124000000,150,true,3.7
"HAR",141813,"/Date(1701760729000)/",4200,100,1445300,6123000000,150,true,3.7
"HAR",141728,"/Date(1701760683000)/",4200,200,1445200,6123000000,150,false,3.7
"HAR",141728,"/Date(1701760683000)/",4200,4500,1445000,6122000000,150,false,3.7
"HAR",141722,"/Date(1701760675000)/",4200,2500,1440500,6103000000,150,true,3.7
"HAR",141718,"/Date(1701760672000)/",4210,100,1438000,6093000000,160,false,3.95
"HAR",141712,"/Date(1701760665000)/",4200,2400,1437900,6092000000,150,true,3.7
"HAR",141712,"/Date(1701760665000)/",4200,100,1435500,6082000000,150,true,3.7
"HAR",141712,"/Date(1701760665000)/",4200,7500,1435400,6082000000,150,true,3.7
"HAR",141709,"/Date(1701760665000)/",4200,100,1427900,6050000000,150,true,3.7
"HAR",141705,"/Date(1701760659000)/",4200,300,1427800,6050000000,150,true,3.7
"HAR",141659,"/Date(1701760654000)/",4200,100,1427500,6049000000,150,true,3.7
"HAR",141650,"/Date(1701760644000)/",4200,500,1427400,6048000000,150,true,3.7
"HAR",141650,"/Date(1701760643000)/",4210,100,1426900,6046000000,160,false,3.95
"HAR",141634,"/Date(1701760629000)/",4200,1500,1426800,6046000000,150,true,3.7
"HAR",141634,"/Date(1701760629000)/",4200,1000,1425300,6039000000,150,true,3.7
"HAR",141634,"/Date(1701760629000)/",4200,4000,1424300,6035000000,150,true,3.7
"HAR",141634,"/Date(1701760629000)/",4200,1000,1420300,6018000000,150,true,3.7
"HAR",141634,"/Date(1701760629000)/",4200,1500,1419300,6014000000,150,true,3.7
"HAR",141621,"/Date(1701760615000)/",4210,20000,1417800,6008000000,160,false,3.95
"HAR",141618,"/Date(1701760612000)/",4210,200,1397800,5924000000,160,false,3.95
"HAR",141611,"/Date(1701760606000)/",4210,100,1397600,5923000000,160,false,3.95
"HAR",141602,"/Date(1701760598000)/",4200,500,1397500,5922000000,150,true,3.7
"HAR",141552,"/Date(1701760587000)/",4210,100,1397000,5920000000,160,false,3.95
"HAR",141546,"/Date(1701760580000)/",4200,1000,1396900,5920000000,150,true,3.7
"HAR",141542,"/Date(1701760577000)/",4200,400,1395900,5916000000,150,true,3.7
"HAR",141526,"/Date(1701760562000)/",4210,100,1395500,5914000000,160,false,3.95
"HAR",141526,"/Date(1701760561000)/",4200,100,1395400,5913000000,150,true,3.7
"HAR",141526,"/Date(1701760559000)/",4200,10000,1395300,5913000000,150,true,3.7
"HAR",141517,"/Date(1701760553000)/",4200,100,1385300,5871000000,150,true,3.7
"HAR",141454,"/Date(1701760530000)/",4200,100,1385200,5871000000,150,true,3.7
"HAR",141445,"/Date(1701760519000)/",4200,1000,1385100,5870000000,150,true,3.7
"HAR",141435,"/Date(1701760510000)/",4210,100,1384100,5866000000,160,false,3.95
"HAR",141429,"/Date(1701760504000)/",4210,300,1384000,5866000000,160,false,3.95
"HAR",141400,"/Date(1701760474000)/",4210,100,1383700,5864000000,160,false,3.95
"HAR",141353,"/Date(1701760469000)/",4200,2400,1383600,5864000000,150,true,3.7
"HAR",141350,"/Date(1701760463000)/",4200,1700,1381200,5854000000,150,false,3.7
"HAR",141341,"/Date(1701760455000)/",4200,300,1379500,5847000000,150,true,3.7
"HAR",141321,"/Date(1701760437000)/",4200,4700,1379200,5845000000,150,true,3.7
"HAR",141321,"/Date(1701760437000)/",4200,300,1374500,5826000000,150,true,3.7
"HAR",141315,"/Date(1701760430000)/",4200,100,1374200,5824000000,150,true,3.7
"HAR",141224,"/Date(1701760380000)/",4210,100,1374100,5824000000,160,false,3.95
"HAR",141205,"/Date(1701760358000)/",4200,200,1374000,5824000000,150,true,3.7
"HAR",141201,"/Date(1701760357000)/",4200,500,1373800,5823000000,150,false,3.7
"HAR",141201,"/Date(1701760357000)/",4200,900,1373300,5821000000,150,false,3.7
"HAR",141155,"/Date(1701760351000)/",4200,4000,1372400,5817000000,150,false,3.7
"HAR",141155,"/Date(1701760350000)/",4190,3000,1368400,5800000000,140,true,3.46
"HAR",141145,"/Date(1701760340000)/",4200,100,1365400,5788000000,150,false,3.7
"HAR",141006,"/Date(1701760241000)/",4190,300,1365300,5787000000,140,false,3.46
"HAR",140912,"/Date(1701760186000)/",4190,100,1365000,5786000000,140,false,3.46
"HAR",140843,"/Date(1701760158000)/",4190,8000,1364900,5785000000,140,false,3.46
"HAR",140701,"/Date(1701760055000)/",4170,1200,1356900,5752000000,120,true,2.96
"HAR",140701,"/Date(1701760055000)/",4170,800,1355700,5747000000,120,true,2.96
"HAR",140622,"/Date(1701760015000)/",4170,1000,1354900,5744000000,120,true,2.96
"HAR",140613,"/Date(1701760008000)/",4170,500,1353900,5739000000,120,true,2.96
"HAR",140613,"/Date(1701760008000)/",4170,100,1353400,5737000000,120,true,2.96
"HAR",140613,"/Date(1701760008000)/",4170,100,1353300,5737000000,120,true,2.96
"HAR",140424,"/Date(1701759898000)/",4170,500,1353200,5736000000,120,true,2.96
"HAR",140355,"/Date(1701759869000)/",4190,11600,1352700,5734000000,140,true,3.46
"HAR",140239,"/Date(1701759793000)/",4210,100,1341100,5686000000,160,false,3.95
"HAR",140216,"/Date(1701759770000)/",4190,3300,1341000,5685000000,140,true,3.46
"HAR",140216,"/Date(1701759770000)/",4200,1700,1337700,5672000000,150,true,3.7
"HAR",140213,"/Date(1701759768000)/",4200,2000,1336000,5664000000,150,true,3.7
"HAR",140204,"/Date(1701759758000)/",4200,5000,1334000,5656000000,150,true,3.7
"HAR",140129,"/Date(1701759722000)/",4210,100,1329000,5635000000,160,false,3.95
"HAR",140129,"/Date(1701759722000)/",4200,2000,1328900,5635000000,150,false,3.7
"HAR",140129,"/Date(1701759722000)/",4200,1400,1326900,5626000000,150,false,3.7
"HAR",140129,"/Date(1701759722000)/",4200,4300,1325500,5620000000,150,false,3.7
"HAR",140103,"/Date(1701759696000)/",4190,100,1321200,5602000000,140,true,3.46
"HAR",140103,"/Date(1701759696000)/",4190,700,1321100,5602000000,140,true,3.46
"HAR",140037,"/Date(1701759671000)/",4190,800,1320400,5599000000,140,true,3.46
"HAR",135952,"/Date(1701759624000)/",4210,100,1319600,5596000000,160,false,3.95
"HAR",135952,"/Date(1701759624000)/",4200,200,1319500,5595000000,150,false,3.7
"HAR",135952,"/Date(1701759624000)/",4200,100,1319300,5594000000,150,false,3.7
"HAR",135952,"/Date(1701759624000)/",4200,2000,1319200,5594000000,150,false,3.7
"HAR",135952,"/Date(1701759624000)/",4200,2400,1317200,5585000000,150,false,3.7
"HAR",135443,"/Date(1701759315000)/",4200,200,1314800,5575000000,150,false,3.7
"HAR",135427,"/Date(1701759300000)/",4200,100,1314600,5575000000,150,false,3.7
"HAR",135427,"/Date(1701759300000)/",4190,200,1314500,5574000000,140,false,3.46
"HAR",135414,"/Date(1701759287000)/",4200,100,1314300,5573000000,150,false,3.7
"HAR",135358,"/Date(1701759272000)/",4170,200,1314200,5573000000,120,true,2.96
"HAR",135156,"/Date(1701759148000)/",4200,100,1314000,5572000000,150,false,3.7
"HAR",135156,"/Date(1701759148000)/",4190,400,1313900,5572000000,140,false,3.46
"HAR",135144,"/Date(1701759137000)/",4200,100,1313500,5570000000,150,false,3.7
"HAR",135125,"/Date(1701759115000)/",4160,500,1313400,5569000000,110,true,2.72
"HAR",135125,"/Date(1701759115000)/",4160,400,1312900,5567000000,110,true,2.72
"HAR",135109,"/Date(1701759100000)/",4150,200,1312500,5566000000,100,true,2.47
"HAR",135109,"/Date(1701759100000)/",4150,100,1312300,5565000000,100,true,2.47
"HAR",135109,"/Date(1701759100000)/",4150,600,1312200,5565000000,100,true,2.47
"HAR",135109,"/Date(1701759100000)/",4150,100,1311600,5562000000,100,true,2.47
"HAR",135053,"/Date(1701759083000)/",4200,600,1311500,5562000000,150,true,3.7
"HAR",135040,"/Date(1701759071000)/",4200,1000,1310900,5559000000,150,true,3.7
"HAR",135033,"/Date(1701759066000)/",4200,1500,1309900,5555000000,150,true,3.7
"HAR",135033,"/Date(1701759065000)/",4200,2000,1308400,5549000000,150,true,3.7
"HAR",135011,"/Date(1701759044000)/",4200,100,1306400,5540000000,150,true,3.7
"HAR",135001,"/Date(1701759034000)/",4200,1800,1306300,5540000000,150,true,3.7
"HAR",134952,"/Date(1701759025000)/",4200,4100,1304500,5532000000,150,false,3.7
"HAR",134952,"/Date(1701759025000)/",4200,400,1300400,5515000000,150,false,3.7
"HAR",134952,"/Date(1701759025000)/",4200,3000,1300000,5513000000,150,false,3.7
"HAR",134952,"/Date(1701759025000)/",4200,2000,1297000,5501000000,150,false,3.7
"HAR",134952,"/Date(1701759025000)/",4200,3500,1295000,5492000000,150,false,3.7
"HAR",134936,"/Date(1701759008000)/",4200,100,1291500,5478000000,150,false,3.7
"HAR",134936,"/Date(1701759008000)/",4190,2800,1291400,5477000000,140,false,3.46
"HAR",134936,"/Date(1701759008000)/",4190,3000,1288600,5465000000,140,false,3.46
"HAR",134936,"/Date(1701759008000)/",4190,3000,1285600,5453000000,140,false,3.46
"HAR",134936,"/Date(1701759008000)/",4190,1000,1282600,5440000000,140,false,3.46
"HAR",134936,"/Date(1701759008000)/",4190,4100,1281600,5436000000,140,false,3.46
"HAR",134914,"/Date(1701758987000)/",4190,900,1277500,5419000000,140,false,3.46
"HAR",134914,"/Date(1701758987000)/",4180,3000,1276600,5415000000,130,false,3.21
"HAR",134914,"/Date(1701758987000)/",4180,4000,1273600,5403000000,130,false,3.21
"HAR",134914,"/Date(1701758987000)/",4180,5000,1269600,5386000000,130,false,3.21
"HAR",134914,"/Date(1701758987000)/",4180,3100,1264600,5365000000,130,false,3.21
"HAR",134910,"/Date(1701758983000)/",4160,1000,1261500,5352000000,110,true,2.72
"HAR",134910,"/Date(1701758983000)/",4160,1000,1260500,5348000000,110,true,2.72
"HAR",134910,"/Date(1701758983000)/",4160,1000,1259500,5344000000,110,true,2.72
"HAR",134910,"/Date(1701758983000)/",4160,1000,1258500,5340000000,110,true,2.72
"HAR",134910,"/Date(1701758983000)/",4160,4400,1257500,5335000000,110,true,2.72
"HAR",134854,"/Date(1701758968000)/",4180,100,1253100,5317000000,130,false,3.21
"HAR",134854,"/Date(1701758968000)/",4170,1500,1253000,5317000000,120,false,2.96
"HAR",134810,"/Date(1701758920000)/",4160,600,1251500,5310000000,110,true,2.72
"HAR",134810,"/Date(1701758920000)/",4160,100,1250900,5308000000,110,true,2.72
"HAR",134810,"/Date(1701758920000)/",4170,500,1250800,5308000000,120,false,2.96
"HAR",134709,"/Date(1701758861000)/",4180,1800,1250300,5305000000,130,false,3.21
"HAR",134709,"/Date(1701758861000)/",4180,1700,1248500,5298000000,130,false,3.21
"HAR",134643,"/Date(1701758837000)/",4170,500,1246800,5291000000,120,true,2.96
"HAR",134643,"/Date(1701758837000)/",4170,200,1246300,5289000000,120,true,2.96
"HAR",134643,"/Date(1701758837000)/",4170,200,1246100,5288000000,120,true,2.96
"HAR",134643,"/Date(1701758837000)/",4170,1500,1245900,5287000000,120,true,2.96
"HAR",134643,"/Date(1701758837000)/",4170,2600,1244400,5281000000,120,true,2.96
"HAR",134618,"/Date(1701758811000)/",4180,200,1241800,5270000000,130,false,3.21
"HAR",134523,"/Date(1701758755000)/",4180,15000,1241600,5269000000,130,true,3.21
"HAR",134523,"/Date(1701758755000)/",4180,200,1226600,5206000000,130,true,3.21
"HAR",134523,"/Date(1701758755000)/",4180,100,1226400,5206000000,130,true,3.21
"HAR",134523,"/Date(1701758755000)/",4180,3800,1226300,5205000000,130,true,3.21
"HAR",134523,"/Date(1701758754000)/",4180,900,1222500,5189000000,130,true,3.21
"HAR",134501,"/Date(1701758732000)/",4180,100,1221600,5186000000,130,true,3.21
"HAR",134149,"/Date(1701758539000)/",4190,100,1221500,5185000000,140,false,3.46
"HAR",134146,"/Date(1701758537000)/",4180,3000,1221400,5185000000,130,true,3.21
"HAR",134133,"/Date(1701758524000)/",4180,2100,1218400,5172000000,130,true,3.21
"HAR",134117,"/Date(1701758507000)/",4180,100,1216300,5163000000,130,true,3.21
"HAR",134054,"/Date(1701758487000)/",4190,2000,1216200,5163000000,140,false,3.46
"HAR",133951,"/Date(1701758422000)/",4190,2100,1214200,5155000000,140,false,3.46
"HAR",133944,"/Date(1701758417000)/",4190,1400,1212100,5146000000,140,true,3.46
"HAR",133944,"/Date(1701758417000)/",4190,100,1210700,5140000000,140,true,3.46
"HAR",133944,"/Date(1701758417000)/",4190,1100,1210600,5139000000,140,true,3.46
"HAR",133944,"/Date(1701758417000)/",4190,12000,1209500,5135000000,140,true,3.46
"HAR",133749,"/Date(1701758300000)/",4200,500,1197500,5085000000,150,false,3.7
"HAR",133701,"/Date(1701758252000)/",4200,900,1197000,5082000000,150,false,3.7
"HAR",133701,"/Date(1701758252000)/",4200,2100,1196100,5079000000,150,false,3.7
"HAR",133603,"/Date(1701758194000)/",4200,300,1194000,5070000000,150,false,3.7
"HAR",133528,"/Date(1701758158000)/",4200,900,1193700,5069000000,150,true,3.7
"HAR",133502,"/Date(1701758132000)/",4200,2700,1192800,5065000000,150,true,3.7
"HAR",133437,"/Date(1701758107000)/",4200,400,1190100,5054000000,150,true,3.7
"HAR",133437,"/Date(1701758107000)/",4200,1000,1189700,5052000000,150,true,3.7
"HAR",133437,"/Date(1701758107000)/",4200,2900,1188700,5048000000,150,true,3.7
"HAR",133437,"/Date(1701758107000)/",4200,1200,1185800,5035000000,150,true,3.7
"HAR",133437,"/Date(1701758107000)/",4200,10000,1184600,5030000000,150,true,3.7
"HAR",133437,"/Date(1701758107000)/",4200,3000,1174600,4988000000,150,true,3.7
"HAR",133437,"/Date(1701758107000)/",4200,1500,1171600,4976000000,150,true,3.7
"HAR",133339,"/Date(1701758051000)/",4200,100,1170100,4970000000,150,true,3.7
"HAR",133336,"/Date(1701758048000)/",4200,300,1170000,4969000000,150,true,3.7
"HAR",133314,"/Date(1701758023000)/",4200,3000,1169700,4968000000,150,true,3.7
"HAR",133311,"/Date(1701758020000)/",4210,200,1166700,4955000000,160,false,3.95
"HAR",133258,"/Date(1701758007000)/",4210,2100,1166500,4954000000,160,false,3.95
"HAR",133258,"/Date(1701758007000)/",4210,5000,1164400,4946000000,160,false,3.95
"HAR",133258,"/Date(1701758007000)/",4210,4900,1159400,4924000000,160,false,3.95
"HAR",133251,"/Date(1701758003000)/",4200,5000,1154500,4904000000,150,true,3.7
"HAR",133239,"/Date(1701757991000)/",4200,3000,1149500,4883000000,150,true,3.7
"HAR",133239,"/Date(1701757990000)/",4210,200,1146500,4870000000,160,false,3.95
"HAR",133210,"/Date(1701757962000)/",4200,2000,1146300,4869000000,150,true,3.7
"HAR",133144,"/Date(1701757934000)/",4200,100,1144300,4861000000,150,true,3.7
"HAR",133037,"/Date(1701757868000)/",4210,100,1144200,4861000000,160,false,3.95
"HAR",132956,"/Date(1701757826000)/",4210,1000,1144100,4860000000,160,false,3.95
"HAR",132946,"/Date(1701757818000)/",4210,5000,1143100,4856000000,160,false,3.95
"HAR",132930,"/Date(1701757802000)/",4210,8800,1138100,4835000000,160,false,3.95
"HAR",132930,"/Date(1701757802000)/",4210,300,1129300,4798000000,160,false,3.95
"HAR",132930,"/Date(1701757802000)/",4210,5000,1129000,4797000000,160,false,3.95
"HAR",132930,"/Date(1701757802000)/",4210,2300,1124000,4776000000,160,false,3.95
"HAR",132930,"/Date(1701757802000)/",4200,3600,1121700,4766000000,150,true,3.7
"HAR",132930,"/Date(1701757801000)/",4200,1000,1118100,4751000000,150,true,3.7
"HAR",132930,"/Date(1701757801000)/",4200,300,1117100,4747000000,150,true,3.7
"HAR",132930,"/Date(1701757801000)/",4200,100,1116800,4745000000,150,true,3.7
"HAR",132921,"/Date(1701757791000)/",4210,17700,1116700,4745000000,160,false,3.95
"HAR",132921,"/Date(1701757791000)/",4210,300,1099000,4670000000,160,false,3.95
"HAR",132858,"/Date(1701757770000)/",4210,2000,1098700,4669000000,160,false,3.95
"HAR",132751,"/Date(1701757701000)/",4210,2000,1096700,4661000000,160,false,3.95
"HAR",132744,"/Date(1701757696000)/",4210,700,1094700,4652000000,160,false,3.95
"HAR",132744,"/Date(1701757696000)/",4210,1300,1094000,4649000000,160,false,3.95
"HAR",132732,"/Date(1701757680000)/",4210,200,1092700,4644000000,160,false,3.95
"HAR",132732,"/Date(1701757680000)/",4200,2300,1092500,4643000000,150,true,3.7
"HAR",132728,"/Date(1701757680000)/",4200,2700,1090200,4633000000,150,true,3.7
"HAR",132712,"/Date(1701757661000)/",4210,3500,1087500,4622000000,160,false,3.95
"HAR",132712,"/Date(1701757661000)/",4210,200,1084000,4607000000,160,false,3.95
"HAR",132650,"/Date(1701757640000)/",4200,200,1083800,4606000000,150,true,3.7
"HAR",132650,"/Date(1701757640000)/",4200,5000,1083600,4606000000,150,true,3.7
"HAR",132650,"/Date(1701757640000)/",4200,1400,1078600,4585000000,150,true,3.7
"HAR",132650,"/Date(1701757640000)/",4200,300,1077200,4579000000,150,true,3.7
"HAR",132650,"/Date(1701757640000)/",4200,400,1076900,4577000000,150,true,3.7
"HAR",132647,"/Date(1701757637000)/",4200,100,1076500,4576000000,150,false,3.7
"HAR",132556,"/Date(1701757584000)/",4200,200,1076400,4575000000,150,false,3.7
"HAR",132536,"/Date(1701757566000)/",4200,1500,1076200,4575000000,150,false,3.7
"HAR",132345,"/Date(1701757456000)/",4190,300,1074700,4568000000,140,false,3.46
"HAR",132254,"/Date(1701757404000)/",4190,4700,1074400,4567000000,140,false,3.46
"HAR",132254,"/Date(1701757404000)/",4190,300,1069700,4547000000,140,false,3.46
"HAR",132209,"/Date(1701757359000)/",4190,1000,1069400,4546000000,140,false,3.46
"HAR",132205,"/Date(1701757355000)/",4190,100,1068400,4542000000,140,false,3.46
"HAR",132020,"/Date(1701757250000)/",4190,100,1068300,4541000000,140,false,3.46
"HAR",132020,"/Date(1701757250000)/",4190,4500,1068200,4541000000,140,false,3.46
"HAR",131957,"/Date(1701757226000)/",4190,2000,1063700,4522000000,140,true,3.46
"HAR",131841,"/Date(1701757150000)/",4190,5000,1061700,4514000000,140,true,3.46
"HAR",131841,"/Date(1701757149000)/",4190,5200,1056700,4493000000,140,true,3.46
"HAR",131835,"/Date(1701757145000)/",4190,5000,1051500,4471000000,140,true,3.46
"HAR",131715,"/Date(1701757065000)/",4200,1700,1046500,4450000000,150,false,3.7
"HAR",131702,"/Date(1701757052000)/",4200,900,1044800,4443000000,150,false,3.7
"HAR",131649,"/Date(1701757038000)/",4200,1700,1043900,4439000000,150,false,3.7
"HAR",131627,"/Date(1701757017000)/",4200,300,1042200,4432000000,150,false,3.7
"HAR",131208,"/Date(1701756757000)/",4200,600,1041900,4431000000,150,false,3.7
"HAR",131136,"/Date(1701756726000)/",4200,4000,1041300,4428000000,150,false,3.7
"HAR",131130,"/Date(1701756718000)/",4200,2000,1037300,4411000000,150,false,3.7
"HAR",131051,"/Date(1701756680000)/",4190,300,1035300,4403000000,140,false,3.46
"HAR",131039,"/Date(1701756667000)/",4190,1700,1035000,4402000000,140,true,3.46
"HAR",130711,"/Date(1701756459000)/",4180,700,1033300,4395000000,130,false,3.21
"HAR",130701,"/Date(1701756449000)/",4170,2400,1032600,4392000000,120,true,2.96
"HAR",130701,"/Date(1701756449000)/",4170,100,1030200,4382000000,120,true,2.96
"HAR",130701,"/Date(1701756449000)/",4170,200,1030100,4381000000,120,true,2.96
"HAR",130701,"/Date(1701756449000)/",4170,1300,1029900,4380000000,120,true,2.96
"HAR",130701,"/Date(1701756449000)/",4170,2000,1028600,4375000000,120,true,2.96
"HAR",130701,"/Date(1701756449000)/",4170,1000,1026600,4367000000,120,true,2.96
"HAR",130701,"/Date(1701756449000)/",4180,100,1025600,4363000000,130,false,3.21
"HAR",130649,"/Date(1701756437000)/",4180,200,1025500,4362000000,130,true,3.21
"HAR",130636,"/Date(1701756424000)/",4180,300,1025300,4361000000,130,true,3.21
"HAR",130636,"/Date(1701756424000)/",4180,7700,1025000,4360000000,130,true,3.21
"HAR",130601,"/Date(1701756390000)/",4180,2300,1017300,4328000000,130,true,3.21
"HAR",130601,"/Date(1701756390000)/",4180,700,1015000,4318000000,130,true,3.21
"HAR",130545,"/Date(1701756373000)/",4200,600,1014300,4315000000,150,false,3.7
"HAR",130529,"/Date(1701756355000)/",4190,500,1013700,4313000000,140,false,3.46
"HAR",130350,"/Date(1701756256000)/",4180,1600,1013200,4311000000,130,true,3.21
"HAR",130350,"/Date(1701756256000)/",4180,3000,1011600,4304000000,130,true,3.21
"HAR",130350,"/Date(1701756256000)/",4180,500,1008600,4291000000,130,true,3.21
"HAR",130350,"/Date(1701756256000)/",4180,300,1008100,4289000000,130,true,3.21
"HAR",130350,"/Date(1701756256000)/",4180,1000,1007800,4288000000,130,true,3.21
"HAR",130346,"/Date(1701756256000)/",4180,3900,1006800,4284000000,130,true,3.21
"HAR",130346,"/Date(1701756256000)/",4190,700,1002900,4268000000,140,true,3.46
"HAR",130315,"/Date(1701756223000)/",4190,200,1002200,4265000000,140,false,3.46
"HAR",130242,"/Date(1701756190000)/",4190,300,1002000,4264000000,140,true,3.46
"HAR",130242,"/Date(1701756190000)/",4190,300,1001700,4263000000,140,true,3.46
"HAR",130242,"/Date(1701756190000)/",4190,200,1001400,4261000000,140,true,3.46
"HAR",130217,"/Date(1701756165000)/",4190,2000,1001200,4260000000,140,true,3.46
"HAR",130148,"/Date(1701756135000)/",4190,100,999200,4252000000,140,true,3.46
"HAR",130142,"/Date(1701756129000)/",4190,1000,999100,4252000000,140,true,3.46
"HAR",130120,"/Date(1701756107000)/",4190,5200,998100,4247000000,140,true,3.46
"HAR",130013,"/Date(1701756034000)/",4190,1500,992900,4226000000,140,true,3.46
"HAR",130013,"/Date(1701756034000)/",4190,1000,991400,4219000000,140,true,3.46
"HAR",130013,"/Date(1701756034000)/",4190,100,990400,4215000000,140,true,3.46
"HAR",130013,"/Date(1701756034000)/",4190,100,990300,4215000000,140,true,3.46
"HAR",130013,"/Date(1701756034000)/",4190,200,990200,4214000000,140,true,3.46
"HAR",130013,"/Date(1701756034000)/",4190,300,990000,4214000000,140,true,3.46
"HAR",130013,"/Date(1701756034000)/",4190,1200,989700,4212000000,140,true,3.46
"HAR",130013,"/Date(1701756034000)/",4190,300,988500,4207000000,140,true,3.46
"HAR",130013,"/Date(1701756034000)/",4190,300,988200,4206000000,140,true,3.46
"HAR",130003,"/Date(1701756012000)/",4200,500,987900,4205000000,150,false,3.7
"HAR",125957,"/Date(1701756005000)/",4200,1000,987400,4203000000,150,true,3.7
"HAR",125957,"/Date(1701756005000)/",4200,1000,986400,4198000000,150,true,3.7
"HAR",125957,"/Date(1701756005000)/",4200,200,985400,4194000000,150,true,3.7
"HAR",125957,"/Date(1701756005000)/",4200,9800,985200,4193000000,150,true,3.7
"HAR",125953,"/Date(1701756003000)/",4200,400,975400,4152000000,150,true,3.7
"HAR",125953,"/Date(1701756003000)/",4200,600,975000,4151000000,150,true,3.7
"HAR",125953,"/Date(1701756002000)/",4200,200,974400,4148000000,150,true,3.7
"HAR",125944,"/Date(1701756001000)/",4200,3000,974200,4147000000,150,true,3.7
"HAR",112805,"/Date(1701750504000)/",4220,100,971200,4135000000,170,false,4.2
"HAR",112802,"/Date(1701750497000)/",4210,500,971100,4134000000,160,true,3.95
"HAR",112737,"/Date(1701750477000)/",4220,100,970600,4132000000,170,false,4.2
"HAR",112724,"/Date(1701750463000)/",4210,5000,970500,4132000000,160,true,3.95
"HAR",112724,"/Date(1701750463000)/",4210,2500,965500,4111000000,160,true,3.95
"HAR",112614,"/Date(1701750392000)/",4200,1000,963000,4100000000,150,true,3.7
"HAR",112526,"/Date(1701750346000)/",4210,2500,962000,4096000000,160,false,3.95
"HAR",112337,"/Date(1701750238000)/",4220,5000,959500,4085000000,170,false,4.2
"HAR",112305,"/Date(1701750206000)/",4220,4700,954500,4064000000,170,false,4.2
"HAR",112305,"/Date(1701750206000)/",4220,300,949800,4044000000,170,false,4.2
"HAR",112253,"/Date(1701750192000)/",4220,100,949500,4043000000,170,false,4.2
"HAR",112227,"/Date(1701750167000)/",4220,600,949400,4043000000,170,false,4.2
"HAR",112227,"/Date(1701750167000)/",4220,300,948800,4040000000,170,false,4.2
"HAR",112227,"/Date(1701750167000)/",4220,1600,948500,4039000000,170,false,4.2
"HAR",112227,"/Date(1701750167000)/",4210,100,946900,4032000000,160,false,3.95
"HAR",112227,"/Date(1701750167000)/",4210,400,946800,4032000000,160,false,3.95
"HAR",112016,"/Date(1701750036000)/",4210,300,946400,4030000000,160,true,3.95
"HAR",112016,"/Date(1701750036000)/",4210,300,946100,4029000000,160,true,3.95
"HAR",111857,"/Date(1701749954000)/",4210,20000,945800,4028000000,160,true,3.95
"HAR",111724,"/Date(1701749863000)/",4220,700,925800,3943000000,170,false,4.2
"HAR",111724,"/Date(1701749863000)/",4220,1000,925100,3940000000,170,false,4.2
"HAR",111724,"/Date(1701749863000)/",4220,1500,924100,3936000000,170,false,4.2
"HAR",111724,"/Date(1701749863000)/",4220,700,922600,3930000000,170,false,4.2
"HAR",111633,"/Date(1701749812000)/",4220,2000,921900,3927000000,170,true,4.2
"HAR",111630,"/Date(1701749809000)/",4220,2000,919900,3918000000,170,true,4.2
"HAR",111630,"/Date(1701749807000)/",4220,200,917900,3910000000,170,true,4.2
"HAR",111435,"/Date(1701749695000)/",4220,5000,917700,3909000000,170,false,4.2
"HAR",111435,"/Date(1701749695000)/",4220,100,912700,3888000000,170,false,4.2
"HAR",111315,"/Date(1701749614000)/",4220,1900,912600,3888000000,170,false,4.2
"HAR",111315,"/Date(1701749614000)/",4220,600,910700,3880000000,170,false,4.2
"HAR",111302,"/Date(1701749599000)/",4210,2000,910100,3877000000,160,false,3.95
"HAR",111302,"/Date(1701749599000)/",4210,500,908100,3869000000,160,false,3.95
"HAR",111302,"/Date(1701749599000)/",4210,200,907600,3867000000,160,false,3.95
"HAR",111048,"/Date(1701749468000)/",4210,600,907400,3866000000,160,false,3.95
"HAR",111013,"/Date(1701749430000)/",4210,4100,906800,3863000000,160,false,3.95
"HAR",110941,"/Date(1701749400000)/",4210,100,902700,3846000000,160,false,3.95
"HAR",110941,"/Date(1701749400000)/",4210,200,902600,3846000000,160,false,3.95
"HAR",110919,"/Date(1701749377000)/",4200,200,902400,3845000000,150,true,3.7
"HAR",110916,"/Date(1701749373000)/",4200,1100,902200,3844000000,150,false,3.7
"HAR",110916,"/Date(1701749373000)/",4200,300,901100,3839000000,150,false,3.7
"HAR",110909,"/Date(1701749368000)/",4200,400,900800,3838000000,150,false,3.7
"HAR",110909,"/Date(1701749368000)/",4200,700,900400,3836000000,150,false,3.7
"HAR",110909,"/Date(1701749368000)/",4200,500,899700,3833000000,150,false,3.7
"HAR",110909,"/Date(1701749368000)/",4200,5000,899200,3831000000,150,false,3.7
"HAR",110909,"/Date(1701749368000)/",4200,900,894200,3810000000,150,false,3.7
"HAR",110900,"/Date(1701749358000)/",4200,4100,893300,3806000000,150,false,3.7
"HAR",110900,"/Date(1701749358000)/",4200,900,889200,3789000000,150,false,3.7
"HAR",110802,"/Date(1701749299000)/",4200,300,888300,3785000000,150,false,3.7
"HAR",110555,"/Date(1701749171000)/",4190,700,888000,3784000000,140,true,3.46
"HAR",110555,"/Date(1701749171000)/",4190,300,887300,3781000000,140,true,3.46
"HAR",110529,"/Date(1701749146000)/",4190,300,887000,3780000000,140,true,3.46
"HAR",110529,"/Date(1701749146000)/",4190,200,886700,3779000000,140,true,3.46
"HAR",110529,"/Date(1701749146000)/",4190,500,886500,3778000000,140,true,3.46
"HAR",110529,"/Date(1701749146000)/",4190,300,886000,3776000000,140,true,3.46
"HAR",110529,"/Date(1701749146000)/",4190,700,885700,3775000000,140,true,3.46
"HAR",110448,"/Date(1701749105000)/",4190,100,885000,3772000000,140,true,3.46
"HAR",110416,"/Date(1701749074000)/",4190,100,884900,3771000000,140,true,3.46
"HAR",110211,"/Date(1701748949000)/",4190,3000,884800,3771000000,140,true,3.46
"HAR",110155,"/Date(1701748933000)/",4200,200,881800,3758000000,150,false,3.7
"HAR",110120,"/Date(1701748897000)/",4190,3000,881600,3757000000,140,true,3.46
"HAR",110026,"/Date(1701748843000)/",4190,2000,878600,3745000000,140,true,3.46
"HAR",105730,"/Date(1701748667000)/",4180,2600,876600,3736000000,130,true,3.21
"HAR",105730,"/Date(1701748667000)/",4180,200,874000,3726000000,130,true,3.21
"HAR",105730,"/Date(1701748667000)/",4180,1000,873800,3725000000,130,true,3.21
"HAR",105730,"/Date(1701748667000)/",4180,500,872800,3721000000,130,true,3.21
"HAR",105730,"/Date(1701748667000)/",4180,700,872300,3718000000,130,true,3.21
"HAR",105646,"/Date(1701748622000)/",4190,3500,871600,3716000000,140,false,3.46
"HAR",105646,"/Date(1701748622000)/",4190,1500,868100,3701000000,140,false,3.46
"HAR",105545,"/Date(1701748561000)/",4190,1500,866600,3695000000,140,true,3.46
"HAR",105545,"/Date(1701748561000)/",4190,500,865100,3688000000,140,true,3.46
"HAR",105545,"/Date(1701748561000)/",4190,300,864600,3686000000,140,true,3.46
"HAR",105545,"/Date(1701748561000)/",4190,400,864300,3685000000,140,true,3.46
"HAR",105545,"/Date(1701748561000)/",4190,2300,863900,3683000000,140,true,3.46
"HAR",105419,"/Date(1701748474000)/",4190,200,861600,3674000000,140,true,3.46
"HAR",105259,"/Date(1701748395000)/",4190,500,861400,3673000000,140,true,3.46
"HAR",105101,"/Date(1701748277000)/",4200,200,860900,3671000000,150,false,3.7
"HAR",105049,"/Date(1701748265000)/",4200,400,860700,3670000000,150,false,3.7
"HAR",105010,"/Date(1701748226000)/",4200,200,860300,3668000000,150,false,3.7
"HAR",104922,"/Date(1701748179000)/",4200,300,860100,3667000000,150,true,3.7
"HAR",104922,"/Date(1701748179000)/",4210,200,859800,3666000000,160,true,3.95
"HAR",104841,"/Date(1701748136000)/",4220,4400,859600,3665000000,170,false,4.2
"HAR",104841,"/Date(1701748136000)/",4220,2000,855200,3647000000,170,false,4.2
"HAR",104841,"/Date(1701748136000)/",4220,1000,853200,3638000000,170,false,4.2
"HAR",104841,"/Date(1701748136000)/",4220,100,852200,3634000000,170,false,4.2
"HAR",104841,"/Date(1701748136000)/",4220,500,852100,3634000000,170,false,4.2
"HAR",104822,"/Date(1701748117000)/",4220,100,851600,3631000000,170,false,4.2
"HAR",104806,"/Date(1701748102000)/",4210,600,851500,3631000000,160,true,3.95
"HAR",104800,"/Date(1701748096000)/",4210,1000,850900,3629000000,160,false,3.95
"HAR",104649,"/Date(1701748026000)/",4180,9300,849900,3624000000,130,true,3.21
"HAR",104649,"/Date(1701748026000)/",4180,300,840600,3585000000,130,true,3.21
"HAR",104649,"/Date(1701748026000)/",4180,100,840300,3584000000,130,true,3.21
"HAR",104646,"/Date(1701748023000)/",4220,400,840200,3584000000,170,false,4.2
"HAR",104646,"/Date(1701748023000)/",4210,1700,839800,3582000000,160,false,3.95
"HAR",104646,"/Date(1701748023000)/",4200,3000,838100,3575000000,150,false,3.7
"HAR",104646,"/Date(1701748023000)/",4200,5000,835100,3562000000,150,false,3.7
"HAR",104646,"/Date(1701748023000)/",4200,900,830100,3541000000,150,false,3.7
"HAR",104520,"/Date(1701747936000)/",4190,900,829200,3538000000,140,false,3.46
"HAR",104455,"/Date(1701747911000)/",4190,500,828300,3534000000,140,true,3.46
"HAR",104455,"/Date(1701747911000)/",4190,100,827800,3532000000,140,true,3.46
"HAR",104455,"/Date(1701747911000)/",4190,500,827700,3531000000,140,true,3.46
"HAR",104153,"/Date(1701747727000)/",4190,5000,827200,3529000000,140,true,3.46
"HAR",104005,"/Date(1701747621000)/",4200,800,822200,3508000000,150,false,3.7
"HAR",103923,"/Date(1701747577000)/",4200,300,821400,3505000000,150,false,3.7
"HAR",103848,"/Date(1701747544000)/",4180,400,821100,3504000000,130,true,3.21
"HAR",103848,"/Date(1701747544000)/",4180,2900,820700,3502000000,130,true,3.21
"HAR",103848,"/Date(1701747544000)/",4180,3000,817800,3490000000,130,true,3.21
"HAR",103835,"/Date(1701747531000)/",4210,100,814800,3477000000,160,false,3.95
"HAR",103832,"/Date(1701747525000)/",4190,6600,814700,3477000000,140,true,3.46
"HAR",103819,"/Date(1701747515000)/",4210,200,808100,3449000000,160,false,3.95
"HAR",103232,"/Date(1701747167000)/",4220,200,807900,3448000000,170,false,4.2
"HAR",103116,"/Date(1701747090000)/",4220,2000,807700,3448000000,170,false,4.2
"HAR",103116,"/Date(1701747090000)/",4200,2000,805700,3439000000,150,false,3.7
"HAR",103116,"/Date(1701747090000)/",4200,1000,803700,3431000000,150,false,3.7
"HAR",103109,"/Date(1701747083000)/",4190,13400,802700,3426000000,140,true,3.46
"HAR",103050,"/Date(1701747065000)/",4190,100,789300,3370000000,140,false,3.46
"HAR",102943,"/Date(1701746998000)/",4180,1900,789200,3370000000,130,true,3.21
"HAR",102931,"/Date(1701746986000)/",4180,5000,787300,3362000000,130,true,3.21
"HAR",102931,"/Date(1701746986000)/",4180,200,782300,3341000000,130,true,3.21
"HAR",102745,"/Date(1701746878000)/",4180,1000,782100,3340000000,130,true,3.21
"HAR",102745,"/Date(1701746878000)/",4180,300,781100,3336000000,130,true,3.21
"HAR",102544,"/Date(1701746758000)/",4170,2000,780800,3335000000,120,true,2.96
"HAR",102544,"/Date(1701746758000)/",4170,500,778800,3326000000,120,true,2.96
"HAR",102544,"/Date(1701746758000)/",4170,500,778300,3324000000,120,true,2.96
"HAR",102525,"/Date(1701746740000)/",4170,4500,777800,3322000000,120,true,2.96
"HAR",102525,"/Date(1701746740000)/",4170,100,773300,3304000000,120,true,2.96
"HAR",102525,"/Date(1701746740000)/",4170,200,773200,3303000000,120,true,2.96
"HAR",102525,"/Date(1701746740000)/",4180,2000,773000,3302000000,130,true,3.21
"HAR",102522,"/Date(1701746735000)/",4190,5000,771000,3294000000,140,false,3.46
"HAR",102513,"/Date(1701746728000)/",4190,100,766000,3273000000,140,false,3.46
"HAR",102506,"/Date(1701746719000)/",4190,300,765900,3273000000,140,false,3.46
"HAR",102415,"/Date(1701746668000)/",4190,100,765600,3271000000,140,false,3.46
"HAR",102318,"/Date(1701746613000)/",4200,100,765500,3271000000,150,false,3.7
"HAR",102318,"/Date(1701746613000)/",4200,400,765400,3270000000,150,false,3.7
"HAR",102309,"/Date(1701746601000)/",4200,1000,765000,3269000000,150,false,3.7
"HAR",102253,"/Date(1701746586000)/",4200,100,764000,3265000000,150,false,3.7
"HAR",102205,"/Date(1701746539000)/",4200,5000,763900,3264000000,150,true,3.7
"HAR",102205,"/Date(1701746539000)/",4200,1500,758900,3243000000,150,true,3.7
"HAR",102205,"/Date(1701746539000)/",4200,300,757400,3237000000,150,true,3.7
"HAR",102205,"/Date(1701746539000)/",4190,3000,757100,3236000000,140,false,3.46
"HAR",102205,"/Date(1701746539000)/",4190,100,754100,3223000000,140,false,3.46
"HAR",102158,"/Date(1701746531000)/",4190,200,754000,3223000000,140,false,3.46
"HAR",102149,"/Date(1701746523000)/",4190,100,753800,3222000000,140,false,3.46
"HAR",101957,"/Date(1701746410000)/",4190,100,753700,3221000000,140,false,3.46
"HAR",101945,"/Date(1701746398000)/",4170,300,753600,3221000000,120,true,2.96
"HAR",101945,"/Date(1701746398000)/",4170,500,753300,3220000000,120,true,2.96
"HAR",101932,"/Date(1701746386000)/",4180,500,752800,3218000000,130,true,3.21
"HAR",101932,"/Date(1701746386000)/",4180,800,752300,3215000000,130,true,3.21
"HAR",101932,"/Date(1701746386000)/",4180,2000,751500,3212000000,130,true,3.21
"HAR",101828,"/Date(1701746321000)/",4190,500,749500,3204000000,140,true,3.46
"HAR",101828,"/Date(1701746321000)/",4190,500,749000,3202000000,140,true,3.46
"HAR",101828,"/Date(1701746321000)/",4190,500,748500,3200000000,140,true,3.46
"HAR",101721,"/Date(1701746254000)/",4200,200,748000,3198000000,150,false,3.7
"HAR",101721,"/Date(1701746254000)/",4200,500,747800,3197000000,150,false,3.7
"HAR",101721,"/Date(1701746254000)/",4200,100,747300,3195000000,150,false,3.7
"HAR",101721,"/Date(1701746254000)/",4200,100,747200,3194000000,150,false,3.7
"HAR",101715,"/Date(1701746247000)/",4200,100,747100,3194000000,150,true,3.7
"HAR",101715,"/Date(1701746247000)/",4200,100,747000,3193000000,150,true,3.7
"HAR",101715,"/Date(1701746247000)/",4200,800,746900,3193000000,150,true,3.7
"HAR",101715,"/Date(1701746247000)/",4200,200,746100,3190000000,150,true,3.7
"HAR",101715,"/Date(1701746247000)/",4200,400,745900,3189000000,150,true,3.7
"HAR",101715,"/Date(1701746247000)/",4200,400,745500,3187000000,150,true,3.7
"HAR",101712,"/Date(1701746244000)/",4200,100,745100,3185000000,150,true,3.7
"HAR",101712,"/Date(1701746244000)/",4200,900,745000,3185000000,150,true,3.7
"HAR",101712,"/Date(1701746244000)/",4200,1000,744100,3181000000,150,true,3.7
"HAR",101659,"/Date(1701746232000)/",4200,100,743100,3177000000,150,true,3.7
"HAR",101659,"/Date(1701746232000)/",4200,500,743000,3177000000,150,true,3.7
"HAR",101659,"/Date(1701746232000)/",4200,400,742500,3174000000,150,true,3.7
"HAR",101659,"/Date(1701746232000)/",4200,100,742100,3173000000,150,true,3.7
"HAR",101659,"/Date(1701746232000)/",4200,900,742000,3172000000,150,true,3.7
"HAR",101659,"/Date(1701746231000)/",4200,100,741100,3169000000,150,true,3.7
"HAR",101659,"/Date(1701746231000)/",4200,900,741000,3168000000,150,true,3.7
"HAR",101659,"/Date(1701746231000)/",4200,1000,740100,3164000000,150,true,3.7
"HAR",101611,"/Date(1701746182000)/",4200,100,739100,3160000000,150,true,3.7
"HAR",101611,"/Date(1701746182000)/",4200,600,739000,3160000000,150,true,3.7
"HAR",101611,"/Date(1701746182000)/",4220,300,738400,3157000000,170,true,4.2
"HAR",101605,"/Date(1701746176000)/",4220,1000,738100,3156000000,170,true,4.2
"HAR",101546,"/Date(1701746159000)/",4210,900,737100,3152000000,160,false,3.95
"HAR",101527,"/Date(1701746141000)/",4210,500,736200,3148000000,160,true,3.95
"HAR",101527,"/Date(1701746141000)/",4220,1600,735700,3146000000,170,false,4.2
"HAR",101527,"/Date(1701746140000)/",4220,900,734100,3139000000,170,false,4.2
"HAR",101452,"/Date(1701746103000)/",4220,700,733200,3135000000,170,true,4.2
"HAR",101452,"/Date(1701746103000)/",4220,100,732500,3132000000,170,true,4.2
"HAR",101452,"/Date(1701746103000)/",4220,300,732400,3132000000,170,true,4.2
"HAR",101448,"/Date(1701746102000)/",4220,3000,732100,3131000000,170,true,4.2
"HAR",101436,"/Date(1701746087000)/",4220,700,729100,3118000000,170,true,4.2
"HAR",101436,"/Date(1701746087000)/",4220,4300,728400,3115000000,170,true,4.2
"HAR",101313,"/Date(1701746004000)/",4220,400,724100,3097000000,170,true,4.2
"HAR",101307,"/Date(1701745998000)/",4220,100,723700,3095000000,170,true,4.2
"HAR",101225,"/Date(1701745956000)/",4230,900,723600,3095000000,180,false,4.44
"HAR",101225,"/Date(1701745956000)/",4220,5000,722700,3091000000,170,false,4.2
"HAR",101225,"/Date(1701745956000)/",4220,4600,717700,3070000000,170,false,4.2
"HAR",101225,"/Date(1701745956000)/",4210,3100,713100,3050000000,160,false,3.95
"HAR",101225,"/Date(1701745956000)/",4210,1400,710000,3037000000,160,false,3.95
"HAR",101209,"/Date(1701745940000)/",4200,400,708600,3031000000,150,true,3.7
"HAR",101209,"/Date(1701745940000)/",4200,500,708200,3030000000,150,true,3.7
"HAR",101209,"/Date(1701745940000)/",4200,100,707700,3028000000,150,true,3.7
"HAR",101102,"/Date(1701745875000)/",4200,100,707600,3027000000,150,true,3.7
"HAR",101043,"/Date(1701745854000)/",4200,300,707500,3027000000,150,true,3.7
"HAR",101043,"/Date(1701745854000)/",4200,100,707200,3026000000,150,true,3.7
"HAR",101043,"/Date(1701745854000)/",4200,1000,707100,3025000000,150,true,3.7
"HAR",101043,"/Date(1701745854000)/",4200,100,706100,3021000000,150,true,3.7
"HAR",101043,"/Date(1701745854000)/",4200,500,706000,3021000000,150,true,3.7
"HAR",101005,"/Date(1701745817000)/",4200,1500,705500,3018000000,150,true,3.7
"HAR",101005,"/Date(1701745817000)/",4200,1500,704000,3012000000,150,true,3.7
"HAR",100946,"/Date(1701745799000)/",4200,500,702500,3006000000,150,true,3.7
"HAR",100946,"/Date(1701745799000)/",4200,2500,702000,3004000000,150,true,3.7
"HAR",100942,"/Date(1701745795000)/",4200,100,699500,2993000000,150,true,3.7
"HAR",100939,"/Date(1701745792000)/",4210,300,699400,2993000000,160,false,3.95
"HAR",100933,"/Date(1701745784000)/",4200,7400,699100,2992000000,150,true,3.7
"HAR",100933,"/Date(1701745784000)/",4200,100,691700,2960000000,150,true,3.7
"HAR",100933,"/Date(1701745784000)/",4200,300,691600,2960000000,150,true,3.7
"HAR",100933,"/Date(1701745784000)/",4200,2200,691300,2959000000,150,true,3.7
"HAR",100920,"/Date(1701745771000)/",4200,2300,689100,2950000000,150,true,3.7
"HAR",100920,"/Date(1701745771000)/",4200,2000,686800,2940000000,150,true,3.7
"HAR",100920,"/Date(1701745771000)/",4200,700,684800,2932000000,150,true,3.7
"HAR",100914,"/Date(1701745767000)/",4210,100,684100,2929000000,160,false,3.95
"HAR",100911,"/Date(1701745762000)/",4200,1000,684000,2928000000,150,true,3.7
"HAR",100907,"/Date(1701745760000)/",4210,100,683000,2924000000,160,false,3.95
"HAR",100858,"/Date(1701745749000)/",4210,100,682900,2924000000,160,false,3.95
"HAR",100829,"/Date(1701745720000)/",4220,100,682800,2923000000,170,true,4.2
"HAR",100829,"/Date(1701745720000)/",4220,300,682700,2923000000,170,true,4.2
"HAR",100820,"/Date(1701745713000)/",4220,500,682400,2921000000,170,true,4.2
"HAR",100813,"/Date(1701745707000)/",4220,1200,681900,2919000000,170,true,4.2
"HAR",100813,"/Date(1701745707000)/",4220,100,680700,2914000000,170,true,4.2
"HAR",100813,"/Date(1701745707000)/",4220,700,680600,2914000000,170,true,4.2
"HAR",100810,"/Date(1701745702000)/",4220,400,679900,2911000000,170,true,4.2
"HAR",100810,"/Date(1701745702000)/",4220,3000,679500,2909000000,170,true,4.2
"HAR",100810,"/Date(1701745702000)/",4220,1600,676500,2897000000,170,true,4.2
"HAR",100440,"/Date(1701745493000)/",4230,500,674900,2890000000,180,false,4.44
"HAR",100336,"/Date(1701745427000)/",4230,1000,674400,2888000000,180,true,4.44
"HAR",100324,"/Date(1701745415000)/",4230,1500,673400,2883000000,180,true,4.44
"HAR",100324,"/Date(1701745415000)/",4230,3500,671900,2877000000,180,true,4.44
"HAR",100305,"/Date(1701745395000)/",4230,6500,668400,2862000000,180,true,4.44
"HAR",100305,"/Date(1701745395000)/",4230,3000,661900,2835000000,180,true,4.44
"HAR",100305,"/Date(1701745395000)/",4230,3200,658900,2822000000,180,true,4.44
"HAR",100230,"/Date(1701745362000)/",4230,5000,655700,2809000000,180,true,4.44
"HAR",100204,"/Date(1701745336000)/",4240,100,650700,2787000000,190,false,4.69
"HAR",100154,"/Date(1701745327000)/",4230,200,650600,2787000000,180,true,4.44
"HAR",100116,"/Date(1701745287000)/",4230,1600,650400,2786000000,180,true,4.44
"HAR",100116,"/Date(1701745287000)/",4230,400,648800,2779000000,180,true,4.44
"HAR",95956,"/Date(1701745208000)/",4240,700,648400,2778000000,190,false,4.69
"HAR",95956,"/Date(1701745208000)/",4240,1300,647700,2775000000,190,false,4.69
"HAR",95944,"/Date(1701745196000)/",4230,4600,646400,2769000000,180,false,4.44
"HAR",95934,"/Date(1701745184000)/",4230,100,641800,2750000000,180,false,4.44
"HAR",95921,"/Date(1701745172000)/",4230,500,641700,2749000000,180,true,4.44
"HAR",95921,"/Date(1701745172000)/",4230,500,641200,2747000000,180,true,4.44
"HAR",95921,"/Date(1701745172000)/",4230,3000,640700,2745000000,180,true,4.44
"HAR",95921,"/Date(1701745172000)/",4230,100,637700,2732000000,180,true,4.44
"HAR",95921,"/Date(1701745172000)/",4230,400,637600,2732000000,180,true,4.44
"HAR",95921,"/Date(1701745172000)/",4230,100,637200,2730000000,180,true,4.44
"HAR",95921,"/Date(1701745172000)/",4230,700,637100,2730000000,180,true,4.44
"HAR",95909,"/Date(1701745159000)/",4240,1000,636400,2727000000,190,false,4.69
"HAR",95717,"/Date(1701745050000)/",4240,500,635400,2723000000,190,false,4.69
"HAR",95714,"/Date(1701745045000)/",4230,300,634900,2721000000,180,true,4.44
"HAR",95714,"/Date(1701745045000)/",4230,1000,634600,2719000000,180,true,4.44
"HAR",95714,"/Date(1701745045000)/",4230,1700,633600,2715000000,180,true,4.44
"HAR",95646,"/Date(1701745015000)/",4240,2000,631900,2708000000,190,false,4.69
"HAR",95639,"/Date(1701745011000)/",4240,100,629900,2699000000,190,false,4.69
"HAR",95614,"/Date(1701744985000)/",4240,100,629800,2699000000,190,false,4.69
"HAR",95353,"/Date(1701744846000)/",4250,100,629700,2699000000,200,false,4.94
"HAR",95347,"/Date(1701744837000)/",4250,100,629600,2698000000,200,false,4.94
"HAR",95347,"/Date(1701744837000)/",4250,100,629500,2698000000,200,false,4.94
"HAR",95347,"/Date(1701744837000)/",4250,4700,629400,2697000000,200,false,4.94
"HAR",95306,"/Date(1701744795000)/",4250,300,624700,2677000000,200,true,4.94
"HAR",95306,"/Date(1701744795000)/",4250,1000,624400,2676000000,200,true,4.94
"HAR",95306,"/Date(1701744795000)/",4250,1200,623400,2672000000,200,true,4.94
"HAR",95224,"/Date(1701744755000)/",4250,100,622200,2667000000,200,true,4.94
"HAR",95215,"/Date(1701744744000)/",4260,200,622100,2666000000,210,false,5.19
"HAR",95202,"/Date(1701744734000)/",4250,2200,621900,2665000000,200,true,4.94
"HAR",95149,"/Date(1701744721000)/",4250,500,619700,2656000000,200,true,4.94
"HAR",95149,"/Date(1701744719000)/",4250,600,619200,2654000000,200,true,4.94
"HAR",95124,"/Date(1701744693000)/",4250,2100,618600,2651000000,200,true,4.94
"HAR",95111,"/Date(1701744681000)/",4260,100,616500,2642000000,210,false,5.19
"HAR",95052,"/Date(1701744662000)/",4240,1500,616400,2642000000,190,false,4.69
"HAR",95008,"/Date(1701744617000)/",4240,400,614900,2636000000,190,true,4.69
"HAR",94848,"/Date(1701744539000)/",4230,3300,614500,2634000000,180,true,4.44
"HAR",94848,"/Date(1701744539000)/",4230,700,611200,2620000000,180,true,4.44
"HAR",94813,"/Date(1701744504000)/",4250,100,610500,2617000000,200,false,4.94
"HAR",94741,"/Date(1701744472000)/",4250,500,610400,2617000000,200,false,4.94
"HAR",94628,"/Date(1701744397000)/",4260,500,609900,2614000000,210,false,5.19
"HAR",94625,"/Date(1701744395000)/",4220,1400,609400,2612000000,170,true,4.2
"HAR",94521,"/Date(1701744333000)/",4270,100,608000,2606000000,220,false,5.43
"HAR",94521,"/Date(1701744333000)/",4260,600,607900,2606000000,210,false,5.19
"HAR",94459,"/Date(1701744309000)/",4260,100,607300,2603000000,210,false,5.19
"HAR",94459,"/Date(1701744309000)/",4200,700,607200,2603000000,150,false,3.7
"HAR",94453,"/Date(1701744303000)/",4200,600,606500,2600000000,150,true,3.7
"HAR",94453,"/Date(1701744303000)/",4200,200,605900,2598000000,150,true,3.7
"HAR",94453,"/Date(1701744303000)/",4200,300,605700,2597000000,150,true,3.7
"HAR",94453,"/Date(1701744303000)/",4200,200,605400,2595000000,150,true,3.7
"HAR",94453,"/Date(1701744303000)/",4200,200,605200,2595000000,150,true,3.7
"HAR",94453,"/Date(1701744303000)/",4200,2800,605000,2594000000,150,true,3.7
"HAR",94440,"/Date(1701744290000)/",4200,5000,602200,2582000000,150,true,3.7
"HAR",94440,"/Date(1701744290000)/",4200,2200,597200,2561000000,150,true,3.7
"HAR",94440,"/Date(1701744290000)/",4200,300,595000,2552000000,150,true,3.7
"HAR",94440,"/Date(1701744290000)/",4200,1000,594700,2551000000,150,true,3.7
"HAR",94440,"/Date(1701744290000)/",4200,1000,593700,2546000000,150,true,3.7
"HAR",94440,"/Date(1701744290000)/",4200,500,592700,2542000000,150,true,3.7
"HAR",94440,"/Date(1701744290000)/",4200,5000,592200,2540000000,150,true,3.7
"HAR",94434,"/Date(1701744284000)/",4260,500,587200,2519000000,210,false,5.19
"HAR",94434,"/Date(1701744284000)/",4220,900,586700,2517000000,170,false,4.2
"HAR",94434,"/Date(1701744284000)/",4210,600,585800,2513000000,160,false,3.95
"HAR",94421,"/Date(1701744270000)/",4210,1000,585200,2511000000,160,true,3.95
"HAR",94421,"/Date(1701744270000)/",4210,400,584200,2506000000,160,true,3.95
"HAR",94418,"/Date(1701744269000)/",4220,100,583800,2505000000,170,false,4.2
"HAR",94418,"/Date(1701744269000)/",4220,200,583700,2504000000,170,false,4.2
"HAR",94355,"/Date(1701744246000)/",4220,1000,583500,2503000000,170,true,4.2
"HAR",94355,"/Date(1701744246000)/",4220,200,582500,2499000000,170,true,4.2
"HAR",94148,"/Date(1701744117000)/",4220,1800,582300,2498000000,170,true,4.2
"HAR",94148,"/Date(1701744117000)/",4220,1000,580500,2491000000,170,true,4.2
"HAR",94148,"/Date(1701744117000)/",4220,2500,579500,2487000000,170,true,4.2
"HAR",94016,"/Date(1701744027000)/",4270,100,577000,2476000000,220,false,5.43
"HAR",93929,"/Date(1701743979000)/",4270,500,576900,2476000000,220,false,5.43
"HAR",93929,"/Date(1701743979000)/",4260,100,576400,2473000000,210,false,5.19
"HAR",93929,"/Date(1701743979000)/",4260,5000,576300,2473000000,210,false,5.19
"HAR",93929,"/Date(1701743979000)/",4260,900,571300,2452000000,210,false,5.19
"HAR",93929,"/Date(1701743979000)/",4250,200,570400,2448000000,200,false,4.94
"HAR",93929,"/Date(1701743979000)/",4250,500,570200,2447000000,200,false,4.94
"HAR",93929,"/Date(1701743979000)/",4250,3000,569700,2445000000,200,false,4.94
"HAR",93929,"/Date(1701743979000)/",4250,600,566700,2432000000,200,false,4.94
"HAR",93929,"/Date(1701743979000)/",4250,100,566100,2430000000,200,false,4.94
"HAR",93929,"/Date(1701743979000)/",4250,100,566000,2429000000,200,false,4.94
"HAR",93857,"/Date(1701743945000)/",4250,900,565900,2429000000,200,false,4.94
"HAR",93857,"/Date(1701743945000)/",4250,3600,565000,2425000000,200,false,4.94
"HAR",93857,"/Date(1701743945000)/",4220,4800,561400,2410000000,170,false,4.2
"HAR",93857,"/Date(1701743945000)/",4220,500,556600,2389000000,170,false,4.2
"HAR",93857,"/Date(1701743945000)/",4220,200,556100,2387000000,170,false,4.2
"HAR",93828,"/Date(1701743917000)/",4220,100,555900,2386000000,170,false,4.2
"HAR",93822,"/Date(1701743911000)/",4220,100,555800,2386000000,170,false,4.2
"HAR",93812,"/Date(1701743903000)/",4220,100,555700,2386000000,170,false,4.2
"HAR",93731,"/Date(1701743861000)/",4220,400,555600,2385000000,170,false,4.2
"HAR",93722,"/Date(1701743851000)/",4220,100,555200,2383000000,170,false,4.2
"HAR",93712,"/Date(1701743840000)/",4220,200,555100,2383000000,170,true,4.2
"HAR",93712,"/Date(1701743840000)/",4220,1000,554900,2382000000,170,true,4.2
"HAR",93712,"/Date(1701743840000)/",4220,8000,553900,2378000000,170,true,4.2
"HAR",93656,"/Date(1701743825000)/",4250,200,545900,2344000000,200,false,4.94
"HAR",93618,"/Date(1701743786000)/",4250,1000,545700,2343000000,200,false,4.94
"HAR",93615,"/Date(1701743785000)/",4250,200,544700,2339000000,200,false,4.94
"HAR",93609,"/Date(1701743777000)/",4250,1000,544500,2338000000,200,false,4.94
"HAR",93609,"/Date(1701743777000)/",4250,800,543500,2334000000,200,false,4.94
"HAR",93546,"/Date(1701743754000)/",4250,200,542700,2331000000,200,false,4.94
"HAR",93452,"/Date(1701743702000)/",4250,100,542500,2330000000,200,true,4.94
"HAR",93452,"/Date(1701743702000)/",4250,2000,542400,2329000000,200,true,4.94
"HAR",93452,"/Date(1701743702000)/",4250,2000,540400,2321000000,200,true,4.94
"HAR",93452,"/Date(1701743702000)/",4250,1000,538400,2312000000,200,true,4.94
"HAR",93452,"/Date(1701743702000)/",4250,500,537400,2308000000,200,true,4.94
"HAR",93452,"/Date(1701743702000)/",4250,1700,536900,2306000000,200,true,4.94
"HAR",93452,"/Date(1701743702000)/",4250,2500,535200,2299000000,200,true,4.94
"HAR",93452,"/Date(1701743702000)/",4250,400,532700,2288000000,200,true,4.94
"HAR",93452,"/Date(1701743702000)/",4250,1800,532300,2286000000,200,true,4.94
"HAR",93452,"/Date(1701743702000)/",4250,500,530500,2279000000,200,true,4.94
"HAR",93452,"/Date(1701743702000)/",4250,5000,530000,2277000000,200,true,4.94
"HAR",93452,"/Date(1701743702000)/",4250,500,525000,2255000000,200,true,4.94
"HAR",93452,"/Date(1701743700000)/",4250,1000,524500,2253000000,200,true,4.94
"HAR",93433,"/Date(1701743683000)/",4260,100,523500,2249000000,210,true,5.19
"HAR",93433,"/Date(1701743683000)/",4260,5000,523400,2249000000,210,true,5.19
"HAR",93433,"/Date(1701743683000)/",4260,400,518400,2227000000,210,true,5.19
"HAR",93433,"/Date(1701743683000)/",4260,1000,518000,2226000000,210,true,5.19
"HAR",93433,"/Date(1701743683000)/",4260,100,517000,2221000000,210,true,5.19
"HAR",93433,"/Date(1701743683000)/",4260,1000,516900,2221000000,210,true,5.19
"HAR",93433,"/Date(1701743683000)/",4260,500,515900,2217000000,210,true,5.19
"HAR",93352,"/Date(1701743640000)/",4270,200,515400,2214000000,220,true,5.43
"HAR",93346,"/Date(1701743635000)/",4270,1000,515200,2214000000,220,false,5.43
"HAR",93346,"/Date(1701743635000)/",4270,2000,514200,2209000000,220,false,5.43
"HAR",93346,"/Date(1701743635000)/",4270,500,512200,2201000000,220,false,5.43
"HAR",93346,"/Date(1701743635000)/",4270,1500,511700,2199000000,220,false,5.43
"HAR",93301,"/Date(1701743590000)/",4270,300,510200,2192000000,220,true,5.43
"HAR",93301,"/Date(1701743590000)/",4270,100,509900,2191000000,220,true,5.43
"HAR",93301,"/Date(1701743590000)/",4270,100,509800,2191000000,220,true,5.43
"HAR",93301,"/Date(1701743590000)/",4270,13000,509700,2190000000,220,true,5.43
"HAR",93301,"/Date(1701743589000)/",4280,100,496700,2135000000,230,false,5.68
"HAR",93301,"/Date(1701743589000)/",4280,900,496600,2134000000,230,false,5.68
"HAR",93255,"/Date(1701743584000)/",4280,200,495700,2130000000,230,false,5.68
"HAR",93239,"/Date(1701743569000)/",4270,300,495500,2130000000,220,true,5.43
"HAR",93233,"/Date(1701743560000)/",4270,3000,495200,2128000000,220,true,5.43
"HAR",93201,"/Date(1701743529000)/",4270,200,492200,2115000000,220,true,5.43
"HAR",93201,"/Date(1701743529000)/",4290,2700,492000,2115000000,240,false,5.93
"HAR",93201,"/Date(1701743529000)/",4290,4300,489300,2103000000,240,false,5.93
"HAR",93201,"/Date(1701743529000)/",4280,5000,485000,2085000000,230,false,5.68
"HAR",93129,"/Date(1701743498000)/",4290,400,480000,2063000000,240,true,5.93
"HAR",93129,"/Date(1701743498000)/",4290,2000,479600,2061000000,240,true,5.93
"HAR",93129,"/Date(1701743498000)/",4290,2000,477600,2053000000,240,true,5.93
"HAR",93129,"/Date(1701743498000)/",4290,7300,475600,2044000000,240,true,5.93
"HAR",93117,"/Date(1701743487000)/",4290,5000,468300,2013000000,240,true,5.93
"HAR",93029,"/Date(1701743438000)/",4290,4000,463300,1991000000,240,true,5.93
"HAR",92951,"/Date(1701743398000)/",4290,2000,459300,1974000000,240,false,5.93
"HAR",92951,"/Date(1701743398000)/",4290,5000,457300,1966000000,240,false,5.93
"HAR",92951,"/Date(1701743398000)/",4290,4700,452300,1944000000,240,false,5.93
"HAR",92948,"/Date(1701743397000)/",4290,100,447600,1924000000,240,false,5.93
"HAR",92942,"/Date(1701743391000)/",4280,1000,447500,1924000000,230,false,5.68
"HAR",92929,"/Date(1701743377000)/",4290,200,446500,1919000000,240,false,5.93
"HAR",92929,"/Date(1701743377000)/",4290,2600,446300,1919000000,240,false,5.93
"HAR",92929,"/Date(1701743377000)/",4280,3000,443700,1907000000,230,false,5.68
"HAR",92923,"/Date(1701743371000)/",4270,6000,440700,1895000000,220,true,5.43
"HAR",92923,"/Date(1701743371000)/",4270,2000,434700,1869000000,220,true,5.43
"HAR",92923,"/Date(1701743371000)/",4270,2000,432700,1860000000,220,true,5.43
"HAR",92919,"/Date(1701743368000)/",4290,100,430700,1852000000,240,false,5.93
"HAR",92848,"/Date(1701743336000)/",4290,100,430600,1851000000,240,true,5.93
"HAR",92848,"/Date(1701743336000)/",4290,2000,430500,1851000000,240,true,5.93
"HAR",92848,"/Date(1701743336000)/",4290,200,428500,1842000000,240,true,5.93
"HAR",92848,"/Date(1701743335000)/",4300,100,428300,1842000000,250,false,6.17
"HAR",92813,"/Date(1701743301000)/",4290,3600,428200,1841000000,240,true,5.93
"HAR",92813,"/Date(1701743301000)/",4290,3300,424600,1826000000,240,true,5.93
"HAR",92810,"/Date(1701743297000)/",4300,100,421300,1812000000,250,false,6.17
"HAR",92754,"/Date(1701743284000)/",4290,1200,421200,1811000000,240,true,5.93
"HAR",92754,"/Date(1701743284000)/",4290,3800,420000,1806000000,240,true,5.93
"HAR",92741,"/Date(1701743268000)/",4290,1200,416200,1790000000,240,true,5.93
"HAR",92735,"/Date(1701743264000)/",4290,100,415000,1785000000,240,false,5.93
"HAR",92735,"/Date(1701743262000)/",4290,1100,414900,1784000000,240,false,5.93
"HAR",92722,"/Date(1701743251000)/",4290,700,413800,1779000000,240,true,5.93
"HAR",92722,"/Date(1701743251000)/",4290,1900,413100,1776000000,240,true,5.93
"HAR",92713,"/Date(1701743240000)/",4300,1700,411200,1768000000,250,false,6.17
"HAR",92638,"/Date(1701743206000)/",4290,5000,409500,1761000000,240,false,5.93
"HAR",92557,"/Date(1701743166000)/",4290,1000,404500,1739000000,240,false,5.93
"HAR",92538,"/Date(1701743144000)/",4260,400,403500,1735000000,210,true,5.19
"HAR",92509,"/Date(1701743116000)/",4300,1000,403100,1733000000,250,false,6.17
"HAR",92506,"/Date(1701743113000)/",4300,800,402100,1729000000,250,false,6.17
"HAR",92424,"/Date(1701743071000)/",4300,5000,401300,1726000000,250,true,6.17
"HAR",92418,"/Date(1701743065000)/",4310,400,396300,1704000000,260,false,6.42
"HAR",92415,"/Date(1701743064000)/",4310,200,395900,1702000000,260,false,6.42
"HAR",92412,"/Date(1701743058000)/",4310,200,395700,1702000000,260,false,6.42
"HAR",92405,"/Date(1701743054000)/",4310,500,395500,1701000000,260,false,6.42
"HAR",92402,"/Date(1701743051000)/",4310,800,395000,1699000000,260,false,6.42
"HAR",92402,"/Date(1701743051000)/",4250,200,394200,1695000000,200,true,4.94
"HAR",92402,"/Date(1701743051000)/",4260,200,394000,1694000000,210,false,5.19
"HAR",92402,"/Date(1701743051000)/",4260,4000,393800,1693000000,210,false,5.19
"HAR",92402,"/Date(1701743051000)/",4260,400,389800,1676000000,210,false,5.19
"HAR",92402,"/Date(1701743051000)/",4300,500,389400,1675000000,250,false,6.17
"HAR",92402,"/Date(1701743051000)/",4300,600,388900,1673000000,250,false,6.17
"HAR",92402,"/Date(1701743051000)/",4300,100,388300,1670000000,250,false,6.17
"HAR",92353,"/Date(1701743039000)/",4310,700,388200,1670000000,260,false,6.42
"HAR",92349,"/Date(1701743038000)/",4310,100,387500,1667000000,260,false,6.42
"HAR",92349,"/Date(1701743038000)/",4310,1000,387400,1666000000,260,false,6.42
"HAR",92349,"/Date(1701743038000)/",4310,200,386400,1662000000,260,false,6.42
"HAR",92343,"/Date(1701743030000)/",4310,800,386200,1661000000,260,false,6.42
"HAR",92343,"/Date(1701743030000)/",4310,300,385400,1657000000,260,false,6.42
"HAR",92343,"/Date(1701743030000)/",4310,5000,385100,1656000000,260,false,6.42
"HAR",92343,"/Date(1701743030000)/",4310,1500,380100,1635000000,260,false,6.42
"HAR",92343,"/Date(1701743030000)/",4300,400,378600,1628000000,250,false,6.17
"HAR",92340,"/Date(1701743029000)/",4300,500,378200,1626000000,250,false,6.17
"HAR",92337,"/Date(1701743026000)/",4300,100,377700,1624000000,250,false,6.17
"HAR",92318,"/Date(1701743004000)/",4310,900,377600,1624000000,260,false,6.42
"HAR",92318,"/Date(1701743004000)/",4310,500,376700,1620000000,260,false,6.42
"HAR",92318,"/Date(1701743004000)/",4300,600,376200,1618000000,250,false,6.17
"HAR",92315,"/Date(1701743003000)/",4300,1400,375600,1615000000,250,true,6.17
"HAR",92308,"/Date(1701742997000)/",4300,1500,374200,1609000000,250,false,6.17
"HAR",92308,"/Date(1701742997000)/",4300,100,372700,1603000000,250,false,6.17
"HAR",92308,"/Date(1701742997000)/",4300,100,372600,1602000000,250,false,6.17
"HAR",92308,"/Date(1701742997000)/",4300,200,372500,1602000000,250,false,6.17
"HAR",92308,"/Date(1701742997000)/",4300,15000,372300,1601000000,250,false,6.17
"HAR",92308,"/Date(1701742997000)/",4300,3400,357300,1537000000,250,false,6.17
"HAR",92308,"/Date(1701742997000)/",4300,5000,353900,1522000000,250,false,6.17
"HAR",92308,"/Date(1701742997000)/",4300,300,348900,1500000000,250,false,6.17
"HAR",92302,"/Date(1701742989000)/",4250,100,348600,1499000000,200,true,4.94
"HAR",92249,"/Date(1701742978000)/",4300,700,348500,1499000000,250,false,6.17
"HAR",92249,"/Date(1701742978000)/",4300,2600,347800,1496000000,250,false,6.17
"HAR",92249,"/Date(1701742978000)/",4290,500,345200,1485000000,240,false,5.93
"HAR",92249,"/Date(1701742978000)/",4290,100,344700,1482000000,240,false,5.93
"HAR",92249,"/Date(1701742978000)/",4290,100,344600,1482000000,240,false,5.93
"HAR",92249,"/Date(1701742978000)/",4290,1000,344500,1482000000,240,false,5.93
"HAR",92240,"/Date(1701742968000)/",4250,5800,343500,1477000000,200,true,4.94
"HAR",92240,"/Date(1701742968000)/",4250,1000,337700,1453000000,200,true,4.94
"HAR",92240,"/Date(1701742968000)/",4250,1000,336700,1448000000,200,true,4.94
"HAR",92240,"/Date(1701742968000)/",4250,4600,335700,1444000000,200,true,4.94
"HAR",92240,"/Date(1701742966000)/",4260,3500,331100,1425000000,210,false,5.19
"HAR",92230,"/Date(1701742958000)/",4260,1000,327600,1410000000,210,true,5.19
"HAR",92230,"/Date(1701742958000)/",4260,200,326600,1405000000,210,true,5.19
"HAR",92152,"/Date(1701742918000)/",4300,600,326400,1405000000,250,false,6.17
"HAR",92152,"/Date(1701742918000)/",4290,1600,325800,1402000000,240,false,5.93
"HAR",92152,"/Date(1701742918000)/",4290,1000,324200,1395000000,240,false,5.93
"HAR",92152,"/Date(1701742918000)/",4290,1000,323200,1391000000,240,false,5.93
"HAR",92152,"/Date(1701742918000)/",4290,1600,322200,1387000000,240,false,5.93
"HAR",92152,"/Date(1701742918000)/",4280,100,320600,1380000000,230,false,5.68
"HAR",92152,"/Date(1701742918000)/",4280,400,320500,1379000000,230,false,5.68
"HAR",92152,"/Date(1701742918000)/",4260,1000,320100,1378000000,210,false,5.19
"HAR",92152,"/Date(1701742918000)/",4260,100,319100,1373000000,210,false,5.19
"HAR",92152,"/Date(1701742918000)/",4260,2600,319000,1373000000,210,false,5.19
"HAR",92114,"/Date(1701742880000)/",4250,2000,316400,1362000000,200,false,4.94
"HAR",92114,"/Date(1701742880000)/",4250,100,314400,1353000000,200,false,4.94
"HAR",92114,"/Date(1701742880000)/",4250,1000,314300,1353000000,200,false,4.94
"HAR",92114,"/Date(1701742880000)/",4250,2000,313300,1349000000,200,false,4.94
"HAR",92114,"/Date(1701742880000)/",4250,300,311300,1340000000,200,false,4.94
"HAR",92114,"/Date(1701742880000)/",4250,5000,311000,1339000000,200,false,4.94
"HAR",92108,"/Date(1701742874000)/",4250,900,306000,1318000000,200,false,4.94
"HAR",92058,"/Date(1701742865000)/",4250,100,305100,1314000000,200,false,4.94
"HAR",92036,"/Date(1701742845000)/",4250,300,305000,1313000000,200,false,4.94
"HAR",92005,"/Date(1701742813000)/",4220,800,304700,1312000000,170,false,4.2
"HAR",92002,"/Date(1701742808000)/",4220,200,303900,1309000000,170,false,4.2
"HAR",92002,"/Date(1701742808000)/",4220,600,303700,1308000000,170,false,4.2
"HAR",91958,"/Date(1701742807000)/",4220,4400,303100,1305000000,170,false,4.2
"HAR",91958,"/Date(1701742807000)/",4220,3600,298700,1287000000,170,false,4.2
"HAR",91958,"/Date(1701742806000)/",4220,300,295100,1272000000,170,false,4.2
"HAR",91952,"/Date(1701742800000)/",4220,100,294800,1270000000,170,false,4.2
"HAR",91949,"/Date(1701742796000)/",4220,100,294700,1270000000,170,true,4.2
"HAR",91949,"/Date(1701742796000)/",4220,900,294600,1269000000,170,true,4.2
"HAR",91946,"/Date(1701742795000)/",4220,2000,293700,1266000000,170,true,4.2
"HAR",91936,"/Date(1701742784000)/",4220,17000,291700,1257000000,170,true,4.2
"HAR",91933,"/Date(1701742779000)/",4220,100,274700,1185000000,170,true,4.2
"HAR",91917,"/Date(1701742764000)/",4250,300,274600,1185000000,200,false,4.94
"HAR",91846,"/Date(1701742734000)/",4250,1000,274300,1184000000,200,true,4.94
"HAR",91846,"/Date(1701742734000)/",4250,2000,273300,1179000000,200,true,4.94
"HAR",91846,"/Date(1701742734000)/",4250,400,271300,1171000000,200,true,4.94
"HAR",91833,"/Date(1701742721000)/",4250,700,270900,1169000000,200,true,4.94
"HAR",91833,"/Date(1701742721000)/",4250,1500,270200,1166000000,200,true,4.94
"HAR",91817,"/Date(1701742706000)/",4250,500,268700,1160000000,200,true,4.94
"HAR",91814,"/Date(1701742702000)/",4250,2900,268200,1158000000,200,true,4.94
"HAR",91814,"/Date(1701742702000)/",4250,1000,265300,1145000000,200,true,4.94
"HAR",91814,"/Date(1701742702000)/",4250,1000,264300,1141000000,200,true,4.94
"HAR",91814,"/Date(1701742702000)/",4250,100,263300,1137000000,200,true,4.94
"HAR",91752,"/Date(1701742678000)/",4250,2000,263200,1137000000,200,true,4.94
"HAR",91752,"/Date(1701742678000)/",4250,3000,261200,1128000000,200,true,4.94
"HAR",91743,"/Date(1701742671000)/",4260,100,258200,1115000000,210,false,5.19
"HAR",91743,"/Date(1701742670000)/",4260,100,258100,1115000000,210,false,5.19
"HAR",91736,"/Date(1701742663000)/",4260,900,258000,1114000000,210,false,5.19
"HAR",91727,"/Date(1701742655000)/",4260,1300,257100,1111000000,210,false,5.19
"HAR",91727,"/Date(1701742653000)/",4260,400,255800,1105000000,210,false,5.19
"HAR",91727,"/Date(1701742653000)/",4260,500,255400,1103000000,210,false,5.19
"HAR",91724,"/Date(1701742652000)/",4260,1000,254900,1101000000,210,true,5.19
"HAR",91714,"/Date(1701742640000)/",4260,100,253900,1097000000,210,true,5.19
"HAR",91711,"/Date(1701742638000)/",4290,1300,253800,1097000000,240,false,5.93
"HAR",91711,"/Date(1701742638000)/",4260,900,252500,1091000000,210,true,5.19
"HAR",91705,"/Date(1701742633000)/",4260,300,251600,1087000000,210,false,5.19
"HAR",91705,"/Date(1701742633000)/",4260,500,251300,1086000000,210,false,5.19
"HAR",91652,"/Date(1701742621000)/",4260,400,250800,1084000000,210,false,5.19
"HAR",91652,"/Date(1701742618000)/",4250,7000,250400,1082000000,200,true,4.94
"HAR",91652,"/Date(1701742618000)/",4250,1000,243400,1052000000,200,true,4.94
"HAR",91649,"/Date(1701742615000)/",4250,6500,242400,1048000000,200,true,4.94
"HAR",91646,"/Date(1701742613000)/",4250,2500,235900,1020000000,200,true,4.94
"HAR",91646,"/Date(1701742613000)/",4250,500,233400,1010000000,200,true,4.94
"HAR",91640,"/Date(1701742608000)/",4260,100,232900,1008000000,210,true,5.19
"HAR",91630,"/Date(1701742597000)/",4290,100,232800,1007000000,240,false,5.93
"HAR",91608,"/Date(1701742575000)/",4300,800,232700,1007000000,250,false,6.17
"HAR",91608,"/Date(1701742575000)/",4300,400,231900,1003000000,250,false,6.17
"HAR",91602,"/Date(1701742568000)/",4260,900,231500,1002000000,210,true,5.19
"HAR",91533,"/Date(1701742541000)/",4300,1000,230600,998000000,250,false,6.17
"HAR",91521,"/Date(1701742526000)/",4300,3600,229600,994000000,250,true,6.17
"HAR",91514,"/Date(1701742523000)/",4300,500,226000,978000000,250,true,6.17
"HAR",91514,"/Date(1701742521000)/",4300,900,225500,976000000,250,true,6.17
"HAR",91459,"/Date(1701742507000)/",4330,100,224600,972000000,280,false,6.91
"HAR",91456,"/Date(1701742500000)/",4330,224500,224500,972000000,280,true,6.91
