"Stockcode","Package","TradingDate","Price","Vol","TotalVol","TotalVal","Change","IsBuy","PerChange"
"HDG",144427,"/Date(1701762300000)/",28300,50000,2223300,63074000000,400,false,1.43
"HDG",142922,"/Date(1701761399000)/",28350,500,2173300,61659000000,450,false,1.61
"HDG",142916,"/Date(1701761393000)/",28350,1000,2172800,61644000000,450,false,1.61
"HDG",142906,"/Date(1701761383000)/",28300,500,2171800,61616000000,400,true,1.43
"HDG",142903,"/Date(1701761378000)/",28350,500,2171300,61602000000,450,false,1.61
"HDG",142903,"/Date(1701761378000)/",28350,1500,2170800,61588000000,450,false,1.61
"HDG",142900,"/Date(1701761376000)/",28350,10000,2169300,61545000000,450,false,1.61
"HDG",142853,"/Date(1701761369000)/",28350,500,2159300,61262000000,450,false,1.61
"HDG",142847,"/Date(1701761364000)/",28350,3000,2158800,61248000000,450,false,1.61
"HDG",142834,"/Date(1701761350000)/",28350,600,2155800,61163000000,450,true,1.61
"HDG",142818,"/Date(1701761334000)/",28350,300,2155200,61146000000,450,true,1.61
"HDG",142818,"/Date(1701761332000)/",28350,1000,2154900,61137000000,450,true,1.61
"HDG",142818,"/Date(1701761332000)/",28350,1000,2153900,61109000000,450,true,1.61
"HDG",142815,"/Date(1701761331000)/",28350,2000,2152900,61080000000,450,true,1.61
"HDG",142812,"/Date(1701761329000)/",28350,500,2150900,61024000000,450,true,1.61
"HDG",142812,"/Date(1701761328000)/",28350,500,2150400,61009000000,450,true,1.61
"HDG",142812,"/Date(1701761328000)/",28350,500,2149900,60995000000,450,true,1.61
"HDG",142812,"/Date(1701761328000)/",28350,2000,2149400,60981000000,450,true,1.61
"HDG",142809,"/Date(1701761323000)/",28350,100,2147400,60924000000,450,true,1.61
"HDG",142756,"/Date(1701761310000)/",28350,500,2147300,60922000000,450,true,1.61
"HDG",142737,"/Date(1701761293000)/",28350,1300,2146800,60907000000,450,false,1.61
"HDG",142737,"/Date(1701761293000)/",28350,100,2145500,60871000000,450,false,1.61
"HDG",142737,"/Date(1701761293000)/",28350,500,2145400,60868000000,450,false,1.61
"HDG",142737,"/Date(1701761293000)/",28350,100,2144900,60854000000,450,false,1.61
"HDG",142737,"/Date(1701761293000)/",28350,2000,2144800,60851000000,450,false,1.61
"HDG",142730,"/Date(1701761286000)/",28350,300,2142800,60794000000,450,false,1.61
"HDG",142724,"/Date(1701761280000)/",28350,700,2142500,60786000000,450,false,1.61
"HDG",142724,"/Date(1701761279000)/",28350,300,2141800,60766000000,450,false,1.61
"HDG",142717,"/Date(1701761272000)/",28350,3700,2141500,60757000000,450,false,1.61
"HDG",142717,"/Date(1701761272000)/",28350,1300,2137800,60652000000,450,false,1.61
"HDG",142642,"/Date(1701761238000)/",28300,100,2136500,60615000000,400,true,1.43
"HDG",142639,"/Date(1701761234000)/",28350,200,2136400,60613000000,450,false,1.61
"HDG",142636,"/Date(1701761230000)/",28350,1000,2136200,60607000000,450,false,1.61
"HDG",142620,"/Date(1701761214000)/",28350,600,2135200,60579000000,450,false,1.61
"HDG",142610,"/Date(1701761207000)/",28350,1900,2134600,60562000000,450,false,1.61
"HDG",142610,"/Date(1701761207000)/",28350,300,2132700,60508000000,450,false,1.61
"HDG",142610,"/Date(1701761207000)/",28350,300,2132400,60499000000,450,false,1.61
"HDG",142610,"/Date(1701761207000)/",28350,500,2132100,60491000000,450,false,1.61
"HDG",142551,"/Date(1701761188000)/",28300,1000,2131600,60476000000,400,true,1.43
"HDG",142528,"/Date(1701761163000)/",28300,1000,2130600,60448000000,400,true,1.43
"HDG",142528,"/Date(1701761163000)/",28300,200,2129600,60420000000,400,true,1.43
"HDG",142528,"/Date(1701761163000)/",28300,500,2129400,60414000000,400,true,1.43
"HDG",142528,"/Date(1701761163000)/",28300,300,2128900,60400000000,400,true,1.43
"HDG",142528,"/Date(1701761163000)/",28300,100,2128600,60392000000,400,true,1.43
"HDG",142528,"/Date(1701761163000)/",28300,200,2128500,60389000000,400,true,1.43
"HDG",142528,"/Date(1701761163000)/",28300,100,2128300,60383000000,400,true,1.43
"HDG",142528,"/Date(1701761163000)/",28300,1000,2128200,60380000000,400,true,1.43
"HDG",142528,"/Date(1701761163000)/",28300,900,2127200,60352000000,400,true,1.43
"HDG",142528,"/Date(1701761163000)/",28300,700,2126300,60327000000,400,true,1.43
"HDG",142512,"/Date(1701761148000)/",28350,600,2125600,60307000000,450,false,1.61
"HDG",142500,"/Date(1701761135000)/",28300,900,2125000,60290000000,400,true,1.43
"HDG",142456,"/Date(1701761130000)/",28300,500,2124100,60264000000,400,true,1.43
"HDG",142431,"/Date(1701761104000)/",28300,1500,2123600,60250000000,400,true,1.43
"HDG",142415,"/Date(1701761091000)/",28300,200,2122100,60208000000,400,true,1.43
"HDG",142408,"/Date(1701761084000)/",28300,1000,2121900,60202000000,400,true,1.43
"HDG",142405,"/Date(1701761081000)/",28350,600,2120900,60174000000,450,false,1.61
"HDG",142355,"/Date(1701761071000)/",28300,200,2120300,60157000000,400,true,1.43
"HDG",142346,"/Date(1701761062000)/",28300,1400,2120100,60151000000,400,true,1.43
"HDG",142258,"/Date(1701761014000)/",28350,600,2118700,60111000000,450,false,1.61
"HDG",142245,"/Date(1701761000000)/",28300,100,2118100,60094000000,400,true,1.43
"HDG",142235,"/Date(1701760991000)/",28300,900,2118000,60092000000,400,true,1.43
"HDG",142235,"/Date(1701760989000)/",28300,2600,2117100,60066000000,400,true,1.43
"HDG",142235,"/Date(1701760989000)/",28300,100,2114500,59992000000,400,true,1.43
"HDG",142235,"/Date(1701760989000)/",28300,3300,2114400,59990000000,400,true,1.43
"HDG",142226,"/Date(1701760981000)/",28300,400,2111100,59896000000,400,true,1.43
"HDG",142216,"/Date(1701760971000)/",28300,300,2110700,59885000000,400,true,1.43
"HDG",142216,"/Date(1701760971000)/",28300,2700,2110400,59876000000,400,true,1.43
"HDG",142154,"/Date(1701760948000)/",28350,600,2107700,59800000000,450,false,1.61
"HDG",142147,"/Date(1701760944000)/",28300,2300,2107100,59783000000,400,true,1.43
"HDG",142147,"/Date(1701760944000)/",28300,400,2104800,59718000000,400,true,1.43
"HDG",142147,"/Date(1701760944000)/",28300,100,2104400,59707000000,400,true,1.43
"HDG",142147,"/Date(1701760944000)/",28300,1000,2104300,59704000000,400,true,1.43
"HDG",142147,"/Date(1701760944000)/",28300,100,2103300,59675000000,400,true,1.43
"HDG",142147,"/Date(1701760944000)/",28300,100,2103200,59673000000,400,true,1.43
"HDG",142147,"/Date(1701760944000)/",28300,1000,2103100,59670000000,400,true,1.43
"HDG",142144,"/Date(1701760941000)/",28300,200,2102100,59642000000,400,true,1.43
"HDG",142138,"/Date(1701760933000)/",28300,800,2101900,59636000000,400,true,1.43
"HDG",142138,"/Date(1701760933000)/",28300,700,2101100,59613000000,400,true,1.43
"HDG",142131,"/Date(1701760928000)/",28350,200,2100400,59593000000,450,false,1.61
"HDG",142131,"/Date(1701760927000)/",28350,500,2100200,59588000000,450,false,1.61
"HDG",142128,"/Date(1701760922000)/",28350,500,2099700,59574000000,450,false,1.61
"HDG",142118,"/Date(1701760912000)/",28350,100,2099200,59559000000,450,true,1.61
"HDG",142118,"/Date(1701760912000)/",28350,1000,2099100,59557000000,450,true,1.61
"HDG",142118,"/Date(1701760912000)/",28350,300,2098100,59528000000,450,true,1.61
"HDG",142115,"/Date(1701760911000)/",28350,900,2097800,59520000000,450,true,1.61
"HDG",142112,"/Date(1701760908000)/",28350,800,2096900,59494000000,450,true,1.61
"HDG",142112,"/Date(1701760908000)/",28350,800,2096100,59472000000,450,true,1.61
"HDG",142106,"/Date(1701760902000)/",28350,5000,2095300,59449000000,450,true,1.61
"HDG",142056,"/Date(1701760891000)/",28350,300,2090300,59307000000,450,true,1.61
"HDG",142053,"/Date(1701760886000)/",28350,1700,2090000,59299000000,450,true,1.61
"HDG",142053,"/Date(1701760886000)/",28350,200,2088300,59250000000,450,true,1.61
"HDG",142046,"/Date(1701760881000)/",28400,600,2088100,59245000000,500,false,1.79
"HDG",142005,"/Date(1701760839000)/",28400,100,2087500,59228000000,500,false,1.79
"HDG",141939,"/Date(1701760816000)/",28400,600,2087400,59225000000,500,false,1.79
"HDG",141917,"/Date(1701760790000)/",28350,400,2086800,59208000000,450,true,1.61
"HDG",141907,"/Date(1701760780000)/",28350,400,2086400,59196000000,450,true,1.61
"HDG",141907,"/Date(1701760780000)/",28350,100,2086000,59185000000,450,true,1.61
"HDG",141907,"/Date(1701760780000)/",28350,1000,2085900,59182000000,450,true,1.61
"HDG",141907,"/Date(1701760780000)/",28350,100,2084900,59154000000,450,true,1.61
"HDG",141907,"/Date(1701760780000)/",28350,1400,2084800,59151000000,450,true,1.61
"HDG",141901,"/Date(1701760775000)/",28350,600,2083400,59111000000,450,true,1.61
"HDG",141901,"/Date(1701760774000)/",28400,1700,2082800,59094000000,500,false,1.79
"HDG",141901,"/Date(1701760774000)/",28400,500,2081100,59046000000,500,false,1.79
"HDG",141901,"/Date(1701760774000)/",28400,300,2080600,59032000000,500,false,1.79
"HDG",141901,"/Date(1701760774000)/",28400,2000,2080300,59023000000,500,false,1.79
"HDG",141901,"/Date(1701760774000)/",28400,100,2078300,58967000000,500,false,1.79
"HDG",141901,"/Date(1701760774000)/",28400,100,2078200,58964000000,500,false,1.79
"HDG",141901,"/Date(1701760774000)/",28400,200,2078100,58961000000,500,false,1.79
"HDG",141901,"/Date(1701760774000)/",28400,100,2077900,58955000000,500,false,1.79
"HDG",141901,"/Date(1701760774000)/",28400,1000,2077800,58952000000,500,false,1.79
"HDG",141901,"/Date(1701760774000)/",28400,400,2076800,58924000000,500,false,1.79
"HDG",141901,"/Date(1701760774000)/",28400,10000,2076400,58913000000,500,false,1.79
"HDG",141901,"/Date(1701760774000)/",28400,1000,2066400,58629000000,500,false,1.79
"HDG",141901,"/Date(1701760774000)/",28400,700,2065400,58600000000,500,false,1.79
"HDG",141901,"/Date(1701760774000)/",28400,100,2064700,58580000000,500,false,1.79
"HDG",141901,"/Date(1701760774000)/",28400,1800,2064600,58578000000,500,false,1.79
"HDG",141835,"/Date(1701760748000)/",28400,200,2062800,58526000000,500,false,1.79
"HDG",141835,"/Date(1701760748000)/",28400,200,2062600,58521000000,500,false,1.79
"HDG",141835,"/Date(1701760748000)/",28400,200,2062400,58515000000,500,false,1.79
"HDG",141728,"/Date(1701760682000)/",28400,600,2062200,58509000000,500,false,1.79
"HDG",141712,"/Date(1701760667000)/",28400,200,2061600,58492000000,500,false,1.79
"HDG",141712,"/Date(1701760667000)/",28400,100,2061400,58487000000,500,false,1.79
"HDG",141712,"/Date(1701760667000)/",28400,200,2061300,58484000000,500,false,1.79
"HDG",141712,"/Date(1701760667000)/",28400,200,2061100,58478000000,500,false,1.79
"HDG",141712,"/Date(1701760667000)/",28400,500,2060900,58472000000,500,false,1.79
"HDG",141712,"/Date(1701760667000)/",28400,100,2060400,58458000000,500,false,1.79
"HDG",141712,"/Date(1701760667000)/",28400,600,2060300,58455000000,500,false,1.79
"HDG",141712,"/Date(1701760667000)/",28400,100,2059700,58438000000,500,false,1.79
"HDG",141621,"/Date(1701760615000)/",28400,300,2059600,58436000000,500,false,1.79
"HDG",141621,"/Date(1701760615000)/",28400,100,2059300,58427000000,500,false,1.79
"HDG",141621,"/Date(1701760615000)/",28350,200,2059200,58424000000,450,false,1.61
"HDG",141618,"/Date(1701760614000)/",28350,800,2059000,58418000000,450,true,1.61
"HDG",141611,"/Date(1701760604000)/",28350,100,2058200,58396000000,450,true,1.61
"HDG",141605,"/Date(1701760601000)/",28350,100,2058100,58393000000,450,true,1.61
"HDG",141602,"/Date(1701760595000)/",28350,400,2058000,58390000000,450,false,1.61
"HDG",141602,"/Date(1701760595000)/",28350,100,2057600,58379000000,450,false,1.61
"HDG",141602,"/Date(1701760595000)/",28350,500,2057500,58376000000,450,false,1.61
"HDG",141555,"/Date(1701760590000)/",28350,400,2057000,58362000000,450,false,1.61
"HDG",141555,"/Date(1701760589000)/",28350,100,2056600,58350000000,450,false,1.61
"HDG",141555,"/Date(1701760589000)/",28350,400,2056500,58348000000,450,false,1.61
"HDG",141552,"/Date(1701760587000)/",28350,600,2056100,58336000000,450,false,1.61
"HDG",141552,"/Date(1701760587000)/",28350,1600,2055500,58319000000,450,false,1.61
"HDG",141546,"/Date(1701760580000)/",28350,200,2053900,58274000000,450,false,1.61
"HDG",141536,"/Date(1701760571000)/",28350,1000,2053700,58268000000,450,false,1.61
"HDG",141526,"/Date(1701760562000)/",28350,100,2052700,58240000000,450,false,1.61
"HDG",141526,"/Date(1701760562000)/",28350,700,2052600,58237000000,450,false,1.61
"HDG",141526,"/Date(1701760562000)/",28350,100,2051900,58217000000,450,false,1.61
"HDG",141526,"/Date(1701760562000)/",28350,1900,2051800,58214000000,450,false,1.61
"HDG",141526,"/Date(1701760562000)/",28350,5000,2049900,58160000000,450,false,1.61
"HDG",141526,"/Date(1701760562000)/",28350,100,2044900,58019000000,450,false,1.61
"HDG",141526,"/Date(1701760562000)/",28350,100,2044800,58016000000,450,false,1.61
"HDG",141526,"/Date(1701760562000)/",28350,5000,2044700,58013000000,450,false,1.61
"HDG",141526,"/Date(1701760562000)/",28350,100,2039700,57871000000,450,false,1.61
"HDG",141526,"/Date(1701760562000)/",28350,100,2039600,57868000000,450,false,1.61
"HDG",141526,"/Date(1701760562000)/",28350,500,2039500,57866000000,450,false,1.61
"HDG",141526,"/Date(1701760562000)/",28350,700,2039000,57851000000,450,false,1.61
"HDG",141526,"/Date(1701760562000)/",28350,2600,2038300,57832000000,450,false,1.61
"HDG",141526,"/Date(1701760562000)/",28350,2000,2035700,57758000000,450,false,1.61
"HDG",141513,"/Date(1701760550000)/",28350,600,2033700,57701000000,450,false,1.61
"HDG",141507,"/Date(1701760543000)/",28350,400,2033100,57684000000,450,false,1.61
"HDG",141504,"/Date(1701760538000)/",28350,500,2032700,57673000000,450,false,1.61
"HDG",141457,"/Date(1701760532000)/",28350,4600,2032200,57659000000,450,false,1.61
"HDG",141438,"/Date(1701760513000)/",28350,1000,2027600,57528000000,450,false,1.61
"HDG",141409,"/Date(1701760483000)/",28350,700,2026600,57500000000,450,false,1.61
"HDG",141302,"/Date(1701760416000)/",28350,200,2025900,57480000000,450,false,1.61
"HDG",141302,"/Date(1701760416000)/",28350,100,2025700,57474000000,450,false,1.61
"HDG",141302,"/Date(1701760416000)/",28350,100,2025600,57472000000,450,false,1.61
"HDG",141302,"/Date(1701760416000)/",28350,200,2025500,57469000000,450,false,1.61
"HDG",141158,"/Date(1701760351000)/",28350,400,2025300,57463000000,450,false,1.61
"HDG",141158,"/Date(1701760351000)/",28350,200,2024900,57452000000,450,false,1.61
"HDG",141139,"/Date(1701760332000)/",28300,100,2024700,57446000000,400,true,1.43
"HDG",141117,"/Date(1701760311000)/",28300,100,2024600,57443000000,400,true,1.43
"HDG",141107,"/Date(1701760303000)/",28300,100,2024500,57440000000,400,true,1.43
"HDG",141107,"/Date(1701760303000)/",28300,1000,2024400,57438000000,400,true,1.43
"HDG",141107,"/Date(1701760303000)/",28300,200,2023400,57409000000,400,true,1.43
"HDG",141104,"/Date(1701760298000)/",28350,100,2023200,57404000000,450,false,1.61
"HDG",141057,"/Date(1701760291000)/",28300,400,2023100,57401000000,400,true,1.43
"HDG",141054,"/Date(1701760290000)/",28300,400,2022700,57389000000,400,true,1.43
"HDG",141054,"/Date(1701760290000)/",28300,1400,2022300,57378000000,400,true,1.43
"HDG",141054,"/Date(1701760290000)/",28300,200,2020900,57339000000,400,true,1.43
"HDG",141048,"/Date(1701760283000)/",28350,600,2020700,57333000000,450,false,1.61
"HDG",141048,"/Date(1701760281000)/",28300,400,2020100,57316000000,400,true,1.43
"HDG",141045,"/Date(1701760279000)/",28300,3000,2019700,57305000000,400,true,1.43
"HDG",141016,"/Date(1701760251000)/",28300,200,2016700,57220000000,400,true,1.43
"HDG",141013,"/Date(1701760246000)/",28300,1000,2016500,57214000000,400,true,1.43
"HDG",141006,"/Date(1701760241000)/",28300,400,2015500,57186000000,400,true,1.43
"HDG",141006,"/Date(1701760239000)/",28300,2800,2015100,57174000000,400,true,1.43
"HDG",140950,"/Date(1701760225000)/",28350,100,2012300,57095000000,450,false,1.61
"HDG",140950,"/Date(1701760225000)/",28350,100,2012200,57092000000,450,false,1.61
"HDG",140944,"/Date(1701760217000)/",28350,300,2012100,57089000000,450,false,1.61
"HDG",140944,"/Date(1701760217000)/",28350,100,2011800,57081000000,450,false,1.61
"HDG",140944,"/Date(1701760217000)/",28350,100,2011700,57078000000,450,false,1.61
"HDG",140944,"/Date(1701760217000)/",28350,100,2011600,57075000000,450,false,1.61
"HDG",140937,"/Date(1701760211000)/",28300,300,2011500,57072000000,400,true,1.43
"HDG",140934,"/Date(1701760208000)/",28300,800,2011200,57064000000,400,true,1.43
"HDG",140934,"/Date(1701760207000)/",28300,900,2010400,57041000000,400,true,1.43
"HDG",140934,"/Date(1701760207000)/",28300,500,2009500,57016000000,400,true,1.43
"HDG",140934,"/Date(1701760207000)/",28300,100,2009000,57002000000,400,true,1.43
"HDG",140928,"/Date(1701760202000)/",28300,100,2008900,56999000000,400,true,1.43
"HDG",140915,"/Date(1701760190000)/",28300,300,2008800,56996000000,400,true,1.43
"HDG",140912,"/Date(1701760185000)/",28300,500,2008500,56988000000,400,true,1.43
"HDG",140912,"/Date(1701760185000)/",28350,2000,2008000,56973000000,450,false,1.61
"HDG",140856,"/Date(1701760169000)/",28350,800,2006000,56917000000,450,false,1.61
"HDG",140856,"/Date(1701760169000)/",28350,900,2005200,56894000000,450,false,1.61
"HDG",140853,"/Date(1701760167000)/",28350,2600,2004300,56868000000,450,false,1.61
"HDG",140853,"/Date(1701760167000)/",28350,100,2001700,56795000000,450,false,1.61
"HDG",140853,"/Date(1701760167000)/",28350,300,2001600,56792000000,450,false,1.61
"HDG",140837,"/Date(1701760150000)/",28350,600,2001300,56783000000,450,false,1.61
"HDG",140758,"/Date(1701760113000)/",28300,600,2000700,56766000000,400,true,1.43
"HDG",140752,"/Date(1701760106000)/",28350,1000,2000100,56749000000,450,false,1.61
"HDG",140746,"/Date(1701760101000)/",28300,100,1999100,56721000000,400,true,1.43
"HDG",140746,"/Date(1701760100000)/",28350,1000,1999000,56718000000,450,false,1.61
"HDG",140733,"/Date(1701760085000)/",28350,600,1998000,56690000000,450,false,1.61
"HDG",140714,"/Date(1701760067000)/",28350,1500,1997400,56673000000,450,false,1.61
"HDG",140714,"/Date(1701760067000)/",28350,1400,1995900,56630000000,450,false,1.61
"HDG",140714,"/Date(1701760067000)/",28350,100,1994500,56591000000,450,false,1.61
"HDG",140651,"/Date(1701760046000)/",28300,100,1994400,56588000000,400,true,1.43
"HDG",140638,"/Date(1701760031000)/",28300,300,1994300,56585000000,400,true,1.43
"HDG",140626,"/Date(1701760020000)/",28300,1000,1994000,56577000000,400,false,1.43
"HDG",140626,"/Date(1701760020000)/",28300,100,1993000,56548000000,400,false,1.43
"HDG",140626,"/Date(1701760020000)/",28300,1500,1992900,56545000000,400,false,1.43
"HDG",140622,"/Date(1701760017000)/",28300,600,1991400,56503000000,400,false,1.43
"HDG",140616,"/Date(1701760009000)/",28300,1900,1990800,56486000000,400,false,1.43
"HDG",140616,"/Date(1701760009000)/",28300,1100,1988900,56432000000,400,false,1.43
"HDG",140610,"/Date(1701760005000)/",28300,900,1987800,56401000000,400,false,1.43
"HDG",140610,"/Date(1701760005000)/",28300,1300,1986900,56376000000,400,false,1.43
"HDG",140610,"/Date(1701760005000)/",28300,1800,1985600,56339000000,400,false,1.43
"HDG",140607,"/Date(1701760001000)/",28250,100,1983800,56288000000,350,true,1.25
"HDG",140607,"/Date(1701759999000)/",28250,200,1983700,56285000000,350,true,1.25
"HDG",140607,"/Date(1701759999000)/",28250,200,1983500,56279000000,350,true,1.25
"HDG",140607,"/Date(1701759999000)/",28250,500,1983300,56274000000,350,true,1.25
"HDG",140607,"/Date(1701759999000)/",28250,100,1982800,56260000000,350,true,1.25
"HDG",140554,"/Date(1701759987000)/",28300,900,1982700,56257000000,400,false,1.43
"HDG",140554,"/Date(1701759987000)/",28300,100,1981800,56231000000,400,false,1.43
"HDG",140531,"/Date(1701759964000)/",28300,200,1981700,56229000000,400,false,1.43
"HDG",140519,"/Date(1701759951000)/",28300,600,1981500,56223000000,400,false,1.43
"HDG",140515,"/Date(1701759950000)/",28300,100,1980900,56206000000,400,false,1.43
"HDG",140515,"/Date(1701759950000)/",28300,5000,1980800,56203000000,400,false,1.43
"HDG",140515,"/Date(1701759950000)/",28300,2000,1975800,56062000000,400,false,1.43
"HDG",140515,"/Date(1701759948000)/",28300,3000,1973800,56005000000,400,false,1.43
"HDG",140515,"/Date(1701759948000)/",28300,1000,1970800,55920000000,400,false,1.43
"HDG",140515,"/Date(1701759948000)/",28300,1000,1969800,55892000000,400,false,1.43
"HDG",140509,"/Date(1701759942000)/",28300,300,1968800,55863000000,400,true,1.43
"HDG",140509,"/Date(1701759942000)/",28300,100,1968500,55855000000,400,true,1.43
"HDG",140509,"/Date(1701759942000)/",28300,1000,1968400,55852000000,400,true,1.43
"HDG",140509,"/Date(1701759942000)/",28300,700,1967400,55824000000,400,true,1.43
"HDG",140509,"/Date(1701759942000)/",28300,100,1966700,55804000000,400,true,1.43
"HDG",140509,"/Date(1701759942000)/",28300,2800,1966600,55801000000,400,true,1.43
"HDG",140506,"/Date(1701759941000)/",28300,1000,1963800,55722000000,400,true,1.43
"HDG",140456,"/Date(1701759931000)/",28300,100,1962800,55694000000,400,true,1.43
"HDG",140447,"/Date(1701759921000)/",28300,700,1962700,55691000000,400,true,1.43
"HDG",140437,"/Date(1701759912000)/",28300,400,1962000,55671000000,400,true,1.43
"HDG",140437,"/Date(1701759912000)/",28300,2000,1961600,55660000000,400,true,1.43
"HDG",140437,"/Date(1701759912000)/",28300,100,1959600,55603000000,400,true,1.43
"HDG",140437,"/Date(1701759912000)/",28300,200,1959500,55600000000,400,true,1.43
"HDG",140437,"/Date(1701759912000)/",28300,600,1959300,55595000000,400,true,1.43
"HDG",140437,"/Date(1701759912000)/",28300,500,1958700,55578000000,400,true,1.43
"HDG",140437,"/Date(1701759912000)/",28300,300,1958200,55563000000,400,true,1.43
"HDG",140437,"/Date(1701759912000)/",28300,900,1957900,55555000000,400,true,1.43
"HDG",140437,"/Date(1701759912000)/",28300,100,1957000,55530000000,400,true,1.43
"HDG",140434,"/Date(1701759907000)/",28350,300,1956900,55527000000,450,false,1.61
"HDG",140427,"/Date(1701759901000)/",28300,1800,1956600,55518000000,400,true,1.43
"HDG",140421,"/Date(1701759895000)/",28300,1800,1954800,55467000000,400,true,1.43
"HDG",140421,"/Date(1701759895000)/",28300,700,1953000,55416000000,400,true,1.43
"HDG",140421,"/Date(1701759895000)/",28300,400,1952300,55396000000,400,true,1.43
"HDG",140421,"/Date(1701759895000)/",28300,1300,1951900,55385000000,400,true,1.43
"HDG",140421,"/Date(1701759894000)/",28300,2700,1950600,55348000000,400,true,1.43
"HDG",140421,"/Date(1701759894000)/",28300,300,1947900,55272000000,400,true,1.43
"HDG",140421,"/Date(1701759894000)/",28300,1000,1947600,55263000000,400,true,1.43
"HDG",140421,"/Date(1701759894000)/",28300,200,1946600,55235000000,400,true,1.43
"HDG",140421,"/Date(1701759894000)/",28300,500,1946400,55230000000,400,true,1.43
"HDG",140421,"/Date(1701759894000)/",28300,100,1945900,55215000000,400,true,1.43
"HDG",140421,"/Date(1701759894000)/",28300,200,1945800,55213000000,400,true,1.43
"HDG",140418,"/Date(1701759891000)/",28300,100,1945600,55207000000,400,true,1.43
"HDG",140418,"/Date(1701759891000)/",28300,2900,1945500,55204000000,400,true,1.43
"HDG",140411,"/Date(1701759885000)/",28350,200,1942600,55122000000,450,false,1.61
"HDG",140411,"/Date(1701759885000)/",28350,400,1942400,55116000000,450,false,1.61
"HDG",140349,"/Date(1701759862000)/",28350,100,1942000,55105000000,450,false,1.61
"HDG",140339,"/Date(1701759853000)/",28350,200,1941900,55102000000,450,true,1.61
"HDG",140339,"/Date(1701759853000)/",28350,200,1941700,55096000000,450,true,1.61
"HDG",140339,"/Date(1701759853000)/",28350,100,1941500,55091000000,450,true,1.61
"HDG",140339,"/Date(1701759852000)/",28350,1000,1941400,55088000000,450,true,1.61
"HDG",140339,"/Date(1701759852000)/",28350,2000,1940400,55060000000,450,true,1.61
"HDG",140336,"/Date(1701759851000)/",28350,3000,1938400,55003000000,450,true,1.61
"HDG",140336,"/Date(1701759851000)/",28350,1000,1935400,54918000000,450,true,1.61
"HDG",140336,"/Date(1701759851000)/",28350,200,1934400,54889000000,450,true,1.61
"HDG",140336,"/Date(1701759851000)/",28350,100,1934200,54884000000,450,true,1.61
"HDG",140336,"/Date(1701759851000)/",28350,800,1934100,54881000000,450,true,1.61
"HDG",140336,"/Date(1701759850000)/",28350,1200,1933300,54858000000,450,true,1.61
"HDG",140336,"/Date(1701759849000)/",28350,3000,1932100,54824000000,450,true,1.61
"HDG",140336,"/Date(1701759849000)/",28350,1000,1929100,54739000000,450,true,1.61
"HDG",140333,"/Date(1701759845000)/",28350,1000,1928100,54711000000,450,true,1.61
"HDG",140333,"/Date(1701759845000)/",28350,1000,1927100,54683000000,450,true,1.61
"HDG",140333,"/Date(1701759845000)/",28350,600,1926100,54654000000,450,true,1.61
"HDG",140333,"/Date(1701759845000)/",28350,100,1925500,54637000000,450,true,1.61
"HDG",140333,"/Date(1701759845000)/",28350,1300,1925400,54634000000,450,true,1.61
"HDG",140327,"/Date(1701759841000)/",28350,300,1924100,54597000000,450,true,1.61
"HDG",140320,"/Date(1701759833000)/",28350,2000,1923800,54589000000,450,true,1.61
"HDG",140317,"/Date(1701759831000)/",28350,400,1921800,54532000000,450,true,1.61
"HDG",140311,"/Date(1701759824000)/",28350,1000,1921400,54521000000,450,true,1.61
"HDG",140311,"/Date(1701759824000)/",28350,2000,1920400,54493000000,450,true,1.61
"HDG",140304,"/Date(1701759818000)/",28400,600,1918400,54436000000,500,false,1.79
"HDG",140258,"/Date(1701759811000)/",28350,100,1917800,54419000000,450,true,1.61
"HDG",140248,"/Date(1701759801000)/",28350,300,1917700,54416000000,450,true,1.61
"HDG",140248,"/Date(1701759801000)/",28350,400,1917400,54408000000,450,true,1.61
"HDG",140242,"/Date(1701759795000)/",28350,4600,1917000,54396000000,450,true,1.61
"HDG",140242,"/Date(1701759795000)/",28350,400,1912400,54266000000,450,true,1.61
"HDG",140207,"/Date(1701759759000)/",28400,500,1912000,54254000000,500,false,1.79
"HDG",140200,"/Date(1701759754000)/",28400,100,1911500,54240000000,500,false,1.79
"HDG",140200,"/Date(1701759754000)/",28400,400,1911400,54237000000,500,false,1.79
"HDG",140200,"/Date(1701759754000)/",28400,2600,1911000,54226000000,500,false,1.79
"HDG",140200,"/Date(1701759752000)/",28400,700,1908400,54152000000,500,false,1.79
"HDG",140157,"/Date(1701759751000)/",28350,100,1907700,54132000000,450,true,1.61
"HDG",140148,"/Date(1701759741000)/",28350,500,1907600,54129000000,450,true,1.61
"HDG",140148,"/Date(1701759741000)/",28350,400,1907100,54115000000,450,true,1.61
"HDG",140145,"/Date(1701759738000)/",28350,4000,1906700,54104000000,450,true,1.61
"HDG",140141,"/Date(1701759736000)/",28350,600,1902700,53991000000,450,true,1.61
"HDG",140141,"/Date(1701759736000)/",28350,1000,1902100,53974000000,450,true,1.61
"HDG",140141,"/Date(1701759736000)/",28350,100,1901100,53945000000,450,true,1.61
"HDG",140141,"/Date(1701759736000)/",28350,400,1901000,53942000000,450,true,1.61
"HDG",140138,"/Date(1701759730000)/",28350,100,1900600,53931000000,450,true,1.61
"HDG",140129,"/Date(1701759723000)/",28350,500,1900500,53928000000,450,true,1.61
"HDG",140129,"/Date(1701759723000)/",28350,500,1900000,53914000000,450,true,1.61
"HDG",140106,"/Date(1701759700000)/",28400,3000,1899500,53900000000,500,false,1.79
"HDG",140053,"/Date(1701759685000)/",28400,600,1896500,53815000000,500,false,1.79
"HDG",140012,"/Date(1701759646000)/",28400,100,1895900,53798000000,500,false,1.79
"HDG",140002,"/Date(1701759634000)/",28400,3000,1895800,53795000000,500,true,1.79
"HDG",135946,"/Date(1701759619000)/",28450,600,1892800,53710000000,550,false,1.97
"HDG",135839,"/Date(1701759553000)/",28450,600,1892200,53692000000,550,false,1.97
"HDG",135748,"/Date(1701759501000)/",28350,300,1891600,53675000000,450,true,1.61
"HDG",135748,"/Date(1701759501000)/",28350,100,1891300,53667000000,450,true,1.61
"HDG",135745,"/Date(1701759498000)/",28350,300,1891200,53664000000,450,true,1.61
"HDG",135745,"/Date(1701759498000)/",28350,100,1890900,53656000000,450,true,1.61
"HDG",135745,"/Date(1701759498000)/",28350,2400,1890800,53653000000,450,true,1.61
"HDG",135735,"/Date(1701759486000)/",28450,600,1888400,53585000000,550,false,1.97
"HDG",135641,"/Date(1701759433000)/",28450,100,1887800,53568000000,550,false,1.97
"HDG",135628,"/Date(1701759420000)/",28450,600,1887700,53565000000,550,false,1.97
"HDG",135537,"/Date(1701759369000)/",28350,600,1887100,53548000000,450,true,1.61
"HDG",135521,"/Date(1701759353000)/",28450,600,1886500,53531000000,550,false,1.97
"HDG",135521,"/Date(1701759353000)/",28350,1000,1885900,53514000000,450,true,1.61
"HDG",135502,"/Date(1701759333000)/",28450,100,1884900,53485000000,550,false,1.97
"HDG",135459,"/Date(1701759330000)/",28350,1400,1884800,53482000000,450,true,1.61
"HDG",135455,"/Date(1701759327000)/",28350,400,1883400,53443000000,450,false,1.61
"HDG",135455,"/Date(1701759327000)/",28350,4200,1883000,53431000000,450,false,1.61
"HDG",135449,"/Date(1701759323000)/",28350,5000,1878800,53312000000,450,false,1.61
"HDG",135427,"/Date(1701759301000)/",28350,700,1873800,53171000000,450,true,1.61
"HDG",135427,"/Date(1701759301000)/",28400,2100,1873100,53151000000,500,true,1.79
"HDG",135427,"/Date(1701759298000)/",28350,300,1871000,53091000000,450,true,1.61
"HDG",135427,"/Date(1701759298000)/",28350,1500,1870700,53083000000,450,true,1.61
"HDG",135427,"/Date(1701759298000)/",28350,100,1869200,53040000000,450,true,1.61
"HDG",135427,"/Date(1701759298000)/",28350,100,1869100,53037000000,450,true,1.61
"HDG",135427,"/Date(1701759298000)/",28350,500,1869000,53034000000,450,true,1.61
"HDG",135427,"/Date(1701759298000)/",28350,600,1868500,53020000000,450,true,1.61
"HDG",135427,"/Date(1701759298000)/",28350,500,1867900,53003000000,450,true,1.61
"HDG",135427,"/Date(1701759298000)/",28350,500,1867400,52989000000,450,true,1.61
"HDG",135427,"/Date(1701759298000)/",28350,1400,1866900,52975000000,450,true,1.61
"HDG",135427,"/Date(1701759298000)/",28350,4900,1865500,52935000000,450,true,1.61
"HDG",135427,"/Date(1701759298000)/",28350,3000,1860600,52796000000,450,true,1.61
"HDG",135427,"/Date(1701759298000)/",28350,1000,1857600,52711000000,450,true,1.61
"HDG",135427,"/Date(1701759298000)/",28400,500,1856600,52683000000,500,true,1.79
"HDG",135420,"/Date(1701759294000)/",28400,200,1856100,52669000000,500,false,1.79
"HDG",135420,"/Date(1701759294000)/",28400,200,1855900,52663000000,500,false,1.79
"HDG",135420,"/Date(1701759294000)/",28400,300,1855700,52657000000,500,false,1.79
"HDG",135420,"/Date(1701759294000)/",28400,200,1855400,52649000000,500,false,1.79
"HDG",135420,"/Date(1701759294000)/",28400,300,1855200,52643000000,500,false,1.79
"HDG",135420,"/Date(1701759294000)/",28400,100,1854900,52635000000,500,false,1.79
"HDG",135420,"/Date(1701759294000)/",28400,1200,1854800,52632000000,500,false,1.79
"HDG",135420,"/Date(1701759294000)/",28400,1000,1853600,52598000000,500,false,1.79
"HDG",135420,"/Date(1701759294000)/",28400,100,1852600,52569000000,500,false,1.79
"HDG",135420,"/Date(1701759294000)/",28400,1000,1852500,52566000000,500,false,1.79
"HDG",135420,"/Date(1701759294000)/",28400,800,1851500,52538000000,500,false,1.79
"HDG",135420,"/Date(1701759291000)/",28400,200,1850700,52515000000,500,false,1.79
"HDG",135420,"/Date(1701759291000)/",28400,2000,1850500,52510000000,500,false,1.79
"HDG",135420,"/Date(1701759291000)/",28400,1000,1848500,52453000000,500,false,1.79
"HDG",135420,"/Date(1701759291000)/",28400,500,1847500,52424000000,500,false,1.79
"HDG",135420,"/Date(1701759291000)/",28400,5000,1847000,52410000000,500,false,1.79
"HDG",135420,"/Date(1701759291000)/",28400,5000,1842000,52268000000,500,false,1.79
"HDG",135420,"/Date(1701759291000)/",28400,400,1837000,52126000000,500,false,1.79
"HDG",135420,"/Date(1701759291000)/",28400,100,1836600,52115000000,500,false,1.79
"HDG",135420,"/Date(1701759291000)/",28400,500,1836500,52112000000,500,false,1.79
"HDG",135420,"/Date(1701759291000)/",28400,1000,1836000,52098000000,500,false,1.79
"HDG",135420,"/Date(1701759291000)/",28400,5000,1835000,52069000000,500,false,1.79
"HDG",135420,"/Date(1701759291000)/",28400,8100,1830000,51927000000,500,false,1.79
"HDG",135420,"/Date(1701759291000)/",28400,10000,1821900,51697000000,500,false,1.79
"HDG",135420,"/Date(1701759291000)/",28400,1000,1811900,51413000000,500,false,1.79
"HDG",135420,"/Date(1701759291000)/",28400,100,1810900,51385000000,500,false,1.79
"HDG",135420,"/Date(1701759291000)/",28400,2000,1810800,51382000000,500,false,1.79
"HDG",135420,"/Date(1701759291000)/",28400,3500,1808800,51325000000,500,false,1.79
"HDG",135420,"/Date(1701759291000)/",28400,100,1805300,51226000000,500,false,1.79
"HDG",135420,"/Date(1701759291000)/",28400,1000,1805200,51223000000,500,false,1.79
"HDG",135420,"/Date(1701759291000)/",28400,300,1804200,51195000000,500,false,1.79
"HDG",135420,"/Date(1701759291000)/",28400,3000,1803900,51186000000,500,false,1.79
"HDG",135420,"/Date(1701759291000)/",28400,5000,1800900,51101000000,500,false,1.79
"HDG",135420,"/Date(1701759291000)/",28400,100,1795900,50959000000,500,false,1.79
"HDG",135420,"/Date(1701759291000)/",28400,5100,1795800,50956000000,500,false,1.79
"HDG",135414,"/Date(1701759287000)/",28400,600,1790700,50811000000,500,false,1.79
"HDG",135411,"/Date(1701759284000)/",28400,800,1790100,50794000000,500,false,1.79
"HDG",135332,"/Date(1701759245000)/",28350,100,1789300,50772000000,450,true,1.61
"HDG",135329,"/Date(1701759241000)/",28350,400,1789200,50769000000,450,true,1.61
"HDG",135320,"/Date(1701759231000)/",28350,3000,1788800,50757000000,450,true,1.61
"HDG",135313,"/Date(1701759225000)/",28350,100,1785800,50672000000,450,false,1.61
"HDG",135313,"/Date(1701759225000)/",28350,15000,1785700,50669000000,450,false,1.61
"HDG",135313,"/Date(1701759225000)/",28350,1400,1770700,50244000000,450,false,1.61
"HDG",135313,"/Date(1701759225000)/",28350,400,1769300,50205000000,450,false,1.61
"HDG",135313,"/Date(1701759225000)/",28350,2000,1768900,50193000000,450,false,1.61
"HDG",135313,"/Date(1701759225000)/",28350,600,1766900,50137000000,450,false,1.61
"HDG",135307,"/Date(1701759220000)/",28350,600,1766300,50119000000,450,false,1.61
"HDG",135248,"/Date(1701759201000)/",28350,1000,1765700,50102000000,450,false,1.61
"HDG",135241,"/Date(1701759193000)/",28350,2000,1764700,50074000000,450,false,1.61
"HDG",135238,"/Date(1701759191000)/",28350,10000,1762700,50017000000,450,false,1.61
"HDG",135228,"/Date(1701759180000)/",28350,1000,1752700,49734000000,450,false,1.61
"HDG",135228,"/Date(1701759180000)/",28350,100,1751700,49706000000,450,false,1.61
"HDG",135228,"/Date(1701759180000)/",28350,3300,1751600,49703000000,450,false,1.61
"HDG",135206,"/Date(1701759158000)/",28400,2000,1748300,49609000000,500,false,1.79
"HDG",135200,"/Date(1701759153000)/",28400,600,1746300,49552000000,500,false,1.79
"HDG",135153,"/Date(1701759145000)/",28350,500,1745700,49535000000,450,true,1.61
"HDG",135141,"/Date(1701759133000)/",28350,300,1745200,49521000000,450,true,1.61
"HDG",135121,"/Date(1701759114000)/",28350,100,1744900,49513000000,450,true,1.61
"HDG",135059,"/Date(1701759091000)/",28300,100,1744800,49510000000,400,true,1.43
"HDG",135059,"/Date(1701759091000)/",28300,500,1744700,49507000000,400,true,1.43
"HDG",135056,"/Date(1701759089000)/",28300,2300,1744200,49493000000,400,true,1.43
"HDG",135056,"/Date(1701759089000)/",28350,500,1741900,49428000000,450,false,1.61
"HDG",135056,"/Date(1701759088000)/",28400,200,1741400,49414000000,500,false,1.79
"HDG",135056,"/Date(1701759088000)/",28350,200,1741200,49408000000,450,false,1.61
"HDG",135056,"/Date(1701759088000)/",28350,200,1741000,49402000000,450,false,1.61
"HDG",135053,"/Date(1701759085000)/",28350,200,1740800,49397000000,450,false,1.61
"HDG",135053,"/Date(1701759084000)/",28350,600,1740600,49391000000,450,false,1.61
"HDG",135053,"/Date(1701759084000)/",28350,300,1740000,49374000000,450,false,1.61
"HDG",135053,"/Date(1701759084000)/",28350,100,1739700,49365000000,450,false,1.61
"HDG",135033,"/Date(1701759066000)/",28350,200,1739600,49363000000,450,false,1.61
"HDG",135033,"/Date(1701759066000)/",28350,100,1739400,49357000000,450,false,1.61
"HDG",135027,"/Date(1701759061000)/",28350,200,1739300,49354000000,450,false,1.61
"HDG",135027,"/Date(1701759061000)/",28350,200,1739100,49348000000,450,false,1.61
"HDG",135027,"/Date(1701759061000)/",28350,600,1738900,49343000000,450,false,1.61
"HDG",135027,"/Date(1701759061000)/",28350,1300,1738300,49326000000,450,false,1.61
"HDG",134955,"/Date(1701759027000)/",28350,600,1737000,49289000000,450,true,1.61
"HDG",134955,"/Date(1701759027000)/",28350,2000,1736400,49272000000,450,true,1.61
"HDG",134955,"/Date(1701759027000)/",28350,300,1734400,49215000000,450,true,1.61
"HDG",134949,"/Date(1701759022000)/",28400,700,1734100,49207000000,500,false,1.79
"HDG",134949,"/Date(1701759021000)/",28350,100,1733400,49187000000,450,false,1.61
"HDG",134949,"/Date(1701759020000)/",28350,200,1733300,49184000000,450,false,1.61
"HDG",134949,"/Date(1701759020000)/",28350,400,1733100,49178000000,450,false,1.61
"HDG",134939,"/Date(1701759011000)/",28350,100,1732700,49167000000,450,true,1.61
"HDG",134939,"/Date(1701759011000)/",28350,800,1732600,49164000000,450,true,1.61
"HDG",134933,"/Date(1701759006000)/",28350,100,1731800,49141000000,450,true,1.61
"HDG",134929,"/Date(1701759002000)/",28350,100,1731700,49139000000,450,false,1.61
"HDG",134929,"/Date(1701759002000)/",28350,300,1731600,49136000000,450,false,1.61
"HDG",134929,"/Date(1701759002000)/",28350,6600,1731300,49127000000,450,false,1.61
"HDG",134929,"/Date(1701759002000)/",28350,100,1724700,48940000000,450,false,1.61
"HDG",134929,"/Date(1701759002000)/",28350,1000,1724600,48937000000,450,false,1.61
"HDG",134929,"/Date(1701759002000)/",28350,800,1723600,48909000000,450,false,1.61
"HDG",134926,"/Date(1701758997000)/",28350,1000,1722800,48886000000,450,false,1.61
"HDG",134907,"/Date(1701758978000)/",28350,500,1721800,48858000000,450,false,1.61
"HDG",134841,"/Date(1701758954000)/",28350,600,1721300,48844000000,450,false,1.61
"HDG",134822,"/Date(1701758933000)/",28350,100,1720700,48827000000,450,false,1.61
"HDG",134822,"/Date(1701758933000)/",28350,2500,1720600,48824000000,450,false,1.61
"HDG",134757,"/Date(1701758910000)/",28350,3000,1718100,48753000000,450,false,1.61
"HDG",134757,"/Date(1701758910000)/",28350,1000,1715100,48668000000,450,false,1.61
"HDG",134757,"/Date(1701758910000)/",28350,1300,1714100,48640000000,450,false,1.61
"HDG",134757,"/Date(1701758910000)/",28350,100,1712800,48603000000,450,false,1.61
"HDG",134757,"/Date(1701758910000)/",28350,10000,1712700,48600000000,450,false,1.61
"HDG",134757,"/Date(1701758910000)/",28350,1400,1702700,48316000000,450,false,1.61
"HDG",134757,"/Date(1701758910000)/",28350,100,1701300,48277000000,450,false,1.61
"HDG",134741,"/Date(1701758894000)/",28350,100,1701200,48274000000,450,false,1.61
"HDG",134741,"/Date(1701758894000)/",28350,100,1701100,48271000000,450,false,1.61
"HDG",134741,"/Date(1701758894000)/",28350,300,1701000,48268000000,450,false,1.61
"HDG",134738,"/Date(1701758889000)/",28350,600,1700700,48260000000,450,false,1.61
"HDG",134640,"/Date(1701758831000)/",28300,200,1700100,48243000000,400,true,1.43
"HDG",134634,"/Date(1701758826000)/",28300,100,1699900,48237000000,400,true,1.43
"HDG",134634,"/Date(1701758826000)/",28300,200,1699800,48234000000,400,true,1.43
"HDG",134634,"/Date(1701758826000)/",28300,100,1699600,48229000000,400,true,1.43
"HDG",134630,"/Date(1701758821000)/",28350,600,1699500,48226000000,450,false,1.61
"HDG",134627,"/Date(1701758821000)/",28300,700,1698900,48209000000,400,true,1.43
"HDG",134618,"/Date(1701758811000)/",28300,5000,1698200,48189000000,400,true,1.43
"HDG",134614,"/Date(1701758807000)/",28350,100,1693200,48047000000,450,false,1.61
"HDG",134614,"/Date(1701758806000)/",28350,1000,1693100,48045000000,450,false,1.61
"HDG",134611,"/Date(1701758802000)/",28300,600,1692100,48016000000,400,true,1.43
"HDG",134526,"/Date(1701758758000)/",28350,200,1691500,47999000000,450,true,1.61
"HDG",134523,"/Date(1701758755000)/",28400,300,1691300,47994000000,500,false,1.79
"HDG",134523,"/Date(1701758755000)/",28400,300,1691000,47985000000,500,false,1.79
"HDG",134520,"/Date(1701758751000)/",28350,100,1690700,47977000000,450,true,1.61
"HDG",134510,"/Date(1701758743000)/",28350,1300,1690600,47974000000,450,true,1.61
"HDG",134448,"/Date(1701758721000)/",28350,400,1689300,47937000000,450,true,1.61
"HDG",134445,"/Date(1701758717000)/",28350,1000,1688900,47925000000,450,true,1.61
"HDG",134445,"/Date(1701758716000)/",28350,100,1687900,47897000000,450,true,1.61
"HDG",134445,"/Date(1701758716000)/",28350,1900,1687800,47894000000,450,true,1.61
"HDG",134435,"/Date(1701758707000)/",28350,100,1685900,47840000000,450,true,1.61
"HDG",134429,"/Date(1701758701000)/",28350,100,1685800,47838000000,450,false,1.61
"HDG",134429,"/Date(1701758701000)/",28350,800,1685700,47835000000,450,false,1.61
"HDG",134416,"/Date(1701758688000)/",28350,600,1684900,47812000000,450,false,1.61
"HDG",134410,"/Date(1701758683000)/",28300,200,1684300,47795000000,400,true,1.43
"HDG",134410,"/Date(1701758681000)/",28350,100,1684100,47789000000,450,true,1.61
"HDG",134403,"/Date(1701758674000)/",28350,500,1684000,47787000000,450,false,1.61
"HDG",134403,"/Date(1701758674000)/",28350,300,1683500,47772000000,450,false,1.61
"HDG",134403,"/Date(1701758674000)/",28350,9100,1683200,47764000000,450,false,1.61
"HDG",134400,"/Date(1701758671000)/",28300,500,1674100,47506000000,400,true,1.43
"HDG",134347,"/Date(1701758660000)/",28300,3500,1673600,47492000000,400,true,1.43
"HDG",134341,"/Date(1701758652000)/",28350,1000,1670100,47393000000,450,true,1.61
"HDG",134341,"/Date(1701758652000)/",28350,1000,1669100,47364000000,450,true,1.61
"HDG",134334,"/Date(1701758645000)/",28350,300,1668100,47336000000,450,true,1.61
"HDG",134318,"/Date(1701758631000)/",28350,400,1667800,47328000000,450,true,1.61
"HDG",134315,"/Date(1701758627000)/",28350,300,1667400,47316000000,450,true,1.61
"HDG",134315,"/Date(1701758627000)/",28350,700,1667100,47308000000,450,true,1.61
"HDG",134312,"/Date(1701758622000)/",28400,600,1666400,47288000000,500,false,1.79
"HDG",134309,"/Date(1701758621000)/",28350,300,1665800,47271000000,450,true,1.61
"HDG",134309,"/Date(1701758620000)/",28350,1000,1665500,47262000000,450,true,1.61
"HDG",134309,"/Date(1701758619000)/",28350,2000,1664500,47234000000,450,true,1.61
"HDG",134259,"/Date(1701758611000)/",28350,100,1662500,47177000000,450,true,1.61
"HDG",134250,"/Date(1701758601000)/",28350,900,1662400,47174000000,450,true,1.61
"HDG",134250,"/Date(1701758601000)/",28350,300,1661500,47149000000,450,true,1.61
"HDG",134246,"/Date(1701758598000)/",28350,200,1661200,47140000000,450,true,1.61
"HDG",134246,"/Date(1701758598000)/",28350,100,1661000,47135000000,450,true,1.61
"HDG",134246,"/Date(1701758598000)/",28350,200,1660900,47132000000,450,true,1.61
"HDG",134246,"/Date(1701758598000)/",28350,1000,1660700,47126000000,450,true,1.61
"HDG",134246,"/Date(1701758598000)/",28350,300,1659700,47098000000,450,true,1.61
"HDG",134246,"/Date(1701758598000)/",28350,1000,1659400,47089000000,450,true,1.61
"HDG",134246,"/Date(1701758598000)/",28350,1000,1658400,47061000000,450,true,1.61
"HDG",134246,"/Date(1701758598000)/",28350,1100,1657400,47033000000,450,true,1.61
"HDG",134246,"/Date(1701758598000)/",28350,100,1656300,47001000000,450,true,1.61
"HDG",134243,"/Date(1701758596000)/",28350,500,1656200,46999000000,450,true,1.61
"HDG",134243,"/Date(1701758596000)/",28350,600,1655700,46984000000,450,true,1.61
"HDG",134243,"/Date(1701758596000)/",28350,1400,1655100,46967000000,450,true,1.61
"HDG",134240,"/Date(1701758593000)/",28350,500,1653700,46928000000,450,true,1.61
"HDG",134234,"/Date(1701758584000)/",28350,100,1653200,46914000000,450,true,1.61
"HDG",134230,"/Date(1701758581000)/",28350,300,1653100,46911000000,450,true,1.61
"HDG",134221,"/Date(1701758573000)/",28350,200,1652800,46902000000,450,true,1.61
"HDG",134221,"/Date(1701758573000)/",28350,1800,1652600,46897000000,450,true,1.61
"HDG",134205,"/Date(1701758555000)/",28400,600,1650800,46846000000,500,false,1.79
"HDG",134158,"/Date(1701758551000)/",28350,300,1650200,46828000000,450,true,1.61
"HDG",134155,"/Date(1701758548000)/",28350,2000,1649900,46820000000,450,true,1.61
"HDG",134155,"/Date(1701758547000)/",28350,100,1647900,46763000000,450,true,1.61
"HDG",134155,"/Date(1701758546000)/",28400,100,1647800,46760000000,500,false,1.79
"HDG",134058,"/Date(1701758490000)/",28400,600,1647700,46758000000,500,false,1.79
"HDG",134054,"/Date(1701758484000)/",28350,800,1647100,46741000000,450,true,1.61
"HDG",134054,"/Date(1701758484000)/",28350,200,1646300,46718000000,450,true,1.61
"HDG",134048,"/Date(1701758480000)/",28350,300,1646100,46712000000,450,true,1.61
"HDG",134048,"/Date(1701758480000)/",28350,100,1645800,46704000000,450,true,1.61
"HDG",133951,"/Date(1701758423000)/",28400,400,1645700,46701000000,500,false,1.79
"HDG",133951,"/Date(1701758423000)/",28400,100,1645300,46690000000,500,false,1.79
"HDG",133951,"/Date(1701758423000)/",28400,100,1645200,46687000000,500,false,1.79
"HDG",133941,"/Date(1701758412000)/",28400,100,1645100,46684000000,500,false,1.79
"HDG",133941,"/Date(1701758412000)/",28400,200,1645000,46681000000,500,false,1.79
"HDG",133846,"/Date(1701758359000)/",28400,200,1644800,46675000000,500,false,1.79
"HDG",133846,"/Date(1701758356000)/",28400,600,1644600,46670000000,500,false,1.79
"HDG",133824,"/Date(1701758336000)/",28400,600,1644000,46653000000,500,true,1.79
"HDG",133824,"/Date(1701758336000)/",28400,400,1643400,46636000000,500,true,1.79
"HDG",133821,"/Date(1701758331000)/",28400,400,1643000,46624000000,500,true,1.79
"HDG",133818,"/Date(1701758328000)/",28400,400,1642600,46613000000,500,true,1.79
"HDG",133818,"/Date(1701758328000)/",28400,500,1642200,46601000000,500,true,1.79
"HDG",133818,"/Date(1701758328000)/",28400,100,1641700,46587000000,500,true,1.79
"HDG",133818,"/Date(1701758328000)/",28400,400,1641600,46584000000,500,true,1.79
"HDG",133811,"/Date(1701758321000)/",28400,1100,1641200,46573000000,500,true,1.79
"HDG",133808,"/Date(1701758321000)/",28400,500,1640100,46542000000,500,true,1.79
"HDG",133805,"/Date(1701758316000)/",28400,200,1639600,46528000000,500,true,1.79
"HDG",133805,"/Date(1701758316000)/",28400,2800,1639400,46522000000,500,true,1.79
"HDG",133805,"/Date(1701758316000)/",28400,200,1636600,46442000000,500,true,1.79
"HDG",133802,"/Date(1701758311000)/",28400,100,1636400,46437000000,500,true,1.79
"HDG",133758,"/Date(1701758311000)/",28400,400,1636300,46434000000,500,true,1.79
"HDG",133752,"/Date(1701758305000)/",28400,300,1635900,46423000000,500,true,1.79
"HDG",133752,"/Date(1701758305000)/",28400,100,1635600,46414000000,500,true,1.79
"HDG",133752,"/Date(1701758305000)/",28400,1000,1635500,46411000000,500,true,1.79
"HDG",133752,"/Date(1701758305000)/",28400,200,1634500,46383000000,500,true,1.79
"HDG",133752,"/Date(1701758305000)/",28400,1200,1634300,46377000000,500,true,1.79
"HDG",133739,"/Date(1701758290000)/",28450,600,1633100,46343000000,550,false,1.97
"HDG",133730,"/Date(1701758281000)/",28400,100,1632500,46326000000,500,true,1.79
"HDG",133730,"/Date(1701758281000)/",28400,500,1632400,46323000000,500,true,1.79
"HDG",133723,"/Date(1701758276000)/",28400,2600,1631900,46309000000,500,true,1.79
"HDG",133723,"/Date(1701758276000)/",28400,100,1629300,46235000000,500,true,1.79
"HDG",133723,"/Date(1701758276000)/",28400,300,1629200,46232000000,500,true,1.79
"HDG",133720,"/Date(1701758271000)/",28400,200,1628900,46224000000,500,true,1.79
"HDG",133720,"/Date(1701758271000)/",28400,500,1628700,46218000000,500,true,1.79
"HDG",133714,"/Date(1701758266000)/",28400,500,1628200,46204000000,500,true,1.79
"HDG",133714,"/Date(1701758266000)/",28400,3000,1627700,46190000000,500,true,1.79
"HDG",133714,"/Date(1701758266000)/",28400,1500,1624700,46104000000,500,true,1.79
"HDG",133707,"/Date(1701758258000)/",28400,500,1623200,46062000000,500,true,1.79
"HDG",133632,"/Date(1701758224000)/",28450,100,1622700,46048000000,550,false,1.97
"HDG",133632,"/Date(1701758224000)/",28450,500,1622600,46045000000,550,false,1.97
"HDG",133632,"/Date(1701758224000)/",28450,100,1622100,46031000000,550,false,1.97
"HDG",133623,"/Date(1701758213000)/",28450,300,1622000,46028000000,550,false,1.97
"HDG",133528,"/Date(1701758157000)/",28450,600,1621700,46019000000,550,false,1.97
"HDG",133440,"/Date(1701758111000)/",28400,300,1621100,46002000000,500,true,1.79
"HDG",133430,"/Date(1701758102000)/",28400,2100,1620800,45994000000,500,true,1.79
"HDG",133421,"/Date(1701758091000)/",28450,600,1618700,45934000000,550,false,1.97
"HDG",133336,"/Date(1701758045000)/",28450,100,1618100,45917000000,550,false,1.97
"HDG",133314,"/Date(1701758025000)/",28450,300,1618000,45914000000,550,false,1.97
"HDG",133314,"/Date(1701758025000)/",28450,300,1617700,45906000000,550,false,1.97
"HDG",133304,"/Date(1701758015000)/",28450,100,1617400,45897000000,550,false,1.97
"HDG",133207,"/Date(1701757958000)/",28450,600,1617300,45894000000,550,false,1.97
"HDG",133128,"/Date(1701757918000)/",28450,100,1616700,45877000000,550,false,1.97
"HDG",133100,"/Date(1701757892000)/",28450,600,1616600,45874000000,550,false,1.97
"HDG",133040,"/Date(1701757872000)/",28400,100,1616000,45857000000,500,true,1.79
"HDG",133034,"/Date(1701757865000)/",28400,500,1615900,45854000000,500,true,1.79
"HDG",132953,"/Date(1701757825000)/",28450,100,1615400,45840000000,550,false,1.97
"HDG",132953,"/Date(1701757825000)/",28400,300,1615300,45837000000,500,false,1.79
"HDG",132953,"/Date(1701757825000)/",28400,200,1615000,45829000000,500,false,1.79
"HDG",132940,"/Date(1701757810000)/",28400,2400,1614800,45823000000,500,true,1.79
"HDG",132933,"/Date(1701757803000)/",28400,1000,1612400,45755000000,500,false,1.79
"HDG",132933,"/Date(1701757803000)/",28400,1600,1611400,45727000000,500,false,1.79
"HDG",132933,"/Date(1701757803000)/",28400,300,1609800,45681000000,500,false,1.79
"HDG",132933,"/Date(1701757803000)/",28400,10000,1609500,45673000000,500,false,1.79
"HDG",132933,"/Date(1701757803000)/",28400,4700,1599500,45389000000,500,false,1.79
"HDG",132849,"/Date(1701757758000)/",28400,600,1594800,45255000000,500,false,1.79
"HDG",132741,"/Date(1701757692000)/",28400,600,1594200,45238000000,500,false,1.79
"HDG",132738,"/Date(1701757689000)/",28350,500,1593600,45221000000,450,true,1.61
"HDG",132700,"/Date(1701757650000)/",28400,100,1593100,45207000000,500,false,1.79
"HDG",132700,"/Date(1701757650000)/",28400,1900,1593000,45204000000,500,false,1.79
"HDG",132634,"/Date(1701757625000)/",28400,100,1591100,45150000000,500,false,1.79
"HDG",132634,"/Date(1701757625000)/",28400,500,1591000,45147000000,500,false,1.79
"HDG",132602,"/Date(1701757592000)/",28400,1500,1590500,45133000000,500,false,1.79
"HDG",132602,"/Date(1701757592000)/",28400,200,1589000,45090000000,500,false,1.79
"HDG",132602,"/Date(1701757592000)/",28400,3000,1588800,45085000000,500,false,1.79
"HDG",132602,"/Date(1701757592000)/",28400,1000,1585800,44999000000,500,false,1.79
"HDG",132602,"/Date(1701757592000)/",28400,1000,1584800,44971000000,500,false,1.79
"HDG",132602,"/Date(1701757592000)/",28400,500,1583800,44943000000,500,false,1.79
"HDG",132602,"/Date(1701757592000)/",28400,100,1583300,44928000000,500,false,1.79
"HDG",132602,"/Date(1701757592000)/",28400,100,1583200,44926000000,500,false,1.79
"HDG",132602,"/Date(1701757592000)/",28400,200,1583100,44923000000,500,false,1.79
"HDG",132602,"/Date(1701757592000)/",28400,2000,1582900,44917000000,500,false,1.79
"HDG",132602,"/Date(1701757592000)/",28400,200,1580900,44860000000,500,false,1.79
"HDG",132602,"/Date(1701757592000)/",28400,100,1580700,44855000000,500,false,1.79
"HDG",132602,"/Date(1701757592000)/",28400,100,1580600,44852000000,500,false,1.79
"HDG",132602,"/Date(1701757592000)/",28400,500,1580500,44849000000,500,false,1.79
"HDG",132602,"/Date(1701757592000)/",28400,200,1580000,44835000000,500,false,1.79
"HDG",132602,"/Date(1701757592000)/",28400,500,1579800,44829000000,500,false,1.79
"HDG",132602,"/Date(1701757592000)/",28400,100,1579300,44815000000,500,false,1.79
"HDG",132602,"/Date(1701757592000)/",28400,2000,1579200,44812000000,500,false,1.79
"HDG",132602,"/Date(1701757592000)/",28400,300,1577200,44755000000,500,false,1.79
"HDG",132602,"/Date(1701757592000)/",28400,1000,1576900,44747000000,500,false,1.79
"HDG",132602,"/Date(1701757592000)/",28400,5000,1575900,44718000000,500,false,1.79
"HDG",132602,"/Date(1701757592000)/",28400,1500,1570900,44576000000,500,false,1.79
"HDG",132602,"/Date(1701757592000)/",28400,500,1569400,44534000000,500,false,1.79
"HDG",132602,"/Date(1701757592000)/",28400,200,1568900,44520000000,500,false,1.79
"HDG",132602,"/Date(1701757592000)/",28400,200,1568700,44514000000,500,false,1.79
"HDG",132602,"/Date(1701757592000)/",28400,100,1568500,44508000000,500,false,1.79
"HDG",132602,"/Date(1701757592000)/",28400,1000,1568400,44505000000,500,false,1.79
"HDG",132602,"/Date(1701757592000)/",28400,100,1567400,44477000000,500,false,1.79
"HDG",132602,"/Date(1701757592000)/",28400,10000,1567300,44474000000,500,false,1.79
"HDG",132602,"/Date(1701757592000)/",28400,100,1557300,44190000000,500,false,1.79
"HDG",132602,"/Date(1701757592000)/",28400,100,1557200,44187000000,500,false,1.79
"HDG",132602,"/Date(1701757592000)/",28400,5000,1557100,44184000000,500,false,1.79
"HDG",132602,"/Date(1701757592000)/",28400,200,1552100,44042000000,500,false,1.79
"HDG",132602,"/Date(1701757592000)/",28400,1400,1551900,44037000000,500,false,1.79
"HDG",132559,"/Date(1701757590000)/",28350,200,1550500,43997000000,450,false,1.61
"HDG",132559,"/Date(1701757588000)/",28350,200,1550300,43991000000,450,false,1.61
"HDG",132556,"/Date(1701757585000)/",28350,100,1550100,43986000000,450,false,1.61
"HDG",132556,"/Date(1701757585000)/",28350,900,1550000,43983000000,450,false,1.61
"HDG",132549,"/Date(1701757580000)/",28350,100,1549100,43957000000,450,false,1.61
"HDG",132549,"/Date(1701757580000)/",28350,200,1549000,43954000000,450,false,1.61
"HDG",132549,"/Date(1701757580000)/",28350,100,1548800,43949000000,450,false,1.61
"HDG",132549,"/Date(1701757580000)/",28350,100,1548700,43946000000,450,false,1.61
"HDG",132530,"/Date(1701757559000)/",28350,400,1548600,43943000000,450,false,1.61
"HDG",132530,"/Date(1701757559000)/",28350,100,1548200,43932000000,450,false,1.61
"HDG",132530,"/Date(1701757559000)/",28350,100,1548100,43929000000,450,false,1.61
"HDG",132527,"/Date(1701757557000)/",28350,500,1548000,43926000000,450,false,1.61
"HDG",132524,"/Date(1701757553000)/",28350,1000,1547500,43912000000,450,false,1.61
"HDG",132521,"/Date(1701757550000)/",28350,500,1546500,43884000000,450,false,1.61
"HDG",132514,"/Date(1701757543000)/",28300,1400,1546000,43869000000,400,true,1.43
"HDG",132505,"/Date(1701757535000)/",28350,1000,1544600,43830000000,450,false,1.61
"HDG",132455,"/Date(1701757525000)/",28350,1000,1543600,43801000000,450,false,1.61
"HDG",132445,"/Date(1701757517000)/",28350,100,1542600,43773000000,450,false,1.61
"HDG",132445,"/Date(1701757517000)/",28350,100,1542500,43770000000,450,false,1.61
"HDG",132445,"/Date(1701757517000)/",28350,10000,1542400,43767000000,450,false,1.61
"HDG",132445,"/Date(1701757517000)/",28350,100,1532400,43484000000,450,false,1.61
"HDG",132445,"/Date(1701757517000)/",28350,100,1532300,43481000000,450,false,1.61
"HDG",132445,"/Date(1701757517000)/",28350,500,1532200,43478000000,450,false,1.61
"HDG",132445,"/Date(1701757517000)/",28350,5000,1531700,43464000000,450,false,1.61
"HDG",132445,"/Date(1701757517000)/",28350,100,1526700,43322000000,450,false,1.61
"HDG",132445,"/Date(1701757517000)/",28350,1000,1526600,43319000000,450,false,1.61
"HDG",132445,"/Date(1701757517000)/",28350,10900,1525600,43291000000,450,false,1.61
"HDG",132423,"/Date(1701757493000)/",28350,700,1514700,42982000000,450,false,1.61
"HDG",132410,"/Date(1701757479000)/",28350,1200,1514000,42962000000,450,false,1.61
"HDG",132357,"/Date(1701757466000)/",28350,1000,1512800,42928000000,450,false,1.61
"HDG",132342,"/Date(1701757451000)/",28350,1000,1511800,42900000000,450,false,1.61
"HDG",132329,"/Date(1701757440000)/",28350,100,1510800,42872000000,450,false,1.61
"HDG",132316,"/Date(1701757427000)/",28350,600,1510700,42869000000,450,false,1.61
"HDG",132231,"/Date(1701757381000)/",28300,400,1510100,42852000000,400,true,1.43
"HDG",132231,"/Date(1701757380000)/",28300,200,1509700,42840000000,400,true,1.43
"HDG",132221,"/Date(1701757371000)/",28300,3000,1509500,42835000000,400,true,1.43
"HDG",132212,"/Date(1701757361000)/",28300,1000,1506500,42750000000,400,true,1.43
"HDG",132212,"/Date(1701757361000)/",28350,400,1505500,42722000000,450,false,1.61
"HDG",132212,"/Date(1701757360000)/",28350,18600,1505100,42710000000,450,false,1.61
"HDG",132209,"/Date(1701757360000)/",28350,300,1486500,42183000000,450,false,1.61
"HDG",132209,"/Date(1701757360000)/",28350,100,1486200,42174000000,450,false,1.61
"HDG",132209,"/Date(1701757360000)/",28350,200,1486100,42172000000,450,false,1.61
"HDG",132149,"/Date(1701757339000)/",28350,300,1485900,42166000000,450,false,1.61
"HDG",132149,"/Date(1701757339000)/",28350,700,1485600,42157000000,450,false,1.61
"HDG",132140,"/Date(1701757331000)/",28300,100,1484900,42138000000,400,true,1.43
"HDG",132136,"/Date(1701757327000)/",28300,500,1484800,42135000000,400,true,1.43
"HDG",132133,"/Date(1701757324000)/",28350,500,1484300,42121000000,450,false,1.61
"HDG",132130,"/Date(1701757321000)/",28350,200,1483800,42106000000,450,false,1.61
"HDG",132117,"/Date(1701757306000)/",28350,400,1483600,42101000000,450,true,1.61
"HDG",132117,"/Date(1701757306000)/",28350,100,1483200,42089000000,450,true,1.61
"HDG",132117,"/Date(1701757306000)/",28350,100,1483100,42087000000,450,true,1.61
"HDG",132104,"/Date(1701757293000)/",28400,100,1483000,42084000000,500,false,1.79
"HDG",132104,"/Date(1701757293000)/",28400,200,1482900,42081000000,500,false,1.79
"HDG",132104,"/Date(1701757293000)/",28400,300,1482700,42075000000,500,false,1.79
"HDG",132010,"/Date(1701757241000)/",28350,100,1482400,42067000000,450,true,1.61
"HDG",132004,"/Date(1701757234000)/",28350,100,1482300,42064000000,450,true,1.61
"HDG",132004,"/Date(1701757234000)/",28350,200,1482200,42061000000,450,true,1.61
"HDG",132004,"/Date(1701757234000)/",28350,100,1482000,42055000000,450,true,1.61
"HDG",132004,"/Date(1701757234000)/",28350,400,1481900,42052000000,450,true,1.61
"HDG",131957,"/Date(1701757227000)/",28350,600,1481500,42041000000,450,false,1.61
"HDG",131951,"/Date(1701757221000)/",28300,100,1480900,42024000000,400,true,1.43
"HDG",131948,"/Date(1701757218000)/",28300,500,1480800,42021000000,400,true,1.43
"HDG",131948,"/Date(1701757217000)/",28300,700,1480300,42007000000,400,true,1.43
"HDG",131926,"/Date(1701757194000)/",28300,500,1479600,41987000000,400,true,1.43
"HDG",131916,"/Date(1701757187000)/",28350,300,1479100,41973000000,450,false,1.61
"HDG",131916,"/Date(1701757187000)/",28350,100,1478800,41965000000,450,false,1.61
"HDG",131916,"/Date(1701757187000)/",28350,1100,1478700,41962000000,450,false,1.61
"HDG",131857,"/Date(1701757167000)/",28350,400,1477600,41931000000,450,false,1.61
"HDG",131850,"/Date(1701757161000)/",28350,500,1477200,41919000000,450,false,1.61
"HDG",131850,"/Date(1701757161000)/",28350,100,1476700,41905000000,450,false,1.61
"HDG",131825,"/Date(1701757133000)/",28350,100,1476600,41902000000,450,false,1.61
"HDG",131825,"/Date(1701757133000)/",28350,300,1476500,41899000000,450,false,1.61
"HDG",131822,"/Date(1701757131000)/",28350,200,1476200,41891000000,450,true,1.61
"HDG",131822,"/Date(1701757131000)/",28350,100,1476000,41885000000,450,true,1.61
"HDG",131819,"/Date(1701757127000)/",28350,400,1475900,41882000000,450,true,1.61
"HDG",131819,"/Date(1701757127000)/",28350,200,1475500,41871000000,450,true,1.61
"HDG",131819,"/Date(1701757127000)/",28350,1000,1475300,41865000000,450,true,1.61
"HDG",131819,"/Date(1701757127000)/",28350,400,1474300,41837000000,450,true,1.61
"HDG",131812,"/Date(1701757121000)/",28350,100,1473900,41826000000,450,true,1.61
"HDG",131750,"/Date(1701757101000)/",28350,100,1473800,41823000000,450,true,1.61
"HDG",131750,"/Date(1701757098000)/",28350,500,1473700,41820000000,450,true,1.61
"HDG",131743,"/Date(1701757094000)/",28400,600,1473200,41806000000,500,false,1.79
"HDG",131711,"/Date(1701757061000)/",28350,100,1472600,41789000000,450,true,1.61
"HDG",131708,"/Date(1701757059000)/",28350,600,1472500,41786000000,450,true,1.61
"HDG",131702,"/Date(1701757051000)/",28350,200,1471900,41769000000,450,true,1.61
"HDG",131659,"/Date(1701757047000)/",28350,1500,1471700,41763000000,450,true,1.61
"HDG",131640,"/Date(1701757028000)/",28400,100,1470200,41721000000,500,false,1.79
"HDG",131640,"/Date(1701757028000)/",28400,500,1470100,41718000000,500,false,1.79
"HDG",131620,"/Date(1701757009000)/",28350,100,1469600,41704000000,450,true,1.61
"HDG",131611,"/Date(1701756999000)/",28350,200,1469500,41701000000,450,true,1.61
"HDG",131552,"/Date(1701756981000)/",28350,600,1469300,41695000000,450,true,1.61
"HDG",131552,"/Date(1701756979000)/",28350,3000,1468700,41678000000,450,true,1.61
"HDG",131542,"/Date(1701756971000)/",28350,100,1465700,41593000000,450,true,1.61
"HDG",131542,"/Date(1701756971000)/",28350,1500,1465600,41590000000,450,true,1.61
"HDG",131539,"/Date(1701756969000)/",28350,700,1464100,41548000000,450,true,1.61
"HDG",131532,"/Date(1701756963000)/",28350,6000,1463400,41528000000,450,true,1.61
"HDG",131532,"/Date(1701756961000)/",28350,3300,1457400,41358000000,450,true,1.61
"HDG",131532,"/Date(1701756961000)/",28400,500,1454100,41264000000,500,false,1.79
"HDG",131532,"/Date(1701756961000)/",28400,100,1453600,41250000000,500,false,1.79
"HDG",131526,"/Date(1701756957000)/",28350,22200,1453500,41247000000,450,true,1.61
"HDG",131526,"/Date(1701756955000)/",28350,200,1431300,40618000000,450,true,1.61
"HDG",131520,"/Date(1701756949000)/",28350,200,1431100,40612000000,450,true,1.61
"HDG",131510,"/Date(1701756938000)/",28350,200,1430900,40607000000,450,true,1.61
"HDG",131435,"/Date(1701756905000)/",28350,200,1430700,40601000000,450,true,1.61
"HDG",131425,"/Date(1701756895000)/",28400,600,1430500,40595000000,500,false,1.79
"HDG",131318,"/Date(1701756828000)/",28400,600,1429900,40578000000,500,false,1.79
"HDG",131309,"/Date(1701756817000)/",28400,1400,1429300,40561000000,500,false,1.79
"HDG",131309,"/Date(1701756817000)/",28400,200,1427900,40521000000,500,false,1.79
"HDG",131309,"/Date(1701756817000)/",28400,100,1427700,40516000000,500,false,1.79
"HDG",131256,"/Date(1701756805000)/",28350,500,1427600,40513000000,450,true,1.61
"HDG",131211,"/Date(1701756762000)/",28400,700,1427100,40499000000,500,false,1.79
"HDG",131149,"/Date(1701756738000)/",28400,200,1426400,40479000000,500,false,1.79
"HDG",131117,"/Date(1701756705000)/",28400,100,1426200,40473000000,500,false,1.79
"HDG",131107,"/Date(1701756696000)/",28400,400,1426100,40470000000,500,false,1.79
"HDG",131107,"/Date(1701756696000)/",28400,200,1425700,40459000000,500,false,1.79
"HDG",131026,"/Date(1701756653000)/",28350,500,1425500,40453000000,450,true,1.61
"HDG",131010,"/Date(1701756640000)/",28350,500,1425000,40439000000,450,true,1.61
"HDG",131000,"/Date(1701756629000)/",28400,300,1424500,40425000000,500,false,1.79
"HDG",131000,"/Date(1701756629000)/",28400,300,1424200,40416000000,500,false,1.79
"HDG",130947,"/Date(1701756617000)/",28400,1000,1423900,40408000000,500,false,1.79
"HDG",130903,"/Date(1701756572000)/",28400,100,1422900,40380000000,500,false,1.79
"HDG",130856,"/Date(1701756565000)/",28400,500,1422800,40377000000,500,false,1.79
"HDG",130853,"/Date(1701756563000)/",28400,500,1422300,40362000000,500,false,1.79
"HDG",130853,"/Date(1701756563000)/",28400,100,1421800,40348000000,500,false,1.79
"HDG",130837,"/Date(1701756547000)/",28400,100,1421700,40345000000,500,false,1.79
"HDG",130837,"/Date(1701756547000)/",28400,1100,1421600,40343000000,500,false,1.79
"HDG",130828,"/Date(1701756535000)/",28350,100,1420500,40311000000,450,true,1.61
"HDG",130746,"/Date(1701756496000)/",28400,600,1420400,40309000000,500,false,1.79
"HDG",130743,"/Date(1701756491000)/",28350,100,1419800,40291000000,450,true,1.61
"HDG",130733,"/Date(1701756481000)/",28350,800,1419700,40289000000,450,false,1.61
"HDG",130733,"/Date(1701756481000)/",28350,500,1418900,40266000000,450,false,1.61
"HDG",130730,"/Date(1701756480000)/",28350,500,1418400,40252000000,450,true,1.61
"HDG",130727,"/Date(1701756477000)/",28350,1000,1417900,40238000000,450,true,1.61
"HDG",130727,"/Date(1701756477000)/",28350,3600,1416900,40209000000,450,true,1.61
"HDG",130727,"/Date(1701756477000)/",28350,400,1413300,40107000000,450,true,1.61
"HDG",130705,"/Date(1701756452000)/",28350,100,1412900,40096000000,450,true,1.61
"HDG",130642,"/Date(1701756430000)/",28400,300,1412800,40093000000,500,false,1.79
"HDG",130642,"/Date(1701756430000)/",28400,300,1412500,40085000000,500,false,1.79
"HDG",130636,"/Date(1701756423000)/",28350,500,1412200,40076000000,450,false,1.61
"HDG",130633,"/Date(1701756421000)/",28300,300,1411700,40062000000,400,true,1.43
"HDG",130629,"/Date(1701756417000)/",28300,1000,1411400,40053000000,400,true,1.43
"HDG",130626,"/Date(1701756415000)/",28350,1000,1410400,40025000000,450,false,1.61
"HDG",130604,"/Date(1701756393000)/",28350,500,1409400,39997000000,450,false,1.61
"HDG",130551,"/Date(1701756380000)/",28300,100,1408900,39982000000,400,true,1.43
"HDG",130541,"/Date(1701756371000)/",28300,1100,1408800,39980000000,400,true,1.43
"HDG",130535,"/Date(1701756364000)/",28300,1000,1407700,39949000000,400,true,1.43
"HDG",130535,"/Date(1701756363000)/",28400,100,1406700,39920000000,500,false,1.79
"HDG",130535,"/Date(1701756363000)/",28400,100,1406600,39917000000,500,false,1.79
"HDG",130535,"/Date(1701756363000)/",28350,100,1406500,39915000000,450,false,1.61
"HDG",130535,"/Date(1701756363000)/",28350,300,1406400,39912000000,450,false,1.61
"HDG",130532,"/Date(1701756361000)/",28300,6300,1406100,39903000000,400,true,1.43
"HDG",130516,"/Date(1701756343000)/",28300,1200,1399800,39725000000,400,true,1.43
"HDG",130516,"/Date(1701756343000)/",28300,300,1398600,39691000000,400,true,1.43
"HDG",130509,"/Date(1701756336000)/",28350,200,1398300,39682000000,450,false,1.61
"HDG",130509,"/Date(1701756336000)/",28350,500,1398100,39677000000,450,false,1.61
"HDG",130434,"/Date(1701756302000)/",28350,3500,1397600,39663000000,450,true,1.61
"HDG",130434,"/Date(1701756302000)/",28350,1500,1394100,39563000000,450,true,1.61
"HDG",130428,"/Date(1701756296000)/",28400,600,1392600,39521000000,500,false,1.79
"HDG",130415,"/Date(1701756279000)/",28350,5000,1392000,39504000000,450,false,1.61
"HDG",130415,"/Date(1701756279000)/",28350,1000,1387000,39362000000,450,false,1.61
"HDG",130415,"/Date(1701756279000)/",28350,800,1386000,39334000000,450,false,1.61
"HDG",130415,"/Date(1701756279000)/",28350,100,1385200,39311000000,450,false,1.61
"HDG",130406,"/Date(1701756274000)/",28350,500,1385100,39308000000,450,false,1.61
"HDG",130406,"/Date(1701756273000)/",28300,600,1384600,39294000000,400,true,1.43
"HDG",130350,"/Date(1701756257000)/",28350,900,1384000,39277000000,450,true,1.61
"HDG",130340,"/Date(1701756248000)/",28350,100,1383100,39252000000,450,true,1.61
"HDG",130334,"/Date(1701756240000)/",28350,1000,1383000,39249000000,450,true,1.61
"HDG",130321,"/Date(1701756230000)/",28400,400,1382000,39220000000,500,false,1.79
"HDG",130321,"/Date(1701756230000)/",28400,200,1381600,39209000000,500,false,1.79
"HDG",130308,"/Date(1701756217000)/",28350,1000,1381400,39203000000,450,false,1.61
"HDG",130308,"/Date(1701756217000)/",28350,300,1380400,39175000000,450,false,1.61
"HDG",130308,"/Date(1701756217000)/",28350,100,1380100,39166000000,450,false,1.61
"HDG",130308,"/Date(1701756217000)/",28350,1000,1380000,39164000000,450,false,1.61
"HDG",130308,"/Date(1701756217000)/",28350,600,1379000,39135000000,450,false,1.61
"HDG",130217,"/Date(1701756164000)/",28350,600,1378400,39118000000,450,false,1.61
"HDG",130148,"/Date(1701756136000)/",28350,300,1377800,39101000000,450,false,1.61
"HDG",130142,"/Date(1701756130000)/",28350,1600,1377500,39093000000,450,false,1.61
"HDG",130142,"/Date(1701756130000)/",28350,700,1375900,39047000000,450,false,1.61
"HDG",130142,"/Date(1701756130000)/",28350,1000,1375200,39028000000,450,false,1.61
"HDG",130142,"/Date(1701756130000)/",28350,200,1374200,38999000000,450,false,1.61
"HDG",130142,"/Date(1701756130000)/",28350,200,1374000,38994000000,450,false,1.61
"HDG",130142,"/Date(1701756130000)/",28350,300,1373800,38988000000,450,false,1.61
"HDG",130142,"/Date(1701756130000)/",28350,1000,1373500,38979000000,450,false,1.61
"HDG",130142,"/Date(1701756129000)/",28300,300,1372500,38951000000,400,true,1.43
"HDG",130110,"/Date(1701756097000)/",28350,600,1372200,38943000000,450,false,1.61
"HDG",130013,"/Date(1701756035000)/",28350,400,1371600,38926000000,450,false,1.61
"HDG",130013,"/Date(1701756034000)/",28300,700,1371200,38914000000,400,true,1.43
"HDG",130013,"/Date(1701756034000)/",28350,1000,1370500,38894000000,450,false,1.61
"HDG",130013,"/Date(1701756032000)/",28300,300,1369500,38866000000,400,true,1.43
"HDG",130009,"/Date(1701756030000)/",28350,200,1369200,38858000000,450,false,1.61
"HDG",130009,"/Date(1701756030000)/",28350,500,1369000,38852000000,450,false,1.61
"HDG",130009,"/Date(1701756027000)/",28300,500,1368500,38838000000,400,true,1.43
"HDG",130009,"/Date(1701756024000)/",28300,2100,1368000,38824000000,400,true,1.43
"HDG",130009,"/Date(1701756024000)/",28300,300,1365900,38764000000,400,true,1.43
"HDG",130009,"/Date(1701756024000)/",28300,2600,1365600,38756000000,400,true,1.43
"HDG",130006,"/Date(1701756022000)/",28300,100,1363000,38682000000,400,true,1.43
"HDG",130006,"/Date(1701756018000)/",28300,300,1362900,38679000000,400,true,1.43
"HDG",130003,"/Date(1701756012000)/",28300,100,1362600,38671000000,400,true,1.43
"HDG",130000,"/Date(1701756010000)/",28300,100,1362500,38668000000,400,true,1.43
"HDG",125957,"/Date(1701756005000)/",28300,200,1362400,38665000000,400,true,1.43
"HDG",125953,"/Date(1701756003000)/",28350,100,1362200,38659000000,450,false,1.61
"HDG",125953,"/Date(1701756003000)/",28350,200,1362100,38657000000,450,false,1.61
"HDG",125953,"/Date(1701756003000)/",28350,3300,1361900,38651000000,450,false,1.61
"HDG",125947,"/Date(1701756001000)/",28300,100,1358600,38557000000,400,true,1.43
"HDG",125947,"/Date(1701756001000)/",28300,600,1358500,38555000000,400,true,1.43
"HDG",125947,"/Date(1701756001000)/",28300,400,1357900,38538000000,400,true,1.43
"HDG",112831,"/Date(1701750529000)/",28300,100,1357500,38526000000,400,true,1.43
"HDG",112824,"/Date(1701750523000)/",28300,400,1357400,38523000000,400,true,1.43
"HDG",112824,"/Date(1701750523000)/",28300,200,1357000,38512000000,400,true,1.43
"HDG",112821,"/Date(1701750520000)/",28300,400,1356800,38506000000,400,true,1.43
"HDG",112749,"/Date(1701750489000)/",28300,100,1356400,38495000000,400,true,1.43
"HDG",112740,"/Date(1701750480000)/",28300,100,1356300,38492000000,400,true,1.43
"HDG",112740,"/Date(1701750480000)/",28350,700,1356200,38489000000,450,false,1.61
"HDG",112737,"/Date(1701750475000)/",28300,200,1355500,38470000000,400,true,1.43
"HDG",112730,"/Date(1701750469000)/",28300,300,1355300,38464000000,400,true,1.43
"HDG",112727,"/Date(1701750465000)/",28300,2000,1355000,38455000000,400,true,1.43
"HDG",112601,"/Date(1701750379000)/",28350,600,1353000,38399000000,450,false,1.61
"HDG",112539,"/Date(1701750357000)/",28350,400,1352400,38382000000,450,true,1.61
"HDG",112535,"/Date(1701750356000)/",28350,1000,1352000,38370000000,450,true,1.61
"HDG",112526,"/Date(1701750346000)/",28350,600,1351000,38342000000,450,true,1.61
"HDG",112500,"/Date(1701750319000)/",28350,100,1350400,38325000000,450,true,1.61
"HDG",112500,"/Date(1701750319000)/",28350,100,1350300,38322000000,450,true,1.61
"HDG",112500,"/Date(1701750319000)/",28350,200,1350200,38319000000,450,true,1.61
"HDG",112457,"/Date(1701750317000)/",28350,1800,1350000,38314000000,450,true,1.61
"HDG",112457,"/Date(1701750317000)/",28350,1200,1348200,38263000000,450,true,1.61
"HDG",112422,"/Date(1701750279000)/",28400,600,1347000,38229000000,500,false,1.79
"HDG",112331,"/Date(1701750229000)/",28350,200,1346400,38212000000,450,true,1.61
"HDG",112321,"/Date(1701750221000)/",28350,200,1346200,38206000000,450,true,1.61
"HDG",112321,"/Date(1701750221000)/",28350,1000,1346000,38200000000,450,true,1.61
"HDG",112321,"/Date(1701750221000)/",28350,300,1345000,38172000000,450,true,1.61
"HDG",112240,"/Date(1701750178000)/",28400,600,1344700,38163000000,500,false,1.79
"HDG",112133,"/Date(1701750112000)/",28350,100,1344100,38146000000,450,true,1.61
"HDG",112058,"/Date(1701750077000)/",28400,600,1344000,38144000000,500,false,1.79
"HDG",112010,"/Date(1701750029000)/",28350,100,1343400,38127000000,450,true,1.61
"HDG",112000,"/Date(1701750019000)/",28350,500,1343300,38124000000,450,true,1.61
"HDG",112000,"/Date(1701750019000)/",28350,200,1342800,38110000000,450,true,1.61
"HDG",111954,"/Date(1701750012000)/",28350,1400,1342600,38104000000,450,true,1.61
"HDG",111954,"/Date(1701750012000)/",28350,3600,1341200,38064000000,450,true,1.61
"HDG",111941,"/Date(1701749999000)/",28350,200,1337600,37962000000,450,true,1.61
"HDG",111932,"/Date(1701749990000)/",28350,1200,1337400,37956000000,450,true,1.61
"HDG",111932,"/Date(1701749990000)/",28350,300,1336200,37922000000,450,true,1.61
"HDG",111919,"/Date(1701749979000)/",28400,200,1335900,37914000000,500,false,1.79
"HDG",111919,"/Date(1701749977000)/",28400,600,1335700,37908000000,500,false,1.79
"HDG",111737,"/Date(1701749876000)/",28400,500,1335100,37891000000,500,false,1.79
"HDG",111737,"/Date(1701749876000)/",28400,100,1334600,37877000000,500,false,1.79
"HDG",111558,"/Date(1701749776000)/",28400,600,1334500,37874000000,500,false,1.79
"HDG",111529,"/Date(1701749746000)/",28400,2000,1333900,37857000000,500,false,1.79
"HDG",111529,"/Date(1701749746000)/",28400,200,1331900,37800000000,500,false,1.79
"HDG",111529,"/Date(1701749746000)/",28400,300,1331700,37795000000,500,false,1.79
"HDG",111529,"/Date(1701749746000)/",28400,500,1331400,37786000000,500,false,1.79
"HDG",111529,"/Date(1701749746000)/",28400,600,1330900,37772000000,500,false,1.79
"HDG",111529,"/Date(1701749746000)/",28400,400,1330300,37755000000,500,false,1.79
"HDG",111529,"/Date(1701749746000)/",28400,400,1329900,37744000000,500,false,1.79
"HDG",111529,"/Date(1701749746000)/",28400,100,1329500,37732000000,500,false,1.79
"HDG",111529,"/Date(1701749746000)/",28400,500,1329400,37729000000,500,false,1.79
"HDG",111416,"/Date(1701749675000)/",28400,600,1328900,37715000000,500,false,1.79
"HDG",111409,"/Date(1701749667000)/",28400,1900,1328300,37698000000,500,false,1.79
"HDG",111409,"/Date(1701749667000)/",28400,100,1326400,37644000000,500,false,1.79
"HDG",111347,"/Date(1701749646000)/",28350,500,1326300,37641000000,450,true,1.61
"HDG",111302,"/Date(1701749599000)/",28350,500,1325800,37627000000,450,true,1.61
"HDG",111253,"/Date(1701749592000)/",28350,3000,1325300,37613000000,450,true,1.61
"HDG",111253,"/Date(1701749589000)/",28350,400,1322300,37528000000,450,true,1.61
"HDG",111247,"/Date(1701749586000)/",28350,300,1321900,37517000000,450,true,1.61
"HDG",111247,"/Date(1701749586000)/",28350,2700,1321600,37508000000,450,true,1.61
"HDG",111237,"/Date(1701749574000)/",28400,600,1318900,37432000000,500,false,1.79
"HDG",111202,"/Date(1701749539000)/",28350,200,1318300,37414000000,450,true,1.61
"HDG",111152,"/Date(1701749531000)/",28350,1500,1318100,37409000000,450,true,1.61
"HDG",111130,"/Date(1701749509000)/",28350,500,1316600,37366000000,450,true,1.61
"HDG",111127,"/Date(1701749504000)/",28350,1300,1316100,37352000000,450,true,1.61
"HDG",111127,"/Date(1701749504000)/",28350,1000,1314800,37315000000,450,true,1.61
"HDG",111127,"/Date(1701749504000)/",28350,700,1313800,37287000000,450,true,1.61
"HDG",111120,"/Date(1701749499000)/",28350,400,1313100,37267000000,450,true,1.61
"HDG",111120,"/Date(1701749497000)/",28350,400,1312700,37256000000,450,true,1.61
"HDG",111120,"/Date(1701749497000)/",28350,2600,1312300,37244000000,450,true,1.61
"HDG",111058,"/Date(1701749474000)/",28400,600,1309700,37171000000,500,false,1.79
"HDG",111055,"/Date(1701749471000)/",28350,2400,1309100,37154000000,450,true,1.61
"HDG",111055,"/Date(1701749471000)/",28350,500,1306700,37086000000,450,true,1.61
"HDG",111055,"/Date(1701749471000)/",28350,100,1306200,37071000000,450,true,1.61
"HDG",111052,"/Date(1701749469000)/",28350,700,1306100,37069000000,450,true,1.61
"HDG",111045,"/Date(1701749462000)/",28350,4500,1305400,37049000000,450,true,1.61
"HDG",111045,"/Date(1701749462000)/",28350,100,1300900,36921000000,450,true,1.61
"HDG",111045,"/Date(1701749462000)/",28350,300,1300800,36918000000,450,true,1.61
"HDG",111045,"/Date(1701749462000)/",28350,100,1300500,36910000000,450,true,1.61
"HDG",111039,"/Date(1701749458000)/",28400,100,1300400,36907000000,500,false,1.79
"HDG",111032,"/Date(1701749452000)/",28350,400,1300300,36904000000,450,true,1.61
"HDG",111032,"/Date(1701749452000)/",28350,2600,1299900,36893000000,450,true,1.61
"HDG",111029,"/Date(1701749448000)/",28350,200,1297300,36819000000,450,true,1.61
"HDG",111023,"/Date(1701749439000)/",28350,100,1297100,36813000000,450,true,1.61
"HDG",111013,"/Date(1701749433000)/",28350,1000,1297000,36811000000,450,true,1.61
"HDG",110935,"/Date(1701749389000)/",28350,100,1296000,36782000000,450,true,1.61
"HDG",110922,"/Date(1701749379000)/",28350,1000,1295900,36779000000,450,false,1.61
"HDG",110922,"/Date(1701749378000)/",28350,800,1294900,36751000000,450,false,1.61
"HDG",110922,"/Date(1701749378000)/",28350,100,1294100,36728000000,450,false,1.61
"HDG",110922,"/Date(1701749378000)/",28350,700,1294000,36726000000,450,false,1.61
"HDG",110922,"/Date(1701749378000)/",28350,200,1293300,36706000000,450,false,1.61
"HDG",110922,"/Date(1701749378000)/",28350,300,1293100,36700000000,450,false,1.61
"HDG",110922,"/Date(1701749378000)/",28350,2000,1292800,36692000000,450,false,1.61
"HDG",110919,"/Date(1701749376000)/",28350,100,1290800,36635000000,450,false,1.61
"HDG",110919,"/Date(1701749376000)/",28350,100,1290700,36632000000,450,false,1.61
"HDG",110919,"/Date(1701749376000)/",28350,100,1290600,36629000000,450,false,1.61
"HDG",110919,"/Date(1701749376000)/",28350,1500,1290500,36626000000,450,false,1.61
"HDG",110919,"/Date(1701749376000)/",28350,700,1289000,36584000000,450,false,1.61
"HDG",110916,"/Date(1701749373000)/",28350,300,1288300,36564000000,450,false,1.61
"HDG",110916,"/Date(1701749373000)/",28350,300,1288000,36555000000,450,false,1.61
"HDG",110906,"/Date(1701749364000)/",28350,400,1287700,36547000000,450,false,1.61
"HDG",110906,"/Date(1701749364000)/",28350,800,1287300,36536000000,450,false,1.61
"HDG",110906,"/Date(1701749364000)/",28350,1500,1286500,36513000000,450,false,1.61
"HDG",110906,"/Date(1701749364000)/",28350,2700,1285000,36470000000,450,false,1.61
"HDG",110857,"/Date(1701749353000)/",28350,5000,1282300,36394000000,450,false,1.61
"HDG",110850,"/Date(1701749348000)/",28350,500,1277300,36252000000,450,false,1.61
"HDG",110844,"/Date(1701749341000)/",28350,1000,1276800,36238000000,450,false,1.61
"HDG",110828,"/Date(1701749325000)/",28350,100,1275800,36210000000,450,false,1.61
"HDG",110828,"/Date(1701749324000)/",28350,1000,1275700,36207000000,450,false,1.61
"HDG",110822,"/Date(1701749319000)/",28350,1000,1274700,36178000000,450,false,1.61
"HDG",110822,"/Date(1701749318000)/",28350,4500,1273700,36150000000,450,false,1.61
"HDG",110818,"/Date(1701749317000)/",28350,5000,1269200,36022000000,450,false,1.61
"HDG",110815,"/Date(1701749312000)/",28350,5000,1264200,35881000000,450,false,1.61
"HDG",110806,"/Date(1701749303000)/",28350,1300,1259200,35739000000,450,false,1.61
"HDG",110734,"/Date(1701749272000)/",28350,700,1257900,35702000000,450,false,1.61
"HDG",110702,"/Date(1701749239000)/",28300,300,1257200,35682000000,400,true,1.43
"HDG",110652,"/Date(1701749230000)/",28300,2500,1256900,35674000000,400,true,1.43
"HDG",110646,"/Date(1701749222000)/",28350,10000,1254400,35603000000,450,false,1.61
"HDG",110633,"/Date(1701749209000)/",28300,500,1244400,35320000000,400,true,1.43
"HDG",110627,"/Date(1701749204000)/",28300,100,1243900,35305000000,400,true,1.43
"HDG",110627,"/Date(1701749204000)/",28300,3300,1243800,35303000000,400,true,1.43
"HDG",110558,"/Date(1701749175000)/",28350,6500,1240500,35209000000,450,false,1.61
"HDG",110555,"/Date(1701749172000)/",28350,600,1234000,35025000000,450,false,1.61
"HDG",110552,"/Date(1701749170000)/",28350,100,1233400,35008000000,450,false,1.61
"HDG",110539,"/Date(1701749156000)/",28350,5000,1233300,35005000000,450,false,1.61
"HDG",110539,"/Date(1701749156000)/",28350,500,1228300,34863000000,450,false,1.61
"HDG",110539,"/Date(1701749156000)/",28350,700,1227800,34849000000,450,false,1.61
"HDG",110539,"/Date(1701749156000)/",28350,2000,1227100,34829000000,450,false,1.61
"HDG",110539,"/Date(1701749156000)/",28350,1800,1225100,34773000000,450,false,1.61
"HDG",110413,"/Date(1701749071000)/",28350,600,1223300,34722000000,450,false,1.61
"HDG",110347,"/Date(1701749044000)/",28350,7600,1222700,34705000000,450,false,1.61
"HDG",110347,"/Date(1701749044000)/",28350,100,1215100,34489000000,450,false,1.61
"HDG",110347,"/Date(1701749044000)/",28350,300,1215000,34486000000,450,false,1.61
"HDG",110347,"/Date(1701749044000)/",28350,1400,1214700,34478000000,450,false,1.61
"HDG",110347,"/Date(1701749044000)/",28350,600,1213300,34438000000,450,false,1.61
"HDG",110234,"/Date(1701748971000)/",28350,600,1212700,34421000000,450,false,1.61
"HDG",110114,"/Date(1701748890000)/",28350,500,1212100,34404000000,450,false,1.61
"HDG",110055,"/Date(1701748870000)/",28350,600,1211600,34390000000,450,false,1.61
"HDG",110045,"/Date(1701748862000)/",28350,5000,1211000,34373000000,450,false,1.61
"HDG",110026,"/Date(1701748841000)/",28350,200,1206000,34231000000,450,false,1.61
"HDG",110023,"/Date(1701748841000)/",28350,300,1205800,34225000000,450,false,1.61
"HDG",110004,"/Date(1701748822000)/",28350,1000,1205500,34217000000,450,false,1.61
"HDG",110004,"/Date(1701748821000)/",28350,100,1204500,34189000000,450,false,1.61
"HDG",105954,"/Date(1701748810000)/",28350,200,1204400,34186000000,450,false,1.61
"HDG",105944,"/Date(1701748800000)/",28350,2000,1204200,34180000000,450,false,1.61
"HDG",105919,"/Date(1701748774000)/",28350,3000,1202200,34123000000,450,true,1.61
"HDG",105919,"/Date(1701748774000)/",28350,1000,1199200,34038000000,450,true,1.61
"HDG",105919,"/Date(1701748774000)/",28350,200,1198200,34010000000,450,true,1.61
"HDG",105919,"/Date(1701748774000)/",28350,200,1198000,34004000000,450,true,1.61
"HDG",105919,"/Date(1701748774000)/",28350,1000,1197800,33999000000,450,true,1.61
"HDG",105919,"/Date(1701748774000)/",28350,3500,1196800,33970000000,450,true,1.61
"HDG",105912,"/Date(1701748769000)/",28400,600,1193300,33871000000,500,false,1.79
"HDG",105909,"/Date(1701748765000)/",28350,100,1192700,33854000000,450,true,1.61
"HDG",105812,"/Date(1701748709000)/",28350,200,1192600,33851000000,450,true,1.61
"HDG",105802,"/Date(1701748699000)/",28350,1800,1192400,33845000000,450,true,1.61
"HDG",105753,"/Date(1701748690000)/",28350,4400,1190600,33794000000,450,true,1.61
"HDG",105753,"/Date(1701748690000)/",28350,100,1186200,33670000000,450,true,1.61
"HDG",105753,"/Date(1701748690000)/",28350,1000,1186100,33667000000,450,true,1.61
"HDG",105753,"/Date(1701748690000)/",28350,500,1185100,33639000000,450,true,1.61
"HDG",105753,"/Date(1701748690000)/",28350,2000,1184600,33624000000,450,true,1.61
"HDG",105753,"/Date(1701748690000)/",28350,500,1182600,33568000000,450,true,1.61
"HDG",105753,"/Date(1701748690000)/",28350,100,1182100,33553000000,450,true,1.61
"HDG",105753,"/Date(1701748690000)/",28350,1200,1182000,33551000000,450,true,1.61
"HDG",105753,"/Date(1701748690000)/",28350,1000,1180800,33517000000,450,true,1.61
"HDG",105753,"/Date(1701748690000)/",28350,100,1179800,33488000000,450,true,1.61
"HDG",105753,"/Date(1701748690000)/",28350,200,1179700,33485000000,450,true,1.61
"HDG",105753,"/Date(1701748690000)/",28350,100,1179500,33480000000,450,true,1.61
"HDG",105753,"/Date(1701748690000)/",28350,300,1179400,33477000000,450,true,1.61
"HDG",105753,"/Date(1701748690000)/",28350,200,1179100,33468000000,450,true,1.61
"HDG",105753,"/Date(1701748690000)/",28350,900,1178900,33463000000,450,true,1.61
"HDG",105734,"/Date(1701748669000)/",28450,100,1178000,33437000000,550,false,1.97
"HDG",105734,"/Date(1701748669000)/",28400,200,1177900,33434000000,500,false,1.79
"HDG",105734,"/Date(1701748669000)/",28400,300,1177700,33429000000,500,false,1.79
"HDG",105721,"/Date(1701748656000)/",28400,100,1177400,33420000000,500,true,1.79
"HDG",105714,"/Date(1701748649000)/",28400,200,1177300,33417000000,500,true,1.79
"HDG",105714,"/Date(1701748649000)/",28400,700,1177100,33412000000,500,true,1.79
"HDG",105711,"/Date(1701748649000)/",28350,100,1176400,33392000000,450,true,1.61
"HDG",105711,"/Date(1701748649000)/",28350,300,1176300,33389000000,450,true,1.61
"HDG",105702,"/Date(1701748639000)/",28350,3200,1176000,33380000000,450,true,1.61
"HDG",105655,"/Date(1701748632000)/",28350,1500,1172800,33290000000,450,true,1.61
"HDG",105655,"/Date(1701748632000)/",28400,1700,1171300,33247000000,500,false,1.79
"HDG",105655,"/Date(1701748632000)/",28400,1000,1169600,33199000000,500,false,1.79
"HDG",105655,"/Date(1701748632000)/",28400,1000,1168600,33171000000,500,false,1.79
"HDG",105655,"/Date(1701748632000)/",28400,6000,1167600,33142000000,500,false,1.79
"HDG",105655,"/Date(1701748632000)/",28400,1000,1161600,32972000000,500,false,1.79
"HDG",105655,"/Date(1701748632000)/",28400,300,1160600,32943000000,500,false,1.79
"HDG",105655,"/Date(1701748632000)/",28400,700,1160300,32935000000,500,false,1.79
"HDG",105655,"/Date(1701748632000)/",28400,300,1159600,32915000000,500,false,1.79
"HDG",105655,"/Date(1701748632000)/",28400,100,1159300,32906000000,500,false,1.79
"HDG",105655,"/Date(1701748632000)/",28400,400,1159200,32904000000,500,false,1.79
"HDG",105655,"/Date(1701748632000)/",28400,100,1158800,32892000000,500,false,1.79
"HDG",105655,"/Date(1701748632000)/",28400,5000,1158700,32889000000,500,false,1.79
"HDG",105655,"/Date(1701748632000)/",28400,2000,1153700,32747000000,500,false,1.79
"HDG",105655,"/Date(1701748632000)/",28400,400,1151700,32691000000,500,false,1.79
"HDG",105652,"/Date(1701748629000)/",28350,300,1151300,32679000000,450,true,1.61
"HDG",105643,"/Date(1701748620000)/",28350,500,1151000,32671000000,450,true,1.61
"HDG",105643,"/Date(1701748619000)/",28350,2100,1150500,32657000000,450,true,1.61
"HDG",105633,"/Date(1701748609000)/",28350,14000,1148400,32597000000,450,true,1.61
"HDG",105623,"/Date(1701748599000)/",28350,100,1134400,32200000000,450,true,1.61
"HDG",105614,"/Date(1701748589000)/",28350,700,1134300,32197000000,450,true,1.61
"HDG",105611,"/Date(1701748588000)/",28350,2000,1133600,32177000000,450,true,1.61
"HDG",105607,"/Date(1701748584000)/",28350,3000,1131600,32121000000,450,true,1.61
"HDG",105551,"/Date(1701748568000)/",28400,600,1128600,32036000000,500,false,1.79
"HDG",105539,"/Date(1701748555000)/",28350,400,1128000,32019000000,450,true,1.61
"HDG",105513,"/Date(1701748529000)/",28350,400,1127600,32007000000,450,true,1.61
"HDG",105513,"/Date(1701748529000)/",28350,1500,1127200,31996000000,450,true,1.61
"HDG",105513,"/Date(1701748529000)/",28350,500,1125700,31953000000,450,true,1.61
"HDG",105513,"/Date(1701748529000)/",28350,1000,1125200,31939000000,450,true,1.61
"HDG",105504,"/Date(1701748519000)/",28350,300,1124200,31911000000,450,true,1.61
"HDG",105454,"/Date(1701748509000)/",28350,2000,1123900,31902000000,450,true,1.61
"HDG",105413,"/Date(1701748467000)/",28400,600,1121900,31846000000,500,false,1.79
"HDG",105353,"/Date(1701748450000)/",28350,300,1121300,31829000000,450,true,1.61
"HDG",105334,"/Date(1701748429000)/",28350,300,1121000,31820000000,450,true,1.61
"HDG",105331,"/Date(1701748428000)/",28350,2000,1120700,31812000000,450,true,1.61
"HDG",105312,"/Date(1701748409000)/",28350,300,1118700,31755000000,450,true,1.61
"HDG",105312,"/Date(1701748408000)/",28350,2000,1118400,31746000000,450,true,1.61
"HDG",105302,"/Date(1701748399000)/",28350,200,1116400,31690000000,450,true,1.61
"HDG",105256,"/Date(1701748391000)/",28350,1500,1116200,31684000000,450,true,1.61
"HDG",105230,"/Date(1701748367000)/",28400,600,1114700,31642000000,500,false,1.79
"HDG",105215,"/Date(1701748349000)/",28350,100,1114100,31624000000,450,true,1.61
"HDG",105215,"/Date(1701748349000)/",28350,300,1114000,31622000000,450,true,1.61
"HDG",105205,"/Date(1701748340000)/",28350,700,1113700,31613000000,450,true,1.61
"HDG",105205,"/Date(1701748340000)/",28350,200,1113000,31593000000,450,true,1.61
"HDG",105205,"/Date(1701748340000)/",28350,100,1112800,31588000000,450,true,1.61
"HDG",105205,"/Date(1701748340000)/",28350,1000,1112700,31585000000,450,true,1.61
"HDG",105205,"/Date(1701748340000)/",28350,1000,1111700,31556000000,450,true,1.61
"HDG",105052,"/Date(1701748266000)/",28400,600,1110700,31528000000,500,false,1.79
"HDG",105042,"/Date(1701748258000)/",28350,100,1110100,31511000000,450,true,1.61
"HDG",105029,"/Date(1701748245000)/",28400,400,1110000,31508000000,500,false,1.79
"HDG",104929,"/Date(1701748185000)/",28400,1600,1109600,31497000000,500,false,1.79
"HDG",104929,"/Date(1701748185000)/",28400,100,1108000,31451000000,500,false,1.79
"HDG",104929,"/Date(1701748185000)/",28400,600,1107900,31449000000,500,false,1.79
"HDG",104929,"/Date(1701748185000)/",28400,2700,1107300,31432000000,500,false,1.79
"HDG",104913,"/Date(1701748169000)/",28350,100,1104600,31355000000,450,true,1.61
"HDG",104910,"/Date(1701748166000)/",28350,100,1104500,31352000000,450,true,1.61
"HDG",104910,"/Date(1701748165000)/",28400,700,1104400,31349000000,500,false,1.79
"HDG",104844,"/Date(1701748139000)/",28350,100,1103700,31329000000,450,true,1.61
"HDG",104841,"/Date(1701748138000)/",28350,1000,1103600,31326000000,450,true,1.61
"HDG",104812,"/Date(1701748107000)/",28350,400,1102600,31298000000,450,true,1.61
"HDG",104731,"/Date(1701748065000)/",28400,600,1102200,31287000000,500,false,1.79
"HDG",104602,"/Date(1701747976000)/",28400,100,1101600,31270000000,500,false,1.79
"HDG",104602,"/Date(1701747976000)/",28350,100,1101500,31267000000,450,true,1.61
"HDG",104602,"/Date(1701747976000)/",28350,1400,1101400,31264000000,450,true,1.61
"HDG",104555,"/Date(1701747970000)/",28400,1000,1100000,31224000000,500,true,1.79
"HDG",104555,"/Date(1701747970000)/",28400,100,1099000,31196000000,500,true,1.79
"HDG",104555,"/Date(1701747970000)/",28400,1900,1098900,31193000000,500,true,1.79
"HDG",104555,"/Date(1701747970000)/",28400,1000,1097000,31139000000,500,true,1.79
"HDG",104555,"/Date(1701747970000)/",28400,1000,1096000,31111000000,500,true,1.79
"HDG",104555,"/Date(1701747970000)/",28400,2800,1095000,31082000000,500,true,1.79
"HDG",104555,"/Date(1701747970000)/",28400,100,1092200,31003000000,500,true,1.79
"HDG",104555,"/Date(1701747970000)/",28400,23000,1092100,31000000000,500,true,1.79
"HDG",104552,"/Date(1701747967000)/",28400,4000,1069100,30347000000,500,true,1.79
"HDG",104549,"/Date(1701747964000)/",28450,400,1065100,30233000000,550,false,1.97
"HDG",104549,"/Date(1701747964000)/",28450,200,1064700,30222000000,550,false,1.97
"HDG",104536,"/Date(1701747947000)/",28450,300,1064500,30216000000,550,false,1.97
"HDG",104536,"/Date(1701747947000)/",28450,200,1064200,30208000000,550,false,1.97
"HDG",104536,"/Date(1701747947000)/",28450,400,1064000,30202000000,550,false,1.97
"HDG",104536,"/Date(1701747946000)/",28400,100,1063600,30191000000,500,true,1.79
"HDG",104511,"/Date(1701747925000)/",28400,600,1063500,30188000000,500,true,1.79
"HDG",104501,"/Date(1701747915000)/",28400,100,1062900,30171000000,500,true,1.79
"HDG",104445,"/Date(1701747899000)/",28400,400,1062800,30168000000,500,true,1.79
"HDG",104442,"/Date(1701747897000)/",28400,1000,1062400,30156000000,500,true,1.79
"HDG",104435,"/Date(1701747889000)/",28400,1800,1061400,30128000000,500,true,1.79
"HDG",104429,"/Date(1701747884000)/",28400,7200,1059600,30077000000,500,true,1.79
"HDG",104426,"/Date(1701747882000)/",28400,1800,1052400,29872000000,500,true,1.79
"HDG",104426,"/Date(1701747882000)/",28400,3000,1050600,29821000000,500,true,1.79
"HDG",104426,"/Date(1701747882000)/",28400,200,1047600,29736000000,500,true,1.79
"HDG",104410,"/Date(1701747864000)/",28450,600,1047400,29730000000,550,false,1.97
"HDG",104348,"/Date(1701747842000)/",28450,100,1046800,29713000000,550,false,1.97
"HDG",104348,"/Date(1701747842000)/",28450,100,1046700,29711000000,550,false,1.97
"HDG",104348,"/Date(1701747842000)/",28450,300,1046600,29708000000,550,false,1.97
"HDG",104313,"/Date(1701747809000)/",28450,500,1046300,29699000000,550,false,1.97
"HDG",104244,"/Date(1701747780000)/",28450,800,1045800,29685000000,550,false,1.97
"HDG",104244,"/Date(1701747780000)/",28450,1200,1045000,29662000000,550,false,1.97
"HDG",104231,"/Date(1701747765000)/",28450,800,1043800,29628000000,550,false,1.97
"HDG",104231,"/Date(1701747765000)/",28450,100,1043000,29605000000,550,false,1.97
"HDG",104228,"/Date(1701747763000)/",28450,600,1042900,29602000000,550,false,1.97
"HDG",104218,"/Date(1701747754000)/",28450,900,1042300,29585000000,550,false,1.97
"HDG",104218,"/Date(1701747754000)/",28450,100,1041400,29560000000,550,false,1.97
"HDG",104202,"/Date(1701747738000)/",28450,1500,1041300,29557000000,550,false,1.97
"HDG",104153,"/Date(1701747729000)/",28450,8400,1039800,29514000000,550,true,1.97
"HDG",104153,"/Date(1701747729000)/",28450,1000,1031400,29275000000,550,true,1.97
"HDG",104153,"/Date(1701747729000)/",28450,300,1030400,29247000000,550,true,1.97
"HDG",104146,"/Date(1701747723000)/",28450,2000,1030100,29238000000,550,true,1.97
"HDG",104143,"/Date(1701747719000)/",28450,500,1028100,29181000000,550,true,1.97
"HDG",104140,"/Date(1701747715000)/",28450,2000,1027600,29167000000,550,true,1.97
"HDG",104137,"/Date(1701747712000)/",28450,1000,1025600,29110000000,550,true,1.97
"HDG",104134,"/Date(1701747709000)/",28450,400,1024600,29082000000,550,true,1.97
"HDG",104131,"/Date(1701747706000)/",28450,500,1024200,29070000000,550,true,1.97
"HDG",104127,"/Date(1701747701000)/",28500,100,1023700,29056000000,600,false,2.15
"HDG",104127,"/Date(1701747701000)/",28450,2000,1023600,29053000000,550,true,1.97
"HDG",104124,"/Date(1701747699000)/",28450,100,1021600,28996000000,550,true,1.97
"HDG",104124,"/Date(1701747698000)/",28450,500,1021500,28994000000,550,true,1.97
"HDG",104115,"/Date(1701747689000)/",28450,200,1021000,28979000000,550,true,1.97
"HDG",104115,"/Date(1701747689000)/",28500,100,1020800,28974000000,600,false,2.15
"HDG",104105,"/Date(1701747679000)/",28450,1400,1020700,28971000000,550,true,1.97
"HDG",104105,"/Date(1701747679000)/",28450,3000,1019300,28931000000,550,true,1.97
"HDG",104102,"/Date(1701747677000)/",28450,1500,1016300,28846000000,550,true,1.97
"HDG",104056,"/Date(1701747669000)/",28450,100,1014800,28803000000,550,true,1.97
"HDG",104056,"/Date(1701747669000)/",28450,100,1014700,28800000000,550,true,1.97
"HDG",104056,"/Date(1701747669000)/",28450,5000,1014600,28797000000,550,true,1.97
"HDG",104049,"/Date(1701747665000)/",28450,100,1009600,28655000000,550,false,1.97
"HDG",104046,"/Date(1701747662000)/",28450,100,1009500,28652000000,550,false,1.97
"HDG",104046,"/Date(1701747662000)/",28450,500,1009400,28649000000,550,false,1.97
"HDG",104046,"/Date(1701747660000)/",28450,200,1008900,28635000000,550,false,1.97
"HDG",104033,"/Date(1701747647000)/",28450,500,1008700,28629000000,550,false,1.97
"HDG",104033,"/Date(1701747647000)/",28450,800,1008200,28615000000,550,false,1.97
"HDG",104024,"/Date(1701747639000)/",28450,200,1007400,28592000000,550,true,1.97
"HDG",104024,"/Date(1701747639000)/",28450,200,1007200,28587000000,550,true,1.97
"HDG",104017,"/Date(1701747632000)/",28450,1000,1007000,28581000000,550,true,1.97
"HDG",104014,"/Date(1701747629000)/",28450,300,1006000,28553000000,550,true,1.97
"HDG",104005,"/Date(1701747620000)/",28450,500,1005700,28544000000,550,true,1.97
"HDG",104005,"/Date(1701747620000)/",28450,500,1005200,28530000000,550,true,1.97
"HDG",104005,"/Date(1701747619000)/",28450,1300,1004700,28516000000,550,true,1.97
"HDG",103955,"/Date(1701747610000)/",28450,3700,1003400,28479000000,550,true,1.97
"HDG",103955,"/Date(1701747610000)/",28450,5000,999700,28373000000,550,true,1.97
"HDG",103955,"/Date(1701747610000)/",28450,100,994700,28231000000,550,true,1.97
"HDG",103955,"/Date(1701747610000)/",28450,200,994600,28228000000,550,true,1.97
"HDG",103907,"/Date(1701747562000)/",28500,100,994400,28223000000,600,false,2.15
"HDG",103907,"/Date(1701747562000)/",28500,500,994300,28220000000,600,false,2.15
"HDG",103901,"/Date(1701747555000)/",28500,100,993800,28206000000,600,false,2.15
"HDG",103858,"/Date(1701747552000)/",28450,200,993700,28203000000,550,true,1.97
"HDG",103845,"/Date(1701747539000)/",28450,100,993500,28197000000,550,true,1.97
"HDG",103835,"/Date(1701747529000)/",28450,1000,993400,28194000000,550,true,1.97
"HDG",103813,"/Date(1701747509000)/",28450,100,992400,28166000000,550,true,1.97
"HDG",103804,"/Date(1701747499000)/",28450,1000,992300,28163000000,550,true,1.97
"HDG",103804,"/Date(1701747498000)/",28450,500,991300,28134000000,550,true,1.97
"HDG",103754,"/Date(1701747489000)/",28450,100,990800,28120000000,550,true,1.97
"HDG",103744,"/Date(1701747479000)/",28450,700,990700,28117000000,550,true,1.97
"HDG",103744,"/Date(1701747479000)/",28450,400,990000,28097000000,550,true,1.97
"HDG",103735,"/Date(1701747471000)/",28450,100,989600,28086000000,550,false,1.97
"HDG",103735,"/Date(1701747471000)/",28450,200,989500,28083000000,550,false,1.97
"HDG",103735,"/Date(1701747471000)/",28450,4400,989300,28077000000,550,false,1.97
"HDG",103725,"/Date(1701747461000)/",28450,600,984900,27952000000,550,false,1.97
"HDG",103716,"/Date(1701747450000)/",28450,600,984300,27935000000,550,false,1.97
"HDG",103716,"/Date(1701747449000)/",28400,1200,983700,27918000000,500,true,1.79
"HDG",103706,"/Date(1701747442000)/",28400,400,982500,27884000000,500,true,1.79
"HDG",103706,"/Date(1701747442000)/",28400,2000,982100,27873000000,500,true,1.79
"HDG",103706,"/Date(1701747442000)/",28400,400,980100,27816000000,500,true,1.79
"HDG",103706,"/Date(1701747440000)/",28450,3500,979700,27805000000,550,false,1.97
"HDG",103706,"/Date(1701747440000)/",28450,900,976200,27705000000,550,false,1.97
"HDG",103706,"/Date(1701747439000)/",28450,1000,975300,27679000000,550,false,1.97
"HDG",103706,"/Date(1701747439000)/",28450,300,974300,27651000000,550,false,1.97
"HDG",103653,"/Date(1701747429000)/",28450,1500,974000,27642000000,550,true,1.97
"HDG",103653,"/Date(1701747429000)/",28450,500,972500,27600000000,550,true,1.97
"HDG",103650,"/Date(1701747426000)/",28450,800,972000,27586000000,550,true,1.97
"HDG",103650,"/Date(1701747426000)/",28450,400,971200,27563000000,550,true,1.97
"HDG",103650,"/Date(1701747426000)/",28450,500,970800,27551000000,550,true,1.97
"HDG",103650,"/Date(1701747426000)/",28450,400,970300,27537000000,550,true,1.97
"HDG",103650,"/Date(1701747426000)/",28450,7900,969900,27526000000,550,true,1.97
"HDG",103606,"/Date(1701747381000)/",28450,200,962000,27301000000,550,true,1.97
"HDG",103547,"/Date(1701747360000)/",28500,600,961800,27295000000,600,false,2.15
"HDG",103459,"/Date(1701747313000)/",28500,1000,961200,27278000000,600,false,2.15
"HDG",103446,"/Date(1701747302000)/",28500,100,960200,27250000000,600,false,2.15
"HDG",103443,"/Date(1701747297000)/",28450,100,960100,27247000000,550,true,1.97
"HDG",103430,"/Date(1701747284000)/",28450,300,960000,27244000000,550,true,1.97
"HDG",103421,"/Date(1701747276000)/",28450,100,959700,27235000000,550,true,1.97
"HDG",103405,"/Date(1701747260000)/",28500,600,959600,27233000000,600,false,2.15
"HDG",103405,"/Date(1701747259000)/",28450,4900,959000,27216000000,550,true,1.97
"HDG",103355,"/Date(1701747250000)/",28450,6500,954100,27076000000,550,true,1.97
"HDG",103355,"/Date(1701747250000)/",28450,20000,947600,26891000000,550,true,1.97
"HDG",103355,"/Date(1701747250000)/",28450,5000,927600,26322000000,550,true,1.97
"HDG",103355,"/Date(1701747250000)/",28450,300,922600,26180000000,550,true,1.97
"HDG",103355,"/Date(1701747250000)/",28450,1200,922300,26171000000,550,true,1.97
"HDG",103352,"/Date(1701747247000)/",28500,100,921100,26137000000,600,false,2.15
"HDG",103255,"/Date(1701747190000)/",28450,500,921000,26134000000,550,true,1.97
"HDG",103245,"/Date(1701747179000)/",28450,100,920500,26120000000,550,true,1.97
"HDG",103235,"/Date(1701747170000)/",28450,200,920400,26117000000,550,true,1.97
"HDG",103235,"/Date(1701747169000)/",28450,1100,920200,26112000000,550,true,1.97
"HDG",103229,"/Date(1701747164000)/",28450,5000,919100,26080000000,550,true,1.97
"HDG",103226,"/Date(1701747160000)/",28450,600,914100,25938000000,550,false,1.97
"HDG",103226,"/Date(1701747159000)/",28500,600,913500,25921000000,600,false,2.15
"HDG",103226,"/Date(1701747159000)/",28450,500,912900,25904000000,550,false,1.97
"HDG",103226,"/Date(1701747159000)/",28450,800,912400,25890000000,550,false,1.97
"HDG",103216,"/Date(1701747149000)/",28450,600,911600,25867000000,550,true,1.97
