"Stockcode","Package","TradingDate","Price","Vol","TotalVol","TotalVal","Change","IsBuy","PerChange"
"HNG",144423,"/Date(1701762300000)/",3890,142100,1907400,7462000000,-60,true,-1.52
"HNG",142922,"/Date(1701761399000)/",3890,5000,1765300,6909000000,-60,true,-1.52
"HNG",142919,"/Date(1701761395000)/",3890,10000,1760300,6890000000,-60,true,-1.52
"HNG",142916,"/Date(1701761391000)/",3900,5000,1750300,6851000000,-50,false,-1.27
"HNG",142847,"/Date(1701761363000)/",3900,500,1745300,6831000000,-50,false,-1.27
"HNG",142759,"/Date(1701761315000)/",3900,100,1744800,6829000000,-50,false,-1.27
"HNG",142743,"/Date(1701761298000)/",3890,400,1744700,6829000000,-60,true,-1.52
"HNG",142737,"/Date(1701761292000)/",3890,20000,1744300,6827000000,-60,true,-1.52
"HNG",142648,"/Date(1701761245000)/",3890,1000,1724300,6750000000,-60,true,-1.52
"HNG",142645,"/Date(1701761240000)/",3900,300,1723300,6746000000,-50,false,-1.27
"HNG",142645,"/Date(1701761239000)/",3900,900,1723000,6745000000,-50,false,-1.27
"HNG",142645,"/Date(1701761239000)/",3900,300,1722100,6741000000,-50,false,-1.27
"HNG",142645,"/Date(1701761239000)/",3900,100,1721800,6740000000,-50,false,-1.27
"HNG",142607,"/Date(1701761202000)/",3900,200,1721700,6739000000,-50,false,-1.27
"HNG",142607,"/Date(1701761201000)/",3900,700,1721500,6739000000,-50,false,-1.27
"HNG",142538,"/Date(1701761174000)/",3900,2000,1720800,6736000000,-50,false,-1.27
"HNG",142532,"/Date(1701761168000)/",3900,100,1718800,6728000000,-50,false,-1.27
"HNG",142532,"/Date(1701761168000)/",3900,1400,1718700,6728000000,-50,false,-1.27
"HNG",142525,"/Date(1701761162000)/",3900,2200,1717300,6722000000,-50,false,-1.27
"HNG",142500,"/Date(1701761136000)/",3900,100,1715100,6714000000,-50,false,-1.27
"HNG",142500,"/Date(1701761134000)/",3900,1000,1715000,6713000000,-50,false,-1.27
"HNG",142456,"/Date(1701761133000)/",3900,500,1714000,6709000000,-50,false,-1.27
"HNG",142456,"/Date(1701761133000)/",3900,100,1713500,6707000000,-50,false,-1.27
"HNG",142456,"/Date(1701761133000)/",3900,100,1713400,6707000000,-50,false,-1.27
"HNG",142456,"/Date(1701761133000)/",3900,700,1713300,6707000000,-50,false,-1.27
"HNG",142456,"/Date(1701761131000)/",3900,1900,1712600,6704000000,-50,false,-1.27
"HNG",142447,"/Date(1701761122000)/",3900,500,1710700,6697000000,-50,false,-1.27
"HNG",142434,"/Date(1701761109000)/",3900,500,1710200,6695000000,-50,false,-1.27
"HNG",142408,"/Date(1701761084000)/",3900,500,1709700,6693000000,-50,false,-1.27
"HNG",142408,"/Date(1701761082000)/",3900,900,1709200,6691000000,-50,false,-1.27
"HNG",142408,"/Date(1701761082000)/",3900,100,1708300,6687000000,-50,false,-1.27
"HNG",142352,"/Date(1701761068000)/",3900,1000,1708200,6687000000,-50,false,-1.27
"HNG",142352,"/Date(1701761067000)/",3900,1000,1707200,6683000000,-50,false,-1.27
"HNG",142349,"/Date(1701761064000)/",3900,1100,1706200,6679000000,-50,false,-1.27
"HNG",142343,"/Date(1701761059000)/",3900,2000,1705100,6675000000,-50,false,-1.27
"HNG",142330,"/Date(1701761047000)/",3900,1800,1703100,6667000000,-50,false,-1.27
"HNG",142330,"/Date(1701761047000)/",3900,200,1701300,6660000000,-50,false,-1.27
"HNG",142327,"/Date(1701761041000)/",3900,2000,1701100,6659000000,-50,false,-1.27
"HNG",142323,"/Date(1701761037000)/",3900,4300,1699100,6651000000,-50,false,-1.27
"HNG",142307,"/Date(1701761022000)/",3900,300,1694800,6635000000,-50,false,-1.27
"HNG",142235,"/Date(1701760991000)/",3900,1000,1694500,6633000000,-50,false,-1.27
"HNG",142207,"/Date(1701760962000)/",3900,1000,1693500,6629000000,-50,false,-1.27
"HNG",142200,"/Date(1701760957000)/",3890,100,1692500,6626000000,-60,true,-1.52
"HNG",142154,"/Date(1701760948000)/",3900,900,1692400,6625000000,-50,false,-1.27
"HNG",142059,"/Date(1701760896000)/",3900,100,1691500,6622000000,-50,true,-1.27
"HNG",142059,"/Date(1701760896000)/",3900,700,1691400,6621000000,-50,true,-1.27
"HNG",142059,"/Date(1701760896000)/",3900,500,1690700,6619000000,-50,true,-1.27
"HNG",142059,"/Date(1701760896000)/",3900,1300,1690200,6617000000,-50,true,-1.27
"HNG",142059,"/Date(1701760896000)/",3900,100,1688900,6612000000,-50,true,-1.27
"HNG",142059,"/Date(1701760896000)/",3900,12600,1688800,6611000000,-50,true,-1.27
"HNG",142040,"/Date(1701760874000)/",3900,2100,1676200,6562000000,-50,true,-1.27
"HNG",142030,"/Date(1701760865000)/",3900,4300,1674100,6554000000,-50,true,-1.27
"HNG",142030,"/Date(1701760865000)/",3900,200,1669800,6537000000,-50,true,-1.27
"HNG",142030,"/Date(1701760865000)/",3900,5000,1669600,6536000000,-50,true,-1.27
"HNG",142030,"/Date(1701760865000)/",3900,200,1664600,6517000000,-50,true,-1.27
"HNG",142030,"/Date(1701760865000)/",3900,1900,1664400,6516000000,-50,true,-1.27
"HNG",142030,"/Date(1701760865000)/",3900,800,1662500,6509000000,-50,true,-1.27
"HNG",142030,"/Date(1701760865000)/",3900,100,1661700,6505000000,-50,true,-1.27
"HNG",142030,"/Date(1701760865000)/",3900,7500,1661600,6505000000,-50,true,-1.27
"HNG",142021,"/Date(1701760857000)/",3900,500,1654100,6476000000,-50,true,-1.27
"HNG",142018,"/Date(1701760851000)/",3900,700,1653600,6474000000,-50,true,-1.27
"HNG",142018,"/Date(1701760851000)/",3910,100,1652900,6471000000,-40,false,-1.01
"HNG",141949,"/Date(1701760822000)/",3910,500,1652800,6471000000,-40,false,-1.01
"HNG",141946,"/Date(1701760821000)/",3910,100,1652300,6469000000,-40,false,-1.01
"HNG",141858,"/Date(1701760773000)/",3910,400,1652200,6468000000,-40,false,-1.01
"HNG",141851,"/Date(1701760767000)/",3900,1300,1651800,6467000000,-50,true,-1.27
"HNG",141851,"/Date(1701760767000)/",3900,1000,1650500,6462000000,-50,true,-1.27
"HNG",141851,"/Date(1701760767000)/",3900,1000,1649500,6458000000,-50,true,-1.27
"HNG",141851,"/Date(1701760767000)/",3900,400,1648500,6454000000,-50,true,-1.27
"HNG",141851,"/Date(1701760767000)/",3900,300,1648100,6452000000,-50,true,-1.27
"HNG",141838,"/Date(1701760754000)/",3910,200,1647800,6451000000,-40,false,-1.01
"HNG",141731,"/Date(1701760687000)/",3910,500,1647600,6450000000,-40,false,-1.01
"HNG",141643,"/Date(1701760637000)/",3910,100,1647100,6448000000,-40,false,-1.01
"HNG",141602,"/Date(1701760597000)/",3900,500,1647000,6448000000,-50,false,-1.27
"HNG",141602,"/Date(1701760597000)/",3900,200,1646500,6446000000,-50,false,-1.27
"HNG",141602,"/Date(1701760595000)/",3900,200,1646300,6445000000,-50,false,-1.27
"HNG",141558,"/Date(1701760593000)/",3900,2000,1646100,6445000000,-50,false,-1.27
"HNG",141546,"/Date(1701760582000)/",3900,100,1644100,6437000000,-50,false,-1.27
"HNG",141546,"/Date(1701760582000)/",3900,400,1644000,6436000000,-50,false,-1.27
"HNG",141536,"/Date(1701760572000)/",3900,5000,1643600,6435000000,-50,true,-1.27
"HNG",141536,"/Date(1701760572000)/",3900,200,1638600,6415000000,-50,true,-1.27
"HNG",141536,"/Date(1701760572000)/",3900,400,1638400,6415000000,-50,true,-1.27
"HNG",141536,"/Date(1701760572000)/",3900,1000,1638000,6413000000,-50,true,-1.27
"HNG",141536,"/Date(1701760572000)/",3900,500,1637000,6409000000,-50,true,-1.27
"HNG",141536,"/Date(1701760572000)/",3900,500,1636500,6407000000,-50,true,-1.27
"HNG",141536,"/Date(1701760572000)/",3900,1000,1636000,6405000000,-50,true,-1.27
"HNG",141536,"/Date(1701760572000)/",3900,500,1635000,6401000000,-50,true,-1.27
"HNG",141536,"/Date(1701760572000)/",3900,100,1634500,6399000000,-50,true,-1.27
"HNG",141536,"/Date(1701760572000)/",3900,400,1634400,6399000000,-50,true,-1.27
"HNG",141533,"/Date(1701760566000)/",3900,3600,1634000,6397000000,-50,true,-1.27
"HNG",141533,"/Date(1701760566000)/",3900,1000,1630400,6383000000,-50,true,-1.27
"HNG",141533,"/Date(1701760566000)/",3900,600,1629400,6379000000,-50,true,-1.27
"HNG",141413,"/Date(1701760488000)/",3900,4400,1628800,6377000000,-50,true,-1.27
"HNG",141413,"/Date(1701760486000)/",3900,200,1624400,6360000000,-50,true,-1.27
"HNG",141406,"/Date(1701760480000)/",3900,200,1624200,6359000000,-50,false,-1.27
"HNG",141337,"/Date(1701760450000)/",3900,1000,1624000,6358000000,-50,true,-1.27
"HNG",141337,"/Date(1701760450000)/",3900,1000,1623000,6354000000,-50,true,-1.27
"HNG",141337,"/Date(1701760450000)/",3900,2000,1622000,6351000000,-50,true,-1.27
"HNG",141337,"/Date(1701760450000)/",3900,100,1620000,6343000000,-50,true,-1.27
"HNG",141337,"/Date(1701760450000)/",3900,1000,1619900,6342000000,-50,true,-1.27
"HNG",141337,"/Date(1701760450000)/",3900,100,1618900,6338000000,-50,true,-1.27
"HNG",141334,"/Date(1701760447000)/",3900,400,1618800,6338000000,-50,true,-1.27
"HNG",141334,"/Date(1701760447000)/",3900,2000,1618400,6337000000,-50,true,-1.27
"HNG",141334,"/Date(1701760447000)/",3900,1000,1616400,6329000000,-50,true,-1.27
"HNG",141334,"/Date(1701760447000)/",3900,100,1615400,6325000000,-50,true,-1.27
"HNG",141334,"/Date(1701760447000)/",3900,100,1615300,6324000000,-50,true,-1.27
"HNG",141249,"/Date(1701760403000)/",3900,500,1615200,6324000000,-50,true,-1.27
"HNG",141249,"/Date(1701760403000)/",3900,2300,1614700,6322000000,-50,true,-1.27
"HNG",141237,"/Date(1701760393000)/",3900,2400,1612400,6313000000,-50,true,-1.27
"HNG",141230,"/Date(1701760385000)/",3900,5300,1610000,6304000000,-50,true,-1.27
"HNG",141230,"/Date(1701760385000)/",3900,1000,1604700,6283000000,-50,true,-1.27
"HNG",141230,"/Date(1701760385000)/",3900,3000,1603700,6279000000,-50,true,-1.27
"HNG",141230,"/Date(1701760385000)/",3900,200,1600700,6268000000,-50,true,-1.27
"HNG",141230,"/Date(1701760385000)/",3900,100,1600500,6267000000,-50,true,-1.27
"HNG",141230,"/Date(1701760385000)/",3900,200,1600400,6266000000,-50,true,-1.27
"HNG",141230,"/Date(1701760385000)/",3900,200,1600200,6266000000,-50,true,-1.27
"HNG",141009,"/Date(1701760243000)/",3910,200,1600000,6265000000,-40,false,-1.01
"HNG",141006,"/Date(1701760240000)/",3910,100,1599800,6264000000,-40,false,-1.01
"HNG",141003,"/Date(1701760236000)/",3910,100,1599700,6264000000,-40,false,-1.01
"HNG",140950,"/Date(1701760225000)/",3900,500,1599600,6263000000,-50,true,-1.27
"HNG",140950,"/Date(1701760224000)/",3910,200,1599100,6261000000,-40,false,-1.01
"HNG",140937,"/Date(1701760210000)/",3910,500,1598900,6260000000,-40,false,-1.01
"HNG",140840,"/Date(1701760154000)/",3910,1400,1598400,6259000000,-40,false,-1.01
"HNG",140840,"/Date(1701760154000)/",3910,3600,1597000,6253000000,-40,false,-1.01
"HNG",140805,"/Date(1701760119000)/",3900,500,1593400,6239000000,-50,true,-1.27
"HNG",140805,"/Date(1701760119000)/",3900,1100,1592900,6237000000,-50,true,-1.27
"HNG",140742,"/Date(1701760097000)/",3890,3500,1591800,6233000000,-60,true,-1.52
"HNG",140742,"/Date(1701760097000)/",3890,300,1588300,6219000000,-60,true,-1.52
"HNG",140742,"/Date(1701760097000)/",3890,7700,1588000,6218000000,-60,true,-1.52
"HNG",140742,"/Date(1701760096000)/",3900,20000,1580300,6188000000,-50,false,-1.27
"HNG",140739,"/Date(1701760093000)/",3900,500,1560300,6110000000,-50,false,-1.27
"HNG",140733,"/Date(1701760082000)/",3900,300,1559800,6108000000,-50,false,-1.27
"HNG",140726,"/Date(1701760079000)/",3900,500,1559500,6107000000,-50,false,-1.27
"HNG",140723,"/Date(1701760078000)/",3900,100,1559000,6105000000,-50,false,-1.27
"HNG",140655,"/Date(1701760050000)/",3900,1300,1558900,6105000000,-50,false,-1.27
"HNG",140648,"/Date(1701760041000)/",3900,100,1557600,6099000000,-50,false,-1.27
"HNG",140638,"/Date(1701760032000)/",3900,2000,1557500,6099000000,-50,false,-1.27
"HNG",140613,"/Date(1701760008000)/",3900,200,1555500,6091000000,-50,false,-1.27
"HNG",140610,"/Date(1701760004000)/",3900,1000,1555300,6091000000,-50,false,-1.27
"HNG",140547,"/Date(1701759982000)/",3900,2900,1554300,6087000000,-50,false,-1.27
"HNG",140547,"/Date(1701759982000)/",3900,2000,1551400,6075000000,-50,false,-1.27
"HNG",140547,"/Date(1701759982000)/",3900,100,1549400,6067000000,-50,false,-1.27
"HNG",140547,"/Date(1701759982000)/",3900,4000,1549300,6067000000,-50,false,-1.27
"HNG",140519,"/Date(1701759953000)/",3900,1000,1545300,6052000000,-50,false,-1.27
"HNG",140515,"/Date(1701759948000)/",3890,2300,1544300,6048000000,-60,true,-1.52
"HNG",140515,"/Date(1701759948000)/",3890,100,1542000,6039000000,-60,true,-1.52
"HNG",140515,"/Date(1701759948000)/",3890,1000,1541900,6038000000,-60,true,-1.52
"HNG",140515,"/Date(1701759948000)/",3890,1000,1540900,6034000000,-60,true,-1.52
"HNG",140515,"/Date(1701759948000)/",3890,100,1539900,6030000000,-60,true,-1.52
"HNG",140515,"/Date(1701759948000)/",3890,10500,1539800,6030000000,-60,true,-1.52
"HNG",140437,"/Date(1701759911000)/",3900,5000,1529300,5989000000,-50,false,-1.27
"HNG",140333,"/Date(1701759845000)/",3900,2000,1524300,5970000000,-50,true,-1.27
"HNG",140330,"/Date(1701759844000)/",3900,300,1522300,5962000000,-50,true,-1.27
"HNG",140330,"/Date(1701759844000)/",3900,700,1522000,5961000000,-50,true,-1.27
"HNG",140304,"/Date(1701759817000)/",3900,300,1521300,5958000000,-50,false,-1.27
"HNG",140255,"/Date(1701759808000)/",3900,200,1521000,5957000000,-50,false,-1.27
"HNG",140245,"/Date(1701759798000)/",3900,1500,1520800,5956000000,-50,false,-1.27
"HNG",140245,"/Date(1701759798000)/",3900,500,1519300,5950000000,-50,false,-1.27
"HNG",140236,"/Date(1701759788000)/",3900,100,1518800,5948000000,-50,false,-1.27
"HNG",140236,"/Date(1701759788000)/",3900,500,1518700,5948000000,-50,false,-1.27
"HNG",140207,"/Date(1701759760000)/",3890,3900,1518200,5946000000,-60,true,-1.52
"HNG",140207,"/Date(1701759760000)/",3890,100,1514300,5931000000,-60,true,-1.52
"HNG",140207,"/Date(1701759760000)/",3890,1000,1514200,5930000000,-60,true,-1.52
"HNG",140157,"/Date(1701759751000)/",3890,100,1513200,5927000000,-60,true,-1.52
"HNG",140157,"/Date(1701759751000)/",3890,200,1513100,5926000000,-60,true,-1.52
"HNG",140157,"/Date(1701759751000)/",3890,1000,1512900,5925000000,-60,true,-1.52
"HNG",140157,"/Date(1701759751000)/",3890,1000,1511900,5921000000,-60,true,-1.52
"HNG",140157,"/Date(1701759751000)/",3890,500,1510900,5918000000,-60,true,-1.52
"HNG",140157,"/Date(1701759751000)/",3890,400,1510400,5916000000,-60,true,-1.52
"HNG",140157,"/Date(1701759751000)/",3890,200,1510000,5914000000,-60,true,-1.52
"HNG",140157,"/Date(1701759751000)/",3890,500,1509800,5913000000,-60,true,-1.52
"HNG",140157,"/Date(1701759751000)/",3890,100,1509300,5911000000,-60,true,-1.52
"HNG",140157,"/Date(1701759751000)/",3890,100,1509200,5911000000,-60,true,-1.52
"HNG",140157,"/Date(1701759751000)/",3890,3800,1509100,5911000000,-60,true,-1.52
"HNG",140157,"/Date(1701759751000)/",3900,900,1505300,5896000000,-50,true,-1.27
"HNG",140157,"/Date(1701759751000)/",3900,500,1504400,5892000000,-50,true,-1.27
"HNG",140157,"/Date(1701759751000)/",3900,700,1503900,5890000000,-50,true,-1.27
"HNG",140145,"/Date(1701759739000)/",3900,300,1503200,5888000000,-50,true,-1.27
"HNG",140125,"/Date(1701759719000)/",3900,200,1502900,5886000000,-50,true,-1.27
"HNG",140122,"/Date(1701759715000)/",3890,6200,1502700,5886000000,-60,true,-1.52
"HNG",140122,"/Date(1701759715000)/",3890,500,1496500,5862000000,-60,true,-1.52
"HNG",140122,"/Date(1701759715000)/",3890,1000,1496000,5860000000,-60,true,-1.52
"HNG",140122,"/Date(1701759715000)/",3890,100,1495000,5856000000,-60,true,-1.52
"HNG",140122,"/Date(1701759715000)/",3890,1000,1494900,5855000000,-60,true,-1.52
"HNG",140122,"/Date(1701759715000)/",3900,100,1493900,5851000000,-50,false,-1.27
"HNG",140122,"/Date(1701759715000)/",3900,400,1493800,5851000000,-50,false,-1.27
"HNG",140122,"/Date(1701759715000)/",3900,1000,1493400,5849000000,-50,false,-1.27
"HNG",140122,"/Date(1701759715000)/",3900,100,1492400,5846000000,-50,false,-1.27
"HNG",140122,"/Date(1701759715000)/",3900,2000,1492300,5845000000,-50,false,-1.27
"HNG",140122,"/Date(1701759715000)/",3900,200,1490300,5837000000,-50,false,-1.27
"HNG",140122,"/Date(1701759715000)/",3900,100,1490100,5837000000,-50,false,-1.27
"HNG",140122,"/Date(1701759715000)/",3900,400,1490000,5836000000,-50,false,-1.27
"HNG",140122,"/Date(1701759715000)/",3900,500,1489600,5835000000,-50,false,-1.27
"HNG",140122,"/Date(1701759715000)/",3900,1400,1489100,5833000000,-50,false,-1.27
"HNG",140103,"/Date(1701759697000)/",3900,8600,1487700,5827000000,-50,true,-1.27
"HNG",140103,"/Date(1701759697000)/",3900,300,1479100,5794000000,-50,true,-1.27
"HNG",140103,"/Date(1701759697000)/",3900,1100,1478800,5793000000,-50,true,-1.27
"HNG",140100,"/Date(1701759693000)/",3900,6500,1477700,5788000000,-50,true,-1.27
"HNG",140012,"/Date(1701759644000)/",3900,300,1471200,5763000000,-50,true,-1.27
"HNG",135936,"/Date(1701759610000)/",3900,10000,1470900,5762000000,-50,true,-1.27
"HNG",135826,"/Date(1701759539000)/",3900,12100,1460900,5723000000,-50,true,-1.27
"HNG",135826,"/Date(1701759539000)/",3900,1700,1448800,5676000000,-50,true,-1.27
"HNG",135826,"/Date(1701759539000)/",3900,9200,1447100,5669000000,-50,true,-1.27
"HNG",135826,"/Date(1701759539000)/",3910,3800,1437900,5633000000,-40,false,-1.01
"HNG",135826,"/Date(1701759539000)/",3910,100,1434100,5618000000,-40,false,-1.01
"HNG",135826,"/Date(1701759539000)/",3910,100,1434000,5618000000,-40,false,-1.01
"HNG",135826,"/Date(1701759539000)/",3910,2000,1433900,5617000000,-40,false,-1.01
"HNG",135826,"/Date(1701759539000)/",3910,100,1431900,5610000000,-40,false,-1.01
"HNG",135826,"/Date(1701759539000)/",3910,100,1431800,5609000000,-40,false,-1.01
"HNG",135826,"/Date(1701759539000)/",3910,800,1431700,5609000000,-40,false,-1.01
"HNG",135706,"/Date(1701759459000)/",3910,4000,1430900,5606000000,-40,false,-1.01
"HNG",135706,"/Date(1701759459000)/",3910,100,1426900,5590000000,-40,false,-1.01
"HNG",135634,"/Date(1701759427000)/",3910,100,1426800,5590000000,-40,false,-1.01
"HNG",135550,"/Date(1701759383000)/",3910,100,1426700,5589000000,-40,false,-1.01
"HNG",135449,"/Date(1701759321000)/",3910,5100,1426600,5589000000,-40,false,-1.01
"HNG",135449,"/Date(1701759321000)/",3910,2600,1421500,5569000000,-40,false,-1.01
"HNG",135427,"/Date(1701759298000)/",3900,600,1418900,5559000000,-50,true,-1.27
"HNG",135407,"/Date(1701759280000)/",3900,200,1418300,5556000000,-50,false,-1.27
"HNG",135407,"/Date(1701759279000)/",3900,10000,1418100,5556000000,-50,false,-1.27
"HNG",135351,"/Date(1701759264000)/",3900,4200,1408100,5517000000,-50,false,-1.27
"HNG",135348,"/Date(1701759261000)/",3900,800,1403900,5500000000,-50,false,-1.27
"HNG",135348,"/Date(1701759260000)/",3900,100,1403100,5497000000,-50,false,-1.27
"HNG",135342,"/Date(1701759254000)/",3900,2000,1403000,5497000000,-50,false,-1.27
"HNG",135335,"/Date(1701759247000)/",3900,100,1401000,5489000000,-50,false,-1.27
"HNG",135335,"/Date(1701759246000)/",3900,1000,1400900,5489000000,-50,false,-1.27
"HNG",135323,"/Date(1701759235000)/",3900,3000,1399900,5485000000,-50,false,-1.27
"HNG",135320,"/Date(1701759233000)/",3900,1000,1396900,5473000000,-50,false,-1.27
"HNG",135304,"/Date(1701759215000)/",3900,200,1395900,5469000000,-50,false,-1.27
"HNG",135300,"/Date(1701759214000)/",3900,1000,1395700,5468000000,-50,true,-1.27
"HNG",135300,"/Date(1701759214000)/",3900,100,1394700,5464000000,-50,true,-1.27
"HNG",135300,"/Date(1701759214000)/",3900,1000,1394600,5464000000,-50,true,-1.27
"HNG",135300,"/Date(1701759214000)/",3900,300,1393600,5460000000,-50,true,-1.27
"HNG",135300,"/Date(1701759213000)/",3900,100,1393300,5459000000,-50,true,-1.27
"HNG",135248,"/Date(1701759199000)/",3900,100,1393200,5458000000,-50,false,-1.27
"HNG",135241,"/Date(1701759193000)/",3900,1000,1393100,5458000000,-50,false,-1.27
"HNG",135238,"/Date(1701759192000)/",3900,2000,1392100,5454000000,-50,false,-1.27
"HNG",135235,"/Date(1701759186000)/",3900,600,1390100,5446000000,-50,false,-1.27
"HNG",135232,"/Date(1701759183000)/",3900,400,1389500,5444000000,-50,false,-1.27
"HNG",135228,"/Date(1701759181000)/",3900,100,1389100,5443000000,-50,false,-1.27
"HNG",135206,"/Date(1701759158000)/",3900,1000,1389000,5442000000,-50,false,-1.27
"HNG",135137,"/Date(1701759131000)/",3900,100,1388000,5438000000,-50,false,-1.27
"HNG",135137,"/Date(1701759129000)/",3900,3000,1387900,5438000000,-50,false,-1.27
"HNG",135134,"/Date(1701759127000)/",3900,900,1384900,5426000000,-50,true,-1.27
"HNG",135134,"/Date(1701759127000)/",3900,1000,1384000,5423000000,-50,true,-1.27
"HNG",135134,"/Date(1701759127000)/",3900,500,1383000,5419000000,-50,true,-1.27
"HNG",135134,"/Date(1701759127000)/",3900,9300,1382500,5417000000,-50,true,-1.27
"HNG",135131,"/Date(1701759124000)/",3900,700,1373200,5380000000,-50,true,-1.27
"HNG",135131,"/Date(1701759124000)/",3900,100,1372500,5378000000,-50,true,-1.27
"HNG",135131,"/Date(1701759124000)/",3900,500,1372400,5377000000,-50,true,-1.27
"HNG",135131,"/Date(1701759124000)/",3900,3000,1371900,5375000000,-50,true,-1.27
"HNG",135131,"/Date(1701759124000)/",3900,200,1368900,5364000000,-50,true,-1.27
"HNG",135131,"/Date(1701759124000)/",3900,500,1368700,5363000000,-50,true,-1.27
"HNG",135131,"/Date(1701759124000)/",3900,100,1368200,5361000000,-50,true,-1.27
"HNG",135131,"/Date(1701759124000)/",3900,500,1368100,5361000000,-50,true,-1.27
"HNG",135131,"/Date(1701759124000)/",3900,500,1367600,5359000000,-50,true,-1.27
"HNG",135131,"/Date(1701759124000)/",3900,1000,1367100,5357000000,-50,true,-1.27
"HNG",135131,"/Date(1701759124000)/",3900,2900,1366100,5353000000,-50,true,-1.27
"HNG",135128,"/Date(1701759119000)/",3900,10000,1363200,5341000000,-50,true,-1.27
"HNG",135118,"/Date(1701759112000)/",3900,10000,1353200,5302000000,-50,true,-1.27
"HNG",135115,"/Date(1701759107000)/",3900,400,1343200,5263000000,-50,true,-1.27
"HNG",135102,"/Date(1701759094000)/",3900,6700,1342800,5262000000,-50,true,-1.27
"HNG",135102,"/Date(1701759094000)/",3900,500,1336100,5236000000,-50,true,-1.27
"HNG",135102,"/Date(1701759094000)/",3900,600,1335600,5234000000,-50,true,-1.27
"HNG",135049,"/Date(1701759080000)/",3900,400,1335000,5232000000,-50,true,-1.27
"HNG",135049,"/Date(1701759080000)/",3900,600,1334600,5230000000,-50,true,-1.27
"HNG",135040,"/Date(1701759071000)/",3900,400,1334000,5228000000,-50,true,-1.27
"HNG",135033,"/Date(1701759067000)/",3900,1700,1333600,5226000000,-50,true,-1.27
"HNG",135030,"/Date(1701759063000)/",3900,1800,1331900,5219000000,-50,true,-1.27
"HNG",135030,"/Date(1701759063000)/",3900,500,1330100,5212000000,-50,true,-1.27
"HNG",135030,"/Date(1701759063000)/",3900,1300,1329600,5210000000,-50,true,-1.27
"HNG",135030,"/Date(1701759063000)/",3900,3000,1328300,5205000000,-50,true,-1.27
"HNG",135030,"/Date(1701759063000)/",3900,200,1325300,5194000000,-50,true,-1.27
"HNG",135030,"/Date(1701759063000)/",3900,3200,1325100,5193000000,-50,true,-1.27
"HNG",135017,"/Date(1701759050000)/",3900,6800,1321900,5180000000,-50,true,-1.27
"HNG",135017,"/Date(1701759050000)/",3900,500,1315100,5154000000,-50,true,-1.27
"HNG",135017,"/Date(1701759050000)/",3900,2000,1314600,5152000000,-50,true,-1.27
"HNG",135017,"/Date(1701759050000)/",3900,1200,1312600,5144000000,-50,true,-1.27
"HNG",135017,"/Date(1701759050000)/",3900,2900,1311400,5139000000,-50,true,-1.27
"HNG",135017,"/Date(1701759050000)/",3900,100,1308500,5128000000,-50,true,-1.27
"HNG",135017,"/Date(1701759050000)/",3900,200,1308400,5128000000,-50,true,-1.27
"HNG",135017,"/Date(1701759050000)/",3900,300,1308200,5127000000,-50,true,-1.27
"HNG",135017,"/Date(1701759050000)/",3900,100,1307900,5126000000,-50,true,-1.27
"HNG",135017,"/Date(1701759050000)/",3900,400,1307800,5125000000,-50,true,-1.27
"HNG",135017,"/Date(1701759050000)/",3900,100,1307400,5124000000,-50,true,-1.27
"HNG",135017,"/Date(1701759050000)/",3900,200,1307300,5123000000,-50,true,-1.27
"HNG",135017,"/Date(1701759050000)/",3900,500,1307100,5123000000,-50,true,-1.27
"HNG",135017,"/Date(1701759050000)/",3900,300,1306600,5121000000,-50,true,-1.27
"HNG",135017,"/Date(1701759050000)/",3900,2200,1306300,5120000000,-50,true,-1.27
"HNG",135017,"/Date(1701759050000)/",3900,3000,1304100,5111000000,-50,true,-1.27
"HNG",135017,"/Date(1701759050000)/",3900,5000,1301100,5099000000,-50,true,-1.27
"HNG",135017,"/Date(1701759050000)/",3900,600,1296100,5080000000,-50,true,-1.27
"HNG",135017,"/Date(1701759050000)/",3900,500,1295500,5077000000,-50,true,-1.27
"HNG",135017,"/Date(1701759050000)/",3900,200,1295000,5076000000,-50,true,-1.27
"HNG",135017,"/Date(1701759050000)/",3900,3000,1294800,5075000000,-50,true,-1.27
"HNG",135017,"/Date(1701759050000)/",3900,1000,1291800,5063000000,-50,true,-1.27
"HNG",135017,"/Date(1701759050000)/",3900,50000,1290800,5059000000,-50,true,-1.27
"HNG",135017,"/Date(1701759050000)/",3900,1000,1240800,4864000000,-50,true,-1.27
"HNG",135017,"/Date(1701759050000)/",3900,200,1239800,4860000000,-50,true,-1.27
"HNG",135017,"/Date(1701759050000)/",3900,1000,1239600,4859000000,-50,true,-1.27
"HNG",135017,"/Date(1701759050000)/",3900,400,1238600,4856000000,-50,true,-1.27
"HNG",135017,"/Date(1701759050000)/",3900,16300,1238200,4854000000,-50,true,-1.27
"HNG",135014,"/Date(1701759048000)/",3900,3700,1221900,4790000000,-50,true,-1.27
"HNG",135014,"/Date(1701759048000)/",3900,200,1218200,4776000000,-50,true,-1.27
"HNG",135014,"/Date(1701759048000)/",3900,100,1218000,4775000000,-50,true,-1.27
"HNG",135014,"/Date(1701759048000)/",3900,100,1217900,4775000000,-50,true,-1.27
"HNG",135014,"/Date(1701759048000)/",3900,100,1217800,4774000000,-50,true,-1.27
"HNG",135014,"/Date(1701759048000)/",3900,300,1217700,4774000000,-50,true,-1.27
"HNG",135014,"/Date(1701759048000)/",3900,800,1217400,4773000000,-50,true,-1.27
"HNG",134952,"/Date(1701759024000)/",3900,200,1216600,4770000000,-50,true,-1.27
"HNG",134952,"/Date(1701759024000)/",3900,100,1216400,4769000000,-50,true,-1.27
"HNG",134952,"/Date(1701759024000)/",3900,1000,1216300,4769000000,-50,true,-1.27
"HNG",134952,"/Date(1701759024000)/",3900,1000,1215300,4765000000,-50,true,-1.27
"HNG",134952,"/Date(1701759024000)/",3900,100,1214300,4761000000,-50,true,-1.27
"HNG",134952,"/Date(1701759024000)/",3900,20000,1214200,4760000000,-50,true,-1.27
"HNG",134952,"/Date(1701759024000)/",3900,300,1194200,4682000000,-50,true,-1.27
"HNG",134952,"/Date(1701759024000)/",3900,100,1193900,4681000000,-50,true,-1.27
"HNG",134952,"/Date(1701759024000)/",3900,100,1193800,4681000000,-50,true,-1.27
"HNG",134952,"/Date(1701759024000)/",3900,300,1193700,4680000000,-50,true,-1.27
"HNG",134952,"/Date(1701759024000)/",3900,2000,1193400,4679000000,-50,true,-1.27
"HNG",134952,"/Date(1701759024000)/",3900,500,1191400,4671000000,-50,true,-1.27
"HNG",134952,"/Date(1701759024000)/",3900,400,1190900,4670000000,-50,true,-1.27
"HNG",134952,"/Date(1701759024000)/",3900,100,1190500,4668000000,-50,true,-1.27
"HNG",134952,"/Date(1701759024000)/",3900,1000,1190400,4668000000,-50,true,-1.27
"HNG",134952,"/Date(1701759024000)/",3900,5000,1189400,4664000000,-50,true,-1.27
"HNG",134952,"/Date(1701759024000)/",3900,20000,1184400,4644000000,-50,true,-1.27
"HNG",134952,"/Date(1701759024000)/",3900,1000,1164400,4566000000,-50,true,-1.27
"HNG",134952,"/Date(1701759024000)/",3900,100,1163400,4562000000,-50,true,-1.27
"HNG",134952,"/Date(1701759024000)/",3900,10500,1163300,4562000000,-50,true,-1.27
"HNG",134952,"/Date(1701759024000)/",3900,1000,1152800,4521000000,-50,true,-1.27
"HNG",134952,"/Date(1701759024000)/",3900,200,1151800,4517000000,-50,true,-1.27
"HNG",134923,"/Date(1701758995000)/",3900,4800,1151600,4516000000,-50,true,-1.27
"HNG",134923,"/Date(1701758995000)/",3900,200,1146800,4498000000,-50,true,-1.27
"HNG",134923,"/Date(1701758995000)/",3900,200,1146600,4497000000,-50,true,-1.27
"HNG",134923,"/Date(1701758995000)/",3900,1000,1146400,4496000000,-50,true,-1.27
"HNG",134923,"/Date(1701758995000)/",3900,200,1145400,4492000000,-50,true,-1.27
"HNG",134923,"/Date(1701758995000)/",3900,1000,1145200,4491000000,-50,true,-1.27
"HNG",134923,"/Date(1701758995000)/",3900,2600,1144200,4487000000,-50,true,-1.27
"HNG",134826,"/Date(1701758937000)/",3910,1000,1141600,4477000000,-40,false,-1.01
"HNG",134754,"/Date(1701758905000)/",3900,2400,1140600,4473000000,-50,true,-1.27
"HNG",134754,"/Date(1701758905000)/",3900,2600,1138200,4464000000,-50,true,-1.27
"HNG",134754,"/Date(1701758905000)/",3910,500,1135600,4454000000,-40,false,-1.01
"HNG",134747,"/Date(1701758899000)/",3910,5000,1135100,4452000000,-40,false,-1.01
"HNG",134725,"/Date(1701758878000)/",3910,1000,1130100,4432000000,-40,false,-1.01
"HNG",134712,"/Date(1701758862000)/",3900,500,1129100,4428000000,-50,true,-1.27
"HNG",134705,"/Date(1701758858000)/",3910,100,1128600,4426000000,-40,false,-1.01
"HNG",134653,"/Date(1701758845000)/",3910,500,1128500,4426000000,-40,false,-1.01
"HNG",134650,"/Date(1701758841000)/",3910,2000,1128000,4424000000,-40,false,-1.01
"HNG",134621,"/Date(1701758811000)/",3910,100,1126000,4416000000,-40,false,-1.01
"HNG",134552,"/Date(1701758784000)/",3910,600,1125900,4416000000,-40,false,-1.01
"HNG",134504,"/Date(1701758736000)/",3900,1900,1125300,4414000000,-50,true,-1.27
"HNG",134504,"/Date(1701758736000)/",3900,200,1123400,4406000000,-50,true,-1.27
"HNG",134504,"/Date(1701758736000)/",3900,300,1123200,4405000000,-50,true,-1.27
"HNG",134504,"/Date(1701758736000)/",3900,1200,1122900,4404000000,-50,true,-1.27
"HNG",134504,"/Date(1701758736000)/",3900,1000,1121700,4400000000,-50,true,-1.27
"HNG",134504,"/Date(1701758736000)/",3900,900,1120700,4396000000,-50,true,-1.27
"HNG",134504,"/Date(1701758736000)/",3900,5000,1119800,4392000000,-50,true,-1.27
"HNG",134504,"/Date(1701758736000)/",3900,500,1114800,4373000000,-50,true,-1.27
"HNG",134504,"/Date(1701758736000)/",3900,1000,1114300,4371000000,-50,true,-1.27
"HNG",134504,"/Date(1701758736000)/",3900,2000,1113300,4367000000,-50,true,-1.27
"HNG",134504,"/Date(1701758736000)/",3900,1000,1111300,4359000000,-50,true,-1.27
"HNG",134504,"/Date(1701758736000)/",3900,1000,1110300,4355000000,-50,true,-1.27
"HNG",134504,"/Date(1701758736000)/",3900,1000,1109300,4351000000,-50,true,-1.27
"HNG",134504,"/Date(1701758736000)/",3900,400,1108300,4347000000,-50,true,-1.27
"HNG",134504,"/Date(1701758736000)/",3900,500,1107900,4346000000,-50,true,-1.27
"HNG",134504,"/Date(1701758736000)/",3900,100,1107400,4344000000,-50,true,-1.27
"HNG",134504,"/Date(1701758736000)/",3900,13900,1107300,4343000000,-50,true,-1.27
"HNG",134354,"/Date(1701758665000)/",3900,400,1093400,4289000000,-50,true,-1.27
"HNG",134341,"/Date(1701758652000)/",3910,1000,1093000,4288000000,-40,false,-1.01
"HNG",134334,"/Date(1701758646000)/",3910,2000,1092000,4284000000,-40,false,-1.01
"HNG",134334,"/Date(1701758645000)/",3910,100,1090000,4276000000,-40,false,-1.01
"HNG",134331,"/Date(1701758643000)/",3910,9000,1089900,4275000000,-40,false,-1.01
"HNG",134318,"/Date(1701758630000)/",3910,200,1080900,4240000000,-40,false,-1.01
"HNG",134312,"/Date(1701758625000)/",3910,100,1080700,4240000000,-40,false,-1.01
"HNG",134312,"/Date(1701758625000)/",3910,4200,1080600,4239000000,-40,false,-1.01
"HNG",134309,"/Date(1701758620000)/",3910,10000,1076400,4223000000,-40,true,-1.01
"HNG",134302,"/Date(1701758612000)/",3910,500,1066400,4184000000,-40,true,-1.01
"HNG",134256,"/Date(1701758609000)/",3910,5000,1065900,4182000000,-40,true,-1.01
"HNG",134214,"/Date(1701758567000)/",3910,100,1060900,4162000000,-40,true,-1.01
"HNG",134155,"/Date(1701758545000)/",3910,200,1060800,4162000000,-40,false,-1.01
"HNG",134142,"/Date(1701758535000)/",3910,2400,1060600,4161000000,-40,false,-1.01
"HNG",134142,"/Date(1701758535000)/",3910,9900,1058200,4152000000,-40,false,-1.01
"HNG",134142,"/Date(1701758535000)/",3910,1000,1048300,4113000000,-40,false,-1.01
"HNG",134142,"/Date(1701758535000)/",3910,100,1047300,4109000000,-40,false,-1.01
"HNG",134142,"/Date(1701758535000)/",3910,100,1047200,4109000000,-40,false,-1.01
"HNG",134142,"/Date(1701758535000)/",3910,200,1047100,4108000000,-40,false,-1.01
"HNG",134142,"/Date(1701758535000)/",3910,400,1046900,4107000000,-40,false,-1.01
"HNG",134142,"/Date(1701758535000)/",3910,6500,1046500,4106000000,-40,false,-1.01
"HNG",134142,"/Date(1701758535000)/",3910,800,1040000,4080000000,-40,false,-1.01
"HNG",134142,"/Date(1701758535000)/",3910,1000,1039200,4077000000,-40,false,-1.01
"HNG",134142,"/Date(1701758535000)/",3910,100,1038200,4073000000,-40,false,-1.01
"HNG",134142,"/Date(1701758535000)/",3910,1000,1038100,4073000000,-40,false,-1.01
"HNG",134142,"/Date(1701758535000)/",3910,500,1037100,4069000000,-40,false,-1.01
"HNG",134142,"/Date(1701758535000)/",3910,600,1036600,4067000000,-40,false,-1.01
"HNG",134142,"/Date(1701758535000)/",3910,800,1036000,4065000000,-40,false,-1.01
"HNG",134142,"/Date(1701758535000)/",3910,800,1035200,4062000000,-40,false,-1.01
"HNG",134142,"/Date(1701758535000)/",3910,1000,1034400,4058000000,-40,false,-1.01
"HNG",134142,"/Date(1701758535000)/",3910,2000,1033400,4055000000,-40,false,-1.01
"HNG",134142,"/Date(1701758535000)/",3910,400,1031400,4047000000,-40,false,-1.01
"HNG",134142,"/Date(1701758535000)/",3910,5000,1031000,4045000000,-40,false,-1.01
"HNG",134142,"/Date(1701758535000)/",3910,100,1026000,4026000000,-40,false,-1.01
"HNG",134142,"/Date(1701758535000)/",3910,500,1025900,4025000000,-40,false,-1.01
"HNG",134142,"/Date(1701758535000)/",3910,200,1025400,4023000000,-40,false,-1.01
"HNG",134142,"/Date(1701758535000)/",3910,500,1025200,4023000000,-40,false,-1.01
"HNG",134142,"/Date(1701758535000)/",3910,1000,1024700,4021000000,-40,false,-1.01
"HNG",134142,"/Date(1701758535000)/",3910,2900,1023700,4017000000,-40,false,-1.01
"HNG",134139,"/Date(1701758531000)/",3920,100,1020800,4005000000,-30,false,-0.76
"HNG",134026,"/Date(1701758458000)/",3920,100,1020700,4005000000,-30,false,-0.76
"HNG",134013,"/Date(1701758444000)/",3920,3000,1020600,4005000000,-30,false,-0.76
"HNG",133935,"/Date(1701758407000)/",3920,1000,1017600,3993000000,-30,false,-0.76
"HNG",133909,"/Date(1701758381000)/",3920,1000,1016600,3989000000,-30,false,-0.76
"HNG",133843,"/Date(1701758356000)/",3920,100,1015600,3985000000,-30,false,-0.76
"HNG",133802,"/Date(1701758313000)/",3920,100,1015500,3985000000,-30,false,-0.76
"HNG",133714,"/Date(1701758266000)/",3920,100,1015400,3984000000,-30,false,-0.76
"HNG",133613,"/Date(1701758203000)/",3920,15000,1015300,3984000000,-30,true,-0.76
"HNG",133613,"/Date(1701758203000)/",3920,700,1000300,3925000000,-30,true,-0.76
"HNG",133613,"/Date(1701758203000)/",3920,1000,999600,3922000000,-30,true,-0.76
"HNG",133613,"/Date(1701758203000)/",3920,1000,998600,3918000000,-30,true,-0.76
"HNG",133613,"/Date(1701758203000)/",3920,500,997600,3914000000,-30,true,-0.76
"HNG",133613,"/Date(1701758203000)/",3920,800,997100,3912000000,-30,true,-0.76
"HNG",133613,"/Date(1701758203000)/",3920,2000,996300,3909000000,-30,true,-0.76
"HNG",133613,"/Date(1701758203000)/",3920,3000,994300,3901000000,-30,true,-0.76
"HNG",133613,"/Date(1701758203000)/",3920,10000,991300,3890000000,-30,true,-0.76
"HNG",133613,"/Date(1701758203000)/",3920,400,981300,3850000000,-30,true,-0.76
"HNG",133613,"/Date(1701758203000)/",3920,13300,980900,3849000000,-30,true,-0.76
"HNG",133551,"/Date(1701758183000)/",3920,3000,967600,3797000000,-30,true,-0.76
"HNG",133506,"/Date(1701758135000)/",3920,500,964600,3785000000,-30,true,-0.76
"HNG",133437,"/Date(1701758106000)/",3920,2000,964100,3783000000,-30,true,-0.76
"HNG",133346,"/Date(1701758055000)/",3930,1000,962100,3775000000,-20,false,-0.51
"HNG",133343,"/Date(1701758055000)/",3930,2000,961100,3771000000,-20,false,-0.51
"HNG",133307,"/Date(1701758017000)/",3930,700,959100,3763000000,-20,false,-0.51
"HNG",133210,"/Date(1701757961000)/",3920,100,958400,3761000000,-30,true,-0.76
"HNG",133119,"/Date(1701757909000)/",3930,500,958300,3760000000,-20,false,-0.51
"HNG",133119,"/Date(1701757909000)/",3930,500,957800,3758000000,-20,false,-0.51
"HNG",133119,"/Date(1701757909000)/",3930,10000,957300,3756000000,-20,false,-0.51
"HNG",133119,"/Date(1701757909000)/",3930,200,947300,3717000000,-20,false,-0.51
"HNG",133119,"/Date(1701757909000)/",3930,500,947100,3716000000,-20,false,-0.51
"HNG",133119,"/Date(1701757909000)/",3930,4300,946600,3714000000,-20,false,-0.51
"HNG",132921,"/Date(1701757791000)/",3920,100,942300,3697000000,-30,false,-0.76
"HNG",132921,"/Date(1701757791000)/",3920,700,942200,3697000000,-30,false,-0.76
"HNG",132921,"/Date(1701757791000)/",3920,300,941500,3694000000,-30,false,-0.76
"HNG",132914,"/Date(1701757786000)/",3920,500,941200,3693000000,-30,false,-0.76
"HNG",132911,"/Date(1701757782000)/",3920,500,940700,3691000000,-30,false,-0.76
"HNG",132908,"/Date(1701757777000)/",3920,100,940200,3689000000,-30,false,-0.76
"HNG",132908,"/Date(1701757777000)/",3920,100,940100,3689000000,-30,false,-0.76
"HNG",132852,"/Date(1701757761000)/",3920,500,940000,3688000000,-30,false,-0.76
"HNG",132852,"/Date(1701757761000)/",3920,100,939500,3686000000,-30,false,-0.76
"HNG",132852,"/Date(1701757761000)/",3920,1200,939400,3686000000,-30,false,-0.76
"HNG",132810,"/Date(1701757719000)/",3920,1000,938200,3681000000,-30,false,-0.76
"HNG",132719,"/Date(1701757669000)/",3910,100,937200,3677000000,-40,true,-1.01
"HNG",132709,"/Date(1701757659000)/",3920,100,937100,3677000000,-30,false,-0.76
"HNG",132631,"/Date(1701757622000)/",3920,100,937000,3677000000,-30,false,-0.76
"HNG",132631,"/Date(1701757619000)/",3920,100,936900,3676000000,-30,false,-0.76
"HNG",132628,"/Date(1701757619000)/",3910,100,936800,3676000000,-40,true,-1.01
"HNG",132628,"/Date(1701757616000)/",3920,300,936700,3675000000,-30,false,-0.76
"HNG",132624,"/Date(1701757614000)/",3920,500,936400,3674000000,-30,false,-0.76
"HNG",132624,"/Date(1701757614000)/",3920,500,935900,3672000000,-30,false,-0.76
"HNG",132608,"/Date(1701757597000)/",3920,200,935400,3670000000,-30,false,-0.76
"HNG",132527,"/Date(1701757557000)/",3920,3000,935200,3670000000,-30,false,-0.76
"HNG",132505,"/Date(1701757535000)/",3920,100,932200,3658000000,-30,false,-0.76
"HNG",132449,"/Date(1701757520000)/",3920,500,932100,3657000000,-30,false,-0.76
"HNG",132357,"/Date(1701757467000)/",3920,200,931600,3655000000,-30,false,-0.76
"HNG",132354,"/Date(1701757463000)/",3920,300,931400,3655000000,-30,false,-0.76
"HNG",132335,"/Date(1701757445000)/",3920,200,931100,3653000000,-30,false,-0.76
"HNG",132257,"/Date(1701757407000)/",3920,800,930900,3653000000,-30,false,-0.76
"HNG",132257,"/Date(1701757407000)/",3920,4700,930100,3650000000,-30,false,-0.76
"HNG",132221,"/Date(1701757370000)/",3920,100,925400,3631000000,-30,false,-0.76
"HNG",132104,"/Date(1701757293000)/",3920,100,925300,3631000000,-30,false,-0.76
"HNG",132026,"/Date(1701757256000)/",3920,100,925200,3630000000,-30,false,-0.76
"HNG",131954,"/Date(1701757222000)/",3910,5000,925100,3630000000,-40,true,-1.01
"HNG",131951,"/Date(1701757222000)/",3920,2000,920100,3610000000,-30,false,-0.76
"HNG",131929,"/Date(1701757197000)/",3920,3000,918100,3603000000,-30,false,-0.76
"HNG",131926,"/Date(1701757196000)/",3920,1000,915100,3591000000,-30,false,-0.76
"HNG",131809,"/Date(1701757117000)/",3910,300,914100,3587000000,-40,true,-1.01
"HNG",131526,"/Date(1701756956000)/",3920,19000,913800,3586000000,-30,false,-0.76
"HNG",131250,"/Date(1701756797000)/",3930,500,894800,3511000000,-20,false,-0.51
"HNG",131058,"/Date(1701756686000)/",3930,100,894300,3509000000,-20,false,-0.51
"HNG",131055,"/Date(1701756684000)/",3910,4900,894200,3509000000,-40,true,-1.01
"HNG",131055,"/Date(1701756684000)/",3920,100,889300,3490000000,-30,true,-0.76
"HNG",131013,"/Date(1701756643000)/",3920,500,889200,3489000000,-30,true,-0.76
"HNG",130935,"/Date(1701756603000)/",3930,100,888700,3487000000,-20,false,-0.51
"HNG",130931,"/Date(1701756599000)/",3920,100,888600,3487000000,-30,true,-0.76
"HNG",130931,"/Date(1701756599000)/",3920,900,888500,3487000000,-30,true,-0.76
"HNG",130809,"/Date(1701756516000)/",3910,6700,887600,3483000000,-40,true,-1.01
"HNG",130809,"/Date(1701756516000)/",3910,20000,880900,3457000000,-40,true,-1.01
"HNG",130809,"/Date(1701756516000)/",3910,500,860900,3379000000,-40,true,-1.01
"HNG",130809,"/Date(1701756516000)/",3910,1000,860400,3377000000,-40,true,-1.01
"HNG",130809,"/Date(1701756516000)/",3910,500,859400,3373000000,-40,true,-1.01
"HNG",130809,"/Date(1701756516000)/",3910,500,858900,3371000000,-40,true,-1.01
"HNG",130809,"/Date(1701756516000)/",3910,1000,858400,3369000000,-40,true,-1.01
"HNG",130809,"/Date(1701756516000)/",3910,200,857400,3365000000,-40,true,-1.01
"HNG",130809,"/Date(1701756516000)/",3910,10000,857200,3364000000,-40,true,-1.01
"HNG",130809,"/Date(1701756516000)/",3920,3000,847200,3325000000,-30,true,-0.76
"HNG",130802,"/Date(1701756511000)/",3920,400,844200,3313000000,-30,true,-0.76
"HNG",130746,"/Date(1701756495000)/",3920,200,843800,3312000000,-30,true,-0.76
"HNG",130705,"/Date(1701756453000)/",3920,500,843600,3311000000,-30,true,-0.76
"HNG",130610,"/Date(1701756398000)/",3920,100,843100,3309000000,-30,true,-0.76
"HNG",130610,"/Date(1701756398000)/",3920,1600,843000,3309000000,-30,true,-0.76
"HNG",130610,"/Date(1701756398000)/",3920,500,841400,3302000000,-30,true,-0.76
"HNG",130610,"/Date(1701756398000)/",3920,2500,840900,3300000000,-30,true,-0.76
"HNG",130538,"/Date(1701756367000)/",3920,200,838400,3291000000,-30,true,-0.76
"HNG",130457,"/Date(1701756323000)/",3920,300,838200,3290000000,-30,false,-0.76
"HNG",130453,"/Date(1701756322000)/",3920,2000,837900,3289000000,-30,false,-0.76
"HNG",130402,"/Date(1701756269000)/",3920,100,835900,3281000000,-30,false,-0.76
"HNG",130330,"/Date(1701756238000)/",3920,100,835800,3280000000,-30,false,-0.76
"HNG",130321,"/Date(1701756228000)/",3920,400,835700,3280000000,-30,false,-0.76
"HNG",130246,"/Date(1701756195000)/",3920,2000,835300,3278000000,-30,false,-0.76
"HNG",130246,"/Date(1701756192000)/",3920,100,833300,3271000000,-30,false,-0.76
"HNG",130246,"/Date(1701756192000)/",3920,200,833200,3270000000,-30,false,-0.76
"HNG",130217,"/Date(1701756164000)/",3920,100,833000,3269000000,-30,false,-0.76
"HNG",130148,"/Date(1701756136000)/",3920,200,832900,3269000000,-30,false,-0.76
"HNG",130136,"/Date(1701756122000)/",3920,200,832700,3268000000,-30,false,-0.76
"HNG",130136,"/Date(1701756122000)/",3920,100,832500,3267000000,-30,false,-0.76
"HNG",130136,"/Date(1701756122000)/",3920,700,832400,3267000000,-30,false,-0.76
"HNG",130136,"/Date(1701756122000)/",3920,400,831700,3264000000,-30,false,-0.76
"HNG",130136,"/Date(1701756122000)/",3930,100,831300,3263000000,-20,false,-0.51
"HNG",130120,"/Date(1701756106000)/",3930,200,831200,3262000000,-20,true,-0.51
"HNG",130120,"/Date(1701756106000)/",3930,800,831000,3262000000,-20,true,-0.51
"HNG",130006,"/Date(1701756023000)/",3930,1200,830200,3258000000,-20,true,-0.51
"HNG",130000,"/Date(1701756008000)/",3930,300,829000,3254000000,-20,true,-0.51
"HNG",125957,"/Date(1701756006000)/",3930,1000,828700,3253000000,-20,false,-0.51
"HNG",125957,"/Date(1701756006000)/",3930,200,827700,3249000000,-20,false,-0.51
"HNG",125953,"/Date(1701756003000)/",3930,300,827500,3248000000,-20,false,-0.51
"HNG",125947,"/Date(1701756001000)/",3920,100,827200,3247000000,-30,true,-0.76
"HNG",125947,"/Date(1701756001000)/",3920,200,827100,3246000000,-30,true,-0.76
"HNG",125947,"/Date(1701756001000)/",3920,1000,826900,3245000000,-30,true,-0.76
"HNG",112853,"/Date(1701750553000)/",3930,100,825900,3242000000,-20,false,-0.51
"HNG",112818,"/Date(1701750517000)/",3930,100,825800,3241000000,-20,false,-0.51
"HNG",112730,"/Date(1701750468000)/",3930,100,825700,3241000000,-20,false,-0.51
"HNG",112542,"/Date(1701750362000)/",3920,100,825600,3240000000,-30,true,-0.76
"HNG",112542,"/Date(1701750362000)/",3920,100,825500,3240000000,-30,true,-0.76
"HNG",112457,"/Date(1701750316000)/",3920,100,825400,3240000000,-30,true,-0.76
"HNG",112441,"/Date(1701750300000)/",3930,200,825300,3239000000,-20,false,-0.51
"HNG",112400,"/Date(1701750258000)/",3930,1000,825100,3238000000,-20,false,-0.51
"HNG",112237,"/Date(1701750177000)/",3930,3000,824100,3234000000,-20,false,-0.51
"HNG",112237,"/Date(1701750177000)/",3930,2000,821100,3223000000,-20,false,-0.51
"HNG",112237,"/Date(1701750177000)/",3930,200,819100,3215000000,-20,false,-0.51
"HNG",112237,"/Date(1701750177000)/",3930,400,818900,3214000000,-20,false,-0.51
"HNG",112237,"/Date(1701750177000)/",3930,400,818500,3212000000,-20,false,-0.51
"HNG",112142,"/Date(1701750121000)/",3930,200,818100,3211000000,-20,false,-0.51
"HNG",112120,"/Date(1701750097000)/",3930,300,817900,3210000000,-20,false,-0.51
"HNG",112004,"/Date(1701750022000)/",3930,1500,817600,3209000000,-20,false,-0.51
"HNG",111916,"/Date(1701749975000)/",3930,300,816100,3203000000,-20,false,-0.51
"HNG",111847,"/Date(1701749944000)/",3930,300,815800,3202000000,-20,false,-0.51
"HNG",111847,"/Date(1701749944000)/",3930,16300,815500,3201000000,-20,false,-0.51
"HNG",111847,"/Date(1701749944000)/",3930,3400,799200,3137000000,-20,false,-0.51
"HNG",111649,"/Date(1701749826000)/",3920,14000,795800,3123000000,-30,true,-0.76
"HNG",111643,"/Date(1701749821000)/",3920,5000,781800,3068000000,-30,true,-0.76
"HNG",111331,"/Date(1701749630000)/",3920,100,776800,3049000000,-30,true,-0.76
"HNG",111302,"/Date(1701749601000)/",3930,500,776700,3048000000,-20,false,-0.51
"HNG",111114,"/Date(1701749493000)/",3930,300,776200,3046000000,-20,false,-0.51
"HNG",111039,"/Date(1701749458000)/",3920,200,775900,3045000000,-30,true,-0.76
"HNG",111036,"/Date(1701749452000)/",3930,2000,775700,3044000000,-20,false,-0.51
"HNG",110935,"/Date(1701749391000)/",3930,500,773700,3037000000,-20,false,-0.51
"HNG",110925,"/Date(1701749382000)/",3930,100,773200,3035000000,-20,false,-0.51
"HNG",110831,"/Date(1701749329000)/",3920,1000,773100,3034000000,-30,true,-0.76
"HNG",110828,"/Date(1701749327000)/",3930,100,772100,3030000000,-20,false,-0.51
"HNG",110815,"/Date(1701749312000)/",3930,3000,772000,3030000000,-20,false,-0.51
"HNG",110737,"/Date(1701749275000)/",3930,500,769000,3018000000,-20,false,-0.51
"HNG",110724,"/Date(1701749261000)/",3930,100,768500,3016000000,-20,false,-0.51
"HNG",110718,"/Date(1701749254000)/",3930,100,768400,3016000000,-20,false,-0.51
"HNG",110429,"/Date(1701749085000)/",3940,600,768300,3015000000,-10,false,-0.25
"HNG",110429,"/Date(1701749085000)/",3930,200,767700,3013000000,-20,false,-0.51
"HNG",110429,"/Date(1701749085000)/",3930,5000,767500,3012000000,-20,false,-0.51
"HNG",110429,"/Date(1701749085000)/",3930,2000,762500,2993000000,-20,false,-0.51
"HNG",110429,"/Date(1701749085000)/",3930,100,760500,2985000000,-20,false,-0.51
"HNG",110429,"/Date(1701749085000)/",3930,200,760400,2984000000,-20,false,-0.51
"HNG",110429,"/Date(1701749085000)/",3930,19500,760200,2984000000,-20,false,-0.51
"HNG",110429,"/Date(1701749085000)/",3920,2400,740700,2907000000,-30,false,-0.76
"HNG",110422,"/Date(1701749079000)/",3920,1000,738300,2898000000,-30,true,-0.76
"HNG",110422,"/Date(1701749079000)/",3920,700,737300,2894000000,-30,true,-0.76
"HNG",110422,"/Date(1701749079000)/",3920,200,736600,2891000000,-30,true,-0.76
"HNG",110422,"/Date(1701749079000)/",3920,500,736400,2890000000,-30,true,-0.76
"HNG",110422,"/Date(1701749079000)/",3920,200,735900,2888000000,-30,true,-0.76
"HNG",110350,"/Date(1701749047000)/",3920,1800,735700,2887000000,-30,true,-0.76
"HNG",110350,"/Date(1701749047000)/",3920,200,733900,2880000000,-30,true,-0.76
"HNG",110350,"/Date(1701749047000)/",3920,4000,733700,2879000000,-30,true,-0.76
"HNG",110042,"/Date(1701748860000)/",3920,1000,729700,2864000000,-30,true,-0.76
"HNG",110042,"/Date(1701748858000)/",3930,100,728700,2860000000,-20,false,-0.51
"HNG",105948,"/Date(1701748806000)/",3930,200,728600,2859000000,-20,false,-0.51
"HNG",105724,"/Date(1701748661000)/",3930,700,728400,2859000000,-20,false,-0.51
"HNG",105655,"/Date(1701748633000)/",3920,100,727700,2856000000,-30,true,-0.76
"HNG",105655,"/Date(1701748633000)/",3920,500,727600,2856000000,-30,true,-0.76
"HNG",105655,"/Date(1701748633000)/",3920,100,727100,2854000000,-30,true,-0.76
"HNG",105655,"/Date(1701748633000)/",3920,200,727000,2853000000,-30,true,-0.76
"HNG",105655,"/Date(1701748633000)/",3920,300,726800,2852000000,-30,true,-0.76
"HNG",105655,"/Date(1701748633000)/",3920,300,726500,2851000000,-30,true,-0.76
"HNG",105655,"/Date(1701748633000)/",3920,700,726200,2850000000,-30,true,-0.76
"HNG",105617,"/Date(1701748594000)/",3920,300,725500,2847000000,-30,true,-0.76
"HNG",105617,"/Date(1701748594000)/",3920,1000,725200,2846000000,-30,true,-0.76
"HNG",105617,"/Date(1701748594000)/",3920,1500,724200,2842000000,-30,true,-0.76
"HNG",105617,"/Date(1701748594000)/",3920,100,722700,2836000000,-30,true,-0.76
"HNG",105617,"/Date(1701748594000)/",3920,100,722600,2836000000,-30,true,-0.76
"HNG",105017,"/Date(1701748231000)/",3930,100,722500,2836000000,-20,false,-0.51
"HNG",104803,"/Date(1701748099000)/",3930,500,722400,2835000000,-20,false,-0.51
"HNG",104633,"/Date(1701748009000)/",3930,500,721900,2833000000,-20,true,-0.51
"HNG",104542,"/Date(1701747959000)/",3930,500,721400,2831000000,-20,false,-0.51
"HNG",104514,"/Date(1701747929000)/",3930,500,720900,2829000000,-20,false,-0.51
"HNG",104221,"/Date(1701747755000)/",3930,100,720400,2827000000,-20,false,-0.51
"HNG",104156,"/Date(1701747731000)/",3930,100,720300,2827000000,-20,false,-0.51
"HNG",104014,"/Date(1701747630000)/",3930,100,720200,2827000000,-20,false,-0.51
"HNG",103939,"/Date(1701747594000)/",3930,400,720100,2826000000,-20,true,-0.51
"HNG",103939,"/Date(1701747594000)/",3930,100,719700,2825000000,-20,true,-0.51
"HNG",103901,"/Date(1701747555000)/",3930,100,719600,2824000000,-20,true,-0.51
"HNG",103813,"/Date(1701747509000)/",3930,100,719500,2824000000,-20,true,-0.51
"HNG",103810,"/Date(1701747506000)/",3940,800,719400,2823000000,-10,false,-0.25
"HNG",103810,"/Date(1701747506000)/",3940,400,718600,2820000000,-10,false,-0.25
"HNG",103810,"/Date(1701747506000)/",3940,2000,718200,2819000000,-10,false,-0.25
"HNG",103810,"/Date(1701747506000)/",3940,800,716200,2811000000,-10,false,-0.25
"HNG",103810,"/Date(1701747506000)/",3940,2000,715400,2808000000,-10,false,-0.25
"HNG",103810,"/Date(1701747506000)/",3940,11400,713400,2800000000,-10,false,-0.25
"HNG",103524,"/Date(1701747339000)/",3930,4700,702000,2755000000,-20,false,-0.51
"HNG",103320,"/Date(1701747215000)/",3930,200,697300,2736000000,-20,false,-0.51
"HNG",103138,"/Date(1701747113000)/",3930,100,697100,2736000000,-20,false,-0.51
"HNG",102956,"/Date(1701747012000)/",3920,1900,697000,2735000000,-30,true,-0.76
"HNG",102956,"/Date(1701747012000)/",3920,100,695100,2728000000,-30,true,-0.76
"HNG",102918,"/Date(1701746970000)/",3910,200,695000,2727000000,-40,true,-1.01
"HNG",102833,"/Date(1701746927000)/",3910,100,694800,2727000000,-40,true,-1.01
"HNG",102742,"/Date(1701746874000)/",3940,500,694700,2726000000,-10,false,-0.25
"HNG",102739,"/Date(1701746872000)/",3910,1200,694200,2724000000,-40,true,-1.01
"HNG",102704,"/Date(1701746838000)/",3900,3400,693000,2720000000,-50,true,-1.27
"HNG",102704,"/Date(1701746838000)/",3930,600,689600,2706000000,-20,true,-0.51
"HNG",102704,"/Date(1701746838000)/",3930,2000,689000,2704000000,-20,true,-0.51
"HNG",102607,"/Date(1701746780000)/",3900,12300,687000,2696000000,-50,true,-1.27
"HNG",102607,"/Date(1701746780000)/",3900,100,674700,2648000000,-50,true,-1.27
"HNG",102607,"/Date(1701746780000)/",3900,2000,674600,2648000000,-50,true,-1.27
"HNG",102607,"/Date(1701746780000)/",3900,200,672600,2640000000,-50,true,-1.27
"HNG",102607,"/Date(1701746780000)/",3900,1000,672400,2639000000,-50,true,-1.27
"HNG",102607,"/Date(1701746780000)/",3900,1000,671400,2635000000,-50,true,-1.27
"HNG",102607,"/Date(1701746780000)/",3900,10000,670400,2631000000,-50,true,-1.27
"HNG",102607,"/Date(1701746780000)/",3900,200,660400,2592000000,-50,true,-1.27
"HNG",102607,"/Date(1701746780000)/",3900,100,660200,2592000000,-50,true,-1.27
"HNG",102607,"/Date(1701746780000)/",3900,500,660100,2591000000,-50,true,-1.27
"HNG",102607,"/Date(1701746780000)/",3900,1000,659600,2589000000,-50,true,-1.27
"HNG",102607,"/Date(1701746780000)/",3900,20000,658600,2585000000,-50,true,-1.27
"HNG",102607,"/Date(1701746780000)/",3900,1000,638600,2507000000,-50,true,-1.27
"HNG",102607,"/Date(1701746780000)/",3900,5000,637600,2503000000,-50,true,-1.27
"HNG",102607,"/Date(1701746780000)/",3900,100,632600,2484000000,-50,true,-1.27
"HNG",102607,"/Date(1701746780000)/",3900,100,632500,2483000000,-50,true,-1.27
"HNG",102607,"/Date(1701746780000)/",3900,1000,632400,2483000000,-50,true,-1.27
"HNG",102607,"/Date(1701746780000)/",3900,1000,631400,2479000000,-50,true,-1.27
"HNG",102607,"/Date(1701746780000)/",3900,500,630400,2475000000,-50,true,-1.27
"HNG",102607,"/Date(1701746780000)/",3900,1000,629900,2473000000,-50,true,-1.27
"HNG",102607,"/Date(1701746780000)/",3900,5000,628900,2469000000,-50,true,-1.27
"HNG",102607,"/Date(1701746780000)/",3900,100,623900,2450000000,-50,true,-1.27
"HNG",102607,"/Date(1701746780000)/",3900,45000,623800,2450000000,-50,true,-1.27
"HNG",102607,"/Date(1701746780000)/",3900,500,578800,2274000000,-50,true,-1.27
"HNG",102607,"/Date(1701746780000)/",3900,100,578300,2272000000,-50,true,-1.27
"HNG",102607,"/Date(1701746780000)/",3910,1000,578200,2272000000,-40,false,-1.01
"HNG",102607,"/Date(1701746780000)/",3910,5000,577200,2268000000,-40,false,-1.01
"HNG",102607,"/Date(1701746780000)/",3910,2000,572200,2248000000,-40,false,-1.01
"HNG",102607,"/Date(1701746780000)/",3910,100,570200,2240000000,-40,false,-1.01
"HNG",102607,"/Date(1701746780000)/",3910,2000,570100,2240000000,-40,false,-1.01
"HNG",102607,"/Date(1701746780000)/",3910,10000,568100,2232000000,-40,false,-1.01
"HNG",102607,"/Date(1701746780000)/",3910,500,558100,2193000000,-40,false,-1.01
"HNG",102607,"/Date(1701746780000)/",3910,1000,557600,2191000000,-40,false,-1.01
"HNG",102607,"/Date(1701746780000)/",3910,3000,556600,2187000000,-40,false,-1.01
"HNG",102607,"/Date(1701746780000)/",3910,1000,553600,2176000000,-40,false,-1.01
"HNG",102607,"/Date(1701746780000)/",3910,1000,552600,2172000000,-40,false,-1.01
"HNG",102607,"/Date(1701746780000)/",3910,1000,551600,2168000000,-40,false,-1.01
"HNG",102607,"/Date(1701746780000)/",3910,100,550600,2164000000,-40,false,-1.01
"HNG",102607,"/Date(1701746780000)/",3910,200,550500,2163000000,-40,false,-1.01
"HNG",102607,"/Date(1701746780000)/",3910,1000,550300,2163000000,-40,false,-1.01
"HNG",102607,"/Date(1701746780000)/",3910,100,549300,2159000000,-40,false,-1.01
"HNG",102607,"/Date(1701746780000)/",3910,500,549200,2158000000,-40,false,-1.01
"HNG",102607,"/Date(1701746780000)/",3910,1900,548700,2156000000,-40,false,-1.01
"HNG",102607,"/Date(1701746780000)/",3910,1000,546800,2149000000,-40,false,-1.01
"HNG",102607,"/Date(1701746780000)/",3910,20000,545800,2145000000,-40,false,-1.01
"HNG",102607,"/Date(1701746780000)/",3910,400,525800,2067000000,-40,false,-1.01
"HNG",102607,"/Date(1701746780000)/",3910,20000,525400,2065000000,-40,false,-1.01
"HNG",102607,"/Date(1701746780000)/",3910,1000,505400,1987000000,-40,false,-1.01
"HNG",102607,"/Date(1701746780000)/",3910,1000,504400,1983000000,-40,false,-1.01
"HNG",102607,"/Date(1701746780000)/",3910,100,503400,1979000000,-40,false,-1.01
"HNG",102607,"/Date(1701746780000)/",3910,500,503300,1979000000,-40,false,-1.01
"HNG",102607,"/Date(1701746780000)/",3920,100,502800,1977000000,-30,false,-0.76
"HNG",102607,"/Date(1701746780000)/",3920,800,502700,1977000000,-30,false,-0.76
"HNG",102607,"/Date(1701746780000)/",3920,500,501900,1973000000,-30,false,-0.76
"HNG",102607,"/Date(1701746780000)/",3920,5000,501400,1971000000,-30,false,-0.76
"HNG",102607,"/Date(1701746780000)/",3920,200,496400,1952000000,-30,false,-0.76
"HNG",102607,"/Date(1701746780000)/",3920,1000,496200,1951000000,-30,false,-0.76
"HNG",102607,"/Date(1701746780000)/",3920,5000,495200,1947000000,-30,false,-0.76
"HNG",102607,"/Date(1701746780000)/",3920,400,490200,1928000000,-30,false,-0.76
"HNG",102607,"/Date(1701746780000)/",3920,200,489800,1926000000,-30,false,-0.76
"HNG",102607,"/Date(1701746780000)/",3920,300,489600,1925000000,-30,false,-0.76
"HNG",102607,"/Date(1701746780000)/",3920,1400,489300,1924000000,-30,false,-0.76
"HNG",102607,"/Date(1701746780000)/",3920,3000,487900,1918000000,-30,false,-0.76
"HNG",102607,"/Date(1701746780000)/",3920,500,484900,1907000000,-30,false,-0.76
"HNG",102607,"/Date(1701746780000)/",3920,300,484400,1905000000,-30,false,-0.76
"HNG",102607,"/Date(1701746780000)/",3920,100,484100,1904000000,-30,false,-0.76
"HNG",102607,"/Date(1701746780000)/",3920,500,484000,1903000000,-30,false,-0.76
"HNG",102607,"/Date(1701746780000)/",3920,2000,483500,1901000000,-30,false,-0.76
"HNG",102607,"/Date(1701746780000)/",3920,1200,481500,1893000000,-30,false,-0.76
"HNG",102607,"/Date(1701746780000)/",3920,500,480300,1889000000,-30,false,-0.76
"HNG",102607,"/Date(1701746780000)/",3920,300,479800,1887000000,-30,false,-0.76
"HNG",102607,"/Date(1701746780000)/",3920,2000,479500,1886000000,-30,false,-0.76
"HNG",102607,"/Date(1701746780000)/",3920,100,477500,1878000000,-30,false,-0.76
"HNG",102607,"/Date(1701746780000)/",3920,6100,477400,1877000000,-30,false,-0.76
"HNG",102607,"/Date(1701746780000)/",3930,1500,471300,1853000000,-20,false,-0.51
"HNG",102607,"/Date(1701746780000)/",3930,1400,469800,1848000000,-20,false,-0.51
"HNG",102607,"/Date(1701746780000)/",3930,10000,468400,1842000000,-20,false,-0.51
"HNG",102607,"/Date(1701746780000)/",3930,2000,458400,1803000000,-20,false,-0.51
"HNG",102607,"/Date(1701746780000)/",3930,500,456400,1795000000,-20,false,-0.51
"HNG",102607,"/Date(1701746780000)/",3930,700,455900,1793000000,-20,false,-0.51
"HNG",102111,"/Date(1701746483000)/",3930,3600,455200,1790000000,-20,true,-0.51
"HNG",102055,"/Date(1701746468000)/",3930,5000,451600,1776000000,-20,false,-0.51
"HNG",102016,"/Date(1701746429000)/",3930,100,446600,1756000000,-20,false,-0.51
"HNG",101945,"/Date(1701746396000)/",3930,100,446500,1756000000,-20,false,-0.51
"HNG",101941,"/Date(1701746396000)/",3930,100,446400,1756000000,-20,false,-0.51
"HNG",101925,"/Date(1701746377000)/",3920,200,446300,1755000000,-30,true,-0.76
"HNG",101756,"/Date(1701746288000)/",3930,2300,446100,1754000000,-20,false,-0.51
"HNG",101747,"/Date(1701746279000)/",3930,4100,443800,1745000000,-20,false,-0.51
"HNG",101724,"/Date(1701746258000)/",3930,100,439700,1729000000,-20,false,-0.51
"HNG",101721,"/Date(1701746254000)/",3930,2000,439600,1729000000,-20,false,-0.51
"HNG",101536,"/Date(1701746150000)/",3930,200,437600,1721000000,-20,true,-0.51
"HNG",101536,"/Date(1701746150000)/",3930,400,437400,1720000000,-20,true,-0.51
"HNG",101410,"/Date(1701746062000)/",3940,4000,437000,1719000000,-10,false,-0.25
"HNG",101345,"/Date(1701746038000)/",3940,3200,433000,1703000000,-10,false,-0.25
"HNG",100946,"/Date(1701745798000)/",3940,500,429800,1690000000,-10,false,-0.25
"HNG",100933,"/Date(1701745785000)/",3940,400,429300,1688000000,-10,true,-0.25
"HNG",100904,"/Date(1701745757000)/",3940,1000,428900,1687000000,-10,false,-0.25
"HNG",100904,"/Date(1701745757000)/",3940,7600,427900,1683000000,-10,false,-0.25
"HNG",100839,"/Date(1701745730000)/",3940,300,420300,1653000000,-10,false,-0.25
"HNG",100820,"/Date(1701745710000)/",3940,100,420000,1652000000,-10,false,-0.25
"HNG",100314,"/Date(1701745407000)/",3920,3700,419900,1651000000,-30,true,-0.76
"HNG",100314,"/Date(1701745407000)/",3920,3000,416200,1637000000,-30,true,-0.76
"HNG",100314,"/Date(1701745407000)/",3920,1000,413200,1625000000,-30,true,-0.76
"HNG",100314,"/Date(1701745407000)/",3920,1100,412200,1621000000,-30,true,-0.76
"HNG",100314,"/Date(1701745407000)/",3920,200,411100,1617000000,-30,true,-0.76
"HNG",100314,"/Date(1701745407000)/",3920,3000,410900,1616000000,-30,true,-0.76
"HNG",100314,"/Date(1701745407000)/",3920,2000,407900,1604000000,-30,true,-0.76
"HNG",100314,"/Date(1701745407000)/",3920,500,405900,1596000000,-30,true,-0.76
"HNG",100314,"/Date(1701745407000)/",3920,200,405400,1594000000,-30,true,-0.76
"HNG",100314,"/Date(1701745407000)/",3920,1000,405200,1594000000,-30,true,-0.76
"HNG",100314,"/Date(1701745407000)/",3930,300,404200,1590000000,-20,false,-0.51
"HNG",100314,"/Date(1701745407000)/",3930,30000,403900,1589000000,-20,false,-0.51
"HNG",100314,"/Date(1701745407000)/",3930,300,373900,1471000000,-20,false,-0.51
"HNG",100314,"/Date(1701745407000)/",3930,600,373600,1469000000,-20,false,-0.51
"HNG",100314,"/Date(1701745407000)/",3930,3100,373000,1467000000,-20,false,-0.51
"HNG",100233,"/Date(1701745365000)/",3940,2000,369900,1455000000,-10,true,-0.25
"HNG",100226,"/Date(1701745359000)/",3940,3000,367900,1447000000,-10,true,-0.25
"HNG",100223,"/Date(1701745354000)/",3950,1000,364900,1435000000,0,false,0
"HNG",100113,"/Date(1701745284000)/",3950,1500,363900,1431000000,0,false,0
"HNG",95947,"/Date(1701745199000)/",3950,100,362400,1425000000,0,false,0
"HNG",95928,"/Date(1701745178000)/",3930,1900,362300,1425000000,-20,true,-0.51
"HNG",95928,"/Date(1701745178000)/",3930,500,360400,1417000000,-20,true,-0.51
"HNG",95925,"/Date(1701745175000)/",3940,200,359900,1415000000,-10,false,-0.25
"HNG",95843,"/Date(1701745136000)/",3940,1000,359700,1415000000,-10,true,-0.25
"HNG",95843,"/Date(1701745135000)/",3940,100,358700,1411000000,-10,true,-0.25
"HNG",95843,"/Date(1701745135000)/",3940,100,358600,1410000000,-10,true,-0.25
"HNG",95843,"/Date(1701745135000)/",3940,100,358500,1410000000,-10,true,-0.25
"HNG",95808,"/Date(1701745100000)/",3940,100,358400,1410000000,-10,true,-0.25
"HNG",95630,"/Date(1701745000000)/",3940,100,358300,1409000000,-10,false,-0.25
"HNG",95630,"/Date(1701745000000)/",3940,1000,358200,1409000000,-10,false,-0.25
"HNG",95630,"/Date(1701745000000)/",3940,700,357200,1405000000,-10,false,-0.25
"HNG",95630,"/Date(1701745000000)/",3940,3000,356500,1402000000,-10,false,-0.25
"HNG",95507,"/Date(1701744919000)/",3920,1500,353500,1390000000,-30,true,-0.76
"HNG",95507,"/Date(1701744919000)/",3920,2000,352000,1384000000,-30,true,-0.76
"HNG",95507,"/Date(1701744919000)/",3920,2000,350000,1377000000,-30,true,-0.76
"HNG",95507,"/Date(1701744919000)/",3920,700,348000,1369000000,-30,true,-0.76
"HNG",95444,"/Date(1701744894000)/",3920,300,347300,1366000000,-30,true,-0.76
"HNG",95422,"/Date(1701744871000)/",3920,700,347000,1365000000,-30,false,-0.76
"HNG",95419,"/Date(1701744871000)/",3920,1000,346300,1362000000,-30,false,-0.76
"HNG",95419,"/Date(1701744868000)/",3920,14000,345300,1358000000,-30,false,-0.76
"HNG",95413,"/Date(1701744862000)/",3920,300,331300,1303000000,-30,false,-0.76
"HNG",95406,"/Date(1701744857000)/",3920,300,331000,1302000000,-30,false,-0.76
"HNG",95403,"/Date(1701744853000)/",3920,4000,330700,1301000000,-30,false,-0.76
"HNG",95357,"/Date(1701744848000)/",3920,1000,326700,1285000000,-30,false,-0.76
"HNG",95353,"/Date(1701744846000)/",3920,100,325700,1281000000,-30,false,-0.76
"HNG",95353,"/Date(1701744845000)/",3920,1000,325600,1281000000,-30,false,-0.76
"HNG",95350,"/Date(1701744840000)/",3920,500,324600,1277000000,-30,false,-0.76
"HNG",95338,"/Date(1701744828000)/",3920,200,324100,1275000000,-30,false,-0.76
"HNG",95318,"/Date(1701744810000)/",3920,500,323900,1274000000,-30,false,-0.76
"HNG",95318,"/Date(1701744810000)/",3920,1000,323400,1272000000,-30,false,-0.76
"HNG",95318,"/Date(1701744810000)/",3920,100,322400,1268000000,-30,false,-0.76
"HNG",95318,"/Date(1701744810000)/",3920,1000,322300,1268000000,-30,false,-0.76
"HNG",95318,"/Date(1701744810000)/",3920,100,321300,1264000000,-30,false,-0.76
"HNG",95318,"/Date(1701744810000)/",3920,10000,321200,1264000000,-30,false,-0.76
"HNG",95318,"/Date(1701744810000)/",3920,200,311200,1224000000,-30,false,-0.76
"HNG",95318,"/Date(1701744810000)/",3920,400,311000,1224000000,-30,false,-0.76
"HNG",95318,"/Date(1701744810000)/",3920,500,310600,1222000000,-30,false,-0.76
"HNG",95318,"/Date(1701744810000)/",3920,100,310100,1220000000,-30,false,-0.76
"HNG",95318,"/Date(1701744810000)/",3920,1000,310000,1220000000,-30,false,-0.76
"HNG",95318,"/Date(1701744810000)/",3930,800,309000,1216000000,-20,false,-0.51
"HNG",95318,"/Date(1701744810000)/",3930,800,308200,1213000000,-20,false,-0.51
"HNG",95318,"/Date(1701744810000)/",3930,100,307400,1210000000,-20,false,-0.51
"HNG",95318,"/Date(1701744810000)/",3930,300,307300,1209000000,-20,false,-0.51
"HNG",95259,"/Date(1701744791000)/",3940,200,307000,1208000000,-10,false,-0.25
"HNG",95250,"/Date(1701744779000)/",3940,800,306800,1207000000,-10,false,-0.25
"HNG",95231,"/Date(1701744761000)/",3930,100,306000,1204000000,-20,false,-0.51
"HNG",95228,"/Date(1701744759000)/",3930,200,305900,1204000000,-20,false,-0.51
"HNG",95221,"/Date(1701744751000)/",3930,2700,305700,1203000000,-20,false,-0.51
"HNG",95221,"/Date(1701744751000)/",3930,9300,303000,1192000000,-20,false,-0.51
"HNG",95212,"/Date(1701744743000)/",3930,200,293700,1156000000,-20,false,-0.51
"HNG",95153,"/Date(1701744723000)/",3930,100,293500,1155000000,-20,false,-0.51
"HNG",95146,"/Date(1701744717000)/",3920,100,293400,1155000000,-30,true,-0.76
"HNG",95133,"/Date(1701744703000)/",3920,5700,293300,1154000000,-30,true,-0.76
"HNG",95133,"/Date(1701744703000)/",3920,500,287600,1132000000,-30,true,-0.76
"HNG",95133,"/Date(1701744703000)/",3920,900,287100,1130000000,-30,true,-0.76
"HNG",95133,"/Date(1701744703000)/",3920,100,286200,1126000000,-30,true,-0.76
"HNG",95133,"/Date(1701744703000)/",3920,100,286100,1126000000,-30,true,-0.76
"HNG",95133,"/Date(1701744703000)/",3920,200,286000,1126000000,-30,true,-0.76
"HNG",95133,"/Date(1701744703000)/",3920,5000,285800,1125000000,-30,true,-0.76
"HNG",95133,"/Date(1701744703000)/",3920,100,280800,1105000000,-30,true,-0.76
"HNG",95133,"/Date(1701744703000)/",3920,300,280700,1105000000,-30,true,-0.76
"HNG",95133,"/Date(1701744703000)/",3920,1000,280400,1104000000,-30,true,-0.76
"HNG",95133,"/Date(1701744703000)/",3920,100,279400,1100000000,-30,true,-0.76
"HNG",95133,"/Date(1701744703000)/",3920,5000,279300,1099000000,-30,true,-0.76
"HNG",95133,"/Date(1701744703000)/",3920,500,274300,1080000000,-30,true,-0.76
"HNG",95133,"/Date(1701744703000)/",3920,100,273800,1078000000,-30,true,-0.76
"HNG",95133,"/Date(1701744703000)/",3920,500,273700,1077000000,-30,true,-0.76
"HNG",95133,"/Date(1701744703000)/",3920,800,273200,1075000000,-30,true,-0.76
"HNG",95130,"/Date(1701744702000)/",3930,100,272400,1072000000,-20,false,-0.51
"HNG",95127,"/Date(1701744697000)/",3930,1000,272300,1072000000,-20,false,-0.51
"HNG",95121,"/Date(1701744690000)/",3930,400,271300,1068000000,-20,false,-0.51
"HNG",95114,"/Date(1701744684000)/",3930,100,270900,1066000000,-20,false,-0.51
"HNG",95111,"/Date(1701744682000)/",3930,300,270800,1066000000,-20,false,-0.51
"HNG",95105,"/Date(1701744676000)/",3930,100,270500,1065000000,-20,false,-0.51
"HNG",95046,"/Date(1701744655000)/",3930,2000,270400,1064000000,-20,true,-0.51
"HNG",95046,"/Date(1701744655000)/",3930,100,268400,1056000000,-20,true,-0.51
"HNG",95046,"/Date(1701744655000)/",3930,200,268300,1056000000,-20,true,-0.51
"HNG",95017,"/Date(1701744629000)/",3930,1000,268100,1055000000,-20,true,-0.51
"HNG",95017,"/Date(1701744629000)/",3930,500,267100,1051000000,-20,true,-0.51
"HNG",95017,"/Date(1701744629000)/",3930,1000,266600,1049000000,-20,true,-0.51
"HNG",95017,"/Date(1701744629000)/",3930,200,265600,1045000000,-20,true,-0.51
"HNG",95017,"/Date(1701744629000)/",3930,200,265400,1045000000,-20,true,-0.51
"HNG",95017,"/Date(1701744629000)/",3930,200,265200,1044000000,-20,true,-0.51
"HNG",95017,"/Date(1701744629000)/",3930,2000,265000,1043000000,-20,true,-0.51
"HNG",95017,"/Date(1701744629000)/",3930,4600,263000,1035000000,-20,true,-0.51
"HNG",95017,"/Date(1701744629000)/",3930,300,258400,1017000000,-20,true,-0.51
"HNG",94958,"/Date(1701744609000)/",3940,100,258100,1016000000,-10,false,-0.25
"HNG",94842,"/Date(1701744530000)/",3940,500,258000,1016000000,-10,false,-0.25
"HNG",94832,"/Date(1701744522000)/",3940,200,257500,1014000000,-10,false,-0.25
"HNG",94816,"/Date(1701744507000)/",3940,100,257300,1013000000,-10,false,-0.25
"HNG",94748,"/Date(1701744478000)/",3940,100,257200,1012000000,-10,false,-0.25
"HNG",94744,"/Date(1701744474000)/",3930,600,257100,1012000000,-20,false,-0.51
"HNG",94738,"/Date(1701744469000)/",3930,2000,256500,1010000000,-20,false,-0.51
"HNG",94735,"/Date(1701744464000)/",3930,800,254500,1002000000,-20,false,-0.51
"HNG",94732,"/Date(1701744460000)/",3930,500,253700,999000000,-20,true,-0.51
"HNG",94732,"/Date(1701744460000)/",3930,6100,253200,997000000,-20,true,-0.51
"HNG",94713,"/Date(1701744444000)/",3930,500,247100,973000000,-20,true,-0.51
"HNG",94647,"/Date(1701744416000)/",3940,100,246600,971000000,-10,false,-0.25
"HNG",94644,"/Date(1701744412000)/",3930,3400,246500,970000000,-20,true,-0.51
"HNG",94641,"/Date(1701744412000)/",3930,100,243100,957000000,-20,true,-0.51
"HNG",94641,"/Date(1701744412000)/",3930,1000,243000,957000000,-20,true,-0.51
"HNG",94641,"/Date(1701744412000)/",3930,500,242000,953000000,-20,true,-0.51
"HNG",94634,"/Date(1701744404000)/",3940,200,241500,951000000,-10,false,-0.25
"HNG",94618,"/Date(1701744389000)/",3940,100,241300,950000000,-10,false,-0.25
"HNG",94559,"/Date(1701744369000)/",3940,5000,241200,950000000,-10,false,-0.25
"HNG",94534,"/Date(1701744344000)/",3940,500,236200,930000000,-10,false,-0.25
"HNG",94521,"/Date(1701744330000)/",3940,500,235700,928000000,-10,false,-0.25
"HNG",94509,"/Date(1701744320000)/",3940,3700,235200,926000000,-10,true,-0.25
"HNG",94440,"/Date(1701744290000)/",3940,6300,231500,911000000,-10,true,-0.25
"HNG",94437,"/Date(1701744288000)/",3940,100,225200,887000000,-10,false,-0.25
"HNG",94405,"/Date(1701744255000)/",3940,500,225100,886000000,-10,false,-0.25
"HNG",94402,"/Date(1701744252000)/",3940,2300,224600,884000000,-10,true,-0.25
"HNG",94402,"/Date(1701744252000)/",3940,100,222300,875000000,-10,true,-0.25
"HNG",94402,"/Date(1701744252000)/",3940,1000,222200,875000000,-10,true,-0.25
"HNG",94402,"/Date(1701744252000)/",3940,19700,221200,871000000,-10,true,-0.25
"HNG",94336,"/Date(1701744226000)/",3940,300,201500,793000000,-10,true,-0.25
"HNG",94336,"/Date(1701744226000)/",3940,100,201200,792000000,-10,true,-0.25
"HNG",94336,"/Date(1701744226000)/",3940,4600,201100,792000000,-10,true,-0.25
"HNG",94148,"/Date(1701744117000)/",3940,1000,196500,773000000,-10,true,-0.25
"HNG",94148,"/Date(1701744117000)/",3940,2000,195500,770000000,-10,true,-0.25
"HNG",94148,"/Date(1701744117000)/",3940,100,193500,762000000,-10,true,-0.25
"HNG",94148,"/Date(1701744117000)/",3940,300,193400,761000000,-10,true,-0.25
"HNG",94126,"/Date(1701744097000)/",3940,2600,193100,760000000,-10,true,-0.25
"HNG",94035,"/Date(1701744045000)/",3950,1500,190500,750000000,0,true,0
"HNG",94035,"/Date(1701744045000)/",3950,2200,189000,744000000,0,true,0
"HNG",94035,"/Date(1701744045000)/",3950,1800,186800,735000000,0,true,0
"HNG",94035,"/Date(1701744045000)/",3950,1100,185000,728000000,0,true,0
"HNG",93916,"/Date(1701743964000)/",3950,100,183900,724000000,0,true,0
"HNG",93910,"/Date(1701743960000)/",3960,100,183800,723000000,10,false,0.25
"HNG",93803,"/Date(1701743892000)/",3950,600,183700,723000000,0,false,0
"HNG",93803,"/Date(1701743892000)/",3950,300,183100,721000000,0,false,0
"HNG",93753,"/Date(1701743882000)/",3950,1200,182800,719000000,0,false,0
"HNG",93712,"/Date(1701743843000)/",3950,1000,181600,715000000,0,false,0
"HNG",93634,"/Date(1701743803000)/",3950,100,180600,711000000,0,false,0
"HNG",93612,"/Date(1701743780000)/",3950,300,180500,710000000,0,false,0
"HNG",93612,"/Date(1701743780000)/",3950,500,180200,709000000,0,false,0
"HNG",93612,"/Date(1701743780000)/",3950,200,179700,707000000,0,false,0
"HNG",93612,"/Date(1701743780000)/",3950,100,179500,706000000,0,false,0
"HNG",93612,"/Date(1701743780000)/",3950,700,179400,706000000,0,false,0
"HNG",93612,"/Date(1701743780000)/",3950,4100,178700,703000000,0,false,0
"HNG",93304,"/Date(1701743595000)/",3950,100,174600,687000000,0,true,0
"HNG",93236,"/Date(1701743566000)/",3950,800,174500,687000000,0,false,0
"HNG",93223,"/Date(1701743552000)/",3950,100,173700,683000000,0,false,0
"HNG",93217,"/Date(1701743545000)/",3950,8000,173600,683000000,0,false,0
"HNG",93155,"/Date(1701743523000)/",3950,500,165600,651000000,0,true,0
"HNG",93155,"/Date(1701743523000)/",3950,600,165100,649000000,0,true,0
"HNG",93120,"/Date(1701743489000)/",3960,1000,164500,647000000,10,false,0.25
"HNG",93023,"/Date(1701743431000)/",3950,3800,163500,643000000,0,false,0
"HNG",93010,"/Date(1701743418000)/",3950,600,159700,628000000,0,false,0
"HNG",92938,"/Date(1701743388000)/",3950,100,159100,626000000,0,false,0
"HNG",92929,"/Date(1701743378000)/",3940,400,159000,625000000,-10,true,-0.25
"HNG",92923,"/Date(1701743373000)/",3950,1500,158600,624000000,0,false,0
"HNG",92923,"/Date(1701743371000)/",3950,500,157100,618000000,0,false,0
"HNG",92907,"/Date(1701743356000)/",3950,100,156600,616000000,0,false,0
"HNG",92857,"/Date(1701743345000)/",3950,3000,156500,616000000,0,false,0
"HNG",92845,"/Date(1701743332000)/",3950,10100,153500,604000000,0,false,0
"HNG",92835,"/Date(1701743324000)/",3950,500,143400,564000000,0,false,0
"HNG",92835,"/Date(1701743324000)/",3950,2700,142900,562000000,0,false,0
"HNG",92800,"/Date(1701743290000)/",3950,2000,140200,551000000,0,false,0
"HNG",92757,"/Date(1701743287000)/",3950,3000,138200,543000000,0,false,0
"HNG",92757,"/Date(1701743287000)/",3950,100,135200,531000000,0,false,0
"HNG",92757,"/Date(1701743287000)/",3950,1000,135100,531000000,0,false,0
"HNG",92757,"/Date(1701743287000)/",3950,1200,134100,527000000,0,false,0
"HNG",92622,"/Date(1701743191000)/",3950,800,132900,522000000,0,false,0
"HNG",92622,"/Date(1701743191000)/",3950,1200,132100,519000000,0,false,0
"HNG",92557,"/Date(1701743166000)/",3940,100,130900,514000000,-10,true,-0.25
"HNG",92547,"/Date(1701743156000)/",3950,1800,130800,514000000,0,false,0
"HNG",92547,"/Date(1701743156000)/",3950,700,129000,507000000,0,false,0
"HNG",92318,"/Date(1701743004000)/",3920,200,128300,504000000,-30,true,-0.76
"HNG",92318,"/Date(1701743004000)/",3920,300,128100,503000000,-30,true,-0.76
"HNG",92318,"/Date(1701743004000)/",3940,3500,127800,502000000,-10,false,-0.25
"HNG",92308,"/Date(1701742996000)/",3940,20000,124300,488000000,-10,true,-0.25
"HNG",92308,"/Date(1701742996000)/",3930,4200,104300,410000000,-20,false,-0.51
"HNG",92308,"/Date(1701742996000)/",3930,42300,100100,393000000,-20,false,-0.51
"HNG",92305,"/Date(1701742994000)/",3920,700,57800,227000000,-30,true,-0.76
"HNG",92305,"/Date(1701742994000)/",3920,500,57100,224000000,-30,true,-0.76
"HNG",92305,"/Date(1701742994000)/",3920,700,56600,222000000,-30,true,-0.76
"HNG",92305,"/Date(1701742994000)/",3920,500,55900,219000000,-30,true,-0.76
"HNG",92305,"/Date(1701742994000)/",3920,300,55400,217000000,-30,true,-0.76
"HNG",92305,"/Date(1701742994000)/",3920,500,55100,216000000,-30,true,-0.76
"HNG",92305,"/Date(1701742994000)/",3920,100,54600,214000000,-30,true,-0.76
"HNG",92305,"/Date(1701742994000)/",3920,1700,54500,214000000,-30,true,-0.76
"HNG",92302,"/Date(1701742989000)/",3930,400,52800,207000000,-20,false,-0.51
"HNG",92224,"/Date(1701742953000)/",3930,100,52400,206000000,-20,false,-0.51
"HNG",92224,"/Date(1701742951000)/",3930,15000,52300,205000000,-20,false,-0.51
"HNG",92211,"/Date(1701742939000)/",3930,1600,37300,146000000,-20,false,-0.51
"HNG",92152,"/Date(1701742922000)/",3930,100,35700,140000000,-20,false,-0.51
"HNG",92136,"/Date(1701742904000)/",3930,5000,35600,140000000,-20,false,-0.51
"HNG",92133,"/Date(1701742902000)/",3920,900,30600,120000000,-30,true,-0.76
"HNG",92133,"/Date(1701742902000)/",3920,500,29700,116000000,-30,true,-0.76
"HNG",92133,"/Date(1701742902000)/",3920,3000,29200,114000000,-30,true,-0.76
"HNG",92133,"/Date(1701742902000)/",3920,1000,26200,103000000,-30,true,-0.76
"HNG",92133,"/Date(1701742902000)/",3920,100,25200,99000000,-30,true,-0.76
"HNG",92133,"/Date(1701742902000)/",3920,500,25100,98000000,-30,true,-0.76
"HNG",92043,"/Date(1701742852000)/",3930,500,24600,96000000,-20,false,-0.51
"HNG",92017,"/Date(1701742824000)/",3930,600,24100,94000000,-20,false,-0.51
"HNG",91936,"/Date(1701742784000)/",3930,800,23500,92000000,-20,false,-0.51
"HNG",91927,"/Date(1701742774000)/",3930,500,22700,89000000,-20,false,-0.51
"HNG",91917,"/Date(1701742764000)/",3930,100,22200,87000000,-20,false,-0.51
"HNG",91849,"/Date(1701742735000)/",3930,1400,22100,87000000,-20,true,-0.51
"HNG",91849,"/Date(1701742735000)/",3930,200,20700,81000000,-20,true,-0.51
"HNG",91727,"/Date(1701742653000)/",3920,200,20500,80000000,-30,true,-0.76
"HNG",91727,"/Date(1701742653000)/",3920,1000,20300,80000000,-30,true,-0.76
"HNG",91727,"/Date(1701742653000)/",3920,1600,19300,76000000,-30,true,-0.76
"HNG",91727,"/Date(1701742653000)/",3930,300,17700,69000000,-20,false,-0.51
"HNG",91727,"/Date(1701742653000)/",3930,500,17400,68000000,-20,false,-0.51
"HNG",91727,"/Date(1701742653000)/",3930,500,16900,66000000,-20,false,-0.51
"HNG",91727,"/Date(1701742653000)/",3940,300,16400,64000000,-10,false,-0.25
"HNG",91727,"/Date(1701742653000)/",3940,1000,16100,63000000,-10,false,-0.25
"HNG",91727,"/Date(1701742653000)/",3940,500,15100,59000000,-10,false,-0.25
"HNG",91727,"/Date(1701742653000)/",3940,100,14600,57000000,-10,false,-0.25
"HNG",91702,"/Date(1701742628000)/",3950,500,14500,57000000,0,false,0
"HNG",91636,"/Date(1701742605000)/",3950,100,14000,55000000,0,false,0
"HNG",91456,"/Date(1701742500000)/",3950,13900,13900,54000000,0,true,0
