"Stockcode","Package","TradingDate","Price","Vol","TotalVol","TotalVal","Change","IsBuy","PerChange"
"IPA",144548,"/Date(1701762302000)/",15700,23900,331578,5271827600,-200,true,-1.26
"IPA",142759,"/Date(1701761279000)/",15800,300,307678,4896597600,-100,true,-0.63
"IPA",142753,"/Date(1701761273000)/",15800,5000,307378,4891857600,-100,true,-0.63
"IPA",142746,"/Date(1701761266000)/",15800,100,302378,4812857600,-100,true,-0.63
"IPA",142738,"/Date(1701761258000)/",15800,600,302278,4811277600,-100,true,-0.63
"IPA",142655,"/Date(1701761215000)/",15800,1000,301678,4801797600,-100,true,-0.63
"IPA",142259,"/Date(1701760979000)/",15900,5000,300678,4785997600,0,false,0
"IPA",141924,"/Date(1701760764000)/",15900,100,295678,4706497600,0,false,0
"IPA",141655,"/Date(1701760615000)/",15800,200,295578,4704907600,-100,false,-0.63
"IPA",141650,"/Date(1701760610000)/",15800,1000,295378,4701747600,-100,false,-0.63
"IPA",141610,"/Date(1701760570000)/",15800,1000,294378,4685947600,-100,false,-0.63
"IPA",141554,"/Date(1701760554000)/",15800,300,293378,4670147600,-100,false,-0.63
"IPA",141528,"/Date(1701760528000)/",15800,300,293078,4665407600,-100,false,-0.63
"IPA",141403,"/Date(1701760443000)/",15800,200,292778,4660667600,-100,false,-0.63
"IPA",141333,"/Date(1701760413000)/",15800,1000,292578,4657507600,-100,false,-0.63
"IPA",141245,"/Date(1701760365000)/",15800,300,291578,4641707600,-100,false,-0.63
"IPA",141215,"/Date(1701760335000)/",15800,500,291278,4636967600,-100,true,-0.63
"IPA",141149,"/Date(1701760309000)/",15800,6800,290778,4629067600,-100,true,-0.63
"IPA",140856,"/Date(1701760136000)/",15800,300,283978,4521627600,-100,true,-0.63
"IPA",140829,"/Date(1701760109000)/",15800,200,283678,4516887600,-100,true,-0.63
"IPA",140753,"/Date(1701760073000)/",15800,1500,283478,4513727600,-100,true,-0.63
"IPA",135849,"/Date(1701759530000)/",15900,400,281978,4490027600,0,false,0
"IPA",135743,"/Date(1701759463000)/",15900,200,281578,4483667600,0,false,0
"IPA",135716,"/Date(1701759435000)/",15800,200,281378,4480487600,-100,true,-0.63
"IPA",135638,"/Date(1701759398000)/",15800,200,281178,4477327600,-100,true,-0.63
"IPA",135629,"/Date(1701759389000)/",15800,900,280978,4474167600,-100,false,-0.63
"IPA",135602,"/Date(1701759362000)/",15800,100,280078,4459947600,-100,true,-0.63
"IPA",135522,"/Date(1701759322000)/",15800,300,279978,4458367600,-100,false,-0.63
"IPA",135517,"/Date(1701759317000)/",15800,1000,279678,4453627600,-100,false,-0.63
"IPA",135434,"/Date(1701759274000)/",15800,100,278678,4437827600,-100,false,-0.63
"IPA",135409,"/Date(1701759249000)/",15800,400,278578,4436247600,-100,false,-0.63
"IPA",135326,"/Date(1701759206000)/",15800,300,278178,4429927600,-100,false,-0.63
"IPA",135230,"/Date(1701759150000)/",15800,300,277878,4425187600,-100,false,-0.63
"IPA",135220,"/Date(1701759140000)/",15800,300,277578,4420447600,-100,false,-0.63
"IPA",135219,"/Date(1701759139000)/",15800,500,277278,4415707600,-100,false,-0.63
"IPA",135157,"/Date(1701759117000)/",15800,100,276778,4407807600,-100,false,-0.63
"IPA",135140,"/Date(1701759100000)/",15800,400,276678,4406227600,-100,false,-0.63
"IPA",135128,"/Date(1701759088000)/",15800,200,276278,4399907600,-100,false,-0.63
"IPA",135114,"/Date(1701759074000)/",15800,500,276078,4396747600,-100,false,-0.63
"IPA",135040,"/Date(1701759040000)/",15800,4300,275578,4388847600,-100,true,-0.63
"IPA",135038,"/Date(1701759038000)/",15800,1500,271278,4320907600,-100,true,-0.63
"IPA",135027,"/Date(1701759027000)/",15800,3000,269778,4297207600,-100,true,-0.63
"IPA",135019,"/Date(1701759019000)/",15800,200,266778,4249807600,-100,true,-0.63
"IPA",135005,"/Date(1701759005000)/",15800,5000,266578,4246647600,-100,true,-0.63
"IPA",134959,"/Date(1701758999000)/",15800,100,261578,4167647600,-100,true,-0.63
"IPA",133953,"/Date(1701758393000)/",15900,1000,261478,4166067600,0,false,0
"IPA",133553,"/Date(1701758153000)/",15900,1000,260478,4150167600,0,false,0
"IPA",133220,"/Date(1701757940000)/",15800,400,259478,4134267600,-100,true,-0.63
"IPA",133157,"/Date(1701757917000)/",15900,500,259078,4127947600,0,false,0
"IPA",133033,"/Date(1701757833000)/",15900,100,258578,4119997600,0,false,0
"IPA",132934,"/Date(1701757774000)/",15900,100,258478,4118407600,0,false,0
"IPA",132827,"/Date(1701757707000)/",15900,4000,258378,4116817600,0,false,0
"IPA",132746,"/Date(1701757666000)/",15900,2000,254378,4053217600,0,false,0
"IPA",132706,"/Date(1701757626000)/",15900,1000,252378,4021417600,0,false,0
"IPA",132641,"/Date(1701757601000)/",15900,2200,251378,4005517600,0,false,0
"IPA",132623,"/Date(1701757583000)/",15900,100,249178,3970537600,0,false,0
"IPA",132553,"/Date(1701757553000)/",15900,600,249078,3968947600,0,false,0
"IPA",132533,"/Date(1701757533000)/",15900,200,248478,3959407600,0,false,0
"IPA",132342,"/Date(1701757422000)/",15900,3500,248278,3956227600,0,false,0
"IPA",132141,"/Date(1701757301000)/",15900,2000,244778,3900577600,0,false,0
"IPA",132130,"/Date(1701757290000)/",15900,100,242778,3868777600,0,false,0
"IPA",132034,"/Date(1701757234000)/",15900,100,242678,3867187600,0,false,0
"IPA",131933,"/Date(1701757173000)/",15900,500,242578,3865597600,0,false,0
"IPA",131718,"/Date(1701757038000)/",15900,500,242078,3857647600,0,false,0
"IPA",131425,"/Date(1701756865000)/",15900,900,241578,3849697600,0,true,0
"IPA",131408,"/Date(1701756848000)/",15900,1000,240678,3835387600,0,true,0
"IPA",131259,"/Date(1701756779000)/",15900,400,239678,3819487600,0,true,0
"IPA",131209,"/Date(1701756729000)/",15900,1000,239278,3813127600,0,true,0
"IPA",130819,"/Date(1701756499000)/",15900,200,238278,3797227600,0,true,0
"IPA",130613,"/Date(1701756373000)/",15900,100,238078,3794047600,0,true,0
"IPA",130510,"/Date(1701756310000)/",16000,2000,237978,3792457600,100,false,0.63
"IPA",130418,"/Date(1701756258000)/",15900,1400,235978,3760457600,0,false,0
"IPA",130057,"/Date(1701756037000)/",15800,1000,234578,3738197600,-100,true,-0.63
"IPA",130037,"/Date(1701756004000)/",15800,1000,233578,3722397600,-100,true,-0.63
"IPA",130033,"/Date(1701756003000)/",15800,1000,232578,3706597600,-100,true,-0.63
"IPA",112016,"/Date(1701750016000)/",15800,400,231578,3690797600,-100,false,-0.63
"IPA",111942,"/Date(1701749982000)/",15800,1000,231178,3684477600,-100,false,-0.63
"IPA",111912,"/Date(1701749952000)/",15800,8600,230178,3668677600,-100,true,-0.63
"IPA",111731,"/Date(1701749851000)/",15800,3000,221578,3532797600,-100,true,-0.63
"IPA",111128,"/Date(1701749488000)/",15900,1000,218578,3485397600,0,false,0
"IPA",111053,"/Date(1701749453000)/",15900,500,217578,3469497600,0,false,0
"IPA",111005,"/Date(1701749405000)/",15900,200,217078,3461547600,0,false,0
"IPA",110951,"/Date(1701749391000)/",15900,100,216878,3458367600,0,false,0
"IPA",110656,"/Date(1701749216000)/",15900,900,216778,3456777600,0,false,0
"IPA",105951,"/Date(1701748791000)/",15900,100,215878,3442467600,0,false,0
"IPA",105702,"/Date(1701748622000)/",15800,4400,215778,3440877600,-100,true,-0.63
"IPA",105637,"/Date(1701748597000)/",15800,5000,211378,3371357600,-100,true,-0.63
"IPA",105110,"/Date(1701748270000)/",15800,1600,206378,3292357600,-100,true,-0.63
"IPA",104809,"/Date(1701748090000)/",15800,5100,204778,3267077600,-100,false,-0.63
"IPA",104713,"/Date(1701748033000)/",15700,200,199678,3186497600,-200,true,-1.26
"IPA",104622,"/Date(1701747983000)/",15800,5,199478,3183357600,-100,false,-0.63
"IPA",104612,"/Date(1701747972000)/",15800,24900,199473,3183278100,-100,true,-0.63
"IPA",104546,"/Date(1701747947000)/",15900,200,174573,2789858100,0,true,0
"IPA",104526,"/Date(1701747927000)/",15900,200,174373,2786678100,0,true,0
"IPA",104430,"/Date(1701747870000)/",15900,100,174173,2783498100,0,true,0
"IPA",104348,"/Date(1701747828000)/",15900,500,174073,2781908100,0,true,0
"IPA",104155,"/Date(1701747715000)/",15900,4600,173573,2773958100,0,true,0
"IPA",104125,"/Date(1701747685000)/",15900,100,168973,2700818100,0,true,0
"IPA",103714,"/Date(1701747434000)/",15900,100,168873,2699228100,0,false,0
"IPA",103543,"/Date(1701747343000)/",15900,5000,168773,2697638100,0,false,0
"IPA",103516,"/Date(1701747316000)/",15900,100,163773,2618138100,0,false,0
"IPA",103449,"/Date(1701747289000)/",15900,400,163673,2616548100,0,false,0
"IPA",103438,"/Date(1701747278000)/",15900,100,163273,2610188100,0,false,0
"IPA",103427,"/Date(1701747267000)/",15900,1000,163173,2608598100,0,false,0
"IPA",103415,"/Date(1701747255000)/",15900,100,162173,2592698100,0,false,0
"IPA",103349,"/Date(1701747229000)/",15900,200,162073,2591108100,0,false,0
"IPA",103134,"/Date(1701747094000)/",15900,6,161873,2587928100,0,false,0
"IPA",102850,"/Date(1701746930000)/",15900,1000,161867,2587832100,0,false,0
"IPA",102703,"/Date(1701746823000)/",15900,1000,160867,2571932100,0,false,0
"IPA",102608,"/Date(1701746768000)/",15900,20,159867,2556032100,0,false,0
"IPA",102527,"/Date(1701746727000)/",15900,100,159847,2555712100,0,false,0
"IPA",102503,"/Date(1701746703000)/",15900,300,159747,2554122100,0,false,0
"IPA",102205,"/Date(1701746525000)/",15900,100,159447,2549352100,0,false,0
"IPA",102114,"/Date(1701746474000)/",15900,200,159347,2547762100,0,false,0
"IPA",102101,"/Date(1701746461000)/",15900,1000,159147,2544582100,0,false,0
"IPA",102059,"/Date(1701746459000)/",15900,1000,158147,2528682100,0,false,0
"IPA",102003,"/Date(1701746403000)/",15900,1000,157147,2512782100,0,false,0
"IPA",101953,"/Date(1701746393000)/",15800,1900,156147,2496882100,-100,true,-0.63
"IPA",101504,"/Date(1701746103000)/",15900,200,154247,2466862100,0,false,0
"IPA",101208,"/Date(1701745928000)/",15900,500,154047,2463682100,0,false,0
"IPA",101131,"/Date(1701745892000)/",15900,2100,153547,2455732100,0,true,0
"IPA",101119,"/Date(1701745880000)/",15900,5000,151447,2422342100,0,true,0
"IPA",101108,"/Date(1701745869000)/",15900,2900,146447,2342842100,0,false,0
"IPA",101034,"/Date(1701745835000)/",15900,600,143547,2296732100,0,false,0
"IPA",100944,"/Date(1701745785000)/",15900,100,142947,2287192100,0,false,0
"IPA",100918,"/Date(1701745759000)/",15900,5200,142847,2285602100,0,true,0
"IPA",100626,"/Date(1701745587000)/",16000,5200,137647,2202922100,100,false,0.63
"IPA",100553,"/Date(1701745554000)/",16000,1000,132447,2119722100,100,false,0.63
"IPA",100025,"/Date(1701745225000)/",16000,500,131447,2103722100,100,false,0.63
"IPA",95948,"/Date(1701745188000)/",16000,5000,130947,2095722100,100,false,0.63
"IPA",95746,"/Date(1701745066000)/",16000,1,125947,2015722100,100,false,0.63
"IPA",95522,"/Date(1701744922000)/",16000,100,125946,2015706000,100,false,0.63
"IPA",95349,"/Date(1701744829000)/",15900,1000,125846,2014106000,0,true,0
"IPA",95252,"/Date(1701744772000)/",15900,500,124846,1998206000,0,true,0
"IPA",94946,"/Date(1701744586000)/",15900,12200,124346,1990256000,0,true,0
"IPA",94716,"/Date(1701744436000)/",15900,3000,112146,1796276000,0,true,0
"IPA",94654,"/Date(1701744414000)/",15900,20,109146,1748576000,0,true,0
"IPA",94436,"/Date(1701744276000)/",15900,5000,109126,1748256000,0,true,0
"IPA",94403,"/Date(1701744243000)/",15900,500,104126,1668756000,0,true,0
"IPA",94145,"/Date(1701744105000)/",16000,200,103626,1660806000,100,false,0.63
"IPA",94031,"/Date(1701744031000)/",16000,14,103426,1657606000,100,false,0.63
"IPA",93635,"/Date(1701743796000)/",16000,500,103412,1657382000,100,false,0.63
"IPA",93327,"/Date(1701743608000)/",16000,200,102912,1649382000,100,false,0.63
"IPA",93304,"/Date(1701743585000)/",16000,500,102712,1646182000,100,false,0.63
"IPA",93235,"/Date(1701743556000)/",16000,500,102212,1638182000,100,false,0.63
"IPA",93033,"/Date(1701743433000)/",16000,200,101712,1630182000,100,false,0.63
"IPA",93026,"/Date(1701743426000)/",16000,3000,101512,1626982000,100,false,0.63
"IPA",92806,"/Date(1701743286000)/",16000,500,98512,1578982000,100,false,0.63
"IPA",92733,"/Date(1701743253000)/",16000,500,98012,1570982000,100,false,0.63
"IPA",92613,"/Date(1701743173000)/",16000,500,97512,1562982000,100,false,0.63
"IPA",92448,"/Date(1701743088000)/",15900,900,97012,1554982000,0,false,0
"IPA",92438,"/Date(1701743078000)/",15900,500,96112,1540672000,0,false,0
"IPA",92432,"/Date(1701743072000)/",15800,6000,95612,1532722000,-100,true,-0.63
"IPA",92409,"/Date(1701743049000)/",15900,100,89612,1437922000,0,false,0
"IPA",92353,"/Date(1701743033000)/",15900,100,89512,1436332000,0,false,0
"IPA",92338,"/Date(1701743018000)/",15900,100,89412,1434742000,0,false,0
"IPA",92223,"/Date(1701742943000)/",15900,2200,89312,1433152000,0,true,0
"IPA",92002,"/Date(1701742802000)/",15900,2200,87112,1398172000,0,true,0
"IPA",91756,"/Date(1701742676000)/",16000,19600,84912,1363192000,100,true,0.63
"IPA",91658,"/Date(1701742618000)/",16100,200,65312,1049592000,200,false,1.26
"IPA",91657,"/Date(1701742617000)/",16100,3200,65112,1046372000,200,false,1.26
"IPA",91656,"/Date(1701742616000)/",16100,2000,61912,994852000,200,false,1.26
"IPA",91650,"/Date(1701742610000)/",16100,200,59912,962652000,200,false,1.26
"IPA",91646,"/Date(1701742606000)/",16100,600,59712,959432000,200,false,1.26
"IPA",91636,"/Date(1701742596000)/",16100,1000,59112,949772000,200,false,1.26
"IPA",91610,"/Date(1701742570000)/",16100,1500,58112,933672000,200,false,1.26
"IPA",91603,"/Date(1701742563000)/",16100,200,56612,909522000,200,false,1.26
"IPA",91600,"/Date(1701742560000)/",16100,1000,56412,906292000,200,false,1.26
"IPA",91552,"/Date(1701742552000)/",16100,100,55412,890192000,200,false,1.26
"IPA",91543,"/Date(1701742543000)/",16100,200,55312,888582000,200,false,1.26
"IPA",91527,"/Date(1701742527000)/",16100,5000,55112,885362000,200,false,1.26
"IPA",91514,"/Date(1701742514000)/",16100,2200,50112,804862000,200,false,1.26
"IPA",91430,"/Date(1701742470000)/",16100,11900,47912,769442000,200,false,1.26
"IPA",91407,"/Date(1701742447000)/",16000,300,36012,577852000,100,true,0.63
"IPA",91203,"/Date(1701742323000)/",16100,4700,35712,573052000,200,true,1.26
"IPA",91047,"/Date(1701742248000)/",16100,100,31012,497382000,200,true,1.26
"IPA",90846,"/Date(1701742127000)/",16100,200,30912,495772000,200,false,1.26
"IPA",90830,"/Date(1701742111000)/",16100,1500,30712,492552000,200,false,1.26
"IPA",90812,"/Date(1701742093000)/",16100,12,29212,468402000,200,false,1.26
"IPA",90807,"/Date(1701742088000)/",16100,1100,29200,468210000,200,false,1.26
"IPA",90754,"/Date(1701742075000)/",16100,900,28100,450500000,200,false,1.26
"IPA",90750,"/Date(1701742071000)/",16100,100,27200,436010000,200,false,1.26
"IPA",90708,"/Date(1701742029000)/",16100,2000,27100,434400000,200,false,1.26
"IPA",90604,"/Date(1701741965000)/",16100,900,25100,402200000,200,false,1.26
"IPA",90549,"/Date(1701741950000)/",16000,800,24200,387710000,100,true,0.63
"IPA",90533,"/Date(1701741934000)/",16000,5000,23400,374910000,100,true,0.63
"IPA",90522,"/Date(1701741923000)/",16100,100,18400,294910000,200,false,1.26
"IPA",90521,"/Date(1701741922000)/",16100,5000,18300,293300000,200,false,1.26
"IPA",90427,"/Date(1701741868000)/",16000,200,13300,212800000,100,true,0.63
"IPA",90358,"/Date(1701741839000)/",16000,100,13100,209600000,100,true,0.63
"IPA",90320,"/Date(1701741780000)/",16000,13000,13000,208000000,100,false,0.63
