"Stockcode","Package","TradingDate","Price","Vol","TotalVol","TotalVal","Change","IsBuy","PerChange"
"PVB",145428,"/Date(1701762868000)/",22800,3600,779628,17977425300,500,true,2.24
"PVB",144546,"/Date(1701762301000)/",22800,6600,776028,17895345300,500,false,2.24
"PVB",142757,"/Date(1701761277000)/",22700,200,769428,17744865300,400,true,1.79
"PVB",142751,"/Date(1701761271000)/",22700,1000,769228,17740325300,400,true,1.79
"PVB",142733,"/Date(1701761253000)/",22800,6400,768228,17717625300,500,true,2.24
"PVB",142713,"/Date(1701761233000)/",22900,500,761828,17571665300,600,true,2.69
"PVB",142347,"/Date(1701761027000)/",23000,100,761328,17560215300,700,false,3.14
"PVB",142307,"/Date(1701760987000)/",22900,100,761228,17557915300,600,false,2.69
"PVB",142127,"/Date(1701760887000)/",22900,400,761128,17555625300,600,false,2.69
"PVB",141844,"/Date(1701760725000)/",22900,300,760728,17546465300,600,true,2.69
"PVB",141730,"/Date(1701760650000)/",22900,500,760428,17539595300,600,false,2.69
"PVB",141719,"/Date(1701760639000)/",22900,500,759928,17528145300,600,false,2.69
"PVB",141626,"/Date(1701760586000)/",22900,500,759428,17516695300,600,false,2.69
"PVB",141604,"/Date(1701760564000)/",22900,1000,758928,17505245300,600,false,2.69
"PVB",141325,"/Date(1701760405000)/",22900,500,757928,17482345300,600,false,2.69
"PVB",141250,"/Date(1701760370000)/",22900,2000,757428,17470895300,600,true,2.69
"PVB",140841,"/Date(1701760121000)/",22900,1000,755428,17425095300,600,false,2.69
"PVB",140827,"/Date(1701760107000)/",22900,1000,754428,17402195300,600,false,2.69
"PVB",140821,"/Date(1701760101000)/",22900,500,753428,17379295300,600,false,2.69
"PVB",140720,"/Date(1701760040000)/",22900,2500,752928,17367845300,600,false,2.69
"PVB",140636,"/Date(1701759996000)/",22800,200,750428,17310595300,500,false,2.24
"PVB",140555,"/Date(1701759955000)/",22700,100,750228,17306035300,400,true,1.79
"PVB",140546,"/Date(1701759946000)/",22700,900,750128,17303765300,400,true,1.79
"PVB",140545,"/Date(1701759945000)/",22800,1000,749228,17283335300,500,false,2.24
"PVB",140536,"/Date(1701759936000)/",22700,400,748228,17260535300,400,true,1.79
"PVB",140530,"/Date(1701759930000)/",22800,1500,747828,17251455300,500,false,2.24
"PVB",140430,"/Date(1701759870000)/",22700,4300,746328,17217255300,400,true,1.79
"PVB",140421,"/Date(1701759861000)/",22800,400,742028,17119645300,500,true,2.24
"PVB",140345,"/Date(1701759825000)/",22800,2500,741628,17110525300,500,true,2.24
"PVB",140256,"/Date(1701759776000)/",22800,1000,739128,17053525300,500,true,2.24
"PVB",140140,"/Date(1701759700000)/",22800,1200,738128,17030725300,500,true,2.24
"PVB",140139,"/Date(1701759699000)/",22800,200,736928,17003365300,500,true,2.24
"PVB",140138,"/Date(1701759698000)/",22800,100,736728,16998805300,500,true,2.24
"PVB",140022,"/Date(1701759622000)/",22800,1000,736628,16996525300,500,true,2.24
"PVB",135907,"/Date(1701759547000)/",22900,2700,735628,16973725300,600,false,2.69
"PVB",135906,"/Date(1701759546000)/",22900,400,732928,16911895300,600,true,2.69
"PVB",135712,"/Date(1701759432000)/",23000,100,732528,16902735300,700,false,3.14
"PVB",135709,"/Date(1701759429000)/",22900,1000,732428,16900435300,600,true,2.69
"PVB",135421,"/Date(1701759261000)/",23000,10,731428,16877535300,700,false,3.14
"PVB",135419,"/Date(1701759259000)/",23000,8100,731418,16877305300,700,false,3.14
"PVB",135310,"/Date(1701759190000)/",23000,2400,723318,16691005300,700,true,3.14
"PVB",135257,"/Date(1701759177000)/",23000,5000,720918,16635805300,700,false,3.14
"PVB",135055,"/Date(1701759055000)/",22900,1000,715918,16520805300,600,true,2.69
"PVB",135041,"/Date(1701759041000)/",22900,2000,714918,16497905300,600,true,2.69
"PVB",134903,"/Date(1701758943000)/",22900,1500,712918,16452105300,600,true,2.69
"PVB",134754,"/Date(1701758874000)/",22900,100,711418,16417755300,600,true,2.69
"PVB",134713,"/Date(1701758832000)/",23000,4200,711318,16415465300,700,true,3.14
"PVB",134653,"/Date(1701758813000)/",23000,800,707118,16318865300,700,false,3.14
"PVB",134652,"/Date(1701758812000)/",23000,1100,706318,16300465300,700,false,3.14
"PVB",134618,"/Date(1701758778000)/",23000,1000,705218,16275165300,700,false,3.14
"PVB",134453,"/Date(1701758693000)/",23000,2,704218,16252165300,700,false,3.14
"PVB",134225,"/Date(1701758545000)/",23000,37200,704216,16252119300,700,true,3.14
"PVB",134142,"/Date(1701758502000)/",23100,100,667016,15396519300,800,true,3.59
"PVB",134100,"/Date(1701758460000)/",23100,300,666916,15394209300,800,true,3.59
"PVB",134031,"/Date(1701758431000)/",23100,1000,666616,15387279300,800,true,3.59
"PVB",133958,"/Date(1701758398000)/",23100,1000,665616,15364179300,800,true,3.59
"PVB",133939,"/Date(1701758379000)/",23100,200,664616,15341079300,800,true,3.59
"PVB",133846,"/Date(1701758326000)/",23100,500,664416,15336459300,800,true,3.59
"PVB",133829,"/Date(1701758309000)/",23100,5,663916,15324909300,800,true,3.59
"PVB",133755,"/Date(1701758275000)/",23100,4800,663911,15324793800,800,true,3.59
"PVB",133728,"/Date(1701758248000)/",23100,1500,659111,15213913800,800,true,3.59
"PVB",133603,"/Date(1701758163000)/",23200,400,657611,15179263800,900,true,4.04
"PVB",133552,"/Date(1701758152000)/",23200,500,657211,15169983800,900,true,4.04
"PVB",133516,"/Date(1701758116000)/",23200,1000,656711,15158383800,900,true,4.04
"PVB",133451,"/Date(1701758091000)/",23200,3100,655711,15135183800,900,true,4.04
"PVB",133234,"/Date(1701757954000)/",23200,8000,652611,15063263800,900,false,4.04
"PVB",133231,"/Date(1701757951000)/",23100,200,644611,14877673800,800,true,3.59
"PVB",133012,"/Date(1701757812000)/",23100,1000,644411,14873053800,800,true,3.59
"PVB",132902,"/Date(1701757742000)/",23100,2300,643411,14849953800,800,false,3.59
"PVB",132710,"/Date(1701757630000)/",23100,300,641111,14796823800,800,false,3.59
"PVB",132709,"/Date(1701757629000)/",23100,3200,640811,14789893800,800,false,3.59
"PVB",132646,"/Date(1701757606000)/",23100,10,637611,14715973800,800,false,3.59
"PVB",132624,"/Date(1701757584000)/",23100,1400,637601,14715743800,800,false,3.59
"PVB",132551,"/Date(1701757551000)/",23100,200,636201,14683403800,800,false,3.59
"PVB",132057,"/Date(1701757257000)/",23100,200,636001,14678783800,800,false,3.59
"PVB",132054,"/Date(1701757254000)/",23100,1300,635801,14674163800,800,true,3.59
"PVB",132037,"/Date(1701757237000)/",23100,1300,634501,14644133800,800,true,3.59
"PVB",132030,"/Date(1701757230000)/",23100,100,633201,14614103800,800,true,3.59
"PVB",131856,"/Date(1701757136000)/",23100,2000,633101,14611793800,800,true,3.59
"PVB",131847,"/Date(1701757127000)/",23100,6800,631101,14565593800,800,false,3.59
"PVB",131552,"/Date(1701756952000)/",23100,200,624301,14408513800,800,false,3.59
"PVB",131540,"/Date(1701756940000)/",23100,1100,624101,14403893800,800,true,3.59
"PVB",131512,"/Date(1701756912000)/",23100,1600,623001,14378483800,800,true,3.59
"PVB",131434,"/Date(1701756874000)/",23100,17800,621401,14341523800,800,false,3.59
"PVB",131334,"/Date(1701756814000)/",23000,200,603601,13930393800,700,true,3.14
"PVB",130958,"/Date(1701756598000)/",23100,900,603401,13925793800,800,false,3.59
"PVB",130338,"/Date(1701756218000)/",23000,500,602501,13905003800,700,true,3.14
"PVB",130304,"/Date(1701756184000)/",23100,500,602001,13893503800,800,true,3.59
"PVB",130224,"/Date(1701756144000)/",23100,3000,601501,13881953800,800,true,3.59
"PVB",130145,"/Date(1701756105000)/",23100,2000,598501,13812653800,800,true,3.59
"PVB",112851,"/Date(1701750531000)/",23100,100,596501,13766453800,800,true,3.59
"PVB",111744,"/Date(1701749864000)/",23100,2800,596401,13764143800,800,false,3.59
"PVB",111610,"/Date(1701749770000)/",23100,2400,593601,13699463800,800,false,3.59
"PVB",111545,"/Date(1701749745000)/",23100,100,591201,13644023800,800,false,3.59
"PVB",111152,"/Date(1701749512000)/",23100,7800,591101,13641713800,800,true,3.59
"PVB",111151,"/Date(1701749511000)/",23100,100,583301,13461533800,800,true,3.59
"PVB",111145,"/Date(1701749505000)/",23100,1100,583201,13459223800,800,true,3.59
"PVB",111032,"/Date(1701749432000)/",23100,1000,582101,13433813800,800,true,3.59
"PVB",110544,"/Date(1701749144000)/",23100,11000,581101,13410713800,800,true,3.59
"PVB",110506,"/Date(1701749106000)/",23100,10000,570101,13156613800,800,false,3.59
"PVB",110049,"/Date(1701748849000)/",23000,3000,560101,12925613800,700,true,3.14
"PVB",105907,"/Date(1701748747000)/",23000,1000,557101,12856613800,700,true,3.14
"PVB",105616,"/Date(1701748576000)/",23000,800,556101,12833613800,700,true,3.14
"PVB",105444,"/Date(1701748484000)/",23000,300,555301,12815213800,700,true,3.14
"PVB",105218,"/Date(1701748338000)/",23000,1300,555001,12808313800,700,true,3.14
"PVB",105123,"/Date(1701748283000)/",23000,1000,553701,12778413800,700,true,3.14
"PVB",105001,"/Date(1701748201000)/",23000,5000,552701,12755413800,700,true,3.14
"PVB",104956,"/Date(1701748196000)/",23000,1000,547701,12640413800,700,true,3.14
"PVB",104905,"/Date(1701748145000)/",23100,100,546701,12617413800,800,false,3.59
"PVB",104822,"/Date(1701748102000)/",23000,1000,546601,12615103800,700,true,3.14
"PVB",104750,"/Date(1701748070000)/",23000,1300,545601,12592103800,700,true,3.14
"PVB",104729,"/Date(1701748049000)/",23000,1000,544301,12562203800,700,true,3.14
"PVB",104728,"/Date(1701748048000)/",23000,200,543301,12539203800,700,true,3.14
"PVB",104700,"/Date(1701748020000)/",23000,1000,543101,12534603800,700,true,3.14
"PVB",104642,"/Date(1701748002000)/",23000,2000,542101,12511603800,700,true,3.14
"PVB",104218,"/Date(1701747738000)/",23100,100,540101,12465603800,800,false,3.59
"PVB",103904,"/Date(1701747544000)/",23100,1200,540001,12463293800,800,true,3.59
"PVB",103831,"/Date(1701747511000)/",23100,200,538801,12435573800,800,true,3.59
"PVB",103823,"/Date(1701747503000)/",23100,400,538601,12430953800,800,true,3.59
"PVB",103702,"/Date(1701747422000)/",23100,600,538201,12421713800,800,true,3.59
"PVB",103542,"/Date(1701747342000)/",23100,3000,537601,12407853800,800,true,3.59
"PVB",103539,"/Date(1701747339000)/",23200,40,534601,12338553800,900,false,4.04
"PVB",102946,"/Date(1701746986000)/",23200,2000,534561,12337626800,900,false,4.04
"PVB",102906,"/Date(1701746946000)/",23100,2400,532561,12291226800,800,false,3.59
"PVB",102743,"/Date(1701746863000)/",23100,100,530161,12235786800,800,false,3.59
"PVB",102717,"/Date(1701746838000)/",23100,200,530061,12233476800,800,false,3.59
"PVB",102511,"/Date(1701746712000)/",23100,2000,529861,12228856800,800,true,3.59
"PVB",102239,"/Date(1701746560000)/",23100,600,527861,12182656800,800,false,3.59
"PVB",102127,"/Date(1701746488000)/",23100,100,527261,12168796800,800,false,3.59
"PVB",102054,"/Date(1701746454000)/",23100,100,527161,12166486800,800,false,3.59
"PVB",102043,"/Date(1701746443000)/",23100,100,527061,12164176800,800,false,3.59
"PVB",102010,"/Date(1701746410000)/",23100,1000,526961,12161866800,800,false,3.59
"PVB",101917,"/Date(1701746357000)/",23100,1300,525961,12138766800,800,true,3.59
"PVB",101909,"/Date(1701746349000)/",23100,100,524661,12108736800,800,true,3.59
"PVB",101837,"/Date(1701746317000)/",23100,200,524561,12106426800,800,true,3.59
"PVB",101832,"/Date(1701746312000)/",23100,3400,524361,12101806800,800,false,3.59
"PVB",101739,"/Date(1701746259000)/",23100,1000,520961,12023266800,800,false,3.59
"PVB",101643,"/Date(1701746203000)/",23100,2600,519961,12000166800,800,true,3.59
"PVB",101616,"/Date(1701746176000)/",23100,3600,517361,11940106800,800,true,3.59
"PVB",101614,"/Date(1701746174000)/",23100,800,513761,11856946800,800,true,3.59
"PVB",101554,"/Date(1701746154000)/",23100,100,512961,11838466800,800,true,3.59
"PVB",101441,"/Date(1701746081000)/",23200,500,512861,11836156800,900,false,4.04
"PVB",101425,"/Date(1701746065000)/",23200,900,512361,11824556800,900,true,4.04
"PVB",101419,"/Date(1701746059000)/",23200,100,511461,11803676800,900,true,4.04
"PVB",101334,"/Date(1701746014000)/",23200,2000,511361,11801356800,900,true,4.04
"PVB",101322,"/Date(1701746002000)/",23200,4000,509361,11754956800,900,false,4.04
"PVB",101255,"/Date(1701745975000)/",23200,2000,505361,11662156800,900,true,4.04
"PVB",101151,"/Date(1701745911000)/",23200,1000,503361,11615756800,900,true,4.04
"PVB",101129,"/Date(1701745889000)/",23200,100,502361,11592556800,900,true,4.04
"PVB",101042,"/Date(1701745842000)/",23200,5000,502261,11590236800,900,true,4.04
"PVB",101036,"/Date(1701745836000)/",23200,500,497261,11474236800,900,true,4.04
"PVB",101017,"/Date(1701745817000)/",23200,1000,496761,11462636800,900,true,4.04
"PVB",101006,"/Date(1701745806000)/",23200,1000,495761,11439436800,900,true,4.04
"PVB",100829,"/Date(1701745709000)/",23200,2000,494761,11416236800,900,true,4.04
"PVB",100754,"/Date(1701745674000)/",23200,100,492761,11369836800,900,true,4.04
"PVB",100713,"/Date(1701745633000)/",23200,2000,492661,11367516800,900,true,4.04
"PVB",100528,"/Date(1701745528000)/",23300,100,490661,11321116800,1000,false,4.48
"PVB",100509,"/Date(1701745509000)/",23300,2100,490561,11318786800,1000,false,4.48
"PVB",100440,"/Date(1701745480000)/",23200,1500,488461,11269856800,900,true,4.04
"PVB",100431,"/Date(1701745471000)/",23200,500,486961,11235056800,900,true,4.04
"PVB",100416,"/Date(1701745456000)/",23200,2800,486461,11223456800,900,true,4.04
"PVB",100338,"/Date(1701745418000)/",23200,200,483661,11158496800,900,true,4.04
"PVB",100213,"/Date(1701745333000)/",23200,300,483461,11153856800,900,true,4.04
"PVB",100133,"/Date(1701745293000)/",23300,2000,483161,11146896800,1000,true,4.48
"PVB",100032,"/Date(1701745232000)/",23400,100,481161,11100296800,1100,false,4.93
"PVB",100021,"/Date(1701745221000)/",23400,100,481061,11097956800,1100,false,4.93
"PVB",95822,"/Date(1701745103000)/",23400,30000,480961,11095616800,1100,false,4.93
"PVB",95814,"/Date(1701745094000)/",23300,9,450961,10394416800,1000,false,4.48
"PVB",95749,"/Date(1701745069000)/",23300,200,450952,10394206200,1000,false,4.48
"PVB",95733,"/Date(1701745053000)/",23300,1400,450752,10389546200,1000,false,4.48
"PVB",95723,"/Date(1701745044000)/",23300,200,449352,10356926200,1000,false,4.48
"PVB",95720,"/Date(1701745041000)/",23300,3000,449152,10352266200,1000,false,4.48
"PVB",95640,"/Date(1701745000000)/",23300,2000,446152,10282366200,1000,false,4.48
"PVB",95614,"/Date(1701744975000)/",23300,3700,444152,10235766200,1000,true,4.48
"PVB",95558,"/Date(1701744959000)/",23300,500,440452,10149556200,1000,true,4.48
"PVB",95532,"/Date(1701744933000)/",23300,500,439952,10137906200,1000,true,4.48
"PVB",95512,"/Date(1701744913000)/",23400,100,439452,10126256200,1100,false,4.93
"PVB",95509,"/Date(1701744910000)/",23300,100,439352,10123916200,1000,true,4.48
"PVB",95501,"/Date(1701744902000)/",23300,700,439252,10121586200,1000,false,4.48
"PVB",95440,"/Date(1701744881000)/",23300,9900,438552,10105276200,1000,true,4.48
"PVB",95423,"/Date(1701744864000)/",23300,100,428652,9874606200,1000,false,4.48
"PVB",95416,"/Date(1701744857000)/",23300,1900,428552,9872276200,1000,true,4.48
"PVB",95406,"/Date(1701744847000)/",23300,1100,426652,9828006200,1000,false,4.48
"PVB",95351,"/Date(1701744832000)/",23300,9000,425552,9802376200,1000,true,4.48
"PVB",95335,"/Date(1701744816000)/",23300,400,416552,9592676200,1000,true,4.48
"PVB",95315,"/Date(1701744796000)/",23300,200,416152,9583356200,1000,true,4.48
"PVB",95306,"/Date(1701744787000)/",23300,600,415952,9578696200,1000,true,4.48
"PVB",95246,"/Date(1701744767000)/",23300,100,415352,9564716200,1000,true,4.48
"PVB",95205,"/Date(1701744725000)/",23400,200,415252,9562386200,1100,false,4.93
"PVB",95125,"/Date(1701744685000)/",23400,1800,415052,9557706200,1100,true,4.93
"PVB",95123,"/Date(1701744683000)/",23400,200,413252,9515586200,1100,true,4.93
"PVB",95121,"/Date(1701744681000)/",23400,500,413052,9510906200,1100,true,4.93
"PVB",95120,"/Date(1701744680000)/",23400,2000,412552,9499206200,1100,true,4.93
"PVB",95109,"/Date(1701744669000)/",23400,5000,410552,9452406200,1100,true,4.93
"PVB",95103,"/Date(1701744663000)/",23400,100,405552,9335406200,1100,true,4.93
"PVB",95046,"/Date(1701744646000)/",23400,5000,405452,9333066200,1100,true,4.93
"PVB",95040,"/Date(1701744640000)/",23400,200,400452,9216066200,1100,true,4.93
"PVB",95036,"/Date(1701744636000)/",23500,300,400252,9211386200,1200,false,5.38
"PVB",95016,"/Date(1701744616000)/",23500,100,399952,9204336200,1200,false,5.38
"PVB",94944,"/Date(1701744584000)/",23500,3000,399852,9201986200,1200,false,5.38
"PVB",94943,"/Date(1701744583000)/",23400,6000,396852,9131486200,1100,true,4.93
"PVB",94938,"/Date(1701744578000)/",23400,1000,390852,8991086200,1100,true,4.93
"PVB",94933,"/Date(1701744573000)/",23400,500,389852,8967686200,1100,true,4.93
"PVB",94928,"/Date(1701744568000)/",23500,100,389352,8955986200,1200,false,5.38
"PVB",94922,"/Date(1701744562000)/",23400,300,389252,8953636200,1100,true,4.93
"PVB",94913,"/Date(1701744553000)/",23400,100,388952,8946616200,1100,true,4.93
"PVB",94907,"/Date(1701744547000)/",23400,2000,388852,8944276200,1100,true,4.93
"PVB",94856,"/Date(1701744536000)/",23400,5500,386852,8897476200,1100,false,4.93
"PVB",94853,"/Date(1701744533000)/",23400,1200,381352,8768776200,1100,false,4.93
"PVB",94848,"/Date(1701744528000)/",23400,3000,380152,8740696200,1100,false,4.93
"PVB",94820,"/Date(1701744500000)/",23400,100,377152,8670496200,1100,false,4.93
"PVB",94819,"/Date(1701744499000)/",23400,1000,377052,8668156200,1100,false,4.93
"PVB",94813,"/Date(1701744493000)/",23400,7100,376052,8644756200,1100,false,4.93
"PVB",94802,"/Date(1701744482000)/",23400,500,368952,8478616200,1100,false,4.93
"PVB",94758,"/Date(1701744478000)/",23400,2000,368452,8466916200,1100,false,4.93
"PVB",94754,"/Date(1701744474000)/",23400,117,366452,8420116200,1100,false,4.93
"PVB",94737,"/Date(1701744457000)/",23400,500,366335,8417378400,1100,false,4.93
"PVB",94712,"/Date(1701744432000)/",23400,100,365835,8405678400,1100,false,4.93
"PVB",94657,"/Date(1701744417000)/",23400,500,365735,8403338400,1100,false,4.93
"PVB",94653,"/Date(1701744413000)/",23400,1800,365235,8391638400,1100,false,4.93
"PVB",94644,"/Date(1701744404000)/",23400,300,363435,8349518400,1100,false,4.93
"PVB",94625,"/Date(1701744385000)/",23400,10000,363135,8342498400,1100,false,4.93
"PVB",94621,"/Date(1701744381000)/",23400,100,353135,8108498400,1100,false,4.93
"PVB",94613,"/Date(1701744373000)/",23400,10,353035,8106158400,1100,false,4.93
"PVB",94603,"/Date(1701744363000)/",23400,1600,353025,8105924400,1100,false,4.93
"PVB",94547,"/Date(1701744347000)/",23400,200,351425,8068484400,1100,false,4.93
"PVB",94536,"/Date(1701744336000)/",23400,500,351225,8063804400,1100,false,4.93
"PVB",94534,"/Date(1701744334000)/",23300,3000,350725,8052104400,1000,false,4.48
"PVB",94531,"/Date(1701744331000)/",23400,1000,347725,7982204400,1100,false,4.93
"PVB",94505,"/Date(1701744305000)/",23300,2000,346725,7958804400,1000,false,4.48
"PVB",94500,"/Date(1701744300000)/",23400,19100,344725,7912204400,1100,false,4.93
"PVB",94459,"/Date(1701744299000)/",23300,3500,325625,7466364400,1000,false,4.48
"PVB",94448,"/Date(1701744288000)/",23300,2000,322125,7384814400,1000,false,4.48
"PVB",94444,"/Date(1701744284000)/",23200,300,320125,7338214400,900,false,4.04
"PVB",94438,"/Date(1701744278000)/",23300,1100,319825,7331254400,1000,false,4.48
"PVB",94415,"/Date(1701744255000)/",23300,1000,318725,7305624400,1000,false,4.48
"PVB",94412,"/Date(1701744252000)/",23200,400,317725,7282324400,900,true,4.04
"PVB",94407,"/Date(1701744247000)/",23200,1600,317325,7273044400,900,true,4.04
"PVB",94400,"/Date(1701744240000)/",23300,5000,315725,7235924400,1000,false,4.48
"PVB",94359,"/Date(1701744239000)/",23200,3400,310725,7119424400,900,true,4.04
"PVB",94331,"/Date(1701744211000)/",23200,500,307325,7040544400,900,false,4.04
"PVB",94330,"/Date(1701744210000)/",23200,1100,306825,7028944400,900,false,4.04
"PVB",94328,"/Date(1701744208000)/",23200,900,305725,7003424400,900,false,4.04
"PVB",94310,"/Date(1701744190000)/",23200,2000,304825,6982544400,900,false,4.04
"PVB",94307,"/Date(1701744187000)/",23200,3300,302825,6936144400,900,false,4.04
"PVB",94244,"/Date(1701744164000)/",23200,400,299525,6859584400,900,false,4.04
"PVB",94238,"/Date(1701744158000)/",23200,500,299125,6850304400,900,false,4.04
"PVB",94225,"/Date(1701744145000)/",23200,15000,298625,6838704400,900,false,4.04
"PVB",94209,"/Date(1701744129000)/",23100,8300,283625,6490704400,800,false,3.59
"PVB",94202,"/Date(1701744122000)/",23000,300,275325,6298974400,700,true,3.14
"PVB",94150,"/Date(1701744110000)/",23100,1300,275025,6292074400,800,false,3.59
"PVB",94119,"/Date(1701744079000)/",23100,5300,273725,6262044400,800,false,3.59
"PVB",94049,"/Date(1701744049000)/",23000,100,268425,6139614400,700,false,3.14
"PVB",94035,"/Date(1701744035000)/",23000,100,268325,6137314400,700,false,3.14
"PVB",94031,"/Date(1701744031000)/",23000,700,268225,6135014400,700,false,3.14
"PVB",94029,"/Date(1701744029000)/",23000,100,267525,6118914400,700,false,3.14
"PVB",94017,"/Date(1701744017000)/",23000,10000,267425,6116614400,700,false,3.14
"PVB",94009,"/Date(1701744009000)/",23000,200,257425,5886614400,700,false,3.14
"PVB",94006,"/Date(1701744006000)/",23000,100,257225,5882014400,700,false,3.14
"PVB",93916,"/Date(1701743956000)/",22900,5000,257125,5879714400,600,true,2.69
"PVB",93857,"/Date(1701743937000)/",22900,20000,252125,5765214400,600,true,2.69
"PVB",93831,"/Date(1701743911000)/",23000,500,232125,5307214400,700,false,3.14
"PVB",93804,"/Date(1701743884000)/",22900,5000,231625,5295714400,600,true,2.69
"PVB",93744,"/Date(1701743864000)/",23000,2000,226625,5181214400,700,false,3.14
"PVB",93722,"/Date(1701743842000)/",23000,100,224625,5135214400,700,true,3.14
"PVB",93711,"/Date(1701743831000)/",23000,800,224525,5132914400,700,true,3.14
"PVB",93700,"/Date(1701743820000)/",23000,3000,223725,5114514400,700,true,3.14
"PVB",93647,"/Date(1701743807000)/",23000,1900,220725,5045514400,700,true,3.14
"PVB",93645,"/Date(1701743805000)/",23000,300,218825,5001814400,700,true,3.14
"PVB",93643,"/Date(1701743803000)/",23000,1000,218525,4994914400,700,true,3.14
"PVB",93630,"/Date(1701743790000)/",23000,500,217525,4971914400,700,true,3.14
"PVB",93626,"/Date(1701743786000)/",23000,6300,217025,4960414400,700,true,3.14
"PVB",93619,"/Date(1701743779000)/",23000,1000,210725,4815514400,700,true,3.14
"PVB",93611,"/Date(1701743771000)/",23000,19200,209725,4792514400,700,true,3.14
"PVB",93607,"/Date(1701743767000)/",23000,200,190525,4350914400,700,true,3.14
"PVB",93605,"/Date(1701743765000)/",23000,1000,190325,4346314400,700,true,3.14
"PVB",93550,"/Date(1701743750000)/",23000,500,189325,4323314400,700,true,3.14
"PVB",93549,"/Date(1701743749000)/",23000,2000,188825,4311814400,700,true,3.14
"PVB",93544,"/Date(1701743744000)/",23000,3000,186825,4265814400,700,true,3.14
"PVB",93540,"/Date(1701743740000)/",23000,5800,183825,4196814400,700,true,3.14
"PVB",93539,"/Date(1701743739000)/",23000,100,178025,4063414400,700,true,3.14
"PVB",93529,"/Date(1701743729000)/",23000,500,177925,4061114400,700,true,3.14
"PVB",93507,"/Date(1701743707000)/",23000,2700,177425,4049614400,700,true,3.14
"PVB",93441,"/Date(1701743682000)/",23100,500,174725,3987414400,800,false,3.59
"PVB",93439,"/Date(1701743679000)/",23100,1000,174225,3975864400,800,false,3.59
"PVB",93433,"/Date(1701743673000)/",23100,620,173225,3952764400,800,false,3.59
"PVB",93426,"/Date(1701743666000)/",23200,100,172605,3938440400,900,false,4.04
"PVB",93331,"/Date(1701743612000)/",23200,1700,172505,3936120400,900,false,4.04
"PVB",93330,"/Date(1701743610000)/",23100,500,170805,3896680400,800,false,3.59
"PVB",93316,"/Date(1701743597000)/",23100,1300,170305,3885130400,800,false,3.59
"PVB",93313,"/Date(1701743593000)/",23100,100,169005,3855100400,800,false,3.59
"PVB",93309,"/Date(1701743590000)/",23100,10000,168905,3852790400,800,false,3.59
"PVB",93304,"/Date(1701743585000)/",23100,45,158905,3621790400,800,false,3.59
"PVB",93304,"/Date(1701743584000)/",23100,5000,158860,3620755400,800,false,3.59
"PVB",93250,"/Date(1701743571000)/",23100,700,153860,3505255400,800,false,3.59
"PVB",93243,"/Date(1701743564000)/",23000,100,153160,3489085400,700,false,3.14
"PVB",93241,"/Date(1701743562000)/",23100,2000,153060,3486785400,800,false,3.59
"PVB",93222,"/Date(1701743542000)/",23000,7500,151060,3440585400,700,false,3.14
"PVB",93220,"/Date(1701743541000)/",23000,2000,143560,3268085400,700,false,3.14
"PVB",93215,"/Date(1701743536000)/",23000,100,141560,3222085400,700,false,3.14
"PVB",93213,"/Date(1701743533000)/",23000,2000,141460,3219785400,700,false,3.14
"PVB",93159,"/Date(1701743520000)/",23000,2500,139460,3173785400,700,false,3.14
"PVB",93158,"/Date(1701743519000)/",23000,5000,136960,3116285400,700,false,3.14
"PVB",93157,"/Date(1701743518000)/",23000,2000,131960,3001285400,700,false,3.14
"PVB",93151,"/Date(1701743512000)/",23000,500,129960,2955285400,700,false,3.14
"PVB",93150,"/Date(1701743511000)/",23000,2000,129460,2943785400,700,false,3.14
"PVB",93138,"/Date(1701743499000)/",23000,50000,127460,2897785400,700,false,3.14
"PVB",93129,"/Date(1701743490000)/",22800,1600,77460,1749115400,500,false,2.24
"PVB",93123,"/Date(1701743484000)/",22800,19100,75860,1712635400,500,false,2.24
"PVB",93116,"/Date(1701743477000)/",22700,200,56760,1277155400,400,false,1.79
"PVB",93114,"/Date(1701743475000)/",22700,200,56560,1272615400,400,false,1.79
"PVB",93113,"/Date(1701743474000)/",22600,4300,56360,1268075400,300,true,1.35
"PVB",93111,"/Date(1701743472000)/",22700,100,52060,1170895400,400,false,1.79
"PVB",93051,"/Date(1701743452000)/",22700,500,51960,1168625400,400,false,1.79
"PVB",93049,"/Date(1701743450000)/",22800,600,51460,1157275400,500,false,2.24
"PVB",93045,"/Date(1701743446000)/",22700,700,50860,1143595400,400,false,1.79
"PVB",93044,"/Date(1701743445000)/",22800,600,50160,1127705400,500,false,2.24
"PVB",93043,"/Date(1701743444000)/",22700,500,49560,1114025400,400,false,1.79
"PVB",93039,"/Date(1701743440000)/",22800,100,49060,1102675400,500,false,2.24
"PVB",93032,"/Date(1701743433000)/",22700,100,48960,1100395400,400,false,1.79
"PVB",93030,"/Date(1701743431000)/",22700,200,48860,1098125400,400,false,1.79
"PVB",93028,"/Date(1701743429000)/",22700,100,48660,1093585400,400,false,1.79
"PVB",93021,"/Date(1701743422000)/",22700,600,48560,1091315400,400,false,1.79
"PVB",93018,"/Date(1701743419000)/",22700,1000,47960,1077695400,400,false,1.79
"PVB",93017,"/Date(1701743418000)/",22700,700,46960,1054995400,400,false,1.79
"PVB",93013,"/Date(1701743414000)/",22700,100,46260,1039105400,400,false,1.79
"PVB",93004,"/Date(1701743405000)/",22700,100,46160,1036835400,400,false,1.79
"PVB",92949,"/Date(1701743390000)/",22700,17,46060,1034565400,400,false,1.79
"PVB",92946,"/Date(1701743387000)/",22700,100,46043,1034184600,400,false,1.79
"PVB",92944,"/Date(1701743385000)/",22700,300,45943,1031914600,400,false,1.79
"PVB",92911,"/Date(1701743352000)/",22700,1100,45643,1025104600,400,false,1.79
"PVB",92910,"/Date(1701743351000)/",22700,800,44543,1000134600,400,false,1.79
"PVB",92909,"/Date(1701743350000)/",22700,1100,43743,981974600,400,false,1.79
"PVB",92858,"/Date(1701743339000)/",22700,3,42643,957004600,400,false,1.79
"PVB",92851,"/Date(1701743332000)/",22700,600,42640,956938000,400,false,1.79
"PVB",92838,"/Date(1701743319000)/",22600,5300,42040,943318000,300,false,1.35
"PVB",92814,"/Date(1701743295000)/",22500,20900,36740,823538000,200,false,0.9
"PVB",92648,"/Date(1701743208000)/",22300,20,15840,353768000,0,false,0
"PVB",92607,"/Date(1701743167000)/",22300,100,15820,353324000,0,false,0
"PVB",92545,"/Date(1701743145000)/",22300,400,15720,351094000,0,false,0
"PVB",92543,"/Date(1701743143000)/",22300,20,15320,342174000,0,false,0
"PVB",92529,"/Date(1701743129000)/",22300,5000,15300,341730000,0,false,0
"PVB",92519,"/Date(1701743119000)/",22300,600,10300,230230000,0,false,0
"PVB",92515,"/Date(1701743115000)/",22300,1000,9700,216850000,0,false,0
"PVB",92212,"/Date(1701742932000)/",22200,200,8700,194550000,-100,true,-0.45
"PVB",92153,"/Date(1701742913000)/",22200,300,8500,190110000,-100,true,-0.45
"PVB",92004,"/Date(1701742804000)/",22200,200,8200,183450000,-100,true,-0.45
"PVB",91920,"/Date(1701742760000)/",22300,100,8000,179010000,0,true,0
"PVB",91853,"/Date(1701742733000)/",22300,300,7900,176780000,0,true,0
"PVB",91830,"/Date(1701742710000)/",22300,500,7600,170090000,0,true,0
"PVB",91824,"/Date(1701742704000)/",22300,200,7100,158940000,0,true,0
"PVB",91811,"/Date(1701742691000)/",22300,100,6900,154480000,0,true,0
"PVB",91610,"/Date(1701742570000)/",22400,100,6800,152250000,100,false,0.45
"PVB",91548,"/Date(1701742548000)/",22300,2000,6700,150010000,0,true,0
"PVB",91011,"/Date(1701742211000)/",22400,800,4700,105410000,100,false,0.45
"PVB",90928,"/Date(1701742169000)/",22400,500,3900,87490000,100,false,0.45
"PVB",90724,"/Date(1701742045000)/",22500,1900,3400,76290000,200,false,0.9
"PVB",90621,"/Date(1701741982000)/",22400,500,1500,33540000,100,false,0.45
"PVB",90505,"/Date(1701741906000)/",22500,100,1000,22340000,200,false,0.9
"PVB",90324,"/Date(1701741792000)/",22300,500,900,20090000,0,true,0
"PVB",90242,"/Date(1701741683000)/",22300,300,400,8940000,0,true,0
"PVB",90052,"/Date(1701741605000)/",22300,100,100,2230000,0,false,0
