"Stockcode","Package","TradingDate","Price","Vol","TotalVol","TotalVal","Change","IsBuy","PerChange"
"STB",144427,"/Date(1701762300000)/",27800,1007500,12589600,352843000000,-400,false,-1.42
"STB",142922,"/Date(1701761397000)/",27900,100,11582100,324834000000,-300,false,-1.06
"STB",142919,"/Date(1701761394000)/",27900,1000,11582000,324832000000,-300,false,-1.06
"STB",142919,"/Date(1701761394000)/",27900,400,11581000,324804000000,-300,false,-1.06
"STB",142916,"/Date(1701761393000)/",27900,100,11580600,324793000000,-300,false,-1.06
"STB",142916,"/Date(1701761393000)/",27900,500,11580500,324790000000,-300,false,-1.06
"STB",142916,"/Date(1701761393000)/",27900,100,11580000,324776000000,-300,false,-1.06
"STB",142916,"/Date(1701761393000)/",27900,300,11579900,324773000000,-300,false,-1.06
"STB",142916,"/Date(1701761391000)/",27900,4700,11579600,324765000000,-300,false,-1.06
"STB",142916,"/Date(1701761391000)/",27900,300,11574900,324634000000,-300,false,-1.06
"STB",142913,"/Date(1701761388000)/",27900,200,11574600,324625000000,-300,false,-1.06
"STB",142909,"/Date(1701761386000)/",27900,500,11574400,324620000000,-300,false,-1.06
"STB",142909,"/Date(1701761386000)/",27900,200,11573900,324606000000,-300,false,-1.06
"STB",142909,"/Date(1701761386000)/",27900,500,11573700,324600000000,-300,false,-1.06
"STB",142909,"/Date(1701761386000)/",27900,1200,11573200,324586000000,-300,false,-1.06
"STB",142906,"/Date(1701761383000)/",27900,100,11572000,324553000000,-300,false,-1.06
"STB",142903,"/Date(1701761380000)/",27900,100,11571900,324550000000,-300,false,-1.06
"STB",142903,"/Date(1701761378000)/",27900,300,11571800,324547000000,-300,false,-1.06
"STB",142903,"/Date(1701761378000)/",27900,100,11571500,324539000000,-300,false,-1.06
"STB",142900,"/Date(1701761375000)/",27900,100,11571400,324536000000,-300,false,-1.06
"STB",142857,"/Date(1701761372000)/",27850,3800,11571300,324533000000,-350,true,-1.24
"STB",142853,"/Date(1701761371000)/",27850,800,11567500,324427000000,-350,true,-1.24
"STB",142853,"/Date(1701761371000)/",27850,700,11566700,324405000000,-350,true,-1.24
"STB",142853,"/Date(1701761371000)/",27850,100,11566000,324385000000,-350,true,-1.24
"STB",142853,"/Date(1701761371000)/",27850,400,11565900,324383000000,-350,true,-1.24
"STB",142853,"/Date(1701761368000)/",27850,1000,11565500,324372000000,-350,true,-1.24
"STB",142853,"/Date(1701761368000)/",27900,100,11564500,324344000000,-300,false,-1.06
"STB",142850,"/Date(1701761367000)/",27850,5100,11564400,324341000000,-350,true,-1.24
"STB",142850,"/Date(1701761367000)/",27850,1000,11559300,324199000000,-350,true,-1.24
"STB",142850,"/Date(1701761367000)/",27850,100,11558300,324171000000,-350,true,-1.24
"STB",142850,"/Date(1701761367000)/",27850,2700,11558200,324168000000,-350,true,-1.24
"STB",142850,"/Date(1701761367000)/",27850,1400,11555500,324093000000,-350,true,-1.24
"STB",142850,"/Date(1701761367000)/",27850,5900,11554100,324054000000,-350,true,-1.24
"STB",142850,"/Date(1701761367000)/",27850,5000,11548200,323890000000,-350,true,-1.24
"STB",142850,"/Date(1701761367000)/",27850,200,11543200,323751000000,-350,true,-1.24
"STB",142850,"/Date(1701761367000)/",27850,100,11543000,323745000000,-350,true,-1.24
"STB",142850,"/Date(1701761367000)/",27850,500,11542900,323742000000,-350,true,-1.24
"STB",142850,"/Date(1701761367000)/",27850,500,11542400,323728000000,-350,true,-1.24
"STB",142850,"/Date(1701761367000)/",27850,500,11541900,323714000000,-350,true,-1.24
"STB",142850,"/Date(1701761367000)/",27850,5000,11541400,323700000000,-350,true,-1.24
"STB",142850,"/Date(1701761367000)/",27850,100,11536400,323561000000,-350,true,-1.24
"STB",142850,"/Date(1701761365000)/",27850,5000,11536300,323558000000,-350,true,-1.24
"STB",142850,"/Date(1701761365000)/",27850,100,11531300,323419000000,-350,true,-1.24
"STB",142850,"/Date(1701761365000)/",27850,300,11531200,323416000000,-350,true,-1.24
"STB",142850,"/Date(1701761365000)/",27850,100,11530900,323408000000,-350,true,-1.24
"STB",142850,"/Date(1701761365000)/",27850,100,11530800,323405000000,-350,true,-1.24
"STB",142850,"/Date(1701761365000)/",27850,400,11530700,323402000000,-350,true,-1.24
"STB",142850,"/Date(1701761365000)/",27850,500,11530300,323391000000,-350,true,-1.24
"STB",142850,"/Date(1701761365000)/",27850,1200,11529800,323377000000,-350,true,-1.24
"STB",142850,"/Date(1701761365000)/",27850,3600,11528600,323344000000,-350,true,-1.24
"STB",142850,"/Date(1701761365000)/",27850,300,11525000,323244000000,-350,true,-1.24
"STB",142850,"/Date(1701761365000)/",27850,500,11524700,323235000000,-350,true,-1.24
"STB",142850,"/Date(1701761365000)/",27850,200,11524200,323221000000,-350,true,-1.24
"STB",142850,"/Date(1701761365000)/",27850,100,11524000,323216000000,-350,true,-1.24
"STB",142850,"/Date(1701761365000)/",27850,100,11523900,323213000000,-350,true,-1.24
"STB",142850,"/Date(1701761365000)/",27850,300,11523800,323210000000,-350,true,-1.24
"STB",142850,"/Date(1701761365000)/",27850,1000,11523500,323202000000,-350,true,-1.24
"STB",142850,"/Date(1701761365000)/",27850,100,11522500,323174000000,-350,true,-1.24
"STB",142850,"/Date(1701761365000)/",27850,500,11522400,323171000000,-350,true,-1.24
"STB",142850,"/Date(1701761365000)/",27850,100,11521900,323157000000,-350,true,-1.24
"STB",142850,"/Date(1701761365000)/",27850,1000,11521800,323155000000,-350,true,-1.24
"STB",142850,"/Date(1701761365000)/",27850,400,11520800,323127000000,-350,true,-1.24
"STB",142850,"/Date(1701761365000)/",27850,500,11520400,323116000000,-350,true,-1.24
"STB",142850,"/Date(1701761365000)/",27850,100,11519900,323102000000,-350,true,-1.24
"STB",142850,"/Date(1701761365000)/",27850,200,11519800,323099000000,-350,true,-1.24
"STB",142850,"/Date(1701761365000)/",27850,1000,11519600,323093000000,-350,true,-1.24
"STB",142850,"/Date(1701761365000)/",27850,100,11518600,323065000000,-350,true,-1.24
"STB",142847,"/Date(1701761364000)/",27850,100,11518500,323063000000,-350,true,-1.24
"STB",142847,"/Date(1701761364000)/",27850,1000,11518400,323060000000,-350,true,-1.24
"STB",142847,"/Date(1701761364000)/",27850,500,11517400,323032000000,-350,true,-1.24
"STB",142847,"/Date(1701761364000)/",27850,100,11516900,323018000000,-350,true,-1.24
"STB",142847,"/Date(1701761364000)/",27850,100,11516800,323015000000,-350,true,-1.24
"STB",142847,"/Date(1701761364000)/",27850,1200,11516700,323012000000,-350,true,-1.24
"STB",142847,"/Date(1701761363000)/",27850,2000,11515500,322979000000,-350,true,-1.24
"STB",142844,"/Date(1701761359000)/",27850,1800,11513500,322923000000,-350,true,-1.24
"STB",142844,"/Date(1701761359000)/",27850,2000,11511700,322873000000,-350,true,-1.24
"STB",142844,"/Date(1701761359000)/",27850,500,11509700,322818000000,-350,true,-1.24
"STB",142844,"/Date(1701761359000)/",27850,700,11509200,322804000000,-350,true,-1.24
"STB",142841,"/Date(1701761355000)/",27850,300,11508500,322784000000,-350,true,-1.24
"STB",142841,"/Date(1701761355000)/",27850,1700,11508200,322776000000,-350,true,-1.24
"STB",142841,"/Date(1701761355000)/",27850,300,11506500,322728000000,-350,true,-1.24
"STB",142841,"/Date(1701761355000)/",27850,100,11506200,322720000000,-350,true,-1.24
"STB",142841,"/Date(1701761355000)/",27850,200,11506100,322717000000,-350,true,-1.24
"STB",142841,"/Date(1701761355000)/",27850,400,11505900,322712000000,-350,true,-1.24
"STB",142837,"/Date(1701761354000)/",27850,100,11505500,322701000000,-350,true,-1.24
"STB",142837,"/Date(1701761354000)/",27850,200,11505400,322698000000,-350,true,-1.24
"STB",142834,"/Date(1701761351000)/",27900,5000,11505200,322692000000,-300,false,-1.06
"STB",142834,"/Date(1701761351000)/",27900,300,11500200,322553000000,-300,false,-1.06
"STB",142831,"/Date(1701761347000)/",27900,2400,11499900,322544000000,-300,false,-1.06
"STB",142831,"/Date(1701761347000)/",27900,200,11497500,322477000000,-300,false,-1.06
"STB",142831,"/Date(1701761347000)/",27900,900,11497300,322472000000,-300,false,-1.06
"STB",142828,"/Date(1701761344000)/",27850,300,11496400,322447000000,-350,true,-1.24
"STB",142828,"/Date(1701761344000)/",27850,500,11496100,322438000000,-350,true,-1.24
"STB",142828,"/Date(1701761344000)/",27850,200,11495600,322424000000,-350,true,-1.24
"STB",142825,"/Date(1701761340000)/",27900,900,11495400,322419000000,-300,false,-1.06
"STB",142821,"/Date(1701761337000)/",27850,9800,11494500,322394000000,-350,true,-1.24
"STB",142821,"/Date(1701761337000)/",27850,1000,11484700,322121000000,-350,true,-1.24
"STB",142821,"/Date(1701761337000)/",27850,5000,11483700,322093000000,-350,true,-1.24
"STB",142821,"/Date(1701761337000)/",27850,100,11478700,321954000000,-350,true,-1.24
"STB",142821,"/Date(1701761337000)/",27850,100,11478600,321951000000,-350,true,-1.24
"STB",142821,"/Date(1701761337000)/",27850,100,11478500,321948000000,-350,true,-1.24
"STB",142821,"/Date(1701761337000)/",27850,2000,11478400,321945000000,-350,true,-1.24
"STB",142821,"/Date(1701761337000)/",27850,100,11476400,321890000000,-350,true,-1.24
"STB",142821,"/Date(1701761337000)/",27850,100,11476300,321887000000,-350,true,-1.24
"STB",142821,"/Date(1701761337000)/",27850,500,11476200,321884000000,-350,true,-1.24
"STB",142821,"/Date(1701761337000)/",27850,10000,11475700,321870000000,-350,true,-1.24
"STB",142821,"/Date(1701761337000)/",27850,2000,11465700,321592000000,-350,true,-1.24
"STB",142821,"/Date(1701761337000)/",27850,1000,11463700,321536000000,-350,true,-1.24
"STB",142821,"/Date(1701761337000)/",27850,500,11462700,321508000000,-350,true,-1.24
"STB",142821,"/Date(1701761337000)/",27850,2000,11462200,321494000000,-350,true,-1.24
"STB",142821,"/Date(1701761337000)/",27850,500,11460200,321438000000,-350,true,-1.24
"STB",142821,"/Date(1701761337000)/",27850,22300,11459700,321425000000,-350,true,-1.24
"STB",142821,"/Date(1701761337000)/",27850,1000,11437400,320803000000,-350,true,-1.24
"STB",142821,"/Date(1701761337000)/",27850,5000,11436400,320776000000,-350,true,-1.24
"STB",142821,"/Date(1701761337000)/",27850,3000,11431400,320636000000,-350,true,-1.24
"STB",142821,"/Date(1701761337000)/",27850,200,11428400,320553000000,-350,true,-1.24
"STB",142821,"/Date(1701761337000)/",27850,2000,11428200,320547000000,-350,true,-1.24
"STB",142821,"/Date(1701761337000)/",27850,100,11426200,320492000000,-350,true,-1.24
"STB",142821,"/Date(1701761337000)/",27850,1000,11426100,320489000000,-350,true,-1.24
"STB",142821,"/Date(1701761337000)/",27850,100,11425100,320461000000,-350,true,-1.24
"STB",142821,"/Date(1701761337000)/",27850,10000,11425000,320458000000,-350,true,-1.24
"STB",142821,"/Date(1701761337000)/",27850,1000,11415000,320180000000,-350,true,-1.24
"STB",142821,"/Date(1701761337000)/",27850,100,11414000,320152000000,-350,true,-1.24
"STB",142821,"/Date(1701761337000)/",27850,300,11413900,320149000000,-350,true,-1.24
"STB",142821,"/Date(1701761337000)/",27850,100,11413600,320141000000,-350,true,-1.24
"STB",142821,"/Date(1701761337000)/",27850,600,11413500,320138000000,-350,true,-1.24
"STB",142821,"/Date(1701761337000)/",27850,1000,11412900,320121000000,-350,true,-1.24
"STB",142821,"/Date(1701761337000)/",27850,100,11411900,320093000000,-350,true,-1.24
"STB",142821,"/Date(1701761337000)/",27850,100,11411800,320091000000,-350,true,-1.24
"STB",142821,"/Date(1701761337000)/",27850,300,11411700,320088000000,-350,true,-1.24
"STB",142821,"/Date(1701761337000)/",27850,500,11411400,320079000000,-350,true,-1.24
"STB",142821,"/Date(1701761337000)/",27850,300,11410900,320065000000,-350,true,-1.24
"STB",142821,"/Date(1701761337000)/",27850,1100,11410600,320057000000,-350,true,-1.24
"STB",142821,"/Date(1701761337000)/",27850,500,11409500,320026000000,-350,true,-1.24
"STB",142821,"/Date(1701761337000)/",27850,2000,11409000,320013000000,-350,true,-1.24
"STB",142821,"/Date(1701761337000)/",27850,100,11407000,319957000000,-350,true,-1.24
"STB",142821,"/Date(1701761337000)/",27850,100,11406900,319954000000,-350,true,-1.24
"STB",142821,"/Date(1701761337000)/",27850,400,11406800,319951000000,-350,true,-1.24
"STB",142821,"/Date(1701761337000)/",27850,100,11406400,319940000000,-350,true,-1.24
"STB",142821,"/Date(1701761337000)/",27850,10000,11406300,319937000000,-350,true,-1.24
"STB",142821,"/Date(1701761337000)/",27850,200,11396300,319659000000,-350,true,-1.24
"STB",142821,"/Date(1701761337000)/",27850,500,11396100,319653000000,-350,true,-1.24
"STB",142821,"/Date(1701761337000)/",27850,1200,11395600,319639000000,-350,true,-1.24
"STB",142821,"/Date(1701761337000)/",27850,3000,11394400,319606000000,-350,true,-1.24
"STB",142821,"/Date(1701761337000)/",27850,2000,11391400,319522000000,-350,true,-1.24
"STB",142821,"/Date(1701761337000)/",27850,100,11389400,319467000000,-350,true,-1.24
"STB",142821,"/Date(1701761337000)/",27850,100,11389300,319464000000,-350,true,-1.24
"STB",142821,"/Date(1701761337000)/",27850,200,11389200,319461000000,-350,true,-1.24
"STB",142821,"/Date(1701761337000)/",27850,100,11389000,319456000000,-350,true,-1.24
"STB",142821,"/Date(1701761337000)/",27850,500,11388900,319453000000,-350,true,-1.24
"STB",142821,"/Date(1701761337000)/",27850,2900,11388400,319439000000,-350,true,-1.24
"STB",142812,"/Date(1701761328000)/",27850,4100,11385500,319358000000,-350,true,-1.24
"STB",142812,"/Date(1701761328000)/",27900,300,11381400,319244000000,-300,false,-1.06
"STB",142812,"/Date(1701761327000)/",27850,500,11381100,319236000000,-350,true,-1.24
"STB",142812,"/Date(1701761326000)/",27850,2000,11380600,319222000000,-350,true,-1.24
"STB",142805,"/Date(1701761322000)/",27900,100,11378600,319166000000,-300,false,-1.06
"STB",142756,"/Date(1701761312000)/",27850,8000,11378500,319163000000,-350,true,-1.24
"STB",142756,"/Date(1701761312000)/",27850,1500,11370500,318940000000,-350,true,-1.24
"STB",142756,"/Date(1701761311000)/",27850,500,11369000,318899000000,-350,true,-1.24
"STB",142752,"/Date(1701761309000)/",27900,100,11368500,318885000000,-300,false,-1.06
"STB",142749,"/Date(1701761305000)/",27900,500,11368400,318882000000,-300,false,-1.06
"STB",142749,"/Date(1701761305000)/",27900,500,11367900,318868000000,-300,false,-1.06
"STB",142746,"/Date(1701761302000)/",27900,4000,11367400,318854000000,-300,false,-1.06
"STB",142746,"/Date(1701761301000)/",27900,1000,11363400,318742000000,-300,false,-1.06
"STB",142743,"/Date(1701761298000)/",27900,2100,11362400,318714000000,-300,false,-1.06
"STB",142743,"/Date(1701761298000)/",27900,1000,11360300,318656000000,-300,false,-1.06
"STB",142743,"/Date(1701761298000)/",27900,16900,11359300,318628000000,-300,false,-1.06
"STB",142737,"/Date(1701761291000)/",27900,900,11342400,318156000000,-300,false,-1.06
"STB",142733,"/Date(1701761291000)/",27900,100,11341500,318131000000,-300,false,-1.06
"STB",142733,"/Date(1701761288000)/",27900,3900,11341400,318129000000,-300,false,-1.06
"STB",142733,"/Date(1701761288000)/",27900,3100,11337500,318020000000,-300,false,-1.06
"STB",142733,"/Date(1701761288000)/",27850,3100,11334400,317933000000,-350,true,-1.24
"STB",142730,"/Date(1701761287000)/",27900,1000,11331300,317847000000,-300,false,-1.06
"STB",142727,"/Date(1701761284000)/",27900,300,11330300,317819000000,-300,true,-1.06
"STB",142727,"/Date(1701761283000)/",27850,3100,11330000,317811000000,-350,true,-1.24
"STB",142727,"/Date(1701761282000)/",27900,300,11326900,317724000000,-300,true,-1.06
"STB",142727,"/Date(1701761281000)/",27900,600,11326600,317716000000,-300,true,-1.06
"STB",142727,"/Date(1701761281000)/",27900,500,11326000,317699000000,-300,true,-1.06
"STB",142727,"/Date(1701761281000)/",27900,12000,11325500,317685000000,-300,true,-1.06
"STB",142721,"/Date(1701761277000)/",27900,2000,11313500,317350000000,-300,true,-1.06
"STB",142721,"/Date(1701761276000)/",27900,2000,11311500,317295000000,-300,true,-1.06
"STB",142721,"/Date(1701761276000)/",27900,1000,11309500,317239000000,-300,true,-1.06
"STB",142721,"/Date(1701761276000)/",27900,200,11308500,317211000000,-300,true,-1.06
"STB",142721,"/Date(1701761276000)/",27900,500,11308300,317205000000,-300,true,-1.06
"STB",142721,"/Date(1701761276000)/",27900,1000,11307800,317191000000,-300,true,-1.06
"STB",142721,"/Date(1701761276000)/",27900,300,11306800,317163000000,-300,true,-1.06
"STB",142721,"/Date(1701761276000)/",27900,5000,11306500,317155000000,-300,true,-1.06
"STB",142708,"/Date(1701761263000)/",27900,2000,11301500,317016000000,-300,true,-1.06
"STB",142701,"/Date(1701761258000)/",27900,2700,11299500,316960000000,-300,true,-1.06
"STB",142701,"/Date(1701761256000)/",27900,2000,11296800,316884000000,-300,true,-1.06
"STB",142701,"/Date(1701761256000)/",27900,300,11294800,316829000000,-300,true,-1.06
"STB",142655,"/Date(1701761252000)/",27900,200,11294500,316820000000,-300,false,-1.06
"STB",142655,"/Date(1701761252000)/",27900,300,11294300,316815000000,-300,false,-1.06
"STB",142655,"/Date(1701761250000)/",27900,700,11294000,316806000000,-300,false,-1.06
"STB",142655,"/Date(1701761250000)/",27900,300,11293300,316787000000,-300,false,-1.06
"STB",142652,"/Date(1701761248000)/",27900,500,11293000,316778000000,-300,false,-1.06
"STB",142652,"/Date(1701761248000)/",27900,1000,11292500,316765000000,-300,false,-1.06
"STB",142652,"/Date(1701761246000)/",27900,1000,11291500,316737000000,-300,false,-1.06
"STB",142648,"/Date(1701761244000)/",27900,100,11290500,316709000000,-300,false,-1.06
"STB",142645,"/Date(1701761242000)/",27900,500,11290400,316706000000,-300,false,-1.06
"STB",142645,"/Date(1701761240000)/",27900,100,11289900,316692000000,-300,false,-1.06
"STB",142645,"/Date(1701761240000)/",27900,1500,11289800,316689000000,-300,false,-1.06
"STB",142642,"/Date(1701761238000)/",27900,4900,11288300,316647000000,-300,true,-1.06
"STB",142642,"/Date(1701761236000)/",27900,100,11283400,316511000000,-300,true,-1.06
"STB",142642,"/Date(1701761236000)/",27900,400,11283300,316508000000,-300,true,-1.06
"STB",142639,"/Date(1701761236000)/",27900,100,11282900,316497000000,-300,false,-1.06
"STB",142639,"/Date(1701761236000)/",27900,200,11282800,316494000000,-300,false,-1.06
"STB",142639,"/Date(1701761236000)/",27900,4800,11282600,316488000000,-300,false,-1.06
"STB",142639,"/Date(1701761235000)/",27900,200,11277800,316354000000,-300,false,-1.06
"STB",142639,"/Date(1701761234000)/",27900,100,11277600,316349000000,-300,false,-1.06
"STB",142639,"/Date(1701761234000)/",27900,100,11277500,316346000000,-300,false,-1.06
"STB",142639,"/Date(1701761234000)/",27900,500,11277400,316343000000,-300,false,-1.06
"STB",142639,"/Date(1701761234000)/",27900,300,11276900,316329000000,-300,false,-1.06
"STB",142633,"/Date(1701761230000)/",27900,500,11276600,316321000000,-300,true,-1.06
"STB",142626,"/Date(1701761221000)/",27900,200,11276100,316307000000,-300,true,-1.06
"STB",142626,"/Date(1701761221000)/",27900,2000,11275900,316301000000,-300,true,-1.06
"STB",142626,"/Date(1701761221000)/",27900,100,11273900,316246000000,-300,true,-1.06
"STB",142626,"/Date(1701761221000)/",27900,100,11273800,316243000000,-300,true,-1.06
"STB",142626,"/Date(1701761221000)/",27900,200,11273700,316240000000,-300,true,-1.06
"STB",142626,"/Date(1701761221000)/",27900,300,11273500,316234000000,-300,true,-1.06
"STB",142626,"/Date(1701761221000)/",27900,1000,11273200,316226000000,-300,true,-1.06
"STB",142626,"/Date(1701761221000)/",27900,1000,11272200,316198000000,-300,true,-1.06
"STB",142626,"/Date(1701761221000)/",27900,800,11271200,316170000000,-300,true,-1.06
"STB",142626,"/Date(1701761221000)/",27900,300,11270400,316148000000,-300,true,-1.06
"STB",142626,"/Date(1701761221000)/",27900,2900,11270100,316140000000,-300,true,-1.06
"STB",142623,"/Date(1701761220000)/",27900,100,11267200,316059000000,-300,true,-1.06
"STB",142623,"/Date(1701761220000)/",27900,100,11267100,316056000000,-300,true,-1.06
"STB",142623,"/Date(1701761220000)/",27900,200,11267000,316053000000,-300,true,-1.06
"STB",142623,"/Date(1701761220000)/",27900,500,11266800,316047000000,-300,true,-1.06
"STB",142623,"/Date(1701761218000)/",27900,500,11266300,316034000000,-300,true,-1.06
"STB",142623,"/Date(1701761218000)/",27900,100,11265800,316020000000,-300,true,-1.06
"STB",142620,"/Date(1701761214000)/",27900,3000,11265700,316017000000,-300,true,-1.06
"STB",142617,"/Date(1701761213000)/",27900,1000,11262700,315933000000,-300,true,-1.06
"STB",142617,"/Date(1701761211000)/",27900,700,11261700,315905000000,-300,true,-1.06
"STB",142617,"/Date(1701761211000)/",27900,100,11261000,315886000000,-300,true,-1.06
"STB",142617,"/Date(1701761211000)/",27900,100,11260900,315883000000,-300,true,-1.06
"STB",142617,"/Date(1701761211000)/",27900,2800,11260800,315880000000,-300,true,-1.06
"STB",142613,"/Date(1701761209000)/",27900,1200,11258000,315802000000,-300,true,-1.06
"STB",142613,"/Date(1701761209000)/",27900,5000,11256800,315768000000,-300,true,-1.06
"STB",142613,"/Date(1701761209000)/",27900,1000,11251800,315629000000,-300,true,-1.06
"STB",142613,"/Date(1701761209000)/",27900,1000,11250800,315601000000,-300,true,-1.06
"STB",142613,"/Date(1701761209000)/",27900,200,11249800,315573000000,-300,true,-1.06
"STB",142613,"/Date(1701761209000)/",27900,500,11249600,315568000000,-300,true,-1.06
"STB",142613,"/Date(1701761209000)/",27900,1000,11249100,315554000000,-300,true,-1.06
"STB",142613,"/Date(1701761209000)/",27900,10000,11248100,315526000000,-300,true,-1.06
"STB",142613,"/Date(1701761209000)/",27900,500,11238100,315247000000,-300,true,-1.06
"STB",142613,"/Date(1701761209000)/",27900,500,11237600,315233000000,-300,true,-1.06
"STB",142613,"/Date(1701761209000)/",27900,100,11237100,315219000000,-300,true,-1.06
"STB",142613,"/Date(1701761209000)/",27900,5000,11237000,315216000000,-300,true,-1.06
"STB",142613,"/Date(1701761209000)/",27900,300,11232000,315077000000,-300,true,-1.06
"STB",142613,"/Date(1701761209000)/",27900,200,11231700,315068000000,-300,true,-1.06
"STB",142613,"/Date(1701761209000)/",27900,200,11231500,315063000000,-300,true,-1.06
"STB",142613,"/Date(1701761209000)/",27900,1000,11231300,315057000000,-300,true,-1.06
"STB",142613,"/Date(1701761209000)/",27900,500,11230300,315029000000,-300,true,-1.06
"STB",142613,"/Date(1701761209000)/",27900,100,11229800,315015000000,-300,true,-1.06
"STB",142613,"/Date(1701761209000)/",27900,500,11229700,315012000000,-300,true,-1.06
"STB",142613,"/Date(1701761209000)/",27900,100,11229200,314998000000,-300,true,-1.06
"STB",142613,"/Date(1701761209000)/",27900,400,11229100,314996000000,-300,true,-1.06
"STB",142613,"/Date(1701761209000)/",27900,200,11228700,314985000000,-300,true,-1.06
"STB",142613,"/Date(1701761209000)/",27900,1400,11228500,314979000000,-300,true,-1.06
"STB",142613,"/Date(1701761209000)/",27900,200,11227100,314940000000,-300,true,-1.06
"STB",142613,"/Date(1701761209000)/",27900,100,11226900,314934000000,-300,true,-1.06
"STB",142613,"/Date(1701761209000)/",27900,2000,11226800,314931000000,-300,true,-1.06
"STB",142613,"/Date(1701761209000)/",27900,200,11224800,314876000000,-300,true,-1.06
"STB",142613,"/Date(1701761209000)/",27900,1000,11224600,314870000000,-300,true,-1.06
"STB",142613,"/Date(1701761209000)/",27900,1100,11223600,314842000000,-300,true,-1.06
"STB",142613,"/Date(1701761209000)/",27900,300,11222500,314812000000,-300,true,-1.06
"STB",142613,"/Date(1701761209000)/",27900,100,11222200,314803000000,-300,true,-1.06
"STB",142613,"/Date(1701761209000)/",27900,100,11222100,314800000000,-300,true,-1.06
"STB",142613,"/Date(1701761209000)/",27900,200,11222000,314798000000,-300,true,-1.06
"STB",142613,"/Date(1701761209000)/",27900,500,11221800,314792000000,-300,true,-1.06
"STB",142613,"/Date(1701761209000)/",27900,500,11221300,314778000000,-300,true,-1.06
"STB",142613,"/Date(1701761209000)/",27900,100,11220800,314764000000,-300,true,-1.06
"STB",142613,"/Date(1701761209000)/",27900,3200,11220700,314761000000,-300,true,-1.06
"STB",142613,"/Date(1701761209000)/",27900,500,11217500,314672000000,-300,true,-1.06
"STB",142613,"/Date(1701761209000)/",27900,400,11217000,314658000000,-300,true,-1.06
"STB",142613,"/Date(1701761209000)/",27900,100,11216600,314647000000,-300,true,-1.06
"STB",142613,"/Date(1701761209000)/",27900,200,11216500,314644000000,-300,true,-1.06
"STB",142613,"/Date(1701761209000)/",27900,100,11216300,314639000000,-300,true,-1.06
"STB",142613,"/Date(1701761209000)/",27900,5000,11216200,314636000000,-300,true,-1.06
"STB",142613,"/Date(1701761209000)/",27900,200,11211200,314496000000,-300,true,-1.06
"STB",142613,"/Date(1701761209000)/",27900,500,11211000,314491000000,-300,true,-1.06
"STB",142613,"/Date(1701761209000)/",27900,300,11210500,314477000000,-300,true,-1.06
"STB",142613,"/Date(1701761209000)/",27900,2200,11210200,314468000000,-300,true,-1.06
"STB",142613,"/Date(1701761209000)/",27900,800,11208000,314407000000,-300,true,-1.06
"STB",142613,"/Date(1701761209000)/",27900,3300,11207200,314385000000,-300,true,-1.06
"STB",142613,"/Date(1701761209000)/",27900,1000,11203900,314293000000,-300,true,-1.06
"STB",142613,"/Date(1701761209000)/",27900,5400,11202900,314265000000,-300,true,-1.06
"STB",142604,"/Date(1701761199000)/",27900,1000,11197500,314114000000,-300,true,-1.06
"STB",142604,"/Date(1701761198000)/",27900,13600,11196500,314086000000,-300,true,-1.06
"STB",142604,"/Date(1701761198000)/",27900,1000,11182900,313707000000,-300,true,-1.06
"STB",142604,"/Date(1701761198000)/",27900,300,11181900,313679000000,-300,true,-1.06
"STB",142604,"/Date(1701761198000)/",27900,500,11181600,313670000000,-300,true,-1.06
"STB",142604,"/Date(1701761198000)/",27900,2200,11181100,313656000000,-300,true,-1.06
"STB",142604,"/Date(1701761198000)/",27900,100,11178900,313595000000,-300,true,-1.06
"STB",142604,"/Date(1701761198000)/",27900,100,11178800,313592000000,-300,true,-1.06
"STB",142557,"/Date(1701761193000)/",27900,100,11178700,313590000000,-300,true,-1.06
"STB",142557,"/Date(1701761193000)/",27900,200,11178600,313587000000,-300,true,-1.06
"STB",142557,"/Date(1701761193000)/",27900,100,11178400,313581000000,-300,true,-1.06
"STB",142557,"/Date(1701761193000)/",27900,3000,11178300,313578000000,-300,true,-1.06
"STB",142557,"/Date(1701761193000)/",27900,200,11175300,313495000000,-300,true,-1.06
"STB",142557,"/Date(1701761193000)/",27900,200,11175100,313489000000,-300,true,-1.06
"STB",142557,"/Date(1701761193000)/",27900,200,11174900,313483000000,-300,true,-1.06
"STB",142557,"/Date(1701761193000)/",27900,5000,11174700,313478000000,-300,true,-1.06
"STB",142557,"/Date(1701761193000)/",27900,100,11169700,313338000000,-300,true,-1.06
"STB",142557,"/Date(1701761193000)/",27900,100,11169600,313336000000,-300,true,-1.06
"STB",142557,"/Date(1701761193000)/",27900,500,11169500,313333000000,-300,true,-1.06
"STB",142557,"/Date(1701761193000)/",27900,100,11169000,313319000000,-300,true,-1.06
"STB",142557,"/Date(1701761193000)/",27900,100,11168900,313316000000,-300,true,-1.06
"STB",142557,"/Date(1701761193000)/",27900,1000,11168800,313313000000,-300,true,-1.06
"STB",142557,"/Date(1701761193000)/",27900,100,11167800,313285000000,-300,true,-1.06
"STB",142557,"/Date(1701761193000)/",27900,100,11167700,313283000000,-300,true,-1.06
"STB",142557,"/Date(1701761193000)/",27900,100,11167600,313280000000,-300,true,-1.06
"STB",142557,"/Date(1701761193000)/",27900,300,11167500,313277000000,-300,true,-1.06
"STB",142557,"/Date(1701761193000)/",27900,8500,11167200,313269000000,-300,true,-1.06
"STB",142541,"/Date(1701761176000)/",27950,2000,11158700,313032000000,-250,false,-0.89
"STB",142525,"/Date(1701761161000)/",27950,100,11156700,312976000000,-250,false,-0.89
"STB",142522,"/Date(1701761158000)/",27950,100,11156600,312973000000,-250,false,-0.89
"STB",142519,"/Date(1701761156000)/",27900,2000,11156500,312970000000,-300,true,-1.06
"STB",142516,"/Date(1701761151000)/",27950,100,11154500,312914000000,-250,false,-0.89
"STB",142516,"/Date(1701761151000)/",27950,3000,11154400,312911000000,-250,false,-0.89
"STB",142509,"/Date(1701761144000)/",27950,200,11151400,312828000000,-250,false,-0.89
"STB",142509,"/Date(1701761144000)/",27950,800,11151200,312822000000,-250,false,-0.89
"STB",142450,"/Date(1701761126000)/",27950,100,11150400,312800000000,-250,false,-0.89
"STB",142444,"/Date(1701761119000)/",27950,100,11150300,312797000000,-250,false,-0.89
"STB",142437,"/Date(1701761112000)/",27950,5000,11150200,312794000000,-250,false,-0.89
"STB",142431,"/Date(1701761106000)/",27950,500,11145200,312654000000,-250,false,-0.89
"STB",142424,"/Date(1701761099000)/",27950,1000,11144700,312640000000,-250,false,-0.89
"STB",142411,"/Date(1701761088000)/",27900,9000,11143700,312612000000,-300,true,-1.06
"STB",142411,"/Date(1701761088000)/",27900,500,11134700,312361000000,-300,true,-1.06
"STB",142411,"/Date(1701761088000)/",27900,500,11134200,312347000000,-300,true,-1.06
"STB",142405,"/Date(1701761082000)/",27950,1000,11133700,312333000000,-250,false,-0.89
"STB",142349,"/Date(1701761064000)/",27950,100,11132700,312305000000,-250,false,-0.89
"STB",142343,"/Date(1701761059000)/",27950,100,11132600,312303000000,-250,false,-0.89
"STB",142336,"/Date(1701761051000)/",27900,1500,11132500,312300000000,-300,true,-1.06
"STB",142333,"/Date(1701761047000)/",27950,3100,11131000,312258000000,-250,false,-0.89
"STB",142323,"/Date(1701761038000)/",27950,1900,11127900,312171000000,-250,false,-0.89
"STB",142323,"/Date(1701761038000)/",27950,100,11126000,312118000000,-250,false,-0.89
"STB",142320,"/Date(1701761035000)/",27900,500,11125900,312115000000,-300,true,-1.06
"STB",142320,"/Date(1701761035000)/",27900,4500,11125400,312101000000,-300,true,-1.06
"STB",142317,"/Date(1701761034000)/",27950,200,11120900,311976000000,-250,false,-0.89
"STB",142311,"/Date(1701761026000)/",27900,500,11120700,311970000000,-300,true,-1.06
"STB",142311,"/Date(1701761026000)/",27900,6000,11120200,311956000000,-300,true,-1.06
"STB",142311,"/Date(1701761026000)/",27900,5500,11114200,311789000000,-300,true,-1.06
"STB",142307,"/Date(1701761022000)/",27900,500,11108700,311636000000,-300,true,-1.06
"STB",142258,"/Date(1701761013000)/",27950,100,11108200,311622000000,-250,false,-0.89
"STB",142242,"/Date(1701760999000)/",27950,100,11108100,311619000000,-250,false,-0.89
"STB",142235,"/Date(1701760991000)/",27950,500,11108000,311616000000,-250,false,-0.89
"STB",142226,"/Date(1701760979000)/",27950,4000,11107500,311602000000,-250,false,-0.89
"STB",142226,"/Date(1701760979000)/",27950,500,11103500,311490000000,-250,false,-0.89
"STB",142226,"/Date(1701760979000)/",27950,500,11103000,311476000000,-250,false,-0.89
"STB",142223,"/Date(1701760978000)/",27950,1000,11102500,311462000000,-250,false,-0.89
"STB",142216,"/Date(1701760972000)/",27950,500,11101500,311434000000,-250,false,-0.89
"STB",142216,"/Date(1701760972000)/",27950,2500,11101000,311420000000,-250,false,-0.89
"STB",142213,"/Date(1701760968000)/",27950,100,11098500,311350000000,-250,false,-0.89
"STB",142207,"/Date(1701760962000)/",27950,17400,11098400,311348000000,-250,false,-0.89
"STB",142207,"/Date(1701760961000)/",27900,2000,11081000,310861000000,-300,true,-1.06
"STB",142207,"/Date(1701760960000)/",27900,8000,11079000,310806000000,-300,true,-1.06
"STB",142157,"/Date(1701760951000)/",27900,4000,11071000,310582000000,-300,true,-1.06
"STB",142157,"/Date(1701760951000)/",27900,500,11067000,310471000000,-300,true,-1.06
"STB",142157,"/Date(1701760951000)/",27900,10000,11066500,310457000000,-300,true,-1.06
"STB",142157,"/Date(1701760951000)/",27900,500,11056500,310178000000,-300,true,-1.06
"STB",142157,"/Date(1701760951000)/",27900,500,11056000,310164000000,-300,true,-1.06
"STB",142157,"/Date(1701760951000)/",27900,1000,11055500,310150000000,-300,true,-1.06
"STB",142157,"/Date(1701760951000)/",27900,500,11054500,310122000000,-300,true,-1.06
"STB",142157,"/Date(1701760951000)/",27900,100,11054000,310108000000,-300,true,-1.06
"STB",142141,"/Date(1701760937000)/",27900,900,11053900,310105000000,-300,true,-1.06
"STB",142141,"/Date(1701760937000)/",27900,200,11053000,310080000000,-300,true,-1.06
"STB",142141,"/Date(1701760937000)/",27900,1600,11052800,310075000000,-300,true,-1.06
"STB",142141,"/Date(1701760937000)/",27950,400,11051200,310030000000,-250,false,-0.89
"STB",142141,"/Date(1701760935000)/",27950,100,11050800,310019000000,-250,false,-0.89
"STB",142141,"/Date(1701760935000)/",27950,500,11050700,310016000000,-250,false,-0.89
"STB",142141,"/Date(1701760935000)/",27950,500,11050200,310002000000,-250,false,-0.89
"STB",142141,"/Date(1701760935000)/",27950,300,11049700,309988000000,-250,false,-0.89
"STB",142134,"/Date(1701760929000)/",27950,200,11049400,309980000000,-250,false,-0.89
"STB",142134,"/Date(1701760929000)/",27950,300,11049200,309974000000,-250,false,-0.89
"STB",142128,"/Date(1701760922000)/",27950,700,11048900,309966000000,-250,false,-0.89
"STB",142128,"/Date(1701760922000)/",27950,4300,11048200,309946000000,-250,false,-0.89
"STB",142125,"/Date(1701760921000)/",27950,500,11043900,309826000000,-250,false,-0.89
"STB",142122,"/Date(1701760917000)/",27900,10000,11043400,309812000000,-300,true,-1.06
"STB",142118,"/Date(1701760913000)/",27900,3100,11033400,309533000000,-300,true,-1.06
"STB",142115,"/Date(1701760910000)/",27900,3000,11030300,309446000000,-300,true,-1.06
"STB",142115,"/Date(1701760909000)/",27950,5000,11027300,309363000000,-250,false,-0.89
"STB",142112,"/Date(1701760906000)/",27950,5000,11022300,309223000000,-250,false,-0.89
"STB",142109,"/Date(1701760903000)/",27950,200,11017300,309083000000,-250,false,-0.89
"STB",142109,"/Date(1701760903000)/",27950,1300,11017100,309078000000,-250,false,-0.89
"STB",142102,"/Date(1701760897000)/",27900,3100,11015800,309041000000,-300,true,-1.06
"STB",142053,"/Date(1701760889000)/",27900,9300,11012700,308955000000,-300,true,-1.06
"STB",142053,"/Date(1701760888000)/",27900,9900,11003400,308695000000,-300,true,-1.06
"STB",142053,"/Date(1701760888000)/",27900,100,10993500,308419000000,-300,true,-1.06
"STB",142050,"/Date(1701760884000)/",27900,100,10993400,308416000000,-300,true,-1.06
"STB",142050,"/Date(1701760884000)/",27950,1000,10993300,308414000000,-250,true,-0.89
"STB",142050,"/Date(1701760884000)/",27950,4800,10992300,308386000000,-250,true,-0.89
"STB",142037,"/Date(1701760872000)/",28000,100,10987500,308251000000,-200,false,-0.71
"STB",142034,"/Date(1701760870000)/",27950,200,10987400,308249000000,-250,true,-0.89
"STB",142034,"/Date(1701760869000)/",27950,300,10987200,308243000000,-250,true,-0.89
"STB",142024,"/Date(1701760858000)/",27900,200,10986900,308235000000,-300,true,-1.06
"STB",142024,"/Date(1701760858000)/",27900,600,10986700,308229000000,-300,true,-1.06
"STB",142024,"/Date(1701760858000)/",27950,1000,10986100,308212000000,-250,true,-0.89
"STB",142024,"/Date(1701760858000)/",27950,1300,10985100,308184000000,-250,true,-0.89
"STB",142021,"/Date(1701760856000)/",27950,1000,10983800,308148000000,-250,false,-0.89
"STB",142021,"/Date(1701760856000)/",27950,200,10982800,308120000000,-250,false,-0.89
"STB",142021,"/Date(1701760856000)/",27950,2500,10982600,308115000000,-250,false,-0.89
"STB",142014,"/Date(1701760848000)/",27950,600,10980100,308045000000,-250,false,-0.89
"STB",142002,"/Date(1701760835000)/",27900,400,10979500,308028000000,-300,true,-1.06
"STB",142002,"/Date(1701760835000)/",27900,200,10979100,308017000000,-300,true,-1.06
"STB",142002,"/Date(1701760835000)/",27900,100,10978900,308011000000,-300,true,-1.06
"STB",142002,"/Date(1701760835000)/",27900,1000,10978800,308008000000,-300,true,-1.06
"STB",142002,"/Date(1701760835000)/",27900,100,10977800,307980000000,-300,true,-1.06
"STB",142002,"/Date(1701760835000)/",27900,100,10977700,307978000000,-300,true,-1.06
"STB",142002,"/Date(1701760835000)/",27900,200,10977600,307975000000,-300,true,-1.06
"STB",142002,"/Date(1701760835000)/",27900,500,10977400,307969000000,-300,true,-1.06
"STB",142002,"/Date(1701760835000)/",27900,500,10976900,307955000000,-300,true,-1.06
"STB",141958,"/Date(1701760834000)/",27950,200,10976400,307941000000,-250,true,-0.89
"STB",141958,"/Date(1701760833000)/",27900,1000,10976200,307936000000,-300,true,-1.06
"STB",141958,"/Date(1701760832000)/",27950,1700,10975200,307908000000,-250,true,-0.89
"STB",141955,"/Date(1701760831000)/",27950,800,10973500,307860000000,-250,true,-0.89
"STB",141955,"/Date(1701760830000)/",27950,500,10972700,307838000000,-250,true,-0.89
"STB",141955,"/Date(1701760830000)/",27950,500,10972200,307824000000,-250,true,-0.89
"STB",141955,"/Date(1701760830000)/",27950,5000,10971700,307810000000,-250,true,-0.89
"STB",141955,"/Date(1701760830000)/",27950,4000,10966700,307670000000,-250,true,-0.89
"STB",141946,"/Date(1701760820000)/",27950,1000,10962700,307559000000,-250,true,-0.89
"STB",141942,"/Date(1701760819000)/",27900,1800,10961700,307531000000,-300,true,-1.06
"STB",141942,"/Date(1701760819000)/",27950,100,10959900,307480000000,-250,true,-0.89
"STB",141942,"/Date(1701760819000)/",27950,700,10959800,307478000000,-250,true,-0.89
"STB",141942,"/Date(1701760819000)/",27950,5000,10959100,307458000000,-250,true,-0.89
"STB",141942,"/Date(1701760819000)/",27950,1700,10954100,307318000000,-250,true,-0.89
"STB",141939,"/Date(1701760813000)/",27900,5100,10952400,307271000000,-300,true,-1.06
"STB",141939,"/Date(1701760813000)/",27950,300,10947300,307128000000,-250,true,-0.89
"STB",141939,"/Date(1701760813000)/",27950,100,10947000,307120000000,-250,true,-0.89
"STB",141939,"/Date(1701760813000)/",27950,2000,10946900,307117000000,-250,true,-0.89
"STB",141939,"/Date(1701760813000)/",27950,100,10944900,307061000000,-250,true,-0.89
"STB",141939,"/Date(1701760813000)/",27950,200,10944800,307059000000,-250,true,-0.89
"STB",141939,"/Date(1701760813000)/",27950,1000,10944600,307053000000,-250,true,-0.89
"STB",141939,"/Date(1701760813000)/",27950,100,10943600,307025000000,-250,true,-0.89
"STB",141939,"/Date(1701760813000)/",27950,100,10943500,307022000000,-250,true,-0.89
"STB",141939,"/Date(1701760813000)/",27950,300,10943400,307019000000,-250,true,-0.89
"STB",141936,"/Date(1701760811000)/",27950,700,10943100,307011000000,-250,true,-0.89
"STB",141936,"/Date(1701760811000)/",27950,2000,10942400,306991000000,-250,true,-0.89
"STB",141936,"/Date(1701760811000)/",27950,1000,10940400,306936000000,-250,true,-0.89
"STB",141936,"/Date(1701760811000)/",27950,2500,10939400,306908000000,-250,true,-0.89
"STB",141933,"/Date(1701760809000)/",27950,2500,10936900,306838000000,-250,true,-0.89
"STB",141933,"/Date(1701760809000)/",27950,100,10934400,306768000000,-250,true,-0.89
"STB",141933,"/Date(1701760809000)/",27950,1000,10934300,306765000000,-250,true,-0.89
"STB",141933,"/Date(1701760809000)/",27950,1500,10933300,306737000000,-250,true,-0.89
"STB",141933,"/Date(1701760809000)/",27950,2000,10931800,306695000000,-250,true,-0.89
"STB",141933,"/Date(1701760809000)/",27950,1000,10929800,306639000000,-250,true,-0.89
"STB",141933,"/Date(1701760809000)/",27950,100,10928800,306611000000,-250,true,-0.89
"STB",141933,"/Date(1701760809000)/",27950,300,10928700,306609000000,-250,true,-0.89
"STB",141933,"/Date(1701760809000)/",27950,1000,10928400,306600000000,-250,true,-0.89
"STB",141933,"/Date(1701760809000)/",27950,8300,10927400,306572000000,-250,true,-0.89
"STB",141933,"/Date(1701760808000)/",28000,100,10919100,306340000000,-200,false,-0.71
"STB",141933,"/Date(1701760807000)/",27950,1700,10919000,306337000000,-250,true,-0.89
"STB",141933,"/Date(1701760807000)/",27950,2000,10917300,306290000000,-250,true,-0.89
"STB",141926,"/Date(1701760803000)/",27950,2000,10915300,306234000000,-250,true,-0.89
"STB",141926,"/Date(1701760803000)/",27950,500,10913300,306178000000,-250,true,-0.89
"STB",141926,"/Date(1701760803000)/",27950,500,10912800,306164000000,-250,true,-0.89
"STB",141926,"/Date(1701760803000)/",27950,2000,10912300,306150000000,-250,true,-0.89
"STB",141926,"/Date(1701760803000)/",27950,3100,10910300,306094000000,-250,true,-0.89
"STB",141920,"/Date(1701760795000)/",27950,4900,10907200,306008000000,-250,true,-0.89
"STB",141920,"/Date(1701760795000)/",27950,200,10902300,305871000000,-250,true,-0.89
"STB",141920,"/Date(1701760795000)/",27950,200,10902100,305865000000,-250,true,-0.89
"STB",141920,"/Date(1701760795000)/",27950,500,10901900,305859000000,-250,true,-0.89
"STB",141920,"/Date(1701760795000)/",27950,100,10901400,305846000000,-250,true,-0.89
"STB",141920,"/Date(1701760795000)/",27950,4100,10901300,305843000000,-250,true,-0.89
"STB",141914,"/Date(1701760790000)/",27950,900,10897200,305728000000,-250,true,-0.89
"STB",141914,"/Date(1701760790000)/",27950,500,10896300,305703000000,-250,true,-0.89
"STB",141914,"/Date(1701760790000)/",27950,200,10895800,305689000000,-250,true,-0.89
"STB",141914,"/Date(1701760790000)/",27950,1000,10895600,305683000000,-250,true,-0.89
"STB",141914,"/Date(1701760790000)/",27950,100,10894600,305655000000,-250,true,-0.89
"STB",141914,"/Date(1701760790000)/",27950,1000,10894500,305653000000,-250,true,-0.89
"STB",141914,"/Date(1701760790000)/",27950,1300,10893500,305625000000,-250,true,-0.89
"STB",141907,"/Date(1701760781000)/",28000,500,10892200,305588000000,-200,false,-0.71
"STB",141907,"/Date(1701760781000)/",28000,100,10891700,305574000000,-200,false,-0.71
"STB",141901,"/Date(1701760776000)/",28000,100,10891600,305572000000,-200,false,-0.71
"STB",141901,"/Date(1701760775000)/",28000,1300,10891500,305569000000,-200,false,-0.71
"STB",141901,"/Date(1701760775000)/",28000,200,10890200,305532000000,-200,false,-0.71
"STB",141901,"/Date(1701760775000)/",28000,100,10890000,305527000000,-200,false,-0.71
"STB",141901,"/Date(1701760775000)/",28000,900,10889900,305524000000,-200,false,-0.71
"STB",141858,"/Date(1701760772000)/",28000,100,10889000,305499000000,-200,false,-0.71
"STB",141858,"/Date(1701760772000)/",28000,2900,10888900,305496000000,-200,false,-0.71
"STB",141858,"/Date(1701760772000)/",27950,300,10886000,305415000000,-250,true,-0.89
"STB",141854,"/Date(1701760768000)/",28000,2100,10885700,305406000000,-200,false,-0.71
"STB",141854,"/Date(1701760768000)/",28000,1000,10883600,305348000000,-200,false,-0.71
"STB",141854,"/Date(1701760768000)/",28000,1900,10882600,305320000000,-200,false,-0.71
"STB",141854,"/Date(1701760768000)/",28000,100,10880700,305266000000,-200,false,-0.71
"STB",141854,"/Date(1701760768000)/",28000,500,10880600,305264000000,-200,false,-0.71
"STB",141854,"/Date(1701760768000)/",28000,500,10880100,305250000000,-200,false,-0.71
"STB",141848,"/Date(1701760764000)/",28000,1000,10879600,305236000000,-200,false,-0.71
"STB",141848,"/Date(1701760764000)/",28000,700,10878600,305208000000,-200,false,-0.71
"STB",141848,"/Date(1701760764000)/",28000,1300,10877900,305188000000,-200,false,-0.71
"STB",141848,"/Date(1701760764000)/",28000,700,10876600,305152000000,-200,false,-0.71
"STB",141848,"/Date(1701760762000)/",28000,300,10875900,305132000000,-200,false,-0.71
"STB",141848,"/Date(1701760762000)/",28000,100,10875600,305124000000,-200,false,-0.71
"STB",141848,"/Date(1701760762000)/",28000,800,10875500,305121000000,-200,false,-0.71
"STB",141848,"/Date(1701760762000)/",28000,800,10874700,305098000000,-200,false,-0.71
"STB",141848,"/Date(1701760761000)/",27950,400,10873900,305076000000,-250,true,-0.89
"STB",141848,"/Date(1701760761000)/",27950,100,10873500,305065000000,-250,true,-0.89
"STB",141838,"/Date(1701760753000)/",28000,4900,10873400,305062000000,-200,false,-0.71
"STB",141838,"/Date(1701760753000)/",28000,5000,10868500,304925000000,-200,false,-0.71
"STB",141838,"/Date(1701760753000)/",28000,500,10863500,304785000000,-200,false,-0.71
"STB",141838,"/Date(1701760753000)/",28000,500,10863000,304771000000,-200,false,-0.71
"STB",141838,"/Date(1701760753000)/",28000,100,10862500,304757000000,-200,false,-0.71
"STB",141838,"/Date(1701760753000)/",28000,500,10862400,304754000000,-200,false,-0.71
"STB",141838,"/Date(1701760753000)/",28000,100,10861900,304740000000,-200,false,-0.71
"STB",141838,"/Date(1701760753000)/",28000,1000,10861800,304737000000,-200,false,-0.71
"STB",141838,"/Date(1701760753000)/",28000,2000,10860800,304709000000,-200,false,-0.71
"STB",141838,"/Date(1701760753000)/",28000,15000,10858800,304653000000,-200,false,-0.71
"STB",141838,"/Date(1701760753000)/",28000,500,10843800,304233000000,-200,false,-0.71
"STB",141838,"/Date(1701760753000)/",28000,3000,10843300,304219000000,-200,false,-0.71
"STB",141838,"/Date(1701760753000)/",28000,100,10840300,304135000000,-200,false,-0.71
"STB",141838,"/Date(1701760753000)/",28000,700,10840200,304132000000,-200,false,-0.71
"STB",141838,"/Date(1701760753000)/",28000,1000,10839500,304113000000,-200,false,-0.71
"STB",141838,"/Date(1701760753000)/",28000,10000,10838500,304085000000,-200,false,-0.71
"STB",141838,"/Date(1701760753000)/",28000,100,10828500,303805000000,-200,false,-0.71
"STB",141826,"/Date(1701760741000)/",28000,100,10828400,303802000000,-200,false,-0.71
"STB",141819,"/Date(1701760734000)/",28000,200,10828300,303799000000,-200,false,-0.71
"STB",141819,"/Date(1701760734000)/",28000,1800,10828100,303794000000,-200,false,-0.71
"STB",141819,"/Date(1701760734000)/",28000,5000,10826300,303743000000,-200,false,-0.71
"STB",141819,"/Date(1701760734000)/",28000,1000,10821300,303603000000,-200,false,-0.71
"STB",141819,"/Date(1701760734000)/",28000,600,10820300,303575000000,-200,false,-0.71
"STB",141819,"/Date(1701760734000)/",28000,100,10819700,303558000000,-200,false,-0.71
"STB",141819,"/Date(1701760734000)/",28000,1500,10819600,303556000000,-200,false,-0.71
"STB",141800,"/Date(1701760715000)/",28000,100,10818100,303514000000,-200,false,-0.71
"STB",141800,"/Date(1701760713000)/",27950,100,10818000,303511000000,-250,true,-0.89
"STB",141800,"/Date(1701760713000)/",27950,4100,10817900,303508000000,-250,true,-0.89
"STB",141750,"/Date(1701760705000)/",28000,500,10813800,303393000000,-200,false,-0.71
"STB",141747,"/Date(1701760703000)/",28000,5000,10813300,303379000000,-200,false,-0.71
"STB",141737,"/Date(1701760693000)/",28000,1000,10808300,303239000000,-200,false,-0.71
"STB",141725,"/Date(1701760680000)/",28000,100,10807300,303211000000,-200,false,-0.71
"STB",141718,"/Date(1701760673000)/",27950,2700,10807200,303209000000,-250,true,-0.89
"STB",141718,"/Date(1701760673000)/",27950,1300,10804500,303133000000,-250,true,-0.89
"STB",141718,"/Date(1701760672000)/",28000,1800,10803200,303097000000,-200,false,-0.71
"STB",141718,"/Date(1701760672000)/",28000,100,10801400,303046000000,-200,false,-0.71
"STB",141718,"/Date(1701760672000)/",28000,1000,10801300,303044000000,-200,false,-0.71
"STB",141718,"/Date(1701760672000)/",28000,500,10800300,303016000000,-200,false,-0.71
"STB",141718,"/Date(1701760672000)/",28000,800,10799800,303002000000,-200,false,-0.71
"STB",141718,"/Date(1701760672000)/",28000,1000,10799000,302979000000,-200,false,-0.71
"STB",141718,"/Date(1701760672000)/",28000,1800,10798000,302951000000,-200,false,-0.71
"STB",141656,"/Date(1701760651000)/",28000,200,10796200,302901000000,-200,false,-0.71
"STB",141656,"/Date(1701760651000)/",28000,200,10796000,302895000000,-200,false,-0.71
"STB",141640,"/Date(1701760635000)/",27950,5000,10795800,302890000000,-250,true,-0.89
"STB",141640,"/Date(1701760635000)/",27950,5000,10790800,302750000000,-250,true,-0.89
"STB",141634,"/Date(1701760629000)/",27950,600,10785800,302610000000,-250,true,-0.89
"STB",141608,"/Date(1701760602000)/",28000,800,10785200,302593000000,-200,false,-0.71
"STB",141608,"/Date(1701760602000)/",28000,2300,10784400,302571000000,-200,false,-0.71
"STB",141608,"/Date(1701760601000)/",27950,1000,10782100,302507000000,-250,true,-0.89
"STB",141558,"/Date(1701760593000)/",27950,1700,10781100,302479000000,-250,true,-0.89
"STB",141549,"/Date(1701760584000)/",28000,100,10779400,302431000000,-200,false,-0.71
"STB",141546,"/Date(1701760579000)/",28000,5000,10779300,302428000000,-200,false,-0.71
"STB",141526,"/Date(1701760561000)/",28000,500,10774300,302288000000,-200,false,-0.71
"STB",141523,"/Date(1701760557000)/",28000,2100,10773800,302274000000,-200,false,-0.71
"STB",141523,"/Date(1701760557000)/",28000,4100,10771700,302215000000,-200,false,-0.71
"STB",141513,"/Date(1701760549000)/",28000,900,10767600,302101000000,-200,false,-0.71
"STB",141513,"/Date(1701760549000)/",28000,8400,10766700,302075000000,-200,false,-0.71
"STB",141501,"/Date(1701760535000)/",27950,500,10758300,301840000000,-250,true,-0.89
"STB",141457,"/Date(1701760533000)/",27950,100,10757800,301826000000,-250,true,-0.89
"STB",141454,"/Date(1701760530000)/",27950,1300,10757700,301824000000,-250,true,-0.89
"STB",141451,"/Date(1701760525000)/",27950,8500,10756400,301787000000,-250,true,-0.89
"STB",141445,"/Date(1701760518000)/",27950,2000,10747900,301550000000,-250,true,-0.89
"STB",141445,"/Date(1701760518000)/",27950,100,10745900,301494000000,-250,true,-0.89
"STB",141445,"/Date(1701760518000)/",27950,1000,10745800,301491000000,-250,true,-0.89
"STB",141445,"/Date(1701760518000)/",27950,3000,10744800,301463000000,-250,true,-0.89
"STB",141445,"/Date(1701760518000)/",27950,300,10741800,301379000000,-250,true,-0.89
"STB",141445,"/Date(1701760518000)/",27950,200,10741500,301371000000,-250,true,-0.89
"STB",141445,"/Date(1701760518000)/",27950,5000,10741300,301365000000,-250,true,-0.89
"STB",141445,"/Date(1701760518000)/",27950,2000,10736300,301225000000,-250,true,-0.89
"STB",141445,"/Date(1701760518000)/",27950,1000,10734300,301169000000,-250,true,-0.89
"STB",141445,"/Date(1701760518000)/",27950,4000,10733300,301142000000,-250,true,-0.89
"STB",141445,"/Date(1701760518000)/",27950,600,10729300,301030000000,-250,true,-0.89
"STB",141445,"/Date(1701760518000)/",27950,1000,10728700,301013000000,-250,true,-0.89
"STB",141445,"/Date(1701760518000)/",27950,100,10727700,300985000000,-250,true,-0.89
"STB",141445,"/Date(1701760518000)/",27950,200,10727600,300982000000,-250,true,-0.89
"STB",141445,"/Date(1701760518000)/",27950,200,10727400,300977000000,-250,true,-0.89
"STB",141445,"/Date(1701760518000)/",27950,2200,10727200,300971000000,-250,true,-0.89
"STB",141441,"/Date(1701760516000)/",27950,1100,10725000,300910000000,-250,true,-0.89
"STB",141438,"/Date(1701760513000)/",28000,500,10723900,300879000000,-200,false,-0.71
"STB",141432,"/Date(1701760506000)/",27950,1400,10723400,300865000000,-250,true,-0.89
"STB",141432,"/Date(1701760506000)/",27950,8600,10722000,300826000000,-250,true,-0.89
"STB",141429,"/Date(1701760504000)/",27950,1000,10713400,300585000000,-250,true,-0.89
"STB",141419,"/Date(1701760495000)/",27950,1100,10712400,300557000000,-250,true,-0.89
"STB",141413,"/Date(1701760487000)/",28000,100,10711300,300527000000,-200,false,-0.71
"STB",141409,"/Date(1701760483000)/",27950,900,10711200,300524000000,-250,true,-0.89
"STB",141403,"/Date(1701760478000)/",27950,100,10710300,300499000000,-250,true,-0.89
"STB",141400,"/Date(1701760476000)/",27950,500,10710200,300496000000,-250,true,-0.89
"STB",141400,"/Date(1701760474000)/",27950,900,10709700,300482000000,-250,true,-0.89
"STB",141400,"/Date(1701760473000)/",27950,500,10708800,300457000000,-250,true,-0.89
"STB",141350,"/Date(1701760466000)/",27950,500,10708300,300443000000,-250,true,-0.89
"STB",141350,"/Date(1701760465000)/",27950,1300,10707800,300429000000,-250,true,-0.89
"STB",141347,"/Date(1701760460000)/",27950,500,10706500,300392000000,-250,true,-0.89
"STB",141344,"/Date(1701760457000)/",27950,1700,10706000,300378000000,-250,true,-0.89
"STB",141337,"/Date(1701760451000)/",27950,1300,10704300,300331000000,-250,true,-0.89
"STB",141334,"/Date(1701760449000)/",27950,500,10703000,300295000000,-250,true,-0.89
"STB",141325,"/Date(1701760440000)/",27950,500,10702500,300281000000,-250,true,-0.89
"STB",141321,"/Date(1701760437000)/",27950,1000,10702000,300267000000,-250,true,-0.89
"STB",141312,"/Date(1701760427000)/",27950,1200,10701000,300239000000,-250,true,-0.89
"STB",141312,"/Date(1701760426000)/",27950,17800,10699800,300205000000,-250,true,-0.89
"STB",141312,"/Date(1701760426000)/",28000,1000,10682000,299708000000,-200,false,-0.71
"STB",141305,"/Date(1701760420000)/",27950,100,10681000,299680000000,-250,true,-0.89
"STB",141305,"/Date(1701760419000)/",27950,500,10680900,299677000000,-250,true,-0.89
"STB",141302,"/Date(1701760416000)/",27950,500,10680400,299663000000,-250,true,-0.89
"STB",141302,"/Date(1701760415000)/",27950,600,10679900,299649000000,-250,true,-0.89
"STB",141302,"/Date(1701760415000)/",28000,2400,10679300,299632000000,-200,true,-0.71
"STB",141259,"/Date(1701760415000)/",28000,1300,10676900,299565000000,-200,true,-0.71
"STB",141253,"/Date(1701760408000)/",28000,500,10675600,299529000000,-200,false,-0.71
"STB",141253,"/Date(1701760407000)/",28000,13600,10675100,299515000000,-200,false,-0.71
"STB",141253,"/Date(1701760407000)/",28000,2800,10661500,299134000000,-200,false,-0.71
"STB",141253,"/Date(1701760407000)/",28000,100,10658700,299055000000,-200,false,-0.71
"STB",141253,"/Date(1701760407000)/",28000,200,10658600,299053000000,-200,false,-0.71
"STB",141253,"/Date(1701760407000)/",28000,10000,10658400,299047000000,-200,false,-0.71
"STB",141253,"/Date(1701760407000)/",28000,5000,10648400,298767000000,-200,false,-0.71
"STB",141253,"/Date(1701760407000)/",28000,500,10643400,298627000000,-200,false,-0.71
"STB",141253,"/Date(1701760407000)/",28000,100,10642900,298613000000,-200,false,-0.71
"STB",141253,"/Date(1701760407000)/",28000,500,10642800,298610000000,-200,false,-0.71
"STB",141253,"/Date(1701760407000)/",28000,100,10642300,298596000000,-200,false,-0.71
"STB",141249,"/Date(1701760403000)/",27950,500,10642200,298593000000,-250,true,-0.89
"STB",141246,"/Date(1701760401000)/",27950,900,10641700,298579000000,-250,true,-0.89
"STB",141237,"/Date(1701760392000)/",27950,900,10640800,298554000000,-250,true,-0.89
"STB",141237,"/Date(1701760392000)/",28000,100,10639900,298529000000,-200,false,-0.71
"STB",141237,"/Date(1701760390000)/",27950,500,10639800,298526000000,-250,true,-0.89
"STB",141227,"/Date(1701760383000)/",27950,1100,10639300,298512000000,-250,true,-0.89
"STB",141227,"/Date(1701760382000)/",27950,500,10638200,298482000000,-250,true,-0.89
"STB",141227,"/Date(1701760380000)/",28000,800,10637700,298468000000,-200,false,-0.71
"STB",141227,"/Date(1701760380000)/",28000,1000,10636900,298445000000,-200,false,-0.71
"STB",141227,"/Date(1701760380000)/",28000,10000,10635900,298417000000,-200,false,-0.71
"STB",141227,"/Date(1701760380000)/",28000,5000,10625900,298137000000,-200,false,-0.71
"STB",141227,"/Date(1701760380000)/",28000,100,10620900,297997000000,-200,false,-0.71
"STB",141227,"/Date(1701760380000)/",28000,100,10620800,297994000000,-200,false,-0.71
"STB",141227,"/Date(1701760380000)/",28000,3000,10620700,297992000000,-200,false,-0.71
"STB",141218,"/Date(1701760371000)/",27950,1000,10617700,297908000000,-250,true,-0.89
"STB",141208,"/Date(1701760361000)/",27950,1200,10616700,297880000000,-250,true,-0.89
"STB",141205,"/Date(1701760358000)/",27950,100,10615500,297846000000,-250,true,-0.89
"STB",141201,"/Date(1701760356000)/",27950,500,10615400,297843000000,-250,true,-0.89
"STB",141201,"/Date(1701760354000)/",27950,800,10614900,297829000000,-250,true,-0.89
"STB",141158,"/Date(1701760353000)/",27950,400,10614100,297807000000,-250,false,-0.89
"STB",141158,"/Date(1701760353000)/",27950,100,10613700,297796000000,-250,false,-0.89
"STB",141155,"/Date(1701760350000)/",27900,200,10613600,297793000000,-300,true,-1.06
"STB",141155,"/Date(1701760350000)/",27950,1000,10613400,297787000000,-250,true,-0.89
"STB",141152,"/Date(1701760346000)/",27950,500,10612400,297759000000,-250,true,-0.89
"STB",141145,"/Date(1701760340000)/",27950,500,10611900,297745000000,-250,false,-0.89
"STB",141145,"/Date(1701760339000)/",27900,2000,10611400,297732000000,-300,true,-1.06
"STB",141142,"/Date(1701760336000)/",27900,1100,10609400,297676000000,-300,true,-1.06
"STB",141136,"/Date(1701760330000)/",28000,1500,10608300,297645000000,-200,false,-0.71
"STB",141136,"/Date(1701760330000)/",27950,500,10606800,297603000000,-250,false,-0.89
"STB",141136,"/Date(1701760330000)/",27900,500,10606300,297589000000,-300,true,-1.06
"STB",141129,"/Date(1701760324000)/",27900,700,10605800,297575000000,-300,true,-1.06
"STB",141129,"/Date(1701760324000)/",27950,200,10605100,297556000000,-250,true,-0.89
"STB",141129,"/Date(1701760324000)/",27950,200,10604900,297550000000,-250,true,-0.89
"STB",141129,"/Date(1701760324000)/",27950,100,10604700,297544000000,-250,true,-0.89
"STB",141126,"/Date(1701760321000)/",27950,500,10604600,297542000000,-250,true,-0.89
"STB",141126,"/Date(1701760319000)/",28000,500,10604100,297528000000,-200,false,-0.71
"STB",141126,"/Date(1701760319000)/",28000,500,10603600,297514000000,-200,false,-0.71
"STB",141126,"/Date(1701760319000)/",28000,1000,10603100,297500000000,-200,false,-0.71
"STB",141126,"/Date(1701760319000)/",28000,1700,10602100,297472000000,-200,false,-0.71
"STB",141126,"/Date(1701760319000)/",28000,200,10600400,297424000000,-200,false,-0.71
"STB",141126,"/Date(1701760319000)/",28000,100,10600200,297418000000,-200,false,-0.71
"STB",141126,"/Date(1701760319000)/",28000,800,10600100,297416000000,-200,false,-0.71
"STB",141126,"/Date(1701760319000)/",28000,200,10599300,297393000000,-200,false,-0.71
"STB",141126,"/Date(1701760319000)/",28000,100,10599100,297388000000,-200,false,-0.71
"STB",141126,"/Date(1701760319000)/",28000,1000,10599000,297385000000,-200,false,-0.71
"STB",141126,"/Date(1701760319000)/",28000,1000,10598000,297357000000,-200,false,-0.71
"STB",141126,"/Date(1701760319000)/",28000,2000,10597000,297329000000,-200,false,-0.71
"STB",141126,"/Date(1701760319000)/",28000,40000,10595000,297273000000,-200,false,-0.71
"STB",141126,"/Date(1701760319000)/",28000,900,10555000,296153000000,-200,false,-0.71
"STB",141123,"/Date(1701760319000)/",27950,400,10554100,296128000000,-250,true,-0.89
"STB",141123,"/Date(1701760319000)/",27950,1000,10553700,296116000000,-250,true,-0.89
"STB",141123,"/Date(1701760319000)/",27950,14700,10552700,296088000000,-250,true,-0.89
"STB",141117,"/Date(1701760312000)/",27950,1800,10538000,295678000000,-250,true,-0.89
"STB",141117,"/Date(1701760312000)/",27950,200,10536200,295627000000,-250,true,-0.89
"STB",141110,"/Date(1701760306000)/",27950,800,10536000,295622000000,-250,true,-0.89
"STB",141104,"/Date(1701760299000)/",27900,100,10535200,295599000000,-300,true,-1.06
"STB",141104,"/Date(1701760298000)/",27900,7500,10535100,295597000000,-300,true,-1.06
"STB",141104,"/Date(1701760298000)/",27900,10000,10527600,295387000000,-300,true,-1.06
"STB",141104,"/Date(1701760298000)/",27900,200,10517600,295108000000,-300,true,-1.06
"STB",141104,"/Date(1701760298000)/",27900,500,10517400,295103000000,-300,true,-1.06
"STB",141104,"/Date(1701760298000)/",27900,1600,10516900,295089000000,-300,true,-1.06
"STB",141104,"/Date(1701760298000)/",27950,2500,10515300,295044000000,-250,true,-0.89
"STB",141104,"/Date(1701760298000)/",27950,7700,10512800,294974000000,-250,true,-0.89
"STB",141104,"/Date(1701760297000)/",27950,500,10505100,294759000000,-250,true,-0.89
"STB",141101,"/Date(1701760296000)/",28000,4100,10504600,294745000000,-200,false,-0.71
"STB",141101,"/Date(1701760296000)/",28000,200,10500500,294630000000,-200,false,-0.71
"STB",141101,"/Date(1701760296000)/",28000,1000,10500300,294625000000,-200,false,-0.71
"STB",141101,"/Date(1701760296000)/",28000,900,10499300,294597000000,-200,false,-0.71
"STB",141101,"/Date(1701760296000)/",27950,1800,10498400,294571000000,-250,false,-0.89
"STB",141101,"/Date(1701760296000)/",27950,200,10496600,294521000000,-250,false,-0.89
"STB",141101,"/Date(1701760296000)/",28000,100,10496400,294516000000,-200,false,-0.71
"STB",141101,"/Date(1701760294000)/",27950,1600,10496300,294513000000,-250,false,-0.89
"STB",141101,"/Date(1701760294000)/",27950,3200,10494700,294468000000,-250,false,-0.89
"STB",141101,"/Date(1701760294000)/",27900,500,10491500,294379000000,-300,true,-1.06
"STB",141051,"/Date(1701760286000)/",27900,500,10491000,294365000000,-300,true,-1.06
"STB",141051,"/Date(1701760286000)/",27950,1800,10490500,294351000000,-250,false,-0.89
"STB",141051,"/Date(1701760286000)/",27950,900,10488700,294300000000,-250,false,-0.89
"STB",141051,"/Date(1701760286000)/",27950,1000,10487800,294275000000,-250,false,-0.89
"STB",141051,"/Date(1701760286000)/",27950,1000,10486800,294247000000,-250,false,-0.89
"STB",141051,"/Date(1701760286000)/",27950,500,10485800,294219000000,-250,false,-0.89
"STB",141051,"/Date(1701760286000)/",27950,1000,10485300,294205000000,-250,false,-0.89
"STB",141051,"/Date(1701760285000)/",27950,5000,10484300,294177000000,-250,false,-0.89
"STB",141051,"/Date(1701760285000)/",27950,2400,10479300,294038000000,-250,false,-0.89
"STB",141051,"/Date(1701760285000)/",27950,100,10476900,293971000000,-250,false,-0.89
"STB",141051,"/Date(1701760285000)/",27950,1700,10476800,293968000000,-250,false,-0.89
"STB",141051,"/Date(1701760285000)/",27950,800,10475100,293920000000,-250,false,-0.89
"STB",141048,"/Date(1701760281000)/",27950,200,10474300,293898000000,-250,false,-0.89
"STB",141048,"/Date(1701760281000)/",27950,500,10474100,293892000000,-250,false,-0.89
"STB",141045,"/Date(1701760280000)/",27900,500,10473600,293878000000,-300,true,-1.06
"STB",141041,"/Date(1701760275000)/",27900,1600,10473100,293864000000,-300,true,-1.06
"STB",141035,"/Date(1701760269000)/",27950,200,10471500,293820000000,-250,false,-0.89
"STB",141035,"/Date(1701760269000)/",27900,300,10471300,293814000000,-300,true,-1.06
"STB",141035,"/Date(1701760269000)/",27900,200,10471000,293806000000,-300,true,-1.06
"STB",141029,"/Date(1701760262000)/",27950,1000,10470800,293800000000,-250,false,-0.89
"STB",141025,"/Date(1701760260000)/",27900,500,10469800,293772000000,-300,true,-1.06
"STB",141019,"/Date(1701760253000)/",27950,400,10469300,293758000000,-250,true,-0.89
"STB",141019,"/Date(1701760253000)/",27950,600,10468900,293747000000,-250,true,-0.89
"STB",141013,"/Date(1701760248000)/",27950,5000,10468300,293730000000,-250,false,-0.89
"STB",141013,"/Date(1701760247000)/",27950,400,10463300,293591000000,-250,false,-0.89
"STB",141013,"/Date(1701760247000)/",27950,1000,10462900,293579000000,-250,false,-0.89
"STB",141006,"/Date(1701760242000)/",27950,1000,10461900,293552000000,-250,false,-0.89
"STB",141006,"/Date(1701760241000)/",27900,100,10460900,293524000000,-300,true,-1.06
"STB",141006,"/Date(1701760239000)/",27950,2000,10460800,293521000000,-250,false,-0.89
"STB",141006,"/Date(1701760239000)/",27900,200,10458800,293465000000,-300,true,-1.06
"STB",141006,"/Date(1701760239000)/",27900,100,10458600,293459000000,-300,true,-1.06
"STB",141006,"/Date(1701760239000)/",27900,200,10458500,293456000000,-300,true,-1.06
"STB",141003,"/Date(1701760237000)/",27950,13800,10458300,293451000000,-250,true,-0.89
"STB",141003,"/Date(1701760236000)/",27950,500,10444500,293065000000,-250,true,-0.89
"STB",141000,"/Date(1701760233000)/",27950,700,10444000,293051000000,-250,true,-0.89
"STB",141000,"/Date(1701760233000)/",27950,500,10443300,293032000000,-250,true,-0.89
"STB",140953,"/Date(1701760229000)/",27950,500,10442800,293018000000,-250,false,-0.89
"STB",140950,"/Date(1701760223000)/",27900,300,10442300,293004000000,-300,true,-1.06
"STB",140950,"/Date(1701760223000)/",27900,100,10442000,292995000000,-300,true,-1.06
"STB",140950,"/Date(1701760223000)/",27900,100,10441900,292993000000,-300,true,-1.06
"STB",140947,"/Date(1701760221000)/",27900,300,10441800,292990000000,-300,true,-1.06
"STB",140947,"/Date(1701760221000)/",27900,100,10441500,292981000000,-300,true,-1.06
"STB",140947,"/Date(1701760221000)/",27950,500,10441400,292979000000,-250,false,-0.89
"STB",140947,"/Date(1701760221000)/",27950,400,10440900,292965000000,-250,false,-0.89
"STB",140941,"/Date(1701760215000)/",28000,200,10440500,292953000000,-200,false,-0.71
"STB",140941,"/Date(1701760215000)/",28000,800,10440300,292948000000,-200,false,-0.71
"STB",140937,"/Date(1701760212000)/",27950,500,10439500,292925000000,-250,true,-0.89
"STB",140937,"/Date(1701760210000)/",27950,9500,10439000,292911000000,-250,true,-0.89
"STB",140937,"/Date(1701760210000)/",27950,200,10429500,292646000000,-250,true,-0.89
"STB",140937,"/Date(1701760210000)/",27950,300,10429300,292640000000,-250,true,-0.89
"STB",140934,"/Date(1701760207000)/",27950,1700,10429000,292632000000,-250,true,-0.89
"STB",140934,"/Date(1701760207000)/",27950,100,10427300,292584000000,-250,true,-0.89
"STB",140934,"/Date(1701760207000)/",27950,800,10427200,292582000000,-250,true,-0.89
"STB",140928,"/Date(1701760203000)/",27950,100,10426400,292559000000,-250,true,-0.89
"STB",140928,"/Date(1701760203000)/",27950,100,10426300,292557000000,-250,true,-0.89
"STB",140928,"/Date(1701760203000)/",27950,300,10426200,292554000000,-250,true,-0.89
"STB",140925,"/Date(1701760200000)/",28000,100,10425900,292545000000,-200,false,-0.71
"STB",140921,"/Date(1701760197000)/",27950,4700,10425800,292543000000,-250,true,-0.89
"STB",140921,"/Date(1701760197000)/",27950,500,10421100,292411000000,-250,true,-0.89
"STB",140921,"/Date(1701760197000)/",27950,1300,10420600,292397000000,-250,true,-0.89
"STB",140921,"/Date(1701760197000)/",27950,1000,10419300,292361000000,-250,true,-0.89
"STB",140921,"/Date(1701760197000)/",27950,2500,10418300,292333000000,-250,true,-0.89
"STB",140909,"/Date(1701760183000)/",27950,100,10415800,292263000000,-250,true,-0.89
"STB",140909,"/Date(1701760182000)/",27950,500,10415700,292260000000,-250,true,-0.89
"STB",140905,"/Date(1701760178000)/",27950,500,10415200,292246000000,-250,true,-0.89
"STB",140859,"/Date(1701760174000)/",27950,5000,10414700,292232000000,-250,true,-0.89
"STB",140856,"/Date(1701760171000)/",27950,11400,10409700,292093000000,-250,true,-0.89
"STB",140856,"/Date(1701760171000)/",27950,200,10398300,291774000000,-250,true,-0.89
"STB",140856,"/Date(1701760171000)/",27950,1000,10398100,291768000000,-250,true,-0.89
"STB",140856,"/Date(1701760171000)/",27950,200,10397100,291740000000,-250,true,-0.89
"STB",140856,"/Date(1701760171000)/",27950,2000,10396900,291735000000,-250,true,-0.89
"STB",140856,"/Date(1701760171000)/",27950,3000,10394900,291679000000,-250,true,-0.89
"STB",140856,"/Date(1701760171000)/",27950,100,10391900,291595000000,-250,true,-0.89
"STB",140856,"/Date(1701760171000)/",27950,400,10391800,291592000000,-250,true,-0.89
"STB",140856,"/Date(1701760170000)/",28000,100,10391400,291581000000,-200,false,-0.71
"STB",140853,"/Date(1701760165000)/",27950,500,10391300,291578000000,-250,true,-0.89
"STB",140849,"/Date(1701760165000)/",28000,1500,10390800,291564000000,-200,false,-0.71
"STB",140843,"/Date(1701760156000)/",28000,100,10389300,291522000000,-200,false,-0.71
"STB",140843,"/Date(1701760156000)/",28000,200,10389200,291519000000,-200,false,-0.71
"STB",140840,"/Date(1701760154000)/",27950,100,10389000,291514000000,-250,true,-0.89
"STB",140840,"/Date(1701760154000)/",27950,400,10388900,291511000000,-250,true,-0.89
"STB",140840,"/Date(1701760153000)/",28000,300,10388500,291500000000,-200,false,-0.71
"STB",140840,"/Date(1701760153000)/",28000,200,10388200,291492000000,-200,false,-0.71
"STB",140840,"/Date(1701760153000)/",28000,1500,10388000,291486000000,-200,false,-0.71
"STB",140840,"/Date(1701760153000)/",28000,500,10386500,291444000000,-200,false,-0.71
"STB",140840,"/Date(1701760153000)/",28000,500,10386000,291430000000,-200,false,-0.71
"STB",140830,"/Date(1701760146000)/",27950,100,10385500,291416000000,-250,true,-0.89
"STB",140830,"/Date(1701760146000)/",27950,400,10385400,291413000000,-250,true,-0.89
"STB",140827,"/Date(1701760141000)/",27950,500,10385000,291402000000,-250,true,-0.89
"STB",140821,"/Date(1701760135000)/",28000,500,10384500,291388000000,-200,false,-0.71
"STB",140818,"/Date(1701760132000)/",28000,800,10384000,291374000000,-200,false,-0.71
"STB",140818,"/Date(1701760132000)/",28000,1900,10383200,291352000000,-200,false,-0.71
"STB",140818,"/Date(1701760132000)/",28000,100,10381300,291298000000,-200,false,-0.71
"STB",140818,"/Date(1701760132000)/",28000,500,10381200,291296000000,-200,false,-0.71
"STB",140818,"/Date(1701760132000)/",28000,2000,10380700,291282000000,-200,false,-0.71
"STB",140818,"/Date(1701760132000)/",28000,100,10378700,291226000000,-200,false,-0.71
"STB",140818,"/Date(1701760132000)/",28000,200,10378600,291223000000,-200,false,-0.71
"STB",140818,"/Date(1701760132000)/",28000,1000,10378400,291217000000,-200,false,-0.71
"STB",140818,"/Date(1701760132000)/",28000,100,10377400,291189000000,-200,false,-0.71
"STB",140818,"/Date(1701760132000)/",28000,200,10377300,291186000000,-200,false,-0.71
"STB",140818,"/Date(1701760132000)/",28000,1000,10377100,291181000000,-200,false,-0.71
"STB",140818,"/Date(1701760132000)/",28000,2000,10376100,291153000000,-200,false,-0.71
"STB",140818,"/Date(1701760132000)/",28000,1000,10374100,291097000000,-200,false,-0.71
"STB",140818,"/Date(1701760132000)/",28000,100,10373100,291069000000,-200,false,-0.71
"STB",140818,"/Date(1701760132000)/",28000,10000,10373000,291066000000,-200,false,-0.71
"STB",140818,"/Date(1701760132000)/",28000,2000,10363000,290786000000,-200,false,-0.71
"STB",140818,"/Date(1701760132000)/",28000,500,10361000,290730000000,-200,false,-0.71
"STB",140818,"/Date(1701760132000)/",28000,100,10360500,290716000000,-200,false,-0.71
"STB",140818,"/Date(1701760132000)/",28000,5000,10360400,290713000000,-200,false,-0.71
"STB",140818,"/Date(1701760132000)/",28000,500,10355400,290573000000,-200,false,-0.71
"STB",140818,"/Date(1701760132000)/",28000,5000,10354900,290559000000,-200,false,-0.71
"STB",140818,"/Date(1701760132000)/",28000,7500,10349900,290419000000,-200,false,-0.71
"STB",140818,"/Date(1701760132000)/",28000,100,10342400,290209000000,-200,false,-0.71
"STB",140818,"/Date(1701760132000)/",28000,1000,10342300,290206000000,-200,false,-0.71
"STB",140818,"/Date(1701760132000)/",28000,500,10341300,290178000000,-200,false,-0.71
"STB",140818,"/Date(1701760132000)/",28000,40000,10340800,290164000000,-200,false,-0.71
"STB",140818,"/Date(1701760132000)/",28000,300,10300800,289044000000,-200,false,-0.71
"STB",140818,"/Date(1701760132000)/",28000,500,10300500,289036000000,-200,false,-0.71
"STB",140818,"/Date(1701760132000)/",28000,10000,10300000,289022000000,-200,false,-0.71
"STB",140818,"/Date(1701760132000)/",28000,100,10290000,288742000000,-200,false,-0.71
"STB",140818,"/Date(1701760132000)/",28000,100,10289900,288739000000,-200,false,-0.71
"STB",140818,"/Date(1701760132000)/",28000,5300,10289800,288736000000,-200,false,-0.71
"STB",140818,"/Date(1701760132000)/",28000,2000,10284500,288588000000,-200,false,-0.71
"STB",140818,"/Date(1701760132000)/",28000,10000,10282500,288532000000,-200,false,-0.71
"STB",140818,"/Date(1701760132000)/",28000,300,10272500,288252000000,-200,false,-0.71
"STB",140818,"/Date(1701760132000)/",28000,1000,10272200,288244000000,-200,false,-0.71
"STB",140818,"/Date(1701760132000)/",28000,1000,10271200,288216000000,-200,false,-0.71
"STB",140818,"/Date(1701760132000)/",28000,1200,10270200,288188000000,-200,false,-0.71
"STB",140814,"/Date(1701760127000)/",27950,4100,10269000,288154000000,-250,true,-0.89
"STB",140814,"/Date(1701760127000)/",27950,300,10264900,288039000000,-250,true,-0.89
"STB",140758,"/Date(1701760113000)/",27950,1700,10264600,288031000000,-250,true,-0.89
"STB",140758,"/Date(1701760113000)/",27950,3300,10262900,287983000000,-250,true,-0.89
"STB",140758,"/Date(1701760111000)/",27950,100,10259600,287891000000,-250,true,-0.89
"STB",140755,"/Date(1701760110000)/",27950,100,10259500,287888000000,-250,true,-0.89
"STB",140755,"/Date(1701760109000)/",27950,500,10259400,287886000000,-250,true,-0.89
"STB",140752,"/Date(1701760106000)/",27950,500,10258900,287872000000,-250,true,-0.89
"STB",140752,"/Date(1701760105000)/",27950,200,10258400,287858000000,-250,true,-0.89
"STB",140752,"/Date(1701760105000)/",27950,1000,10258200,287852000000,-250,true,-0.89
"STB",140749,"/Date(1701760103000)/",28000,100,10257200,287824000000,-200,false,-0.71
"STB",140746,"/Date(1701760099000)/",27950,500,10257100,287821000000,-250,true,-0.89
"STB",140742,"/Date(1701760096000)/",27950,1300,10256600,287807000000,-250,true,-0.89
"STB",140739,"/Date(1701760093000)/",27950,500,10255300,287771000000,-250,true,-0.89
"STB",140733,"/Date(1701760082000)/",27950,500,10254800,287757000000,-250,true,-0.89
"STB",140726,"/Date(1701760082000)/",27950,1800,10254300,287743000000,-250,true,-0.89
"STB",140720,"/Date(1701760074000)/",27950,1000,10252500,287693000000,-250,true,-0.89
"STB",140720,"/Date(1701760073000)/",27950,500,10251500,287665000000,-250,true,-0.89
"STB",140720,"/Date(1701760072000)/",27950,200,10251000,287651000000,-250,true,-0.89
"STB",140707,"/Date(1701760063000)/",27950,5000,10250800,287645000000,-250,true,-0.89
"STB",140707,"/Date(1701760062000)/",27950,3000,10245800,287506000000,-250,true,-0.89
"STB",140707,"/Date(1701760061000)/",27950,500,10242800,287422000000,-250,true,-0.89
"STB",140701,"/Date(1701760054000)/",27950,100,10242300,287408000000,-250,true,-0.89
"STB",140658,"/Date(1701760052000)/",27950,500,10242200,287405000000,-250,true,-0.89
"STB",140658,"/Date(1701760051000)/",27950,500,10241700,287391000000,-250,true,-0.89
"STB",140658,"/Date(1701760050000)/",27950,500,10241200,287377000000,-250,true,-0.89
"STB",140655,"/Date(1701760050000)/",27950,500,10240700,287363000000,-250,true,-0.89
"STB",140655,"/Date(1701760050000)/",27950,2400,10240200,287349000000,-250,true,-0.89
"STB",140655,"/Date(1701760050000)/",27950,3000,10237800,287282000000,-250,true,-0.89
"STB",140655,"/Date(1701760050000)/",27950,100,10234800,287198000000,-250,true,-0.89
"STB",140655,"/Date(1701760050000)/",27950,1000,10234700,287195000000,-250,true,-0.89
"STB",140655,"/Date(1701760050000)/",27950,1800,10233700,287167000000,-250,true,-0.89
"STB",140655,"/Date(1701760050000)/",27950,34000,10231900,287117000000,-250,true,-0.89
"STB",140655,"/Date(1701760050000)/",27950,1800,10197900,286167000000,-250,true,-0.89
"STB",140655,"/Date(1701760050000)/",27950,2000,10196100,286116000000,-250,true,-0.89
"STB",140655,"/Date(1701760050000)/",27950,2000,10194100,286060000000,-250,true,-0.89
"STB",140655,"/Date(1701760050000)/",27950,1000,10192100,286005000000,-250,true,-0.89
"STB",140655,"/Date(1701760050000)/",27950,25000,10191100,285977000000,-250,true,-0.89
"STB",140655,"/Date(1701760050000)/",27950,5000,10166100,285278000000,-250,true,-0.89
"STB",140655,"/Date(1701760050000)/",27950,2000,10161100,285138000000,-250,true,-0.89
"STB",140655,"/Date(1701760050000)/",27950,600,10159100,285082000000,-250,true,-0.89
"STB",140655,"/Date(1701760050000)/",27950,15700,10158500,285065000000,-250,true,-0.89
"STB",140655,"/Date(1701760047000)/",27900,100,10142800,284627000000,-300,true,-1.06
"STB",140651,"/Date(1701760046000)/",27900,1000,10142700,284624000000,-300,true,-1.06
"STB",140648,"/Date(1701760042000)/",27900,500,10141700,284596000000,-300,true,-1.06
"STB",140648,"/Date(1701760041000)/",27900,400,10141200,284582000000,-300,true,-1.06
"STB",140642,"/Date(1701760037000)/",27900,500,10140800,284571000000,-300,true,-1.06
"STB",140642,"/Date(1701760034000)/",27900,1000,10140300,284557000000,-300,true,-1.06
"STB",140632,"/Date(1701760026000)/",27900,500,10139300,284529000000,-300,true,-1.06
"STB",140622,"/Date(1701760017000)/",27900,500,10138800,284515000000,-300,true,-1.06
"STB",140622,"/Date(1701760017000)/",27900,5000,10138300,284501000000,-300,true,-1.06
"STB",140619,"/Date(1701760012000)/",27900,7100,10133300,284362000000,-300,true,-1.06
"STB",140619,"/Date(1701760012000)/",27900,100,10126200,284164000000,-300,true,-1.06
"STB",140619,"/Date(1701760012000)/",27900,300,10126100,284161000000,-300,true,-1.06
"STB",140613,"/Date(1701760007000)/",27950,100,10125800,284152000000,-250,false,-0.89
"STB",140610,"/Date(1701760005000)/",27900,200,10125700,284150000000,-300,true,-1.06
"STB",140610,"/Date(1701760005000)/",27900,200,10125500,284144000000,-300,true,-1.06
"STB",140610,"/Date(1701760005000)/",27900,200,10125300,284138000000,-300,true,-1.06
"STB",140607,"/Date(1701760002000)/",27900,200,10125100,284133000000,-300,true,-1.06
"STB",140607,"/Date(1701759999000)/",27900,100,10124900,284127000000,-300,true,-1.06
"STB",140607,"/Date(1701759999000)/",27900,1000,10124800,284124000000,-300,true,-1.06
"STB",140607,"/Date(1701759999000)/",27900,100,10123800,284097000000,-300,true,-1.06
"STB",140607,"/Date(1701759999000)/",27900,2800,10123700,284094000000,-300,true,-1.06
"STB",140603,"/Date(1701759996000)/",27900,1000,10120900,284016000000,-300,true,-1.06
"STB",140603,"/Date(1701759996000)/",27950,1300,10119900,283988000000,-250,false,-0.89
"STB",140600,"/Date(1701759995000)/",27900,100,10118600,283951000000,-300,false,-1.06
"STB",140600,"/Date(1701759995000)/",27900,3000,10118500,283949000000,-300,false,-1.06
"STB",140600,"/Date(1701759994000)/",27900,500,10115500,283865000000,-300,false,-1.06
"STB",140557,"/Date(1701759992000)/",27900,200,10115000,283851000000,-300,false,-1.06
"STB",140557,"/Date(1701759992000)/",27900,300,10114800,283845000000,-300,false,-1.06
"STB",140557,"/Date(1701759992000)/",27900,100,10114500,283837000000,-300,false,-1.06
"STB",140557,"/Date(1701759991000)/",27850,500,10114400,283834000000,-350,true,-1.24
"STB",140557,"/Date(1701759990000)/",27900,900,10113900,283820000000,-300,false,-1.06
"STB",140557,"/Date(1701759990000)/",27900,100,10113000,283795000000,-300,false,-1.06
"STB",140557,"/Date(1701759990000)/",27900,1000,10112900,283792000000,-300,false,-1.06
"STB",140557,"/Date(1701759990000)/",27900,6000,10111900,283765000000,-300,false,-1.06
"STB",140557,"/Date(1701759990000)/",27900,700,10105900,283597000000,-300,false,-1.06
"STB",140557,"/Date(1701759990000)/",27900,500,10105200,283578000000,-300,false,-1.06
"STB",140557,"/Date(1701759990000)/",27900,800,10104700,283564000000,-300,false,-1.06
"STB",140557,"/Date(1701759990000)/",27900,300,10103900,283541000000,-300,false,-1.06
"STB",140557,"/Date(1701759990000)/",27900,200,10103600,283533000000,-300,false,-1.06
"STB",140554,"/Date(1701759988000)/",27900,800,10103400,283527000000,-300,false,-1.06
"STB",140554,"/Date(1701759988000)/",27900,1700,10102600,283505000000,-300,false,-1.06
"STB",140554,"/Date(1701759986000)/",27900,400,10100900,283458000000,-300,false,-1.06
"STB",140554,"/Date(1701759986000)/",27900,600,10100500,283446000000,-300,false,-1.06
"STB",140554,"/Date(1701759986000)/",27900,1800,10099900,283430000000,-300,false,-1.06
"STB",140554,"/Date(1701759986000)/",27900,1900,10098100,283379000000,-300,false,-1.06
"STB",140554,"/Date(1701759986000)/",27900,1800,10096200,283326000000,-300,false,-1.06
"STB",140554,"/Date(1701759986000)/",27900,50000,10094400,283276000000,-300,false,-1.06
"STB",140554,"/Date(1701759986000)/",27900,44500,10044400,281881000000,-300,false,-1.06
"STB",140551,"/Date(1701759985000)/",27900,6200,9999900,280640000000,-300,false,-1.06
"STB",140551,"/Date(1701759985000)/",27900,1000,9993700,280467000000,-300,false,-1.06
"STB",140551,"/Date(1701759983000)/",27850,500,9992700,280439000000,-350,true,-1.24
"STB",140551,"/Date(1701759983000)/",27900,1300,9992200,280425000000,-300,false,-1.06
"STB",140547,"/Date(1701759981000)/",27900,300,9990900,280389000000,-300,false,-1.06
"STB",140547,"/Date(1701759980000)/",27850,3200,9990600,280380000000,-350,true,-1.24
"STB",140544,"/Date(1701759979000)/",27900,50000,9987400,280291000000,-300,false,-1.06
"STB",140544,"/Date(1701759977000)/",27850,500,9937400,278896000000,-350,true,-1.24
"STB",140541,"/Date(1701759976000)/",27900,3000,9936900,278882000000,-300,false,-1.06
"STB",140535,"/Date(1701759967000)/",27850,500,9933900,278799000000,-350,true,-1.24
"STB",140531,"/Date(1701759965000)/",27900,1000,9933400,278785000000,-300,false,-1.06
"STB",140531,"/Date(1701759965000)/",27900,700,9932400,278757000000,-300,false,-1.06
"STB",140531,"/Date(1701759965000)/",27900,4900,9931700,278737000000,-300,false,-1.06
"STB",140528,"/Date(1701759963000)/",27850,1000,9926800,278600000000,-350,true,-1.24
"STB",140528,"/Date(1701759961000)/",27900,14200,9925800,278573000000,-300,false,-1.06
"STB",140528,"/Date(1701759961000)/",27900,5000,9911600,278176000000,-300,false,-1.06
"STB",140528,"/Date(1701759961000)/",27900,30800,9906600,278037000000,-300,false,-1.06
"STB",140528,"/Date(1701759961000)/",27900,700,9875800,277178000000,-300,false,-1.06
"STB",140525,"/Date(1701759959000)/",27850,1000,9875100,277158000000,-350,true,-1.24
"STB",140525,"/Date(1701759958000)/",27900,2000,9874100,277130000000,-300,false,-1.06
"STB",140522,"/Date(1701759957000)/",27850,500,9872100,277074000000,-350,true,-1.24
"STB",140522,"/Date(1701759955000)/",27850,1000,9871600,277060000000,-350,true,-1.24
"STB",140519,"/Date(1701759953000)/",27850,500,9870600,277033000000,-350,true,-1.24
"STB",140519,"/Date(1701759953000)/",27850,3600,9870100,277019000000,-350,true,-1.24
"STB",140515,"/Date(1701759950000)/",27850,2000,9866500,276918000000,-350,true,-1.24
"STB",140512,"/Date(1701759947000)/",27850,900,9864500,276863000000,-350,true,-1.24
"STB",140506,"/Date(1701759939000)/",27850,3000,9863600,276838000000,-350,true,-1.24
"STB",140503,"/Date(1701759938000)/",27850,1700,9860600,276754000000,-350,true,-1.24
"STB",140453,"/Date(1701759928000)/",27900,3100,9858900,276707000000,-300,false,-1.06
"STB",140453,"/Date(1701759927000)/",27850,100,9855800,276620000000,-350,true,-1.24
"STB",140453,"/Date(1701759926000)/",27850,3500,9855700,276618000000,-350,true,-1.24
"STB",140453,"/Date(1701759925000)/",27850,300,9852200,276520000000,-350,true,-1.24
"STB",140453,"/Date(1701759925000)/",27850,200,9851900,276512000000,-350,true,-1.24
"STB",140450,"/Date(1701759925000)/",27900,1400,9851700,276506000000,-300,false,-1.06
"STB",140450,"/Date(1701759923000)/",27850,300,9850300,276467000000,-350,true,-1.24
"STB",140450,"/Date(1701759923000)/",27850,200,9850000,276459000000,-350,true,-1.24
"STB",140447,"/Date(1701759920000)/",27850,1800,9849800,276453000000,-350,true,-1.24
"STB",140447,"/Date(1701759920000)/",27850,100,9848000,276403000000,-350,true,-1.24
"STB",140447,"/Date(1701759919000)/",27850,3000,9847900,276400000000,-350,true,-1.24
"STB",140443,"/Date(1701759917000)/",27850,1900,9844900,276317000000,-350,true,-1.24
"STB",140443,"/Date(1701759917000)/",27850,100,9843000,276264000000,-350,true,-1.24
"STB",140440,"/Date(1701759915000)/",27850,500,9842900,276261000000,-350,true,-1.24
"STB",140440,"/Date(1701759912000)/",27850,1000,9842400,276247000000,-350,true,-1.24
"STB",140437,"/Date(1701759911000)/",27900,100,9841400,276219000000,-300,false,-1.06
"STB",140437,"/Date(1701759909000)/",27850,500,9841300,276216000000,-350,true,-1.24
"STB",140431,"/Date(1701759904000)/",27850,2900,9840800,276202000000,-350,true,-1.24
"STB",140431,"/Date(1701759904000)/",27850,1000,9837900,276122000000,-350,true,-1.24
"STB",140431,"/Date(1701759904000)/",27850,100,9836900,276094000000,-350,true,-1.24
"STB",140427,"/Date(1701759900000)/",27850,200,9836800,276091000000,-350,true,-1.24
"STB",140427,"/Date(1701759900000)/",27850,300,9836600,276086000000,-350,true,-1.24
"STB",140427,"/Date(1701759900000)/",27850,900,9836300,276077000000,-350,true,-1.24
"STB",140424,"/Date(1701759899000)/",27850,500,9835400,276052000000,-350,true,-1.24
"STB",140424,"/Date(1701759897000)/",27850,1000,9834900,276038000000,-350,true,-1.24
"STB",140421,"/Date(1701759895000)/",27850,1000,9833900,276010000000,-350,true,-1.24
"STB",140421,"/Date(1701759893000)/",27850,1000,9832900,275982000000,-350,true,-1.24
"STB",140418,"/Date(1701759891000)/",27850,500,9831900,275955000000,-350,true,-1.24
"STB",140415,"/Date(1701759890000)/",27850,100,9831400,275941000000,-350,true,-1.24
"STB",140415,"/Date(1701759890000)/",27850,100,9831300,275938000000,-350,true,-1.24
"STB",140415,"/Date(1701759890000)/",27850,300,9831200,275935000000,-350,true,-1.24
"STB",140415,"/Date(1701759889000)/",27850,200,9830900,275927000000,-350,true,-1.24
"STB",140415,"/Date(1701759889000)/",27850,800,9830700,275921000000,-350,true,-1.24
"STB",140415,"/Date(1701759889000)/",27850,1000,9829900,275899000000,-350,true,-1.24
"STB",140415,"/Date(1701759889000)/",27850,1000,9828900,275871000000,-350,true,-1.24
"STB",140415,"/Date(1701759888000)/",27850,3900,9827900,275843000000,-350,true,-1.24
"STB",140411,"/Date(1701759886000)/",27850,1300,9824000,275735000000,-350,true,-1.24
"STB",140411,"/Date(1701759886000)/",27850,1000,9822700,275698000000,-350,true,-1.24
"STB",140402,"/Date(1701759875000)/",27850,1000,9821700,275671000000,-350,true,-1.24
"STB",140359,"/Date(1701759872000)/",27850,800,9820700,275643000000,-350,true,-1.24
"STB",140359,"/Date(1701759872000)/",27850,500,9819900,275620000000,-350,true,-1.24
"STB",140359,"/Date(1701759872000)/",27850,100,9819400,275606000000,-350,true,-1.24
"STB",140359,"/Date(1701759872000)/",27850,100,9819300,275604000000,-350,true,-1.24
"STB",140359,"/Date(1701759871000)/",27850,100,9819200,275601000000,-350,true,-1.24
"STB",140359,"/Date(1701759871000)/",27850,200,9819100,275598000000,-350,true,-1.24
"STB",140359,"/Date(1701759871000)/",27850,500,9818900,275593000000,-350,true,-1.24
"STB",140359,"/Date(1701759871000)/",27850,100,9818400,275579000000,-350,true,-1.24
"STB",140359,"/Date(1701759871000)/",27850,100,9818300,275576000000,-350,true,-1.24
"STB",140359,"/Date(1701759871000)/",27850,100,9818200,275573000000,-350,true,-1.24
"STB",140359,"/Date(1701759871000)/",27850,200,9818100,275570000000,-350,true,-1.24
"STB",140359,"/Date(1701759871000)/",27850,500,9817900,275565000000,-350,true,-1.24
"STB",140359,"/Date(1701759871000)/",27850,500,9817400,275551000000,-350,true,-1.24
"STB",140359,"/Date(1701759871000)/",27850,2000,9816900,275537000000,-350,true,-1.24
"STB",140359,"/Date(1701759871000)/",27850,300,9814900,275481000000,-350,true,-1.24
"STB",140355,"/Date(1701759870000)/",27850,10000,9814600,275473000000,-350,true,-1.24
"STB",140355,"/Date(1701759869000)/",27850,100,9804600,275194000000,-350,true,-1.24
"STB",140355,"/Date(1701759868000)/",27850,1600,9804500,275192000000,-350,true,-1.24
"STB",140355,"/Date(1701759868000)/",27850,100,9802900,275147000000,-350,true,-1.24
"STB",140352,"/Date(1701759867000)/",27850,400,9802800,275144000000,-350,true,-1.24
"STB",140352,"/Date(1701759867000)/",27850,100,9802400,275133000000,-350,true,-1.24
"STB",140352,"/Date(1701759865000)/",27850,500,9802300,275130000000,-350,true,-1.24
"STB",140346,"/Date(1701759860000)/",27850,400,9801800,275116000000,-350,true,-1.24
"STB",140346,"/Date(1701759860000)/",27850,500,9801400,275105000000,-350,true,-1.24
"STB",140346,"/Date(1701759860000)/",27850,1100,9800900,275091000000,-350,true,-1.24
"STB",140346,"/Date(1701759860000)/",27850,2500,9799800,275061000000,-350,true,-1.24
"STB",140343,"/Date(1701759858000)/",27850,2500,9797300,274991000000,-350,true,-1.24
"STB",140343,"/Date(1701759858000)/",27850,2000,9794800,274921000000,-350,true,-1.24
"STB",140343,"/Date(1701759858000)/",27850,100,9792800,274866000000,-350,true,-1.24
"STB",140343,"/Date(1701759858000)/",27850,100,9792700,274863000000,-350,true,-1.24
"STB",140343,"/Date(1701759858000)/",27850,3000,9792600,274860000000,-350,true,-1.24
"STB",140343,"/Date(1701759858000)/",27850,100,9789600,274777000000,-350,true,-1.24
"STB",140343,"/Date(1701759858000)/",27850,7200,9789500,274774000000,-350,true,-1.24
"STB",140343,"/Date(1701759857000)/",27850,500,9782300,274573000000,-350,true,-1.24
"STB",140343,"/Date(1701759857000)/",27900,200,9781800,274559000000,-300,false,-1.06
"STB",140343,"/Date(1701759857000)/",27850,3700,9781600,274554000000,-350,true,-1.24
"STB",140339,"/Date(1701759854000)/",27850,3000,9777900,274451000000,-350,true,-1.24
"STB",140339,"/Date(1701759853000)/",27850,100,9774900,274367000000,-350,true,-1.24
"STB",140339,"/Date(1701759852000)/",27850,500,9774800,274364000000,-350,true,-1.24
"STB",140333,"/Date(1701759846000)/",27850,2000,9774300,274350000000,-350,true,-1.24
"STB",140330,"/Date(1701759844000)/",27850,500,9772300,274295000000,-350,true,-1.24
"STB",140327,"/Date(1701759841000)/",27850,500,9771800,274281000000,-350,true,-1.24
"STB",140320,"/Date(1701759832000)/",27850,500,9771300,274267000000,-350,true,-1.24
"STB",140314,"/Date(1701759827000)/",27850,1000,9770800,274253000000,-350,true,-1.24
"STB",140311,"/Date(1701759826000)/",27850,500,9769800,274225000000,-350,true,-1.24
"STB",140311,"/Date(1701759826000)/",27850,500,9769300,274211000000,-350,true,-1.24
"STB",140304,"/Date(1701759818000)/",27850,1500,9768800,274197000000,-350,true,-1.24
"STB",140304,"/Date(1701759818000)/",27850,2000,9767300,274155000000,-350,true,-1.24
"STB",140304,"/Date(1701759817000)/",27850,6000,9765300,274100000000,-350,true,-1.24
"STB",140301,"/Date(1701759815000)/",27900,100,9759300,273933000000,-300,false,-1.06
"STB",140301,"/Date(1701759815000)/",27850,8000,9759200,273930000000,-350,true,-1.24
"STB",140301,"/Date(1701759814000)/",27850,100,9751200,273707000000,-350,true,-1.24
"STB",140258,"/Date(1701759812000)/",27850,500,9751100,273704000000,-350,true,-1.24
"STB",140258,"/Date(1701759811000)/",27850,1000,9750600,273690000000,-350,true,-1.24
"STB",140258,"/Date(1701759810000)/",27850,500,9749600,273663000000,-350,true,-1.24
"STB",140252,"/Date(1701759805000)/",27850,1900,9749100,273649000000,-350,true,-1.24
"STB",140252,"/Date(1701759805000)/",27850,100,9747200,273596000000,-350,true,-1.24
"STB",140248,"/Date(1701759803000)/",27850,700,9747100,273593000000,-350,true,-1.24
"STB",140248,"/Date(1701759803000)/",27850,1000,9746400,273573000000,-350,true,-1.24
"STB",140248,"/Date(1701759803000)/",27850,300,9745400,273546000000,-350,true,-1.24
"STB",140248,"/Date(1701759803000)/",27900,500,9745100,273537000000,-300,false,-1.06
"STB",140248,"/Date(1701759803000)/",27850,600,9744600,273523000000,-350,true,-1.24
"STB",140248,"/Date(1701759803000)/",27850,800,9744000,273507000000,-350,true,-1.24
"STB",140248,"/Date(1701759802000)/",27850,200,9743200,273484000000,-350,true,-1.24
"STB",140248,"/Date(1701759802000)/",27850,100,9743000,273479000000,-350,true,-1.24
"STB",140248,"/Date(1701759802000)/",27850,200,9742900,273476000000,-350,true,-1.24
"STB",140248,"/Date(1701759800000)/",27850,200,9742700,273470000000,-350,true,-1.24
"STB",140248,"/Date(1701759800000)/",27850,1800,9742500,273465000000,-350,true,-1.24
"STB",140242,"/Date(1701759796000)/",27850,500,9740700,273415000000,-350,true,-1.24
"STB",140242,"/Date(1701759795000)/",27850,2700,9740200,273401000000,-350,true,-1.24
"STB",140239,"/Date(1701759794000)/",27850,1000,9737500,273326000000,-350,true,-1.24
"STB",140239,"/Date(1701759791000)/",27850,4000,9736500,273298000000,-350,true,-1.24
"STB",140236,"/Date(1701759790000)/",27850,100,9732500,273186000000,-350,true,-1.24
"STB",140236,"/Date(1701759790000)/",27850,100,9732400,273184000000,-350,true,-1.24
"STB",140236,"/Date(1701759790000)/",27850,1800,9732300,273181000000,-350,true,-1.24
"STB",140236,"/Date(1701759789000)/",27850,200,9730500,273131000000,-350,true,-1.24
"STB",140236,"/Date(1701759789000)/",27850,400,9730300,273125000000,-350,true,-1.24
"STB",140236,"/Date(1701759789000)/",27850,100,9729900,273114000000,-350,true,-1.24
"STB",140236,"/Date(1701759789000)/",27850,100,9729800,273111000000,-350,true,-1.24
"STB",140236,"/Date(1701759789000)/",27850,100,9729700,273108000000,-350,true,-1.24
"STB",140236,"/Date(1701759789000)/",27850,400,9729600,273106000000,-350,true,-1.24
"STB",140232,"/Date(1701759786000)/",27850,500,9729200,273094000000,-350,true,-1.24
"STB",140226,"/Date(1701759779000)/",27850,100,9728700,273080000000,-350,true,-1.24
"STB",140226,"/Date(1701759779000)/",27850,500,9728600,273078000000,-350,true,-1.24
"STB",140226,"/Date(1701759779000)/",27850,400,9728100,273064000000,-350,true,-1.24
"STB",140223,"/Date(1701759777000)/",27850,500,9727700,273053000000,-350,true,-1.24
"STB",140223,"/Date(1701759775000)/",27850,100,9727200,273039000000,-350,true,-1.24
"STB",140223,"/Date(1701759775000)/",27850,100,9727100,273036000000,-350,true,-1.24
"STB",140223,"/Date(1701759775000)/",27850,100,9727000,273033000000,-350,true,-1.24
"STB",140223,"/Date(1701759775000)/",27850,2800,9726900,273030000000,-350,true,-1.24
"STB",140220,"/Date(1701759774000)/",27850,1400,9724100,272952000000,-350,true,-1.24
"STB",140213,"/Date(1701759768000)/",27850,800,9722700,272913000000,-350,true,-1.24
"STB",140213,"/Date(1701759768000)/",27850,100,9721900,272891000000,-350,true,-1.24
"STB",140213,"/Date(1701759768000)/",27850,100,9721800,272888000000,-350,true,-1.24
"STB",140207,"/Date(1701759760000)/",27850,100,9721700,272886000000,-350,true,-1.24
"STB",140207,"/Date(1701759760000)/",27850,500,9721600,272883000000,-350,true,-1.24
"STB",140207,"/Date(1701759760000)/",27850,300,9721100,272869000000,-350,true,-1.24
"STB",140207,"/Date(1701759760000)/",27850,100,9720800,272860000000,-350,true,-1.24
"STB",140207,"/Date(1701759760000)/",27850,100,9720700,272858000000,-350,true,-1.24
"STB",140207,"/Date(1701759760000)/",27850,100,9720600,272855000000,-350,true,-1.24
"STB",140207,"/Date(1701759760000)/",27850,100,9720500,272852000000,-350,true,-1.24
"STB",140207,"/Date(1701759760000)/",27850,100,9720400,272849000000,-350,true,-1.24
"STB",140207,"/Date(1701759760000)/",27850,100,9720300,272847000000,-350,true,-1.24
"STB",140207,"/Date(1701759760000)/",27850,2300,9720200,272844000000,-350,true,-1.24
"STB",140204,"/Date(1701759759000)/",27900,5000,9717900,272780000000,-300,false,-1.06
"STB",140200,"/Date(1701759754000)/",27850,700,9712900,272640000000,-350,true,-1.24
"STB",140200,"/Date(1701759754000)/",27850,100,9712200,272621000000,-350,true,-1.24
"STB",140200,"/Date(1701759754000)/",27850,2300,9712100,272618000000,-350,true,-1.24
"STB",140157,"/Date(1701759750000)/",27850,700,9709800,272554000000,-350,true,-1.24
"STB",140157,"/Date(1701759750000)/",27850,1000,9709100,272534000000,-350,true,-1.24
"STB",140157,"/Date(1701759750000)/",27850,5000,9708100,272506000000,-350,true,-1.24
"STB",140157,"/Date(1701759750000)/",27850,300,9703100,272367000000,-350,true,-1.24
"STB",140154,"/Date(1701759748000)/",27900,100,9702800,272359000000,-300,false,-1.06
"STB",140154,"/Date(1701759747000)/",27850,700,9702700,272356000000,-350,true,-1.24
"STB",140154,"/Date(1701759747000)/",27850,1000,9702000,272337000000,-350,true,-1.24
"STB",140154,"/Date(1701759747000)/",27850,500,9701000,272309000000,-350,true,-1.24
"STB",140154,"/Date(1701759747000)/",27850,200,9700500,272295000000,-350,true,-1.24
"STB",140154,"/Date(1701759747000)/",27850,700,9700300,272289000000,-350,true,-1.24
"STB",140154,"/Date(1701759746000)/",27850,100,9699600,272270000000,-350,true,-1.24
"STB",140154,"/Date(1701759746000)/",27850,400,9699500,272267000000,-350,true,-1.24
"STB",140154,"/Date(1701759746000)/",27850,1000,9699100,272256000000,-350,true,-1.24
"STB",140151,"/Date(1701759745000)/",27850,100,9698100,272228000000,-350,true,-1.24
"STB",140148,"/Date(1701759742000)/",27850,400,9698000,272225000000,-350,true,-1.24
"STB",140148,"/Date(1701759742000)/",27850,100,9697600,272214000000,-350,true,-1.24
"STB",140148,"/Date(1701759741000)/",27850,100,9697500,272211000000,-350,true,-1.24
"STB",140148,"/Date(1701759741000)/",27850,300,9697400,272208000000,-350,true,-1.24
"STB",140148,"/Date(1701759741000)/",27850,100,9697100,272200000000,-350,true,-1.24
"STB",140148,"/Date(1701759741000)/",27850,300,9697000,272197000000,-350,true,-1.24
"STB",140148,"/Date(1701759741000)/",27850,600,9696700,272189000000,-350,true,-1.24
"STB",140148,"/Date(1701759741000)/",27850,100,9696100,272172000000,-350,true,-1.24
"STB",140148,"/Date(1701759741000)/",27850,200,9696000,272170000000,-350,true,-1.24
"STB",140148,"/Date(1701759741000)/",27850,1000,9695800,272164000000,-350,true,-1.24
"STB",140148,"/Date(1701759741000)/",27850,1900,9694800,272136000000,-350,true,-1.24
"STB",140148,"/Date(1701759740000)/",27850,500,9692900,272083000000,-350,true,-1.24
"STB",140145,"/Date(1701759738000)/",27850,500,9692400,272069000000,-350,true,-1.24
"STB",140145,"/Date(1701759736000)/",27850,2000,9691900,272055000000,-350,true,-1.24
"STB",140145,"/Date(1701759736000)/",27850,200,9689900,272000000000,-350,true,-1.24
"STB",140145,"/Date(1701759736000)/",27850,100,9689700,271994000000,-350,true,-1.24
"STB",140145,"/Date(1701759736000)/",27850,100,9689600,271991000000,-350,true,-1.24
"STB",140145,"/Date(1701759736000)/",27850,200,9689500,271988000000,-350,true,-1.24
"STB",140145,"/Date(1701759736000)/",27850,1400,9689300,271983000000,-350,true,-1.24
"STB",140145,"/Date(1701759736000)/",27850,1000,9687900,271944000000,-350,true,-1.24
"STB",140141,"/Date(1701759734000)/",27850,1000,9686900,271916000000,-350,true,-1.24
"STB",140141,"/Date(1701759734000)/",27850,2100,9685900,271888000000,-350,true,-1.24
"STB",140141,"/Date(1701759734000)/",27850,1000,9683800,271830000000,-350,true,-1.24
"STB",140138,"/Date(1701759731000)/",27850,1500,9682800,271802000000,-350,true,-1.24
"STB",140135,"/Date(1701759730000)/",27850,400,9681300,271760000000,-350,true,-1.24
"STB",140135,"/Date(1701759730000)/",27850,500,9680900,271749000000,-350,true,-1.24
"STB",140135,"/Date(1701759730000)/",27850,100,9680400,271735000000,-350,true,-1.24
"STB",140132,"/Date(1701759726000)/",27850,200,9680300,271732000000,-350,true,-1.24
"STB",140132,"/Date(1701759726000)/",27850,300,9680100,271727000000,-350,true,-1.24
"STB",140132,"/Date(1701759725000)/",27900,1000,9679800,271718000000,-300,false,-1.06
"STB",140129,"/Date(1701759723000)/",27900,100,9678800,271690000000,-300,false,-1.06
"STB",140129,"/Date(1701759722000)/",27850,500,9678700,271688000000,-350,true,-1.24
"STB",140129,"/Date(1701759722000)/",27850,500,9678200,271674000000,-350,true,-1.24
"STB",140129,"/Date(1701759720000)/",27850,1400,9677700,271660000000,-350,true,-1.24
"STB",140125,"/Date(1701759719000)/",27900,100,9676300,271621000000,-300,false,-1.06
"STB",140125,"/Date(1701759717000)/",27850,100,9676200,271618000000,-350,true,-1.24
"STB",140125,"/Date(1701759717000)/",27850,400,9676100,271615000000,-350,true,-1.24
"STB",140116,"/Date(1701759710000)/",27900,200,9675700,271604000000,-300,true,-1.06
"STB",140116,"/Date(1701759710000)/",27900,100,9675500,271599000000,-300,true,-1.06
"STB",140116,"/Date(1701759710000)/",27900,1000,9675400,271596000000,-300,true,-1.06
"STB",140116,"/Date(1701759710000)/",27900,200,9674400,271568000000,-300,true,-1.06
"STB",140116,"/Date(1701759710000)/",27900,1000,9674200,271562000000,-300,true,-1.06
"STB",140116,"/Date(1701759710000)/",27900,500,9673200,271534000000,-300,true,-1.06
"STB",140116,"/Date(1701759710000)/",27900,500,9672700,271520000000,-300,true,-1.06
"STB",140116,"/Date(1701759710000)/",27900,2000,9672200,271506000000,-300,true,-1.06
"STB",140116,"/Date(1701759710000)/",27900,100,9670200,271451000000,-300,true,-1.06
"STB",140116,"/Date(1701759710000)/",27900,5000,9670100,271448000000,-300,true,-1.06
"STB",140116,"/Date(1701759710000)/",27900,5000,9665100,271308000000,-300,true,-1.06
"STB",140116,"/Date(1701759710000)/",27900,1500,9660100,271169000000,-300,true,-1.06
"STB",140116,"/Date(1701759710000)/",27900,200,9658600,271127000000,-300,true,-1.06
"STB",140116,"/Date(1701759710000)/",27900,5000,9658400,271121000000,-300,true,-1.06
"STB",140116,"/Date(1701759710000)/",27900,100,9653400,270982000000,-300,true,-1.06
"STB",140116,"/Date(1701759710000)/",27900,1000,9653300,270979000000,-300,true,-1.06
"STB",140116,"/Date(1701759710000)/",27900,200,9652300,270951000000,-300,true,-1.06
"STB",140116,"/Date(1701759710000)/",27900,5000,9652100,270946000000,-300,true,-1.06
"STB",140116,"/Date(1701759710000)/",27900,500,9647100,270806000000,-300,true,-1.06
"STB",140116,"/Date(1701759710000)/",27900,100,9646600,270792000000,-300,true,-1.06
"STB",140116,"/Date(1701759710000)/",27900,500,9646500,270789000000,-300,true,-1.06
"STB",140116,"/Date(1701759710000)/",27900,100,9646000,270775000000,-300,true,-1.06
"STB",140116,"/Date(1701759710000)/",27900,500,9645900,270773000000,-300,true,-1.06
"STB",140116,"/Date(1701759710000)/",27900,400,9645400,270759000000,-300,true,-1.06
"STB",140116,"/Date(1701759710000)/",27900,1000,9645000,270748000000,-300,true,-1.06
"STB",140116,"/Date(1701759710000)/",27900,500,9644000,270720000000,-300,true,-1.06
"STB",140116,"/Date(1701759710000)/",27900,500,9643500,270706000000,-300,true,-1.06
"STB",140116,"/Date(1701759710000)/",27900,3000,9643000,270692000000,-300,true,-1.06
"STB",140116,"/Date(1701759710000)/",27900,200,9640000,270608000000,-300,true,-1.06
"STB",140116,"/Date(1701759710000)/",27900,800,9639800,270602000000,-300,true,-1.06
"STB",140116,"/Date(1701759710000)/",27900,500,9639000,270580000000,-300,true,-1.06
"STB",140116,"/Date(1701759710000)/",27900,400,9638500,270566000000,-300,true,-1.06
"STB",140116,"/Date(1701759710000)/",27900,200,9638100,270555000000,-300,true,-1.06
"STB",140116,"/Date(1701759710000)/",27900,500,9637900,270549000000,-300,true,-1.06
"STB",140116,"/Date(1701759710000)/",27900,200,9637400,270536000000,-300,true,-1.06
