"price","change","match_qtty","side","time","total_vol"
15000,0,10500,"sd","09:15:03",10500
14950,-50,1000,"sd","09:15:33",11500
14950,-50,200,"bu","09:16:14",11700
14950,-50,1400,"bu","09:16:14",13100
14950,-50,500,"sd","09:16:21",13600
14900,-100,200,"bu","09:16:44",13800
14900,-100,4800,"bu","09:16:44",18600
14900,-100,1600,"sd","09:16:44",20200
14900,-100,100,"bu","09:17:16",20300
14900,-100,200,"sd","09:17:18",20500
14850,-150,800,"sd","09:17:40",21300
14850,-150,800,"sd","09:17:40",22100
14850,-150,1000,"bu","09:17:42",23100
14900,-100,10000,"sd","09:17:46",33100
14850,-150,500,"sd","09:18:08",33600
14850,-150,1100,"sd","09:18:14",34700
14900,-100,100,"bu","09:18:31",34800
14900,-100,300,"bu","09:18:40",35100
14900,-100,5000,"bu","09:18:51",40100
14900,-100,500,"bu","09:18:57",40600
14900,-100,200,"sd","09:18:58",40800
14900,-100,100,"sd","09:19:02",40900
14900,-100,1000,"bu","09:19:11",41900
14850,-150,100,"sd","09:19:15",42000
14900,-100,200,"bu","09:19:26",42200
14900,-100,100,"bu","09:20:11",42300
14900,-100,500,"sd","09:20:52",42800
14900,-100,2000,"bu","09:20:58",44800
14900,-100,500,"bu","09:21:01",45300
14900,-100,1000,"bu","09:21:15",46300
14900,-100,100,"sd","09:21:29",46400
14900,-100,1000,"sd","09:21:29",47400
14900,-100,100,"sd","09:21:32",47500
14900,-100,5000,"sd","09:21:33",52500
14900,-100,3200,"sd","09:21:40",55700
14900,-100,500,"sd","09:21:48",56200
14900,-100,100,"sd","09:21:49",56300
14900,-100,500,"sd","09:21:50",56800
14900,-100,1000,"bu","09:21:52",57800
14900,-100,200,"sd","09:21:54",58000
14900,-100,300,"sd","09:21:56",58300
14900,-100,13800,"bu","09:21:58",72100
14950,-50,1400,"sd","09:22:51",73500
14950,-50,1600,"sd","09:22:52",75100
14950,-50,1500,"bu","09:22:52",76600
14950,-50,500,"bu","09:23:05",77100
14950,-50,4000,"sd","09:23:07",81100
14950,-50,1700,"bu","09:23:31",82800
14900,-100,8300,"bu","09:23:31",91100
14950,-50,1000,"sd","09:23:53",92100
14950,-50,500,"bu","09:23:54",92600
14950,-50,3000,"bu","09:24:21",95600
15000,0,1500,"sd","09:24:29",97100
15000,0,100,"bu","09:24:50",97200
15000,0,5000,"bu","09:24:59",102200
14950,-50,100,"sd","09:25:12",102300
15000,0,1000,"bu","09:25:13",103300
15000,0,1200,"sd","09:25:27",104500
15000,0,2900,"sd","09:25:41",107400
15100,100,1000,"sd","09:27:33",108400
15100,100,500,"sd","09:27:53",108900
15100,100,100,"sd","09:27:55",109000
15100,100,3900,"bu","09:28:14",112900
15050,50,700,"bu","09:29:42",113600
15000,0,29600,"bu","09:30:47",143200
15000,0,400,"bu","09:31:20",143600
15000,0,1200,"sd","09:32:27",144800
15050,50,3100,"sd","09:33:27",147900
15050,50,100,"sd","09:34:11",148000
15050,50,500,"sd","09:35:36",148500
15000,0,500,"bu","09:36:05",149000
15000,0,500,"sd","09:36:33",149500
15000,0,1000,"bu","09:37:40",150500
15000,0,500,"bu","09:37:58",151000
15050,50,200,"sd","09:38:02",151200
15050,50,100,"sd","09:38:38",151300
15050,50,5100,"sd","09:41:05",156400
15050,50,500,"bu","09:41:18",156900
15050,50,9900,"bu","09:44:31",166800
15050,50,5000,"sd","09:45:05",171800
15050,50,5200,"bu","09:45:59",177000
15050,50,3000,"sd","09:46:03",180000
15050,50,2000,"bu","09:46:23",182000
15050,50,200,"bu","09:46:25",182200
15050,50,1000,"bu","09:46:37",183200
15050,50,700,"bu","09:46:42",183900
15050,50,1300,"sd","09:48:09",185200
15050,50,2000,"bu","09:49:00",187200
15100,100,3000,"bu","09:49:21",190200
15100,100,500,"sd","09:50:03",190700
15100,100,200,"bu","09:51:00",190900
15100,100,1000,"sd","09:53:14",191900
15100,100,5000,"bu","09:54:13",196900
15100,100,3000,"sd","09:54:49",199900
15100,100,1000,"bu","09:55:21",200900
15100,100,100,"sd","09:55:22",201000
15100,100,1000,"bu","09:55:27",202000
15100,100,100,"sd","09:57:02",202100
15100,100,3000,"bu","09:57:53",205100
15100,100,6900,"sd","09:57:59",212000
15150,150,300,"bu","09:58:49",212300
15100,100,600,"sd","09:58:52",212900
15100,100,3000,"bu","09:58:55",215900
15100,100,3000,"sd","09:59:35",218900
15150,150,100,"sd","09:59:51",219000
15100,100,2100,"bu","10:01:11",221100
15150,150,5000,"bu","10:01:19",226100
15150,150,5000,"bu","10:01:35",231100
15100,100,300,"bu","10:02:00",231400
15100,100,1500,"bu","10:02:18",232900
15150,150,600,"sd","10:02:19",233500
15150,150,100,"sd","10:03:15",233600
15150,150,1000,"bu","10:03:32",234600
15150,150,200,"sd","10:04:20",234800
15150,150,1500,"sd","10:05:16",236300
15150,150,100,"sd","10:05:19",236400
15150,150,5400,"sd","10:05:58",241800
15150,150,3000,"sd","10:06:08",244800
15150,150,1000,"bu","10:06:15",245800
15150,150,5000,"sd","10:06:19",250800
15150,150,1000,"sd","10:06:48",251800
15200,200,15000,"bu","10:07:17",266800
15150,150,300,"bu","10:07:19",267100
15150,150,1000,"bu","10:08:21",268100
15150,150,300,"sd","10:09:35",268400
15150,150,2000,"sd","10:09:55",270400
15150,150,1000,"sd","10:10:00",271400
15150,150,400,"sd","10:10:38",271800
15150,150,1000,"bu","10:11:25",272800
15150,150,100,"bu","10:11:33",272900
15100,100,15500,"bu","10:12:03",288400
15100,100,4500,"bu","10:13:12",292900
15100,100,1000,"bu","10:17:35",293900
15100,100,100,"bu","10:17:44",294000
15100,100,1000,"bu","10:18:56",295000
15100,100,1100,"sd","10:19:47",296100
15100,100,3900,"bu","10:21:06",300000
15100,100,1000,"bu","10:22:24",301000
15100,100,1500,"sd","10:23:05",302500
15100,100,2000,"sd","10:23:15",304500
15100,100,3000,"bu","10:23:21",307500
15100,100,100,"sd","10:24:53",307600
15100,100,6400,"bu","10:29:13",314000
15100,100,100,"sd","10:29:41",314100
15100,100,6600,"sd","10:29:48",320700
15100,100,100,"sd","10:29:58",320800
15100,100,200,"bu","10:30:09",321000
15100,100,4200,"bu","10:30:46",325200
15100,100,1000,"bu","10:32:03",326200
15100,100,1100,"bu","10:35:54",327300
15100,100,2000,"bu","10:36:40",329300
15100,100,200,"sd","10:37:19",329500
15100,100,5200,"sd","10:40:15",334700
15100,100,1000,"sd","10:43:33",335700
15100,100,1000,"bu","10:45:35",336700
15100,100,9200,"sd","10:45:36",345900
15100,100,500,"bu","10:47:02",346400
15100,100,5000,"sd","10:47:17",351400
15100,100,100,"sd","10:47:20",351500
15100,100,500,"bu","10:47:36",352000
15100,100,500,"sd","10:47:42",352500
15100,100,1500,"bu","10:47:48",354000
15100,100,3200,"sd","10:48:03",357200
15100,100,200,"sd","10:48:25",357400
15100,100,1700,"sd","10:49:23",359100
15100,100,500,"bu","10:49:25",359600
15100,100,1600,"bu","10:49:57",361200
15100,100,200,"sd","10:52:22",361400
15100,100,4700,"sd","10:54:22",366100
15050,50,10000,"bu","10:55:05",376100
15050,50,2800,"sd","10:56:07",378900
15050,50,5000,"sd","10:56:58",383900
15050,50,700,"sd","10:57:15",384600
15050,50,200,"sd","10:58:40",384800
15050,50,300,"bu","10:59:05",385100
15000,0,50000,"sd","10:59:35",435100
15000,0,1000,"sd","10:59:58",436100
15000,0,3000,"bu","11:00:25",439100
15000,0,300,"bu","11:00:48",439400
14950,-50,12800,"sd","11:01:31",452200
14950,-50,5300,"bu","11:05:10",457500
14950,-50,100,"bu","11:06:21",457600
14950,-50,1000,"sd","11:06:49",458600
14950,-50,1000,"sd","11:07:35",459600
14950,-50,1000,"sd","11:07:46",460600
14950,-50,1500,"bu","11:09:11",462100
15000,0,1000,"sd","11:09:22",463100
14950,-50,4100,"sd","11:09:29",467200
14950,-50,2000,"sd","11:09:34",469200
14950,-50,2100,"bu","11:09:51",471300
15000,0,4200,"sd","11:13:41",475500
15000,0,200,"bu","11:14:12",475700
15000,0,2000,"sd","11:14:21",477700
15000,0,100,"sd","11:14:26",477800
15000,0,1000,"bu","11:14:27",478800
15050,50,800,"bu","11:15:17",479600
15050,50,100,"bu","11:21:31",479700
15000,0,41400,"sd","11:22:31",521100
15000,0,100,"bu","11:22:43",521200
15000,0,500,"bu","11:22:46",521700
15050,50,100,"bu","11:23:21",521800
15000,0,5000,"bu","11:23:49",526800
15000,0,300,"bu","11:24:05",527100
15000,0,300,"bu","11:24:10",527400
15000,0,400,"sd","11:24:11",527800
15000,0,500,"bu","11:24:44",528300
15000,0,400,"sd","11:24:53",528700
15050,50,20000,"sd","11:25:55",548700
15000,0,5000,"sd","11:26:35",553700
15000,0,200,"sd","11:26:52",553900
15000,0,26000,"bu","11:27:01",579900
15000,0,100,"bu","11:27:15",580000
15000,0,200,"sd","11:27:46",580200
15000,0,500,"sd","11:27:54",580700
14950,-50,1100,"sd","11:30:01",581800
14950,-50,24400,"bu","13:00:20",606200
14950,-50,600,"bu","13:00:22",606800
14950,-50,1000,"sd","13:00:30",607800
14950,-50,2800,"sd","13:00:31",610600
15000,0,100,"sd","13:00:49",610700
14950,-50,5000,"bu","13:00:57",615700
14950,-50,14600,"bu","13:00:58",630300
14900,-100,1000,"sd","13:00:59",631300
14950,-50,500,"sd","13:01:03",631800
14950,-50,100,"sd","13:01:04",631900
14900,-100,1000,"bu","13:01:13",632900
14950,-50,100,"bu","13:01:25",633000
14950,-50,9100,"bu","13:01:37",642100
14950,-50,400,"bu","13:02:00",642500
14950,-50,100,"sd","13:02:01",642600
14950,-50,500,"sd","13:02:05",643100
14900,-100,100,"bu","13:02:11",643200
14950,-50,2000,"bu","13:02:34",645200
14950,-50,100,"sd","13:03:10",645300
14950,-50,1600,"sd","13:03:21",646900
14950,-50,100,"bu","13:03:35",647000
14950,-50,2000,"bu","13:03:36",649000
14900,-100,1200,"bu","13:03:47",650200
14950,-50,500,"sd","13:03:48",650700
14950,-50,300,"sd","13:03:52",651000
14950,-50,100,"bu","13:03:55",651100
14950,-50,200,"sd","13:03:57",651300
14950,-50,4100,"bu","13:04:03",655400
14950,-50,2300,"bu","13:04:19",657700
14950,-50,700,"bu","13:04:23",658400
14950,-50,100,"bu","13:04:25",658500
14950,-50,300,"sd","13:04:41",658800
14950,-50,100,"bu","13:04:46",658900
14950,-50,400,"bu","13:05:02",659300
14950,-50,100,"bu","13:05:03",659400
14950,-50,5200,"sd","13:05:08",664600
14950,-50,1000,"sd","13:05:14",665600
14950,-50,7400,"sd","13:05:19",673000
14950,-50,15300,"bu","13:05:59",688300
14950,-50,500,"sd","13:06:07",688800
14950,-50,1000,"bu","13:06:08",689800
14950,-50,200,"sd","13:06:10",690000
14950,-50,2000,"sd","13:06:19",692000
14950,-50,600,"bu","13:06:20",692600
15000,0,5500,"sd","13:06:29",698100
15000,0,200,"bu","13:06:41",698300
15000,0,300,"sd","13:07:18",698600
15000,0,5700,"bu","13:07:39",704300
15000,0,100,"bu","13:07:57",704400
15000,0,200,"bu","13:08:16",704600
15000,0,100,"sd","13:08:30",704700
15000,0,200,"sd","13:09:10",704900
15000,0,100,"bu","13:09:11",705000
15000,0,400,"sd","13:09:38",705400
15000,0,100,"bu","13:10:27",705500
14950,-50,21300,"sd","13:10:42",726800
14950,-50,300,"sd","13:10:56",727100
14950,-50,1000,"sd","13:11:02",728100
14950,-50,200,"sd","13:11:04",728300
14950,-50,300,"bu","13:11:09",728600
14950,-50,600,"sd","13:11:14",729200
14950,-50,100,"sd","13:11:17",729300
14950,-50,200,"bu","13:11:22",729500
14950,-50,1000,"bu","13:11:24",730500
14950,-50,100,"sd","13:11:31",730600
14950,-50,19100,"sd","13:12:05",749700
14950,-50,200,"sd","13:12:12",749900
14950,-50,500,"sd","13:12:14",750400
14950,-50,200,"sd","13:12:20",750600
15000,0,1000,"sd","13:12:51",751600
15000,0,100,"bu","13:12:52",751700
15000,0,4000,"bu","13:13:12",755700
15000,0,200,"bu","13:13:16",755900
15000,0,5000,"bu","13:13:18",760900
15000,0,1000,"bu","13:13:22",761900
15000,0,100,"bu","13:13:25",762000
15000,0,1000,"sd","13:13:26",763000
15000,0,10700,"bu","13:13:27",773700
15050,50,1300,"bu","13:14:30",775000
15050,50,26100,"sd","13:14:45",801100
15050,50,1000,"bu","13:14:48",802100
15050,50,4900,"bu","13:15:15",807000
15050,50,3900,"bu","13:15:16",810900
15050,50,100,"bu","13:15:25",811000
15050,50,300,"sd","13:15:38",811300
15050,50,1000,"sd","13:15:41",812300
15050,50,4100,"bu","13:16:11",816400
15050,50,800,"sd","13:16:14",817200
15100,100,900,"bu","13:16:23",818100
15050,50,5200,"bu","13:16:31",823300
15050,50,100,"sd","13:16:33",823400
15050,50,2000,"sd","13:16:37",825400
15050,50,2700,"sd","13:16:41",828100
15050,50,4800,"bu","13:17:00",832900
15050,50,2000,"sd","13:17:23",834900
15050,50,500,"sd","13:17:24",835400
15050,50,2700,"bu","13:17:39",838100
15050,50,12500,"sd","13:17:58",850600
15050,50,2500,"sd","13:18:05",853100
15050,50,100,"bu","13:18:32",853200
15050,50,9400,"bu","13:19:45",862600
15000,0,15000,"sd","13:20:04",877600
15050,50,700,"bu","13:20:24",878300
15000,0,4300,"bu","13:20:27",882600
15000,0,100,"sd","13:20:46",882700
15000,0,900,"bu","13:21:06",883600
15000,0,2500,"bu","13:21:27",886100
15000,0,500,"sd","13:21:37",886600
15000,0,300,"bu","13:21:41",886900
15000,0,1700,"bu","13:21:45",888600
15000,0,5000,"sd","13:22:23",893600
15000,0,200,"bu","13:23:05",893800
15000,0,100,"sd","13:23:34",893900
15000,0,500,"sd","13:24:45",894400
15000,0,600,"bu","13:26:33",895000
15000,0,700,"sd","13:26:37",895700
15000,0,100,"bu","13:27:05",895800
15000,0,500,"bu","13:27:10",896300
15000,0,1000,"sd","13:28:03",897300
15000,0,3200,"sd","13:28:09",900500
15000,0,1800,"bu","13:28:33",902300
15000,0,1000,"sd","13:29:06",903300
15000,0,200,"bu","13:29:13",903500
15000,0,1700,"sd","13:29:38",905200
15000,0,500,"bu","13:30:05",905700
15000,0,100,"sd","13:30:20",905800
15000,0,200,"bu","13:30:21",906000
15000,0,500,"sd","13:30:23",906500
15000,0,1500,"bu","13:31:38",908000
15050,50,3300,"bu","13:32:10",911300
15050,50,5100,"sd","13:32:19",916400
15100,100,300,"sd","13:32:53",916700
15050,50,7000,"bu","13:32:54",923700
15100,100,200,"sd","13:33:17",923900
15050,50,1200,"sd","13:33:30",925100
15100,100,500,"bu","13:34:54",925600
15050,50,300,"bu","13:35:09",925900
15100,100,200,"bu","13:35:17",926100
15100,100,500,"bu","13:35:32",926600
15100,100,100,"sd","13:35:40",926700
15100,100,1400,"sd","13:36:33",928100
15100,100,5200,"sd","13:37:00",933300
15100,100,500,"bu","13:37:08",933800
15100,100,6000,"sd","13:37:10",939800
15100,100,500,"sd","13:37:23",940300
15100,100,1000,"bu","13:37:33",941300
15100,100,300,"bu","13:38:00",941600
15100,100,1000,"sd","13:39:10",942600
15100,100,20100,"sd","13:39:13",962700
15100,100,1800,"bu","13:39:25",964500
15100,100,3000,"bu","13:39:28",967500
15100,100,3200,"sd","13:39:30",970700
15150,150,1000,"sd","13:40:22",971700
15150,150,10300,"bu","13:40:25",982000
15150,150,6700,"sd","13:40:50",988700
15150,150,1300,"bu","13:41:32",990000
15150,150,100,"bu","13:41:43",990100
15150,150,1000,"sd","13:41:46",991100
15150,150,1100,"sd","13:41:51",992200
15150,150,1900,"bu","13:42:04",994100
15150,150,5000,"bu","13:43:12",999100
15150,150,2000,"sd","13:43:49",1001100
15150,150,3000,"bu","13:45:31",1004100
15150,150,1000,"sd","13:45:39",1005100
15150,150,100,"sd","13:46:32",1005200
15100,100,5000,"bu","13:46:40",1010200
15100,100,5000,"bu","13:47:00",1015200
15100,100,100,"sd","13:47:04",1015300
15100,100,4800,"bu","13:47:16",1020100
15100,100,300,"sd","13:48:11",1020400
15100,100,700,"bu","13:48:17",1021100
15050,50,2000,"sd","13:48:56",1023100
15050,50,8400,"sd","13:49:23",1031500
15050,50,2000,"bu","13:50:20",1033500
15000,0,500,"sd","13:51:01",1034000
15000,0,13400,"sd","13:53:13",1047400
15050,50,2200,"sd","13:53:16",1049600
15050,50,200,"bu","13:53:46",1049800
15050,50,1100,"sd","13:54:23",1050900
15100,100,200,"sd","13:54:59",1051100
15050,50,500,"sd","13:55:04",1051600
15050,50,100,"sd","13:56:02",1051700
15050,50,1100,"sd","13:56:49",1052800
15000,0,29200,"bu","13:58:23",1082000
15000,0,200,"bu","13:59:18",1082200
15000,0,500,"sd","13:59:37",1082700
15000,0,500,"bu","14:00:53",1083200
15100,100,700,"bu","14:01:40",1083900
15100,100,2000,"sd","14:01:57",1085900
15100,100,1000,"sd","14:02:06",1086900
15100,100,2500,"sd","14:02:25",1089400
15050,50,1000,"bu","14:03:01",1090400
15050,50,100,"bu","14:03:36",1090500
15050,50,4200,"sd","14:06:08",1094700
15050,50,200,"bu","14:06:22",1094900
15050,50,1000,"sd","14:06:40",1095900
15050,50,600,"bu","14:06:48",1096500
15050,50,100,"sd","14:07:10",1096600
15000,0,16200,"bu","14:08:12",1112800
15050,50,400,"bu","14:08:14",1113200
15000,0,14300,"bu","14:08:21",1127500
15050,50,100,"sd","14:08:23",1127600
15000,0,1000,"sd","14:08:36",1128600
15000,0,300,"sd","14:08:45",1128900
15000,0,10700,"sd","14:08:50",1139600
15000,0,400,"bu","14:08:55",1140000
15000,0,100,"bu","14:08:59",1140100
15000,0,6000,"sd","14:09:52",1146100
15000,0,100,"sd","14:09:58",1146200
15000,0,200,"bu","14:10:15",1146400
15000,0,3600,"bu","14:10:35",1150000
15050,50,3000,"sd","14:11:59",1153000
15050,50,1100,"bu","14:12:39",1154100
15050,50,900,"bu","14:13:48",1155000
15050,50,100,"bu","14:14:15",1155100
15050,50,300,"sd","14:14:39",1155400
15050,50,1500,"bu","14:14:56",1156900
15050,50,800,"sd","14:15:13",1157700
15050,50,500,"bu","14:15:24",1158200
15050,50,2500,"bu","14:15:56",1160700
15050,50,100,"bu","14:16:10",1160800
15050,50,2000,"sd","14:16:18",1162800
15050,50,3200,"bu","14:16:30",1166000
15100,100,1300,"sd","14:16:36",1167300
15050,50,3000,"bu","14:16:55",1170300
15050,50,500,"sd","14:17:09",1170800
15050,50,7700,"sd","14:17:15",1178500
15050,50,5300,"sd","14:17:32",1183800
15050,50,3600,"sd","14:18:14",1187400
15050,50,500,"bu","14:18:16",1187900
15050,50,800,"bu","14:19:15",1188700
15050,50,1000,"sd","14:21:25",1189700
15100,100,400,"sd","14:21:51",1190100
15100,100,200,"bu","14:23:05",1190300
15100,100,18800,"sd","14:23:07",1209100
15100,100,300,"sd","14:23:10",1209400
15100,100,100,"bu","14:23:14",1209500
15100,100,1200,"sd","14:25:07",1210700
15100,100,3000,"sd","14:25:11",1213700
15100,100,1700,"bu","14:25:16",1215400
15100,100,8000,"bu","14:25:24",1223400
15100,100,5000,"bu","14:25:34",1228400
15100,100,200,"sd","14:25:52",1228600
15150,150,100,"sd","14:25:54",1228700
15150,150,5000,"sd","14:25:58",1233700
15150,150,400,"bu","14:26:12",1234100
15150,150,100,"sd","14:26:16",1234200
15150,150,17100,"bu","14:26:58",1251300
15150,150,8000,"bu","14:27:02",1259300
15150,150,600,"sd","14:27:04",1259900
15150,150,4300,"sd","14:27:15",1264200
15150,150,500,"sd","14:27:55",1264700
15200,200,6500,"sd","14:28:20",1271200
15200,200,1000,"bu","14:28:26",1272200
15200,200,3000,"sd","14:28:28",1275200
15200,200,4000,"bu","14:28:37",1279200
15200,200,600,"sd","14:28:42",1279800
15200,200,200,"bu","14:28:49",1280000
15200,200,2100,"sd","14:28:51",1282100
15200,200,100,"sd","14:29:05",1282200
15200,200,1000,"sd","14:29:17",1283200
15200,200,2500,"bu","14:29:36",1285700
15200,200,1100,"bu","14:29:39",1286800
15200,200,9400,"bu","14:29:50",1296200
15100,100,39300,"bu","14:29:53",1335500
15150,150,1000,"bu","14:30:00",1336500
15450,450,155500,"bu","14:45:07",1492000
