"price","change","match_qtty","side","time","total_vol"
79400,-600,300,"sd","09:15:04",300
79400,-600,100,"bu","09:16:27",400
79400,-600,200,"sd","09:17:19",600
79400,-600,100,"sd","09:17:35",700
79400,-600,700,"bu","09:19:47",1400
79400,-600,100,"sd","09:22:22",1500
79400,-600,400,"sd","09:22:58",1900
79400,-600,100,"bu","09:23:13",2000
79700,-300,300,"bu","09:29:22",2300
79800,-200,300,"sd","09:37:05",2600
79900,-100,1000,"sd","09:38:35",3600
79800,-200,400,"bu","09:41:22",4000
79700,-300,500,"sd","09:45:29",4500
79900,-100,4500,"sd","09:56:51",9000
80000,0,1000,"bu","09:58:07",10000
80000,0,1800,"sd","09:58:14",11800
80000,0,500,"bu","09:58:23",12300
80000,0,5000,"bu","09:58:27",17300
80100,100,5600,"bu","09:58:51",22900
80200,200,500,"bu","09:59:09",23400
80200,200,1500,"sd","09:59:57",24900
80100,100,600,"bu","10:00:23",25500
80200,200,1200,"sd","10:00:45",26700
80200,200,100,"sd","10:00:59",26800
80400,400,1200,"bu","10:01:19",28000
80500,500,1600,"sd","10:01:35",29600
80500,500,800,"sd","10:01:49",30400
80600,600,3700,"bu","10:02:10",34100
80600,600,1000,"sd","10:02:23",35100
80700,700,200,"sd","10:02:32",35300
80700,700,1500,"sd","10:02:40",36800
80800,800,4100,"sd","10:02:44",40900
81000,1000,1000,"bu","10:02:56",41900
81000,1000,2000,"bu","10:03:02",43900
81000,1000,1000,"bu","10:03:05",44900
81000,1000,1900,"bu","10:03:09",46800
81000,1000,300,"bu","10:03:10",47100
80800,800,900,"bu","10:03:59",48000
80800,800,100,"bu","10:04:11",48100
81000,1000,600,"sd","10:04:55",48700
81100,1100,200,"sd","10:05:05",48900
81100,1100,4800,"sd","10:05:08",53700
81300,1300,200,"bu","10:05:24",53900
81400,1400,100,"bu","10:06:53",54000
81500,1500,3400,"sd","10:06:59",57400
81600,1600,100,"sd","10:07:08",57500
81500,1500,200,"bu","10:07:15",57700
82000,2000,5800,"sd","10:07:22",63500
82000,2000,1200,"bu","10:07:23",64700
82000,2000,800,"sd","10:07:40",65500
82000,2000,1200,"sd","10:07:49",66700
82500,2500,1400,"sd","10:07:52",68100
82500,2500,300,"bu","10:08:05",68400
82500,2500,100,"bu","10:08:07",68500
82500,2500,2000,"sd","10:08:08",70500
82500,2500,100,"bu","10:08:15",70600
82500,2500,1100,"bu","10:08:21",71700
82500,2500,100,"bu","10:08:36",71800
82800,2800,1500,"bu","10:08:50",73300
82500,2500,100,"bu","10:09:01",73400
82700,2700,800,"bu","10:09:16",74200
82800,2800,300,"sd","10:09:20",74500
82600,2600,200,"sd","10:09:21",74700
82600,2600,2000,"bu","10:09:24",76700
82800,2800,2500,"sd","10:09:28",79200
82800,2800,1300,"sd","10:09:29",80500
82800,2800,200,"sd","10:09:36",80700
82800,2800,1000,"bu","10:09:46",81700
82700,2700,200,"sd","10:09:53",81900
82600,2600,300,"bu","10:10:05",82200
82600,2600,500,"bu","10:10:13",82700
82600,2600,100,"bu","10:10:27",82800
82600,2600,1600,"sd","10:10:35",84400
82600,2600,100,"bu","10:10:54",84500
82600,2600,300,"bu","10:11:26",84800
82600,2600,300,"sd","10:11:46",85100
82100,2100,2600,"sd","10:14:10",87700
82100,2100,100,"bu","10:14:20",87800
82100,2100,2200,"sd","10:14:21",90000
82000,2000,1100,"sd","10:14:41",91100
82000,2000,1000,"sd","10:14:43",92100
82100,2100,300,"sd","10:14:46",92400
82000,2000,400,"bu","10:14:49",92800
82000,2000,300,"bu","10:14:57",93100
82000,2000,100,"bu","10:15:43",93200
82000,2000,600,"bu","10:15:53",93800
82000,2000,100,"bu","10:16:00",93900
81900,1900,200,"sd","10:16:44",94100
81900,1900,300,"sd","10:17:07",94400
81900,1900,700,"sd","10:17:33",95100
81800,1800,500,"sd","10:17:38",95600
81800,1800,500,"sd","10:17:49",96100
81900,1900,200,"sd","10:18:27",96300
81900,1900,600,"sd","10:18:55",96900
81900,1900,100,"bu","10:19:00",97000
81900,1900,800,"bu","10:19:13",97800
81900,1900,300,"bu","10:19:20",98100
81900,1900,100,"bu","10:19:24",98200
82000,2000,700,"sd","10:20:36",98900
81900,1900,1700,"bu","10:20:50",100600
81900,1900,800,"bu","10:20:51",101400
81900,1900,1400,"sd","10:20:52",102800
81900,1900,1000,"bu","10:21:26",103800
81900,1900,400,"sd","10:21:40",104200
81800,1800,700,"bu","10:21:52",104900
81800,1800,2000,"sd","10:22:16",106900
81800,1800,200,"sd","10:22:45",107100
81800,1800,100,"bu","10:22:51",107200
81800,1800,200,"sd","10:23:11",107400
81800,1800,100,"sd","10:23:42",107500
81800,1800,5200,"bu","10:23:56",112700
81800,1800,300,"sd","10:24:17",113000
81900,1900,1300,"bu","10:25:42",114300
81900,1900,3000,"sd","10:25:53",117300
82000,2000,3100,"bu","10:27:10",120400
82000,2000,200,"bu","10:27:18",120600
82000,2000,300,"sd","10:27:24",120900
82000,2000,500,"bu","10:27:56",121400
82100,2100,1800,"bu","10:28:04",123200
82300,2300,300,"sd","10:28:30",123500
82400,2400,1600,"sd","10:28:39",125100
82500,2500,4000,"bu","10:28:41",129100
82500,2500,400,"sd","10:28:50",129500
82500,2500,1000,"sd","10:28:59",130500
82500,2500,1600,"sd","10:29:02",132100
82500,2500,1000,"sd","10:29:08",133100
82500,2500,100,"sd","10:29:17",133200
82300,2300,2300,"bu","10:29:54",135500
82500,2500,1000,"sd","10:29:56",136500
82500,2500,2000,"sd","10:30:15",138500
82500,2500,1000,"bu","10:30:23",139500
82500,2500,2000,"sd","10:30:27",141500
82500,2500,800,"sd","10:30:28",142300
82500,2500,5400,"bu","10:30:37",147700
82600,2600,1000,"sd","10:30:42",148700
82500,2500,100,"sd","10:30:54",148800
82600,2600,2000,"bu","10:31:01",150800
82500,2500,1600,"bu","10:31:11",152400
82600,2600,4000,"sd","10:31:36",156400
82500,2500,600,"sd","10:32:00",157000
82500,2500,1600,"bu","10:32:04",158600
82500,2500,300,"bu","10:32:07",158900
82400,2400,100,"bu","10:32:29",159000
82500,2500,500,"sd","10:32:50",159500
82500,2500,100,"sd","10:33:14",159600
82500,2500,400,"bu","10:33:20",160000
82500,2500,1000,"bu","10:33:25",161000
82300,2300,100,"sd","10:33:47",161100
82400,2400,1600,"sd","10:34:23",162700
82500,2500,5000,"sd","10:34:41",167700
82500,2500,1000,"bu","10:35:16",168700
82500,2500,100,"sd","10:35:32",168800
82500,2500,500,"bu","10:36:07",169300
82500,2500,1000,"bu","10:36:58",170300
82400,2400,1000,"sd","10:37:05",171300
82500,2500,100,"sd","10:37:27",171400
82400,2400,1000,"sd","10:37:49",172400
82400,2400,200,"sd","10:38:11",172600
82400,2400,500,"sd","10:38:18",173100
82400,2400,300,"sd","10:38:23",173400
82400,2400,100,"bu","10:38:44",173500
82400,2400,1100,"bu","10:39:04",174600
82400,2400,100,"bu","10:39:26",174700
82400,2400,500,"sd","10:39:45",175200
82300,2300,1000,"sd","10:40:09",176200
82300,2300,200,"bu","10:41:00",176400
82300,2300,100,"sd","10:41:49",176500
82300,2300,300,"bu","10:41:54",176800
82300,2300,500,"bu","10:42:16",177300
82300,2300,1100,"sd","10:42:39",178400
82200,2200,4000,"bu","10:44:09",182400
82300,2300,100,"bu","10:44:11",182500
82300,2300,500,"sd","10:44:26",183000
82200,2200,800,"bu","10:45:56",183800
82200,2200,1900,"sd","10:47:22",185700
82200,2200,900,"bu","10:47:34",186600
82300,2300,1500,"sd","10:47:34",188100
82300,2300,200,"bu","10:48:43",188300
82300,2300,2800,"bu","10:48:55",191100
82200,2200,300,"bu","10:48:56",191400
82200,2200,400,"sd","10:49:01",191800
82200,2200,900,"sd","10:49:57",192700
82200,2200,1000,"sd","10:50:09",193700
82100,2100,100,"sd","10:53:25",193800
82200,2200,3800,"sd","10:55:42",197600
82200,2200,700,"sd","10:55:47",198300
82200,2200,2200,"sd","10:57:22",200500
82200,2200,100,"bu","10:57:37",200600
82200,2200,900,"bu","10:57:50",201500
82200,2200,1000,"sd","10:57:59",202500
82200,2200,1300,"sd","10:58:49",203800
82100,2100,800,"sd","10:59:01",204600
82100,2100,3400,"sd","10:59:31",208000
82000,2000,5000,"sd","10:59:36",213000
82100,2100,100,"sd","10:59:47",213100
82000,2000,500,"bu","11:00:46",213600
82000,2000,5000,"bu","11:00:55",218600
82000,2000,200,"sd","11:01:29",218800
82100,2100,200,"bu","11:03:05",219000
82000,2000,300,"bu","11:03:47",219300
82100,2100,300,"sd","11:04:35",219600
82100,2100,1000,"bu","11:04:46",220600
82100,2100,1000,"bu","11:04:49",221600
82100,2100,800,"sd","11:05:44",222400
82200,2200,4400,"bu","11:10:11",226800
82300,2300,500,"sd","11:10:20",227300
82300,2300,200,"bu","11:10:48",227500
82400,2400,3500,"bu","11:10:59",231000
82400,2400,900,"bu","11:11:09",231900
82400,2400,1800,"sd","11:11:12",233700
82500,2500,300,"bu","11:11:24",234000
82600,2600,30000,"bu","11:11:31",264000
82700,2700,3500,"sd","11:11:41",267500
82800,2800,6200,"bu","11:11:53",273700
82800,2800,2000,"bu","11:12:02",275700
82800,2800,5000,"sd","11:12:07",280700
82800,2800,900,"bu","11:12:10",281600
82900,2900,800,"bu","11:12:13",282400
83000,3000,1300,"sd","11:12:15",283700
83000,3000,10100,"sd","11:12:30",293800
83000,3000,1000,"bu","11:12:32",294800
83000,3000,800,"bu","11:12:35",295600
83000,3000,1000,"bu","11:12:36",296600
83000,3000,200,"sd","11:12:38",296800
83000,3000,2000,"sd","11:12:39",298800
83000,3000,100,"bu","11:12:40",298900
83000,3000,4000,"bu","11:12:43",302900
83000,3000,500,"sd","11:12:52",303400
83000,3000,11200,"bu","11:12:55",314600
83000,3000,5000,"sd","11:12:55",319600
83000,3000,1000,"bu","11:12:56",320600
83000,3000,200,"bu","11:12:59",320800
83100,3100,4400,"sd","11:13:09",325200
83500,3500,6300,"bu","11:13:15",331500
83100,3100,6500,"bu","11:13:30",338000
83000,3000,100,"sd","11:13:34",338100
83100,3100,800,"bu","11:13:47",338900
83100,3100,500,"sd","11:13:48",339400
83100,3100,1000,"bu","11:13:51",340400
83000,3000,100,"bu","11:13:53",340500
83000,3000,200,"sd","11:14:00",340700
83100,3100,2700,"sd","11:14:06",343400
83000,3000,5000,"sd","11:14:07",348400
83100,3100,500,"bu","11:14:25",348900
83100,3100,400,"sd","11:14:47",349300
83000,3000,1900,"sd","11:14:55",351200
83000,3000,200,"sd","11:15:19",351400
83000,3000,3000,"sd","11:15:22",354400
83100,3100,400,"sd","11:15:29",354800
83100,3100,100,"sd","11:15:43",354900
83100,3100,1500,"bu","11:15:55",356400
83100,3100,100,"sd","11:16:01",356500
83100,3100,500,"sd","11:16:17",357000
83000,3000,200,"bu","11:16:24",357200
83000,3000,2900,"sd","11:16:52",360100
83000,3000,1000,"sd","11:17:08",361100
83000,3000,500,"sd","11:17:10",361600
83000,3000,200,"sd","11:17:12",361800
83000,3000,100,"bu","11:17:24",361900
83000,3000,1000,"bu","11:17:28",362900
83000,3000,2100,"bu","11:17:35",365000
83100,3100,500,"sd","11:17:39",365500
83100,3100,1200,"sd","11:17:54",366700
83100,3100,600,"sd","11:18:14",367300
83100,3100,100,"bu","11:18:27",367400
83200,3200,3000,"bu","11:18:45",370400
83200,3200,100,"bu","11:18:52",370500
83300,3300,2400,"bu","11:20:01",372900
83400,3400,1000,"sd","11:20:09",373900
83400,3400,100,"bu","11:20:31",374000
83300,3300,500,"bu","11:20:33",374500
83400,3400,100,"bu","11:20:36",374600
83400,3400,200,"sd","11:20:40",374800
83400,3400,500,"bu","11:20:41",375300
83400,3400,1500,"sd","11:20:47",376800
83500,3500,4600,"sd","11:21:14",381400
83600,3600,1700,"sd","11:21:21",383100
83600,3600,1000,"bu","11:21:23",384100
83800,3800,2200,"sd","11:21:24",386300
83800,3800,1200,"sd","11:21:44",387500
83800,3800,1400,"sd","11:21:46",388900
83800,3800,1700,"sd","11:22:08",390600
83500,3500,500,"sd","11:22:18",391100
83800,3800,1700,"sd","11:22:19",392800
83800,3800,1000,"bu","11:22:24",393800
83800,3800,8800,"sd","11:22:28",402600
83800,3800,100,"sd","11:22:40",402700
83900,3900,1000,"bu","11:22:41",403700
83900,3900,100,"bu","11:22:50",403800
83800,3800,500,"bu","11:22:52",404300
83900,3900,600,"bu","11:22:53",404900
83900,3900,500,"bu","11:22:55",405400
83900,3900,1800,"bu","11:23:01",407200
83900,3900,2000,"bu","11:23:08",409200
84000,4000,6100,"bu","11:23:32",415300
84000,4000,500,"sd","11:23:46",415800
84000,4000,200,"bu","11:23:47",416000
84000,4000,1000,"sd","11:23:49",417000
84000,4000,100,"sd","11:23:57",417100
84000,4000,1000,"bu","11:23:58",418100
84000,4000,400,"bu","11:23:59",418500
84000,4000,6000,"bu","11:24:00",424500
84000,4000,500,"sd","11:24:01",425000
84000,4000,1400,"sd","11:24:02",426400
84000,4000,8300,"bu","11:24:06",434700
84000,4000,500,"bu","11:24:25",435200
84000,4000,700,"bu","11:24:28",435900
84000,4000,400,"bu","11:24:33",436300
84000,4000,100,"sd","11:24:37",436400
84200,4200,1000,"bu","11:24:39",437400
84000,4000,400,"sd","11:24:51",437800
84200,4200,200,"sd","11:24:53",438000
84200,4200,1000,"sd","11:25:02",439000
84200,4200,200,"bu","11:25:05",439200
84200,4200,4400,"bu","11:25:32",443600
84300,4300,4200,"bu","11:26:13",447800
84400,4400,100,"sd","11:26:36",447900
84400,4400,600,"sd","11:26:44",448500
84500,4500,2000,"sd","11:26:50",450500
84400,4400,2600,"sd","11:27:12",453100
84400,4400,500,"sd","11:27:16",453600
84400,4400,700,"sd","11:27:27",454300
84400,4400,1000,"sd","11:27:38",455300
84400,4400,100,"bu","11:27:42",455400
84400,4400,800,"sd","11:28:02",456200
84400,4400,300,"bu","11:28:03",456500
84400,4400,500,"bu","11:28:14",457000
84400,4400,200,"sd","11:28:28",457200
84400,4400,600,"bu","11:28:56",457800
84400,4400,400,"bu","11:29:09",458200
84400,4400,1000,"sd","11:29:15",459200
84000,4000,5300,"bu","11:29:21",464500
84100,4100,100,"sd","11:29:42",464600
84100,4100,400,"sd","11:29:58",465000
84000,4000,400,"bu","13:00:17",465400
84000,4000,1400,"sd","13:00:27",466800
84100,4100,300,"sd","13:00:29",467100
84000,4000,300,"sd","13:00:33",467400
84100,4100,100,"bu","13:00:36",467500
84000,4000,1400,"sd","13:00:39",468900
84100,4100,500,"bu","13:00:40",469400
84100,4100,600,"sd","13:00:41",470000
84100,4100,1600,"bu","13:00:44",471600
84000,4000,100,"sd","13:00:50",471700
84100,4100,1000,"bu","13:00:54",472700
84000,4000,700,"bu","13:00:56",473400
84000,4000,400,"sd","13:01:00",473800
84000,4000,100,"sd","13:02:04",473900
84000,4000,2600,"sd","13:02:29",476500
84000,4000,1600,"sd","13:02:52",478100
83900,3900,100,"bu","13:03:29",478200
83900,3900,1300,"bu","13:04:16",479500
83900,3900,200,"sd","13:04:25",479700
83800,3800,2400,"sd","13:05:15",482100
83800,3800,300,"sd","13:05:25",482400
83800,3800,1700,"bu","13:05:27",484100
83600,3600,1000,"sd","13:05:57",485100
83700,3700,1000,"sd","13:06:36",486100
83800,3800,800,"sd","13:06:46",486900
83700,3700,1200,"bu","13:06:48",488100
83800,3800,200,"sd","13:07:18",488300
83800,3800,3800,"sd","13:07:46",492100
84100,4100,100,"bu","13:08:19",492200
84000,4000,500,"sd","13:10:11",492700
84000,4000,300,"bu","13:10:32",493000
83900,3900,900,"bu","13:12:15",493900
84000,4000,5000,"bu","13:12:36",498900
84100,4100,7000,"bu","13:12:44",505900
84100,4100,300,"bu","13:12:50",506200
84100,4100,1400,"bu","13:13:07",507600
84200,4200,2000,"sd","13:14:03",509600
84200,4200,300,"sd","13:14:10",509900
84200,4200,3300,"sd","13:14:27",513200
84100,4100,200,"bu","13:14:41",513400
84200,4200,100,"sd","13:15:03",513500
84200,4200,200,"sd","13:15:13",513700
84100,4100,100,"bu","13:15:24",513800
84100,4100,700,"sd","13:16:11",514500
84200,4200,1000,"sd","13:16:21",515500
84100,4100,1000,"sd","13:16:24",516500
84100,4100,200,"sd","13:16:36",516700
84200,4200,300,"sd","13:17:08",517000
84200,4200,500,"sd","13:17:16",517500
84200,4200,5000,"bu","13:17:17",522500
84200,4200,2500,"sd","13:17:27",525000
84200,4200,900,"bu","13:17:39",525900
84100,4100,500,"bu","13:19:06",526400
84100,4100,200,"sd","13:19:20",526600
84200,4200,500,"sd","13:19:48",527100
84200,4200,1300,"bu","13:19:59",528400
84300,4300,4300,"bu","13:20:26",532700
84400,4400,200,"bu","13:20:38",532900
84400,4400,5000,"bu","13:21:02",537900
84400,4400,300,"sd","13:21:11",538200
84300,4300,300,"sd","13:21:17",538500
84500,4500,4000,"bu","13:21:33",542500
84400,4400,300,"bu","13:21:35",542800
84500,4500,800,"bu","13:22:07",543600
84400,4400,100,"bu","13:22:08",543700
84300,4300,2200,"bu","13:22:55",545900
84300,4300,1100,"sd","13:23:49",547000
84300,4300,700,"sd","13:24:30",547700
84300,4300,300,"bu","13:24:34",548000
84200,4200,900,"sd","13:24:39",548900
84200,4200,1200,"sd","13:25:24",550100
84200,4200,100,"sd","13:25:54",550200
84200,4200,500,"sd","13:26:35",550700
84200,4200,400,"bu","13:27:01",551100
84400,4400,5000,"bu","13:27:44",556100
84400,4400,1200,"sd","13:28:24",557300
84300,4300,500,"sd","13:28:37",557800
84400,4400,1700,"sd","13:29:30",559500
84400,4400,100,"bu","13:29:38",559600
84500,4500,4100,"sd","13:29:58",563700
84500,4500,10000,"sd","13:30:12",573700
84500,4500,600,"sd","13:30:17",574300
84500,4500,2900,"bu","13:30:20",577200
84400,4400,100,"sd","13:30:21",577300
84500,4500,1000,"sd","13:30:29",578300
84500,4500,100,"bu","13:30:37",578400
84500,4500,600,"bu","13:30:40",579000
84500,4500,3200,"sd","13:30:56",582200
84600,4600,1000,"bu","13:31:11",583200
84500,4500,100,"bu","13:31:14",583300
84600,4600,700,"sd","13:31:38",584000
84600,4600,3200,"sd","13:31:57",587200
84600,4600,100,"bu","13:31:59",587300
84600,4600,3200,"bu","13:32:05",590500
84600,4600,900,"bu","13:32:11",591400
84600,4600,200,"sd","13:32:24",591600
84700,4700,5600,"bu","13:32:27",597200
84700,4700,100,"sd","13:32:36",597300
84800,4800,200,"bu","13:33:01",597500
84800,4800,1200,"bu","13:33:17",598700
84800,4800,1500,"bu","13:33:22",600200
84700,4700,1000,"sd","13:33:24",601200
84700,4700,300,"sd","13:34:05",601500
84700,4700,2000,"sd","13:34:11",603500
84700,4700,1900,"bu","13:34:14",605400
84700,4700,100,"bu","13:34:26",605500
84800,4800,1700,"sd","13:35:10",607200
84700,4700,100,"bu","13:35:14",607300
84700,4700,1500,"sd","13:35:24",608800
84700,4700,300,"bu","13:35:59",609100
84700,4700,2100,"sd","13:36:13",611200
84800,4800,4700,"bu","13:36:22",615900
84800,4800,1100,"sd","13:36:37",617000
84900,4900,1000,"sd","13:36:43",618000
84800,4800,400,"bu","13:37:08",618400
84900,4900,200,"sd","13:37:38",618600
84900,4900,600,"bu","13:38:03",619200
85000,5000,13000,"bu","13:38:09",632200
85000,5000,700,"bu","13:38:21",632900
85000,5000,20800,"bu","13:38:22",653700
85000,5000,500,"bu","13:38:24",654200
85000,5000,3000,"bu","13:38:25",657200
85000,5000,100,"bu","13:38:27",657300
85000,5000,200,"bu","13:38:28",657500
85100,5100,6000,"bu","13:38:34",663500
85200,5200,400,"bu","13:38:38",663900
85200,5200,2500,"bu","13:38:39",666400
85200,5200,300,"bu","13:38:40",666700
85300,5300,200,"bu","13:38:48",666900
85300,5300,200,"bu","13:38:49",667100
85300,5300,2900,"sd","13:38:55",670000
85400,5400,200,"bu","13:39:00",670200
85400,5400,1200,"sd","13:39:06",671400
85400,5400,5200,"bu","13:39:12",676600
85400,5400,3000,"bu","13:39:13",679600
85500,5500,100,"bu","13:39:16",679700
85500,5500,1100,"bu","13:39:31",680800
85500,5500,1100,"sd","13:39:33",681900
85500,5500,3000,"sd","13:39:38",684900
85400,5400,1000,"sd","13:39:40",685900
85500,5500,3500,"sd","13:39:43",689400
85600,5600,105500,"bu","13:39:46",794900
85600,5600,500,"sd","13:39:51",795400
85600,5600,100,"sd","13:39:53",795500
85600,5600,3000,"sd","13:39:55",798500
85600,5600,100,"bu","13:39:57",798600
85600,5600,28600,"sd","13:40:12",827200
85600,5600,1000,"sd","13:40:13",828200
85600,5600,100,"sd","13:40:15",828300
85600,5600,500,"bu","13:40:16",828800
85600,5600,100,"bu","13:40:19",828900
85600,5600,1000,"sd","13:40:22",829900
85600,5600,400,"bu","13:40:25",830300
85600,5600,300,"bu","13:40:27",830600
85600,5600,1000,"bu","13:40:28",831600
85600,5600,300,"bu","13:40:31",831900
85600,5600,1400,"bu","13:40:35",833300
85600,5600,500,"bu","13:40:36",833800
85600,5600,2100,"sd","13:40:42",835900
85600,5600,1500,"bu","13:40:55",837400
85600,5600,100,"bu","13:40:58",837500
85600,5600,300,"sd","13:41:04",837800
85600,5600,100,"sd","13:41:08",837900
85600,5600,500,"sd","13:41:18",838400
85600,5600,100,"bu","13:41:43",838500
85600,5600,400,"sd","13:41:46",838900
85600,5600,100,"bu","13:42:03",839000
85600,5600,3000,"bu","13:42:14",842000
85600,5600,100,"sd","13:42:18",842100
85600,5600,300,"sd","13:42:22",842400
85600,5600,1100,"sd","13:42:28",843500
85600,5600,800,"bu","13:42:59",844300
85600,5600,1500,"sd","13:43:00",845800
85600,5600,1700,"sd","13:43:17",847500
85600,5600,100,"sd","13:43:19",847600
85600,5600,800,"sd","13:43:20",848400
85600,5600,400,"sd","13:43:25",848800
85600,5600,500,"sd","13:43:32",849300
85600,5600,3000,"sd","13:43:36",852300
85600,5600,200,"bu","13:43:46",852500
85600,5600,200,"sd","13:44:06",852700
85600,5600,200,"sd","13:44:15",852900
85600,5600,1000,"bu","13:45:08",853900
85600,5600,200,"sd","13:45:18",854100
85600,5600,2000,"bu","13:45:24",856100
85600,5600,1000,"bu","13:45:28",857100
85600,5600,2000,"sd","13:45:31",859100
85600,5600,600,"sd","13:45:34",859700
85600,5600,300,"sd","13:45:48",860000
85600,5600,800,"bu","13:45:56",860800
85600,5600,100,"sd","13:45:59",860900
85600,5600,1000,"sd","13:46:35",861900
85600,5600,1000,"sd","13:46:40",862900
85600,5600,100,"bu","13:46:53",863000
85600,5600,1200,"bu","13:47:32",864200
85600,5600,600,"bu","13:48:57",864800
85600,5600,3100,"bu","13:49:04",867900
85600,5600,200,"bu","13:50:13",868100
85600,5600,1200,"sd","13:50:31",869300
85600,5600,100,"sd","13:51:23",869400
85600,5600,500,"bu","13:51:35",869900
85600,5600,100,"bu","13:52:26",870000
85600,5600,700,"sd","13:53:00",870700
85600,5600,100,"bu","13:53:09",870800
85600,5600,300,"bu","13:53:30",871100
85600,5600,100,"sd","13:53:33",871200
85600,5600,3000,"bu","13:55:33",874200
85600,5600,400,"bu","13:55:38",874600
85600,5600,1000,"bu","13:56:39",875600
85600,5600,200,"sd","13:56:43",875800
85600,5600,500,"bu","13:57:02",876300
85600,5600,200,"bu","13:57:16",876500
85600,5600,500,"sd","13:57:25",877000
85600,5600,100,"bu","13:57:36",877100
85600,5600,111300,"sd","13:57:43",988400
85500,5500,100,"bu","13:57:45",988500
85600,5600,1500,"bu","13:58:05",990000
85500,5500,100,"bu","13:58:23",990100
85600,5600,600,"bu","13:58:34",990700
85600,5600,100,"bu","13:58:45",990800
85600,5600,3100,"bu","13:59:01",993900
85500,5500,100,"bu","13:59:22",994000
85600,5600,2000,"sd","13:59:28",996000
85500,5500,600,"bu","13:59:47",996600
85500,5500,300,"sd","13:59:59",996900
85600,5600,600,"bu","14:00:26",997500
85500,5500,500,"bu","14:00:28",998000
85500,5500,900,"sd","14:00:31",998900
85600,5600,100,"bu","14:00:38",999000
85500,5500,2000,"sd","14:00:46",1001000
85600,5600,600,"sd","14:00:48",1001600
85500,5500,600,"bu","14:00:56",1002200
85600,5600,2000,"sd","14:01:13",1004200
85600,5600,100,"bu","14:01:22",1004300
85600,5600,800,"bu","14:01:27",1005100
85600,5600,1200,"sd","14:01:35",1006300
85500,5500,100,"bu","14:01:56",1006400
85500,5500,1100,"sd","14:02:20",1007500
85500,5500,100,"sd","14:02:27",1007600
85600,5600,1300,"sd","14:02:35",1008900
85600,5600,10000,"bu","14:02:43",1018900
85600,5600,800,"sd","14:02:47",1019700
85500,5500,500,"bu","14:02:49",1020200
85600,5600,2000,"sd","14:02:51",1022200
85600,5600,3000,"sd","14:02:52",1025200
85600,5600,500,"sd","14:02:54",1025700
85600,5600,1300,"bu","14:02:56",1027000
85600,5600,100,"bu","14:02:58",1027100
85600,5600,1100,"bu","14:02:59",1028200
85600,5600,500,"bu","14:03:13",1028700
85600,5600,200,"sd","14:03:47",1028900
85600,5600,100,"sd","14:03:59",1029000
85600,5600,2400,"sd","14:04:27",1031400
85600,5600,1000,"bu","14:04:58",1032400
85600,5600,1200,"sd","14:05:18",1033600
85600,5600,200,"bu","14:05:39",1033800
85600,5600,100,"bu","14:05:55",1033900
85600,5600,600,"sd","14:07:10",1034500
85600,5600,800,"sd","14:07:48",1035300
85600,5600,700,"bu","14:08:27",1036000
85600,5600,700,"sd","14:08:42",1036700
85600,5600,200,"bu","14:09:15",1036900
85600,5600,100,"sd","14:09:18",1037000
85600,5600,10000,"bu","14:09:37",1047000
85600,5600,900,"bu","14:09:45",1047900
85600,5600,6400,"bu","14:10:08",1054300
85600,5600,300,"sd","14:10:11",1054600
85600,5600,100,"sd","14:10:24",1054700
85600,5600,500,"sd","14:11:29",1055200
85600,5600,100,"bu","14:11:30",1055300
85600,5600,500,"bu","14:11:35",1055800
85600,5600,4500,"sd","14:11:59",1060300
85600,5600,700,"bu","14:14:13",1061000
85600,5600,200,"bu","14:15:06",1061200
85600,5600,100,"sd","14:16:30",1061300
85600,5600,400,"sd","14:20:11",1061700
85600,5600,1500,"sd","14:21:58",1063200
85600,5600,500,"sd","14:22:24",1063700
85600,5600,2500,"bu","14:22:29",1066200
85600,5600,400,"bu","14:23:48",1066600
85600,5600,500,"sd","14:23:51",1067100
85600,5600,100,"sd","14:24:33",1067200
85600,5600,500,"sd","14:26:16",1067700
85600,5600,200,"bu","14:26:51",1067900
85600,5600,100,"sd","14:26:56",1068000
85600,5600,200,"bu","14:28:37",1068200
85600,5600,2300,"sd","14:45:07",1070500
