"price","change","match_qtty","side","time","total_vol"
12700,-100,14000,"sd","09:00:07",14000
12600,-200,1000,"bu","09:00:12",34000
12700,-100,1000,"sd","09:00:24",35000
12600,-200,27000,"bu","09:00:25",62000
12600,-200,5000,"bu","09:00:29",67000
12600,-200,1000,"sd","09:00:30",68000
12600,-200,4000,"sd","09:00:32",72000
12500,-300,94000,"sd","09:00:36",166000
12500,-300,1000,"bu","09:00:37",167000
12500,-300,2000,"sd","09:00:42",169000
12500,-300,1000,"sd","09:00:47",170000
12500,-300,2000,"bu","09:00:57",172000
12600,-200,8000,"sd","09:01:24",180000
12600,-200,10000,"bu","09:01:35",190000
12600,-200,1000,"bu","09:02:08",191000
12500,-300,67000,"sd","09:02:24",258000
12500,-300,14000,"bu","09:02:32",272000
12500,-300,1000,"bu","09:02:36",273000
12600,-200,1000,"bu","09:02:49",274000
12600,-200,1000,"bu","09:03:02",275000
12600,-200,5000,"sd","09:03:03",280000
12600,-200,10000,"bu","09:03:43",290000
12600,-200,1000,"bu","09:04:02",291000
12600,-200,2000,"sd","09:04:09",293000
12600,-200,1000,"sd","09:04:35",294000
12600,-200,1000,"bu","09:04:38",295000
12500,-300,100000,"bu","09:04:41",395000
12500,-300,30000,"bu","09:05:08",425000
12500,-300,61000,"bu","09:06:24",486000
12500,-300,1000,"sd","09:06:46",487000
12500,-300,20000,"sd","09:06:56",507000
12500,-300,100000,"sd","09:07:08",607000
12500,-300,5000,"bu","09:07:14",612000
12500,-300,3000,"bu","09:07:21",615000
12500,-300,1000,"sd","09:08:18",616000
12500,-300,1000,"bu","09:08:33",617000
12500,-300,20000,"sd","09:08:43",637000
12400,-400,100000,"sd","09:08:56",737000
12500,-300,4000,"sd","09:09:17",741000
12500,-300,40000,"bu","09:09:25",781000
12600,-200,50000,"bu","09:09:59",831000
12600,-200,50000,"sd","09:11:08",881000
12600,-200,10000,"sd","09:11:13",891000
12600,-200,5000,"bu","09:11:15",896000
12600,-200,2000,"bu","09:12:45",898000
12600,-200,1000,"sd","09:13:06",899000
12600,-200,3000,"bu","09:13:31",902000
12600,-200,34000,"sd","09:15:51",936000
12600,-200,4000,"bu","09:16:16",940000
12500,-300,17000,"bu","09:17:00",957000
12600,-200,10000,"sd","09:17:44",967000
12600,-200,5000,"bu","09:19:30",972000
12600,-200,2000,"sd","09:20:30",974000
12600,-200,2000,"bu","09:21:49",976000
12600,-200,6000,"bu","09:21:51",982000
12600,-200,2000,"bu","09:22:35",984000
12600,-200,2000,"sd","09:24:30",986000
12600,-200,3000,"bu","09:24:52",989000
12600,-200,4000,"sd","09:25:42",993000
12600,-200,10000,"sd","09:25:58",1003000
12600,-200,5000,"bu","09:26:05",1008000
12600,-200,116000,"sd","09:26:39",1124000
12600,-200,5000,"bu","09:26:54",1129000
12600,-200,3000,"sd","09:27:01",1132000
12600,-200,2000,"sd","09:27:21",1134000
12600,-200,10000,"sd","09:27:29",1144000
12600,-200,10000,"bu","09:28:00",1154000
12600,-200,3000,"sd","09:28:21",1157000
12600,-200,20000,"sd","09:28:57",1177000
12600,-200,6000,"bu","09:29:10",1183000
12600,-200,9000,"sd","09:29:28",1192000
12600,-200,1000,"sd","09:29:33",1193000
12600,-200,2000,"sd","09:30:31",1195000
12600,-200,11000,"sd","09:31:22",1206000
12600,-200,26000,"sd","09:31:25",1232000
12600,-200,3000,"sd","09:31:49",1235000
12600,-200,12000,"sd","09:31:58",1247000
12600,-200,1000,"bu","09:32:30",1248000
12600,-200,11000,"sd","09:33:13",1259000
12600,-200,1000,"sd","09:33:58",1260000
12600,-200,188000,"bu","09:34:04",1448000
12600,-200,10000,"bu","09:35:59",1458000
12600,-200,200000,"sd","09:39:40",1658000
12600,-200,39000,"sd","09:40:10",1697000
12600,-200,17000,"sd","09:40:33",1714000
12600,-200,3000,"sd","09:43:37",1717000
12600,-200,32000,"sd","09:44:35",1749000
12600,-200,19000,"sd","09:45:29",1768000
12600,-200,4000,"bu","09:45:59",1772000
12600,-200,1000,"sd","09:46:35",1773000
12600,-200,446000,"sd","09:50:14",2219000
12600,-200,85000,"bu","09:51:33",2304000
12600,-200,4000,"bu","09:54:18",2308000
12600,-200,10000,"bu","09:56:34",2318000
12600,-200,15000,"sd","09:56:39",2333000
12600,-200,34000,"bu","09:57:40",2367000
12600,-200,1000,"bu","09:57:44",2368000
12600,-200,1000,"bu","09:58:49",2369000
12600,-200,3000,"sd","09:59:39",2372000
12600,-200,10000,"sd","09:59:55",2382000
12600,-200,1000,"sd","10:00:14",2383000
12600,-200,1000,"sd","10:00:50",2384000
12600,-200,1000,"sd","10:01:31",2385000
12600,-200,2000,"bu","10:04:02",2387000
12600,-200,2000,"bu","10:04:40",2389000
12500,-300,2000,"bu","10:07:12",2391000
12600,-200,1000,"sd","10:13:25",2392000
12600,-200,10000,"sd","10:13:57",2402000
12600,-200,1000,"sd","10:14:08",2403000
12600,-200,1000,"sd","10:15:20",2404000
12600,-200,23000,"bu","10:15:56",2427000
12600,-200,7000,"bu","10:15:58",2434000
12600,-200,50000,"bu","10:16:31",2484000
12600,-200,5000,"sd","10:17:51",2489000
12600,-200,3000,"bu","10:18:46",2492000
12500,-300,2000,"sd","10:19:26",2494000
12600,-200,6000,"sd","10:19:45",2500000
12600,-200,2000,"bu","10:19:47",2502000
12600,-200,75000,"sd","10:22:17",2577000
12600,-200,7000,"bu","10:22:26",2584000
12600,-200,2000,"bu","10:22:57",2586000
12600,-200,50000,"bu","10:22:58",2636000
12600,-200,10000,"sd","10:23:24",2646000
12600,-200,3000,"sd","10:23:59",2649000
12600,-200,2000,"sd","10:24:05",2651000
12600,-200,24000,"bu","10:24:24",2675000
12600,-200,100000,"bu","10:24:27",2775000
12600,-200,14000,"bu","10:24:30",2789000
12600,-200,5000,"sd","10:24:34",2794000
12600,-200,10000,"bu","10:24:39",2804000
12600,-200,4000,"sd","10:25:34",2808000
12600,-200,5000,"bu","10:26:53",2813000
12600,-200,5000,"sd","10:30:08",2818000
12600,-200,1000,"sd","10:30:57",2819000
12600,-200,1000,"bu","10:31:06",2820000
12600,-200,4000,"sd","10:31:21",2824000
12600,-200,1000,"bu","10:31:28",2825000
12600,-200,20000,"sd","10:34:25",2845000
12600,-200,10000,"sd","10:35:00",2855000
12600,-200,4000,"bu","10:35:42",2859000
12600,-200,2000,"bu","10:36:02",2861000
12600,-200,2000,"bu","10:37:03",2863000
12600,-200,1000,"bu","10:37:18",2864000
12600,-200,100000,"sd","10:38:06",2964000
12600,-200,10000,"bu","10:39:25",2974000
12600,-200,40000,"bu","10:39:26",3014000
12600,-200,12000,"sd","10:40:11",3026000
12600,-200,20000,"sd","10:43:08",3046000
12600,-200,13000,"sd","10:46:14",3059000
12600,-200,1000,"bu","10:47:17",3060000
12600,-200,1000,"bu","10:48:00",3061000
12600,-200,2000,"sd","10:48:27",3063000
12600,-200,1000,"bu","10:49:25",3064000
12600,-200,1000,"bu","10:49:43",3065000
12600,-200,1000,"sd","10:52:57",3066000
12600,-200,2000,"bu","10:55:46",3068000
12500,-300,14000,"sd","10:57:10",3082000
12500,-300,10000,"bu","11:00:04",3092000
12600,-200,4000,"bu","11:02:02",3096000
12600,-200,1000,"bu","11:03:49",3097000
12600,-200,1000,"bu","11:04:58",3098000
12500,-300,100000,"bu","11:09:24",3198000
12500,-300,20000,"sd","11:09:38",3218000
12500,-300,400000,"sd","11:09:52",3618000
12500,-300,35000,"sd","11:13:19",3653000
12500,-300,3000,"sd","11:15:23",3656000
12500,-300,250000,"sd","11:16:39",3906000
12500,-300,4000,"bu","11:18:56",3910000
12600,-200,40000,"bu","11:19:48",3950000
12600,-200,2000,"sd","11:21:59",3952000
12500,-300,4000,"sd","11:22:14",3956000
12500,-300,3000,"bu","11:28:48",3959000
12500,-300,3000,"bu","11:29:55",3962000
12600,-200,1000,"bu","13:00:09",3963000
12500,-300,250000,"bu","13:00:09",4213000
12500,-300,2000,"sd","13:00:43",4215000
12500,-300,30000,"sd","13:05:47",4245000
12500,-300,55000,"bu","13:06:46",4300000
12600,-200,50000,"bu","13:08:49",4350000
12600,-200,3000,"sd","13:10:19",4353000
12600,-200,1000,"bu","13:17:18",4354000
12600,-200,2000,"sd","13:18:30",4356000
12600,-200,10000,"sd","13:18:51",4366000
12600,-200,5000,"bu","13:21:11",4371000
12600,-200,20000,"bu","13:26:19",4391000
12600,-200,30000,"sd","13:26:53",4421000
12600,-200,3000,"sd","13:27:05",4424000
12600,-200,46000,"sd","13:28:38",4470000
12600,-200,5000,"bu","13:28:54",4475000
12600,-200,46000,"sd","13:31:19",4521000
12600,-200,1000,"bu","13:33:47",4522000
12600,-200,1000,"bu","13:33:50",4523000
12600,-200,1000,"sd","13:36:52",4524000
12500,-300,24000,"sd","13:42:03",4548000
12600,-200,1000,"sd","13:47:03",4549000
12600,-200,3000,"sd","13:49:12",4552000
12600,-200,4000,"bu","13:50:18",4556000
12500,-300,30000,"sd","13:53:17",4586000
12600,-200,5000,"bu","13:55:07",4591000
12500,-300,50000,"sd","14:01:47",4641000
12600,-200,5000,"bu","14:01:53",4646000
12600,-200,3000,"sd","14:02:05",4649000
12600,-200,3000,"sd","14:03:55",4652000
12500,-300,10000,"bu","14:06:30",4662000
12500,-300,1000,"sd","14:08:25",4663000
12500,-300,1000,"bu","14:08:43",4664000
12500,-300,200000,"bu","14:09:04",4864000
12500,-300,50000,"sd","14:09:19",4914000
12500,-300,23000,"sd","14:09:27",4937000
12500,-300,11000,"bu","14:10:28",4948000
12500,-300,2000,"sd","14:11:00",4950000
12500,-300,1000,"sd","14:11:16",4951000
12500,-300,5000,"bu","14:11:26",4956000
12500,-300,5000,"bu","14:11:30",4961000
12500,-300,2000,"bu","14:11:34",4963000
12500,-300,1000,"bu","14:11:48",4964000
12500,-300,137000,"sd","14:13:09",5101000
12500,-300,3000,"bu","14:14:19",5104000
12500,-300,15000,"bu","14:15:35",5119000
12600,-200,88000,"bu","14:16:23",5207000
12500,-300,8000,"sd","14:20:18",5215000
12600,-200,133000,"bu","14:20:23",5348000
12600,-200,10000,"sd","14:20:34",5358000
12600,-200,3000,"sd","14:20:45",5361000
12600,-200,48000,"sd","14:20:52",5409000
12600,-200,100000,"sd","14:21:04",5509000
12600,-200,55000,"bu","14:21:19",5564000
12600,-200,3000,"sd","14:21:40",5567000
12600,-200,2000,"sd","14:21:50",5569000
12600,-200,6000,"sd","14:21:56",5575000
12700,-100,1000,"sd","14:23:10",5576000
12700,-100,50000,"sd","14:23:38",5626000
12700,-100,10000,"bu","14:23:43",5636000
12700,-100,22000,"sd","14:23:49",5658000
12800,0,200000,"bu","14:24:08",5858000
12800,0,1000,"bu","14:24:12",5859000
12800,0,1000,"sd","14:25:19",5860000
12800,0,550000,"bu","14:26:40",6410000
12800,0,7000,"bu","14:26:47",6417000
12900,100,1000,"bu","14:27:02",6418000
12900,100,40000,"sd","14:28:11",6458000
12900,100,50000,"sd","14:28:18",6508000
12800,0,50000,"sd","14:28:39",6558000
12900,100,30000,"sd","14:28:47",6588000
12900,100,1000,"sd","14:28:54",6589000
12900,100,50000,"bu","14:28:57",6639000
12900,100,5000,"bu","14:29:02",6644000
12900,100,2000,"sd","14:29:03",6646000
12900,100,1000,"bu","14:29:22",6647000
12900,100,15000,"sd","14:29:42",6662000
12900,100,5000,"sd","14:29:44",6667000
12900,100,225000,"sd","14:45:06",6892000
