"price","change","match_qtty","side","time","total_vol"
16200,-50,215100,"bu","09:15:08",215100
16200,-50,1000,"bu","09:15:13",216100
16200,-50,200,"sd","09:15:14",216300
16200,-50,1200,"sd","09:15:25",217500
16200,-50,100,"bu","09:15:30",217600
16200,-50,88200,"sd","09:15:30",305800
16200,-50,10900,"bu","09:15:30",316700
16200,-50,20900,"sd","09:15:30",337600
16200,-50,4100,"bu","09:15:31",341700
16200,-50,100,"bu","09:15:31",341800
16200,-50,11200,"bu","09:15:47",353000
16200,-50,7400,"bu","09:15:47",360400
16200,-50,1400,"bu","09:15:49",361800
16149.999999999998,-100,1000,"sd","09:15:54",362800
16200,-50,300,"sd","09:16:00",363100
16149.999999999998,-100,13700,"sd","09:16:01",376800
16149.999999999998,-100,100,"sd","09:16:08",376900
16149.999999999998,-100,1400,"sd","09:16:09",378300
16149.999999999998,-100,48600,"bu","09:16:09",426900
16149.999999999998,-100,2100,"sd","09:16:14",429000
16149.999999999998,-100,15000,"sd","09:16:18",444000
16149.999999999998,-100,5000,"sd","09:16:28",449000
16149.999999999998,-100,2000,"bu","09:16:34",451000
16149.999999999998,-100,5500,"bu","09:16:36",456500
16149.999999999998,-100,5500,"bu","09:16:36",462000
16149.999999999998,-100,200,"bu","09:16:37",462200
16149.999999999998,-100,1900,"sd","09:16:43",464100
16149.999999999998,-100,400,"bu","09:16:44",464500
16149.999999999998,-100,5000,"sd","09:16:44",469500
16149.999999999998,-100,43600,"sd","09:16:48",513100
16149.999999999998,-100,6400,"bu","09:16:48",519500
16100.000000000002,-150,75100,"bu","09:16:51",594600
16100.000000000002,-150,57900,"bu","09:16:51",652500
16149.999999999998,-100,100,"bu","09:16:53",652600
16149.999999999998,-100,7900,"sd","09:16:55",660500
16149.999999999998,-100,2100,"sd","09:16:56",662600
16200,-50,200,"bu","09:16:57",662800
16149.999999999998,-100,6200,"bu","09:16:58",669000
16149.999999999998,-100,10300,"bu","09:17:02",679300
16149.999999999998,-100,500,"bu","09:17:06",679800
16149.999999999998,-100,5500,"bu","09:17:12",685300
16149.999999999998,-100,2000,"bu","09:17:19",687300
16200,-50,100,"bu","09:17:20",687400
16149.999999999998,-100,1200,"sd","09:17:20",688600
16200,-50,10000,"sd","09:17:21",698600
16149.999999999998,-100,1000,"sd","09:17:24",699600
16200,-50,100,"bu","09:17:25",699700
16200,-50,3200,"bu","09:17:25",702900
16200,-50,9200,"sd","09:17:25",712100
16200,-50,1300,"sd","09:17:34",713400
16200,-50,18700,"bu","09:17:34",732100
16149.999999999998,-100,300,"sd","09:17:36",732400
16149.999999999998,-100,2000,"sd","09:17:44",734400
16149.999999999998,-100,100,"sd","09:17:46",734500
16149.999999999998,-100,200,"sd","09:17:54",734700
16149.999999999998,-100,1000,"sd","09:17:55",735700
16149.999999999998,-100,3500,"sd","09:18:01",739200
16149.999999999998,-100,1000,"sd","09:18:03",740200
16149.999999999998,-100,400,"bu","09:18:05",740600
16149.999999999998,-100,100,"bu","09:18:11",740700
16200,-50,800,"sd","09:18:15",741500
16149.999999999998,-100,10000,"bu","09:18:23",751500
16200,-50,300,"sd","09:18:25",751800
16200,-50,2900,"bu","09:18:28",754700
16149.999999999998,-100,600,"sd","09:18:28",755300
16149.999999999998,-100,1500,"sd","09:18:31",756800
16149.999999999998,-100,4500,"sd","09:18:33",761300
16200,-50,9800,"sd","09:18:35",771100
16149.999999999998,-100,700,"bu","09:18:38",771800
16149.999999999998,-100,1000,"sd","09:18:40",772800
16200,-50,3000,"sd","09:18:46",775800
16149.999999999998,-100,3000,"bu","09:18:51",778800
16149.999999999998,-100,300,"bu","09:18:51",779100
16149.999999999998,-100,1100,"bu","09:19:01",780200
16200,-50,5000,"sd","09:19:07",785200
16200,-50,2000,"bu","09:19:07",787200
16149.999999999998,-100,500,"bu","09:19:08",787700
16149.999999999998,-100,900,"sd","09:19:09",788600
16149.999999999998,-100,900,"sd","09:19:10",789500
16149.999999999998,-100,1400,"sd","09:19:15",790900
16149.999999999998,-100,200,"bu","09:19:20",791100
16149.999999999998,-100,2000,"sd","09:19:25",793100
16149.999999999998,-100,200,"sd","09:19:26",793300
16200,-50,50000,"bu","09:19:27",843300
16200,-50,2200,"sd","09:19:30",845500
16200,-50,54500,"sd","09:19:30",900000
16200,-50,300,"sd","09:19:32",900300
16200,-50,3100,"sd","09:19:33",903400
16200,-50,20000,"sd","09:19:35",923400
16200,-50,1500,"bu","09:19:35",924900
16200,-50,2300,"bu","09:19:36",927200
16200,-50,5000,"bu","09:19:38",932200
16200,-50,1000,"sd","09:19:41",933200
16200,-50,2000,"sd","09:19:42",935200
16200,-50,100,"sd","09:19:44",935300
16200,-50,1000,"bu","09:19:47",936300
16200,-50,200,"sd","09:19:52",936500
16200,-50,100,"bu","09:19:53",936600
16200,-50,1000,"sd","09:19:53",937600
16200,-50,5000,"sd","09:19:55",942600
16200,-50,100,"bu","09:19:59",942700
16200,-50,10000,"sd","09:19:59",952700
16200,-50,5000,"sd","09:20:01",957700
16250,0,200,"sd","09:20:02",957900
16250,0,1100,"sd","09:20:06",959000
16200,-50,300,"sd","09:20:12",959300
16200,-50,2500,"sd","09:20:14",961800
16200,-50,1500,"bu","09:20:24",963300
16200,-50,100,"sd","09:20:24",963400
16200,-50,1100,"bu","09:20:25",964500
16200,-50,2000,"bu","09:20:25",966500
16200,-50,200,"sd","09:20:26",966700
16200,-50,100,"sd","09:20:26",966800
16200,-50,1000,"bu","09:20:28",967800
16200,-50,6000,"sd","09:20:32",973800
16200,-50,1500,"bu","09:20:39",975300
16200,-50,10200,"sd","09:20:43",985500
16200,-50,500,"sd","09:20:46",986000
16250,0,200,"sd","09:20:47",986200
16200,-50,10000,"bu","09:20:48",996200
16250,0,2000,"sd","09:20:50",998200
16250,0,1000,"sd","09:20:53",999200
16250,0,5000,"sd","09:20:56",1004200
16250,0,10000,"bu","09:20:57",1014200
16250,0,700,"sd","09:21:03",1014900
16250,0,50000,"bu","09:21:03",1064900
16250,0,2000,"sd","09:21:09",1066900
16200,-50,1000,"sd","09:21:13",1067900
16200,-50,500,"sd","09:21:15",1068400
16250,0,10000,"bu","09:21:20",1078400
16250,0,50000,"sd","09:21:24",1128400
16200,-50,100,"sd","09:21:27",1128500
16250,0,5100,"bu","09:21:29",1133600
16250,0,500,"bu","09:21:31",1134100
16250,0,200,"bu","09:21:36",1134300
16250,0,6000,"sd","09:21:38",1140300
16250,0,300,"sd","09:21:40",1140600
16250,0,20000,"sd","09:21:41",1160600
16250,0,13600,"sd","09:21:42",1174200
16250,0,20400,"sd","09:21:42",1194600
16250,0,1500,"bu","09:21:42",1196100
16250,0,100,"sd","09:21:44",1196200
16250,0,300,"bu","09:21:44",1196500
16250,0,5000,"bu","09:21:47",1201500
16250,0,100,"bu","09:21:49",1201600
16250,0,1000,"bu","09:21:49",1202600
16250,0,4800,"bu","09:22:02",1207400
16250,0,7000,"sd","09:22:03",1214400
16300,50,5000,"bu","09:22:04",1219400
16250,0,400,"sd","09:22:06",1219800
16250,0,1100,"bu","09:22:17",1220900
16300,50,100,"sd","09:22:18",1221000
16300,50,200,"bu","09:22:25",1221200
16250,0,400,"sd","09:22:26",1221600
16300,50,10000,"sd","09:22:26",1231600
16300,50,200,"bu","09:22:27",1231800
16300,50,1000,"sd","09:22:29",1232800
16300,50,25000,"sd","09:22:31",1257800
16300,50,1000,"bu","09:22:31",1258800
16300,50,200,"bu","09:22:32",1259000
16300,50,1100,"bu","09:22:33",1260100
16300,50,100,"sd","09:22:34",1260200
16300,50,3400,"sd","09:22:41",1263600
16300,50,2700,"sd","09:22:42",1266300
16300,50,54600,"sd","09:22:42",1320900
16300,50,3000,"sd","09:22:43",1323900
16300,50,1000,"bu","09:22:44",1324900
16350.000000000002,100,10000,"sd","09:22:50",1334900
16300,50,5000,"sd","09:22:52",1339900
16300,50,200,"sd","09:22:53",1340100
16350.000000000002,100,2000,"sd","09:22:59",1342100
16350.000000000002,100,20000,"sd","09:23:01",1362100
16350.000000000002,100,200,"sd","09:23:01",1362300
16350.000000000002,100,500,"sd","09:23:01",1362800
16300,50,100,"bu","09:23:02",1362900
16350.000000000002,100,500,"bu","09:23:03",1363400
16350.000000000002,100,6600,"bu","09:23:05",1370000
16350.000000000002,100,10000,"sd","09:23:05",1380000
16350.000000000002,100,5000,"sd","09:23:05",1385000
16350.000000000002,100,1000,"sd","09:23:05",1386000
16300,50,1300,"bu","09:23:07",1387300
16350.000000000002,100,2000,"bu","09:23:10",1389300
16350.000000000002,100,4000,"sd","09:23:13",1393300
16350.000000000002,100,5000,"bu","09:23:15",1398300
16350.000000000002,100,9500,"sd","09:23:18",1407800
16350.000000000002,100,200,"bu","09:23:18",1408000
16350.000000000002,100,5800,"sd","09:23:21",1413800
16350.000000000002,100,1000,"sd","09:23:22",1414800
16350.000000000002,100,500,"sd","09:23:24",1415300
16400,150,400,"sd","09:23:29",1415700
16350.000000000002,100,1000,"bu","09:23:30",1416700
16400,150,100,"bu","09:23:32",1416800
16400,150,49900,"bu","09:23:32",1466700
16400,150,5000,"bu","09:23:36",1471700
16400,150,10000,"sd","09:23:37",1481700
16400,150,1000,"bu","09:23:40",1482700
16400,150,500,"sd","09:23:42",1483200
16400,150,2000,"sd","09:23:42",1485200
16400,150,50000,"bu","09:23:45",1535200
16400,150,500,"sd","09:23:46",1535700
16400,150,7000,"sd","09:23:47",1542700
16400,150,5000,"bu","09:23:47",1547700
16400,150,8000,"bu","09:23:47",1555700
16400,150,5000,"sd","09:23:51",1560700
16400,150,90200,"sd","09:23:51",1650900
16400,150,8500,"sd","09:23:52",1659400
16400,150,100,"sd","09:23:52",1659500
16400,150,1000,"bu","09:23:53",1660500
16400,150,500,"bu","09:23:54",1661000
16400,150,4500,"bu","09:23:55",1665500
16400,150,200,"bu","09:23:55",1665700
16400,150,100,"sd","09:23:56",1665800
16400,150,200,"sd","09:23:56",1666000
16400,150,54500,"bu","09:24:00",1720500
16400,150,1100,"bu","09:24:02",1721600
16400,150,8000,"sd","09:24:02",1729600
16400,150,10000,"bu","09:24:04",1739600
16400,150,13100,"sd","09:24:05",1752700
16400,150,3400,"bu","09:24:06",1756100
16400,150,17400,"sd","09:24:06",1773500
16400,150,2000,"sd","09:24:07",1775500
16400,150,600,"bu","09:24:08",1776100
16400,150,2500,"bu","09:24:11",1778600
16400,150,500,"bu","09:24:11",1779100
16400,150,5200,"bu","09:24:12",1784300
16400,150,1000,"sd","09:24:13",1785300
16400,150,2000,"sd","09:24:13",1787300
16400,150,20000,"sd","09:24:13",1807300
16400,150,1100,"sd","09:24:14",1808400
16400,150,500,"sd","09:24:14",1808900
16400,150,1000,"sd","09:24:15",1809900
16400,150,76800,"sd","09:24:20",1886700
16400,150,5000,"bu","09:24:23",1891700
16400,150,10900,"bu","09:24:23",1902600
16400,150,3000,"bu","09:24:24",1905600
16400,150,20000,"sd","09:24:26",1925600
16400,150,2000,"sd","09:24:32",1927600
16450,200,169300,"sd","09:24:39",2096900
16450,200,400,"bu","09:24:41",2097300
16450,200,5000,"bu","09:24:43",2102300
16450,200,100,"bu","09:24:45",2102400
16450,200,500,"sd","09:24:49",2102900
16500,250,3000,"bu","09:24:50",2105900
16450,200,20000,"sd","09:24:50",2125900
16450,200,1000,"sd","09:24:51",2126900
16500,250,1000,"sd","09:24:51",2127900
16500,250,100,"bu","09:24:52",2128000
16500,250,2500,"sd","09:24:54",2130500
16500,250,200,"sd","09:24:57",2130700
16500,250,15000,"bu","09:24:59",2145700
16500,250,2900,"sd","09:24:59",2148600
16500,250,1000,"bu","09:25:00",2149600
16450,200,200,"sd","09:25:01",2149800
16500,250,1000,"sd","09:25:01",2150800
16450,200,900,"sd","09:25:01",2151700
16500,250,100,"sd","09:25:02",2151800
16500,250,3000,"bu","09:25:02",2154800
16500,250,11000,"bu","09:25:02",2165800
16500,250,1000,"sd","09:25:02",2166800
16500,250,15000,"bu","09:25:06",2181800
16500,250,3000,"sd","09:25:07",2184800
16500,250,30000,"bu","09:25:07",2214800
16500,250,20000,"bu","09:25:09",2234800
16500,250,200,"bu","09:25:10",2235000
16500,250,20000,"sd","09:25:11",2255000
16500,250,9300,"bu","09:25:13",2264300
16500,250,2500,"bu","09:25:13",2266800
16500,250,200,"bu","09:25:15",2267000
16500,250,300,"sd","09:25:16",2267300
16500,250,1000,"bu","09:25:17",2268300
16500,250,1800,"bu","09:25:18",2270100
16500,250,2000,"bu","09:25:19",2272100
16500,250,1000,"sd","09:25:19",2273100
16500,250,200,"bu","09:25:20",2273300
16500,250,5200,"sd","09:25:21",2278500
16500,250,15700,"sd","09:25:22",2294200
16500,250,5000,"bu","09:25:22",2299200
16500,250,700,"bu","09:25:23",2299900
16500,250,200,"bu","09:25:24",2300100
16500,250,600,"bu","09:25:24",2300700
16500,250,5000,"sd","09:25:24",2305700
16500,250,300,"sd","09:25:25",2306000
16500,250,10000,"sd","09:25:26",2316000
16500,250,20000,"sd","09:25:26",2336000
16500,250,1000,"bu","09:25:28",2337000
16450,200,100,"bu","09:25:28",2337100
16500,250,500,"sd","09:25:29",2337600
16500,250,1600,"sd","09:25:29",2339200
16500,250,29100,"bu","09:25:30",2368300
16500,250,60300,"sd","09:25:30",2428600
16500,250,30500,"bu","09:25:31",2459100
16500,250,50500,"bu","09:25:37",2509600
16500,250,25000,"bu","09:25:40",2534600
16500,250,500,"bu","09:25:40",2535100
16500,250,700,"bu","09:25:45",2535800
16500,250,2600,"sd","09:25:46",2538400
16550,300,600,"sd","09:25:47",2539000
16550,300,500,"bu","09:25:49",2539500
16550,300,19500,"sd","09:25:50",2559000
16500,250,100200,"bu","09:25:50",2659200
16550,300,200,"sd","09:25:53",2659400
16500,250,4200,"sd","09:25:54",2663600
16500,250,1000,"sd","09:25:54",2664600
16550,300,100,"sd","09:25:55",2664700
16500,250,10000,"bu","09:25:55",2674700
16550,300,2000,"bu","09:25:55",2676700
16500,250,2700,"sd","09:25:56",2679400
16500,250,100,"bu","09:25:56",2679500
16500,250,8500,"bu","09:25:56",2688000
16500,250,1000,"sd","09:25:57",2689000
16500,250,5000,"bu","09:25:57",2694000
16500,250,20000,"sd","09:25:59",2714000
16500,250,1000,"bu","09:25:59",2715000
16500,250,2000,"sd","09:26:00",2717000
16500,250,30900,"sd","09:26:00",2747900
16550,300,69100,"bu","09:26:00",2817000
16500,250,1500,"sd","09:26:02",2818500
16550,300,5200,"sd","09:26:02",2823700
16500,250,200,"bu","09:26:04",2823900
16500,250,1000,"sd","09:26:07",2824900
16500,250,100,"sd","09:26:08",2825000
16550,300,5000,"sd","09:26:09",2830000
16500,250,5000,"sd","09:26:12",2835000
16500,250,5000,"sd","09:26:13",2840000
16550,300,200,"sd","09:26:14",2840200
16500,250,500,"bu","09:26:16",2840700
16550,300,1100,"bu","09:26:17",2841800
16500,250,100,"bu","09:26:19",2841900
16500,250,2000,"bu","09:26:21",2843900
16550,300,1900,"sd","09:26:23",2845800
16500,250,9900,"sd","09:26:25",2855700
16500,250,2700,"bu","09:26:28",2858400
16500,250,5100,"bu","09:26:28",2863500
16550,300,1000,"bu","09:26:32",2864500
16500,250,500,"sd","09:26:34",2865000
16500,250,1100,"sd","09:26:35",2866100
16500,250,20000,"bu","09:26:36",2886100
16550,300,600,"sd","09:26:36",2886700
16500,250,5000,"bu","09:26:39",2891700
16500,250,1000,"bu","09:26:42",2892700
16500,250,500,"sd","09:26:44",2893200
16500,250,2200,"sd","09:26:48",2895400
16500,250,100,"sd","09:26:52",2895500
16500,250,300,"sd","09:26:53",2895800
16500,250,1000,"sd","09:26:55",2896800
16500,250,5000,"sd","09:26:56",2901800
16500,250,100,"bu","09:26:56",2901900
16500,250,2600,"bu","09:26:58",2904500
16500,250,2900,"bu","09:26:58",2907400
16550,300,27000,"bu","09:26:59",2934400
16550,300,10300,"sd","09:27:00",2944700
16550,300,2800,"sd","09:27:04",2947500
16500,250,1000,"sd","09:27:05",2948500
16500,250,1300,"sd","09:27:07",2949800
16500,250,20000,"bu","09:27:09",2969800
16500,250,200,"sd","09:27:09",2970000
16550,300,1000,"bu","09:27:10",2971000
16500,250,2000,"sd","09:27:12",2973000
16500,250,200,"bu","09:27:12",2973200
16500,250,500,"sd","09:27:13",2973700
16500,250,1500,"bu","09:27:15",2975200
16500,250,500,"sd","09:27:16",2975700
16500,250,100,"bu","09:27:17",2975800
16500,250,72200,"sd","09:27:17",3048000
16500,250,3000,"bu","09:27:18",3051000
16500,250,1800,"bu","09:27:19",3052800
16500,250,20000,"sd","09:27:25",3072800
16500,250,1000,"sd","09:27:26",3073800
16500,250,2000,"sd","09:27:27",3075800
16500,250,4000,"sd","09:27:28",3079800
16500,250,10000,"sd","09:27:29",3089800
16500,250,5000,"sd","09:27:31",3094800
16500,250,2000,"bu","09:27:32",3096800
16500,250,300,"bu","09:27:37",3097100
16500,250,5000,"bu","09:27:38",3102100
16500,250,2800,"sd","09:27:46",3104900
16450,200,20000,"bu","09:27:55",3124900
16500,250,5000,"sd","09:27:55",3129900
16500,250,15000,"bu","09:27:59",3144900
16500,250,8100,"sd","09:28:02",3153000
16500,250,500,"bu","09:28:08",3153500
16450,200,20400,"bu","09:28:16",3173900
16450,200,6400,"bu","09:28:16",3180300
16450,200,1700,"sd","09:28:17",3182000
16400,150,300,"sd","09:28:22",3182300
16450,200,4600,"bu","09:28:22",3186900
16450,200,200,"bu","09:28:25",3187100
16450,200,100,"sd","09:28:27",3187200
16450,200,3800,"sd","09:28:28",3191000
16450,200,20000,"sd","09:28:33",3211000
16450,200,1800,"bu","09:28:34",3212800
16450,200,5000,"bu","09:28:38",3217800
16450,200,1500,"sd","09:28:49",3219300
16450,200,300,"sd","09:28:50",3219600
16450,200,5000,"sd","09:28:50",3224600
16450,200,2000,"bu","09:28:55",3226600
16450,200,100,"sd","09:28:57",3226700
16450,200,17700,"bu","09:29:00",3244400
16450,200,5000,"sd","09:29:02",3249400
16450,200,100,"sd","09:29:03",3249500
16450,200,9600,"sd","09:29:06",3259100
16450,200,400,"bu","09:29:06",3259500
16450,200,300,"bu","09:29:07",3259800
16450,200,2000,"bu","09:29:26",3261800
16450,200,100,"bu","09:29:29",3261900
16450,200,9000,"sd","09:29:39",3270900
16450,200,600,"sd","09:29:41",3271500
16450,200,700,"bu","09:29:56",3272200
16400,150,80000,"bu","09:30:02",3352200
16450,200,3500,"sd","09:30:04",3355700
16400,150,17000,"sd","09:30:09",3372700
16450,200,300,"sd","09:30:14",3373000
16400,150,1000,"sd","09:30:16",3374000
16400,150,300,"sd","09:30:21",3374300
16400,150,1000,"sd","09:30:23",3375300
16400,150,100,"bu","09:30:23",3375400
16400,150,3000,"sd","09:30:32",3378400
16400,150,5000,"bu","09:30:36",3383400
16400,150,10000,"bu","09:30:36",3393400
16400,150,5000,"bu","09:30:40",3398400
16400,150,100,"sd","09:30:42",3398500
16400,150,200,"bu","09:30:42",3398700
16400,150,100,"sd","09:30:43",3398800
16400,150,200,"sd","09:30:49",3399000
16400,150,300,"sd","09:30:50",3399300
16400,150,1000,"sd","09:30:50",3400300
16400,150,100,"sd","09:30:51",3400400
16400,150,300,"bu","09:30:52",3400700
16400,150,5000,"bu","09:30:52",3405700
16400,150,300,"sd","09:30:53",3406000
16450,200,1000,"sd","09:30:59",3407000
16400,150,3000,"bu","09:31:09",3410000
16450,200,5000,"bu","09:31:10",3415000
16400,150,3000,"sd","09:31:11",3418000
16450,200,10000,"bu","09:31:19",3428000
16400,150,60000,"bu","09:31:20",3488000
16450,200,1000,"sd","09:31:22",3489000
16400,150,800,"bu","09:31:25",3489800
16400,150,12600,"sd","09:31:28",3502400
16400,150,2100,"sd","09:31:28",3504500
16350.000000000002,100,1000,"bu","09:31:32",3505500
16350.000000000002,100,3000,"sd","09:31:43",3508500
16350.000000000002,100,19600,"sd","09:31:47",3528100
16400,150,5300,"sd","09:31:57",3533400
16350.000000000002,100,30800,"sd","09:32:01",3564200
16350.000000000002,100,6200,"sd","09:32:01",3570400
16400,150,500,"bu","09:32:01",3570900
16350.000000000002,100,900,"sd","09:32:06",3571800
16350.000000000002,100,500,"sd","09:32:08",3572300
16400,150,700,"sd","09:32:12",3573000
16400,150,100,"sd","09:32:18",3573100
16350.000000000002,100,1000,"sd","09:32:26",3574100
16350.000000000002,100,200,"sd","09:32:39",3574300
16350.000000000002,100,3000,"bu","09:32:43",3577300
16350.000000000002,100,100,"sd","09:32:48",3577400
16350.000000000002,100,1000,"sd","09:32:49",3578400
16350.000000000002,100,11000,"sd","09:33:07",3589400
16350.000000000002,100,1000,"sd","09:33:10",3590400
16400,150,6000,"bu","09:33:22",3596400
16350.000000000002,100,1000,"bu","09:33:23",3597400
16350.000000000002,100,2000,"bu","09:33:33",3599400
16400,150,3500,"bu","09:33:38",3602900
16350.000000000002,100,2000,"sd","09:33:43",3604900
16350.000000000002,100,700,"sd","09:34:03",3605600
16350.000000000002,100,10000,"bu","09:34:04",3615600
16350.000000000002,100,500,"sd","09:34:05",3616100
16350.000000000002,100,600,"bu","09:34:06",3616700
16350.000000000002,100,400,"bu","09:34:07",3617100
16400,150,30000,"bu","09:34:12",3647100
16400,150,1000,"sd","09:34:30",3648100
16450,200,100000,"sd","09:34:32",3748100
16400,150,1000,"bu","09:34:37",3749100
16400,150,1100,"bu","09:34:38",3750200
16400,150,200,"sd","09:34:58",3750400
16450,200,100000,"bu","09:35:06",3850400
16400,150,100,"sd","09:35:07",3850500
16400,150,5000,"sd","09:35:09",3855500
16450,200,10000,"sd","09:35:12",3865500
16400,150,1100,"sd","09:35:14",3866600
16400,150,300,"sd","09:35:16",3866900
16400,150,1300,"bu","09:35:29",3868200
16450,200,3700,"bu","09:35:29",3871900
16400,150,300,"sd","09:35:30",3872200
16400,150,600,"bu","09:35:31",3872800
16400,150,500,"bu","09:35:35",3873300
16400,150,3500,"bu","09:35:38",3876800
16450,200,56200,"bu","09:35:40",3933000
16450,200,2000,"bu","09:35:43",3935000
16450,200,7100,"bu","09:35:43",3942100
16450,200,300,"sd","09:35:44",3942400
16450,200,400,"sd","09:35:46",3942800
16450,200,3000,"sd","09:35:47",3945800
16500,250,50000,"bu","09:35:54",3995800
16450,200,1500,"sd","09:35:55",3997300
16450,200,700,"bu","09:36:00",3998000
16450,200,1000,"bu","09:36:00",3999000
16450,200,3500,"bu","09:36:01",4002500
16450,200,100,"bu","09:36:04",4002600
16500,250,2000,"sd","09:36:05",4004600
16450,200,100,"bu","09:36:10",4004700
16450,200,400,"sd","09:36:12",4005100
16450,200,500,"sd","09:36:22",4005600
16450,200,1500,"bu","09:36:26",4007100
16450,200,1500,"sd","09:36:28",4008600
16450,200,200,"sd","09:36:30",4008800
16450,200,1000,"sd","09:36:32",4009800
16450,200,100,"bu","09:36:33",4009900
16450,200,1000,"sd","09:36:36",4010900
16450,200,400,"bu","09:36:37",4011300
16450,200,700,"sd","09:36:41",4012000
16500,250,400,"sd","09:36:41",4012400
16450,200,500,"sd","09:36:45",4012900
16450,200,100,"sd","09:36:46",4013000
16500,250,20000,"sd","09:36:54",4033000
16450,200,15000,"bu","09:36:56",4048000
16450,200,1700,"sd","09:37:00",4049700
16450,200,1600,"sd","09:37:05",4051300
16500,250,500,"bu","09:37:06",4051800
16450,200,18300,"sd","09:37:07",4070100
16450,200,200,"sd","09:37:08",4070300
16450,200,700,"sd","09:37:10",4071000
16450,200,26000,"sd","09:37:10",4097000
16450,200,6600,"sd","09:37:14",4103600
16450,200,500,"sd","09:37:17",4104100
16450,200,200,"bu","09:37:18",4104300
16450,200,100,"sd","09:37:19",4104400
16450,200,3800,"bu","09:37:20",4108200
16450,200,1000,"sd","09:37:22",4109200
16450,200,1000,"sd","09:37:22",4110200
16450,200,20000,"bu","09:37:24",4130200
16450,200,700,"sd","09:37:25",4130900
16450,200,300,"sd","09:37:26",4131200
16450,200,800,"bu","09:37:26",4132000
16450,200,25800,"bu","09:37:29",4157800
16400,150,2000,"sd","09:37:31",4159800
16450,200,300,"sd","09:37:32",4160100
16400,150,400,"bu","09:37:33",4160500
16450,200,64700,"bu","09:37:38",4225200
16450,200,400,"bu","09:37:41",4225600
16450,200,500,"bu","09:37:43",4226100
16450,200,7500,"bu","09:37:46",4233600
16450,200,200,"sd","09:37:46",4233800
16450,200,300,"sd","09:37:46",4234100
16450,200,500,"sd","09:37:49",4234600
16450,200,4000,"sd","09:37:52",4238600
16450,200,300,"bu","09:37:53",4238900
16450,200,5000,"bu","09:37:56",4243900
16450,200,500,"sd","09:37:56",4244400
16450,200,100,"sd","09:37:57",4244500
16450,200,1000,"sd","09:37:58",4245500
16450,200,2000,"bu","09:38:01",4247500
16450,200,20000,"sd","09:38:02",4267500
16450,200,100,"bu","09:38:04",4267600
16450,200,1200,"bu","09:38:04",4268800
16450,200,2000,"sd","09:38:06",4270800
16450,200,2100,"sd","09:38:08",4272900
16450,200,1000,"bu","09:38:08",4273900
16450,200,100,"bu","09:38:09",4274000
16450,200,2900,"sd","09:38:09",4276900
16450,200,2000,"sd","09:38:10",4278900
16450,200,1000,"sd","09:38:10",4279900
16450,200,1000,"bu","09:38:11",4280900
16450,200,1500,"bu","09:38:14",4282400
16450,200,5400,"sd","09:38:14",4287800
16400,150,2600,"bu","09:38:16",4290400
16450,200,900,"bu","09:38:17",4291300
16450,200,700,"bu","09:38:30",4292000
16450,200,2300,"sd","09:38:30",4294300
16450,200,13000,"bu","09:38:35",4307300
16450,200,1500,"sd","09:38:39",4308800
16450,200,3000,"sd","09:38:50",4311800
16450,200,4000,"bu","09:38:53",4315800
16450,200,2000,"sd","09:38:56",4317800
16450,200,500,"bu","09:39:01",4318300
16450,200,10500,"bu","09:39:15",4328800
16450,200,60000,"bu","09:39:33",4388800
16450,200,10000,"sd","09:39:36",4398800
16450,200,14200,"bu","09:39:39",4413000
16450,200,100,"bu","09:39:40",4413100
16450,200,2200,"bu","09:39:47",4415300
16450,200,23800,"sd","09:39:48",4439100
16450,200,1000,"bu","09:39:48",4440100
16450,200,1300,"bu","09:39:49",4441400
16450,200,47000,"sd","09:39:51",4488400
16450,200,4000,"sd","09:39:54",4492400
16450,200,1000,"sd","09:39:54",4493400
16400,150,50000,"sd","09:39:55",4543400
16500,250,10000,"sd","09:39:56",4553400
16450,200,1600,"bu","09:40:00",4555000
16450,200,1000,"bu","09:40:04",4556000
16450,200,100,"bu","09:40:06",4556100
16450,200,66700,"sd","09:40:21",4622800
16450,200,5000,"bu","09:40:22",4627800
16450,200,200,"sd","09:40:23",4628000
16500,250,100,"sd","09:40:30",4628100
16450,200,1000,"sd","09:40:31",4629100
16450,200,100,"bu","09:40:35",4629200
16450,200,6000,"bu","09:40:37",4635200
16450,200,8000,"sd","09:40:37",4643200
16450,200,1100,"bu","09:40:39",4644300
16450,200,500,"bu","09:40:40",4644800
16450,200,31500,"sd","09:40:43",4676300
16450,200,500,"sd","09:40:47",4676800
16450,200,8600,"sd","09:40:48",4685400
16450,200,400,"sd","09:40:48",4685800
16450,200,2000,"sd","09:40:50",4687800
16450,200,5000,"bu","09:40:53",4692800
16450,200,1000,"bu","09:40:59",4693800
16450,200,500,"bu","09:41:01",4694300
16450,200,9000,"bu","09:41:04",4703300
16450,200,1200,"sd","09:41:12",4704500
16450,200,5000,"bu","09:41:14",4709500
16450,200,6900,"sd","09:41:19",4716400
16450,200,5600,"sd","09:41:20",4722000
16450,200,2000,"bu","09:41:20",4724000
16450,200,5000,"sd","09:41:25",4729000
16450,200,700,"bu","09:41:28",4729700
16450,200,300,"sd","09:41:35",4730000
16450,200,400,"bu","09:41:39",4730400
16400,150,1000,"sd","09:41:41",4731400
16450,200,100,"bu","09:41:45",4731500
16450,200,200,"sd","09:41:48",4731700
16450,200,10000,"sd","09:41:51",4741700
16400,150,100,"bu","09:41:53",4741800
16450,200,10000,"bu","09:41:57",4751800
16450,200,500,"bu","09:42:00",4752300
16450,200,5000,"sd","09:42:02",4757300
16450,200,100,"sd","09:42:04",4757400
16400,150,1000,"bu","09:42:07",4758400
16400,150,200,"bu","09:42:07",4758600
16450,200,3400,"sd","09:42:10",4762000
16450,200,100,"sd","09:42:10",4762100
16400,150,500,"sd","09:42:13",4762600
16400,150,8400,"sd","09:42:23",4771000
16450,200,2000,"sd","09:42:24",4773000
16400,150,1000,"bu","09:42:30",4774000
16450,200,3000,"bu","09:42:34",4777000
16400,150,2200,"bu","09:42:49",4779200
16400,150,5000,"bu","09:42:57",4784200
16450,200,300,"sd","09:42:58",4784500
16450,200,1300,"sd","09:42:58",4785800
16400,150,100,"bu","09:43:10",4785900
16450,200,200,"bu","09:43:16",4786100
16400,150,141300,"sd","09:43:19",4927400
16400,150,3000,"sd","09:43:21",4930400
16400,150,1500,"bu","09:43:24",4931900
16400,150,500,"sd","09:43:24",4932400
16400,150,3700,"sd","09:43:30",4936100
16400,150,1000,"bu","09:43:35",4937100
16400,150,500,"sd","09:43:37",4937600
16400,150,11900,"bu","09:43:42",4949500
16400,150,3000,"sd","09:43:47",4952500
16350.000000000002,100,3300,"bu","09:43:49",4955800
16400,150,200,"bu","09:43:50",4956000
16400,150,100,"bu","09:44:02",4956100
16400,150,10000,"sd","09:44:03",4966100
16400,150,2000,"sd","09:44:10",4968100
16400,150,200,"sd","09:44:12",4968300
16400,150,20000,"bu","09:44:19",4988300
16400,150,3000,"sd","09:44:20",4991300
16350.000000000002,100,2000,"bu","09:44:22",4993300
16400,150,1200,"bu","09:44:22",4994500
16400,150,100,"sd","09:44:29",4994600
16400,150,1000,"bu","09:44:30",4995600
16350.000000000002,100,2000,"bu","09:44:31",4997600
16350.000000000002,100,2200,"sd","09:44:56",4999800
16400,150,2200,"bu","09:45:04",5002000
16400,150,100,"sd","09:45:14",5002100
16400,150,200,"sd","09:45:16",5002300
16400,150,6000,"sd","09:45:20",5008300
16400,150,100,"bu","09:45:20",5008400
16350.000000000002,100,2000,"bu","09:45:32",5010400
16400,150,100,"bu","09:45:33",5010500
16400,150,2000,"bu","09:45:44",5012500
16400,150,5000,"sd","09:45:45",5017500
16400,150,100,"bu","09:45:48",5017600
16400,150,300,"sd","09:45:50",5017900
16400,150,7000,"bu","09:45:52",5024900
16400,150,1000,"bu","09:45:55",5025900
16400,150,20000,"sd","09:46:07",5045900
16400,150,5000,"sd","09:46:08",5050900
16350.000000000002,100,5000,"bu","09:46:10",5055900
16400,150,1000,"sd","09:46:16",5056900
16350.000000000002,100,100,"bu","09:46:18",5057000
16400,150,10100,"sd","09:46:22",5067100
16400,150,100,"sd","09:46:31",5067200
16350.000000000002,100,6000,"bu","09:46:35",5073200
16400,150,15000,"sd","09:46:39",5088200
16400,150,200,"bu","09:46:40",5088400
16400,150,20000,"sd","09:46:46",5108400
16350.000000000002,100,200,"sd","09:46:46",5108600
16400,150,2000,"bu","09:46:56",5110600
16400,150,9500,"sd","09:46:58",5120100
16400,150,5000,"bu","09:47:00",5125100
16400,150,200,"bu","09:47:01",5125300
16400,150,55200,"bu","09:47:04",5180500
16400,150,3000,"bu","09:47:06",5183500
16400,150,20000,"bu","09:47:08",5203500
16400,150,200,"sd","09:47:09",5203700
16400,150,1000,"sd","09:47:11",5204700
16400,150,4000,"sd","09:47:12",5208700
16400,150,6500,"sd","09:47:12",5215200
16400,150,2000,"sd","09:47:13",5217200
16400,150,5000,"sd","09:47:15",5222200
16400,150,20000,"bu","09:47:15",5242200
16400,150,3000,"sd","09:47:16",5245200
16400,150,12900,"bu","09:47:16",5258100
16450,200,5000,"sd","09:47:17",5263100
16400,150,10000,"sd","09:47:20",5273100
16400,150,5000,"bu","09:47:25",5278100
16400,150,1000,"bu","09:47:30",5279100
16400,150,100,"bu","09:47:31",5279200
16400,150,1000,"sd","09:47:39",5280200
16400,150,200,"bu","09:47:45",5280400
16400,150,12000,"bu","09:47:47",5292400
16400,150,900,"sd","09:47:49",5293300
16400,150,1500,"bu","09:47:54",5294800
16400,150,6000,"bu","09:47:55",5300800
16400,150,4500,"sd","09:47:57",5305300
16400,150,200,"bu","09:47:59",5305500
16400,150,3400,"sd","09:48:01",5308900
16400,150,5000,"bu","09:48:06",5313900
16400,150,500,"bu","09:48:07",5314400
16400,150,700,"sd","09:48:11",5315100
16400,150,100,"sd","09:48:15",5315200
16400,150,2500,"bu","09:48:17",5317700
16400,150,200,"sd","09:48:31",5317900
16450,200,100,"sd","09:48:38",5318000
16400,150,1100,"bu","09:48:59",5319100
16400,150,100,"bu","09:49:02",5319200
16400,150,700,"sd","09:49:05",5319900
16400,150,1900,"bu","09:49:09",5321800
16400,150,500,"sd","09:49:20",5322300
16400,150,5000,"bu","09:49:31",5327300
16450,200,100,"bu","09:49:33",5327400
16400,150,1100,"sd","09:50:40",5328500
16400,150,2800,"sd","09:50:45",5331300
16400,150,100,"sd","09:50:47",5331400
16400,150,300,"sd","09:50:48",5331700
16450,200,400,"sd","09:50:50",5332100
16450,200,1300,"sd","09:50:51",5333400
16450,200,10000,"sd","09:50:51",5343400
16400,150,4000,"sd","09:50:52",5347400
16400,150,500,"sd","09:50:57",5347900
16400,150,700,"sd","09:51:04",5348600
16400,150,5000,"sd","09:51:06",5353600
16450,200,70000,"bu","09:51:11",5423600
16400,150,100,"bu","09:51:11",5423700
16400,150,7800,"bu","09:51:17",5431500
16450,200,101000,"bu","09:51:45",5532500
16450,200,20000,"bu","09:51:47",5552500
16450,200,100,"sd","09:51:53",5552600
16400,150,1000,"bu","09:52:08",5553600
16450,200,2100,"sd","09:52:33",5555700
16450,200,2000,"sd","09:52:38",5557700
16450,200,25000,"bu","09:52:42",5582700
16450,200,2500,"bu","09:52:43",5585200
16450,200,10000,"sd","09:52:44",5595200
16450,200,20000,"bu","09:52:52",5615200
16400,150,4000,"bu","09:52:53",5619200
16450,200,100000,"sd","09:52:56",5719200
16450,200,31400,"bu","09:52:57",5750600
16450,200,1700,"sd","09:52:57",5752300
16450,200,200,"sd","09:52:58",5752500
16450,200,500,"sd","09:52:59",5753000
16450,200,100,"bu","09:53:00",5753100
16450,200,5000,"bu","09:53:29",5758100
16500,250,2500,"bu","09:53:31",5760600
16450,200,10000,"sd","09:53:32",5770600
16450,200,500,"bu","09:53:32",5771100
16450,200,1000,"sd","09:53:36",5772100
16450,200,100,"bu","09:53:37",5772200
16450,200,300,"bu","09:53:41",5772500
16500,250,2000,"bu","09:53:42",5774500
16450,200,5000,"sd","09:53:44",5779500
16450,200,500,"sd","09:53:49",5780000
16450,200,600,"sd","09:54:01",5780600
16450,200,400,"sd","09:54:03",5781000
16450,200,500,"sd","09:54:08",5781500
16450,200,400,"bu","09:54:12",5781900
16500,250,100,"sd","09:54:23",5782000
16450,200,500,"bu","09:54:24",5782500
16450,200,5000,"sd","09:54:31",5787500
16450,200,1900,"bu","09:54:33",5789400
16450,200,100,"sd","09:54:45",5789500
16450,200,3000,"bu","09:54:54",5792500
16450,200,3300,"sd","09:55:04",5795800
16450,200,200,"bu","09:55:04",5796000
16500,250,10700,"bu","09:55:09",5806700
16500,250,2100,"bu","09:55:17",5808800
16500,250,300000,"bu","09:55:53",6108800
16500,250,195800,"sd","09:55:55",6304600
16500,250,251900,"sd","09:55:56",6556500
16550,300,57100,"bu","09:55:57",6613600
16500,250,500,"bu","09:56:06",6614100
16550,300,156000,"sd","09:56:08",6770100
16550,300,344500,"sd","09:56:09",7114600
16550,300,2600,"sd","09:56:09",7117200
16550,300,1400,"sd","09:56:10",7118600
16500,250,21000,"sd","09:56:11",7139600
16550,300,86000,"sd","09:56:12",7225600
16600,350,34500,"bu","09:56:12",7260100
16550,300,200,"sd","09:56:14",7260300
16600,350,10000,"sd","09:56:15",7270300
16600,350,10000,"bu","09:56:19",7280300
16600,350,263200,"bu","09:56:20",7543500
16600,350,201500,"sd","09:56:21",7745000
16600,350,46400,"bu","09:56:22",7791400
16650,400,41000,"bu","09:56:26",7832400
16650,400,9000,"sd","09:56:28",7841400
16600,350,1000,"sd","09:56:29",7842400
16650,400,500,"bu","09:56:29",7842900
16650,400,600,"bu","09:56:31",7843500
16650,400,5000,"sd","09:56:32",7848500
16650,400,2000,"bu","09:56:33",7850500
16650,400,700,"bu","09:56:34",7851200
16650,400,5000,"sd","09:56:34",7856200
16650,400,7200,"sd","09:56:35",7863400
16650,400,500,"sd","09:56:36",7863900
16650,400,1000,"sd","09:56:37",7864900
16650,400,30000,"bu","09:56:37",7894900
16650,400,4900,"bu","09:56:38",7899800
16650,400,100,"bu","09:56:39",7899900
16600,350,20800,"bu","09:56:40",7920700
16650,400,100,"bu","09:56:41",7920800
16650,400,500,"bu","09:56:41",7921300
16650,400,3000,"bu","09:56:41",7924300
16650,400,2000,"bu","09:56:42",7926300
16650,400,2400,"sd","09:56:43",7928700
16600,350,1000,"bu","09:56:44",7929700
16650,400,6500,"sd","09:56:44",7936200
16650,400,12000,"sd","09:56:45",7948200
16650,400,1000,"bu","09:56:47",7949200
16650,400,300,"sd","09:56:47",7949500
16650,400,20100,"sd","09:56:48",7969600
16650,400,34900,"sd","09:56:50",8004500
16650,400,10000,"sd","09:56:50",8014500
16650,400,2000,"bu","09:56:51",8016500
16650,400,300,"bu","09:56:51",8016800
16650,400,5500,"sd","09:56:53",8022300
16700,450,5000,"sd","09:56:53",8027300
16650,400,1000,"sd","09:56:55",8028300
16650,400,500,"sd","09:56:56",8028800
16650,400,6100,"bu","09:56:58",8034900
16650,400,10200,"bu","09:57:04",8045100
16650,400,33400,"bu","09:57:07",8078500
16650,400,109400,"bu","09:57:11",8187900
16650,400,500,"bu","09:57:12",8188400
16650,400,5000,"sd","09:57:13",8193400
16650,400,3000,"sd","09:57:14",8196400
16650,400,5000,"bu","09:57:15",8201400
16650,400,1000,"sd","09:57:16",8202400
16650,400,200,"bu","09:57:17",8202600
16650,400,10000,"bu","09:57:17",8212600
16650,400,1000,"bu","09:57:18",8213600
16650,400,1800,"bu","09:57:20",8215400
16650,400,1200,"sd","09:57:21",8216600
16650,400,2000,"sd","09:57:21",8218600
16600,350,50200,"sd","09:57:22",8268800
16650,400,1000,"sd","09:57:22",8269800
16650,400,6400,"sd","09:57:24",8276200
16650,400,3000,"sd","09:57:25",8279200
16650,400,1100,"sd","09:57:26",8280300
16600,350,20000,"bu","09:57:26",8300300
16650,400,5000,"bu","09:57:28",8305300
16650,400,16500,"sd","09:57:28",8321800
16600,350,13000,"sd","09:57:29",8334800
16650,400,500,"sd","09:57:35",8335300
16650,400,4200,"sd","09:57:35",8339500
16650,400,1500,"bu","09:57:36",8341000
16650,400,2500,"bu","09:57:37",8343500
16650,400,300,"bu","09:57:37",8343800
16650,400,4400,"sd","09:57:38",8348200
16600,350,10100,"sd","09:57:39",8358300
16600,350,400,"sd","09:57:42",8358700
16650,400,1000,"sd","09:57:43",8359700
16600,350,200,"sd","09:57:44",8359900
16650,400,3300,"bu","09:57:48",8363200
16600,350,100,"sd","09:57:50",8363300
16600,350,500,"sd","09:57:53",8363800
16600,350,100,"bu","09:57:57",8363900
16600,350,3000,"bu","09:58:00",8366900
16600,350,300,"bu","09:58:03",8367200
16600,350,3000,"bu","09:58:03",8370200
16600,350,400,"sd","09:58:04",8370600
16600,350,1000,"bu","09:58:05",8371600
16600,350,200,"bu","09:58:07",8371800
16600,350,500,"bu","09:58:08",8372300
16600,350,35000,"sd","09:58:14",8407300
16650,400,5200,"bu","09:58:19",8412500
16600,350,50100,"bu","09:58:20",8462600
16600,350,800,"bu","09:58:21",8463400
16600,350,100,"bu","09:58:26",8463500
16600,350,2900,"sd","09:58:28",8466400
16600,350,200,"bu","09:58:28",8466600
16600,350,400,"bu","09:58:29",8467000
16600,350,5000,"sd","09:58:30",8472000
16600,350,1000,"bu","09:58:32",8473000
16650,400,500,"sd","09:58:34",8473500
16600,350,600,"bu","09:58:40",8474100
16600,350,500,"sd","09:58:49",8474600
16600,350,100,"sd","09:58:52",8474700
16600,350,36000,"bu","09:58:53",8510700
16600,350,1100,"sd","09:58:55",8511800
16600,350,5000,"bu","09:58:59",8516800
16650,400,2000,"sd","09:59:00",8518800
16600,350,50000,"sd","09:59:02",8568800
16600,350,300,"bu","09:59:03",8569100
16650,400,1000,"sd","09:59:04",8570100
16650,400,300,"sd","09:59:08",8570400
16650,400,800,"bu","09:59:12",8571200
16600,350,100,"bu","09:59:14",8571300
16650,400,200,"bu","09:59:21",8571500
16600,350,2000,"sd","09:59:23",8573500
16600,350,500,"bu","09:59:23",8574000
16650,400,1000,"bu","09:59:24",8575000
16600,350,100,"sd","09:59:24",8575100
16600,350,4000,"bu","09:59:26",8579100
16600,350,200,"bu","09:59:31",8579300
16600,350,100,"sd","09:59:31",8579400
16650,400,2000,"sd","09:59:36",8581400
16650,400,4800,"sd","09:59:39",8586200
16650,400,400,"bu","09:59:41",8586600
16600,350,500,"sd","09:59:41",8587100
16600,350,200,"bu","09:59:42",8587300
16600,350,1800,"bu","09:59:54",8589100
16600,350,1300,"bu","09:59:54",8590400
16600,350,32100,"sd","09:59:55",8622500
16600,350,1600,"sd","09:59:55",8624100
16600,350,500,"sd","09:59:56",8624600
16600,350,1500,"bu","09:59:58",8626100
16600,350,100,"bu","09:59:59",8626200
16650,400,300,"sd","10:00:01",8626500
16650,400,5000,"bu","10:00:04",8631500
16600,350,9000,"bu","10:00:09",8640500
16600,350,200,"bu","10:00:16",8640700
16600,350,13700,"bu","10:00:19",8654400
16600,350,1000,"sd","10:00:22",8655400
16600,350,2300,"sd","10:00:23",8657700
16600,350,10000,"sd","10:00:24",8667700
16600,350,1200,"sd","10:00:26",8668900
16600,350,100,"sd","10:00:28",8669000
16650,400,50000,"bu","10:00:30",8719000
16600,350,100,"sd","10:00:30",8719100
16600,350,20000,"sd","10:00:33",8739100
16600,350,100,"bu","10:00:34",8739200
16650,400,6000,"bu","10:00:35",8745200
16600,350,1000,"sd","10:00:37",8746200
16600,350,5100,"bu","10:00:38",8751300
16600,350,2000,"sd","10:00:39",8753300
16600,350,3000,"sd","10:00:48",8756300
16600,350,1000,"bu","10:00:51",8757300
16600,350,200,"bu","10:01:01",8757500
16600,350,10000,"sd","10:01:01",8767500
16600,350,50000,"sd","10:01:06",8817500
16600,350,1000,"sd","10:01:11",8818500
16600,350,100,"bu","10:01:12",8818600
16600,350,1900,"bu","10:01:13",8820500
16600,350,5000,"bu","10:01:15",8825500
16600,350,1200,"bu","10:01:16",8826700
16600,350,1400,"bu","10:01:19",8828100
16600,350,500,"bu","10:01:20",8828600
16650,400,300,"bu","10:01:21",8828900
16650,400,1200,"bu","10:01:22",8830100
16600,350,1000,"bu","10:01:34",8831100
16600,350,700,"bu","10:01:44",8831800
16600,350,10000,"bu","10:01:49",8841800
16650,400,5500,"sd","10:01:56",8847300
16650,400,30000,"bu","10:01:57",8877300
16600,350,100,"bu","10:01:58",8877400
16650,400,37200,"sd","10:01:59",8914600
16600,350,33900,"sd","10:02:00",8948500
16650,400,100000,"bu","10:02:02",9048500
16600,350,7000,"sd","10:02:02",9055500
16650,400,100,"bu","10:02:03",9055600
16650,400,21000,"sd","10:02:04",9076600
16600,350,10000,"sd","10:02:04",9086600
16600,350,500,"sd","10:02:06",9087100
16650,400,400,"sd","10:02:07",9087500
16650,400,8000,"sd","10:02:08",9095500
16650,400,52400,"bu","10:02:09",9147900
16600,350,30100,"bu","10:02:11",9178000
16650,400,300,"sd","10:02:13",9178300
16650,400,25000,"sd","10:02:15",9203300
16650,400,600,"sd","10:02:16",9203900
16650,400,1000,"sd","10:02:18",9204900
16650,400,100000,"sd","10:02:20",9304900
16650,400,8000,"bu","10:02:21",9312900
16650,400,2200,"sd","10:02:21",9315100
16700,450,10000,"bu","10:02:24",9325100
16700,450,282800,"sd","10:02:26",9607900
16700,450,217200,"sd","10:02:27",9825100
16650,400,100,"bu","10:02:28",9825200
16650,400,4000,"sd","10:02:30",9829200
16650,400,15300,"sd","10:02:30",9844500
16700,450,263600,"bu","10:02:33",10108100
16700,450,4100,"bu","10:02:34",10112200
16700,450,2000,"bu","10:02:34",10114200
16750,500,100,"sd","10:02:37",10114300
16700,450,300,"bu","10:02:38",10114600
16700,450,700,"bu","10:02:39",10115300
16750,500,5500,"sd","10:02:40",10120800
16750,500,10800,"bu","10:02:40",10131600
16750,500,200,"sd","10:02:44",10131800
16700,450,10000,"bu","10:02:45",10141800
16750,500,8500,"bu","10:02:46",10150300
16750,500,50300,"sd","10:02:49",10200600
16750,500,1000,"sd","10:02:51",10201600
16700,450,2200,"sd","10:02:55",10203800
16750,500,20000,"bu","10:02:58",10223800
16750,500,100300,"bu","10:02:59",10324100
16750,500,600,"sd","10:03:02",10324700
16750,500,22000,"sd","10:03:03",10346700
16750,500,4100,"sd","10:03:04",10350800
16750,500,28400,"bu","10:03:05",10379200
16700,450,21500,"bu","10:03:06",10400700
16750,500,1800,"bu","10:03:06",10402500
16750,500,3200,"sd","10:03:07",10405700
16700,450,200,"bu","10:03:08",10405900
16750,500,1100,"bu","10:03:09",10407000
16750,500,100,"bu","10:03:09",10407100
16750,500,30000,"bu","10:03:11",10437100
16700,450,40100,"bu","10:03:13",10477200
16750,500,100,"sd","10:03:13",10477300
16750,500,300,"bu","10:03:15",10477600
16700,450,2000,"bu","10:03:16",10479600
16750,500,1000,"bu","10:03:17",10480600
16750,500,1600,"sd","10:03:20",10482200
16750,500,32600,"bu","10:03:21",10514800
16750,500,2000,"bu","10:03:22",10516800
16700,450,100,"bu","10:03:24",10516900
16800,550,35000,"sd","10:03:24",10551900
16750,500,5500,"sd","10:03:26",10557400
16750,500,2000,"sd","10:03:27",10559400
16750,500,600,"sd","10:03:35",10560000
16750,500,6100,"bu","10:03:35",10566100
16750,500,19900,"sd","10:03:36",10586000
16750,500,1000,"bu","10:03:38",10587000
16750,500,17400,"sd","10:03:39",10604400
16750,500,1000,"bu","10:03:39",10605400
16750,500,5000,"bu","10:03:40",10610400
16750,500,3000,"sd","10:03:42",10613400
16750,500,10000,"sd","10:03:43",10623400
16750,500,5000,"sd","10:03:44",10628400
16750,500,6000,"bu","10:03:46",10634400
16750,500,500,"sd","10:03:47",10634900
16750,500,5000,"sd","10:03:52",10639900
16750,500,6400,"sd","10:03:53",10646300
16750,500,100,"bu","10:03:56",10646400
16750,500,1000,"sd","10:03:58",10647400
16750,500,8300,"sd","10:03:59",10655700
16750,500,100,"sd","10:04:01",10655800
16750,500,10500,"sd","10:04:02",10666300
16750,500,1100,"sd","10:04:04",10667400
16750,500,6000,"bu","10:04:04",10673400
16750,500,5000,"sd","10:04:06",10678400
16750,500,200,"sd","10:04:10",10678600
16750,500,2000,"bu","10:04:11",10680600
16750,500,200,"sd","10:04:12",10680800
16700,450,1100,"bu","10:04:14",10681900
16700,450,9500,"sd","10:04:16",10691400
16700,450,112600,"sd","10:04:17",10804000
16700,450,1000,"sd","10:04:23",10805000
16700,450,7700,"bu","10:04:29",10812700
16700,450,300,"bu","10:04:30",10813000
16700,450,500,"bu","10:04:31",10813500
16700,450,10000,"bu","10:04:33",10823500
16700,450,2200,"sd","10:04:34",10825700
16700,450,50000,"bu","10:04:41",10875700
16650,400,2400,"bu","10:04:43",10878100
16700,450,300,"sd","10:04:47",10878400
16700,450,20000,"bu","10:04:48",10898400
16700,450,5000,"sd","10:04:50",10903400
16700,450,7000,"bu","10:04:50",10910400
16700,450,500,"sd","10:04:53",10910900
16700,450,3000,"bu","10:04:54",10913900
16700,450,200,"bu","10:04:58",10914100
16700,450,800,"sd","10:04:59",10914900
16700,450,3000,"sd","10:05:00",10917900
16700,450,14400,"bu","10:05:01",10932300
16700,450,10000,"sd","10:05:05",10942300
16700,450,10000,"bu","10:05:07",10952300
16700,450,5000,"sd","10:05:08",10957300
16700,450,1000,"bu","10:05:09",10958300
16700,450,3000,"sd","10:05:11",10961300
16700,450,1000,"sd","10:05:13",10962300
16700,450,1700,"sd","10:05:15",10964000
16700,450,10200,"bu","10:05:16",10974200
16650,400,600,"sd","10:05:17",10974800
16700,450,20000,"bu","10:05:18",10994800
16700,450,7500,"sd","10:05:20",11002300
16650,400,100,"bu","10:05:22",11002400
16700,450,1000,"sd","10:05:23",11003400
16650,400,1000,"sd","10:05:23",11004400
16700,450,2200,"bu","10:05:24",11006600
16700,450,100,"bu","10:05:25",11006700
16700,450,5100,"sd","10:05:30",11011800
16650,400,5000,"bu","10:05:31",11016800
16700,450,400,"bu","10:05:32",11017200
16650,400,24600,"bu","10:05:33",11041800
16700,450,200,"sd","10:05:34",11042000
16700,450,2300,"sd","10:05:37",11044300
16650,400,500,"sd","10:05:40",11044800
16700,450,13400,"bu","10:05:41",11058200
16700,450,75500,"sd","10:05:46",11133700
16650,400,700,"bu","10:05:49",11134400
16650,400,50000,"bu","10:05:50",11184400
16700,450,200,"sd","10:05:52",11184600
16650,400,100,"sd","10:05:55",11184700
16700,450,3500,"bu","10:05:56",11188200
16650,400,200,"bu","10:05:57",11188400
16650,400,200000,"bu","10:05:58",11388400
16650,400,1000,"sd","10:05:59",11389400
16650,400,1500,"sd","10:06:01",11390900
16650,400,2700,"bu","10:06:03",11393600
16650,400,2200,"bu","10:06:04",11395800
16700,450,15000,"bu","10:06:06",11410800
16650,400,500,"sd","10:06:07",11411300
16650,400,1100,"sd","10:06:07",11412400
16650,400,500,"sd","10:06:10",11412900
16650,400,12600,"sd","10:06:11",11425500
16650,400,200,"sd","10:06:15",11425700
16650,400,3000,"bu","10:06:16",11428700
16650,400,2500,"bu","10:06:19",11431200
16700,450,1000,"sd","10:06:23",11432200
16650,400,2500,"sd","10:06:24",11434700
16650,400,1000,"bu","10:06:28",11435700
16650,400,100,"bu","10:06:30",11435800
16650,400,1000,"sd","10:06:31",11436800
16650,400,200,"bu","10:06:32",11437000
16650,400,100,"bu","10:06:33",11437100
16700,450,20300,"sd","10:06:46",11457400
16650,400,500,"sd","10:06:48",11457900
16650,400,1500,"bu","10:06:48",11459400
16650,400,1000,"sd","10:06:52",11460400
16650,400,2000,"bu","10:06:56",11462400
16650,400,3100,"bu","10:06:57",11465500
16650,400,10000,"bu","10:06:58",11475500
16650,400,2000,"bu","10:06:59",11477500
16650,400,6100,"bu","10:06:59",11483600
16650,400,2600,"bu","10:07:01",11486200
16650,400,2000,"bu","10:07:01",11488200
16650,400,3700,"sd","10:07:04",11491900
16650,400,14000,"sd","10:07:06",11505900
16650,400,24200,"bu","10:07:06",11530100
16600,350,200,"bu","10:07:08",11530300
16650,400,1100,"bu","10:07:09",11531400
16650,400,500,"sd","10:07:23",11531900
16650,400,8000,"bu","10:07:28",11539900
16650,400,1000,"sd","10:07:29",11540900
16650,400,200,"bu","10:07:35",11541100
16650,400,500,"sd","10:07:38",11541600
16650,400,10500,"bu","10:07:44",11552100
16650,400,200,"bu","10:07:48",11552300
16600,350,100,"bu","10:07:51",11552400
16650,400,2100,"sd","10:07:53",11554500
16650,400,30000,"bu","10:07:59",11584500
16600,350,500,"bu","10:08:07",11585000
16650,400,2400,"sd","10:08:13",11587400
16650,400,2000,"bu","10:08:20",11589400
16650,400,10000,"sd","10:08:27",11599400
16650,400,600,"sd","10:08:37",11600000
16650,400,71300,"bu","10:08:39",11671300
16650,400,111100,"sd","10:08:39",11782400
16650,400,6000,"sd","10:08:43",11788400
16650,400,2000,"sd","10:08:47",11790400
16650,400,4700,"sd","10:08:50",11795100
16650,400,9100,"bu","10:08:54",11804200
16650,400,2000,"bu","10:08:56",11806200
16650,400,50000,"bu","10:08:59",11856200
16650,400,100,"sd","10:08:59",11856300
16650,400,37400,"bu","10:09:00",11893700
16650,400,1000,"sd","10:09:01",11894700
16650,400,5000,"bu","10:09:05",11899700
16650,400,1000,"bu","10:09:05",11900700
16650,400,2500,"sd","10:09:09",11903200
16650,400,5000,"bu","10:09:10",11908200
16650,400,500,"sd","10:09:12",11908700
16650,400,100,"bu","10:09:16",11908800
16650,400,10000,"bu","10:09:16",11918800
16650,400,1000,"sd","10:09:17",11919800
16650,400,1100,"bu","10:09:18",11920900
16650,400,500,"sd","10:09:19",11921400
16650,400,1000,"sd","10:09:21",11922400
16650,400,1700,"bu","10:09:22",11924100
16650,400,12000,"sd","10:09:24",11936100
16650,400,200,"bu","10:09:33",11936300
16650,400,1000,"sd","10:09:36",11937300
16650,400,100,"sd","10:09:37",11937400
16650,400,1900,"bu","10:09:37",11939300
16650,400,100,"sd","10:09:38",11939400
16650,400,500,"sd","10:09:47",11939900
16650,400,2700,"bu","10:09:47",11942600
16650,400,200,"sd","10:09:53",11942800
16650,400,300,"sd","10:09:56",11943100
16650,400,600,"sd","10:09:58",11943700
16650,400,1200,"sd","10:09:59",11944900
16650,400,500,"bu","10:10:00",11945400
16650,400,15500,"bu","10:10:05",11960900
16650,400,300,"bu","10:10:11",11961200
16650,400,1000,"bu","10:10:12",11962200
16650,400,200,"bu","10:10:12",11962400
16650,400,2000,"bu","10:10:13",11964400
16650,400,100,"bu","10:10:14",11964500
16650,400,200,"bu","10:10:16",11964700
16650,400,11800,"bu","10:10:18",11976500
16650,400,1000,"sd","10:10:24",11977500
16600,350,8600,"bu","10:10:33",11986100
16650,400,1700,"sd","10:10:41",11987800
16600,350,100,"sd","10:10:43",11987900
16650,400,1000,"sd","10:10:46",11988900
16600,350,200,"sd","10:10:48",11989100
16650,400,5000,"bu","10:10:55",11994100
16600,350,2000,"bu","10:10:59",11996100
16600,350,400,"bu","10:11:07",11996500
16650,400,100,"bu","10:11:12",11996600
16600,350,500,"sd","10:11:14",11997100
16600,350,100,"bu","10:11:16",11997200
16600,350,10000,"sd","10:11:29",12007200
16600,350,400,"bu","10:11:31",12007600
16600,350,2500,"sd","10:11:32",12010100
16600,350,6000,"sd","10:11:34",12016100
16650,400,1000,"sd","10:11:37",12017100
16600,350,50000,"sd","10:11:38",12067100
16600,350,6000,"bu","10:11:46",12073100
16650,400,500,"sd","10:11:49",12073600
16650,400,4100,"bu","10:11:50",12077700
16650,400,9400,"sd","10:11:50",12087100
16650,400,800,"sd","10:11:56",12087900
16650,400,100,"bu","10:12:03",12088000
16650,400,9600,"bu","10:12:08",12097600
16600,350,5000,"sd","10:12:11",12102600
16600,350,300,"bu","10:12:12",12102900
16650,400,500,"sd","10:12:17",12103400
16650,400,100,"sd","10:12:19",12103500
16600,350,500,"sd","10:12:20",12104000
16600,350,15000,"bu","10:12:24",12119000
16650,400,1500,"sd","10:12:29",12120500
16600,350,18100,"sd","10:12:30",12138600
16600,350,10000,"sd","10:12:36",12148600
16600,350,10000,"sd","10:12:39",12158600
16600,350,500,"sd","10:12:40",12159100
16600,350,200,"sd","10:12:51",12159300
16600,350,1000,"sd","10:12:53",12160300
16600,350,70000,"bu","10:13:02",12230300
16600,350,100,"sd","10:13:03",12230400
16600,350,2000,"bu","10:13:11",12232400
16600,350,1000,"bu","10:13:17",12233400
16600,350,7000,"sd","10:13:18",12240400
16600,350,10000,"bu","10:13:20",12250400
16600,350,300,"bu","10:13:23",12250700
16600,350,1000,"sd","10:13:24",12251700
16600,350,32300,"bu","10:13:28",12284000
16600,350,12000,"sd","10:13:32",12296000
16600,350,5000,"bu","10:13:32",12301000
16600,350,101000,"bu","10:13:33",12402000
16600,350,5000,"bu","10:13:33",12407000
16600,350,15300,"sd","10:13:34",12422300
16600,350,7600,"sd","10:13:35",12429900
16600,350,14000,"bu","10:13:39",12443900
16550,300,5000,"sd","10:13:44",12448900
16600,350,100,"bu","10:13:50",12449000
16550,300,5000,"bu","10:14:06",12454000
16600,350,9400,"bu","10:14:10",12463400
16550,300,1000,"bu","10:14:11",12464400
16550,300,117400,"bu","10:14:15",12581800
16550,300,27900,"bu","10:14:15",12609700
16550,300,5000,"sd","10:14:17",12614700
16550,300,100,"bu","10:14:20",12614800
16550,300,150000,"bu","10:14:35",12764800
16550,300,13400,"sd","10:14:41",12778200
16550,300,200,"bu","10:14:53",12778400
16550,300,300,"bu","10:14:55",12778700
16550,300,20000,"sd","10:14:55",12798700
16550,300,3300,"bu","10:14:57",12802000
16550,300,100,"sd","10:14:59",12802100
16550,300,3700,"bu","10:15:04",12805800
16550,300,5000,"bu","10:15:05",12810800
16600,350,15800,"bu","10:15:09",12826600
16600,350,100,"sd","10:15:11",12826700
16600,350,16000,"bu","10:15:21",12842700
16600,350,1000,"sd","10:15:33",12843700
16600,350,500,"bu","10:15:34",12844200
16550,300,1000,"bu","10:15:41",12845200
16600,350,100,"sd","10:15:45",12845300
16600,350,1000,"sd","10:15:46",12846300
16550,300,500,"bu","10:15:49",12846800
16550,300,4000,"sd","10:15:54",12850800
16550,300,2900,"sd","10:15:56",12853700
16600,350,100,"bu","10:15:56",12853800
16600,350,700,"sd","10:15:59",12854500
16600,350,300,"bu","10:16:01",12854800
16600,350,100,"bu","10:16:02",12854900
16550,300,1500,"bu","10:16:06",12856400
16600,350,100,"bu","10:16:07",12856500
16550,300,5400,"sd","10:16:13",12861900
16600,350,1000,"bu","10:16:16",12862900
16600,350,100,"sd","10:16:17",12863000
16600,350,300,"sd","10:16:18",12863300
16600,350,100,"sd","10:16:21",12863400
16600,350,900,"bu","10:16:27",12864300
16600,350,200,"bu","10:16:30",12864500
16550,300,20000,"sd","10:16:31",12884500
16600,350,100,"bu","10:16:35",12884600
16600,350,500,"sd","10:16:44",12885100
16600,350,100,"sd","10:16:45",12885200
16550,300,5600,"bu","10:16:47",12890800
16550,300,300,"sd","10:16:48",12891100
16600,350,10000,"bu","10:16:49",12901100
16600,350,2100,"bu","10:16:59",12903200
16550,300,400,"sd","10:17:10",12903600
16550,300,4100,"bu","10:17:11",12907700
16600,350,2100,"bu","10:17:17",12909800
16600,350,800,"sd","10:17:24",12910600
16600,350,100,"sd","10:17:30",12910700
16600,350,600,"sd","10:17:41",12911300
16600,350,100,"bu","10:17:42",12911400
16600,350,700,"sd","10:17:44",12912100
16600,350,500,"sd","10:17:45",12912600
16550,300,1000,"sd","10:17:46",12913600
16600,350,100,"sd","10:17:48",12913700
16550,300,10000,"bu","10:17:50",12923700
16550,300,500,"bu","10:17:50",12924200
16600,350,100,"bu","10:17:52",12924300
16600,350,48400,"bu","10:17:56",12972700
16550,300,10100,"sd","10:17:57",12982800
16550,300,3300,"sd","10:18:00",12986100
16600,350,100,"bu","10:18:04",12986200
16550,300,10200,"sd","10:18:10",12996400
16550,300,53300,"bu","10:18:13",13049700
16550,300,1800,"bu","10:18:16",13051500
16550,300,100,"bu","10:18:26",13051600
16550,300,2200,"bu","10:18:26",13053800
16550,300,1000,"bu","10:18:33",13054800
16550,300,2000,"bu","10:18:38",13056800
16550,300,100,"bu","10:18:40",13056900
16600,350,4500,"bu","10:18:46",13061400
16550,300,500,"sd","10:18:47",13061900
16600,350,20100,"bu","10:18:48",13082000
16600,350,5800,"sd","10:18:50",13087800
16600,350,100,"bu","10:18:58",13087900
16600,350,500,"bu","10:19:01",13088400
16600,350,100,"bu","10:19:03",13088500
16550,300,10000,"bu","10:19:06",13098500
16600,350,200,"sd","10:19:13",13098700
16600,350,100,"sd","10:19:15",13098800
16550,300,10400,"sd","10:19:17",13109200
16600,350,300,"bu","10:19:19",13109500
16600,350,100,"sd","10:19:28",13109600
16550,300,3200,"bu","10:19:38",13112800
16600,350,100,"bu","10:19:39",13112900
16600,350,500,"sd","10:19:53",13113400
16600,350,100,"sd","10:19:54",13113500
16550,300,20200,"bu","10:20:03",13133700
16600,350,6500,"bu","10:20:05",13140200
16550,300,500,"sd","10:20:08",13140700
16600,350,700,"sd","10:20:11",13141400
16550,300,4700,"bu","10:20:13",13146100
16550,300,1100,"bu","10:20:16",13147200
16550,300,600,"sd","10:20:29",13147800
16550,300,700,"sd","10:20:32",13148500
16550,300,100,"sd","10:20:34",13148600
16550,300,300,"bu","10:20:42",13148900
16550,300,100,"bu","10:20:45",13149000
16550,300,800,"bu","10:20:46",13149800
16550,300,100,"bu","10:20:51",13149900
16550,300,500,"bu","10:20:54",13150400
16550,300,200,"bu","10:20:54",13150600
16550,300,100,"bu","10:20:55",13150700
16550,300,800,"bu","10:20:58",13151500
16550,300,100,"bu","10:21:00",13151600
16550,300,500,"sd","10:21:08",13152100
16550,300,200,"bu","10:21:10",13152300
16550,300,1400,"sd","10:21:18",13153700
16550,300,400,"sd","10:21:21",13154100
16550,300,100100,"sd","10:21:21",13254200
16550,300,100,"bu","10:21:22",13254300
16550,300,2000,"sd","10:21:25",13256300
16550,300,2600,"sd","10:21:26",13258900
16550,300,2000,"bu","10:21:27",13260900
16550,300,1000,"sd","10:21:27",13261900
16550,300,200,"sd","10:21:28",13262100
16550,300,3500,"sd","10:21:29",13265600
16550,300,10800,"bu","10:21:31",13276400
16550,300,1500,"sd","10:21:34",13277900
16600,350,100,"sd","10:21:40",13278000
16550,300,1000,"bu","10:21:42",13279000
16550,300,1000,"sd","10:21:46",13280000
16600,350,100,"sd","10:21:50",13280100
16550,300,12100,"bu","10:22:03",13292200
16600,350,100,"bu","10:22:06",13292300
16550,300,5700,"sd","10:22:08",13298000
16600,350,900,"bu","10:22:11",13298900
16550,300,7000,"bu","10:22:18",13305900
16600,350,3000,"sd","10:22:19",13308900
16600,350,100,"bu","10:22:23",13309000
16600,350,800,"bu","10:22:28",13309800
16600,350,150000,"bu","10:22:29",13459800
16550,300,200,"bu","10:22:30",13460000
16600,350,36000,"bu","10:22:32",13496000
16600,350,5000,"sd","10:22:32",13501000
16600,350,17300,"bu","10:22:33",13518300
16600,350,100,"bu","10:22:33",13518400
16600,350,1500,"sd","10:22:35",13519900
16600,350,124900,"bu","10:22:35",13644800
16600,350,1900,"bu","10:22:36",13646700
16600,350,4400,"sd","10:22:38",13651100
16600,350,500,"sd","10:22:39",13651600
16600,350,8300,"bu","10:22:40",13659900
16600,350,5000,"bu","10:22:41",13664900
16600,350,100,"sd","10:22:42",13665000
16650,400,9800,"bu","10:23:19",13674800
16650,400,100,"sd","10:23:20",13674900
16650,400,400,"sd","10:23:25",13675300
16600,350,5100,"bu","10:23:29",13680400
16650,400,100,"bu","10:23:30",13680500
16650,400,3500,"bu","10:23:33",13684000
16650,400,300,"bu","10:23:42",13684300
16650,400,200,"sd","10:23:45",13684500
16650,400,100,"sd","10:23:48",13684600
16650,400,104800,"bu","10:24:00",13789400
16650,400,100,"sd","10:24:00",13789500
16650,400,900,"sd","10:24:03",13790400
16650,400,100,"sd","10:24:06",13790500
16650,400,400,"sd","10:24:06",13790900
16600,350,500,"bu","10:24:12",13791400
16650,400,100000,"sd","10:24:15",13891400
16650,400,3100,"bu","10:24:23",13894500
16650,400,200,"sd","10:24:25",13894700
16650,400,100,"sd","10:24:29",13894800
16650,400,1000,"bu","10:24:30",13895800
16650,400,500,"sd","10:24:31",13896300
16600,350,100,"bu","10:24:34",13896400
16650,400,400,"sd","10:24:38",13896800
16650,400,700,"sd","10:24:41",13897500
16650,400,200,"bu","10:24:44",13897700
16650,400,200,"bu","10:24:45",13897900
16600,350,1000,"sd","10:24:53",13898900
16650,400,100,"sd","10:24:54",13899000
16650,400,200,"bu","10:24:55",13899200
16650,400,1000,"bu","10:24:55",13900200
16650,400,100,"sd","10:24:56",13900300
16650,400,600,"bu","10:24:59",13900900
16650,400,100,"sd","10:25:02",13901000
16650,400,20100,"bu","10:25:10",13921100
16650,400,100,"bu","10:25:12",13921200
16650,400,1400,"bu","10:25:15",13922600
16650,400,300,"bu","10:25:17",13922900
16650,400,100,"bu","10:25:19",13923000
16650,400,5100,"sd","10:25:34",13928100
16650,400,2200,"bu","10:25:36",13930300
16650,400,700,"sd","10:25:37",13931000
16600,350,900,"sd","10:25:44",13931900
16650,400,100,"bu","10:25:50",13932000
16650,400,700,"bu","10:25:55",13932700
16650,400,100,"bu","10:25:58",13932800
16650,400,300,"sd","10:26:06",13933100
16650,400,400,"bu","10:26:07",13933500
16650,400,100,"bu","10:26:08",13933600
16600,350,10000,"sd","10:26:08",13943600
16650,400,100,"sd","10:26:11",13943700
16600,350,200,"bu","10:26:15",13943900
16650,400,100,"bu","10:26:17",13944000
16650,400,400,"sd","10:26:25",13944400
16650,400,100,"bu","10:26:25",13944500
16650,400,5300,"bu","10:26:29",13949800
16600,350,6000,"sd","10:26:48",13955800
16650,400,100,"bu","10:26:50",13955900
16650,400,50000,"sd","10:26:55",14005900
16600,350,3000,"bu","10:26:59",14008900
16650,400,400,"sd","10:26:59",14009300
16650,400,300,"sd","10:27:02",14009600
16650,400,200,"sd","10:27:04",14009800
16600,350,25000,"sd","10:27:07",14034800
16600,350,500,"sd","10:27:09",14035300
16650,400,100,"bu","10:27:12",14035400
16650,400,400,"sd","10:27:17",14035800
16650,400,700,"bu","10:27:21",14036500
16650,400,100,"sd","10:27:22",14036600
16600,350,300,"sd","10:27:24",14036900
16650,400,100,"sd","10:27:33",14037000
16650,400,700,"sd","10:27:38",14037700
16650,400,200,"sd","10:27:40",14037900
16650,400,1600,"bu","10:27:48",14039500
16650,400,100,"bu","10:27:55",14039600
16600,350,200,"sd","10:27:56",14039800
16600,350,30000,"sd","10:28:05",14069800
16650,400,100,"bu","10:28:09",14069900
16600,350,11900,"sd","10:28:18",14081800
16650,400,2000,"bu","10:28:20",14083800
16600,350,5000,"bu","10:28:24",14088800
16600,350,100,"sd","10:28:25",14088900
16650,400,200,"bu","10:28:26",14089100
16600,350,2100,"sd","10:28:29",14091200
16650,400,300,"bu","10:28:30",14091500
16650,400,700,"bu","10:28:34",14092200
16650,400,1500,"bu","10:28:36",14093700
16650,400,2300,"bu","10:28:39",14096000
16650,400,100,"bu","10:28:40",14096100
16600,350,400,"sd","10:28:49",14096500
16650,400,100,"bu","10:28:50",14096600
16650,400,800,"bu","10:28:51",14097400
16650,400,8600,"bu","10:28:52",14106000
16650,400,500,"bu","10:28:56",14106500
16650,400,1500,"sd","10:29:01",14108000
16650,400,500,"sd","10:29:04",14108500
16650,400,100,"sd","10:29:08",14108600
16650,400,300,"sd","10:29:21",14108900
16650,400,700,"bu","10:29:31",14109600
16600,350,300,"bu","10:29:38",14109900
16600,350,1000,"sd","10:29:42",14110900
16650,400,100,"bu","10:29:44",14111000
16650,400,400,"sd","10:29:49",14111400
16600,350,7300,"bu","10:29:52",14118700
16650,400,100,"bu","10:29:55",14118800
16650,400,500,"sd","10:30:01",14119300
16650,400,100,"sd","10:30:02",14119400
16600,350,2100,"sd","10:30:05",14121500
16650,400,100,"sd","10:30:06",14121600
16650,400,600,"bu","10:30:08",14122200
16600,350,70000,"bu","10:30:10",14192200
16650,400,10000,"bu","10:30:11",14202200
16600,350,30100,"sd","10:30:15",14232300
16650,400,100,"bu","10:30:16",14232400
16650,400,10600,"bu","10:30:19",14243000
16650,400,200,"sd","10:30:19",14243200
16600,350,2300,"sd","10:30:25",14245500
16600,350,1000,"sd","10:30:27",14246500
16600,350,7000,"sd","10:30:29",14253500
16600,350,40000,"bu","10:30:30",14293500
16600,350,8000,"bu","10:30:33",14301500
16600,350,100,"bu","10:30:34",14301600
16600,350,5200,"bu","10:30:34",14306800
16600,350,3000,"sd","10:30:35",14309800
16600,350,2000,"bu","10:30:39",14311800
16600,350,3800,"sd","10:30:40",14315600
16600,350,3700,"bu","10:30:45",14319300
16600,350,3000,"bu","10:30:49",14322300
16600,350,200,"sd","10:30:49",14322500
16650,400,400,"sd","10:30:53",14322900
16600,350,2000,"bu","10:30:59",14324900
16650,400,100,"bu","10:31:00",14325000
16650,400,600,"bu","10:31:06",14325600
16650,400,100,"bu","10:31:07",14325700
16600,350,1700,"bu","10:31:17",14327400
16650,400,200,"bu","10:31:22",14327600
16650,400,600,"bu","10:31:23",14328200
16600,350,5500,"sd","10:31:25",14333700
16650,400,800,"sd","10:31:28",14334500
16650,400,2000,"sd","10:31:29",14336500
16650,400,100,"bu","10:31:29",14336600
16600,350,6100,"bu","10:31:32",14342700
16600,350,2000,"bu","10:31:36",14344700
16650,400,100,"sd","10:31:38",14344800
16600,350,1000,"sd","10:31:39",14345800
16650,400,200,"bu","10:31:39",14346000
16600,350,100,"bu","10:31:45",14346100
16600,350,1000,"sd","10:31:46",14347100
16600,350,100,"sd","10:31:49",14347200
16600,350,1000,"bu","10:31:53",14348200
16650,400,3100,"sd","10:31:55",14351300
16600,350,77000,"bu","10:32:02",14428300
16600,350,1300,"sd","10:32:03",14429600
16600,350,2600,"bu","10:32:06",14432200
16600,350,10000,"sd","10:32:07",14442200
16650,400,400,"sd","10:32:07",14442600
16650,400,2400,"bu","10:32:10",14445000
16600,350,200,"sd","10:32:11",14445200
16650,400,100,"sd","10:32:13",14445300
16600,350,14600,"sd","10:32:16",14459900
16600,350,100,"sd","10:32:19",14460000
16600,350,400,"bu","10:32:21",14460400
16550,300,100,"sd","10:32:22",14460500
16600,350,1200,"sd","10:32:28",14461700
16600,350,200,"bu","10:32:35",14461900
16600,350,900,"bu","10:32:44",14462800
16600,350,100,"bu","10:32:47",14462900
16600,350,15100,"bu","10:32:53",14478000
16550,300,200,"bu","10:33:03",14478200
16600,350,10000,"bu","10:33:05",14488200
16600,350,100,"sd","10:33:06",14488300
16600,350,200,"sd","10:33:07",14488500
16600,350,3000,"bu","10:33:09",14491500
16550,300,1000,"sd","10:33:11",14492500
16600,350,100,"sd","10:33:16",14492600
16600,350,10000,"sd","10:33:20",14502600
16600,350,1800,"sd","10:33:22",14504400
16600,350,100,"sd","10:33:29",14504500
16600,350,20200,"bu","10:33:34",14524700
16600,350,100,"sd","10:33:36",14524800
16600,350,31000,"sd","10:33:52",14555800
16600,350,4000,"bu","10:33:53",14559800
16600,350,100,"bu","10:33:55",14559900
16600,350,15500,"bu","10:34:06",14575400
16600,350,100,"bu","10:34:09",14575500
16600,350,600,"bu","10:34:11",14576100
16600,350,100,"sd","10:34:13",14576200
16550,300,5100,"sd","10:34:20",14581300
16600,350,10000,"sd","10:34:23",14591300
16600,350,100,"bu","10:34:27",14591400
16550,300,1000,"bu","10:34:27",14592400
16600,350,300,"bu","10:34:28",14592700
16600,350,3000,"sd","10:34:35",14595700
16600,350,800,"sd","10:34:38",14596500
16600,350,2000,"sd","10:34:45",14598500
16600,350,100,"sd","10:34:48",14598600
16550,300,1100,"sd","10:34:51",14599700
16600,350,600,"sd","10:34:52",14600300
16600,350,600,"bu","10:34:57",14600900
16600,350,100,"sd","10:34:58",14601000
16550,300,2000,"sd","10:35:00",14603000
16600,350,100,"sd","10:35:06",14603100
16600,350,200,"sd","10:35:07",14603300
16600,350,100,"bu","10:35:10",14603400
16600,350,4000,"sd","10:35:11",14607400
16600,350,300,"sd","10:35:15",14607700
16600,350,1000,"bu","10:35:20",14608700
16600,350,100,"bu","10:35:21",14608800
16600,350,2000,"sd","10:35:23",14610800
16600,350,100,"bu","10:35:24",14610900
16600,350,1400,"sd","10:35:28",14612300
16600,350,13100,"bu","10:35:31",14625400
16600,350,40000,"bu","10:35:37",14665400
16600,350,300,"sd","10:35:39",14665700
16600,350,13200,"bu","10:35:47",14678900
16600,350,11800,"sd","10:35:48",14690700
16600,350,500,"sd","10:35:53",14691200
16600,350,6200,"bu","10:35:54",14697400
16550,300,2000,"sd","10:35:55",14699400
16600,350,48600,"sd","10:35:59",14748000
16600,350,3800,"sd","10:36:01",14751800
16600,350,300,"bu","10:36:02",14752100
16600,350,1000,"sd","10:36:04",14753100
16600,350,3500,"bu","10:36:07",14756600
16600,350,500,"bu","10:36:14",14757100
16600,350,5000,"bu","10:36:15",14762100
16600,350,20000,"bu","10:36:17",14782100
16600,350,1000,"bu","10:36:19",14783100
16600,350,5600,"sd","10:36:20",14788700
16550,300,1100,"sd","10:36:24",14789800
16600,350,4000,"sd","10:36:25",14793800
16600,350,5000,"sd","10:36:26",14798800
16600,350,6300,"sd","10:36:27",14805100
16600,350,8700,"sd","10:36:29",14813800
16600,350,200,"bu","10:36:30",14814000
16600,350,63600,"bu","10:36:32",14877600
16600,350,10000,"bu","10:36:34",14887600
16600,350,500,"sd","10:36:46",14888100
16650,400,5000,"sd","10:36:52",14893100
16600,350,5700,"sd","10:37:03",14898800
16600,350,500,"bu","10:37:14",14899300
16600,350,10000,"bu","10:37:31",14909300
16600,350,2300,"bu","10:37:33",14911600
16650,400,200,"bu","10:37:34",14911800
16650,400,1000,"sd","10:37:36",14912800
16650,400,5000,"bu","10:37:39",14917800
16600,350,100,"sd","10:37:41",14917900
16650,400,200,"bu","10:37:45",14918100
16650,400,3000,"bu","10:37:57",14921100
16650,400,500,"bu","10:38:00",14921600
16650,400,2000,"sd","10:38:01",14923600
16600,350,50100,"bu","10:38:06",14973700
16600,350,200,"bu","10:38:14",14973900
16600,350,100,"sd","10:38:19",14974000
16600,350,900,"bu","10:38:24",14974900
16600,350,2000,"sd","10:38:26",14976900
16600,350,200,"bu","10:38:32",14977100
16600,350,1000,"sd","10:38:34",14978100
16600,350,2000,"sd","10:38:40",14980100
16600,350,500,"sd","10:38:43",14980600
16650,400,300,"sd","10:38:47",14980900
16650,400,400,"sd","10:38:54",14981300
16650,400,2500,"sd","10:39:02",14983800
16650,400,1000,"bu","10:39:18",14984800
16650,400,2000,"sd","10:39:20",14986800
16600,350,10000,"sd","10:39:39",14996800
16600,350,100,"sd","10:39:50",14996900
16600,350,500,"bu","10:39:53",14997400
16600,350,1000,"sd","10:39:53",14998400
16600,350,800,"bu","10:39:54",14999200
16650,400,2300,"bu","10:40:07",15001500
16600,350,10000,"sd","10:40:22",15011500
16600,350,4000,"sd","10:40:31",15015500
16600,350,1600,"sd","10:40:33",15017100
16650,400,800,"bu","10:40:40",15017900
16600,350,1500,"bu","10:40:45",15019400
16650,400,100,"sd","10:40:51",15019500
16650,400,1200,"sd","10:40:52",15020700
16650,400,800,"sd","10:40:53",15021500
16650,400,22100,"bu","10:40:54",15043600
16600,350,4200,"sd","10:40:55",15047800
16650,400,1400,"sd","10:40:56",15049200
16650,400,300,"bu","10:40:59",15049500
16650,400,100,"sd","10:41:01",15049600
16650,400,500,"sd","10:41:10",15050100
16650,400,100,"sd","10:41:11",15050200
16650,400,14000,"sd","10:41:15",15064200
16600,350,100,"sd","10:41:22",15064300
16600,350,300,"bu","10:41:27",15064600
16650,400,100,"sd","10:41:27",15064700
16650,400,1300,"bu","10:41:45",15066000
16600,350,600,"sd","10:41:47",15066600
16650,400,100,"sd","10:41:50",15066700
16650,400,1000,"bu","10:41:55",15067700
16650,400,100,"bu","10:41:56",15067800
16600,350,11900,"bu","10:42:19",15079700
16600,350,6200,"sd","10:42:21",15085900
16650,400,600,"sd","10:42:22",15086500
16650,400,100,"bu","10:42:27",15086600
16600,350,10200,"bu","10:42:34",15096800
16650,400,1000,"bu","10:42:35",15097800
16650,400,400,"sd","10:42:41",15098200
16650,400,100,"bu","10:42:45",15098300
16600,350,1800,"bu","10:43:11",15100100
16600,350,100,"bu","10:43:19",15100200
16650,400,9300,"sd","10:43:27",15109500
16650,400,1900,"sd","10:43:28",15111400
16650,400,800,"sd","10:43:33",15112200
16650,400,100,"bu","10:43:35",15112300
16600,350,2400,"sd","10:43:39",15114700
16650,400,100,"bu","10:43:42",15114800
16650,400,800,"bu","10:43:44",15115600
16650,400,100,"bu","10:43:44",15115700
16600,350,3000,"bu","10:43:49",15118700
16650,400,100,"bu","10:43:54",15118800
16650,400,600,"bu","10:44:01",15119400
16600,350,7900,"sd","10:44:03",15127300
16600,350,500,"bu","10:44:09",15127800
16650,400,1100,"bu","10:44:12",15128900
16650,400,600,"sd","10:44:14",15129500
16600,350,100,"bu","10:44:15",15129600
16600,350,10500,"bu","10:44:19",15140100
16650,400,100,"bu","10:44:26",15140200
16650,400,800,"sd","10:44:42",15141000
16650,400,100,"bu","10:44:49",15141100
16650,400,1000,"sd","10:44:50",15142100
16650,400,100,"bu","10:44:52",15142200
16650,400,800,"bu","10:45:00",15143000
16650,400,5000,"sd","10:45:02",15148000
16600,350,10000,"bu","10:45:06",15158000
16650,400,200,"sd","10:45:06",15158200
16600,350,5200,"sd","10:45:12",15163400
16650,400,400,"sd","10:45:16",15163800
16650,400,600,"sd","10:45:19",15164400
16650,400,100,"sd","10:45:23",15164500
16600,350,300,"bu","10:45:29",15164800
16650,400,100,"bu","10:45:31",15164900
16650,400,600,"bu","10:45:32",15165500
16650,400,100,"sd","10:45:36",15165600
16650,400,800,"bu","10:45:40",15166400
16650,400,100,"sd","10:45:55",15166500
16650,400,600,"sd","10:45:59",15167100
16600,350,10000,"sd","10:46:04",15177100
16650,400,100,"sd","10:46:05",15177200
16600,350,10800,"bu","10:46:23",15188000
16650,400,100,"sd","10:46:24",15188100
16650,400,600,"sd","10:46:29",15188700
16650,400,100,"sd","10:46:32",15188800
16600,350,14200,"sd","10:46:46",15203000
16600,350,20000,"sd","10:46:50",15223000
16600,350,10000,"sd","10:46:52",15233000
16650,400,200,"sd","10:46:53",15233200
16600,350,1200,"bu","10:47:02",15234400
16650,400,100,"sd","10:47:03",15234500
16650,400,600,"sd","10:47:06",15235100
16600,350,800,"sd","10:47:10",15235900
16650,400,600,"sd","10:47:12",15236500
16600,350,10100,"sd","10:47:14",15246600
16650,400,1000,"sd","10:47:15",15247600
16650,400,900,"bu","10:47:17",15248500
16600,350,200,"bu","10:47:24",15248700
16600,350,13500,"bu","10:47:27",15262200
16600,350,500,"bu","10:47:29",15262700
16650,400,100,"sd","10:47:30",15262800
16650,400,900,"bu","10:47:34",15263700
16600,350,11000,"bu","10:47:36",15274700
16650,400,100,"bu","10:47:38",15274800
16600,350,3700,"sd","10:47:48",15278500
16650,400,100,"sd","10:47:49",15278600
16600,350,600,"bu","10:47:56",15279200
16600,350,31000,"bu","10:48:01",15310200
16650,400,100,"bu","10:48:01",15310300
16600,350,500,"bu","10:48:04",15310800
16600,350,16700,"bu","10:48:07",15327500
16550,300,2000,"bu","10:48:11",15329500
16600,350,2200,"bu","10:48:20",15331700
16600,350,100,"bu","10:48:24",15331800
16600,350,1100,"sd","10:48:41",15332900
16600,350,100,"sd","10:48:44",15333000
16600,350,700,"bu","10:48:54",15333700
16600,350,900,"bu","10:48:58",15334600
16600,350,100,"sd","10:48:58",15334700
16550,300,35300,"bu","10:49:05",15370000
16600,350,100,"bu","10:49:07",15370100
16550,300,5000,"bu","10:49:14",15375100
16600,350,500,"sd","10:49:16",15375600
16600,350,1600,"sd","10:49:17",15377200
16600,350,5100,"sd","10:49:19",15382300
16600,350,2300,"bu","10:49:31",15384600
16600,350,1500,"sd","10:49:39",15386100
16550,300,100,"bu","10:49:44",15386200
16600,350,200,"bu","10:49:48",15386400
16600,350,100,"bu","10:49:56",15386500
16600,350,1700,"bu","10:50:17",15388200
16600,350,900,"bu","10:50:22",15389100
16600,350,600,"bu","10:50:35",15389700
16600,350,100,"bu","10:50:38",15389800
16550,300,1400,"bu","10:50:49",15391200
16600,350,200,"bu","10:50:53",15391400
16600,350,400,"bu","10:50:55",15391800
16600,350,900,"sd","10:51:00",15392700
16600,350,800,"sd","10:51:12",15393500
16600,350,9100,"sd","10:51:16",15402600
16600,350,200,"bu","10:51:18",15402800
16600,350,100,"bu","10:51:22",15402900
16600,350,900,"bu","10:51:31",15403800
16600,350,100,"sd","10:51:32",15403900
16600,350,5000,"sd","10:51:34",15408900
16600,350,100,"bu","10:51:41",15409000
16600,350,2500,"sd","10:51:45",15411500
16600,350,2600,"sd","10:51:56",15414100
16600,350,800,"bu","10:51:58",15414900
16600,350,5000,"sd","10:52:02",15419900
16600,350,2800,"bu","10:52:03",15422700
16600,350,100,"bu","10:52:10",15422800
16600,350,1100,"sd","10:52:31",15423900
16550,300,1000,"bu","10:52:34",15424900
16600,350,200,"bu","10:52:39",15425100
16550,300,1000,"sd","10:52:44",15426100
16600,350,100,"bu","10:52:45",15426200
16600,350,8000,"bu","10:52:46",15434200
16600,350,100,"bu","10:52:47",15434300
16550,300,3200,"sd","10:53:01",15437500
16550,300,10000,"sd","10:53:05",15447500
16600,350,200,"sd","10:53:08",15447700
16600,350,2000,"sd","10:53:10",15449700
16550,300,1000,"sd","10:53:14",15450700
16550,300,10000,"bu","10:53:25",15460700
16600,350,10100,"sd","10:53:31",15470800
16550,300,15000,"bu","10:53:34",15485800
16550,300,2000,"sd","10:53:39",15487800
16550,300,3000,"sd","10:54:00",15490800
16550,300,2000,"sd","10:54:01",15492800
16550,300,500,"sd","10:54:02",15493300
16550,300,100,"sd","10:54:04",15493400
16550,300,127000,"sd","10:54:05",15620400
16550,300,300,"sd","10:54:10",15620700
16550,300,2800,"bu","10:54:12",15623500
16550,300,500,"sd","10:54:13",15624000
16550,300,2000,"sd","10:54:17",15626000
16550,300,5000,"bu","10:54:20",15631000
16550,300,30000,"sd","10:54:20",15661000
16550,300,500,"bu","10:54:23",15661500
16550,300,44500,"bu","10:54:31",15706000
16550,300,1200,"sd","10:54:32",15707200
16550,300,12500,"sd","10:54:33",15719700
16550,300,1000,"bu","10:54:34",15720700
16550,300,10000,"bu","10:54:35",15730700
16550,300,6300,"bu","10:54:36",15737000
16550,300,15000,"sd","10:54:38",15752000
16550,300,11000,"sd","10:54:39",15763000
16550,300,11000,"sd","10:54:44",15774000
16550,300,2000,"sd","10:54:45",15776000
16550,300,2100,"bu","10:54:46",15778100
16550,300,100,"bu","10:54:49",15778200
16550,300,4000,"sd","10:54:52",15782200
16550,300,2200,"sd","10:54:52",15784400
16550,300,5000,"bu","10:54:54",15789400
16550,300,3300,"bu","10:54:56",15792700
16550,300,7000,"sd","10:54:57",15799700
16550,300,1000,"bu","10:54:58",15800700
16550,300,31000,"sd","10:54:58",15831700
16550,300,300,"sd","10:55:12",15832000
16550,300,5000,"bu","10:55:15",15837000
16500,250,1000,"sd","10:55:22",15838000
16500,250,200,"bu","10:55:22",15838200
16500,250,6000,"sd","10:55:47",15844200
16500,250,5000,"sd","10:55:50",15849200
16500,250,3000,"sd","10:55:51",15852200
16500,250,200,"bu","10:56:05",15852400
16550,300,4900,"bu","10:56:07",15857300
16500,250,3000,"sd","10:56:08",15860300
16500,250,2000,"bu","10:56:10",15862300
16500,250,55000,"sd","10:56:12",15917300
16500,250,1000,"sd","10:56:17",15918300
16500,250,2000,"bu","10:56:19",15920300
16550,300,9000,"bu","10:56:30",15929300
16500,250,500,"sd","10:56:33",15929800
16500,250,5000,"sd","10:56:41",15934800
16500,250,100,"sd","10:56:58",15934900
16500,250,3000,"bu","10:57:00",15937900
16500,250,500,"sd","10:57:05",15938400
16500,250,1000,"bu","10:57:13",15939400
16500,250,4000,"sd","10:57:21",15943400
16500,250,300,"bu","10:57:25",15943700
16500,250,5000,"sd","10:57:27",15948700
16500,250,3600,"sd","10:57:30",15952300
16500,250,300,"bu","10:57:32",15952600
16500,250,5000,"bu","10:57:33",15957600
16500,250,600,"bu","10:57:34",15958200
16500,250,2000,"bu","10:57:39",15960200
16500,250,1000,"sd","10:57:44",15961200
16500,250,2000,"sd","10:57:56",15963200
16500,250,100,"bu","10:58:02",15963300
16500,250,1300,"sd","10:58:11",15964600
16500,250,500,"sd","10:58:29",15965100
16500,250,2600,"sd","10:58:32",15967700
16500,250,900,"bu","10:58:33",15968600
16500,250,10000,"sd","10:58:34",15978600
16500,250,2500,"sd","10:58:36",15981100
16500,250,7000,"bu","10:58:37",15988100
16500,250,200,"bu","10:58:38",15988300
16500,250,1200,"bu","10:58:48",15989500
16500,250,300,"sd","10:58:50",15989800
16500,250,200,"sd","10:58:54",15990000
16550,300,800,"sd","10:59:01",15990800
16550,300,100,"sd","10:59:02",15990900
16500,250,10000,"bu","10:59:05",16000900
16500,250,1000,"bu","10:59:19",16001900
16550,300,100,"sd","10:59:21",16002000
16500,250,1000,"bu","10:59:28",16003000
16550,300,500,"bu","10:59:31",16003500
16550,300,100,"sd","10:59:36",16003600
16500,250,1400,"bu","10:59:50",16005000
16500,250,200,"sd","10:59:52",16005200
16550,300,5000,"bu","10:59:55",16010200
16500,250,2000,"sd","10:59:56",16012200
16500,250,2600,"sd","10:59:57",16014800
16550,300,100,"bu","10:59:58",16014900
16500,250,400,"bu","11:00:15",16015300
16550,300,500,"bu","11:00:23",16015800
16550,300,2700,"sd","11:00:31",16018500
16550,300,500,"bu","11:00:45",16019000
16500,250,1000,"bu","11:00:58",16020000
16500,250,300,"bu","11:01:12",16020300
16500,250,8700,"sd","11:01:12",16029000
16500,250,3300,"bu","11:01:21",16032300
16500,250,1200,"sd","11:01:35",16033500
16550,300,1000,"bu","11:01:48",16034500
16550,300,400,"sd","11:01:49",16034900
16500,250,3800,"bu","11:01:54",16038700
16550,300,500,"bu","11:02:00",16039200
16550,300,600,"bu","11:02:16",16039800
16500,250,100,"bu","11:02:23",16039900
16550,300,4200,"bu","11:02:40",16044100
16550,300,100,"sd","11:03:18",16044200
16500,250,3700,"sd","11:03:40",16047900
16500,250,300,"sd","11:03:51",16048200
16500,250,3000,"sd","11:03:52",16051200
16550,300,100,"sd","11:03:55",16051300
16500,250,500,"sd","11:04:00",16051800
16500,250,20000,"sd","11:04:01",16071800
16500,250,2000,"bu","11:04:04",16073800
16500,250,1000,"bu","11:04:08",16074800
16550,300,500,"sd","11:04:11",16075300
16500,250,1600,"sd","11:04:17",16076900
16500,250,400,"bu","11:04:20",16077300
16500,250,200,"sd","11:04:20",16077500
16500,250,13000,"bu","11:04:21",16090500
16500,250,500,"bu","11:04:33",16091000
16500,250,10000,"sd","11:04:35",16101000
16500,250,100,"sd","11:04:36",16101100
16500,250,21100,"sd","11:04:57",16122200
16500,250,4000,"sd","11:05:10",16126200
16500,250,100,"sd","11:05:10",16126300
16500,250,200,"sd","11:05:11",16126500
16500,250,20000,"bu","11:05:28",16146500
16500,250,6500,"sd","11:05:38",16153000
16500,250,300,"bu","11:05:41",16153300
16550,300,100,"bu","11:05:43",16153400
16500,250,600,"bu","11:05:57",16154000
16500,250,2000,"bu","11:05:58",16156000
16500,250,200,"sd","11:06:00",16156200
16500,250,1000,"sd","11:06:02",16157200
16500,250,2000,"sd","11:06:11",16159200
16500,250,100,"sd","11:06:16",16159300
16500,250,1000,"bu","11:06:21",16160300
16500,250,2000,"sd","11:06:22",16162300
16500,250,1000,"bu","11:06:24",16163300
16550,300,6800,"sd","11:06:26",16170100
16500,250,200,"bu","11:06:27",16170300
16500,250,300,"bu","11:06:52",16170600
16500,250,17400,"sd","11:06:53",16188000
16500,250,2000,"bu","11:06:56",16190000
16500,250,1000,"bu","11:06:58",16191000
16500,250,400,"bu","11:07:00",16191400
16500,250,200,"sd","11:07:03",16191600
16500,250,2000,"bu","11:07:04",16193600
16500,250,10000,"bu","11:07:05",16203600
16500,250,1000,"sd","11:07:19",16204600
16500,250,2400,"sd","11:07:20",16207000
16500,250,1000,"sd","11:07:30",16208000
16500,250,400,"sd","11:07:31",16208400
16500,250,1000,"sd","11:07:35",16209400
16500,250,7000,"sd","11:07:40",16216400
16500,250,10000,"bu","11:07:42",16226400
16500,250,1000,"bu","11:07:45",16227400
16500,250,5000,"sd","11:07:52",16232400
16500,250,10000,"sd","11:08:04",16242400
16500,250,1000,"sd","11:08:08",16243400
16500,250,4500,"sd","11:08:10",16247900
16500,250,100,"sd","11:08:13",16248000
16500,250,6600,"bu","11:08:14",16254600
16500,250,5000,"sd","11:08:15",16259600
16500,250,200,"sd","11:08:20",16259800
16500,250,4500,"sd","11:08:22",16264300
16500,250,800,"sd","11:08:27",16265100
16500,250,2000,"sd","11:08:30",16267100
16500,250,10000,"sd","11:08:31",16277100
16500,250,111200,"sd","11:08:32",16388300
16500,250,6900,"sd","11:08:33",16395200
16500,250,500,"bu","11:08:37",16395700
16500,250,5000,"bu","11:08:40",16400700
16500,250,100,"sd","11:08:47",16400800
16500,250,500,"sd","11:09:02",16401300
16500,250,100,"sd","11:09:11",16401400
16500,250,700,"bu","11:09:13",16402100
16500,250,4800,"sd","11:09:51",16406900
16450,200,500,"bu","11:10:06",16407400
16500,250,100,"bu","11:10:10",16407500
16500,250,600,"sd","11:10:15",16408100
16500,250,200,"sd","11:10:22",16408300
16450,200,10000,"sd","11:10:33",16418300
16500,250,2000,"bu","11:10:38",16420300
16450,200,1000,"sd","11:10:43",16421300
16450,200,100,"bu","11:10:49",16421400
16450,200,600,"bu","11:10:53",16422000
16500,250,20000,"bu","11:11:08",16442000
16500,250,2000,"bu","11:11:11",16444000
16450,200,100,"sd","11:11:22",16444100
16500,250,15000,"sd","11:11:26",16459100
16500,250,200,"bu","11:11:28",16459300
16450,200,1000,"sd","11:11:29",16460300
16500,250,30000,"bu","11:11:30",16490300
16500,250,15000,"sd","11:11:32",16505300
16500,250,13000,"sd","11:11:34",16518300
16500,250,200,"sd","11:11:35",16518500
16450,200,2000,"bu","11:11:37",16520500
16500,250,500,"bu","11:11:38",16521000
16500,250,2300,"bu","11:11:39",16523300
16500,250,1000,"sd","11:11:41",16524300
16500,250,8100,"bu","11:11:47",16532400
16500,250,2000,"sd","11:11:47",16534400
16500,250,60400,"bu","11:11:52",16594800
16500,250,500,"sd","11:11:54",16595300
16500,250,200,"bu","11:12:01",16595500
16500,250,6100,"bu","11:12:05",16601600
16550,300,200,"sd","11:12:09",16601800
16500,250,500,"sd","11:12:11",16602300
16500,250,6000,"bu","11:12:16",16608300
16500,250,200,"sd","11:12:19",16608500
16500,250,1000,"sd","11:12:24",16609500
16500,250,2000,"bu","11:12:27",16611500
16500,250,500,"bu","11:12:29",16612000
16450,200,300,"sd","11:12:30",16612300
16450,200,100,"bu","11:12:46",16612400
16450,200,5700,"bu","11:13:02",16618100
16500,250,2000,"bu","11:13:03",16620100
16500,250,2600,"sd","11:13:10",16622700
16500,250,12100,"bu","11:13:28",16634800
16500,250,1000,"bu","11:13:30",16635800
16500,250,1500,"sd","11:13:34",16637300
16500,250,3200,"bu","11:13:37",16640500
16500,250,1900,"bu","11:13:38",16642400
16500,250,500,"bu","11:13:40",16642900
16500,250,11200,"sd","11:13:48",16654100
16500,250,10500,"bu","11:13:59",16664600
16500,250,700,"sd","11:14:00",16665300
16500,250,11000,"sd","11:14:06",16676300
16500,250,2000,"bu","11:14:07",16678300
16500,250,3000,"sd","11:14:09",16681300
16500,250,3100,"bu","11:14:11",16684400
16500,250,4400,"bu","11:14:18",16688800
16500,250,1000,"bu","11:14:32",16689800
16500,250,200,"bu","11:14:33",16690000
16500,250,1000,"sd","11:14:45",16691000
16500,250,500,"sd","11:14:46",16691500
16500,250,1100,"sd","11:14:57",16692600
16500,250,3000,"bu","11:15:07",16695600
16500,250,100,"sd","11:15:10",16695700
16500,250,200,"sd","11:15:16",16695900
16500,250,2200,"bu","11:15:26",16698100
16500,250,3000,"bu","11:15:28",16701100
16500,250,2000,"bu","11:15:31",16703100
16500,250,200,"bu","11:15:38",16703300
16500,250,100,"sd","11:15:55",16703400
16500,250,8000,"bu","11:15:57",16711400
16500,250,2000,"sd","11:16:05",16713400
16500,250,500,"bu","11:16:06",16713900
16500,250,100,"sd","11:16:34",16714000
16500,250,200,"sd","11:16:35",16714200
16500,250,1000,"sd","11:16:43",16715200
16500,250,1400,"sd","11:16:45",16716600
16550,300,600,"bu","11:16:46",16717200
16500,250,1500,"sd","11:16:49",16718700
16550,300,100,"sd","11:16:53",16718800
16550,300,500,"sd","11:17:00",16719300
16500,250,600,"sd","11:17:09",16719900
16500,250,1000,"bu","11:17:11",16720900
16500,250,100,"bu","11:17:15",16721000
16500,250,1100,"sd","11:17:22",16722100
16550,300,900,"bu","11:17:23",16723000
16550,300,100,"bu","11:17:28",16723100
16500,250,1000,"sd","11:17:53",16724100
16500,250,1000,"bu","11:18:07",16725100
16550,300,600,"sd","11:18:26",16725700
16500,250,3000,"sd","11:18:33",16728700
16550,300,20000,"bu","11:18:36",16748700
16550,300,100,"bu","11:18:39",16748800
16550,300,15000,"sd","11:18:48",16763800
16550,300,100,"sd","11:18:53",16763900
16550,300,900,"sd","11:19:16",16764800
16500,250,500,"sd","11:19:41",16765300
16500,250,100,"bu","11:19:46",16765400
16550,300,800,"bu","11:20:07",16766200
16550,300,100,"bu","11:20:20",16766300
16550,300,1100,"bu","11:20:21",16767400
16550,300,900,"sd","11:20:45",16768300
16500,250,6000,"sd","11:20:50",16774300
16550,300,600,"bu","11:20:51",16774900
16550,300,100,"sd","11:20:54",16775000
16550,300,1000,"bu","11:21:10",16776000
16550,300,100,"bu","11:21:13",16776100
16500,250,10400,"bu","11:21:38",16786500
16500,250,5500,"sd","11:21:41",16792000
16500,250,10000,"bu","11:21:49",16802000
16550,300,100,"sd","11:21:54",16802100
16550,300,1300,"sd","11:21:59",16803400
16500,250,14000,"bu","11:22:33",16817400
16500,250,100,"sd","11:22:34",16817500
16500,250,10200,"sd","11:22:41",16827700
16500,250,26700,"bu","11:22:51",16854400
16550,300,600,"sd","11:22:52",16855000
16550,300,900,"sd","11:22:57",16855900
16500,250,5000,"sd","11:23:01",16860900
16550,300,100,"bu","11:23:16",16861000
16500,250,500,"bu","11:23:18",16861500
16550,300,100,"sd","11:23:20",16861600
16500,250,8100,"bu","11:23:24",16869700
16500,250,1000,"bu","11:23:36",16870700
16550,300,300,"sd","11:23:37",16871000
16550,300,100,"bu","11:24:36",16871100
16500,250,900,"sd","11:24:52",16872000
16500,250,2000,"bu","11:24:55",16874000
16500,250,1000,"bu","11:25:10",16875000
16500,250,7000,"bu","11:25:18",16882000
16500,250,1000,"bu","11:25:21",16883000
16500,250,7000,"sd","11:25:30",16890000
16500,250,8000,"bu","11:25:32",16898000
16550,300,600,"sd","11:25:33",16898600
16500,250,800,"bu","11:25:36",16899400
16550,300,1000,"sd","11:25:38",16900400
16550,300,20000,"bu","11:25:48",16920400
16500,250,300,"bu","11:25:51",16920700
16550,300,100,"sd","11:25:56",16920800
16500,250,4300,"bu","11:25:59",16925100
16550,300,100,"sd","11:26:01",16925200
16500,250,10000,"sd","11:26:02",16935200
16550,300,10100,"bu","11:26:14",16945300
16500,250,1000,"bu","11:26:41",16946300
16550,300,2000,"sd","11:26:43",16948300
16550,300,100,"sd","11:26:50",16948400
16550,300,3000,"sd","11:26:52",16951400
16550,300,100,"sd","11:27:00",16951500
16550,300,4800,"sd","11:27:01",16956300
16500,250,4000,"bu","11:27:03",16960300
16500,250,11600,"bu","11:27:06",16971900
16500,250,10100,"bu","11:27:09",16982000
16500,250,1100,"sd","11:27:18",16983100
16500,250,500,"sd","11:27:22",16983600
16500,250,4200,"bu","11:27:27",16987800
16500,250,100,"sd","11:27:28",16987900
16500,250,2100,"sd","11:27:32",16990000
16500,250,5000,"bu","11:27:35",16995000
16550,300,100,"bu","11:27:37",16995100
16500,250,2000,"sd","11:27:43",16997100
16550,300,100,"sd","11:27:55",16997200
16500,250,500,"bu","11:27:59",16997700
16550,300,2000,"sd","11:28:00",16999700
16500,250,1000,"sd","11:28:03",17000700
16500,250,300,"sd","11:28:06",17001000
16550,300,500,"bu","11:28:09",17001500
16550,300,100,"sd","11:28:11",17001600
16500,250,2000,"sd","11:28:26",17003600
16500,250,100,"bu","11:28:28",17003700
16500,250,1500,"sd","11:28:32",17005200
16500,250,1200,"bu","11:28:38",17006400
16500,250,100,"sd","11:28:43",17006500
16500,250,300,"bu","11:28:49",17006800
16500,250,1000,"bu","11:28:50",17007800
16500,250,4700,"sd","11:28:53",17012500
16500,250,1000,"bu","11:29:00",17013500
16550,300,600,"bu","11:29:02",17014100
16500,250,88100,"sd","11:29:04",17102200
16500,250,13900,"sd","11:29:05",17116100
16500,250,200,"bu","11:29:07",17116300
16500,250,100,"bu","11:29:08",17116400
16500,250,5000,"bu","11:29:13",17121400
16500,250,100,"sd","11:29:15",17121500
16550,300,2500,"sd","11:29:16",17124000
16500,250,100,"bu","11:29:24",17124100
16500,250,200,"sd","11:29:34",17124300
16500,250,4300,"bu","11:29:35",17128600
16500,250,1000,"bu","11:29:40",17129600
16500,250,2000,"bu","11:29:41",17131600
16500,250,1000,"bu","11:29:42",17132600
16500,250,19100,"sd","11:29:53",17151700
16500,250,3200,"bu","11:29:53",17154900
16500,250,3500,"sd","11:29:55",17158400
16500,250,18400,"bu","11:29:58",17176800
16450,200,3000,"bu","13:00:03",17179800
16500,250,100,"bu","13:00:17",17179900
16450,200,20100,"sd","13:00:17",17200000
16500,250,700,"bu","13:00:20",17200700
16500,250,1800,"bu","13:00:20",17202500
16500,250,200,"bu","13:00:20",17202700
16450,200,24100,"sd","13:00:21",17226800
16450,200,1300,"sd","13:00:23",17228100
16500,250,5000,"sd","13:00:25",17233100
16500,250,200,"sd","13:00:25",17233300
16450,200,11000,"bu","13:00:28",17244300
16500,250,4000,"sd","13:00:30",17248300
16500,250,100,"sd","13:00:35",17248400
16450,200,2000,"sd","13:00:36",17250400
16500,250,1000,"sd","13:00:37",17251400
16450,200,2000,"sd","13:00:40",17253400
16450,200,1000,"bu","13:00:41",17254400
16450,200,14500,"sd","13:00:42",17268900
16450,200,10000,"sd","13:00:43",17278900
16450,200,10000,"bu","13:00:46",17288900
16450,200,2000,"sd","13:00:47",17290900
16500,250,1400,"sd","13:00:47",17292300
16450,200,15400,"bu","13:00:48",17307700
16500,250,2000,"bu","13:00:51",17309700
16500,250,3100,"sd","13:00:51",17312800
16450,200,37000,"bu","13:00:52",17349800
16500,250,100,"sd","13:00:53",17349900
16450,200,15000,"bu","13:00:54",17364900
16500,250,100,"bu","13:00:54",17365000
16450,200,37100,"bu","13:00:57",17402100
16450,200,5000,"sd","13:00:58",17407100
16450,200,6100,"bu","13:00:59",17413200
16450,200,400,"sd","13:01:00",17413600
16450,200,2100,"sd","13:01:01",17415700
16450,200,6500,"sd","13:01:02",17422200
16450,200,3000,"sd","13:01:03",17425200
16450,200,15000,"sd","13:01:04",17440200
16450,200,100,"sd","13:01:06",17440300
16450,200,7000,"bu","13:01:17",17447300
16400,150,100,"sd","13:01:22",17447400
16450,200,1500,"bu","13:01:27",17448900
16450,200,30000,"bu","13:01:31",17478900
16450,200,5600,"bu","13:01:33",17484500
16450,200,12000,"sd","13:01:34",17496500
16450,200,28300,"sd","13:01:38",17524800
16450,200,1000,"bu","13:01:39",17525800
16450,200,5900,"sd","13:01:51",17531700
16450,200,100,"sd","13:01:53",17531800
16450,200,3100,"bu","13:01:55",17534900
16450,200,500,"sd","13:01:56",17535400
16450,200,2400,"bu","13:02:01",17537800
16450,200,1000,"bu","13:02:05",17538800
16450,200,5000,"sd","13:02:06",17543800
16450,200,2500,"bu","13:02:09",17546300
16450,200,400,"sd","13:02:12",17546700
16450,200,4600,"sd","13:02:15",17551300
16450,200,3600,"sd","13:02:26",17554900
16450,200,1500,"sd","13:02:36",17556400
16450,200,500,"sd","13:02:41",17556900
16450,200,200,"bu","13:02:43",17557100
16450,200,6600,"bu","13:02:56",17563700
16500,250,1500,"sd","13:03:07",17565200
16500,250,200,"bu","13:03:08",17565400
16500,250,5000,"bu","13:03:14",17570400
16450,200,800,"bu","13:03:20",17571200
16450,200,100,"bu","13:03:38",17571300
16450,200,10000,"bu","13:03:44",17581300
16500,250,100,"sd","13:03:46",17581400
16450,200,300,"sd","13:03:48",17581700
16450,200,2200,"sd","13:03:52",17583900
16450,200,1200,"sd","13:04:12",17585100
16450,200,500,"sd","13:04:14",17585600
16450,200,200,"sd","13:04:16",17585800
16450,200,7100,"sd","13:04:21",17592900
16450,200,7600,"sd","13:04:30",17600500
16500,250,1900,"sd","13:04:31",17602400
16500,250,50000,"sd","13:04:36",17652400
16450,200,600,"bu","13:04:37",17653000
16500,250,3600,"bu","13:04:41",17656600
16450,200,212700,"sd","13:04:47",17869300
16500,250,5400,"sd","13:04:53",17874700
16500,250,1300,"bu","13:04:56",17876000
16500,250,300,"bu","13:04:57",17876300
16500,250,2000,"bu","13:04:59",17878300
16500,250,2000,"sd","13:05:00",17880300
16500,250,2500,"bu","13:05:07",17882800
16500,250,2000,"sd","13:05:10",17884800
16500,250,400,"sd","13:05:17",17885200
16500,250,3500,"bu","13:05:18",17888700
16500,250,100,"sd","13:05:19",17888800
16500,250,500,"sd","13:05:25",17889300
16500,250,2300,"bu","13:05:28",17891600
16500,250,2400,"sd","13:05:31",17894000
16500,250,2700,"bu","13:05:34",17896700
16500,250,2000,"sd","13:05:35",17898700
16500,250,11000,"bu","13:05:44",17909700
16500,250,400,"sd","13:05:46",17910100
16500,250,15500,"sd","13:05:48",17925600
16500,250,100,"sd","13:05:52",17925700
16500,250,200,"sd","13:05:57",17925900
16500,250,500,"sd","13:05:58",17926400
16500,250,7800,"bu","13:05:59",17934200
16500,250,100,"bu","13:06:08",17934300
16500,250,500,"bu","13:06:19",17934800
16550,300,1500,"sd","13:06:20",17936300
16500,250,5000,"sd","13:06:23",17941300
16500,250,50000,"bu","13:06:25",17991300
16500,250,10000,"bu","13:06:30",18001300
16500,250,100,"sd","13:06:36",18001400
16500,250,600,"bu","13:06:39",18002000
16500,250,6500,"sd","13:06:51",18008500
16500,250,800,"bu","13:06:52",18009300
16500,250,1000,"sd","13:06:53",18010300
16500,250,11000,"sd","13:06:55",18021300
16500,250,3500,"sd","13:06:56",18024800
16500,250,100,"bu","13:06:58",18024900
16500,250,600,"sd","13:07:01",18025500
16500,250,2500,"sd","13:07:04",18028000
16500,250,100,"sd","13:07:08",18028100
16500,250,7100,"bu","13:07:13",18035200
16500,250,1000,"bu","13:07:16",18036200
16500,250,15200,"bu","13:07:18",18051400
16500,250,2200,"sd","13:07:29",18053600
16500,250,500,"bu","13:07:33",18054100
16550,300,6500,"bu","13:07:42",18060600
16500,250,500,"sd","13:07:44",18061100
16550,300,3000,"sd","13:07:46",18064100
16500,250,100,"sd","13:07:48",18064200
16550,300,10200,"sd","13:08:05",18074400
16500,250,700,"sd","13:08:15",18075100
16550,300,20500,"sd","13:08:30",18095600
16550,300,4400,"sd","13:08:33",18100000
16550,300,10000,"sd","13:08:42",18110000
16550,300,2000,"bu","13:08:46",18112000
16550,300,3300,"bu","13:08:48",18115300
16550,300,50000,"bu","13:08:55",18165300
16550,300,5000,"bu","13:09:02",18170300
16550,300,500,"bu","13:09:04",18170800
16550,300,1000,"bu","13:09:06",18171800
16550,300,30000,"bu","13:09:09",18201800
16550,300,2000,"sd","13:09:15",18203800
16550,300,400,"bu","13:09:17",18204200
16550,300,30200,"sd","13:09:22",18234400
16550,300,50500,"sd","13:09:23",18284900
16550,300,1300,"bu","13:09:25",18286200
16550,300,100,"bu","13:09:26",18286300
16550,300,20300,"sd","13:09:29",18306600
16550,300,40000,"sd","13:09:30",18346600
16550,300,46700,"sd","13:09:31",18393300
16600,350,2100,"sd","13:09:37",18395400
16550,300,11000,"bu","13:09:39",18406400
16550,300,200,"sd","13:09:47",18406600
16550,300,100,"sd","13:09:49",18406700
16550,300,6100,"sd","13:10:01",18412800
16550,300,2500,"bu","13:10:10",18415300
16600,350,500,"bu","13:10:12",18415800
16550,300,600,"bu","13:10:15",18416400
16550,300,7600,"bu","13:10:22",18424000
16550,300,4000,"sd","13:10:23",18428000
16600,350,2400,"bu","13:10:26",18430400
16550,300,5000,"bu","13:10:27",18435400
16550,300,1200,"bu","13:10:29",18436600
16550,300,25900,"sd","13:10:30",18462500
16550,300,20000,"sd","13:10:32",18482500
16550,300,10000,"sd","13:10:35",18492500
16550,300,5000,"bu","13:10:39",18497500
16500,250,200,"bu","13:10:43",18497700
16550,300,2200,"sd","13:10:47",18499900
16550,300,2100,"bu","13:10:50",18502000
16550,300,2600,"bu","13:10:54",18504600
16500,250,70000,"sd","13:10:55",18574600
16550,300,9000,"bu","13:10:56",18583600
16550,300,10000,"bu","13:11:02",18593600
16550,300,100,"bu","13:11:04",18593700
16550,300,3000,"bu","13:11:09",18596700
16550,300,1100,"sd","13:11:12",18597800
16550,300,200,"sd","13:11:16",18598000
16550,300,20000,"sd","13:11:22",18618000
16500,250,7500,"sd","13:11:31",18625500
16550,300,500,"sd","13:11:33",18626000
16550,300,500,"bu","13:11:42",18626500
16550,300,10500,"bu","13:11:50",18637000
16550,300,1000,"sd","13:12:01",18638000
16550,300,9100,"sd","13:12:05",18647100
16550,300,5000,"sd","13:12:06",18652100
16550,300,1800,"bu","13:12:08",18653900
16550,300,700,"bu","13:12:10",18654600
16550,300,13100,"bu","13:12:17",18667700
16550,300,3100,"sd","13:12:24",18670800
16500,250,5100,"sd","13:12:25",18675900
16550,300,100,"sd","13:12:26",18676000
16550,300,200,"bu","13:12:31",18676200
16550,300,3000,"sd","13:12:32",18679200
16550,300,300,"bu","13:12:34",18679500
16550,300,100,"bu","13:12:42",18679600
16550,300,1700,"bu","13:13:00",18681300
16500,250,1600,"sd","13:13:02",18682900
16550,300,2000,"sd","13:13:08",18684900
16550,300,12000,"sd","13:13:10",18696900
16550,300,1000,"bu","13:13:11",18697900
16550,300,63000,"sd","13:13:12",18760900
16550,300,200,"sd","13:13:25",18761100
16600,350,1000,"bu","13:13:36",18762100
16550,300,100,"bu","13:13:39",18762200
16600,350,200,"bu","13:14:01",18762400
16600,350,5000,"sd","13:14:07",18767400
16600,350,200,"bu","13:14:09",18767600
16600,350,300,"bu","13:14:13",18767900
16600,350,5000,"bu","13:14:21",18772900
16550,300,20000,"sd","13:14:28",18792900
16600,350,500,"sd","13:14:38",18793400
16550,300,100,"bu","13:14:41",18793500
16600,350,6700,"sd","13:14:44",18800200
16600,350,300,"bu","13:14:47",18800500
16600,350,1200,"sd","13:14:54",18801700
16600,350,1000,"bu","13:14:58",18802700
16600,350,900,"bu","13:15:00",18803600
16600,350,1000,"bu","13:15:04",18804600
16600,350,2000,"bu","13:15:05",18806600
16600,350,200,"sd","13:15:07",18806800
16550,300,6000,"bu","13:15:10",18812800
16600,350,18500,"sd","13:15:14",18831300
16550,300,2700,"sd","13:15:19",18834000
16600,350,1000,"sd","13:15:21",18835000
16600,350,1200,"sd","13:15:23",18836200
16600,350,6000,"sd","13:15:35",18842200
16600,350,2000,"sd","13:15:38",18844200
16600,350,3000,"bu","13:15:40",18847200
16600,350,1700,"sd","13:15:42",18848900
16600,350,5200,"sd","13:15:44",18854100
16600,350,1200,"bu","13:15:52",18855300
16600,350,5000,"sd","13:15:54",18860300
16600,350,20000,"bu","13:16:07",18880300
16600,350,1000,"sd","13:16:09",18881300
16600,350,1100,"bu","13:16:14",18882400
16600,350,1500,"sd","13:16:24",18883900
16600,350,3000,"bu","13:16:31",18886900
16550,300,1200,"bu","13:16:32",18888100
16550,300,100,"sd","13:16:33",18888200
16550,300,1000,"sd","13:16:36",18889200
16550,300,1500,"sd","13:16:37",18890700
16600,350,600,"sd","13:16:39",18891300
16600,350,1000,"sd","13:16:52",18892300
16600,350,1100,"sd","13:17:02",18893400
16600,350,15000,"sd","13:17:10",18908400
16550,300,1000,"sd","13:17:14",18909400
16600,350,13700,"bu","13:17:16",18923100
16600,350,1000,"sd","13:17:17",18924100
16600,350,200,"sd","13:17:28",18924300
16600,350,100,"sd","13:17:37",18924400
16600,350,4000,"bu","13:17:41",18928400
16600,350,5000,"bu","13:17:43",18933400
16550,300,1200,"bu","13:17:52",18934600
16600,350,5100,"bu","13:17:55",18939700
16550,300,30000,"bu","13:18:00",18969700
16550,300,30000,"sd","13:18:10",18999700
16600,350,2000,"bu","13:18:11",19001700
16600,350,100,"sd","13:18:12",19001800
16550,300,3000,"bu","13:18:14",19004800
16550,300,1000,"bu","13:18:15",19005800
16550,300,5000,"bu","13:18:16",19010800
16550,300,29200,"sd","13:18:26",19040000
16550,300,60000,"sd","13:18:28",19100000
16550,300,37000,"sd","13:18:29",19137000
16550,300,600,"bu","13:18:32",19137600
16550,300,110000,"bu","13:18:33",19247600
16550,300,200,"bu","13:18:36",19247800
16550,300,500,"bu","13:18:37",19248300
16550,300,3000,"sd","13:18:38",19251300
16550,300,2000,"sd","13:18:43",19253300
16550,300,1000,"bu","13:18:50",19254300
16550,300,100,"sd","13:18:51",19254400
16550,300,300,"bu","13:19:04",19254700
16550,300,2000,"sd","13:19:05",19256700
16550,300,700,"bu","13:19:15",19257400
16550,300,600,"bu","13:19:26",19258000
16550,300,1000,"bu","13:19:30",19259000
16500,250,300,"bu","13:19:34",19259300
16550,300,100,"bu","13:19:35",19259400
16550,300,200,"sd","13:19:40",19259600
16550,300,5000,"bu","13:19:43",19264600
16550,300,600,"sd","13:19:45",19265200
16500,250,10000,"sd","13:19:48",19275200
16550,300,201000,"sd","13:19:52",19476200
16550,300,200,"bu","13:20:06",19476400
16550,300,800,"sd","13:20:11",19477200
16550,300,1000,"sd","13:20:16",19478200
16550,300,100,"sd","13:20:20",19478300
16550,300,6000,"bu","13:20:31",19484300
16550,300,200,"sd","13:20:38",19484500
16500,250,700,"bu","13:20:53",19485200
16500,250,200,"sd","13:21:12",19485400
16550,300,21000,"bu","13:21:17",19506400
16500,250,200,"bu","13:21:33",19506600
16550,300,5000,"sd","13:21:39",19511600
