"symbol","time","price","change","vol","total","side"
"EIB","14:45:00",18.3,0.1,383700,5589400,
"EIB","14:29:58",18.2,0,300,5205700,"B"
"EIB","14:29:56",18.2,0,46800,5205400,"S"
"EIB","14:29:46",18.2,0,1000,5158600,"S"
"EIB","14:29:35",18.2,0,3000,5157600,"S"
"EIB","14:29:26",18.2,0,1000,5154600,"S"
"EIB","14:29:12",18.2,0,1000,5153600,"S"
"EIB","14:29:06",18.2,0,10000,5152600,"S"
"EIB","14:29:04",18.15,-0.05,500,5142600,"B"
"EIB","14:29:04",18.2,0,2000,5142100,"S"
"EIB","14:29:01",18.2,0,1000,5140100,"S"
"EIB","14:28:56",18.2,0,7000,5139100,"S"
"EIB","14:28:51",18.15,-0.05,1300,5132100,"B"
"EIB","14:28:46",18.2,0,40200,5130800,"B"
"EIB","14:28:22",18.2,0,600,5090600,"B"
"EIB","14:27:48",18.2,0,1100,5090000,"B"
"EIB","14:27:27",18.2,0,500,5088900,"B"
"EIB","14:27:23",18.25,0.05,100,5088400,"S"
"EIB","14:27:02",18.2,0,900,5088300,"B"
"EIB","14:26:46",18.2,0,15000,5087400,"B"
"EIB","14:26:39",18.2,0,100000,5072400,"B"
"EIB","14:26:32",18.25,0.05,3000,4972400,"S"
"EIB","14:26:22",18.25,0.05,200,4969400,"S"
"EIB","14:26:18",18.2,0,1100,4969200,"B"
"EIB","14:26:07",18.25,0.05,6600,4968100,"S"
"EIB","14:25:57",18.25,0.05,400,4961500,"S"
"EIB","14:25:34",18.2,0,100,4961100,"B"
"EIB","14:25:29",18.2,0,1500,4961000,"B"
"EIB","14:25:23",18.25,0.05,200,4959500,"S"
"EIB","14:24:47",18.25,0.05,19600,4959300,"B"
"EIB","14:24:19",18.25,0.05,1300,4939700,"B"
"EIB","14:24:00",18.25,0.05,700,4938400,"B"
"EIB","14:23:49",18.3,0.1,1000,4937700,"S"
"EIB","14:23:47",18.25,0.05,2200,4936700,"B"
"EIB","14:23:27",18.3,0.1,100,4934500,"S"
"EIB","14:23:21",18.25,0.05,1000,4934400,"B"
"EIB","14:23:13",18.25,0.05,200,4933400,"S"
"EIB","14:23:11",18.25,0.05,7000,4933200,"S"
"EIB","14:22:56",18.2,0,200,4926200,"B"
"EIB","14:22:37",18.2,0,1300,4926000,"B"
"EIB","14:22:27",18.2,0,6000,4924700,"B"
"EIB","14:22:16",18.25,0.05,400,4918700,"S"
"EIB","14:22:00",18.25,0.05,4000,4918300,"B"
"EIB","14:21:59",18.3,0.1,500,4914300,"S"
"EIB","14:21:57",18.25,0.05,1000,4913800,"B"
"EIB","14:21:53",18.3,0.1,15000,4912800,"S"
"EIB","14:21:51",18.25,0.05,2200,4897800,"S"
"EIB","14:21:49",18.25,0.05,10000,4895600,"S"
"EIB","14:21:47",18.25,0.05,200,4885600,"S"
"EIB","14:21:42",18.25,0.05,37600,4885400,"B"
"EIB","14:21:35",18.25,0.05,900,4847800,"B"
"EIB","14:21:15",18.25,0.05,100,4846900,"B"
"EIB","14:21:14",18.3,0.1,10000,4846800,"S"
"EIB","14:21:11",18.25,0.05,400,4836800,"B"
"EIB","14:20:53",18.25,0.05,1100,4836400,"B"
"EIB","14:20:51",18.3,0.1,200,4835300,"S"
"EIB","14:20:42",18.3,0.1,200,4835100,"S"
"EIB","14:20:38",18.25,0.05,300,4834900,"B"
"EIB","14:20:37",18.25,0.05,11800,4834600,"B"
"EIB","14:20:35",18.3,0.1,100,4822800,"S"
"EIB","14:20:28",18.25,0.05,100,4822700,"B"
"EIB","14:20:23",18.25,0.05,300,4822600,"B"
"EIB","14:20:12",18.25,0.05,1000,4822300,"B"
"EIB","14:20:11",18.25,0.05,300,4821300,"B"
"EIB","14:20:09",18.25,0.05,10000,4821000,"B"
"EIB","14:20:04",18.25,0.05,1500,4811000,"B"
"EIB","14:19:59",18.25,0.05,35000,4809500,"B"
"EIB","14:19:48",18.25,0.05,5800,4774500,"B"
"EIB","14:19:26",18.3,0.1,500,4768700,"S"
"EIB","14:19:18",18.3,0.1,1000,4768200,"S"
"EIB","14:19:02",18.3,0.1,2600,4767200,"S"
"EIB","14:18:58",18.3,0.1,1000,4764600,"S"
"EIB","14:18:57",18.25,0.05,1100,4763600,"B"
"EIB","14:18:57",18.3,0.1,10000,4762500,"S"
"EIB","14:18:56",18.3,0.1,1000,4752500,"S"
"EIB","14:18:51",18.3,0.1,51000,4751500,"S"
"EIB","14:18:44",18.3,0.1,1500,4700500,"S"
"EIB","14:18:42",18.3,0.1,400,4699000,"S"
"EIB","14:18:42",18.3,0.1,5700,4698600,"S"
"EIB","14:18:37",18.3,0.1,5000,4692900,"S"
"EIB","14:18:37",18.25,0.05,300,4687900,"B"
"EIB","14:18:30",18.25,0.05,8000,4687600,"B"
"EIB","14:18:24",18.25,0.05,3700,4679600,"S"
"EIB","14:18:21",18.25,0.05,300,4675900,"S"
"EIB","14:18:20",18.25,0.05,3000,4675600,"S"
"EIB","14:18:18",18.25,0.05,2000,4672600,"S"
"EIB","14:18:17",18.25,0.05,100,4670600,"S"
"EIB","14:18:12",18.25,0.05,10000,4670500,"S"
"EIB","14:18:11",18.25,0.05,700,4660500,"S"
"EIB","14:18:10",18.25,0.05,1400,4659800,"S"
"EIB","14:18:08",18.2,0,900,4658400,"B"
"EIB","14:18:07",18.25,0.05,20500,4657500,"S"
"EIB","14:18:06",18.25,0.05,5000,4637000,"S"
"EIB","14:18:03",18.25,0.05,100000,4632000,"S"
"EIB","14:17:49",18.25,0.05,400,4532000,"S"
"EIB","14:17:27",18.25,0.05,200,4531600,"S"
"EIB","14:17:23",18.2,0,1000,4531400,"B"
"EIB","14:17:13",18.2,0,200,4530400,"B"
"EIB","14:17:00",18.2,0,23200,4530200,"S"
"EIB","14:16:56",18.2,0,100,4507000,"S"
"EIB","14:16:53",18.2,0,1000,4506900,"S"
"EIB","14:16:46",18.2,0,1000,4505900,"S"
"EIB","14:16:42",18.2,0,3000,4504900,"S"
"EIB","14:16:41",18.2,0,1000,4501900,"S"
"EIB","14:16:41",18.2,0,300,4500900,"S"
"EIB","14:16:38",18.15,-0.05,800,4500600,"B"
"EIB","14:16:34",18.2,0,1000,4499800,"S"
"EIB","14:16:00",18.15,-0.05,900,4498800,"B"
"EIB","14:15:49",18.15,-0.05,2300,4497900,"S"
"EIB","14:15:47",18.15,-0.05,10000,4495600,"S"
"EIB","14:15:42",18.15,-0.05,100,4485600,"S"
"EIB","14:15:36",18.15,-0.05,400,4485500,"S"
"EIB","14:15:33",18.15,-0.05,22200,4485100,"B"
"EIB","14:15:22",18.15,-0.05,800,4462900,"B"
"EIB","14:14:46",18.2,0,300,4462100,"S"
"EIB","14:14:44",18.15,-0.05,800,4461800,"B"
"EIB","14:14:42",18.15,-0.05,1000,4461000,"B"
"EIB","14:14:23",18.15,-0.05,6000,4460000,"B"
"EIB","14:14:10",18.15,-0.05,800,4454000,"B"
"EIB","14:13:31",18.15,-0.05,1200,4453200,"B"
"EIB","14:13:17",18.15,-0.05,400,4452000,"S"
"EIB","14:13:13",18.15,-0.05,10000,4451600,"S"
"EIB","14:13:08",18.15,-0.05,15000,4441600,"S"
"EIB","14:12:38",18.1,-0.1,900,4426600,"B"
"EIB","14:12:16",18.15,-0.05,1000,4425700,"S"
"EIB","14:12:12",18.15,-0.05,13600,4424700,"B"
"EIB","14:12:04",18.15,-0.05,44400,4411100,"B"
"EIB","14:12:04",18.15,-0.05,5600,4366700,"B"
"EIB","14:11:56",18.15,-0.05,800,4361100,"B"
"EIB","14:11:32",18.15,-0.05,200,4360300,"B"
"EIB","14:11:21",18.15,-0.05,900,4360100,"B"
"EIB","14:10:46",18.2,0,100,4359200,"S"
"EIB","14:10:39",18.15,-0.05,1200,4359100,"B"
"EIB","14:10:00",18.2,0,43700,4357900,"B"
"EIB","14:09:57",18.2,0,800,4314200,"B"
"EIB","14:09:51",18.2,0,1000,4313400,"B"
"EIB","14:09:47",18.2,0,800,4312400,"B"
"EIB","14:09:45",18.2,0,1000,4311600,"B"
"EIB","14:09:40",18.2,0,3000,4310600,"B"
"EIB","14:09:35",18.2,0,1000,4307600,"S"
"EIB","14:09:24",18.2,0,100,4306600,"S"
"EIB","14:09:23",18.2,0,4400,4306500,"B"
"EIB","14:09:22",18.2,0,100,4302100,"B"
"EIB","14:09:21",18.2,0,4100,4302000,"B"
"EIB","14:09:16",18.2,0,3000,4297900,"B"
"EIB","14:09:06",18.2,0,100,4294900,"B"
"EIB","14:09:00",18.2,0,200,4294800,"B"
"EIB","14:08:58",18.2,0,700,4294600,"B"
"EIB","14:08:47",18.2,0,200,4293900,"B"
"EIB","14:08:36",18.2,0,700,4293700,"S"
"EIB","14:08:35",18.2,0,1000,4293000,"S"
"EIB","14:08:33",18.2,0,2000,4292000,"S"
"EIB","14:08:25",18.15,-0.05,800,4290000,"B"
"EIB","14:08:14",18.2,0,5700,4289200,"B"
"EIB","14:08:13",18.2,0,6000,4283500,"B"
"EIB","14:08:08",18.2,0,300,4277500,"B"
"EIB","14:08:01",18.2,0,10000,4277200,"B"
"EIB","14:07:52",18.2,0,800,4267200,"B"
"EIB","14:07:16",18.2,0,1200,4266400,"B"
"EIB","14:06:20",18.2,0,1000,4265200,"B"
"EIB","14:06:19",18.25,0.05,100,4264200,"S"
"EIB","14:06:19",18.25,0.05,3000,4264100,"S"
"EIB","14:05:52",18.2,0,500,4261100,"B"
"EIB","14:05:47",18.2,0,1200,4260600,"S"
"EIB","14:05:45",18.2,0,2000,4259400,"S"
"EIB","14:05:39",18.2,0,25000,4257400,"S"
"EIB","14:05:33",18.2,0,2000,4232400,"S"
"EIB","14:05:33",18.15,-0.05,1100,4230400,"B"
"EIB","14:05:14",18.15,-0.05,5600,4229300,"S"
"EIB","14:05:13",18.15,-0.05,10300,4223700,"S"
"EIB","14:05:09",18.15,-0.05,600,4213400,"S"
"EIB","14:05:08",18.15,-0.05,1000,4212800,"S"
"EIB","14:05:04",18.15,-0.05,1000,4211800,"S"
"EIB","14:05:04",18.15,-0.05,2000,4210800,"S"
"EIB","14:05:01",18.15,-0.05,3000,4208800,"S"
"EIB","14:04:59",18.15,-0.05,300,4205800,"S"
"EIB","14:04:57",18.15,-0.05,6300,4205500,"B"
"EIB","14:04:43",18.15,-0.05,800,4199200,"B"
"EIB","14:04:35",18.2,0,1900,4198400,"S"
"EIB","14:04:34",18.15,-0.05,10000,4196500,"B"
"EIB","14:04:27",18.2,0,6600,4186500,"S"
"EIB","14:04:26",18.2,0,20000,4179900,"S"
"EIB","14:04:07",18.1,-0.1,800,4159900,"B"
"EIB","14:03:45",18.1,-0.1,500,4159100,"B"
"EIB","14:03:45",18.15,-0.05,1000,4158600,"B"
"EIB","14:03:32",18.15,-0.05,5800,4157600,"S"
"EIB","14:03:29",18.1,-0.1,900,4151800,"B"
"EIB","14:03:14",18.15,-0.05,5000,4150900,"S"
"EIB","14:02:47",18.1,-0.1,900,4145900,"B"
"EIB","14:02:07",18.1,-0.1,900,4145000,"B"
"EIB","14:01:44",18.15,-0.05,500,4144100,"S"
"EIB","14:01:28",18.1,-0.1,800,4143600,"B"
"EIB","14:00:54",18.1,-0.1,1100,4142800,"B"
"EIB","14:00:52",18.15,-0.05,7000,4141700,"B"
"EIB","14:00:21",18.15,-0.05,20000,4134700,"B"
"EIB","14:00:17",18.15,-0.05,30000,4114700,"B"
"EIB","14:00:06",18.15,-0.05,900,4084700,"B"
"EIB","13:59:51",18.15,-0.05,1400,4083800,"B"
"EIB","13:59:20",18.15,-0.05,800,4082400,"B"
"EIB","13:59:06",18.2,0,500,4081600,"S"
"EIB","13:58:51",18.2,0,20000,4081100,"S"
"EIB","13:58:42",18.15,-0.05,1000,4061100,"B"
"EIB","13:57:56",18.15,-0.05,1200,4060100,"B"
"EIB","13:57:32",18.2,0,500,4058900,"S"
"EIB","13:57:14",18.2,0,50000,4058400,"S"
"EIB","13:57:06",18.2,0,6600,4008400,"S"
"EIB","13:57:04",18.15,-0.05,900,4001800,"B"
"EIB","13:57:01",18.15,-0.05,1000,4000900,"B"
"EIB","13:56:51",18.15,-0.05,2600,3999900,"S"
"EIB","13:56:47",18.15,-0.05,20000,3997300,"S"
"EIB","13:56:34",18.15,-0.05,200,3977300,"S"
"EIB","13:56:31",18.15,-0.05,20000,3977100,"S"
"EIB","13:56:20",18.1,-0.1,900,3957100,"B"
"EIB","13:56:11",18.15,-0.05,30000,3956200,"S"
"EIB","13:55:41",18.1,-0.1,1100,3926200,"B"
"EIB","13:55:38",18.15,-0.05,5900,3925100,"S"
"EIB","13:55:33",18.15,-0.05,200,3919200,"S"
"EIB","13:55:18",18.15,-0.05,6600,3919000,"S"
"EIB","13:54:51",18.1,-0.1,800,3912400,"B"
"EIB","13:54:42",18.15,-0.05,400,3911600,"S"
"EIB","13:54:23",18.15,-0.05,100,3911200,"S"
"EIB","13:54:13",18.1,-0.1,900,3911100,"B"
"EIB","13:54:08",18.15,-0.05,3300,3910200,"S"
"EIB","13:53:42",18.1,-0.1,500,3906900,"B"
"EIB","13:53:33",18.1,-0.1,900,3906400,"B"
"EIB","13:53:20",18.15,-0.05,9900,3905500,"S"
"EIB","13:53:04",18.1,-0.1,33600,3895600,"S"
"EIB","13:52:52",18.05,-0.15,1000,3862000,"B"
"EIB","13:52:11",18.1,-0.1,9400,3861000,"B"
"EIB","13:52:10",18.1,-0.1,20000,3851600,"B"
"EIB","13:52:07",18.1,-0.1,10000,3831600,"B"
"EIB","13:52:05",18.1,-0.1,800,3821600,"B"
"EIB","13:52:01",18.1,-0.1,50000,3820800,"B"
"EIB","13:51:59",18.1,-0.1,2500,3770800,"B"
"EIB","13:51:58",18.1,-0.1,1000,3768300,"B"
"EIB","13:51:42",18.1,-0.1,2000,3767300,"B"
"EIB","13:51:41",18.1,-0.1,500,3765300,"B"
"EIB","13:51:32",18.1,-0.1,700,3764800,"B"
"EIB","13:51:10",18.1,-0.1,10000,3764100,"B"
"EIB","13:51:03",18.1,-0.1,2000,3754100,"B"
"EIB","13:50:59",18.1,-0.1,800,3752100,"B"
"EIB","13:50:51",18.15,-0.05,2000,3751300,"S"
"EIB","13:50:51",18.1,-0.1,2800,3749300,"S"
"EIB","13:50:30",18.05,-0.15,5000,3746500,"B"
"EIB","13:50:20",18.05,-0.15,70000,3741500,"B"
"EIB","13:50:19",18.1,-0.1,10000,3671500,"S"
"EIB","13:49:50",18.05,-0.15,100,3661500,"B"
"EIB","13:49:45",18.05,-0.15,900,3661400,"B"
"EIB","13:49:14",18.05,-0.15,1000,3660500,"B"
"EIB","13:49:05",18.05,-0.15,1000,3659500,"B"
"EIB","13:48:43",18.05,-0.15,2100,3658500,"B"
"EIB","13:48:26",18.05,-0.15,700,3656400,"B"
"EIB","13:47:59",18.1,-0.1,500,3655700,"S"
"EIB","13:47:54",18.1,-0.1,400,3655200,"S"
"EIB","13:47:50",18.05,-0.15,900,3654800,"B"
"EIB","13:47:09",18.05,-0.15,800,3653900,"B"
"EIB","13:46:48",18.1,-0.1,100,3653100,"S"
"EIB","13:46:34",18.1,-0.1,10000,3653000,"S"
"EIB","13:46:34",18.05,-0.15,800,3643000,"B"
"EIB","13:46:30",18.1,-0.1,500,3642200,"S"
"EIB","13:46:30",18.05,-0.15,2000,3641700,"B"
"EIB","13:46:10",18.1,-0.1,500,3639700,"S"
"EIB","13:45:58",18.05,-0.15,800,3639200,"B"
"EIB","13:45:50",18.1,-0.1,31700,3638400,"B"
"EIB","13:45:41",18.1,-0.1,5000,3606700,"B"
"EIB","13:45:33",18.1,-0.1,5000,3601700,"B"
"EIB","13:45:20",18.1,-0.1,800,3596700,"B"
"EIB","13:45:08",18.15,-0.05,500,3595900,"S"
"EIB","13:45:08",18.1,-0.1,500,3595400,"S"
"EIB","13:45:05",18.1,-0.1,1000,3594900,"S"
"EIB","13:45:02",18.1,-0.1,500,3593900,"S"
"EIB","13:45:00",18.1,-0.1,2000,3593400,"S"
"EIB","13:44:56",18.1,-0.1,5300,3591400,"S"
"EIB","13:44:48",18.1,-0.1,1000,3586100,"S"
"EIB","13:44:45",18.1,-0.1,10000,3585100,"S"
"EIB","13:44:43",18.05,-0.15,800,3575100,"B"
"EIB","13:44:29",18.1,-0.1,3000,3574300,"S"
"EIB","13:44:07",18.05,-0.15,900,3571300,"B"
"EIB","13:43:27",18.05,-0.15,800,3570400,"B"
"EIB","13:43:25",18.1,-0.1,1000,3569600,"S"
"EIB","13:43:10",18.05,-0.15,1000,3568600,"B"
"EIB","13:43:05",18.05,-0.15,600,3567600,"B"
"EIB","13:42:52",18.05,-0.15,900,3567000,"B"
"EIB","13:42:41",18.1,-0.1,26400,3566100,"B"
"EIB","13:42:35",18.1,-0.1,1000,3539700,"B"
"EIB","13:42:32",18.1,-0.1,100,3538700,"B"
"EIB","13:42:11",18.1,-0.1,800,3538600,"B"
"EIB","13:41:48",18.1,-0.1,200,3537800,"B"
"EIB","13:41:45",18.1,-0.1,1000,3537600,"B"
"EIB","13:41:30",18.1,-0.1,900,3536600,"B"
"EIB","13:40:53",18.1,-0.1,900,3535700,"B"
"EIB","13:40:28",18.1,-0.1,200,3534800,"B"
"EIB","13:40:10",18.1,-0.1,1000,3534600,"B"
"EIB","13:39:27",18.1,-0.1,1000,3533600,"B"
"EIB","13:39:26",18.1,-0.1,800,3532600,"B"
"EIB","13:39:20",18.1,-0.1,500,3531800,"B"
"EIB","13:38:50",18.1,-0.1,700,3531300,"B"
"EIB","13:38:15",18.1,-0.1,800,3530600,"B"
"EIB","13:37:58",18.1,-0.1,2700,3529800,"B"
"EIB","13:37:40",18.1,-0.1,700,3527100,"B"
"EIB","13:37:08",18.1,-0.1,900,3526400,"B"
"EIB","13:36:48",18.15,-0.05,4300,3525500,"B"
"EIB","13:36:44",18.15,-0.05,12000,3521200,"B"
"EIB","13:36:43",18.15,-0.05,50000,3509200,"B"
"EIB","13:36:38",18.15,-0.05,500,3459200,"B"
"EIB","13:36:30",18.15,-0.05,7000,3458700,"B"
"EIB","13:36:26",18.15,-0.05,800,3451700,"B"
"EIB","13:35:51",18.15,-0.05,800,3450900,"B"
"EIB","13:35:44",18.15,-0.05,24600,3450100,"S"
"EIB","13:35:16",18.05,-0.15,800,3425500,"B"
"EIB","13:34:56",18.05,-0.15,1700,3424700,"B"
"EIB","13:34:55",18.05,-0.15,8300,3423000,"B"
"EIB","13:34:37",18.05,-0.15,800,3414700,"B"
"EIB","13:34:28",18.05,-0.15,5500,3413900,"B"
"EIB","13:34:28",18.1,-0.1,500,3408400,"B"
"EIB","13:34:01",18.05,-0.15,800,3407900,"B"
"EIB","13:34:01",18.1,-0.1,100,3407100,"B"
"EIB","13:33:22",18.05,-0.15,800,3407000,"B"
"EIB","13:33:15",18.1,-0.1,1000,3406200,"S"
"EIB","13:33:14",18.1,-0.1,1000,3405200,"S"
"EIB","13:33:02",18.1,-0.1,4800,3404200,"B"
"EIB","13:33:01",18.1,-0.1,500,3399400,"B"
"EIB","13:32:56",18.1,-0.1,16000,3398900,"B"
"EIB","13:32:42",18.1,-0.1,800,3382900,"B"
"EIB","13:32:07",18.1,-0.1,900,3382100,"B"
"EIB","13:31:58",18.1,-0.1,1000,3381200,"B"
"EIB","13:31:54",18.1,-0.1,300,3380200,"B"
"EIB","13:31:52",18.1,-0.1,2000,3379900,"B"
"EIB","13:31:28",18.1,-0.1,50000,3377900,"B"
"EIB","13:31:26",18.1,-0.1,700,3327900,"B"
"EIB","13:29:42",18.15,-0.05,1000,3327200,"S"
"EIB","13:29:30",18.1,-0.1,800,3326200,"B"
"EIB","13:29:29",18.15,-0.05,3100,3325400,"B"
"EIB","13:29:13",18.15,-0.05,800,3322300,"B"
"EIB","13:29:10",18.15,-0.05,1200,3321500,"S"
"EIB","13:28:32",18.15,-0.05,100,3320300,"S"
"EIB","13:28:28",18.15,-0.05,100,3320200,"S"
"EIB","13:28:18",18.15,-0.05,10000,3320100,"S"
"EIB","13:28:15",18.1,-0.1,800,3310100,"B"
"EIB","13:28:00",18.15,-0.05,95000,3309300,"B"
"EIB","13:27:56",18.15,-0.05,50000,3214300,"B"
"EIB","13:27:37",18.15,-0.05,700,3164300,"B"
"EIB","13:27:23",18.2,0,1200,3163600,"S"
"EIB","13:27:10",18.2,0,5500,3162400,"S"
"EIB","13:27:04",18.15,-0.05,800,3156900,"B"
"EIB","13:26:32",18.15,-0.05,1600,3156100,"B"
"EIB","13:26:28",18.15,-0.05,800,3154500,"B"
"EIB","13:26:24",18.15,-0.05,1000,3153700,"B"
"EIB","13:26:14",18.15,-0.05,53800,3152700,"S"
"EIB","13:26:09",18.1,-0.1,1000,3098900,"B"
"EIB","13:25:52",18.1,-0.1,700,3097900,"B"
"EIB","13:25:20",18.05,-0.15,800,3097200,"B"
"EIB","13:24:46",18.05,-0.15,600,3096400,"B"
"EIB","13:24:46",18.1,-0.1,200,3095800,"B"
"EIB","13:24:39",18.1,-0.1,500,3095600,"B"
"EIB","13:24:22",18.1,-0.1,800,3095100,"S"
"EIB","13:24:14",18.1,-0.1,2000,3094300,"S"
"EIB","13:24:10",18.05,-0.15,700,3092300,"B"
"EIB","13:23:28",18.1,-0.1,6600,3091600,"B"
"EIB","13:23:20",18.1,-0.1,800,3085000,"B"
"EIB","13:23:00",18.1,-0.1,900,3084200,"B"
"EIB","13:22:20",18.1,-0.1,900,3083300,"B"
"EIB","13:22:04",18.1,-0.1,1000,3082400,"B"
"EIB","13:21:59",18.1,-0.1,50000,3081400,"B"
"EIB","13:21:39",18.1,-0.1,800,3031400,"B"
"EIB","13:21:08",18.15,-0.05,1000,3030600,"S"
"EIB","13:21:01",18.1,-0.1,800,3029600,"B"
"EIB","13:20:59",18.15,-0.05,500,3028800,"S"
"EIB","13:20:39",18.1,-0.1,1000,3028300,"B"
"EIB","13:20:22",18.1,-0.1,800,3027300,"B"
"EIB","13:19:48",18.1,-0.1,800,3026500,"B"
"EIB","13:19:34",18.1,-0.1,1200,3025700,"B"
"EIB","13:19:13",18.1,-0.1,700,3024500,"B"
"EIB","13:19:02",18.1,-0.1,3000,3023800,"B"
"EIB","13:18:56",18.15,-0.05,100,3020800,"S"
"EIB","13:18:51",18.1,-0.1,500,3020700,"B"
"EIB","13:18:37",18.1,-0.1,900,3020200,"B"
"EIB","13:18:29",18.1,-0.1,13100,3019300,"S"
"EIB","13:18:23",18.1,-0.1,500,3006200,"S"
"EIB","13:18:20",18.1,-0.1,1000,3005700,"S"
"EIB","13:18:17",18.1,-0.1,1000,3004700,"S"
"EIB","13:17:56",18.05,-0.15,1000,3003700,"B"
"EIB","13:17:53",18.1,-0.1,5000,3002700,"S"
"EIB","13:17:41",18.1,-0.1,4900,2997700,"B"
"EIB","13:17:39",18.1,-0.1,100,2992800,"S"
"EIB","13:17:34",18.1,-0.1,500,2992700,"B"
"EIB","13:17:24",18.1,-0.1,500,2992200,"S"
"EIB","13:17:20",18.1,-0.1,100,2991700,"S"
"EIB","13:17:16",18.1,-0.1,3400,2991600,"B"
"EIB","13:17:15",18.1,-0.1,800,2988200,"B"
"EIB","13:17:01",18.1,-0.1,1300,2987400,"S"
"EIB","13:17:00",18.1,-0.1,800,2986100,"S"
"EIB","13:16:43",18.1,-0.1,5000,2985300,"S"
"EIB","13:16:41",18.1,-0.1,100,2980300,"S"
"EIB","13:16:41",18.1,-0.1,100,2980200,"S"
"EIB","13:16:39",18.1,-0.1,10000,2980100,"S"
"EIB","13:16:36",18.05,-0.15,900,2970100,"B"
"EIB","13:16:33",18.1,-0.1,1000,2969200,"S"
"EIB","13:16:29",18.1,-0.1,5000,2968200,"S"
"EIB","13:16:22",18.1,-0.1,100,2963200,"S"
"EIB","13:16:17",18.1,-0.1,5000,2963100,"S"
"EIB","13:16:12",18.1,-0.1,33500,2958100,"B"
"EIB","13:15:57",18.1,-0.1,800,2924600,"B"
"EIB","13:15:44",18.1,-0.1,2400,2923800,"B"
"EIB","13:15:27",18.1,-0.1,3000,2921400,"S"
"EIB","13:15:21",18.05,-0.15,900,2918400,"B"
"EIB","13:15:20",18.1,-0.1,10000,2917500,"S"
"EIB","13:15:10",18.1,-0.1,15000,2907500,"S"
"EIB","13:15:06",18.1,-0.1,2000,2892500,"S"
"EIB","13:14:57",18.05,-0.15,3000,2890500,"B"
"EIB","13:14:39",18.05,-0.15,900,2887500,"B"
"EIB","13:14:26",18.05,-0.15,14900,2886600,"B"
"EIB","13:14:26",18.1,-0.1,100,2871700,"B"
"EIB","13:14:17",18.05,-0.15,10200,2871600,"B"
"EIB","13:14:17",18.05,-0.15,4800,2861400,"B"
"EIB","13:14:17",18.1,-0.1,5000,2856600,"B"
"EIB","13:14:08",18.05,-0.15,19900,2851600,"B"
"EIB","13:14:08",18.1,-0.1,10100,2831700,"B"
"EIB","13:13:57",18.1,-0.1,800,2821600,"B"
"EIB","13:13:22",18.1,-0.1,500,2820800,"B"
"EIB","13:13:19",18.1,-0.1,900,2820300,"B"
"EIB","13:12:50",18.05,-0.15,100,2819400,"B"
"EIB","13:12:43",18.1,-0.1,1000,2819300,"S"
"EIB","13:12:42",18.1,-0.1,10000,2818300,"S"
"EIB","13:12:38",18.05,-0.15,800,2808300,"B"
"EIB","13:12:25",18.1,-0.1,4300,2807500,"B"
"EIB","13:12:04",18.1,-0.1,700,2803200,"B"
"EIB","13:11:29",18.1,-0.1,900,2802500,"B"
"EIB","13:10:51",18.1,-0.1,700,2801600,"B"
"EIB","13:10:50",18.1,-0.1,500,2800900,"B"
"EIB","13:10:33",18.1,-0.1,100,2800400,"B"
"EIB","13:10:32",18.1,-0.1,8800,2800300,"S"
"EIB","13:10:19",18.05,-0.15,700,2791500,"B"
"EIB","13:10:14",18.1,-0.1,28800,2790800,"S"
"EIB","13:09:45",18.05,-0.15,800,2762000,"B"
"EIB","13:09:18",18.05,-0.15,1700,2761200,"B"
"EIB","13:09:09",18.05,-0.15,1200,2759500,"B"
"EIB","13:08:26",18.05,-0.15,100,2758300,"B"
"EIB","13:08:15",18.05,-0.15,900,2758200,"B"
"EIB","13:08:03",18.1,-0.1,2000,2757300,"S"
"EIB","13:07:54",18,-0.2,13700,2755300,"B"
"EIB","13:07:54",18.05,-0.15,1300,2741600,"B"
"EIB","13:07:38",18.05,-0.15,1700,2740300,"S"
"EIB","13:07:28",18.05,-0.15,400,2738600,"S"
"EIB","13:07:27",18.05,-0.15,100,2738200,"S"
"EIB","13:07:20",18.05,-0.15,8700,2738100,"B"
"EIB","13:06:53",18.05,-0.15,800,2729400,"B"
"EIB","13:06:52",18.05,-0.15,6500,2728600,"B"
"EIB","13:06:35",18.05,-0.15,100,2722100,"B"
"EIB","13:06:26",18.05,-0.15,20000,2722000,"B"
"EIB","13:06:21",18.05,-0.15,25000,2702000,"S"
"EIB","13:06:16",18,-0.2,700,2677000,"B"
"EIB","13:06:05",18.05,-0.15,500,2676300,"S"
"EIB","13:05:43",18,-0.2,800,2675800,"B"
"EIB","13:05:20",18,-0.2,3000,2675000,"B"
"EIB","13:05:08",18,-0.2,700,2672000,"B"
"EIB","13:05:02",18.05,-0.15,10600,2671300,"B"
"EIB","13:04:48",18.05,-0.15,21000,2660700,"S"
"EIB","13:04:44",18.05,-0.15,500,2639700,"S"
"EIB","13:04:35",18.05,-0.15,5000,2639200,"S"
"EIB","13:04:32",18,-0.2,1100,2634200,"B"
"EIB","13:04:27",18.05,-0.15,1000,2633100,"S"
"EIB","13:04:24",18.05,-0.15,200,2632100,"S"
"EIB","13:04:17",18.05,-0.15,100,2631900,"S"
"EIB","13:04:12",18.05,-0.15,500,2631800,"S"
"EIB","13:04:11",18.05,-0.15,200,2631300,"S"
"EIB","13:03:57",18.05,-0.15,38900,2631100,"B"
"EIB","13:03:49",18.05,-0.15,800,2592200,"B"
"EIB","13:03:10",18.05,-0.15,700,2591400,"B"
"EIB","13:02:35",18.05,-0.15,700,2590700,"B"
"EIB","13:02:02",18.05,-0.15,900,2590000,"B"
"EIB","13:01:49",18.05,-0.15,2400,2589100,"S"
"EIB","13:01:48",18.05,-0.15,1000,2586700,"S"
"EIB","13:01:29",18.05,-0.15,10000,2585700,"S"
"EIB","13:01:28",18.05,-0.15,500,2575700,"S"
"EIB","13:01:25",18.05,-0.15,2000,2575200,"S"
"EIB","13:01:24",18,-0.2,800,2573200,"B"
"EIB","13:01:12",18.05,-0.15,500,2572400,"S"
"EIB","13:01:09",18.05,-0.15,500,2571900,"S"
"EIB","13:01:08",18.05,-0.15,500,2571400,"S"
"EIB","13:01:02",18.05,-0.15,5000,2570900,"S"
"EIB","13:00:49",18.05,-0.15,1000,2565900,"S"
"EIB","13:00:48",18,-0.2,200,2564900,"B"
"EIB","13:00:47",18,-0.2,700,2564700,"B"
"EIB","13:00:41",18.05,-0.15,14000,2564000,"S"
"EIB","13:00:32",18.05,-0.15,500,2550000,"S"
"EIB","13:00:28",18.05,-0.15,21400,2549500,"B"
"EIB","13:00:20",18.05,-0.15,10000,2528100,"B"
"EIB","13:00:16",18.05,-0.15,800,2518100,"B"
"EIB","13:00:09",18.1,-0.1,1000,2517300,"S"
"EIB","13:00:07",18.05,-0.15,1000,2516300,"B"
"EIB","13:00:06",18.05,-0.15,1200,2515300,"B"
"EIB","13:00:04",18.1,-0.1,2000,2514100,"S"
"EIB","13:00:03",18.05,-0.15,1400,2512100,"B"
"EIB","13:00:02",18.05,-0.15,41800,2510700,"B"
"EIB","13:00:02",18.05,-0.15,1000,2468900,"B"
"EIB","13:00:02",18.1,-0.1,7000,2467900,"S"
"EIB","11:29:51",18.05,-0.15,5000,2460900,"B"
"EIB","11:29:37",18.05,-0.15,800,2455900,"B"
"EIB","11:29:02",18.05,-0.15,800,2455100,"B"
"EIB","11:28:43",18.05,-0.15,500,2454300,"B"
"EIB","11:28:23",18.05,-0.15,800,2453800,"B"
"EIB","11:28:05",18.05,-0.15,100000,2453000,"B"
"EIB","11:27:58",18.1,-0.1,200,2353000,"S"
"EIB","11:27:56",18.1,-0.1,14700,2352800,"B"
"EIB","11:27:53",18.1,-0.1,4400,2338100,"B"
"EIB","11:27:49",18.1,-0.1,900,2333700,"B"
"EIB","11:27:07",18.1,-0.1,800,2332800,"B"
"EIB","11:27:06",18.1,-0.1,3000,2332000,"B"
"EIB","11:26:55",18.15,-0.05,1500,2329000,"S"
"EIB","11:26:43",18.15,-0.05,6000,2327500,"S"
"EIB","11:26:29",18.1,-0.1,900,2321500,"B"
"EIB","11:25:51",18.1,-0.1,800,2320600,"B"
"EIB","11:25:12",18.05,-0.15,900,2319800,"B"
"EIB","11:24:46",18.05,-0.15,500,2318900,"B"
"EIB","11:24:46",18.1,-0.1,500,2318400,"B"
"EIB","11:24:33",18.05,-0.15,800,2317900,"B"
"EIB","11:24:30",18.05,-0.15,30000,2317100,"B"
"EIB","11:24:17",18.1,-0.1,200,2287100,"B"
"EIB","11:24:09",18.05,-0.15,80000,2286900,"B"
"EIB","11:24:03",18.05,-0.15,1300,2206900,"B"
"EIB","11:23:54",18.05,-0.15,700,2205600,"B"
"EIB","11:23:40",18.05,-0.15,24900,2204900,"B"
"EIB","11:23:40",18.05,-0.15,600,2180000,"B"
"EIB","11:23:40",18.1,-0.1,13500,2179400,"B"
"EIB","11:23:30",18.1,-0.1,1000,2165900,"B"
"EIB","11:23:22",18.1,-0.1,800,2164900,"B"
"EIB","11:23:04",18.1,-0.1,5000,2164100,"B"
"EIB","11:22:58",18.1,-0.1,5000,2159100,"B"
"EIB","11:22:46",18.1,-0.1,900,2154100,"B"
"EIB","11:22:17",18.1,-0.1,50000,2153200,"B"
"EIB","11:22:07",18.1,-0.1,800,2103200,"B"
"EIB","11:21:30",18.1,-0.1,700,2102400,"B"
"EIB","11:21:16",18.1,-0.1,2000,2101700,"B"
"EIB","11:21:07",18.1,-0.1,100000,2099700,"B"
"EIB","11:21:00",18.1,-0.1,100000,1999700,"B"
"EIB","11:20:58",18.1,-0.1,800,1899700,"B"
"EIB","11:20:38",18.1,-0.1,1000,1898900,"B"
"EIB","11:20:32",18.1,-0.1,5000,1897900,"B"
"EIB","11:20:20",18.1,-0.1,800,1892900,"B"
"EIB","11:19:46",18.1,-0.1,800,1892100,"B"
"EIB","11:19:11",18.1,-0.1,700,1891300,"B"
"EIB","11:19:10",18.1,-0.1,3500,1890600,"B"
"EIB","11:19:08",18.15,-0.05,100,1887100,"S"
"EIB","11:18:39",18.15,-0.05,300,1887000,"S"
"EIB","11:18:36",18.1,-0.1,800,1886700,"B"
"EIB","11:18:30",18.15,-0.05,19800,1885900,"B"
"EIB","11:17:59",18.15,-0.05,700,1866100,"B"
"EIB","11:17:57",18.2,0,1000,1865400,"S"
"EIB","11:17:28",18.15,-0.05,800,1864400,"B"
"EIB","11:16:52",18.15,-0.05,700,1863600,"B"
"EIB","11:16:40",18.15,-0.05,100,1862900,"B"
"EIB","11:16:19",18.15,-0.05,700,1862800,"B"
"EIB","11:15:51",18.1,-0.1,100,1862100,"B"
"EIB","11:15:46",18.1,-0.1,900,1862000,"B"
"EIB","11:15:26",18.2,0,500,1861100,"S"
"EIB","11:15:16",18.1,-0.1,400,1860600,"B"
"EIB","11:15:08",18.1,-0.1,600,1860200,"B"
"EIB","11:15:08",18.15,-0.05,200,1859600,"B"
"EIB","11:14:30",18.1,-0.1,800,1859400,"B"
"EIB","11:14:12",18.2,0,100,1858600,"S"
"EIB","11:14:07",18.2,0,100,1858500,"S"
"EIB","11:13:54",18.1,-0.1,800,1858400,"B"
"EIB","11:13:17",18.1,-0.1,300,1857600,"B"
"EIB","11:13:17",18.15,-0.05,600,1857300,"B"
"EIB","11:13:16",18.15,-0.05,5200,1856700,"S"
"EIB","11:13:15",18.15,-0.05,100,1851500,"S"
"EIB","11:13:14",18.15,-0.05,500,1851400,"S"
"EIB","11:13:02",18.15,-0.05,44200,1850900,"B"
"EIB","11:12:51",18.2,0,100,1806700,"S"
"EIB","11:12:35",18.15,-0.05,900,1806600,"B"
"EIB","11:12:26",18.2,0,100,1805700,"S"
"EIB","11:12:06",18.15,-0.05,1000,1805600,"B"
"EIB","11:12:04",18.2,0,100,1804600,"S"
"EIB","11:11:55",18.15,-0.05,900,1804500,"B"
"EIB","11:11:16",18.15,-0.05,1000,1803600,"B"
"EIB","11:11:16",18.15,-0.05,700,1802600,"B"
"EIB","11:10:43",18.15,-0.05,800,1801900,"B"
"EIB","11:10:39",18.2,0,1100,1801100,"S"
"EIB","11:10:10",18.2,0,100,1800000,"S"
"EIB","11:10:09",18.15,-0.05,30000,1799900,"B"
"EIB","11:10:05",18.15,-0.05,700,1769900,"B"
"EIB","11:09:37",18.2,0,1000,1769200,"S"
"EIB","11:09:33",18.15,-0.05,900,1768200,"B"
"EIB","11:09:11",18.2,0,100,1767300,"S"
"EIB","11:08:53",18.15,-0.05,900,1767200,"B"
"EIB","11:08:13",18.15,-0.05,800,1766300,"B"
"EIB","11:07:34",18.15,-0.05,800,1765500,"B"
"EIB","11:06:58",18.15,-0.05,900,1764700,"B"
"EIB","11:06:17",18.15,-0.05,1000,1763800,"B"
"EIB","11:06:10",18.15,-0.05,20000,1762800,"B"
"EIB","11:06:03",18.15,-0.05,3700,1742800,"B"
"EIB","11:05:59",18.15,-0.05,9300,1739100,"B"
"EIB","11:05:59",18.15,-0.05,20700,1729800,"B"
"EIB","11:05:41",18.2,0,5000,1709100,"S"
"EIB","11:05:38",18.2,0,500,1704100,"S"
"EIB","11:05:32",18.15,-0.05,800,1703600,"B"
"EIB","11:05:28",18.2,0,1000,1702800,"S"
"EIB","11:05:10",18.2,0,2300,1701800,"S"
"EIB","11:04:57",18.15,-0.05,800,1699500,"B"
"EIB","11:04:17",18.15,-0.05,800,1698700,"B"
"EIB","11:03:43",18.15,-0.05,800,1697900,"B"
"EIB","11:03:05",18.15,-0.05,900,1697100,"B"
"EIB","11:02:26",18.15,-0.05,900,1696200,"B"
"EIB","11:01:43",18.15,-0.05,800,1695300,"B"
"EIB","11:01:07",18.15,-0.05,900,1694500,"B"
"EIB","11:00:26",18.15,-0.05,900,1693600,"B"
"EIB","11:00:12",18.15,-0.05,8900,1692700,"S"
"EIB","11:00:08",18.15,-0.05,3000,1683800,"S"
"EIB","10:59:51",18.15,-0.05,49700,1680800,"B"
"EIB","10:59:46",18.15,-0.05,800,1631100,"B"
"EIB","10:59:08",18.15,-0.05,900,1630300,"B"
"EIB","10:58:43",18.15,-0.05,50000,1629400,"B"
"EIB","10:58:36",18.15,-0.05,50000,1579400,"B"
"EIB","10:58:31",18.15,-0.05,20000,1529400,"B"
"EIB","10:58:29",18.15,-0.05,800,1509400,"B"
"EIB","10:58:27",18.15,-0.05,200,1508600,"B"
"EIB","10:58:13",18.15,-0.05,29600,1508400,"B"
"EIB","10:58:13",18.2,0,400,1478800,"B"
"EIB","10:58:11",18.2,0,9700,1478400,"S"
"EIB","10:58:03",18.2,0,2000,1468700,"S"
"EIB","10:58:01",18.2,0,8300,1466700,"B"
"EIB","10:58:00",18.2,0,4500,1458400,"S"
"EIB","10:57:58",18.2,0,5000,1453900,"S"
"EIB","10:57:51",18.15,-0.05,900,1448900,"B"
"EIB","10:57:40",18.2,0,5000,1448000,"S"
"EIB","10:57:36",18.2,0,2000,1443000,"S"
"EIB","10:57:29",18.2,0,200,1441000,"S"
"EIB","10:57:10",18.15,-0.05,900,1440800,"B"
"EIB","10:56:53",18.15,-0.05,500,1439900,"B"
"EIB","10:56:40",18.2,0,4700,1439400,"B"
"EIB","10:56:31",18.2,0,2400,1434700,"B"
"EIB","10:55:47",18.2,0,800,1432300,"B"
"EIB","10:55:11",18.2,0,900,1431500,"B"
"EIB","10:55:08",18.2,0,3000,1430600,"B"
"EIB","10:54:32",18.2,0,700,1427600,"B"
"EIB","10:54:00",18.2,0,800,1426900,"B"
"EIB","10:53:46",18.2,0,100,1426100,"B"
"EIB","10:53:43",18.2,0,1000,1426000,"B"
"EIB","10:53:20",18.2,0,900,1425000,"B"
"EIB","10:53:14",18.2,0,700,1424100,"B"
"EIB","10:52:43",18.2,0,700,1423400,"B"
"EIB","10:52:35",18.2,0,200,1422700,"B"
"EIB","10:52:11",18.2,0,100,1422500,"B"
"EIB","10:52:09",18.2,0,900,1422400,"B"
"EIB","10:51:54",18.2,0,300,1421500,"B"
"EIB","10:51:43",18.2,0,1000,1421200,"B"
"EIB","10:51:32",18.2,0,9000,1420200,"B"
"EIB","10:51:29",18.2,0,700,1411200,"B"
"EIB","10:51:01",18.2,0,7000,1410500,"B"
"EIB","10:50:57",18.2,0,800,1403500,"B"
"EIB","10:50:32",18.2,0,20000,1402700,"B"
"EIB","10:50:21",18.2,0,700,1382700,"B"
"EIB","10:49:46",18.2,0,1000,1382000,"B"
"EIB","10:49:32",18.2,0,2700,1381000,"B"
"EIB","10:49:13",18.2,0,4000,1378300,"B"
"EIB","10:49:05",18.2,0,5000,1374300,"B"
"EIB","10:49:02",18.2,0,800,1369300,"B"
"EIB","10:48:47",18.2,0,10900,1368500,"B"
"EIB","10:48:30",18.25,0.05,300,1357600,"S"
"EIB","10:48:26",18.2,0,7900,1357300,"B"
"EIB","10:48:23",18.2,0,900,1349400,"B"
"EIB","10:47:56",18.2,0,2000,1348500,"B"
"EIB","10:47:46",18.2,0,800,1346500,"B"
"EIB","10:47:14",18.2,0,1900,1345700,"S"
"EIB","10:47:13",18.15,-0.05,2000,1343800,"B"
"EIB","10:47:10",18.15,-0.05,700,1341800,"B"
"EIB","10:47:04",18.2,0,1000,1336100,"S"
"EIB","10:46:54",18.2,0,5000,1335100,"S"
"EIB","10:46:48",18.2,0,2000,1330100,"S"
"EIB","10:46:39",18.2,0,600,1328100,"S"
"EIB","10:46:35",18.15,-0.05,500,1327500,"B"
"EIB","10:46:34",18.15,-0.05,300,1327000,"B"
"EIB","10:46:15",18.2,0,13900,1326700,"B"
"EIB","10:46:10",18.2,0,20000,1312800,"B"
"EIB","10:46:04",18.2,0,10000,1292800,"B"
"EIB","10:46:01",18.2,0,800,1282800,"B"
"EIB","10:45:21",18.2,0,900,1282000,"B"
"EIB","10:45:14",18.2,0,4000,1281100,"B"
"EIB","10:44:58",18.2,0,4000,1277100,"B"
"EIB","10:44:44",18.2,0,700,1273100,"B"
"EIB","10:44:26",18.2,0,9500,1272400,"B"
"EIB","10:44:09",18.2,0,800,1262900,"B"
"EIB","10:44:08",18.2,0,15500,1262100,"B"
"EIB","10:43:59",18.2,0,15000,1246600,"B"
"EIB","10:43:54",18.2,0,20000,1231600,"B"
"EIB","10:43:33",18.2,0,800,1211600,"B"
"EIB","10:43:27",18.2,0,50000,1210800,"B"
"EIB","10:42:58",18.2,0,700,1160800,"B"
"EIB","10:42:41",18.25,0.05,4500,1160100,"S"
"EIB","10:42:23",18.2,0,900,1155600,"B"
"EIB","10:41:47",18.2,0,800,1154700,"B"
"EIB","10:41:25",18.2,0,1000,1153900,"B"
"EIB","10:41:08",18.2,0,800,1152900,"B"
"EIB","10:40:33",18.2,0,800,1152100,"B"
"EIB","10:39:53",18.2,0,900,1151300,"B"
"EIB","10:39:16",18.2,0,800,1150400,"B"
"EIB","10:38:39",18.2,0,700,1149600,"B"
"EIB","10:38:17",18.2,0,200,1148900,"B"
"EIB","10:38:04",18.2,0,800,1148700,"B"
"EIB","10:37:27",18.2,0,800,1147900,"B"
"EIB","10:36:53",18.2,0,700,1147100,"B"
"EIB","10:36:18",18.2,0,800,1146400,"B"
"EIB","10:35:42",18.2,0,800,1145600,"B"
"EIB","10:35:07",18.2,0,800,1144800,"B"
"EIB","10:34:31",18.2,0,800,1144000,"B"
"EIB","10:34:09",18.25,0.05,8100,1143200,"S"
"EIB","10:34:07",18.2,0,1000,1135100,"B"
"EIB","10:33:55",18.2,0,700,1134100,"B"
"EIB","10:33:21",18.2,0,800,1133400,"B"
"EIB","10:32:47",18.2,0,800,1132600,"B"
"EIB","10:32:43",18.25,0.05,7000,1131800,"S"
"EIB","10:32:26",18.25,0.05,5000,1124800,"S"
"EIB","10:32:18",18.25,0.05,5000,1119800,"S"
"EIB","10:32:09",18.2,0,800,1114800,"B"
"EIB","10:31:32",18.2,0,800,1114000,"B"
"EIB","10:30:58",18.2,0,700,1113200,"B"
"EIB","10:30:24",18.2,0,800,1112500,"B"
"EIB","10:29:46",18.2,0,800,1111700,"B"
"EIB","10:29:33",18.2,0,900,1110900,"B"
"EIB","10:29:25",18.2,0,2300,1110000,"S"
"EIB","10:29:24",18.2,0,200,1107700,"S"
"EIB","10:29:20",18.2,0,1000,1107500,"S"
"EIB","10:29:18",18.2,0,10000,1106500,"S"
"EIB","10:29:18",18.2,0,2000,1096500,"S"
"EIB","10:29:15",18.2,0,7000,1094500,"S"
"EIB","10:29:12",18.2,0,5000,1087500,"S"
"EIB","10:29:11",18.15,-0.05,900,1082500,"B"
"EIB","10:29:09",18.2,0,11000,1081600,"S"
"EIB","10:29:06",18.2,0,200,1070600,"S"
"EIB","10:28:34",18.15,-0.05,800,1070400,"B"
"EIB","10:28:24",18.2,0,2000,1069600,"S"
"EIB","10:28:20",18.2,0,2100,1067600,"B"
"EIB","10:27:53",18.2,0,800,1065500,"B"
"EIB","10:27:34",18.2,0,10000,1064700,"B"
"EIB","10:27:29",18.2,0,10000,1054700,"B"
"EIB","10:27:17",18.2,0,900,1044700,"B"
"EIB","10:27:06",18.25,0.05,200,1043800,"S"
"EIB","10:26:34",18.2,0,900,1043600,"B"
"EIB","10:25:55",18.2,0,800,1042700,"B"
"EIB","10:25:40",18.2,0,10000,1041900,"B"
"EIB","10:25:16",18.2,0,800,1031900,"B"
"EIB","10:25:15",18.2,0,200,1031100,"B"
"EIB","10:24:54",18.2,0,200,1030900,"B"
"EIB","10:24:42",18.2,0,1000,1030700,"B"
"EIB","10:24:08",18.2,0,700,1029700,"S"
"EIB","10:24:04",18.2,0,5000,1029000,"S"
"EIB","10:23:58",18.15,-0.05,800,1024000,"B"
"EIB","10:23:58",18.2,0,10000,1023200,"S"
"EIB","10:23:45",18.2,0,20000,1013200,"S"
"EIB","10:23:38",18.2,0,200,993200,"S"
"EIB","10:23:30",18.2,0,100,993000,"S"
"EIB","10:23:29",18.2,0,1900,992900,"B"
"EIB","10:23:23",18.2,0,10000,991000,"B"
"EIB","10:23:18",18.2,0,900,981000,"B"
"EIB","10:23:16",18.2,0,2000,980100,"B"
"EIB","10:22:55",18.2,0,100,978100,"B"
"EIB","10:22:47",18.2,0,1900,978000,"S"
"EIB","10:22:41",18.2,0,5000,976100,"S"
"EIB","10:22:38",18.15,-0.05,900,971100,"B"
"EIB","10:22:08",18.2,0,9300,970200,"B"
"EIB","10:22:08",18.2,0,6300,960900,"B"
"EIB","10:22:00",18.2,0,1000,954600,"B"
"EIB","10:21:43",18.2,0,100,953600,"B"
"EIB","10:21:32",18.2,0,100,953500,"B"
"EIB","10:21:15",18.2,0,1200,953400,"B"
"EIB","10:21:01",18.2,0,43100,952200,"S"
"EIB","10:20:53",18.2,0,8000,909100,"S"
"EIB","10:20:19",18.15,-0.05,900,901100,"B"
"EIB","10:19:52",18.2,0,200,900200,"S"
"EIB","10:19:42",18.2,0,1000,900000,"S"
"EIB","10:19:39",18.15,-0.05,800,899000,"B"
"EIB","10:19:04",18.15,-0.05,700,898200,"B"
"EIB","10:18:40",18.2,0,3700,897500,"S"
"EIB","10:17:22",18.2,0,5900,893800,"B"
"EIB","10:17:17",18.2,0,30000,887900,"B"
"EIB","10:17:12",18.2,0,90000,857900,"B"
"EIB","10:17:11",18.2,0,10000,767900,"B"
"EIB","10:16:59",18.2,0,10000,757900,"B"
"EIB","10:15:42",18.25,0.05,1500,747900,"S"
"EIB","10:15:16",18.25,0.05,100,746400,"S"
"EIB","10:15:12",18.25,0.05,100,746300,"S"
"EIB","10:15:11",18.25,0.05,1000,746200,"S"
"EIB","10:15:08",18.25,0.05,100,745200,"S"
"EIB","10:15:01",18.25,0.05,100,745100,"S"
"EIB","10:14:59",18.25,0.05,500,745000,"S"
"EIB","10:14:06",18.25,0.05,1700,744500,"S"
"EIB","10:13:28",18.25,0.05,1000,742800,"S"
"EIB","10:12:50",18.25,0.05,600,741800,"S"
"EIB","10:12:49",18.2,0,1000,741200,"B"
"EIB","10:12:29",18.25,0.05,35700,740200,"S"
"EIB","10:11:52",18.2,0,2000,704500,"B"
"EIB","10:10:31",18.2,0,200,702500,"B"
"EIB","10:10:26",18.2,0,30500,702300,"S"
"EIB","10:10:24",18.15,-0.05,3000,671800,"B"
"EIB","10:10:23",18.2,0,1000,668800,"S"
"EIB","10:10:11",18.2,0,200,667800,"S"
"EIB","10:09:53",18.2,0,100,667600,"S"
"EIB","10:09:47",18.2,0,1200,667500,"S"
"EIB","10:09:46",18.2,0,1000,666300,"S"
"EIB","10:09:37",18.2,0,45400,665300,"B"
"EIB","10:09:22",18.2,0,136300,619900,"B"
"EIB","10:08:27",18.25,0.05,100,483600,"S"
"EIB","10:07:55",18.25,0.05,200,483500,"S"
"EIB","10:07:31",18.25,0.05,300,483300,"S"
"EIB","10:07:26",18.25,0.05,1000,483000,"S"
"EIB","10:07:22",18.25,0.05,100,482000,"S"
"EIB","10:07:19",18.25,0.05,3000,481900,"S"
"EIB","10:07:15",18.25,0.05,200,478900,"S"
"EIB","10:06:54",18.25,0.05,1500,478700,"S"
"EIB","10:05:52",18.25,0.05,48200,477200,"B"
"EIB","10:05:28",18.25,0.05,500,429000,"B"
"EIB","10:04:21",18.25,0.05,5500,428500,"B"
"EIB","10:03:30",18.3,0.1,500,423000,"S"
"EIB","10:03:11",18.3,0.1,1000,422500,"S"
"EIB","10:02:50",18.3,0.1,30000,421500,"S"
"EIB","10:02:18",18.25,0.05,1000,391500,"B"
"EIB","10:02:15",18.3,0.1,300,390500,"S"
"EIB","09:59:30",18.3,0.1,3000,390200,"S"
"EIB","09:59:10",18.3,0.1,18700,387200,"B"
"EIB","09:58:26",18.3,0.1,2000,368500,"B"
"EIB","09:58:15",18.3,0.1,600,366500,"B"
"EIB","09:58:00",18.3,0.1,500,365900,"B"
"EIB","09:57:25",18.3,0.1,1000,365400,"B"
"EIB","09:57:11",18.3,0.1,13400,364400,"B"
"EIB","09:56:47",18.3,0.1,1000,351000,"B"
"EIB","09:56:29",18.3,0.1,10000,350000,"B"
"EIB","09:56:23",18.3,0.1,15000,340000,"B"
"EIB","09:55:15",18.3,0.1,1000,325000,"B"
"EIB","09:53:42",18.3,0.1,4000,324000,"B"
"EIB","09:53:19",18.3,0.1,1500,320000,"B"
"EIB","09:52:33",18.3,0.1,200,318500,"B"
"EIB","09:51:10",18.3,0.1,300,318300,"B"
"EIB","09:50:48",18.3,0.1,300,318000,"B"
"EIB","09:50:06",18.35,0.15,100,317700,"S"
"EIB","09:48:59",18.35,0.15,2000,317600,"S"
"EIB","09:48:47",18.35,0.15,100,315600,"S"
"EIB","09:48:30",18.35,0.15,2000,315500,"S"
"EIB","09:48:28",18.35,0.15,100,313500,"S"
"EIB","09:47:34",18.35,0.15,2000,313400,"S"
"EIB","09:47:20",18.35,0.15,5000,311400,"S"
"EIB","09:46:53",18.35,0.15,5000,306400,"S"
"EIB","09:46:51",18.3,0.1,5000,301400,"B"
"EIB","09:46:45",18.35,0.15,10000,296400,"S"
"EIB","09:45:41",18.3,0.1,5000,286400,"B"
"EIB","09:43:12",18.3,0.1,1100,281400,"B"
"EIB","09:42:35",18.3,0.1,1900,280300,"S"
"EIB","09:42:24",18.3,0.1,15000,278400,"S"
"EIB","09:41:55",18.3,0.1,500,263400,"S"
"EIB","09:41:53",18.3,0.1,2600,262900,"B"
"EIB","09:41:45",18.3,0.1,30000,260300,"B"
"EIB","09:39:55",18.3,0.1,100,230300,"S"
"EIB","09:38:37",18.3,0.1,2800,230200,"S"
"EIB","09:38:29",18.3,0.1,500,227400,"S"
"EIB","09:38:28",18.3,0.1,10000,226900,"S"
"EIB","09:38:27",18.3,0.1,2000,216900,"S"
"EIB","09:38:16",18.3,0.1,20000,214900,"S"
"EIB","09:38:13",18.3,0.1,500,194900,"S"
"EIB","09:37:37",18.3,0.1,3900,194400,"S"
"EIB","09:37:17",18.3,0.1,100,190500,"S"
"EIB","09:36:12",18.3,0.1,100,190400,"S"
"EIB","09:35:36",18.3,0.1,3000,190300,"S"
"EIB","09:35:22",18.3,0.1,19900,187300,"B"
"EIB","09:35:08",18.35,0.15,500,167400,"S"
"EIB","09:34:39",18.3,0.1,100,166900,"B"
"EIB","09:33:35",18.35,0.15,3300,166800,"S"
"EIB","09:32:09",18.3,0.1,100,163500,"B"
"EIB","09:32:08",18.3,0.1,17700,163400,"S"
"EIB","09:31:59",18.3,0.1,20000,145700,"S"
"EIB","09:31:34",18.3,0.1,3900,125700,"S"
"EIB","09:31:04",18.3,0.1,500,121800,"S"
"EIB","09:31:03",18.3,0.1,2000,121300,"S"
"EIB","09:30:32",18.3,0.1,1700,119300,"S"
"EIB","09:30:22",18.3,0.1,500,117600,"S"
"EIB","09:30:01",18.3,0.1,500,117100,"S"
"EIB","09:29:57",18.3,0.1,300,116600,"S"
"EIB","09:29:24",18.3,0.1,2000,116300,"S"
"EIB","09:29:20",18.3,0.1,6200,114300,"B"
"EIB","09:28:47",18.3,0.1,2000,108100,"B"
"EIB","09:28:29",18.3,0.1,10000,106100,"B"
"EIB","09:28:14",18.3,0.1,10000,96100,"B"
"EIB","09:27:16",18.3,0.1,300,86100,"B"
"EIB","09:26:57",18.3,0.1,200,85800,"B"
"EIB","09:26:41",18.3,0.1,1500,85600,"B"
"EIB","09:25:42",18.3,0.1,400,84100,"B"
"EIB","09:21:50",18.35,0.15,2000,83700,"S"
"EIB","09:21:46",18.3,0.1,3800,81700,"B"
"EIB","09:21:32",18.35,0.15,300,77900,"B"
"EIB","09:21:30",18.35,0.15,400,77600,"S"
"EIB","09:21:24",18.35,0.15,100,77200,"B"
"EIB","09:21:07",18.35,0.15,500,77100,"B"
"EIB","09:20:56",18.35,0.15,300,76600,"B"
"EIB","09:20:18",18.35,0.15,200,76300,"B"
"EIB","09:20:01",18.35,0.15,100,76100,"B"
"EIB","09:19:35",18.35,0.15,100,76000,"B"
"EIB","09:19:28",18.35,0.15,300,75900,"S"
"EIB","09:19:23",18.35,0.15,5700,75600,"B"
"EIB","09:19:20",18.35,0.15,200,69900,"B"
"EIB","09:18:59",18.35,0.15,2000,69700,"B"
"EIB","09:18:04",18.35,0.15,2000,67700,"S"
"EIB","09:17:40",18.35,0.15,1500,65700,"S"
"EIB","09:16:48",18.45,0.25,2000,64200,"S"
"EIB","09:15:57",18.5,0.3,4600,62200,"S"
"EIB","09:15:57",18.45,0.25,400,57600,"S"
"EIB","09:15:00",18.5,0.3,57200,57200,
