"symbol","time","price","change","vol","total","side"
"PET","14:45:02",25.85,1.65,7100,3325800,
"PET","14:29:45",25.85,1.65,1000,3318700,"B"
"PET","14:29:39",25.85,1.65,3000,3317700,"B"
"PET","14:29:34",25.85,1.65,3000,3314700,"B"
"PET","14:29:27",25.85,1.65,200,3311700,"B"
"PET","14:29:20",25.85,1.65,2000,3311500,"B"
"PET","14:29:13",25.85,1.65,700,3309500,"B"
"PET","14:28:42",25.85,1.65,1000,3308800,"B"
"PET","14:28:25",25.85,1.65,100,3307800,"B"
"PET","14:28:24",25.85,1.65,300,3307700,"B"
"PET","14:28:15",25.85,1.65,1000,3307400,"B"
"PET","14:28:13",25.85,1.65,600,3306400,"B"
"PET","14:27:36",25.85,1.65,1300,3305800,"B"
"PET","14:27:31",25.85,1.65,2000,3304500,"B"
"PET","14:27:10",25.85,1.65,100,3302500,"B"
"PET","14:26:23",25.85,1.65,1700,3302400,"B"
"PET","14:25:50",25.85,1.65,2000,3300700,"B"
"PET","14:25:39",25.85,1.65,1000,3298700,"B"
"PET","14:25:34",25.85,1.65,100,3297700,"B"
"PET","14:25:14",25.85,1.65,200,3297600,"B"
"PET","14:24:25",25.85,1.65,500,3297400,"B"
"PET","14:24:02",25.85,1.65,300,3296900,"B"
"PET","14:23:48",25.85,1.65,1000,3296600,"B"
"PET","14:23:33",25.85,1.65,4000,3295600,"B"
"PET","14:23:29",25.85,1.65,700,3291600,"B"
"PET","14:22:29",25.85,1.65,200,3290900,"B"
"PET","14:22:24",25.85,1.65,400,3290700,"B"
"PET","14:22:17",25.85,1.65,3000,3290300,"B"
"PET","14:22:05",25.85,1.65,1100,3287300,"B"
"PET","14:21:45",25.85,1.65,100,3286200,"B"
"PET","14:21:18",25.85,1.65,5800,3286100,"B"
"PET","14:20:59",25.85,1.65,300,3280300,"B"
"PET","14:20:57",25.85,1.65,200,3280000,"B"
"PET","14:20:00",25.85,1.65,100,3279800,"B"
"PET","14:19:32",25.85,1.65,1700,3279700,"B"
"PET","14:19:22",25.85,1.65,2000,3278000,"B"
"PET","14:18:52",25.85,1.65,100,3276000,"B"
"PET","14:18:18",25.85,1.65,200,3275900,"B"
"PET","14:17:10",25.85,1.65,100,3275700,"B"
"PET","14:17:08",25.85,1.65,2000,3275600,"B"
"PET","14:17:07",25.85,1.65,1000,3273600,"B"
"PET","14:16:51",25.85,1.65,400,3272600,"B"
"PET","14:16:41",25.85,1.65,200,3272200,"B"
"PET","14:16:31",25.85,1.65,200,3272000,"B"
"PET","14:15:48",25.85,1.65,500,3271800,"B"
"PET","14:15:36",25.85,1.65,300,3271300,"B"
"PET","14:15:34",25.85,1.65,400,3271000,"B"
"PET","14:15:00",25.85,1.65,200,3270600,"B"
"PET","14:14:35",25.85,1.65,1200,3270400,"B"
"PET","14:14:33",25.85,1.65,2000,3269200,"B"
"PET","14:14:23",25.85,1.65,100,3267200,"B"
"PET","14:14:12",25.85,1.65,5000,3267100,"B"
"PET","14:13:55",25.85,1.65,300,3262100,"B"
"PET","14:13:37",25.85,1.65,100,3261800,"B"
"PET","14:13:32",25.85,1.65,100,3261700,"B"
"PET","14:13:10",25.85,1.65,1500,3261600,"B"
"PET","14:12:55",25.85,1.65,600,3260100,"B"
"PET","14:12:48",25.85,1.65,100,3259500,"B"
"PET","14:12:46",25.85,1.65,100,3259400,"B"
"PET","14:12:46",25.85,1.65,100,3259300,"B"
"PET","14:12:43",25.85,1.65,200,3259200,"B"
"PET","14:12:37",25.85,1.65,2000,3259000,"B"
"PET","14:12:35",25.85,1.65,200,3257000,"B"
"PET","14:12:31",25.85,1.65,400,3256800,"B"
"PET","14:12:22",25.85,1.65,200,3256400,"B"
"PET","14:12:11",25.85,1.65,300,3256200,"B"
"PET","14:12:06",25.85,1.65,10000,3255900,"B"
"PET","14:11:55",25.85,1.65,100,3245900,"B"
"PET","14:11:54",25.85,1.65,200,3245800,"B"
"PET","14:11:48",25.85,1.65,500,3245600,"B"
"PET","14:11:28",25.85,1.65,300,3245100,"B"
"PET","14:11:18",25.85,1.65,200,3244800,"B"
"PET","14:11:11",25.85,1.65,3000,3244600,"B"
"PET","14:11:07",25.85,1.65,2000,3241600,"B"
"PET","14:10:54",25.85,1.65,300,3239600,"B"
"PET","14:10:47",25.85,1.65,5000,3239300,"B"
"PET","14:10:45",25.85,1.65,5000,3234300,"B"
"PET","14:10:44",25.85,1.65,1600,3229300,"B"
"PET","14:10:32",25.85,1.65,500,3227700,"B"
"PET","14:10:31",25.85,1.65,1000,3227200,"B"
"PET","14:10:24",25.85,1.65,500,3226200,"B"
"PET","14:10:22",25.85,1.65,2000,3225700,"B"
"PET","14:10:17",25.85,1.65,9000,3223700,"B"
"PET","14:10:03",25.85,1.65,500,3214700,"B"
"PET","14:09:59",25.85,1.65,14000,3214200,"B"
"PET","14:09:55",25.85,1.65,200,3200200,"B"
"PET","14:09:48",25.85,1.65,2000,3200000,"B"
"PET","14:09:46",25.85,1.65,500,3198000,"B"
"PET","14:09:43",25.85,1.65,100,3197500,"B"
"PET","14:09:33",25.85,1.65,1000,3197400,"B"
"PET","14:09:22",25.85,1.65,1000,3196400,"B"
"PET","14:09:21",25.85,1.65,2000,3195400,"B"
"PET","14:09:15",25.85,1.65,10000,3193400,"B"
"PET","14:09:09",25.85,1.65,5000,3183400,"B"
"PET","14:09:04",25.85,1.65,2000,3178400,"B"
"PET","14:08:53",25.85,1.65,500,3176400,"B"
"PET","14:08:51",25.85,1.65,200,3175900,"B"
"PET","14:08:50",25.85,1.65,500,3175700,"B"
"PET","14:08:46",25.85,1.65,300,3175200,"B"
"PET","14:08:37",25.85,1.65,2000,3174900,"B"
"PET","14:08:35",25.85,1.65,2000,3172900,"B"
"PET","14:08:34",25.85,1.65,2100,3170900,"B"
"PET","14:08:32",25.85,1.65,100,3168800,"B"
"PET","14:08:31",25.85,1.65,1000,3168700,"B"
"PET","14:08:27",25.85,1.65,3000,3167700,"B"
"PET","14:08:20",25.85,1.65,400,3164700,"B"
"PET","14:08:05",25.85,1.65,500,3164300,"B"
"PET","14:08:01",25.85,1.65,3000,3163800,"B"
"PET","14:07:45",25.85,1.65,200,3160800,"B"
"PET","14:07:42",25.85,1.65,1000,3160600,"B"
"PET","14:07:40",25.85,1.65,2000,3159600,"B"
"PET","14:07:36",25.85,1.65,4300,3157600,"B"
"PET","14:07:36",25.85,1.65,5700,3153300,"B"
"PET","14:07:28",25.85,1.65,2100,3147600,"B"
"PET","14:07:15",25.85,1.65,5000,3145500,"B"
"PET","14:07:11",25.85,1.65,3000,3140500,"B"
"PET","14:07:06",25.85,1.65,2200,3137500,"B"
"PET","14:07:04",25.85,1.65,300,3135300,"B"
"PET","14:07:02",25.85,1.65,200,3135000,"B"
"PET","14:06:58",25.85,1.65,500,3134800,"B"
"PET","14:06:56",25.85,1.65,200,3134300,"B"
"PET","14:06:55",25.85,1.65,300,3134100,"B"
"PET","14:06:49",25.85,1.65,2400,3133800,"B"
"PET","14:06:47",25.85,1.65,200,3131400,"B"
"PET","14:06:45",25.85,1.65,1000,3131200,"B"
"PET","14:06:42",25.85,1.65,2000,3130200,"B"
"PET","14:06:40",25.85,1.65,500,3128200,"B"
"PET","14:06:39",25.85,1.65,100,3127700,"B"
"PET","14:06:35",25.85,1.65,1000,3127600,"B"
"PET","14:06:34",25.85,1.65,200,3126600,"B"
"PET","14:06:33",25.85,1.65,5000,3126400,"B"
"PET","14:06:32",25.85,1.65,100,3121400,"B"
"PET","14:06:21",25.85,1.65,10000,3121300,"B"
"PET","14:06:20",25.85,1.65,100,3111300,"B"
"PET","14:06:18",25.85,1.65,100,3111200,"B"
"PET","14:06:12",25.85,1.65,5600,3111100,"B"
"PET","14:06:10",25.85,1.65,1500,3105500,"B"
"PET","14:06:09",25.85,1.65,500,3104000,"B"
"PET","14:06:08",25.85,1.65,300,3103500,"B"
"PET","14:06:07",25.85,1.65,36000,3103200,"S"
"PET","14:06:02",25.85,1.65,700,3067200,"S"
"PET","14:05:59",25.85,1.65,6000,3066500,"S"
"PET","14:05:58",25.8,1.6,300,3060500,"B"
"PET","14:05:57",25.85,1.65,1000,3060200,"S"
"PET","14:05:53",25.85,1.65,1000,3059200,"B"
"PET","14:05:52",25.85,1.65,1000,3058200,"S"
"PET","14:05:52",25.85,1.65,200,3057200,"S"
"PET","14:05:51",25.85,1.65,2300,3057000,"B"
"PET","14:05:50",25.85,1.65,1500,3054700,"B"
"PET","14:05:49",25.85,1.65,1700,3053200,"S"
"PET","14:05:48",25.85,1.65,5000,3051500,"S"
"PET","14:05:47",25.85,1.65,3000,3046500,"S"
"PET","14:05:43",25.85,1.65,4900,3043500,"S"
"PET","14:05:42",25.8,1.6,100,3038600,"B"
"PET","14:05:41",25.85,1.65,800,3038500,"S"
"PET","14:05:38",25.85,1.65,5000,3037700,"S"
"PET","14:05:37",25.85,1.65,14900,3032700,"S"
"PET","14:05:35",25.85,1.65,11000,3017800,"S"
"PET","14:05:33",25.85,1.65,9900,3006800,"S"
"PET","14:05:32",25.85,1.65,1200,2996900,"S"
"PET","14:05:31",25.85,1.65,700,2995700,"S"
"PET","14:05:30",25.85,1.65,1200,2995000,"S"
"PET","14:05:29",25.8,1.6,100,2993800,"B"
"PET","14:05:29",25.85,1.65,26000,2993700,"S"
"PET","14:05:27",25.85,1.65,1000,2967700,"S"
"PET","14:05:26",25.85,1.65,100,2966700,"S"
"PET","14:05:26",25.85,1.65,27000,2966600,"S"
"PET","14:05:22",25.85,1.65,3000,2939600,"S"
"PET","14:05:17",25.85,1.65,500,2936600,"S"
"PET","14:05:16",25.85,1.65,20000,2936100,"S"
"PET","14:05:11",25.85,1.65,8000,2916100,"S"
"PET","14:05:10",25.8,1.6,1000,2908100,"B"
"PET","14:05:09",25.85,1.65,9900,2907100,"S"
"PET","14:05:08",25.85,1.65,200,2897200,"S"
"PET","14:05:08",25.8,1.6,4800,2897000,"S"
"PET","14:05:07",25.8,1.6,2000,2892200,"S"
"PET","14:05:04",25.75,1.55,100,2890200,"B"
"PET","14:05:03",25.8,1.6,2000,2890100,"S"
"PET","14:05:02",25.8,1.6,1800,2888100,"S"
"PET","14:05:00",25.8,1.6,500,2886300,"S"
"PET","14:04:59",25.8,1.6,800,2885800,"S"
"PET","14:04:58",25.8,1.6,700,2885000,"S"
"PET","14:04:56",25.8,1.6,5000,2884300,"S"
"PET","14:04:54",25.8,1.6,5000,2879300,"S"
"PET","14:04:51",25.7,1.5,100,2869600,"B"
"PET","14:04:49",25.8,1.6,6600,2869500,"S"
"PET","14:04:48",25.7,1.5,4400,2860600,"S"
"PET","14:04:41",25.65,1.45,600,2856200,"S"
"PET","14:04:29",25.6,1.4,100,2855600,"B"
"PET","14:04:21",25.6,1.4,20900,2855500,"S"
"PET","14:04:21",25.55,1.35,7800,2834600,"S"
"PET","14:04:20",25.55,1.35,200,2826800,"S"
"PET","14:04:19",25.5,1.3,600,2826600,"B"
"PET","14:04:14",25.5,1.3,2600,2826000,"S"
"PET","14:04:10",25.5,1.3,5000,2823400,"S"
"PET","14:04:09",25.5,1.3,10000,2818400,"S"
"PET","14:04:06",25.5,1.3,10000,2808400,"S"
"PET","14:04:02",25.5,1.3,300,2798400,"S"
"PET","14:04:01",25.5,1.3,1500,2798100,"S"
"PET","14:03:46",25.5,1.3,1200,2796600,"S"
"PET","14:03:46",25.45,1.25,200,2795400,"S"
"PET","14:03:40",25.4,1.2,100,2795200,"B"
"PET","14:03:38",25.5,1.3,3300,2795100,"S"
"PET","14:03:38",25.45,1.25,6700,2791800,"S"
"PET","14:03:25",25.4,1.2,900,2785100,"S"
"PET","14:03:24",25.4,1.2,500,2784200,"S"
"PET","14:03:17",25.4,1.2,600,2783700,"B"
"PET","14:03:16",25.4,1.2,100,2783100,"B"
"PET","14:03:07",25.4,1.2,4300,2783000,"S"
"PET","14:02:33",25.35,1.15,3200,2778700,"S"
"PET","14:02:33",25.3,1.1,700,2775500,"B"
"PET","14:02:26",25.3,1.1,100,2774800,"B"
"PET","14:02:11",25.35,1.15,100,2774700,"S"
"PET","14:02:11",25.3,1.1,1200,2774600,"B"
"PET","14:02:09",25.3,1.1,22100,2773400,"S"
"PET","14:02:01",25.25,1.05,400,2751300,"B"
"PET","14:01:59",25.25,1.05,300,2750900,"B"
"PET","14:01:51",25.25,1.05,1000,2750600,"B"
"PET","14:01:50",25.25,1.05,100,2749600,"B"
"PET","14:01:45",25.25,1.05,2000,2749500,"B"
"PET","14:01:29",25.25,1.05,200,2747500,"S"
"PET","14:01:14",25.25,1.05,100,2747300,"S"
"PET","14:01:03",25.3,1.1,1000,2747200,"S"
"PET","14:01:03",25.25,1.05,4000,2746200,"S"
"PET","14:00:55",25.25,1.05,500,2742200,"S"
"PET","14:00:46",25.25,1.05,1200,2741700,"S"
"PET","14:00:43",25.25,1.05,1000,2740500,"S"
"PET","14:00:36",25.25,1.05,400,2739500,"S"
"PET","14:00:32",25.2,1,100,2739100,"B"
"PET","14:00:30",25.2,1,2000,2739000,"B"
"PET","14:00:29",25.25,1.05,2500,2737000,"S"
"PET","14:00:27",25.25,1.05,100,2734500,"S"
"PET","14:00:26",25.25,1.05,1000,2734400,"S"
"PET","14:00:00",25.2,1,400,2733400,"B"
"PET","13:59:58",25.2,1,100,2733000,"B"
"PET","13:59:55",25.2,1,100,2732900,"B"
"PET","13:59:50",25.2,1,12800,2732800,"S"
"PET","13:59:32",25.2,1,5000,2720000,"S"
"PET","13:59:27",25.2,1,600,2715000,"S"
"PET","13:59:27",25.2,1,1500,2714400,"S"
"PET","13:59:26",25.2,1,3000,2712900,"S"
"PET","13:59:17",25.15,0.95,100,2709900,"B"
"PET","13:59:10",25.15,0.95,200,2709800,"B"
"PET","13:59:07",25.15,0.95,200,2709600,"S"
"PET","13:58:56",25.15,0.95,3200,2709400,"S"
"PET","13:58:54",25.1,0.9,100,2706200,"B"
"PET","13:58:40",25.1,0.9,100,2706100,"B"
"PET","13:58:33",25.1,0.9,100,2706000,"B"
"PET","13:58:33",25.15,0.95,500,2705900,"S"
"PET","13:58:22",25.1,0.9,100,2705400,"B"
"PET","13:58:21",25.1,0.9,2700,2705300,"S"
"PET","13:58:02",25,0.8,2000,2702600,"B"
"PET","13:57:57",25,0.8,700,2700600,"S"
"PET","13:57:54",25,0.8,100,2699900,"S"
"PET","13:57:42",24.95,0.75,1000,2699800,"B"
"PET","13:57:39",25,0.8,5000,2698800,"S"
"PET","13:57:33",24.95,0.75,400,2693800,"B"
"PET","13:57:28",24.95,0.75,200,2693400,"B"
"PET","13:57:22",24.95,0.75,100,2693200,"B"
"PET","13:56:53",24.95,0.75,200,2693100,"S"
"PET","13:56:37",24.9,0.7,5000,2692900,"S"
"PET","13:56:21",24.9,0.7,8000,2687900,"S"
"PET","13:55:56",24.9,0.7,200,2679900,"S"
"PET","13:55:41",24.85,0.65,300,2679700,"B"
"PET","13:55:12",24.85,0.65,400,2679400,"S"
"PET","13:54:58",24.85,0.65,100,2679000,"S"
"PET","13:54:54",24.85,0.65,1700,2678900,"S"
"PET","13:54:49",24.8,0.6,1500,2677200,"B"
"PET","13:54:44",24.85,0.65,1000,2675700,"S"
"PET","13:54:38",24.85,0.65,1000,2674700,"S"
"PET","13:54:34",24.8,0.6,1000,2673700,"B"
"PET","13:54:15",24.8,0.6,700,2672700,"B"
"PET","13:54:01",24.8,0.6,400,2672000,"B"
"PET","13:53:29",24.8,0.6,100,2671600,"B"
"PET","13:53:20",24.85,0.65,200,2671500,"S"
"PET","13:53:16",24.85,0.65,500,2671300,"S"
"PET","13:52:54",24.85,0.65,1400,2670800,"B"
"PET","13:52:38",24.85,0.65,2600,2669400,"S"
"PET","13:52:31",24.8,0.6,1000,2666800,"B"
"PET","13:52:29",24.8,0.6,9300,2665800,"B"
"PET","13:52:24",24.9,0.7,2900,2656500,"S"
"PET","13:52:24",24.85,0.65,2300,2653600,"S"
"PET","13:52:20",24.8,0.6,1000,2651300,"B"
"PET","13:52:11",24.85,0.65,600,2650300,"B"
"PET","13:52:03",24.85,0.65,700,2649700,"B"
"PET","13:51:53",24.85,0.65,200,2649000,"B"
"PET","13:51:46",24.85,0.65,5000,2648800,"B"
"PET","13:51:39",24.85,0.65,300,2643800,"B"
"PET","13:51:33",24.85,0.65,300,2643500,"B"
"PET","13:51:20",24.85,0.65,200,2643200,"B"
"PET","13:51:19",24.9,0.7,400,2643000,"S"
"PET","13:50:33",24.9,0.7,500,2642600,"S"
"PET","13:49:33",24.9,0.7,1000,2642100,"S"
"PET","13:49:13",24.9,0.7,400,2641100,"S"
"PET","13:49:06",24.9,0.7,100,2640700,"S"
"PET","13:49:03",24.9,0.7,500,2640600,"S"
"PET","13:48:56",24.85,0.65,100,2640100,"B"
"PET","13:48:32",24.9,0.7,1900,2640000,"B"
"PET","13:48:26",24.9,0.7,100,2638100,"B"
"PET","13:48:26",24.9,0.7,200,2638000,"B"
"PET","13:48:19",24.9,0.7,500,2637800,"B"
"PET","13:47:36",24.9,0.7,1000,2637300,"B"
"PET","13:47:07",24.9,0.7,500,2636300,"B"
"PET","13:46:54",25,0.8,100,2635800,"B"
"PET","13:46:30",25,0.8,100,2635700,"S"
"PET","13:46:24",25,0.8,4000,2635600,"S"
"PET","13:46:22",25,0.8,200,2631600,"S"
"PET","13:46:14",25,0.8,100,2631400,"S"
"PET","13:46:10",25,0.8,100,2631300,"B"
"PET","13:46:01",25,0.8,2300,2631200,"S"
"PET","13:46:01",25,0.8,500,2628900,"S"
"PET","13:45:33",25,0.8,200,2628400,"S"
"PET","13:45:25",25,0.8,300,2628200,"S"
"PET","13:44:54",25,0.8,1000,2627900,"B"
"PET","13:44:47",25,0.8,400,2626900,"B"
"PET","13:44:39",25,0.8,100,2626500,"B"
"PET","13:44:18",25,0.8,400,2626400,"S"
"PET","13:44:14",25,0.8,5000,2626000,"S"
"PET","13:44:04",25,0.8,17100,2621000,"B"
"PET","13:43:59",25,0.8,600,2603900,"B"
"PET","13:43:59",25,0.8,500,2603300,"B"
"PET","13:43:44",25,0.8,4200,2602800,"S"
"PET","13:43:42",25,0.8,400,2598600,"S"
"PET","13:43:30",24.9,0.7,100,2598200,"B"
"PET","13:43:30",25,0.8,300,2598100,"S"
"PET","13:43:22",25,0.8,4000,2597800,"S"
"PET","13:43:19",25,0.8,24600,2593800,"S"
"PET","13:43:18",25,0.8,4100,2569200,"S"
"PET","13:43:18",24.95,0.75,1300,2565100,"S"
"PET","13:43:17",24.95,0.75,18700,2563800,"S"
"PET","13:43:08",24.9,0.7,1300,2545100,"S"
"PET","13:42:54",24.9,0.7,200,2543800,"S"
"PET","13:42:52",24.9,0.7,3300,2543600,"S"
"PET","13:42:45",24.9,0.7,1400,2540300,"S"
"PET","13:42:34",24.85,0.65,15100,2538900,"S"
"PET","13:42:28",24.8,0.6,3800,2523800,"S"
"PET","13:42:20",24.8,0.6,16300,2520000,"S"
"PET","13:42:20",24.75,0.55,3700,2503700,"S"
"PET","13:42:05",24.75,0.55,1800,2500000,"S"
"PET","13:42:04",24.75,0.55,6000,2498200,"S"
"PET","13:41:46",24.7,0.5,1400,2492200,"S"
"PET","13:41:40",24.7,0.5,4000,2490800,"S"
"PET","13:41:12",24.65,0.45,1000,2486800,"B"
"PET","13:41:12",24.7,0.5,5000,2485800,"S"
"PET","13:41:07",24.65,0.45,200,2480800,"B"
"PET","13:41:05",24.7,0.5,5000,2480600,"S"
"PET","13:40:45",24.65,0.45,4000,2475600,"S"
"PET","13:40:18",24.6,0.4,6300,2471600,"S"
"PET","13:40:11",24.6,0.4,5000,2465300,"S"
"PET","13:39:41",24.6,0.4,200,2460300,"S"
"PET","13:39:19",24.55,0.35,300,2460100,"S"
"PET","13:38:56",24.55,0.35,200,2459800,"S"
"PET","13:38:17",24.55,0.35,500,2459600,"B"
"PET","13:37:41",24.55,0.35,400,2459100,"B"
"PET","13:36:46",24.55,0.35,500,2458700,"B"
"PET","13:36:28",24.6,0.4,100,2458200,"S"
"PET","13:35:52",24.55,0.35,500,2458100,"B"
"PET","13:35:10",24.6,0.4,100,2457600,"S"
"PET","13:34:57",24.55,0.35,200,2457500,"B"
"PET","13:34:31",24.6,0.4,300,2457300,"B"
"PET","13:32:05",24.6,0.4,1500,2457000,"B"
"PET","13:32:03",24.65,0.45,400,2455500,"S"
"PET","13:28:15",24.6,0.4,300,2455100,"B"
"PET","13:27:59",24.6,0.4,3400,2454800,"B"
"PET","13:27:59",24.65,0.45,1600,2451400,"B"
"PET","13:27:09",24.65,0.45,2200,2449800,"S"
"PET","13:26:49",24.65,0.45,3500,2447600,"S"
"PET","13:23:53",24.65,0.45,100,2444100,"S"
"PET","13:20:34",24.65,0.45,3500,2444000,"S"
"PET","13:18:59",24.65,0.45,300,2440500,"S"
"PET","13:18:22",24.65,0.45,700,2440200,"S"
"PET","13:18:17",24.65,0.45,2000,2439500,"S"
"PET","13:14:33",24.5,0.3,200,2437500,"S"
"PET","13:14:24",24.5,0.3,2000,2437300,"B"
"PET","13:13:23",24.6,0.4,900,2435300,"S"
"PET","13:13:04",24.6,0.4,100,2434400,"S"
"PET","13:12:02",24.55,0.35,900,2434300,"S"
"PET","13:11:51",24.55,0.35,600,2433400,"S"
"PET","13:10:40",24.5,0.3,1000,2432800,"S"
"PET","13:10:31",24.5,0.3,3000,2431800,"B"
"PET","13:09:57",24.55,0.35,1100,2428800,"S"
"PET","13:09:57",24.5,0.3,100,2427700,"S"
"PET","13:09:31",24.5,0.3,2000,2427600,"S"
"PET","13:08:20",24.5,0.3,200,2425600,"B"
"PET","13:08:19",24.5,0.3,300,2425400,"B"
"PET","13:07:34",24.5,0.3,1000,2425100,"B"
"PET","13:07:10",24.5,0.3,1000,2424100,"B"
"PET","13:07:09",24.5,0.3,500,2423100,"B"
"PET","13:06:29",24.5,0.3,1000,2422600,"B"
"PET","13:05:10",24.5,0.3,5000,2421600,"B"
"PET","13:05:06",24.5,0.3,100,2416600,"B"
"PET","13:05:02",24.5,0.3,100,2416500,"B"
"PET","13:04:54",24.5,0.3,2100,2416400,"B"
"PET","13:02:58",24.5,0.3,200,2414300,"B"
"PET","13:02:58",24.55,0.35,400,2414100,"B"
"PET","13:02:34",24.5,0.3,2200,2413700,"B"
"PET","13:02:16",24.55,0.35,200,2411500,"B"
"PET","13:02:02",24.6,0.4,1100,2411300,"B"
"PET","13:01:25",24.6,0.4,100,2410200,"B"
"PET","13:00:36",24.6,0.4,200,2410100,"B"
"PET","13:00:19",24.65,0.45,100,2409900,"S"
"PET","13:00:05",24.6,0.4,300,2409800,"B"
"PET","13:00:02",24.6,0.4,6000,2409500,"B"
"PET","11:29:07",24.7,0.5,1000,2403500,"S"
"PET","11:27:26",24.7,0.5,1000,2402500,"S"
"PET","11:27:17",24.7,0.5,6200,2401500,"S"
"PET","11:27:17",24.65,0.45,2000,2395300,"S"
"PET","11:25:00",24.7,0.5,100,2393300,"S"
"PET","11:24:34",24.7,0.5,900,2393200,"S"
"PET","11:24:20",24.7,0.5,1600,2392300,"B"
"PET","11:24:02",24.7,0.5,2000,2390700,"B"
"PET","11:23:03",24.7,0.5,100,2388700,"B"
"PET","11:22:32",24.7,0.5,600,2388600,"B"
"PET","11:22:13",24.7,0.5,200,2388000,"B"
"PET","11:19:59",24.7,0.5,1000,2387800,"B"
"PET","11:19:35",24.7,0.5,1000,2386800,"B"
"PET","11:18:37",24.7,0.5,1500,2385800,"S"
"PET","11:17:48",24.7,0.5,100,2384300,"S"
"PET","11:17:33",24.7,0.5,500,2384200,"S"
"PET","11:16:47",24.7,0.5,500,2383700,"S"
"PET","11:14:50",24.6,0.4,500,2383200,"B"
"PET","11:11:46",24.6,0.4,1000,2382700,"S"
"PET","11:11:40",24.6,0.4,200,2381700,"S"
"PET","11:10:15",24.55,0.35,200,2381500,"S"
"PET","11:09:47",24.6,0.4,800,2381300,"S"
"PET","11:09:24",24.6,0.4,1000,2380500,"S"
"PET","11:08:58",24.6,0.4,5000,2379500,"S"
"PET","11:08:47",24.6,0.4,1000,2374500,"S"
"PET","11:08:27",24.55,0.35,1600,2373500,"S"
"PET","11:08:27",24.5,0.3,2600,2371900,"S"
"PET","11:06:07",24.5,0.3,100,2369300,"S"
"PET","11:05:41",24.3,0.1,289900,2369200,"B"
"PET","11:05:41",24.3,0.1,1994800,2079300,"B"
"PET","11:05:41",24.35,0.15,1700,84500,"B"
"PET","11:05:41",24.4,0.2,2500,82800,"B"
"PET","11:00:12",24.45,0.25,1100,79300,"S"
"PET","10:57:18",24.45,0.25,1000,78200,"S"
"PET","10:55:43",24.4,0.2,1000,77200,"B"
"PET","10:54:44",24.45,0.25,1200,76200,"B"
"PET","10:53:47",24.5,0.3,200,75000,"S"
"PET","10:53:40",24.5,0.3,1000,74800,"S"
"PET","10:52:07",24.5,0.3,100,73800,"S"
"PET","10:50:50",24.5,0.3,2000,73700,"S"
"PET","10:50:40",24.5,0.3,5000,71700,"S"
"PET","10:50:22",24.45,0.25,200,66700,"B"
"PET","10:49:45",24.45,0.25,100,66500,"B"
"PET","10:49:14",24.45,0.25,100,66400,"B"
"PET","10:48:00",24.45,0.25,7100,66300,"B"
"PET","10:46:55",24.5,0.3,100,59200,"S"
"PET","10:43:17",24.5,0.3,4000,59100,"S"
"PET","10:41:59",24.5,0.3,100,55100,"S"
"PET","10:32:36",24.4,0.2,200,55000,"B"
"PET","10:30:08",24.4,0.2,600,54800,"S"
"PET","10:30:01",24.4,0.2,300,54200,"S"
"PET","10:29:48",24.4,0.2,400,53900,"S"
"PET","10:29:36",24.4,0.2,5000,53500,"S"
"PET","10:26:54",24.4,0.2,2300,48500,"B"
"PET","10:26:50",24.4,0.2,5900,46200,"B"
"PET","10:26:50",24.45,0.25,100,40300,"B"
"PET","10:25:44",24.45,0.25,1500,40200,"B"
"PET","10:25:31",24.45,0.25,300,38700,"B"
"PET","10:24:24",24.45,0.25,100,38400,"B"
"PET","10:11:08",24.5,0.3,1000,38300,"S"
"PET","10:09:16",24.5,0.3,1000,37300,"S"
"PET","10:06:39",24.5,0.3,100,36300,"S"
"PET","10:05:42",24.5,0.3,2000,36200,"S"
"PET","10:03:15",24.5,0.3,3000,34200,"B"
"PET","10:00:47",24.55,0.35,100,31200,"S"
"PET","10:00:38",24.55,0.35,200,31100,"S"
"PET","10:00:09",24.55,0.35,200,30900,"S"
"PET","09:59:53",24.5,0.3,500,30700,"B"
"PET","09:58:14",24.5,0.3,4000,30200,"B"
"PET","09:53:13",24.5,0.3,100,26200,"B"
"PET","09:52:42",24.55,0.35,200,26100,"S"
"PET","09:48:44",24.55,0.35,100,25900,"S"
"PET","09:48:34",24.55,0.35,500,25800,"S"
"PET","09:48:18",24.55,0.35,100,25300,"S"
"PET","09:47:59",24.55,0.35,2000,25200,"S"
"PET","09:47:48",24.55,0.35,1000,23200,"S"
"PET","09:47:26",24.55,0.35,2000,22200,"S"
"PET","09:47:17",24.55,0.35,100,20200,"S"
"PET","09:46:18",24.55,0.35,100,20100,"S"
"PET","09:46:01",24.55,0.35,200,20000,"S"
"PET","09:45:48",24.55,0.35,100,19800,"S"
"PET","09:44:55",24.55,0.35,4000,19700,"S"
"PET","09:44:13",24.5,0.3,2000,15700,"B"
"PET","09:43:38",24.5,0.3,200,13700,"B"
"PET","09:43:12",24.5,0.3,300,13500,"B"
"PET","09:42:42",24.5,0.3,1000,13200,"B"
"PET","09:42:21",24.5,0.3,1900,12200,"B"
"PET","09:41:49",24.5,0.3,2000,10300,"B"
"PET","09:41:34",24.5,0.3,1000,8300,"B"
"PET","09:41:09",24.5,0.3,500,7300,"B"
"PET","09:38:03",24.5,0.3,1000,6800,"B"
"PET","09:37:02",24.5,0.3,1000,5800,"B"
"PET","09:35:08",24.55,0.35,200,4800,"S"
"PET","09:34:02",24.55,0.35,300,4600,"B"
"PET","09:33:32",24.55,0.35,200,4300,"S"
"PET","09:30:01",24.55,0.35,600,4100,"B"
"PET","09:29:46",24.55,0.35,500,3500,"B"
"PET","09:29:36",24.55,0.35,400,3000,"B"
"PET","09:26:03",24.55,0.35,600,2600,"S"
"PET","09:25:53",24.5,0.3,100,2000,"B"
"PET","09:17:46",24.6,0.4,100,1900,"S"
"PET","09:17:37",24.6,0.4,1000,1800,"S"
"PET","09:15:01",24.7,0.5,800,800,
