"symbol","time","price","change","vol","total","side"
"PVS","14:48:30",38.8,0.2,100,4864800,
"PVS","14:45:01",38.8,0.2,424200,4864700,
"PVS","14:29:58",38.9,0.3,900,4440500,
"PVS","14:29:52",38.9,0.3,1000,4439600,
"PVS","14:29:50",39,0.4,100,4438600,
"PVS","14:29:45",39,0.4,5100,4438500,
"PVS","14:29:34",38.9,0.3,300,4433400,
"PVS","14:29:25",38.9,0.3,1000,4433100,
"PVS","14:29:18",38.9,0.3,1400,4432100,
"PVS","14:29:12",38.9,0.3,4900,4430700,
"PVS","14:29:11",38.8,0.2,1000,4425800,
"PVS","14:29:09",38.9,0.3,2000,4424800,
"PVS","14:29:06",38.9,0.3,1000,4422800,
"PVS","14:29:03",38.9,0.3,300,4421800,
"PVS","14:29:02",38.8,0.2,1200,4421500,
"PVS","14:28:58",38.9,0.3,2000,4420300,
"PVS","14:28:47",38.8,0.2,500,4418300,
"PVS","14:28:46",38.9,0.3,10000,4417800,
"PVS","14:28:40",38.9,0.3,3000,4407800,
"PVS","14:28:27",38.8,0.2,300,4404800,
"PVS","14:28:21",38.9,0.3,800,4404500,
"PVS","14:28:19",38.9,0.3,2000,4403700,
"PVS","14:28:17",38.9,0.3,1800,4401700,
"PVS","14:27:57",38.9,0.3,100,4399900,
"PVS","14:27:19",38.9,0.3,1000,4399800,
"PVS","14:27:05",38.9,0.3,14000,4398800,
"PVS","14:26:48",38.8,0.2,1000,4384800,
"PVS","14:26:47",38.9,0.3,500,4383800,
"PVS","14:26:46",38.8,0.2,100,4383300,
"PVS","14:26:32",38.8,0.2,600,4383200,
"PVS","14:26:23",38.8,0.2,100,4382600,
"PVS","14:26:21",38.8,0.2,500,4382500,
"PVS","14:26:17",38.8,0.2,500,4382000,
"PVS","14:26:16",38.8,0.2,5000,4381500,
"PVS","14:26:13",38.8,0.2,1000,4376500,
"PVS","14:26:05",38.8,0.2,500,4375500,
"PVS","14:26:02",38.8,0.2,200,4375000,
"PVS","14:25:41",38.8,0.2,2600,4374800,
"PVS","14:25:29",38.8,0.2,50000,4372200,
"PVS","14:25:16",38.8,0.2,1500,4322200,
"PVS","14:24:59",38.8,0.2,500,4320700,
"PVS","14:24:57",38.9,0.3,100,4320200,
"PVS","14:24:43",38.8,0.2,100,4320100,
"PVS","14:24:35",38.8,0.2,1600,4320000,
"PVS","14:24:00",38.8,0.2,1500,4318400,
"PVS","14:23:35",38.8,0.2,300,4316900,
"PVS","14:23:32",38.8,0.2,2100,4316600,
"PVS","14:23:24",38.8,0.2,900,4314500,
"PVS","14:23:18",38.8,0.2,300,4313600,
"PVS","14:23:05",38.8,0.2,10000,4313300,
"PVS","14:23:03",38.8,0.2,200,4303300,
"PVS","14:23:02",38.8,0.2,1600,4303100,
"PVS","14:23:00",38.9,0.3,5000,4301500,
"PVS","14:22:57",38.9,0.3,100,4296500,
"PVS","14:22:44",38.9,0.3,61000,4296400,
"PVS","14:22:40",39,0.4,8100,4235400,
"PVS","14:22:35",38.9,0.3,600,4227300,
"PVS","14:22:18",39,0.4,2000,4226700,
"PVS","14:22:12",38.9,0.3,11000,4224700,
"PVS","14:22:04",39,0.4,200,4213700,
"PVS","14:21:52",38.9,0.3,1000,4213500,
"PVS","14:21:46",38.9,0.3,200,4212500,
"PVS","14:21:38",39,0.4,200,4212300,
"PVS","14:21:35",39,0.4,14000,4212100,
"PVS","14:21:12",39,0.4,1000,4198100,
"PVS","14:20:36",39,0.4,1000,4197100,
"PVS","14:20:30",39,0.4,100,4196100,
"PVS","14:20:29",38.9,0.3,900,4196000,
"PVS","14:20:26",39,0.4,900,4195100,
"PVS","14:20:21",38.9,0.3,2000,4194200,
"PVS","14:20:12",39,0.4,5000,4192200,
"PVS","14:20:09",39,0.4,100,4187200,
"PVS","14:20:05",39,0.4,1000,4187100,
"PVS","14:20:03",39,0.4,10000,4186100,
"PVS","14:19:58",38.9,0.3,1000,4176100,
"PVS","14:19:48",39,0.4,2700,4175100,
"PVS","14:19:44",39,0.4,200,4172400,
"PVS","14:19:28",39,0.4,200,4172200,
"PVS","14:19:27",39,0.4,2000,4172000,
"PVS","14:19:25",39,0.4,1500,4170000,
"PVS","14:19:22",39,0.4,1000,4168500,
"PVS","14:19:19",39,0.4,100,4167500,
"PVS","14:19:18",39,0.4,1000,4167400,
"PVS","14:19:10",39,0.4,6000,4166400,
"PVS","14:19:09",39,0.4,200,4160400,
"PVS","14:19:08",39,0.4,2800,4160200,
"PVS","14:19:02",39,0.4,300,4157400,
"PVS","14:18:53",39,0.4,1400,4157100,
"PVS","14:18:42",39,0.4,100,4155700,
"PVS","14:18:41",39,0.4,1000,4155600,
"PVS","14:18:39",39,0.4,17000,4154600,
"PVS","14:18:31",39,0.4,100,4137600,
"PVS","14:18:05",39.1,0.5,400,4137500,
"PVS","14:18:01",39,0.4,1500,4137100,
"PVS","14:17:59",39,0.4,1100,4135600,
"PVS","14:17:52",39.1,0.5,500,4134500,
"PVS","14:17:51",39.1,0.5,300,4134000,
"PVS","14:17:50",39,0.4,500,4133700,
"PVS","14:17:44",39.1,0.5,1000,4133200,
"PVS","14:17:33",39.1,0.5,100,4132200,
"PVS","14:17:22",39,0.4,700,4132100,
"PVS","14:17:21",39,0.4,1000,4131400,
"PVS","14:17:19",39,0.4,32000,4130400,
"PVS","14:17:17",39,0.4,20100,4098400,
"PVS","14:17:16",39,0.4,2100,4078300,
"PVS","14:17:12",39,0.4,45300,4076200,
"PVS","14:17:10",39,0.4,1000,4030900,
"PVS","14:17:07",39,0.4,2000,4029900,
"PVS","14:17:05",39,0.4,500,4027900,
"PVS","14:17:03",39,0.4,50000,4027400,
"PVS","14:17:00",39,0.4,500,3977400,
"PVS","14:16:56",39,0.4,1000,3976900,
"PVS","14:16:54",39,0.4,10000,3975900,
"PVS","14:16:52",39,0.4,1200,3965900,
"PVS","14:16:50",39,0.4,300,3964700,
"PVS","14:16:47",39,0.4,100,3964400,
"PVS","14:16:46",39,0.4,15000,3964300,
"PVS","14:16:45",39,0.4,2000,3949300,
"PVS","14:16:40",39,0.4,2000,3947300,
"PVS","14:16:27",38.9,0.3,10000,3945300,
"PVS","14:16:10",38.9,0.3,11800,3935300,
"PVS","14:16:09",38.8,0.2,200,3923500,
"PVS","14:16:07",38.9,0.3,900,3923300,
"PVS","14:16:05",38.9,0.3,7800,3922400,
"PVS","14:15:50",38.8,0.2,1000,3914600,
"PVS","14:15:24",38.8,0.2,1500,3913600,
"PVS","14:14:59",38.8,0.2,2000,3912100,
"PVS","14:14:28",38.8,0.2,2000,3910100,
"PVS","14:14:27",38.8,0.2,4300,3908100,
"PVS","14:14:21",38.8,0.2,1000,3903800,
"PVS","14:14:20",38.8,0.2,4000,3902800,
"PVS","14:14:13",38.8,0.2,500,3898800,
"PVS","14:14:08",38.8,0.2,10000,3898300,
"PVS","14:14:06",38.8,0.2,1000,3888300,
"PVS","14:14:00",38.8,0.2,4400,3887300,
"PVS","14:13:59",38.8,0.2,1000,3882900,
"PVS","14:13:54",38.8,0.2,4000,3881900,
"PVS","14:13:49",38.8,0.2,100,3877900,
"PVS","14:13:39",38.8,0.2,100,3877800,
"PVS","14:13:29",38.8,0.2,8000,3877700,
"PVS","14:13:24",38.8,0.2,200,3869700,
"PVS","14:13:23",38.8,0.2,13000,3869500,
"PVS","14:13:01",38.8,0.2,600,3856500,
"PVS","14:11:41",38.8,0.2,800,3855900,
"PVS","14:10:49",38.8,0.2,2000,3855100,
"PVS","14:10:48",38.7,0.1,400,3853100,
"PVS","14:10:20",38.8,0.2,7000,3852700,
"PVS","14:10:12",38.8,0.2,3000,3845700,
"PVS","14:09:52",38.8,0.2,1000,3842700,
"PVS","14:09:45",38.8,0.2,1800,3841700,
"PVS","14:09:27",38.9,0.3,100,3839900,
"PVS","14:09:15",38.9,0.3,100,3839800,
"PVS","14:09:07",38.9,0.3,1000,3839700,
"PVS","14:08:53",38.9,0.3,100,3838700,
"PVS","14:08:35",38.9,0.3,5000,3838600,
"PVS","14:08:29",38.9,0.3,3800,3833600,
"PVS","14:08:19",39,0.4,200,3829800,
"PVS","14:08:11",39,0.4,2000,3829600,
"PVS","14:08:08",38.9,0.3,400,3827600,
"PVS","14:08:00",39,0.4,1000,3827200,
"PVS","14:07:57",38.9,0.3,400,3826200,
"PVS","14:07:54",38.9,0.3,2000,3825800,
"PVS","14:07:52",39,0.4,2000,3823800,
"PVS","14:07:41",39,0.4,5000,3821800,
"PVS","14:07:39",38.9,0.3,10100,3816800,
"PVS","14:07:36",39,0.4,22200,3806700,
"PVS","14:07:25",39,0.4,200,3784500,
"PVS","14:06:48",38.9,0.3,1000,3784300,
"PVS","14:06:42",39,0.4,1000,3783300,
"PVS","14:06:40",38.9,0.3,1000,3782300,
"PVS","14:06:38",39,0.4,2000,3781300,
"PVS","14:06:16",39,0.4,5000,3779300,
"PVS","14:06:09",38.9,0.3,3000,3774300,
"PVS","14:06:08",39,0.4,500,3771300,
"PVS","14:06:05",39,0.4,1000,3770800,
"PVS","14:05:55",39,0.4,2000,3769800,
"PVS","14:05:52",38.9,0.3,2000,3767800,
"PVS","14:05:51",39,0.4,500,3765800,
"PVS","14:05:49",39,0.4,3000,3765300,
"PVS","14:05:45",39,0.4,2000,3762300,
"PVS","14:05:36",39,0.4,1000,3760300,
"PVS","14:05:19",38.9,0.3,2000,3759300,
"PVS","14:05:06",38.9,0.3,500,3757300,
"PVS","14:04:57",39,0.4,100000,3756800,
"PVS","14:04:53",38.7,0.1,1600,3656800,
"PVS","14:04:51",38.7,0.1,7000,3655200,
"PVS","14:04:47",38.7,0.1,500,3648200,
"PVS","14:04:46",38.7,0.1,3000,3647700,
"PVS","14:04:44",38.7,0.1,1000,3644700,
"PVS","14:04:35",38.7,0.1,15000,3643700,
"PVS","14:04:19",38.6,0,5400,3628700,
"PVS","14:04:18",38.6,0,3000,3623300,
"PVS","14:04:15",38.6,0,500,3620300,
"PVS","14:04:12",38.6,0,1000,3619800,
"PVS","14:04:03",38.6,0,100,3618800,
"PVS","14:03:54",38.6,0,9400,3618700,
"PVS","14:03:49",38.6,0,5000,3609300,
"PVS","14:03:46",38.6,0,4000,3604300,
"PVS","14:02:41",38.6,0,100,3600300,
"PVS","14:02:10",38.6,0,4900,3600200,
"PVS","14:02:05",38.6,0,2000,3595300,
"PVS","14:01:58",38.6,0,5100,3593300,
"PVS","14:01:43",38.6,0,2000,3588200,
"PVS","14:01:34",38.6,0,300,3586200,
"PVS","14:01:19",38.6,0,1000,3585900,
"PVS","14:01:14",38.6,0,1500,3584900,
"PVS","14:01:12",38.6,0,100,3583400,
"PVS","14:01:01",38.6,0,20000,3583300,
"PVS","14:00:58",38.6,0,100,3563300,
"PVS","14:00:37",38.6,0,19000,3563200,
"PVS","14:00:16",38.6,0,5000,3544200,
"PVS","14:00:04",38.6,0,1100,3539200,
"PVS","14:00:03",38.6,0,700,3538100,
"PVS","13:59:52",38.6,0,1000,3537400,
"PVS","13:59:26",38.6,0,4400,3536400,
"PVS","13:59:15",38.6,0,10000,3532000,
"PVS","13:59:07",38.6,0,4000,3522000,
"PVS","13:58:34",38.6,0,200,3518000,
"PVS","13:58:31",38.6,0,12700,3517800,
"PVS","13:58:10",38.6,0,1000,3505100,
"PVS","13:58:09",38.6,0,100,3504100,
"PVS","13:57:58",38.6,0,500,3504000,
"PVS","13:57:56",38.6,0,7900,3503500,
"PVS","13:57:50",38.6,0,1200,3495600,
"PVS","13:57:46",38.6,0,200,3494400,
"PVS","13:57:44",38.6,0,4400,3494200,
"PVS","13:57:43",38.6,0,1400,3489800,
"PVS","13:57:35",38.6,0,5000,3488400,
"PVS","13:57:31",38.6,0,10500,3483400,
"PVS","13:57:25",38.6,0,1500,3472900,
"PVS","13:57:24",38.6,0,1100,3471400,
"PVS","13:57:23",38.6,0,500,3470300,
"PVS","13:57:20",38.6,0,1000,3469800,
"PVS","13:57:17",38.6,0,1000,3468800,
"PVS","13:57:14",38.6,0,1500,3467800,
"PVS","13:57:13",38.6,0,1000,3466300,
"PVS","13:57:12",38.6,0,1500,3465300,
"PVS","13:57:09",38.6,0,500,3463800,
"PVS","13:57:08",38.6,0,13000,3463300,
"PVS","13:57:02",38.6,0,500,3450300,
"PVS","13:56:53",38.6,0,100,3449800,
"PVS","13:56:47",38.6,0,10000,3449700,
"PVS","13:56:37",38.6,0,2000,3439700,
"PVS","13:56:35",38.6,0,500,3437700,
"PVS","13:56:28",38.6,0,500,3437200,
"PVS","13:56:12",38.6,0,1000,3436700,
"PVS","13:56:11",38.6,0,2000,3435700,
"PVS","13:56:10",38.6,0,3000,3433700,
"PVS","13:55:34",38.5,-0.1,7600,3430700,
"PVS","13:55:33",38.5,-0.1,5500,3423100,
"PVS","13:55:32",38.5,-0.1,10000,3417600,
"PVS","13:55:28",38.5,-0.1,300,3407600,
"PVS","13:55:27",38.5,-0.1,2000,3407300,
"PVS","13:55:24",38.5,-0.1,3000,3405300,
"PVS","13:55:19",38.5,-0.1,500,3402300,
"PVS","13:55:18",38.5,-0.1,100,3401800,
"PVS","13:55:15",38.5,-0.1,1500,3401700,
"PVS","13:55:14",38.5,-0.1,300,3400200,
"PVS","13:54:59",38.5,-0.1,6000,3399900,
"PVS","13:54:56",38.5,-0.1,400,3393900,
"PVS","13:54:44",38.4,-0.2,4800,3393500,
"PVS","13:54:43",38.4,-0.2,10400,3388700,
"PVS","13:54:41",38.4,-0.2,12000,3378300,
"PVS","13:54:40",38.4,-0.2,400,3366300,
"PVS","13:54:38",38.4,-0.2,6400,3365900,
"PVS","13:54:37",38.4,-0.2,200,3359500,
"PVS","13:54:36",38.4,-0.2,1000,3359300,
"PVS","13:54:33",38.4,-0.2,1000,3358300,
"PVS","13:54:32",38.4,-0.2,100,3357300,
"PVS","13:54:31",38.4,-0.2,1100,3357200,
"PVS","13:54:30",38.4,-0.2,2100,3356100,
"PVS","13:54:29",38.4,-0.2,2500,3354000,
"PVS","13:54:26",38.4,-0.2,4900,3351500,
"PVS","13:54:25",38.4,-0.2,400,3346600,
"PVS","13:54:17",38.4,-0.2,2000,3346200,
"PVS","13:54:16",38.4,-0.2,2000,3344200,
"PVS","13:54:12",38.4,-0.2,100,3342200,
"PVS","13:54:11",38.4,-0.2,1300,3342100,
"PVS","13:54:08",38.4,-0.2,2500,3340800,
"PVS","13:54:07",38.4,-0.2,1100,3338300,
"PVS","13:54:02",38.4,-0.2,900,3337200,
"PVS","13:53:57",38.4,-0.2,100,3336300,
"PVS","13:53:54",38.4,-0.2,200,3336200,
"PVS","13:53:53",38.4,-0.2,100,3336000,
"PVS","13:53:43",38.4,-0.2,1700,3335900,
"PVS","13:53:36",38.3,-0.3,1000,3334200,
"PVS","13:53:35",38.3,-0.3,10000,3333200,
"PVS","13:53:30",38.4,-0.2,100,3323200,
"PVS","13:53:26",38.3,-0.3,400,3323100,
"PVS","13:53:14",38.3,-0.3,500,3322700,
"PVS","13:53:11",38.3,-0.3,1000,3322200,
"PVS","13:53:08",38.3,-0.3,500,3321200,
"PVS","13:52:58",38.4,-0.2,10000,3320700,
"PVS","13:52:51",38.3,-0.3,1300,3310700,
"PVS","13:52:50",38.4,-0.2,400,3309400,
"PVS","13:52:39",38.4,-0.2,8600,3309000,
"PVS","13:52:38",38.4,-0.2,3000,3300400,
"PVS","13:52:33",38.4,-0.2,1000,3297400,
"PVS","13:52:31",38.4,-0.2,1500,3296400,
"PVS","13:52:30",38.4,-0.2,100,3294900,
"PVS","13:52:27",38.4,-0.2,600,3294800,
"PVS","13:52:25",38.4,-0.2,10000,3294200,
"PVS","13:52:24",38.4,-0.2,9000,3284200,
"PVS","13:52:23",38.4,-0.2,3500,3275200,
"PVS","13:52:16",38.4,-0.2,1200,3271700,
"PVS","13:52:15",38.4,-0.2,400,3270500,
"PVS","13:52:14",38.4,-0.2,300,3270100,
"PVS","13:52:07",38.4,-0.2,400,3269800,
"PVS","13:52:06",38.5,-0.1,33000,3269400,
"PVS","13:51:58",38.4,-0.2,11100,3236400,
"PVS","13:51:54",38.4,-0.2,10000,3225300,
"PVS","13:51:47",38.5,-0.1,1500,3215300,
"PVS","13:51:23",38.5,-0.1,600,3213800,
"PVS","13:51:22",38.4,-0.2,11000,3213200,
"PVS","13:51:17",38.5,-0.1,700,3202200,
"PVS","13:51:16",38.5,-0.1,5000,3201500,
"PVS","13:50:54",38.5,-0.1,500,3196500,
"PVS","13:50:53",38.5,-0.1,1200,3196000,
"PVS","13:50:45",38.5,-0.1,10600,3194800,
"PVS","13:50:44",38.5,-0.1,1500,3184200,
"PVS","13:50:43",38.5,-0.1,9000,3182700,
"PVS","13:50:42",38.5,-0.1,29200,3173700,
"PVS","13:50:41",38.5,-0.1,1400,3144500,
"PVS","13:50:39",38.5,-0.1,11500,3143100,
"PVS","13:50:34",38.5,-0.1,12800,3131600,
"PVS","13:50:30",38.5,-0.1,1600,3118800,
"PVS","13:50:19",38.6,0,500,3117200,
"PVS","13:50:12",38.6,0,100,3116700,
"PVS","13:49:52",38.6,0,200,3116600,
"PVS","13:49:40",38.5,-0.1,100,3116400,
"PVS","13:49:11",38.5,-0.1,400,3116300,
"PVS","13:49:02",38.5,-0.1,100,3115900,
"PVS","13:48:53",38.5,-0.1,1000,3115800,
"PVS","13:48:36",38.6,0,8800,3114800,
"PVS","13:48:34",38.6,0,500,3106000,
"PVS","13:48:32",38.6,0,100,3105500,
"PVS","13:48:29",38.6,0,8000,3105400,
"PVS","13:48:19",38.6,0,2000,3097400,
"PVS","13:48:10",38.6,0,500,3095400,
"PVS","13:48:08",38.6,0,1500,3094900,
"PVS","13:47:52",38.6,0,100,3093400,
"PVS","13:47:49",38.6,0,1500,3093300,
"PVS","13:47:45",38.6,0,11000,3091800,
"PVS","13:47:44",38.6,0,1500,3080800,
"PVS","13:47:43",38.6,0,1000,3079300,
"PVS","13:47:38",38.6,0,400,3078300,
"PVS","13:47:35",38.6,0,2500,3077900,
"PVS","13:47:25",38.6,0,300,3075400,
"PVS","13:47:16",38.6,0,500,3075100,
"PVS","13:47:14",38.6,0,400,3074600,
"PVS","13:46:54",38.6,0,500,3074200,
"PVS","13:46:46",38.6,0,1500,3073700,
"PVS","13:46:41",38.6,0,5000,3072200,
"PVS","13:46:33",38.6,0,1600,3067200,
"PVS","13:46:07",38.6,0,1000,3065600,
"PVS","13:45:54",38.6,0,50000,3064600,
"PVS","13:45:48",38.7,0.1,200,3014600,
"PVS","13:45:47",38.7,0.1,3200,3014400,
"PVS","13:45:39",38.7,0.1,1000,3011200,
"PVS","13:44:44",38.7,0.1,100,3010200,
"PVS","13:44:40",38.7,0.1,100,3010100,
"PVS","13:44:30",38.7,0.1,300,3010000,
"PVS","13:44:02",38.7,0.1,100,3009700,
"PVS","13:43:49",38.7,0.1,200,3009600,
"PVS","13:43:18",38.7,0.1,5000,3009400,
"PVS","13:42:45",38.7,0.1,500,3004400,
"PVS","13:42:42",38.7,0.1,500,3003900,
"PVS","13:42:29",38.7,0.1,100,3003400,
"PVS","13:42:20",38.7,0.1,100,3003300,
"PVS","13:42:01",38.7,0.1,100,3003200,
"PVS","13:41:55",38.7,0.1,300,3003100,
"PVS","13:41:51",38.7,0.1,500,3002800,
"PVS","13:41:41",38.7,0.1,16000,3002300,
"PVS","13:41:17",38.6,0,1000,2986300,
"PVS","13:40:38",38.6,0,2000,2985300,
"PVS","13:40:35",38.7,0.1,100,2983300,
"PVS","13:40:32",38.7,0.1,5100,2983200,
"PVS","13:40:26",38.7,0.1,4100,2978100,
"PVS","13:40:20",38.7,0.1,5000,2974000,
"PVS","13:40:06",38.7,0.1,20000,2969000,
"PVS","13:40:05",38.7,0.1,500,2949000,
"PVS","13:40:04",38.7,0.1,8100,2948500,
"PVS","13:39:51",38.7,0.1,200,2940400,
"PVS","13:39:41",38.7,0.1,5000,2940200,
"PVS","13:39:38",38.7,0.1,2000,2935200,
"PVS","13:39:26",38.7,0.1,200,2933200,
"PVS","13:39:25",38.7,0.1,20000,2933000,
"PVS","13:39:06",38.7,0.1,500,2913000,
"PVS","13:39:04",38.7,0.1,2200,2912500,
"PVS","13:38:42",38.7,0.1,23300,2910300,
"PVS","13:38:39",38.7,0.1,3000,2887000,
"PVS","13:38:37",38.7,0.1,1000,2884000,
"PVS","13:38:25",38.7,0.1,100,2883000,
"PVS","13:38:20",38.7,0.1,200,2882900,
"PVS","13:38:08",38.7,0.1,3000,2882700,
"PVS","13:38:07",38.7,0.1,1000,2879700,
"PVS","13:37:54",38.7,0.1,1000,2878700,
"PVS","13:37:48",38.6,0,300,2877700,
"PVS","13:37:23",38.6,0,5000,2877400,
"PVS","13:36:55",38.6,0,7300,2872400,
"PVS","13:36:52",38.6,0,800,2865100,
"PVS","13:36:27",38.6,0,200,2864300,
"PVS","13:36:26",38.6,0,1000,2864100,
"PVS","13:36:21",38.6,0,2000,2863100,
"PVS","13:36:20",38.6,0,100,2861100,
"PVS","13:36:11",38.6,0,600,2861000,
"PVS","13:36:03",38.6,0,2000,2860400,
"PVS","13:36:00",38.6,0,2700,2858400,
"PVS","13:35:47",38.6,0,1400,2855700,
"PVS","13:35:42",38.6,0,600,2854300,
"PVS","13:35:28",38.6,0,200,2853700,
"PVS","13:35:25",38.6,0,1900,2853500,
"PVS","13:35:21",38.6,0,2000,2851600,
"PVS","13:35:18",38.6,0,300,2849600,
"PVS","13:35:15",38.6,0,500,2849300,
"PVS","13:35:12",38.6,0,1000,2848800,
"PVS","13:35:06",38.6,0,100,2847800,
"PVS","13:35:02",38.6,0,1000,2847700,
"PVS","13:34:55",38.6,0,1100,2846700,
"PVS","13:34:50",38.6,0,1000,2845600,
"PVS","13:34:48",38.6,0,1000,2844600,
"PVS","13:34:46",38.6,0,500,2843600,
"PVS","13:34:36",38.6,0,100,2843100,
"PVS","13:34:34",38.6,0,300,2843000,
"PVS","13:34:18",38.6,0,100,2842700,
"PVS","13:34:11",38.5,-0.1,1000,2842600,
"PVS","13:34:04",38.6,0,3000,2841600,
"PVS","13:33:41",38.6,0,1000,2838600,
"PVS","13:33:37",38.6,0,500,2837600,
"PVS","13:33:28",38.6,0,100,2837100,
"PVS","13:33:24",38.6,0,900,2837000,
"PVS","13:32:46",38.6,0,1000,2836100,
"PVS","13:32:41",38.6,0,1000,2835100,
"PVS","13:32:36",38.6,0,300,2834100,
"PVS","13:32:07",38.6,0,2000,2833800,
"PVS","13:31:51",38.6,0,100,2831800,
"PVS","13:31:41",38.6,0,8900,2831700,
"PVS","13:31:22",38.6,0,100,2822800,
"PVS","13:31:21",38.6,0,200,2822700,
"PVS","13:31:19",38.6,0,800,2822500,
"PVS","13:31:01",38.6,0,40000,2821700,
"PVS","13:30:39",38.6,0,2000,2781700,
"PVS","13:30:35",38.7,0.1,1000,2779700,
"PVS","13:30:29",38.7,0.1,2000,2778700,
"PVS","13:30:20",38.7,0.1,1000,2776700,
"PVS","13:30:16",38.7,0.1,300,2775700,
"PVS","13:29:28",38.7,0.1,500,2775400,
"PVS","13:29:17",38.7,0.1,1000,2774900,
"PVS","13:29:13",38.7,0.1,900,2773900,
"PVS","13:28:57",38.7,0.1,900,2773000,
"PVS","13:28:52",38.7,0.1,25000,2772100,
"PVS","13:28:46",38.7,0.1,300,2747100,
"PVS","13:28:37",38.7,0.1,500,2746800,
"PVS","13:28:22",38.7,0.1,3000,2746300,
"PVS","13:27:10",38.8,0.2,1000,2743300,
"PVS","13:26:52",38.7,0.1,1000,2742300,
"PVS","13:26:34",38.8,0.2,1000,2741300,
"PVS","13:26:29",38.8,0.2,500,2740300,
"PVS","13:26:28",38.8,0.2,300,2739800,
"PVS","13:26:03",38.8,0.2,5700,2739500,
"PVS","13:25:54",38.8,0.2,1000,2733800,
"PVS","13:25:52",38.8,0.2,100,2732800,
"PVS","13:25:51",38.8,0.2,600,2732700,
"PVS","13:25:32",38.8,0.2,19200,2732100,
"PVS","13:25:10",38.8,0.2,1000,2712900,
"PVS","13:25:02",38.8,0.2,200,2711900,
"PVS","13:24:58",38.8,0.2,15000,2711700,
"PVS","13:24:55",38.9,0.3,500,2696700,
"PVS","13:24:48",38.9,0.3,1000,2696200,
"PVS","13:24:43",38.9,0.3,100,2695200,
"PVS","13:24:42",38.9,0.3,31800,2695100,
"PVS","13:24:33",38.8,0.2,97600,2663300,
"PVS","13:24:02",38.8,0.2,4000,2565700,
"PVS","13:23:55",38.7,0.1,20000,2561700,
"PVS","13:23:51",38.7,0.1,200,2541700,
"PVS","13:23:03",38.7,0.1,100,2541500,
"PVS","13:22:59",38.7,0.1,2500,2541400,
"PVS","13:22:45",38.7,0.1,2900,2538900,
"PVS","13:22:24",38.7,0.1,1000,2536000,
"PVS","13:22:22",38.7,0.1,1000,2535000,
"PVS","13:22:19",38.7,0.1,100,2534000,
"PVS","13:21:38",38.7,0.1,500,2533900,
"PVS","13:21:25",38.7,0.1,900,2533400,
"PVS","13:21:09",38.7,0.1,2000,2532500,
"PVS","13:21:06",38.7,0.1,20000,2530500,
"PVS","13:21:01",38.7,0.1,500,2510500,
"PVS","13:20:52",38.7,0.1,500,2510000,
"PVS","13:20:50",38.7,0.1,17100,2509500,
"PVS","13:20:40",38.7,0.1,5000,2492400,
"PVS","13:20:37",38.8,0.2,500,2487400,
"PVS","13:20:33",38.7,0.1,3000,2486900,
"PVS","13:20:15",38.7,0.1,1000,2483900,
"PVS","13:20:10",38.7,0.1,2500,2482900,
"PVS","13:20:09",38.7,0.1,1000,2480400,
"PVS","13:19:59",38.8,0.2,1000,2479400,
"PVS","13:19:21",38.8,0.2,100,2478400,
"PVS","13:18:58",38.8,0.2,500,2478300,
"PVS","13:18:53",38.8,0.2,1000,2477800,
"PVS","13:18:44",38.8,0.2,100,2476800,
"PVS","13:18:42",38.8,0.2,1000,2476700,
"PVS","13:18:40",38.8,0.2,1000,2475700,
"PVS","13:18:37",38.8,0.2,1000,2474700,
"PVS","13:18:25",38.8,0.2,1000,2473700,
"PVS","13:18:20",38.8,0.2,1100,2472700,
"PVS","13:18:19",38.8,0.2,800,2471600,
"PVS","13:17:57",38.8,0.2,13400,2470800,
"PVS","13:17:49",38.7,0.1,1000,2457400,
"PVS","13:17:42",38.7,0.1,500,2456400,
"PVS","13:17:30",38.7,0.1,1000,2455900,
"PVS","13:17:27",38.7,0.1,2000,2454900,
"PVS","13:17:24",38.7,0.1,3500,2452900,
"PVS","13:17:23",38.7,0.1,10000,2449400,
"PVS","13:17:20",38.7,0.1,3300,2439400,
"PVS","13:17:18",38.7,0.1,1000,2436100,
"PVS","13:17:09",38.7,0.1,5000,2435100,
"PVS","13:17:04",38.7,0.1,10000,2430100,
"PVS","13:16:38",38.6,0,10000,2420100,
"PVS","13:16:33",38.7,0.1,1000,2410100,
"PVS","13:16:30",38.7,0.1,3500,2409100,
"PVS","13:16:24",38.7,0.1,11400,2405600,
"PVS","13:16:17",38.7,0.1,300,2394200,
"PVS","13:16:09",38.7,0.1,700,2393900,
"PVS","13:16:05",38.7,0.1,2000,2393200,
"PVS","13:15:48",38.7,0.1,500,2391200,
"PVS","13:15:12",38.7,0.1,2000,2390700,
"PVS","13:15:04",38.7,0.1,1100,2388700,
"PVS","13:15:02",38.7,0.1,500,2387600,
"PVS","13:14:54",38.7,0.1,100,2387100,
"PVS","13:14:52",38.7,0.1,1000,2387000,
"PVS","13:14:45",38.7,0.1,3000,2386000,
"PVS","13:14:30",38.7,0.1,300,2383000,
"PVS","13:14:23",38.7,0.1,1000,2382700,
"PVS","13:14:20",38.6,0,2500,2381700,
"PVS","13:14:11",38.7,0.1,100,2379200,
"PVS","13:14:09",38.7,0.1,200,2379100,
"PVS","13:14:01",38.7,0.1,30000,2378900,
"PVS","13:13:54",38.6,0,10000,2348900,
"PVS","13:13:29",38.6,0,2500,2338900,
"PVS","13:13:22",38.6,0,400,2336400,
"PVS","13:13:05",38.6,0,700,2336000,
"PVS","13:13:03",38.7,0.1,500,2335300,
"PVS","13:12:58",38.7,0.1,200,2334800,
"PVS","13:12:56",38.7,0.1,100,2334600,
"PVS","13:12:41",38.7,0.1,200,2334500,
"PVS","13:12:34",38.6,0,20000,2334300,
"PVS","13:12:26",38.7,0.1,2100,2314300,
"PVS","13:12:03",38.6,0,100,2312200,
"PVS","13:12:02",38.6,0,2000,2312100,
"PVS","13:12:00",38.6,0,400,2310100,
"PVS","13:11:58",38.6,0,600,2309700,
"PVS","13:11:56",38.6,0,1000,2309100,
"PVS","13:11:54",38.6,0,2000,2308100,
"PVS","13:11:51",38.6,0,1000,2306100,
"PVS","13:11:36",38.5,-0.1,500,2305100,
"PVS","13:11:28",38.5,-0.1,2200,2304600,
"PVS","13:11:27",38.5,-0.1,4500,2302400,
"PVS","13:11:26",38.5,-0.1,2500,2297900,
"PVS","13:11:24",38.5,-0.1,5000,2295400,
"PVS","13:11:23",38.5,-0.1,20000,2290400,
"PVS","13:11:22",38.5,-0.1,2500,2270400,
"PVS","13:11:21",38.5,-0.1,1400,2267900,
"PVS","13:11:16",38.5,-0.1,300,2266500,
"PVS","13:11:13",38.5,-0.1,7000,2266200,
"PVS","13:11:10",38.5,-0.1,10000,2259200,
"PVS","13:11:06",38.5,-0.1,100,2249200,
"PVS","13:11:03",38.5,-0.1,1000,2249100,
"PVS","13:11:00",38.5,-0.1,5000,2248100,
"PVS","13:10:42",38.5,-0.1,2000,2243100,
"PVS","13:10:41",38.5,-0.1,200,2241100,
"PVS","13:10:38",38.5,-0.1,100,2240900,
"PVS","13:10:36",38.4,-0.2,2000,2240800,
"PVS","13:10:32",38.5,-0.1,1800,2238800,
"PVS","13:10:29",38.5,-0.1,2000,2237000,
"PVS","13:10:27",38.5,-0.1,100,2235000,
"PVS","13:10:23",38.5,-0.1,2000,2234900,
"PVS","13:10:17",38.4,-0.2,3000,2232900,
"PVS","13:10:15",38.4,-0.2,1000,2229900,
"PVS","13:10:10",38.4,-0.2,1000,2228900,
"PVS","13:10:05",38.4,-0.2,8000,2227900,
"PVS","13:09:29",38.4,-0.2,100,2219900,
"PVS","13:09:14",38.4,-0.2,3900,2219800,
"PVS","13:09:12",38.5,-0.1,100,2215900,
"PVS","13:09:11",38.4,-0.2,600,2215800,
"PVS","13:09:10",38.4,-0.2,1000,2215200,
"PVS","13:09:08",38.5,-0.1,200,2214200,
"PVS","13:09:03",38.5,-0.1,100,2214000,
"PVS","13:09:02",38.5,-0.1,300,2213900,
"PVS","13:08:59",38.5,-0.1,200,2213600,
"PVS","13:08:52",38.5,-0.1,1000,2213400,
"PVS","13:08:47",38.5,-0.1,88800,2212400,
"PVS","13:08:45",38.6,0,1000,2123600,
"PVS","13:08:44",38.6,0,3000,2122600,
"PVS","13:08:42",38.5,-0.1,6000,2119600,
"PVS","13:08:39",38.6,0,9000,2113600,
"PVS","13:08:34",38.6,0,4000,2104600,
"PVS","13:08:29",38.5,-0.1,50000,2100600,
"PVS","13:08:24",38.5,-0.1,1100,2050600,
"PVS","13:08:17",38.5,-0.1,1000,2049500,
"PVS","13:08:16",38.5,-0.1,1000,2048500,
"PVS","13:08:15",38.5,-0.1,300,2047500,
"PVS","13:08:04",38.5,-0.1,200,2047200,
"PVS","13:08:01",38.6,0,1000,2047000,
"PVS","13:07:54",38.6,0,500,2046000,
"PVS","13:07:46",38.5,-0.1,4000,2045500,
"PVS","13:07:21",38.6,0,200,2041500,
"PVS","13:07:17",38.5,-0.1,3300,2041300,
"PVS","13:07:12",38.6,0,200,2038000,
"PVS","13:07:05",38.6,0,2500,2037800,
"PVS","13:06:57",38.6,0,3000,2035300,
"PVS","13:06:52",38.6,0,5000,2032300,
"PVS","13:06:41",38.6,0,1600,2027300,
"PVS","13:06:38",38.6,0,5000,2025700,
"PVS","13:06:36",38.6,0,20000,2020700,
"PVS","13:06:22",38.6,0,300,2000700,
"PVS","13:06:08",38.6,0,500,2000400,
"PVS","13:06:01",38.6,0,800,1999900,
"PVS","13:06:00",38.6,0,500,1999100,
"PVS","13:05:55",38.6,0,1500,1998600,
"PVS","13:05:54",38.6,0,500,1997100,
"PVS","13:05:51",38.6,0,100,1996600,
"PVS","13:05:37",38.6,0,300,1996500,
"PVS","13:05:30",38.6,0,1000,1996200,
"PVS","13:05:27",38.6,0,100,1995200,
"PVS","13:05:23",38.5,-0.1,4500,1995100,
"PVS","13:05:16",38.6,0,200,1990600,
"PVS","13:05:08",38.6,0,200,1990400,
"PVS","13:05:03",38.6,0,200,1990200,
"PVS","13:05:00",38.6,0,300,1990000,
"PVS","13:04:58",38.6,0,500,1989700,
"PVS","13:04:52",38.6,0,200,1989200,
"PVS","13:04:44",38.5,-0.1,400,1989000,
"PVS","13:04:34",38.6,0,1000,1988600,
"PVS","13:04:29",38.6,0,2400,1987600,
"PVS","13:04:28",38.5,-0.1,1000,1985200,
"PVS","13:04:27",38.5,-0.1,500,1984200,
"PVS","13:04:26",38.6,0,100,1983700,
"PVS","13:04:00",38.6,0,5000,1983600,
"PVS","13:03:56",38.6,0,10000,1978600,
"PVS","13:03:54",38.6,0,1000,1968600,
"PVS","13:03:49",38.6,0,3900,1967600,
"PVS","13:03:47",38.6,0,5000,1963700,
"PVS","13:03:42",38.6,0,800,1958700,
"PVS","13:03:36",38.6,0,100,1957900,
"PVS","13:03:28",38.6,0,100000,1957800,
"PVS","13:03:10",38.6,0,3000,1857800,
"PVS","13:02:50",38.7,0.1,6100,1854800,
"PVS","13:02:49",38.7,0.1,200,1848700,
"PVS","13:02:39",38.7,0.1,400,1848500,
"PVS","13:02:30",38.6,0,2300,1848100,
"PVS","13:02:23",38.7,0.1,400,1845800,
"PVS","13:02:18",38.6,0,6600,1845400,
"PVS","13:02:12",38.7,0.1,400,1838800,
"PVS","13:02:07",38.6,0,1400,1838400,
"PVS","13:02:00",38.6,0,2000,1837000,
"PVS","13:01:44",38.6,0,6500,1835000,
"PVS","13:01:24",38.6,0,300,1828500,
"PVS","13:01:07",38.6,0,200,1828200,
"PVS","13:00:12",38.7,0.1,100,1828000,
"PVS","13:00:10",38.6,0,600,1827900,
"PVS","13:00:09",38.7,0.1,3000,1827300,
"PVS","13:00:08",38.7,0.1,5900,1824300,
"PVS","13:00:04",38.6,0,8300,1818400,
"PVS","13:00:03",38.7,0.1,40500,1810100,
"PVS","13:00:02",38.7,0.1,2000,1769600,
"PVS","11:29:50",38.7,0.1,100,1767600,
"PVS","11:28:29",38.8,0.2,200,1767500,
"PVS","11:27:17",38.7,0.1,1700,1767300,
"PVS","11:26:48",38.7,0.1,4000,1765600,
"PVS","11:25:55",38.6,0,10000,1761600,
"PVS","11:25:25",38.7,0.1,41700,1751600,
"PVS","11:25:12",38.7,0.1,2500,1709900,
"PVS","11:24:48",38.8,0.2,500,1707400,
"PVS","11:24:45",38.8,0.2,1000,1706900,
"PVS","11:24:38",38.8,0.2,100,1705900,
"PVS","11:24:19",38.8,0.2,500,1705800,
"PVS","11:24:16",38.8,0.2,100,1705300,
"PVS","11:23:58",38.7,0.1,1000,1705200,
"PVS","11:23:16",38.8,0.2,500,1704200,
"PVS","11:22:57",38.8,0.2,500,1703700,
"PVS","11:22:50",38.8,0.2,100,1703200,
"PVS","11:22:49",38.8,0.2,100,1703100,
"PVS","11:22:24",38.8,0.2,15800,1703000,
"PVS","11:22:06",38.8,0.2,3000,1687200,
"PVS","11:22:03",38.8,0.2,2000,1684200,
"PVS","11:22:00",38.8,0.2,3000,1682200,
"PVS","11:21:58",38.8,0.2,200,1679200,
"PVS","11:20:55",38.8,0.2,46200,1679000,
"PVS","11:20:42",38.8,0.2,1300,1632800,
"PVS","11:20:39",38.8,0.2,1000,1631500,
"PVS","11:20:18",38.8,0.2,1000,1630500,
"PVS","11:20:09",38.8,0.2,300,1629500,
"PVS","11:19:58",38.8,0.2,13600,1629200,
"PVS","11:18:34",38.8,0.2,200,1615600,
"PVS","11:18:12",38.9,0.3,1000,1615400,
"PVS","11:17:41",38.9,0.3,200,1614400,
"PVS","11:17:37",38.9,0.3,9100,1614200,
"PVS","11:17:35",38.9,0.3,1000,1605100,
"PVS","11:16:55",38.9,0.3,1000,1604100,
"PVS","11:16:52",38.9,0.3,1000,1603100,
"PVS","11:16:33",38.9,0.3,30000,1602100,
"PVS","11:15:57",38.9,0.3,200,1572100,
"PVS","11:15:48",38.9,0.3,400,1571900,
"PVS","11:14:00",38.9,0.3,100,1571500,
"PVS","11:13:35",39,0.4,900,1571400,
"PVS","11:13:32",39,0.4,600,1570500,
"PVS","11:12:33",39,0.4,100,1569900,
"PVS","11:11:36",38.9,0.3,100,1569800,
"PVS","11:10:25",38.9,0.3,3000,1569700,
"PVS","11:09:00",38.9,0.3,100,1566700,
"PVS","11:08:11",38.9,0.3,2000,1566600,
"PVS","11:03:37",38.9,0.3,200,1564600,
"PVS","11:02:45",38.9,0.3,1000,1564400,
"PVS","11:02:44",38.9,0.3,1300,1563400,
"PVS","11:02:08",39,0.4,10000,1562100,
"PVS","11:00:14",38.9,0.3,10000,1552100,
"PVS","10:59:44",38.9,0.3,4000,1542100,
"PVS","10:58:50",38.9,0.3,100,1538100,
"PVS","10:58:29",38.9,0.3,300,1538000,
"PVS","10:56:52",38.9,0.3,1500,1537700,
"PVS","10:56:44",38.9,0.3,100,1536200,
"PVS","10:55:50",38.9,0.3,13900,1536100,
"PVS","10:55:32",38.9,0.3,100,1522200,
"PVS","10:55:27",38.9,0.3,900,1522100,
"PVS","10:55:08",38.9,0.3,22100,1521200,
"PVS","10:54:55",38.9,0.3,1000,1499100,
"PVS","10:54:45",38.9,0.3,100,1498100,
"PVS","10:54:21",38.9,0.3,100,1498000,
"PVS","10:54:05",38.9,0.3,3100,1497900,
"PVS","10:53:39",38.9,0.3,1000,1494800,
"PVS","10:52:28",39,0.4,500,1493800,
"PVS","10:50:01",39,0.4,700,1493300,
"PVS","10:49:58",39,0.4,4300,1492600,
"PVS","10:49:56",39,0.4,15700,1488300,
"PVS","10:49:54",39,0.4,900,1472600,
"PVS","10:49:42",39,0.4,13000,1471700,
"PVS","10:49:36",39,0.4,1500,1458700,
"PVS","10:49:29",39,0.4,2000,1457200,
"PVS","10:48:46",39,0.4,5000,1455200,
"PVS","10:48:31",39,0.4,1000,1450200,
"PVS","10:48:03",39,0.4,100,1449200,
"PVS","10:47:53",39,0.4,500,1449100,
"PVS","10:47:42",39,0.4,1500,1448600,
"PVS","10:47:40",39,0.4,1000,1447100,
"PVS","10:47:34",39,0.4,1800,1446100,
"PVS","10:47:16",39,0.4,100,1444300,
"PVS","10:46:28",39,0.4,200,1444200,
"PVS","10:45:42",39,0.4,1700,1444000,
"PVS","10:45:18",39.1,0.5,1000,1442300,
"PVS","10:45:00",39,0.4,1000,1441300,
"PVS","10:44:53",39.1,0.5,3000,1440300,
"PVS","10:44:52",39,0.4,1000,1437300,
"PVS","10:44:40",39,0.4,400,1436300,
"PVS","10:44:34",39,0.4,12000,1435900,
"PVS","10:43:51",39,0.4,100,1423900,
"PVS","10:43:35",39,0.4,5000,1423800,
"PVS","10:41:39",39,0.4,1000,1418800,
"PVS","10:40:53",39.1,0.5,300,1417800,
"PVS","10:40:10",39,0.4,700,1417500,
"PVS","10:40:03",39.1,0.5,5000,1416800,
"PVS","10:39:48",39,0.4,1500,1411800,
"PVS","10:38:37",39.1,0.5,3000,1410300,
"PVS","10:38:01",39.1,0.5,500,1407300,
"PVS","10:36:45",39.1,0.5,200,1406800,
"PVS","10:36:43",39.1,0.5,100,1406600,
"PVS","10:36:40",39.1,0.5,1000,1406500,
"PVS","10:36:38",39.1,0.5,100,1405500,
"PVS","10:36:22",39.1,0.5,3200,1405400,
"PVS","10:36:12",39.1,0.5,1000,1402200,
"PVS","10:36:03",39.1,0.5,100,1401200,
"PVS","10:35:58",39,0.4,600,1401100,
"PVS","10:35:13",39,0.4,100,1400500,
"PVS","10:34:56",39,0.4,137500,1400400,
"PVS","10:34:36",39,0.4,5400,1262900,
"PVS","10:34:33",39,0.4,5000,1257500,
"PVS","10:34:13",39,0.4,1000,1252500,
"PVS","10:34:06",39,0.4,50000,1251500,
"PVS","10:32:36",38.9,0.3,200,1201500,
"PVS","10:32:17",38.9,0.3,300,1201300,
"PVS","10:30:08",38.9,0.3,1500,1201000,
"PVS","10:29:56",38.9,0.3,1000,1199500,
"PVS","10:29:52",38.9,0.3,1000,1198500,
"PVS","10:29:41",38.9,0.3,100,1197500,
"PVS","10:29:29",38.9,0.3,2000,1197400,
"PVS","10:29:13",38.9,0.3,2500,1195400,
"PVS","10:29:07",38.9,0.3,100,1192900,
"PVS","10:28:57",38.8,0.2,300,1192800,
"PVS","10:28:49",38.9,0.3,2000,1192500,
"PVS","10:28:40",38.8,0.2,1500,1190500,
"PVS","10:28:34",38.9,0.3,300,1189000,
"PVS","10:28:27",38.9,0.3,300,1188700,
"PVS","10:28:18",38.9,0.3,200,1188400,
"PVS","10:27:57",38.9,0.3,2600,1188200,
"PVS","10:27:55",39,0.4,100,1185600,
"PVS","10:27:10",38.9,0.3,500,1185500,
"PVS","10:26:46",38.9,0.3,2600,1185000,
"PVS","10:26:32",38.9,0.3,2900,1182400,
"PVS","10:26:30",38.9,0.3,15000,1179500,
"PVS","10:25:21",38.9,0.3,15000,1164500,
"PVS","10:25:13",38.9,0.3,2000,1149500,
"PVS","10:25:00",38.9,0.3,1000,1147500,
"PVS","10:24:52",38.9,0.3,3000,1146500,
"PVS","10:24:35",38.9,0.3,100,1143500,
"PVS","10:24:12",38.9,0.3,1000,1143400,
"PVS","10:24:10",38.9,0.3,100,1142400,
"PVS","10:23:51",38.9,0.3,2300,1142300,
"PVS","10:23:39",38.9,0.3,500,1140000,
"PVS","10:23:00",38.9,0.3,400,1139500,
"PVS","10:22:29",38.9,0.3,200,1139100,
"PVS","10:20:43",38.9,0.3,200,1138900,
"PVS","10:20:39",38.9,0.3,600,1138700,
"PVS","10:20:24",38.9,0.3,2000,1138100,
"PVS","10:20:10",38.9,0.3,1000,1136100,
"PVS","10:20:07",38.9,0.3,10000,1135100,
"PVS","10:20:02",38.9,0.3,1000,1125100,
"PVS","10:19:53",38.9,0.3,300,1124100,
"PVS","10:19:48",38.9,0.3,2000,1123800,
"PVS","10:19:39",38.9,0.3,500,1121800,
"PVS","10:19:37",38.9,0.3,1500,1121300,
"PVS","10:19:27",38.9,0.3,5000,1119800,
"PVS","10:19:23",38.9,0.3,100,1114800,
"PVS","10:18:57",38.9,0.3,100,1114700,
"PVS","10:18:54",38.9,0.3,3500,1114600,
"PVS","10:18:50",38.9,0.3,200,1111100,
"PVS","10:18:35",38.9,0.3,5000,1110900,
"PVS","10:18:34",38.9,0.3,9000,1105900,
"PVS","10:18:30",38.9,0.3,2100,1096900,
"PVS","10:18:26",38.9,0.3,100,1094800,
"PVS","10:18:22",38.9,0.3,200,1094700,
"PVS","10:18:13",38.9,0.3,27700,1094500,
"PVS","10:18:03",38.9,0.3,100,1066800,
"PVS","10:17:48",39,0.4,1000,1066700,
"PVS","10:17:32",38.9,0.3,100,1065700,
"PVS","10:17:18",39,0.4,5000,1065600,
"PVS","10:16:52",39,0.4,1000,1060600,
"PVS","10:15:42",39,0.4,100,1059600,
"PVS","10:15:37",39,0.4,100,1059500,
"PVS","10:15:34",39,0.4,500,1059400,
"PVS","10:15:10",39,0.4,1400,1058900,
"PVS","10:14:52",39,0.4,500,1057500,
"PVS","10:14:34",39,0.4,100,1057000,
"PVS","10:14:28",39,0.4,2600,1056900,
"PVS","10:14:07",39,0.4,600,1054300,
"PVS","10:14:06",39,0.4,2400,1053700,
"PVS","10:14:03",39,0.4,1000,1051300,
"PVS","10:14:02",39,0.4,600,1050300,
"PVS","10:14:00",39,0.4,400,1049700,
"PVS","10:13:58",39,0.4,1000,1049300,
"PVS","10:13:55",39,0.4,400,1048300,
"PVS","10:13:49",39,0.4,10000,1047900,
"PVS","10:13:47",39,0.4,500,1037900,
"PVS","10:13:33",39,0.4,10000,1037400,
"PVS","10:13:18",39,0.4,200,1027400,
"PVS","10:13:15",39,0.4,10000,1027200,
"PVS","10:12:49",39,0.4,100,1017200,
"PVS","10:12:28",39,0.4,200,1017100,
"PVS","10:12:14",39,0.4,300,1016900,
"PVS","10:12:04",39,0.4,100,1016600,
"PVS","10:11:59",39,0.4,500,1016500,
"PVS","10:11:51",39,0.4,900,1016000,
"PVS","10:11:50",39,0.4,600,1015100,
"PVS","10:11:28",39,0.4,100,1014500,
"PVS","10:11:16",39,0.4,1100,1014400,
"PVS","10:10:47",39.1,0.5,4600,1013300,
"PVS","10:10:40",39.1,0.5,100,1008700,
"PVS","10:10:25",39.1,0.5,1000,1008600,
"PVS","10:10:02",39.1,0.5,2000,1007600,
"PVS","10:09:54",39.1,0.5,100,1005600,
"PVS","10:09:19",39.1,0.5,2000,1005500,
"PVS","10:09:17",39.1,0.5,5000,1003500,
"PVS","10:08:11",39.2,0.6,100,998500,
"PVS","10:07:48",39.2,0.6,200,998400,
"PVS","10:07:11",39.1,0.5,2000,998200,
"PVS","10:05:20",39.2,0.6,1900,996200,
"PVS","10:02:52",39.1,0.5,100,994300,
"PVS","10:02:33",39.1,0.5,100,994200,
"PVS","10:01:06",39.1,0.5,1000,994100,
"PVS","09:59:02",39.1,0.5,1000,993100,
"PVS","09:58:36",39.1,0.5,100,992100,
"PVS","09:58:22",39.1,0.5,4600,992000,
"PVS","09:58:20",39.1,0.5,400,987400,
"PVS","09:57:15",39.2,0.6,1300,987000,
"PVS","09:57:13",39.2,0.6,300,985700,
"PVS","09:56:45",39.2,0.6,3400,985400,
"PVS","09:56:38",39.2,0.6,6900,982000,
"PVS","09:56:12",39.2,0.6,2600,975100,
"PVS","09:55:52",39.2,0.6,3400,972500,
"PVS","09:55:48",39.2,0.6,10000,969100,
"PVS","09:55:17",39.2,0.6,20000,959100,
"PVS","09:54:44",39.2,0.6,10000,939100,
"PVS","09:54:41",39.2,0.6,100,929100,
"PVS","09:54:26",39.2,0.6,10000,929000,
"PVS","09:53:59",39.3,0.7,5000,919000,
"PVS","09:53:42",39.3,0.7,200,914000,
"PVS","09:53:20",39.3,0.7,500,913800,
"PVS","09:52:58",39.3,0.7,800,913300,
"PVS","09:52:44",39.2,0.6,1100,912500,
"PVS","09:51:27",39.3,0.7,200,911400,
"PVS","09:51:18",39.3,0.7,100,911200,
"PVS","09:51:02",39.3,0.7,500,911100,
"PVS","09:50:57",39.3,0.7,1000,910600,
"PVS","09:50:18",39.3,0.7,1600,909600,
"PVS","09:50:17",39.3,0.7,300,908000,
"PVS","09:50:03",39.4,0.8,800,907700,
"PVS","09:50:00",39.3,0.7,4800,906900,
"PVS","09:49:57",39.3,0.7,100,902100,
"PVS","09:49:52",39.3,0.7,200,902000,
"PVS","09:49:48",39.3,0.7,200,901800,
"PVS","09:49:46",39.3,0.7,100,901600,
"PVS","09:49:41",39.3,0.7,300,901500,
"PVS","09:49:35",39.3,0.7,100,901200,
"PVS","09:49:22",39.3,0.7,400,901100,
"PVS","09:49:13",39.3,0.7,500,900700,
"PVS","09:48:59",39.3,0.7,600,900200,
"PVS","09:48:56",39.3,0.7,400,899600,
"PVS","09:48:48",39.3,0.7,25000,899200,
"PVS","09:48:36",39.3,0.7,300,874200,
"PVS","09:48:30",39.3,0.7,300,873900,
"PVS","09:48:20",39.3,0.7,100,873600,
"PVS","09:48:14",39.3,0.7,3000,873500,
"PVS","09:48:11",39.3,0.7,1300,870500,
"PVS","09:47:51",39.3,0.7,5000,869200,
"PVS","09:47:40",39.3,0.7,100,864200,
"PVS","09:47:37",39.3,0.7,100,864100,
"PVS","09:47:21",39.3,0.7,300,864000,
"PVS","09:47:01",39.4,0.8,400,863700,
"PVS","09:46:44",39.3,0.7,200,863300,
"PVS","09:46:43",39.4,0.8,100,863100,
"PVS","09:45:51",39.3,0.7,1500,863000,
"PVS","09:45:31",39.3,0.7,100,861500,
"PVS","09:45:21",39.3,0.7,500,861400,
"PVS","09:45:07",39.3,0.7,500,860900,
"PVS","09:45:04",39.3,0.7,100,860400,
"PVS","09:44:56",39.4,0.8,100,860300,
"PVS","09:44:52",39.3,0.7,100,860200,
"PVS","09:44:43",39.3,0.7,600,860100,
"PVS","09:44:39",39.3,0.7,400,859500,
"PVS","09:44:31",39.3,0.7,100,859100,
"PVS","09:44:10",39.3,0.7,30100,859000,
"PVS","09:44:06",39.3,0.7,2000,828900,
"PVS","09:44:05",39.3,0.7,1000,826900,
"PVS","09:43:55",39.3,0.7,2000,825900,
"PVS","09:43:47",39.3,0.7,200,823900,
"PVS","09:43:43",39.3,0.7,400,823700,
"PVS","09:43:42",39.3,0.7,2300,823300,
"PVS","09:43:34",39.4,0.8,100,821000,
"PVS","09:43:04",39.4,0.8,100,820900,
"PVS","09:42:07",39.4,0.8,32200,820800,
"PVS","09:41:59",39.4,0.8,1000,788600,
"PVS","09:41:48",39.4,0.8,15000,787600,
"PVS","09:41:47",39.4,0.8,500,772600,
"PVS","09:41:36",39.4,0.8,500,772100,
"PVS","09:41:33",39.4,0.8,500,771600,
"PVS","09:41:27",39.4,0.8,2800,771100,
"PVS","09:41:18",39.4,0.8,200,768300,
"PVS","09:41:17",39.5,0.9,10800,768100,
"PVS","09:41:04",39.4,0.8,4000,757300,
"PVS","09:40:55",39.5,0.9,3000,753300,
"PVS","09:40:50",39.5,0.9,300,750300,
"PVS","09:40:43",39.5,0.9,200,750000,
"PVS","09:40:34",39.5,0.9,1500,749800,
"PVS","09:40:26",39.4,0.8,3300,748300,
"PVS","09:40:11",39.5,0.9,500,745000,
"PVS","09:40:07",39.4,0.8,1000,744500,
"PVS","09:40:03",39.4,0.8,5000,743500,
"PVS","09:40:01",39.4,0.8,1000,738500,
"PVS","09:39:53",39.5,0.9,16800,737500,
"PVS","09:39:49",39.4,0.8,1000,720700,
"PVS","09:39:39",39.4,0.8,200,719700,
"PVS","09:39:16",39.4,0.8,500,719500,
"PVS","09:39:13",39.4,0.8,500,719000,
"PVS","09:39:10",39.4,0.8,200,718500,
"PVS","09:38:53",39.4,0.8,100,718300,
"PVS","09:38:51",39.4,0.8,100,718200,
"PVS","09:38:48",39.4,0.8,100,718100,
"PVS","09:38:40",39.4,0.8,5000,718000,
"PVS","09:38:35",39.4,0.8,3000,713000,
"PVS","09:38:15",39.4,0.8,1000,710000,
"PVS","09:38:12",39.5,0.9,400,709000,
"PVS","09:37:57",39.5,0.9,100,708600,
"PVS","09:37:46",39.4,0.8,9700,708500,
"PVS","09:37:44",39.4,0.8,300,698800,
"PVS","09:37:41",39.4,0.8,4000,698500,
"PVS","09:37:37",39.4,0.8,7000,694500,
"PVS","09:37:34",39.4,0.8,10000,687500,
"PVS","09:37:33",39.4,0.8,100,677500,
"PVS","09:37:32",39.4,0.8,27400,677400,
"PVS","09:37:28",39.4,0.8,20000,650000,
"PVS","09:37:20",39.4,0.8,30000,630000,
"PVS","09:37:14",39.3,0.7,400,600000,
"PVS","09:36:43",39.4,0.8,2200,599600,
"PVS","09:36:28",39.4,0.8,300,597400,
"PVS","09:36:27",39.4,0.8,100,597100,
"PVS","09:36:22",39.3,0.7,1000,597000,
"PVS","09:36:06",39.3,0.7,1800,596000,
"PVS","09:36:03",39.2,0.6,15400,594200,
"PVS","09:36:00",39.3,0.7,25000,578800,
"PVS","09:35:40",39.2,0.6,100,553800,
"PVS","09:35:03",39.2,0.6,10000,553700,
"PVS","09:34:59",39.2,0.6,500,543700,
"PVS","09:34:56",39.2,0.6,2300,543200,
"PVS","09:34:44",39.2,0.6,1200,540900,
"PVS","09:34:38",39.2,0.6,100,539700,
"PVS","09:34:21",39.2,0.6,300,539600,
"PVS","09:34:19",39.2,0.6,42800,539300,
"PVS","09:34:13",39.2,0.6,18500,496500,
"PVS","09:34:09",39.1,0.5,1000,478000,
"PVS","09:33:51",39.1,0.5,100,477000,
"PVS","09:33:41",39.1,0.5,1000,476900,
"PVS","09:33:35",39.1,0.5,100,475900,
"PVS","09:33:06",39.1,0.5,300,475800,
"PVS","09:33:01",39.2,0.6,100,475500,
"PVS","09:33:00",39.1,0.5,500,475400,
"PVS","09:32:46",39.1,0.5,1000,474900,
"PVS","09:32:42",39.1,0.5,600,473900,
"PVS","09:32:40",39.2,0.6,6000,473300,
"PVS","09:32:38",39.1,0.5,500,467300,
"PVS","09:32:34",39.1,0.5,200,466800,
"PVS","09:32:29",39.1,0.5,500,466600,
"PVS","09:31:55",39.1,0.5,1000,466100,
"PVS","09:31:46",39.1,0.5,300,465100,
"PVS","09:31:40",39.1,0.5,500,464800,
"PVS","09:31:37",39.1,0.5,100,464300,
"PVS","09:31:24",39.1,0.5,500,464200,
"PVS","09:31:03",39.1,0.5,100,463700,
"PVS","09:30:56",39.1,0.5,4000,463600,
"PVS","09:30:55",39.1,0.5,100,459600,
"PVS","09:30:34",39.1,0.5,1000,459500,
"PVS","09:30:31",39.1,0.5,100,458500,
"PVS","09:30:13",39.1,0.5,200,458400,
"PVS","09:30:09",39.1,0.5,14500,458200,
"PVS","09:30:03",39.1,0.5,11400,443700,
"PVS","09:30:02",39,0.4,8000,432300,
"PVS","09:29:59",39,0.4,100,424300,
"PVS","09:29:45",39,0.4,300,424200,
"PVS","09:29:44",39,0.4,200,423900,
"PVS","09:29:07",39.1,0.5,2000,423700,
"PVS","09:28:55",39.1,0.5,500,421700,
"PVS","09:28:41",39.1,0.5,5000,421200,
"PVS","09:28:35",39.1,0.5,1000,416200,
"PVS","09:28:34",39.1,0.5,100,415200,
"PVS","09:28:30",39.1,0.5,500,415100,
"PVS","09:28:19",39.1,0.5,3300,414600,
"PVS","09:28:12",39.1,0.5,1000,411300,
"PVS","09:28:05",39.1,0.5,500,410300,
"PVS","09:27:45",39.1,0.5,600,409800,
"PVS","09:27:42",39.1,0.5,500,409200,
"PVS","09:27:33",39.1,0.5,100,408700,
"PVS","09:26:56",39.1,0.5,200,408600,
"PVS","09:25:58",39.1,0.5,5000,408400,
"PVS","09:25:55",39.1,0.5,200,403400,
"PVS","09:25:34",39.1,0.5,1000,403200,
"PVS","09:25:29",39.1,0.5,500,402200,
"PVS","09:25:09",39.1,0.5,800,401700,
"PVS","09:25:05",39.1,0.5,10000,400900,
"PVS","09:25:04",39.1,0.5,500,390900,
"PVS","09:24:58",39.1,0.5,7900,390400,
"PVS","09:24:57",39.1,0.5,5000,382500,
"PVS","09:24:39",39.1,0.5,300,377500,
"PVS","09:24:29",39.1,0.5,1000,377200,
"PVS","09:24:26",39.1,0.5,1000,376200,
"PVS","09:24:23",39.2,0.6,300,375200,
"PVS","09:24:18",39.1,0.5,100,374900,
"PVS","09:24:03",39.1,0.5,100,374800,
"PVS","09:24:01",39.1,0.5,1000,374700,
"PVS","09:23:51",39.1,0.5,8000,373700,
"PVS","09:23:26",39.1,0.5,10000,365700,
"PVS","09:23:07",39.1,0.5,1000,355700,
"PVS","09:22:47",39.1,0.5,100,354700,
"PVS","09:22:15",39.1,0.5,2000,354600,
"PVS","09:22:06",39.2,0.6,1000,352600,
"PVS","09:22:02",39.2,0.6,500,351600,
"PVS","09:21:57",39.2,0.6,300,351100,
"PVS","09:21:33",39.2,0.6,300,350800,
"PVS","09:21:00",39.2,0.6,300,350500,
"PVS","09:20:48",39.2,0.6,1000,350200,
"PVS","09:20:19",39.2,0.6,200,349200,
"PVS","09:20:18",39.2,0.6,48400,349000,
"PVS","09:20:08",39.1,0.5,2000,300600,
"PVS","09:19:46",39.1,0.5,600,298600,
"PVS","09:19:21",39.1,0.5,500,298000,
"PVS","09:19:07",39.1,0.5,100,297500,
"PVS","09:18:56",39.1,0.5,1000,297400,
"PVS","09:18:51",39.1,0.5,100,296400,
"PVS","09:18:49",39.2,0.6,2000,296300,
"PVS","09:18:37",39.1,0.5,2500,294300,
"PVS","09:18:22",39.1,0.5,1700,291800,
"PVS","09:18:12",39.1,0.5,7800,290100,
"PVS","09:18:07",39.1,0.5,2300,282300,
"PVS","09:17:58",39.1,0.5,1000,280000,
"PVS","09:17:56",39.1,0.5,500,279000,
"PVS","09:17:52",39.1,0.5,100,278500,
"PVS","09:17:28",39.1,0.5,1000,278400,
"PVS","09:17:25",39.2,0.6,5000,277400,
"PVS","09:16:55",39.1,0.5,100,272400,
"PVS","09:16:42",39.1,0.5,600,272300,
"PVS","09:16:37",39.1,0.5,400,271700,
"PVS","09:16:36",39.1,0.5,1500,271300,
"PVS","09:15:45",39,0.4,300,269800,
"PVS","09:15:36",39.1,0.5,10000,269500,
"PVS","09:15:13",39.1,0.5,100,259500,
"PVS","09:14:55",39.1,0.5,1000,259400,
"PVS","09:14:45",39.1,0.5,2000,258400,
"PVS","09:14:38",39.1,0.5,1000,256400,
"PVS","09:14:19",39.1,0.5,1000,255400,
"PVS","09:13:28",39,0.4,1800,254400,
"PVS","09:13:26",39,0.4,400,252600,
"PVS","09:13:01",39,0.4,100,252200,
"PVS","09:12:53",39,0.4,400,252100,
"PVS","09:12:40",39,0.4,1000,251700,
"PVS","09:12:30",39.2,0.6,100,250700,
"PVS","09:12:29",39.2,0.6,100,250600,
"PVS","09:12:18",39.2,0.6,1200,250500,
"PVS","09:12:15",39.2,0.6,100,249300,
"PVS","09:12:14",39.2,0.6,200,249200,
"PVS","09:12:13",39.2,0.6,200,249000,
"PVS","09:12:09",39.2,0.6,100,248800,
"PVS","09:12:05",39.2,0.6,2000,248700,
"PVS","09:12:04",39.2,0.6,1000,246700,
"PVS","09:12:01",39.2,0.6,5000,245700,
"PVS","09:11:58",39.2,0.6,500,240700,
"PVS","09:11:49",39.2,0.6,10000,240200,
"PVS","09:11:47",39.2,0.6,500,230200,
"PVS","09:11:45",39.2,0.6,1700,229700,
"PVS","09:11:42",39.2,0.6,100,228000,
"PVS","09:11:35",39.3,0.7,200,227900,
"PVS","09:11:32",39.2,0.6,3000,227700,
"PVS","09:11:26",39.2,0.6,16000,224700,
"PVS","09:11:22",39.2,0.6,300,208700,
"PVS","09:11:16",39.2,0.6,200,208400,
"PVS","09:11:12",39.2,0.6,700,208200,
"PVS","09:11:01",39.2,0.6,100,207500,
"PVS","09:10:58",39.2,0.6,3500,207400,
"PVS","09:10:40",39.2,0.6,1000,203900,
"PVS","09:10:32",39.2,0.6,100,202900,
"PVS","09:10:29",39.2,0.6,500,202800,
"PVS","09:10:12",39.2,0.6,200,202300,
"PVS","09:09:48",39.3,0.7,200,202100,
"PVS","09:09:36",39.3,0.7,200,201900,
"PVS","09:09:34",39.2,0.6,1000,201700,
"PVS","09:09:31",39.2,0.6,100,200700,
"PVS","09:09:30",39.2,0.6,9000,200600,
"PVS","09:09:24",39.2,0.6,100,191600,
"PVS","09:09:17",39.2,0.6,100,191500,
"PVS","09:09:15",39.2,0.6,100,191400,
"PVS","09:09:10",39.2,0.6,4600,191300,
"PVS","09:09:03",39.2,0.6,200,186700,
"PVS","09:08:47",39.3,0.7,100,186500,
"PVS","09:07:02",39.3,0.7,2000,186400,
"PVS","09:06:59",39.3,0.7,400,184400,
"PVS","09:06:45",39.3,0.7,12400,184000,
"PVS","09:06:26",39.3,0.7,700,171600,
"PVS","09:06:18",39.3,0.7,30000,170900,
"PVS","09:05:58",39.3,0.7,4000,140900,
"PVS","09:05:42",39.2,0.6,400,136900,
"PVS","09:05:35",39.2,0.6,200,136500,
"PVS","09:05:33",39.2,0.6,1500,136300,
"PVS","09:05:31",39.2,0.6,100,134800,
"PVS","09:05:04",39.2,0.6,100,134700,
"PVS","09:04:45",39.3,0.7,300,134600,
"PVS","09:04:30",39.3,0.7,100,134300,
"PVS","09:04:12",39.3,0.7,4600,134200,
"PVS","09:04:10",39.3,0.7,100,129600,
"PVS","09:03:53",39.3,0.7,25300,129500,
"PVS","09:03:47",39.2,0.6,300,104200,
"PVS","09:03:46",39.3,0.7,3000,103900,
"PVS","09:03:44",39.2,0.6,200,100900,
"PVS","09:03:43",39.2,0.6,9800,100700,
"PVS","09:03:32",39.2,0.6,100,90900,
"PVS","09:03:29",39.2,0.6,200,90800,
"PVS","09:03:22",39.2,0.6,500,90600,
"PVS","09:03:16",39.2,0.6,2100,90100,
"PVS","09:03:15",39.2,0.6,200,88000,
"PVS","09:03:05",39.2,0.6,1000,87800,
"PVS","09:03:01",39.2,0.6,300,86800,
"PVS","09:02:58",39.3,0.7,700,86500,
"PVS","09:02:43",39.3,0.7,500,85800,
"PVS","09:02:41",39.2,0.6,300,85300,
"PVS","09:02:38",39.2,0.6,200,85000,
"PVS","09:02:28",39.3,0.7,500,84800,
"PVS","09:02:22",39.2,0.6,300,84300,
"PVS","09:02:19",39.2,0.6,200,84000,
"PVS","09:02:18",39.3,0.7,6100,83800,
"PVS","09:02:11",39.3,0.7,500,77700,
"PVS","09:02:06",39.3,0.7,500,77200,
"PVS","09:02:05",39.3,0.7,1000,76700,
"PVS","09:02:02",39.3,0.7,600,75700,
"PVS","09:01:57",39.3,0.7,2000,75100,
"PVS","09:01:52",39.3,0.7,1200,73100,
"PVS","09:01:49",39.3,0.7,28800,71900,
"PVS","09:01:44",39.2,0.6,100,43100,
"PVS","09:01:43",39.2,0.6,4000,43000,
"PVS","09:01:37",39.2,0.6,10600,39000,
"PVS","09:01:28",39.2,0.6,100,28400,
"PVS","09:01:16",39,0.4,300,28300,
"PVS","09:01:11",39,0.4,200,28000,
"PVS","09:01:00",39,0.4,22500,27800,
"PVS","09:00:54",39,0.4,500,5300,
"PVS","09:00:35",38.9,0.3,1000,4800,
"PVS","09:00:26",38.7,0.1,1000,3800,
"PVS","09:00:15",38.9,0.3,1400,2800,
"PVS","09:00:14",38.9,0.3,500,1400,
"PVS","09:00:11",38.7,0.1,300,900,
"PVS","09:00:09",38.7,0.1,500,600,
"PVS","09:00:01",38.6,0,100,100,
