"id","symbol","truncTime","matchType","matchVol","matchPrice","accumulatedVolume","createdAt","updatedAt"
155071729,"BMP","1701762292","unknown","6500","90900","175400","2023-12-05T07:45:03.875Z","2023-12-05T07:45:03.875Z"
155068853,"BMP","1701761363","b","100","90800","168900","2023-12-05T07:29:34.858Z","2023-12-05T07:29:34.858Z"
155066263,"BMP","1701761335","s","400","90700","168800","2023-12-05T07:29:06.927Z","2023-12-05T07:29:06.927Z"
155066262,"BMP","1701761335","s","100","90700","168800","2023-12-05T07:29:06.927Z","2023-12-05T07:29:06.927Z"
155065874,"BMP","1701761332","s","200","90700","168300","2023-12-05T07:29:04.851Z","2023-12-05T07:29:04.851Z"
155065082,"BMP","1701761324","s","100","90700","168100","2023-12-05T07:28:56.863Z","2023-12-05T07:28:56.863Z"
155062162,"BMP","1701761288","b","500","90800","168000","2023-12-05T07:28:20.892Z","2023-12-05T07:28:20.892Z"
155055675,"BMP","1701761190","b","500","90800","167500","2023-12-05T07:26:42.850Z","2023-12-05T07:26:42.850Z"
155055674,"BMP","1701761190","b","2500","90800","167500","2023-12-05T07:26:42.850Z","2023-12-05T07:26:42.850Z"
155053739,"BMP","1701761157","b","100","90800","164400","2023-12-05T07:26:09.854Z","2023-12-05T07:26:09.854Z"
155053541,"BMP","1701761153","b","100","90800","164400","2023-12-05T07:26:05.892Z","2023-12-05T07:26:05.892Z"
155050985,"BMP","1701761099","b","100","90800","164300","2023-12-05T07:25:10.846Z","2023-12-05T07:25:10.846Z"
155049453,"BMP","1701761075","b","100","90800","164200","2023-12-05T07:24:46.862Z","2023-12-05T07:24:46.862Z"
155046025,"BMP","1701761010","s","200","90700","164100","2023-12-05T07:23:41.844Z","2023-12-05T07:23:41.844Z"
155045026,"BMP","1701760990","s","100","90800","163900","2023-12-05T07:23:21.843Z","2023-12-05T07:23:21.843Z"
155045025,"BMP","1701760990","s","700","90800","163900","2023-12-05T07:23:21.843Z","2023-12-05T07:23:21.843Z"
155045024,"BMP","1701760990","s","100","90900","163900","2023-12-05T07:23:21.843Z","2023-12-05T07:23:21.843Z"
155044889,"BMP","1701760986","s","100","90900","163000","2023-12-05T07:23:17.846Z","2023-12-05T07:23:17.846Z"
155038422,"BMP","1701760867","s","200","90900","161900","2023-12-05T07:21:18.851Z","2023-12-05T07:21:18.851Z"
155038421,"BMP","1701760867","s","100","90900","161900","2023-12-05T07:21:18.851Z","2023-12-05T07:21:18.851Z"
155038420,"BMP","1701760867","s","100","90900","161900","2023-12-05T07:21:18.851Z","2023-12-05T07:21:18.851Z"
155038419,"BMP","1701760867","s","600","90900","161900","2023-12-05T07:21:18.851Z","2023-12-05T07:21:18.851Z"
155036555,"BMP","1701760840","s","100","91000","161900","2023-12-05T07:20:52.858Z","2023-12-05T07:20:52.858Z"
155036386,"BMP","1701760837","s","1000","91000","160800","2023-12-05T07:20:49.839Z","2023-12-05T07:20:49.839Z"
155032507,"BMP","1701760753","b","200","91100","160800","2023-12-05T07:19:25.851Z","2023-12-05T07:19:25.851Z"
155031076,"BMP","1701760722","b","100","91100","160600","2023-12-05T07:18:54.855Z","2023-12-05T07:18:54.855Z"
155028169,"BMP","1701760651","b","100","91100","160500","2023-12-05T07:17:42.836Z","2023-12-05T07:17:42.836Z"
155027588,"BMP","1701760634","b","300","91000","160400","2023-12-05T07:17:26.848Z","2023-12-05T07:17:26.848Z"
155027587,"BMP","1701760634","b","100","91000","160400","2023-12-05T07:17:26.848Z","2023-12-05T07:17:26.848Z"
155027586,"BMP","1701760634","b","600","91000","160400","2023-12-05T07:17:26.848Z","2023-12-05T07:17:26.848Z"
155027347,"BMP","1701760627","b","1000","91000","159400","2023-12-05T07:17:19.844Z","2023-12-05T07:17:19.844Z"
155026869,"BMP","1701760616","b","2000","91000","156400","2023-12-05T07:17:08.837Z","2023-12-05T07:17:08.837Z"
155026511,"BMP","1701760607","b","2000","91000","156400","2023-12-05T07:16:59.858Z","2023-12-05T07:16:59.858Z"
155026175,"BMP","1701760595","b","2000","91000","154400","2023-12-05T07:16:46.832Z","2023-12-05T07:16:46.832Z"
155026068,"BMP","1701760591","b","400","91000","152000","2023-12-05T07:16:43.849Z","2023-12-05T07:16:43.849Z"
155025462,"BMP","1701760576","b","700","91000","150000","2023-12-05T07:16:28.847Z","2023-12-05T07:16:28.847Z"
155025461,"BMP","1701760576","b","200","91000","150000","2023-12-05T07:16:28.847Z","2023-12-05T07:16:28.847Z"
155025460,"BMP","1701760576","b","1000","91000","150000","2023-12-05T07:16:28.847Z","2023-12-05T07:16:28.847Z"
155025459,"BMP","1701760576","b","100","91000","150000","2023-12-05T07:16:28.847Z","2023-12-05T07:16:28.847Z"
155024547,"BMP","1701760563","b","1100","91000","150000","2023-12-05T07:16:15.857Z","2023-12-05T07:16:15.857Z"
155024546,"BMP","1701760563","b","400","91000","150000","2023-12-05T07:16:15.857Z","2023-12-05T07:16:15.857Z"
155023907,"BMP","1701760552","b","100","91000","148500","2023-12-05T07:16:04.856Z","2023-12-05T07:16:04.856Z"
155019209,"BMP","1701760431","b","400","90900","148400","2023-12-05T07:14:03.847Z","2023-12-05T07:14:03.847Z"
155018944,"BMP","1701760423","b","100","90900","148000","2023-12-05T07:13:55.831Z","2023-12-05T07:13:55.831Z"
155016478,"BMP","1701760352","s","100","90800","147900","2023-12-05T07:12:44.827Z","2023-12-05T07:12:44.827Z"
155016456,"BMP","1701760351","b","2000","90900","147800","2023-12-05T07:12:43.825Z","2023-12-05T07:12:43.825Z"
155016192,"BMP","1701760343","b","300","90900","145500","2023-12-05T07:12:35.834Z","2023-12-05T07:12:35.834Z"
155015842,"BMP","1701760332","b","1000","90900","144500","2023-12-05T07:12:23.834Z","2023-12-05T07:12:23.834Z"
155014938,"BMP","1701760308","b","2000","90900","142500","2023-12-05T07:11:59.837Z","2023-12-05T07:11:59.837Z"
155014504,"BMP","1701760294","b","100","90900","142500","2023-12-05T07:11:46.830Z","2023-12-05T07:11:46.830Z"
155013032,"BMP","1701760251","b","100","90800","142300","2023-12-05T07:11:03.835Z","2023-12-05T07:11:03.835Z"
155007900,"BMP","1701760096","b","500","90800","142300","2023-12-05T07:08:28.821Z","2023-12-05T07:08:28.821Z"
155006692,"BMP","1701760060","s","300","90800","141800","2023-12-05T07:07:52.858Z","2023-12-05T07:07:52.858Z"
155005556,"BMP","1701760030","b","400","90900","141500","2023-12-05T07:07:22.827Z","2023-12-05T07:07:22.827Z"
155005555,"BMP","1701760030","b","100","90900","141500","2023-12-05T07:07:22.827Z","2023-12-05T07:07:22.827Z"
155005030,"BMP","1701760017","b","100","90900","141000","2023-12-05T07:07:09.828Z","2023-12-05T07:07:09.828Z"
154996047,"BMP","1701759866","b","100","90900","140900","2023-12-05T07:04:38.827Z","2023-12-05T07:04:38.827Z"
154992844,"BMP","1701759818","b","400","90700","140400","2023-12-05T07:03:50.824Z","2023-12-05T07:03:50.824Z"
154992685,"BMP","1701759814","b","1000","90700","139400","2023-12-05T07:03:47.826Z","2023-12-05T07:03:47.826Z"
154989609,"BMP","1701759772","b","1000","90700","139400","2023-12-05T07:03:03.830Z","2023-12-05T07:03:03.830Z"
154988401,"BMP","1701759755","b","100","90700","138400","2023-12-05T07:02:46.865Z","2023-12-05T07:02:46.865Z"
154984231,"BMP","1701759693","s","100","90700","138300","2023-12-05T07:01:45.828Z","2023-12-05T07:01:45.828Z"
154984230,"BMP","1701759693","s","100","90700","138300","2023-12-05T07:01:45.828Z","2023-12-05T07:01:45.828Z"
154984229,"BMP","1701759693","s","200","90700","138300","2023-12-05T07:01:45.828Z","2023-12-05T07:01:45.828Z"
154984228,"BMP","1701759693","s","100","90700","138300","2023-12-05T07:01:45.828Z","2023-12-05T07:01:45.828Z"
154983629,"BMP","1701759683","s","200","90800","137800","2023-12-05T07:01:35.830Z","2023-12-05T07:01:35.830Z"
154983628,"BMP","1701759683","s","200","90800","137800","2023-12-05T07:01:35.830Z","2023-12-05T07:01:35.830Z"
154980549,"BMP","1701759635","s","200","90900","137400","2023-12-05T07:00:46.812Z","2023-12-05T07:00:46.812Z"
154980548,"BMP","1701759635","s","100","90900","137400","2023-12-05T07:00:46.812Z","2023-12-05T07:00:46.812Z"
154980348,"BMP","1701759631","s","500","90900","137100","2023-12-05T07:00:43.836Z","2023-12-05T07:00:43.836Z"
154979527,"BMP","1701759604","s","100","90900","136500","2023-12-05T07:00:16.818Z","2023-12-05T07:00:16.818Z"
154977468,"BMP","1701759521","s","1000","90900","136500","2023-12-05T06:58:53.805Z","2023-12-05T06:58:53.805Z"
154976890,"BMP","1701759500","s","500","90900","135500","2023-12-05T06:58:33.808Z","2023-12-05T06:58:33.808Z"
154975974,"BMP","1701759466","b","500","91000","135000","2023-12-05T06:57:58.805Z","2023-12-05T06:57:58.805Z"
154975973,"BMP","1701759466","b","300","91000","135000","2023-12-05T06:57:58.805Z","2023-12-05T06:57:58.805Z"
154975824,"BMP","1701759460","s","100","90900","134000","2023-12-05T06:57:51.808Z","2023-12-05T06:57:51.808Z"
154975823,"BMP","1701759460","s","100","90900","134000","2023-12-05T06:57:51.808Z","2023-12-05T06:57:51.808Z"
154975360,"BMP","1701759438","b","100","91000","134000","2023-12-05T06:57:30.797Z","2023-12-05T06:57:30.797Z"
154973910,"BMP","1701759393","b","100","91000","133900","2023-12-05T06:56:44.809Z","2023-12-05T06:56:44.809Z"
154973199,"BMP","1701759368","b","100","91000","133700","2023-12-05T06:56:20.805Z","2023-12-05T06:56:20.805Z"
154969195,"BMP","1701759232","b","400","91000","133700","2023-12-05T06:54:04.792Z","2023-12-05T06:54:04.792Z"
154969194,"BMP","1701759232","b","100","90900","133700","2023-12-05T06:54:04.792Z","2023-12-05T06:54:04.792Z"
154967733,"BMP","1701759203","s","100","90700","133200","2023-12-05T06:53:35.802Z","2023-12-05T06:53:35.802Z"
154967732,"BMP","1701759203","s","1000","90700","133200","2023-12-05T06:53:35.802Z","2023-12-05T06:53:35.802Z"
154966540,"BMP","1701759172","s","100","90800","132000","2023-12-05T06:53:04.801Z","2023-12-05T06:53:04.801Z"
154963547,"BMP","1701759115","s","100","90800","132000","2023-12-05T06:52:07.787Z","2023-12-05T06:52:07.787Z"
154963546,"BMP","1701759115","s","100","90800","132000","2023-12-05T06:52:07.787Z","2023-12-05T06:52:07.787Z"
154963545,"BMP","1701759115","s","600","90800","132000","2023-12-05T06:52:07.787Z","2023-12-05T06:52:07.787Z"
154963544,"BMP","1701759115","s","500","90800","132000","2023-12-05T06:52:07.787Z","2023-12-05T06:52:07.787Z"
154963543,"BMP","1701759115","s","1500","90800","132000","2023-12-05T06:52:07.787Z","2023-12-05T06:52:07.787Z"
154963542,"BMP","1701759115","s","100","90800","132000","2023-12-05T06:52:07.787Z","2023-12-05T06:52:07.787Z"
154963541,"BMP","1701759115","s","100","90800","132000","2023-12-05T06:52:07.787Z","2023-12-05T06:52:07.787Z"
154963160,"BMP","1701759106","s","100","90900","128900","2023-12-05T06:51:58.796Z","2023-12-05T06:51:58.796Z"
154961390,"BMP","1701759069","s","1500","90900","128900","2023-12-05T06:51:21.792Z","2023-12-05T06:51:21.792Z"
154960399,"BMP","1701759049","b","200","91000","127400","2023-12-05T06:51:00.791Z","2023-12-05T06:51:00.791Z"
154960398,"BMP","1701759049","b","100","91000","127400","2023-12-05T06:51:00.791Z","2023-12-05T06:51:00.791Z"
154958483,"BMP","1701759010","b","100","91000","127100","2023-12-05T06:50:22.835Z","2023-12-05T06:50:22.835Z"
154946876,"BMP","1701758760","s","100","90800","126500","2023-12-05T06:46:12.752Z","2023-12-05T06:46:12.752Z"
154946875,"BMP","1701758760","s","100","90800","126500","2023-12-05T06:46:12.752Z","2023-12-05T06:46:12.752Z"
154946874,"BMP","1701758760","s","100","90800","126500","2023-12-05T06:46:12.752Z","2023-12-05T06:46:12.752Z"
