"id","symbol","truncTime","matchType","matchVol","matchPrice","accumulatedVolume","createdAt","updatedAt"
155071655,"CDC","1701762291","unknown","2500","20050","698100","2023-12-05T07:45:02.877Z","2023-12-05T07:45:02.877Z"
155069666,"CDC","1701761373","b","2000","19850","695100","2023-12-05T07:29:45.854Z","2023-12-05T07:29:45.854Z"
155069665,"CDC","1701761373","b","1000","19850","695100","2023-12-05T07:29:45.854Z","2023-12-05T07:29:45.854Z"
155063852,"CDC","1701761308","b","6700","19650","688400","2023-12-05T07:28:40.851Z","2023-12-05T07:28:40.851Z"
155062798,"CDC","1701761296","b","1900","19650","686500","2023-12-05T07:28:28.886Z","2023-12-05T07:28:28.886Z"
155061044,"CDC","1701761277","s","100","19650","686400","2023-12-05T07:28:09.870Z","2023-12-05T07:28:09.870Z"
155055422,"CDC","1701761187","b","100","19700","686300","2023-12-05T07:26:38.871Z","2023-12-05T07:26:38.871Z"
155054929,"CDC","1701761179","b","4200","19700","682100","2023-12-05T07:26:30.850Z","2023-12-05T07:26:30.850Z"
155053638,"CDC","1701761155","b","4200","19700","677900","2023-12-05T07:26:06.861Z","2023-12-05T07:26:06.861Z"
155053265,"CDC","1701761146","b","1000","19700","676900","2023-12-05T07:25:58.859Z","2023-12-05T07:25:58.859Z"
155050668,"CDC","1701761094","s","600","19650","676000","2023-12-05T07:25:05.873Z","2023-12-05T07:25:05.873Z"
155050667,"CDC","1701761094","s","300","19650","676000","2023-12-05T07:25:05.873Z","2023-12-05T07:25:05.873Z"
155046120,"CDC","1701761012","b","700","19750","675300","2023-12-05T07:23:44.871Z","2023-12-05T07:23:44.871Z"
155044220,"CDC","1701760973","b","4800","19750","670500","2023-12-05T07:23:05.856Z","2023-12-05T07:23:05.856Z"
155043924,"CDC","1701760968","s","400","19700","670500","2023-12-05T07:23:00.843Z","2023-12-05T07:23:00.843Z"
155039819,"CDC","1701760890","b","2800","19800","667300","2023-12-05T07:21:42.850Z","2023-12-05T07:21:42.850Z"
155038915,"CDC","1701760876","b","500","19800","666800","2023-12-05T07:21:28.871Z","2023-12-05T07:21:28.871Z"
155038559,"CDC","1701760869","b","2300","19800","664500","2023-12-05T07:21:20.836Z","2023-12-05T07:21:20.836Z"
155037557,"CDC","1701760853","b","1900","19800","662600","2023-12-05T07:21:05.851Z","2023-12-05T07:21:05.851Z"
155036782,"CDC","1701760844","b","5300","19800","657300","2023-12-05T07:20:56.916Z","2023-12-05T07:20:56.916Z"
155032666,"CDC","1701760757","b","100","19850","657300","2023-12-05T07:19:28.858Z","2023-12-05T07:19:28.858Z"
155032035,"CDC","1701760744","b","4100","19850","653100","2023-12-05T07:19:16.846Z","2023-12-05T07:19:16.846Z"
155031326,"CDC","1701760727","b","1900","19850","653100","2023-12-05T07:18:59.859Z","2023-12-05T07:18:59.859Z"
155029126,"CDC","1701760676","s","6000","19850","645200","2023-12-05T07:18:08.871Z","2023-12-05T07:18:08.871Z"
155026861,"CDC","1701760616","b","2800","20000","630300","2023-12-05T07:17:08.837Z","2023-12-05T07:17:08.837Z"
155026860,"CDC","1701760616","b","6800","19950","630300","2023-12-05T07:17:08.837Z","2023-12-05T07:17:08.837Z"
155026859,"CDC","1701760616","b","4100","19900","630300","2023-12-05T07:17:08.837Z","2023-12-05T07:17:08.837Z"
155026858,"CDC","1701760616","b","1000","19850","630300","2023-12-05T07:17:08.837Z","2023-12-05T07:17:08.837Z"
155026857,"CDC","1701760616","b","200","19700","630300","2023-12-05T07:17:08.837Z","2023-12-05T07:17:08.837Z"
155024402,"CDC","1701760560","b","1700","19700","628300","2023-12-05T07:16:12.838Z","2023-12-05T07:16:12.838Z"
155024401,"CDC","1701760560","b","300","19700","628300","2023-12-05T07:16:12.838Z","2023-12-05T07:16:12.838Z"
155023425,"CDC","1701760541","b","5300","19700","623000","2023-12-05T07:15:53.835Z","2023-12-05T07:15:53.835Z"
155021991,"CDC","1701760514","s","200","19700","622800","2023-12-05T07:15:26.839Z","2023-12-05T07:15:26.839Z"
155019761,"CDC","1701760447","b","700","19750","622100","2023-12-05T07:14:19.830Z","2023-12-05T07:14:19.830Z"
155019203,"CDC","1701760431","b","4500","19750","617600","2023-12-05T07:14:02.847Z","2023-12-05T07:14:02.847Z"
155017326,"CDC","1701760381","b","1500","19800","616100","2023-12-05T07:13:13.837Z","2023-12-05T07:13:13.837Z"
155016746,"CDC","1701760362","b","5400","19800","616100","2023-12-05T07:12:54.826Z","2023-12-05T07:12:54.826Z"
155016291,"CDC","1701760348","b","300","19800","610400","2023-12-05T07:12:40.840Z","2023-12-05T07:12:40.840Z"
155015335,"CDC","1701760318","b","4700","19900","610400","2023-12-05T07:12:10.831Z","2023-12-05T07:12:10.831Z"
155011793,"CDC","1701760215","b","700","20000","605700","2023-12-05T07:10:26.843Z","2023-12-05T07:10:26.843Z"
155011792,"CDC","1701760215","b","1000","19950","605700","2023-12-05T07:10:26.843Z","2023-12-05T07:10:26.843Z"
155011791,"CDC","1701760215","b","6900","19900","605700","2023-12-05T07:10:26.843Z","2023-12-05T07:10:26.843Z"
155011790,"CDC","1701760215","b","1600","19800","605700","2023-12-05T07:10:26.843Z","2023-12-05T07:10:26.843Z"
155011789,"CDC","1701760215","b","1800","19650","605700","2023-12-05T07:10:26.843Z","2023-12-05T07:10:26.843Z"
155010124,"CDC","1701760161","b","4100","19650","589600","2023-12-05T07:09:33.885Z","2023-12-05T07:09:33.885Z"
155009225,"CDC","1701760137","s","200","19600","589100","2023-12-05T07:09:09.825Z","2023-12-05T07:09:09.825Z"
155009224,"CDC","1701760137","s","300","19600","589100","2023-12-05T07:09:09.825Z","2023-12-05T07:09:09.825Z"
155008807,"CDC","1701760123","b","100","19700","589000","2023-12-05T07:08:55.819Z","2023-12-05T07:08:55.819Z"
155008177,"CDC","1701760104","b","1700","19700","587300","2023-12-05T07:08:36.831Z","2023-12-05T07:08:36.831Z"
155007121,"CDC","1701760073","b","1400","19700","585900","2023-12-05T07:08:04.821Z","2023-12-05T07:08:04.821Z"
155006790,"CDC","1701760063","b","6100","19700","579800","2023-12-05T07:07:55.838Z","2023-12-05T07:07:55.838Z"
155004012,"CDC","1701759997","b","2600","19750","577200","2023-12-05T07:06:49.845Z","2023-12-05T07:06:49.845Z"
155003372,"CDC","1701759984","b","2900","19750","577200","2023-12-05T07:06:36.831Z","2023-12-05T07:06:36.831Z"
155002425,"CDC","1701759966","b","1800","19750","574300","2023-12-05T07:06:18.832Z","2023-12-05T07:06:18.832Z"
155001965,"CDC","1701759957","b","5700","19750","566800","2023-12-05T07:06:09.829Z","2023-12-05T07:06:09.829Z"
154998730,"CDC","1701759908","b","1100","19800","565700","2023-12-05T07:05:20.870Z","2023-12-05T07:05:20.870Z"
154997856,"CDC","1701759893","b","5100","19800","565700","2023-12-05T07:05:05.855Z","2023-12-05T07:05:05.855Z"
154991854,"CDC","1701759801","b","800","20050","548600","2023-12-05T07:03:33.854Z","2023-12-05T07:03:33.854Z"
154991853,"CDC","1701759801","b","3200","20000","548600","2023-12-05T07:03:33.854Z","2023-12-05T07:03:33.854Z"
154991852,"CDC","1701759801","b","3300","19950","548600","2023-12-05T07:03:33.854Z","2023-12-05T07:03:33.854Z"
154991851,"CDC","1701759801","b","2000","19900","548600","2023-12-05T07:03:33.854Z","2023-12-05T07:03:33.854Z"
154991850,"CDC","1701759801","b","1200","19850","548600","2023-12-05T07:03:33.854Z","2023-12-05T07:03:33.854Z"
154991849,"CDC","1701759801","b","1500","19650","548600","2023-12-05T07:03:33.854Z","2023-12-05T07:03:33.854Z"
154984146,"CDC","1701759691","b","800","19650","547800","2023-12-05T07:01:43.851Z","2023-12-05T07:01:43.851Z"
154983435,"CDC","1701759681","b","1200","19650","546600","2023-12-05T07:01:32.825Z","2023-12-05T07:01:32.825Z"
154982882,"CDC","1701759674","b","5500","19650","546600","2023-12-05T07:01:26.896Z","2023-12-05T07:01:26.896Z"
154981061,"CDC","1701759643","s","700","19600","538900","2023-12-05T07:00:55.822Z","2023-12-05T07:00:55.822Z"
154981060,"CDC","1701759643","s","1500","19600","538900","2023-12-05T07:00:55.822Z","2023-12-05T07:00:55.822Z"
154979536,"CDC","1701759606","b","1100","19700","537800","2023-12-05T07:00:17.803Z","2023-12-05T07:00:17.803Z"
154979242,"CDC","1701759591","b","1300","19700","536500","2023-12-05T07:00:02.813Z","2023-12-05T07:00:02.813Z"
154979052,"CDC","1701759583","b","5400","19700","531100","2023-12-05T06:59:55.810Z","2023-12-05T06:59:55.810Z"
154976735,"CDC","1701759494","b","500","19750","531100","2023-12-05T06:58:25.802Z","2023-12-05T06:58:25.802Z"
154975944,"CDC","1701759466","b","3200","19750","527400","2023-12-05T06:57:57.802Z","2023-12-05T06:57:57.802Z"
154975482,"CDC","1701759445","b","5200","19750","527400","2023-12-05T06:57:36.823Z","2023-12-05T06:57:36.823Z"
154973751,"CDC","1701759387","b","2100","19800","522200","2023-12-05T06:56:38.803Z","2023-12-05T06:56:38.803Z"
154973102,"CDC","1701759364","b","4900","19800","515200","2023-12-05T06:56:16.802Z","2023-12-05T06:56:16.802Z"
154971721,"CDC","1701759311","s","300","19700","515200","2023-12-05T06:55:22.794Z","2023-12-05T06:55:22.794Z"
154971720,"CDC","1701759311","s","800","19700","515200","2023-12-05T06:55:22.794Z","2023-12-05T06:55:22.794Z"
154965706,"CDC","1701759161","b","1100","19850","514100","2023-12-05T06:52:53.796Z","2023-12-05T06:52:53.796Z"
154964074,"CDC","1701759128","b","5500","19850","513000","2023-12-05T06:52:20.798Z","2023-12-05T06:52:20.798Z"
154963202,"CDC","1701759107","s","1000","19750","506500","2023-12-05T06:51:59.802Z","2023-12-05T06:51:59.802Z"
154960825,"CDC","1701759057","b","200","19950","505500","2023-12-05T06:51:09.780Z","2023-12-05T06:51:09.780Z"
154960824,"CDC","1701759057","b","800","19950","505500","2023-12-05T06:51:09.780Z","2023-12-05T06:51:09.780Z"
154957891,"CDC","1701759000","b","200","19950","505200","2023-12-05T06:50:12.845Z","2023-12-05T06:50:12.845Z"
154957890,"CDC","1701759000","b","100","19950","505200","2023-12-05T06:50:12.845Z","2023-12-05T06:50:12.845Z"
154955413,"CDC","1701758950","s","100","19850","505100","2023-12-05T06:49:21.778Z","2023-12-05T06:49:21.778Z"
154955047,"CDC","1701758942","b","400","19950","504700","2023-12-05T06:49:13.768Z","2023-12-05T06:49:13.768Z"
154954686,"CDC","1701758933","b","6800","19950","497900","2023-12-05T06:49:05.780Z","2023-12-05T06:49:05.780Z"
154951793,"CDC","1701758874","b","500","20000","497900","2023-12-05T06:48:05.782Z","2023-12-05T06:48:05.782Z"
154948281,"CDC","1701758805","b","1600","20050","483900","2023-12-05T06:46:56.763Z","2023-12-05T06:46:56.763Z"
154948280,"CDC","1701758805","b","100","20050","483900","2023-12-05T06:46:56.763Z","2023-12-05T06:46:56.763Z"
154948279,"CDC","1701758805","b","4700","20000","483900","2023-12-05T06:46:56.763Z","2023-12-05T06:46:56.763Z"
154948278,"CDC","1701758805","b","3400","19900","483900","2023-12-05T06:46:56.763Z","2023-12-05T06:46:56.763Z"
154948277,"CDC","1701758805","b","2000","19850","483900","2023-12-05T06:46:56.763Z","2023-12-05T06:46:56.763Z"
154948276,"CDC","1701758805","b","1500","19800","483900","2023-12-05T06:46:56.763Z","2023-12-05T06:46:56.763Z"
154948275,"CDC","1701758805","b","200","19650","483900","2023-12-05T06:46:56.763Z","2023-12-05T06:46:56.763Z"
154946971,"CDC","1701758764","b","200","19650","483900","2023-12-05T06:46:16.768Z","2023-12-05T06:46:16.768Z"
154945781,"CDC","1701758725","b","600","19650","481700","2023-12-05T06:45:37.796Z","2023-12-05T06:45:37.796Z"
154945780,"CDC","1701758725","b","1400","19650","481700","2023-12-05T06:45:37.796Z","2023-12-05T06:45:37.796Z"
154944618,"CDC","1701758692","b","4200","19650","477500","2023-12-05T06:45:03.764Z","2023-12-05T06:45:03.764Z"
