"id","symbol","truncTime","matchType","matchVol","matchPrice","accumulatedVolume","createdAt","updatedAt"
155071620,"CSV","1701762289","unknown","77200","41600","1228700","2023-12-05T07:45:01.859Z","2023-12-05T07:45:01.859Z"
155070950,"CSV","1701761388","b","200","41500","1151500","2023-12-05T07:30:00.850Z","2023-12-05T07:30:00.850Z"
155069418,"CSV","1701761370","b","100","41450","1151300","2023-12-05T07:29:42.878Z","2023-12-05T07:29:42.878Z"
155069417,"CSV","1701761370","b","500","41450","1151300","2023-12-05T07:29:42.878Z","2023-12-05T07:29:42.878Z"
155069416,"CSV","1701761370","b","1800","41450","1151300","2023-12-05T07:29:42.878Z","2023-12-05T07:29:42.878Z"
155067664,"CSV","1701761352","b","1200","41450","1148900","2023-12-05T07:29:24.846Z","2023-12-05T07:29:24.846Z"
155067663,"CSV","1701761352","b","700","41450","1148900","2023-12-05T07:29:24.846Z","2023-12-05T07:29:24.846Z"
155066790,"CSV","1701761342","b","500","41450","1146300","2023-12-05T07:29:14.869Z","2023-12-05T07:29:14.869Z"
155066788,"CSV","1701761342","b","200","41450","1146300","2023-12-05T07:29:14.869Z","2023-12-05T07:29:14.869Z"
155064339,"CSV","1701761315","b","1000","41450","1146300","2023-12-05T07:28:47.855Z","2023-12-05T07:28:47.855Z"
155061629,"CSV","1701761284","b","2600","41450","1145300","2023-12-05T07:28:16.904Z","2023-12-05T07:28:16.904Z"
155061628,"CSV","1701761284","b","1000","41400","1145300","2023-12-05T07:28:16.904Z","2023-12-05T07:28:16.904Z"
155061627,"CSV","1701761284","b","400","41350","1145300","2023-12-05T07:28:16.904Z","2023-12-05T07:28:16.904Z"
155061448,"CSV","1701761281","s","500","41300","1141300","2023-12-05T07:28:13.891Z","2023-12-05T07:28:13.891Z"
155055336,"CSV","1701761185","b","100","41350","1140800","2023-12-05T07:26:37.859Z","2023-12-05T07:26:37.859Z"
155054957,"CSV","1701761179","b","500","41350","1140700","2023-12-05T07:26:31.861Z","2023-12-05T07:26:31.861Z"
155054039,"CSV","1701761161","b","500","41300","1140200","2023-12-05T07:26:13.856Z","2023-12-05T07:26:13.856Z"
155054038,"CSV","1701761161","b","500","41300","1140200","2023-12-05T07:26:13.856Z","2023-12-05T07:26:13.856Z"
155053713,"CSV","1701761157","b","1500","41300","1136700","2023-12-05T07:26:08.839Z","2023-12-05T07:26:08.839Z"
155053712,"CSV","1701761157","b","1000","41300","1136700","2023-12-05T07:26:08.839Z","2023-12-05T07:26:08.839Z"
155053456,"CSV","1701761151","b","100","41300","1136600","2023-12-05T07:26:03.874Z","2023-12-05T07:26:03.874Z"
155052989,"CSV","1701761140","b","300","41300","1136600","2023-12-05T07:25:52.888Z","2023-12-05T07:25:52.888Z"
155052824,"CSV","1701761137","s","200","41250","1136300","2023-12-05T07:25:48.879Z","2023-12-05T07:25:48.879Z"
155046229,"CSV","1701761015","s","200","41250","1136100","2023-12-05T07:23:47.855Z","2023-12-05T07:23:47.855Z"
155042786,"CSV","1701760945","b","100","41250","1135900","2023-12-05T07:22:37.861Z","2023-12-05T07:22:37.861Z"
155042547,"CSV","1701760942","b","500","41250","1135800","2023-12-05T07:22:33.947Z","2023-12-05T07:22:33.947Z"
155041941,"CSV","1701760929","s","300","41200","1135000","2023-12-05T07:22:21.862Z","2023-12-05T07:22:21.862Z"
155040090,"CSV","1701760895","s","100","41200","1135000","2023-12-05T07:21:47.840Z","2023-12-05T07:21:47.840Z"
155039584,"CSV","1701760886","s","5000","41200","1134900","2023-12-05T07:21:38.861Z","2023-12-05T07:21:38.861Z"
155038413,"CSV","1701760867","s","2100","41250","1127800","2023-12-05T07:21:18.851Z","2023-12-05T07:21:18.851Z"
155037785,"CSV","1701760856","s","800","41250","1127800","2023-12-05T07:21:08.858Z","2023-12-05T07:21:08.858Z"
155034398,"CSV","1701760797","b","300","41300","1127000","2023-12-05T07:20:09.894Z","2023-12-05T07:20:09.894Z"
155033895,"CSV","1701760786","b","100","41300","1126700","2023-12-05T07:19:57.838Z","2023-12-05T07:19:57.838Z"
155032576,"CSV","1701760755","s","200","41350","1126600","2023-12-05T07:19:27.848Z","2023-12-05T07:19:27.848Z"
155032215,"CSV","1701760747","b","1000","41350","1126400","2023-12-05T07:19:19.838Z","2023-12-05T07:19:19.838Z"
155032214,"CSV","1701760747","b","2000","41350","1126400","2023-12-05T07:19:19.838Z","2023-12-05T07:19:19.838Z"
155032213,"CSV","1701760747","b","100","41350","1126400","2023-12-05T07:19:19.838Z","2023-12-05T07:19:19.838Z"
155032212,"CSV","1701760747","b","600","41300","1126400","2023-12-05T07:19:19.838Z","2023-12-05T07:19:19.838Z"
155032211,"CSV","1701760747","b","200","41300","1126400","2023-12-05T07:19:19.838Z","2023-12-05T07:19:19.838Z"
155032210,"CSV","1701760747","b","200","41300","1126400","2023-12-05T07:19:19.838Z","2023-12-05T07:19:19.838Z"
155032209,"CSV","1701760747","b","200","41300","1126400","2023-12-05T07:19:19.838Z","2023-12-05T07:19:19.838Z"
155032208,"CSV","1701760747","b","100","41300","1126400","2023-12-05T07:19:19.838Z","2023-12-05T07:19:19.838Z"
155032207,"CSV","1701760747","b","400","41300","1126400","2023-12-05T07:19:19.838Z","2023-12-05T07:19:19.838Z"
155031904,"CSV","1701760741","b","100","41300","1121500","2023-12-05T07:19:13.839Z","2023-12-05T07:19:13.839Z"
155031754,"CSV","1701760735","s","300","41250","1121500","2023-12-05T07:19:07.845Z","2023-12-05T07:19:07.845Z"
155031753,"CSV","1701760735","s","100","41250","1121500","2023-12-05T07:19:07.845Z","2023-12-05T07:19:07.845Z"
155028222,"CSV","1701760653","s","600","41250","1120100","2023-12-05T07:17:44.866Z","2023-12-05T07:17:44.866Z"
155028221,"CSV","1701760653","s","400","41250","1120100","2023-12-05T07:17:44.866Z","2023-12-05T07:17:44.866Z"
155026233,"CSV","1701760597","s","100","41250","1120100","2023-12-05T07:16:49.852Z","2023-12-05T07:16:49.852Z"
155024836,"CSV","1701760568","b","400","41300","1119600","2023-12-05T07:16:20.846Z","2023-12-05T07:16:20.846Z"
155023094,"CSV","1701760536","b","100","41300","1119600","2023-12-05T07:15:47.860Z","2023-12-05T07:15:47.860Z"
155020945,"CSV","1701760484","s","100","41250","1119400","2023-12-05T07:14:55.838Z","2023-12-05T07:14:55.838Z"
155019920,"CSV","1701760452","b","900","41250","1119400","2023-12-05T07:14:23.838Z","2023-12-05T07:14:23.838Z"
155019919,"CSV","1701760452","b","1300","41250","1119400","2023-12-05T07:14:23.838Z","2023-12-05T07:14:23.838Z"
155019610,"CSV","1701760444","b","700","41250","1117200","2023-12-05T07:14:16.834Z","2023-12-05T07:14:16.834Z"
155019609,"CSV","1701760444","b","300","41250","1117200","2023-12-05T07:14:16.834Z","2023-12-05T07:14:16.834Z"
155019140,"CSV","1701760430","b","300","41250","1116200","2023-12-05T07:14:01.837Z","2023-12-05T07:14:01.837Z"
155016112,"CSV","1701760340","b","400","41250","1115900","2023-12-05T07:12:32.842Z","2023-12-05T07:12:32.842Z"
155016111,"CSV","1701760340","b","500","41250","1115900","2023-12-05T07:12:32.842Z","2023-12-05T07:12:32.842Z"
155015816,"CSV","1701760331","b","100","41250","1115000","2023-12-05T07:12:22.850Z","2023-12-05T07:12:22.850Z"
155013383,"CSV","1701760263","b","500","41200","1114900","2023-12-05T07:11:15.833Z","2023-12-05T07:11:15.833Z"
155013382,"CSV","1701760263","b","200","41200","1114900","2023-12-05T07:11:15.833Z","2023-12-05T07:11:15.833Z"
155013381,"CSV","1701760263","b","1200","41200","1114900","2023-12-05T07:11:15.833Z","2023-12-05T07:11:15.833Z"
155012944,"CSV","1701760249","b","100","41200","1112900","2023-12-05T07:11:01.826Z","2023-12-05T07:11:01.826Z"
155012822,"CSV","1701760245","b","100","41200","1112900","2023-12-05T07:10:57.831Z","2023-12-05T07:10:57.831Z"
155011836,"CSV","1701760217","b","100","41200","1112800","2023-12-05T07:10:29.832Z","2023-12-05T07:10:29.832Z"
155011644,"CSV","1701760210","b","500","41200","1112700","2023-12-05T07:10:21.825Z","2023-12-05T07:10:21.825Z"
155010717,"CSV","1701760179","b","200","41200","1112000","2023-12-05T07:09:50.829Z","2023-12-05T07:09:50.829Z"
155009554,"CSV","1701760147","b","1000","41200","1112000","2023-12-05T07:09:18.820Z","2023-12-05T07:09:18.820Z"
155008943,"CSV","1701760128","b","1000","41200","1111000","2023-12-05T07:09:00.822Z","2023-12-05T07:09:00.822Z"
155008920,"CSV","1701760127","b","100","41200","1109900","2023-12-05T07:08:59.826Z","2023-12-05T07:08:59.826Z"
155008438,"CSV","1701760111","s","1000","41050","1109900","2023-12-05T07:08:43.843Z","2023-12-05T07:08:43.843Z"
155008437,"CSV","1701760111","s","1000","41100","1109900","2023-12-05T07:08:43.843Z","2023-12-05T07:08:43.843Z"
155004676,"CSV","1701760011","b","5000","41050","1107900","2023-12-05T07:07:03.844Z","2023-12-05T07:07:03.844Z"
155004276,"CSV","1701760003","b","100","41000","1102900","2023-12-05T07:06:55.821Z","2023-12-05T07:06:55.821Z"
155002805,"CSV","1701759973","b","700","41000","1102800","2023-12-05T07:06:25.834Z","2023-12-05T07:06:25.834Z"
155002146,"CSV","1701759960","b","1300","41000","1102100","2023-12-05T07:06:12.845Z","2023-12-05T07:06:12.845Z"
155002145,"CSV","1701759960","b","1000","41000","1102100","2023-12-05T07:06:12.845Z","2023-12-05T07:06:12.845Z"
155001970,"CSV","1701759957","b","200","41000","1099600","2023-12-05T07:06:09.829Z","2023-12-05T07:06:09.829Z"
154999926,"CSV","1701759926","b","1900","41000","1095600","2023-12-05T07:05:38.859Z","2023-12-05T07:05:38.859Z"
154999925,"CSV","1701759926","b","500","41000","1095600","2023-12-05T07:05:38.859Z","2023-12-05T07:05:38.859Z"
154999924,"CSV","1701759926","b","100","41000","1095600","2023-12-05T07:05:38.859Z","2023-12-05T07:05:38.859Z"
154999923,"CSV","1701759926","b","200","41000","1095600","2023-12-05T07:05:38.859Z","2023-12-05T07:05:38.859Z"
154999922,"CSV","1701759926","b","900","41000","1095600","2023-12-05T07:05:38.859Z","2023-12-05T07:05:38.859Z"
154999921,"CSV","1701759926","b","400","40950","1095600","2023-12-05T07:05:38.859Z","2023-12-05T07:05:38.859Z"
154999580,"CSV","1701759922","b","100","40950","1095500","2023-12-05T07:05:34.820Z","2023-12-05T07:05:34.820Z"
154998957,"CSV","1701759912","b","1000","41000","1095500","2023-12-05T07:05:23.872Z","2023-12-05T07:05:23.872Z"
154998071,"CSV","1701759897","b","6700","41000","1087500","2023-12-05T07:05:09.842Z","2023-12-05T07:05:09.842Z"
154998070,"CSV","1701759897","b","300","40950","1087500","2023-12-05T07:05:09.842Z","2023-12-05T07:05:09.842Z"
154997578,"CSV","1701759889","s","100","40950","1087500","2023-12-05T07:05:01.827Z","2023-12-05T07:05:01.827Z"
154997577,"CSV","1701759889","s","100","40950","1087500","2023-12-05T07:05:01.827Z","2023-12-05T07:05:01.827Z"
154996994,"CSV","1701759881","s","400","40950","1087300","2023-12-05T07:04:52.865Z","2023-12-05T07:04:52.865Z"
154996993,"CSV","1701759881","s","300","40950","1087300","2023-12-05T07:04:52.865Z","2023-12-05T07:04:52.865Z"
154996557,"CSV","1701759874","s","400","40950","1086600","2023-12-05T07:04:46.835Z","2023-12-05T07:04:46.835Z"
154993895,"CSV","1701759836","s","3500","40950","1086200","2023-12-05T07:04:07.843Z","2023-12-05T07:04:07.843Z"
154993894,"CSV","1701759836","s","200","40950","1086200","2023-12-05T07:04:07.843Z","2023-12-05T07:04:07.843Z"
154993893,"CSV","1701759836","s","500","40950","1086200","2023-12-05T07:04:07.843Z","2023-12-05T07:04:07.843Z"
154993378,"CSV","1701759826","s","1000","41000","1082000","2023-12-05T07:03:58.840Z","2023-12-05T07:03:58.840Z"
154993377,"CSV","1701759826","s","200","41000","1082000","2023-12-05T07:03:58.840Z","2023-12-05T07:03:58.840Z"
154993376,"CSV","1701759826","s","200","41000","1082000","2023-12-05T07:03:58.840Z","2023-12-05T07:03:58.840Z"
