"id","symbol","truncTime","matchType","matchVol","matchPrice","accumulatedVolume","createdAt","updatedAt"
155071814,"KPF","1701762293","unknown","14500","5110","321300","2023-12-05T07:45:05.883Z","2023-12-05T07:45:05.883Z"
155070901,"KPF","1701761387","s","400","5140","320900","2023-12-05T07:29:59.848Z","2023-12-05T07:29:59.848Z"
155068826,"KPF","1701761363","b","500","5140","320300","2023-12-05T07:29:34.858Z","2023-12-05T07:29:34.858Z"
155068825,"KPF","1701761363","b","100","5140","320300","2023-12-05T07:29:34.858Z","2023-12-05T07:29:34.858Z"
155064227,"KPF","1701761312","b","2900","5140","316300","2023-12-05T07:28:44.856Z","2023-12-05T07:28:44.856Z"
155064226,"KPF","1701761312","b","1000","5140","316300","2023-12-05T07:28:44.856Z","2023-12-05T07:28:44.856Z"
155064225,"KPF","1701761312","b","100","5140","316300","2023-12-05T07:28:44.856Z","2023-12-05T07:28:44.856Z"
155059138,"KPF","1701761249","s","600","5100","312300","2023-12-05T07:27:41.855Z","2023-12-05T07:27:41.855Z"
155059137,"KPF","1701761249","s","1000","5100","312300","2023-12-05T07:27:41.855Z","2023-12-05T07:27:41.855Z"
155059136,"KPF","1701761249","s","500","5100","312300","2023-12-05T07:27:41.855Z","2023-12-05T07:27:41.855Z"
155059135,"KPF","1701761249","s","1900","5100","312300","2023-12-05T07:27:41.855Z","2023-12-05T07:27:41.855Z"
155057601,"KPF","1701761223","s","100","5100","307300","2023-12-05T07:27:15.860Z","2023-12-05T07:27:15.860Z"
155057600,"KPF","1701761223","s","1000","5100","307300","2023-12-05T07:27:15.860Z","2023-12-05T07:27:15.860Z"
155057599,"KPF","1701761223","s","100","5100","307300","2023-12-05T07:27:15.860Z","2023-12-05T07:27:15.860Z"
155057598,"KPF","1701761223","s","1200","5100","307300","2023-12-05T07:27:15.860Z","2023-12-05T07:27:15.860Z"
155057597,"KPF","1701761223","s","500","5110","307300","2023-12-05T07:27:15.860Z","2023-12-05T07:27:15.860Z"
155057596,"KPF","1701761223","s","100","5110","307300","2023-12-05T07:27:15.860Z","2023-12-05T07:27:15.860Z"
155057595,"KPF","1701761223","s","300","5110","307300","2023-12-05T07:27:15.860Z","2023-12-05T07:27:15.860Z"
155057594,"KPF","1701761223","s","500","5110","307300","2023-12-05T07:27:15.860Z","2023-12-05T07:27:15.860Z"
155057593,"KPF","1701761223","s","1000","5130","307300","2023-12-05T07:27:15.860Z","2023-12-05T07:27:15.860Z"
155057592,"KPF","1701761223","s","200","5130","307300","2023-12-05T07:27:15.860Z","2023-12-05T07:27:15.860Z"
155052531,"KPF","1701761130","s","1900","5140","305400","2023-12-05T07:25:42.861Z","2023-12-05T07:25:42.861Z"
155051945,"KPF","1701761119","b","100","5140","305300","2023-12-05T07:25:31.855Z","2023-12-05T07:25:31.855Z"
155049301,"KPF","1701761072","s","1000","5140","304300","2023-12-05T07:24:44.850Z","2023-12-05T07:24:44.850Z"
155039467,"KPF","1701760884","b","600","5150","303600","2023-12-05T07:21:36.861Z","2023-12-05T07:21:36.861Z"
155039466,"KPF","1701760884","b","100","5150","303600","2023-12-05T07:21:36.861Z","2023-12-05T07:21:36.861Z"
155035356,"KPF","1701760811","b","100","5140","303500","2023-12-05T07:20:23.870Z","2023-12-05T07:20:23.870Z"
155030453,"KPF","1701760709","s","1200","5130","303500","2023-12-05T07:18:40.865Z","2023-12-05T07:18:40.865Z"
155030407,"KPF","1701760708","b","200","5140","301300","2023-12-05T07:18:40.865Z","2023-12-05T07:18:40.865Z"
155030406,"KPF","1701760708","b","800","5140","301300","2023-12-05T07:18:40.865Z","2023-12-05T07:18:40.865Z"
155030094,"KPF","1701760700","b","3300","5140","301300","2023-12-05T07:18:31.843Z","2023-12-05T07:18:31.843Z"
155030093,"KPF","1701760700","b","3700","5140","301300","2023-12-05T07:18:31.843Z","2023-12-05T07:18:31.843Z"
155028746,"KPF","1701760666","b","16300","5140","294300","2023-12-05T07:17:58.845Z","2023-12-05T07:17:58.845Z"
155028745,"KPF","1701760666","b","200","5140","294300","2023-12-05T07:17:58.845Z","2023-12-05T07:17:58.845Z"
155028744,"KPF","1701760666","b","2300","5140","294300","2023-12-05T07:17:58.845Z","2023-12-05T07:17:58.845Z"
155028743,"KPF","1701760666","b","1200","5130","294300","2023-12-05T07:17:58.845Z","2023-12-05T07:17:58.845Z"
155025904,"KPF","1701760585","s","3000","5100","271300","2023-12-05T07:16:37.839Z","2023-12-05T07:16:37.839Z"
155025070,"KPF","1701760574","s","2800","5100","261300","2023-12-05T07:16:26.866Z","2023-12-05T07:16:26.866Z"
155025069,"KPF","1701760574","s","2200","5100","261300","2023-12-05T07:16:26.866Z","2023-12-05T07:16:26.866Z"
155025068,"KPF","1701760574","s","2000","5110","261300","2023-12-05T07:16:26.866Z","2023-12-05T07:16:26.866Z"
155025067,"KPF","1701760574","s","3000","5110","261300","2023-12-05T07:16:26.866Z","2023-12-05T07:16:26.866Z"
155020389,"KPF","1701760465","s","2800","5100","241300","2023-12-05T07:14:36.858Z","2023-12-05T07:14:36.858Z"
155020388,"KPF","1701760465","s","1000","5100","241300","2023-12-05T07:14:36.858Z","2023-12-05T07:14:36.858Z"
155020387,"KPF","1701760465","s","200","5100","241300","2023-12-05T07:14:36.858Z","2023-12-05T07:14:36.858Z"
155020386,"KPF","1701760465","s","400","5100","241300","2023-12-05T07:14:36.858Z","2023-12-05T07:14:36.858Z"
155020385,"KPF","1701760465","s","100","5100","241300","2023-12-05T07:14:36.858Z","2023-12-05T07:14:36.858Z"
155020384,"KPF","1701760465","s","1000","5100","241300","2023-12-05T07:14:36.858Z","2023-12-05T07:14:36.858Z"
155020383,"KPF","1701760465","s","500","5100","241300","2023-12-05T07:14:36.858Z","2023-12-05T07:14:36.858Z"
155020382,"KPF","1701760465","s","500","5100","241300","2023-12-05T07:14:36.858Z","2023-12-05T07:14:36.858Z"
155020381,"KPF","1701760465","s","100","5100","241300","2023-12-05T07:14:36.858Z","2023-12-05T07:14:36.858Z"
155020380,"KPF","1701760465","s","500","5100","241300","2023-12-05T07:14:36.858Z","2023-12-05T07:14:36.858Z"
155020379,"KPF","1701760465","s","1000","5100","241300","2023-12-05T07:14:36.858Z","2023-12-05T07:14:36.858Z"
155020378,"KPF","1701760465","s","300","5100","241300","2023-12-05T07:14:36.858Z","2023-12-05T07:14:36.858Z"
155020377,"KPF","1701760465","s","1000","5100","241300","2023-12-05T07:14:36.858Z","2023-12-05T07:14:36.858Z"
155020376,"KPF","1701760465","s","5000","5100","241300","2023-12-05T07:14:36.858Z","2023-12-05T07:14:36.858Z"
155020375,"KPF","1701760465","s","200","5100","241300","2023-12-05T07:14:36.858Z","2023-12-05T07:14:36.858Z"
155020374,"KPF","1701760465","s","1000","5100","241300","2023-12-05T07:14:36.858Z","2023-12-05T07:14:36.858Z"
155020373,"KPF","1701760465","s","600","5100","241300","2023-12-05T07:14:36.858Z","2023-12-05T07:14:36.858Z"
155020372,"KPF","1701760465","s","2400","5100","241300","2023-12-05T07:14:36.858Z","2023-12-05T07:14:36.858Z"
155020371,"KPF","1701760465","s","1000","5110","241300","2023-12-05T07:14:36.858Z","2023-12-05T07:14:36.858Z"
155020370,"KPF","1701760465","s","400","5110","241300","2023-12-05T07:14:36.858Z","2023-12-05T07:14:36.858Z"
155011780,"KPF","1701760215","s","200","5120","241100","2023-12-05T07:10:26.843Z","2023-12-05T07:10:26.843Z"
155011254,"KPF","1701760197","b","800","5120","240300","2023-12-05T07:10:08.839Z","2023-12-05T07:10:08.839Z"
155008408,"KPF","1701760110","b","100","5120","240200","2023-12-05T07:08:42.827Z","2023-12-05T07:08:42.827Z"
155007544,"KPF","1701760084","b","100","5120","240100","2023-12-05T07:08:15.842Z","2023-12-05T07:08:15.842Z"
155006273,"KPF","1701760046","s","6600","5100","230000","2023-12-05T07:07:38.846Z","2023-12-05T07:07:38.846Z"
155006272,"KPF","1701760046","s","300","5100","230000","2023-12-05T07:07:38.846Z","2023-12-05T07:07:38.846Z"
155006271,"KPF","1701760046","s","500","5100","230000","2023-12-05T07:07:38.846Z","2023-12-05T07:07:38.846Z"
155006270,"KPF","1701760046","s","2700","5100","230000","2023-12-05T07:07:38.846Z","2023-12-05T07:07:38.846Z"
155003639,"KPF","1701759989","s","300","5100","225000","2023-12-05T07:06:41.827Z","2023-12-05T07:06:41.827Z"
155003638,"KPF","1701759989","s","1000","5110","225000","2023-12-05T07:06:41.827Z","2023-12-05T07:06:41.827Z"
155003637,"KPF","1701759989","s","300","5110","225000","2023-12-05T07:06:41.827Z","2023-12-05T07:06:41.827Z"
155003636,"KPF","1701759989","s","2000","5110","225000","2023-12-05T07:06:41.827Z","2023-12-05T07:06:41.827Z"
155003635,"KPF","1701759989","s","100","5110","225000","2023-12-05T07:06:41.827Z","2023-12-05T07:06:41.827Z"
155003634,"KPF","1701759989","s","100","5110","225000","2023-12-05T07:06:41.827Z","2023-12-05T07:06:41.827Z"
155003633,"KPF","1701759989","s","800","5110","225000","2023-12-05T07:06:41.827Z","2023-12-05T07:06:41.827Z"
155003632,"KPF","1701759989","s","400","5110","225000","2023-12-05T07:06:41.827Z","2023-12-05T07:06:41.827Z"
155003623,"KPF","1701759989","s","200","5120","223000","2023-12-05T07:06:40.829Z","2023-12-05T07:06:40.829Z"
155003622,"KPF","1701759989","s","1000","5120","223000","2023-12-05T07:06:40.829Z","2023-12-05T07:06:40.829Z"
155003621,"KPF","1701759989","s","800","5120","223000","2023-12-05T07:06:40.829Z","2023-12-05T07:06:40.829Z"
154990886,"KPF","1701759790","s","100","5140","222900","2023-12-05T07:03:22.849Z","2023-12-05T07:03:22.849Z"
154970730,"KPF","1701759277","b","500","5140","222400","2023-12-05T06:54:49.795Z","2023-12-05T06:54:49.795Z"
154967489,"KPF","1701759197","b","400","5120","222400","2023-12-05T06:53:30.808Z","2023-12-05T06:53:30.808Z"
154966758,"KPF","1701759178","b","200","5120","221800","2023-12-05T06:53:09.786Z","2023-12-05T06:53:09.786Z"
154957606,"KPF","1701758995","s","600","5110","216800","2023-12-05T06:50:07.774Z","2023-12-05T06:50:07.774Z"
154957605,"KPF","1701758995","s","500","5110","216800","2023-12-05T06:50:07.774Z","2023-12-05T06:50:07.774Z"
154957604,"KPF","1701758995","s","3900","5110","216800","2023-12-05T06:50:07.774Z","2023-12-05T06:50:07.774Z"
154953781,"KPF","1701758911","s","5000","5110","216800","2023-12-05T06:48:43.804Z","2023-12-05T06:48:43.804Z"
154947977,"KPF","1701758794","s","100","5110","211700","2023-12-05T06:46:45.745Z","2023-12-05T06:46:45.745Z"
154947453,"KPF","1701758778","b","900","5120","210800","2023-12-05T06:46:30.762Z","2023-12-05T06:46:30.762Z"
154939957,"KPF","1701758559","b","4000","5130","206800","2023-12-05T06:42:51.773Z","2023-12-05T06:42:51.773Z"
154939633,"KPF","1701758552","b","500","5120","205600","2023-12-05T06:42:43.750Z","2023-12-05T06:42:43.750Z"
154939632,"KPF","1701758552","b","700","5120","205600","2023-12-05T06:42:43.750Z","2023-12-05T06:42:43.750Z"
154938069,"KPF","1701758519","b","1500","5120","205600","2023-12-05T06:42:11.759Z","2023-12-05T06:42:11.759Z"
154937468,"KPF","1701758499","s","2300","5120","201800","2023-12-05T06:41:50.749Z","2023-12-05T06:41:50.749Z"
154936987,"KPF","1701758483","s","6700","5120","193000","2023-12-05T06:41:35.754Z","2023-12-05T06:41:35.754Z"
154936986,"KPF","1701758483","s","2100","5120","193000","2023-12-05T06:41:35.754Z","2023-12-05T06:41:35.754Z"
154936407,"KPF","1701758469","s","500","5130","192200","2023-12-05T06:41:20.750Z","2023-12-05T06:41:20.750Z"
154936406,"KPF","1701758469","s","300","5130","192200","2023-12-05T06:41:20.750Z","2023-12-05T06:41:20.750Z"
154929042,"KPF","1701758262","s","3000","5130","189200","2023-12-05T06:37:53.764Z","2023-12-05T06:37:53.764Z"
