"symbol","time","price","change","vol","total","side"
"ABW","14:58:57",10.7,1,500,1432500,
"ABW","14:58:54",10.7,1,200,1432000,
"ABW","14:57:40",10.7,1,1200,1431800,
"ABW","14:55:37",10.7,1,4000,1430600,
"ABW","14:54:28",10.7,1,3900,1426600,
"ABW","14:53:27",10.7,1,100,1422700,
"ABW","14:53:17",10.7,1,2000,1422600,
"ABW","14:52:07",10.7,1,10000,1420600,
"ABW","14:44:00",10.7,1,900,1410600,
"ABW","14:43:54",10.7,1,500,1409700,
"ABW","14:43:34",10.7,1,400,1409200,
"ABW","14:43:14",10.7,1,2400,1408800,
"ABW","14:42:40",10.7,1,500,1406400,
"ABW","14:41:54",10.7,1,1000,1405900,
"ABW","14:37:06",10.7,1,11300,1404900,
"ABW","14:36:14",10.7,1,2000,1393600,
"ABW","14:35:30",10.7,1,1000,1391600,
"ABW","14:30:17",10.8,1.1,1000,1390600,
"ABW","14:30:14",10.6,0.9,1000,1389600,
"ABW","14:30:04",10.7,1,800,1388600,
"ABW","14:29:39",10.7,1,100,1387800,
"ABW","14:28:52",10.7,1,500,1387700,
"ABW","14:28:28",10.7,1,1000,1387200,
"ABW","14:27:46",10.7,1,1600,1386200,
"ABW","14:27:37",10.7,1,1500,1384600,
"ABW","14:27:16",10.7,1,7000,1383100,
"ABW","14:26:09",10.7,1,44000,1376100,
"ABW","14:25:31",10.7,1,300,1332100,
"ABW","14:23:30",10.7,1,100,1331800,
"ABW","14:23:02",10.8,1.1,200,1331700,
"ABW","14:20:37",10.8,1.1,500,1331500,
"ABW","14:19:29",10.8,1.1,300,1331000,
"ABW","14:18:16",10.8,1.1,8900,1330700,
"ABW","14:16:05",10.8,1.1,2000,1321800,
"ABW","14:15:58",10.9,1.2,200,1319800,
"ABW","14:13:33",10.9,1.2,100,1319600,
"ABW","14:12:40",10.8,1.1,300,1319500,
"ABW","14:12:14",10.8,1.1,200,1319200,
"ABW","14:12:03",10.8,1.1,400,1319000,
"ABW","14:11:30",10.8,1.1,10000,1318600,
"ABW","14:10:54",10.8,1.1,300,1308600,
"ABW","14:10:01",10.8,1.1,1000,1308300,
"ABW","14:08:36",10.8,1.1,3000,1307300,
"ABW","14:05:58",10.7,1,500,1304300,
"ABW","14:05:13",10.7,1,2000,1303800,
"ABW","14:02:47",10.7,1,1000,1301800,
"ABW","14:02:10",10.7,1,31700,1300800,
"ABW","14:01:16",10.8,1.1,500,1269100,
"ABW","14:00:43",10.8,1.1,1000,1268600,
"ABW","14:00:31",10.8,1.1,100,1267600,
"ABW","13:59:21",10.8,1.1,4400,1267500,
"ABW","13:57:26",10.8,1.1,3000,1263100,
"ABW","13:57:21",10.8,1.1,2700,1260100,
"ABW","13:57:19",10.8,1.1,3000,1257400,
"ABW","13:56:24",10.8,1.1,900,1254400,
"ABW","13:55:36",10.8,1.1,3700,1253500,
"ABW","13:55:13",10.8,1.1,200,1249800,
"ABW","13:55:11",10.8,1.1,3000,1249600,
"ABW","13:54:54",10.8,1.1,2000,1246600,
"ABW","13:52:38",10.8,1.1,4500,1244600,
"ABW","13:51:59",10.8,1.1,500,1240100,
"ABW","13:51:49",10.8,1.1,300,1239600,
"ABW","13:51:42",10.8,1.1,1200,1239300,
"ABW","13:51:17",10.8,1.1,200,1238100,
"ABW","13:51:10",10.8,1.1,100,1237900,
"ABW","13:49:23",10.8,1.1,20000,1237800,
"ABW","13:49:12",10.8,1.1,1900,1217800,
"ABW","13:48:48",10.8,1.1,100,1215900,
"ABW","13:48:41",10.8,1.1,7100,1215800,
"ABW","13:40:45",10.9,1.2,200,1208700,
"ABW","13:39:15",10.9,1.2,800,1208500,
"ABW","13:39:01",10.9,1.2,200,1207700,
"ABW","13:38:07",10.9,1.2,400,1207500,
"ABW","13:37:52",10.9,1.2,500,1207100,
"ABW","13:36:51",10.9,1.2,100,1206600,
"ABW","13:36:30",10.9,1.2,500,1206500,
"ABW","13:36:29",10.9,1.2,2000,1206000,
"ABW","13:36:28",10.9,1.2,100,1204000,
"ABW","13:36:18",10.9,1.2,1000,1203900,
"ABW","13:36:17",10.9,1.2,2000,1202900,
"ABW","13:36:10",10.9,1.2,1000,1200900,
"ABW","13:36:02",10.9,1.2,1000,1199900,
"ABW","13:35:49",10.9,1.2,2000,1198900,
"ABW","13:35:03",10.9,1.2,900,1196900,
"ABW","13:33:57",10.9,1.2,100,1196000,
"ABW","13:33:32",10.9,1.2,2000,1195900,
"ABW","13:32:36",10.9,1.2,8000,1193900,
"ABW","13:32:18",10.9,1.2,100,1185900,
"ABW","13:31:12",10.9,1.2,1000,1185800,
"ABW","13:28:20",10.9,1.2,200,1184800,
"ABW","13:27:21",10.9,1.2,200,1184600,
"ABW","13:27:00",10.9,1.2,200,1184400,
"ABW","13:26:54",10.9,1.2,2000,1184200,
"ABW","13:25:05",10.9,1.2,2000,1182200,
"ABW","13:24:56",10.8,1.1,100,1180200,
"ABW","13:24:55",10.9,1.2,2000,1180100,
"ABW","13:23:54",10.9,1.2,1000,1178100,
"ABW","13:23:03",10.9,1.2,6000,1177100,
"ABW","13:22:23",10.8,1.1,1000,1171100,
"ABW","13:22:16",10.8,1.1,2000,1170100,
"ABW","13:22:10",10.8,1.1,200,1168100,
"ABW","13:22:08",10.8,1.1,900,1167900,
"ABW","13:22:02",10.8,1.1,1000,1167000,
"ABW","13:21:22",10.8,1.1,2000,1166000,
"ABW","13:21:17",10.8,1.1,500,1164000,
"ABW","13:21:04",10.8,1.1,1000,1163500,
"ABW","13:20:59",10.8,1.1,900,1162500,
"ABW","13:20:50",10.8,1.1,1800,1161600,
"ABW","13:19:14",10.7,1,500,1159800,
"ABW","13:18:04",10.8,1.1,5000,1159300,
"ABW","13:17:16",10.8,1.1,300,1154300,
"ABW","13:15:41",10.7,1,4000,1154000,
"ABW","13:15:20",10.7,1,100,1150000,
"ABW","13:13:59",10.8,1.1,1000,1149900,
"ABW","13:13:51",10.8,1.1,100,1148900,
"ABW","13:13:16",10.8,1.1,2300,1148800,
"ABW","13:12:42",10.8,1.1,500,1146500,
"ABW","13:11:54",10.7,1,2000,1146000,
"ABW","13:11:45",10.8,1.1,2000,1144000,
"ABW","13:11:15",10.8,1.1,200,1142000,
"ABW","13:10:33",10.8,1.1,200,1141800,
"ABW","13:09:35",10.8,1.1,2000,1141600,
"ABW","13:09:32",10.8,1.1,300,1139600,
"ABW","13:09:13",10.8,1.1,100,1139300,
"ABW","13:03:31",10.7,1,100,1139200,
"ABW","13:02:18",10.7,1,200,1139100,
"ABW","13:00:31",10.7,1,200,1138900,
"ABW","13:00:08",10.8,1.1,500,1138700,
"ABW","13:00:06",10.8,1.1,700,1138200,
"ABW","13:00:02",10.8,1.1,1900,1137500,
"ABW","11:29:22",10.8,1.1,100,1135600,
"ABW","11:27:39",10.8,1.1,6000,1135500,
"ABW","11:26:37",10.8,1.1,6000,1129500,
"ABW","11:26:26",10.8,1.1,400,1123500,
"ABW","11:24:31",10.7,1,500,1123100,
"ABW","11:23:08",10.7,1,3000,1122600,
"ABW","11:21:33",10.7,1,700,1119600,
"ABW","11:20:33",10.7,1,2000,1118900,
"ABW","11:20:10",10.7,1,200,1116900,
"ABW","11:19:54",10.7,1,5000,1116700,
"ABW","11:12:48",10.7,1,500,1111700,
"ABW","11:12:10",10.7,1,5000,1111200,
"ABW","11:08:31",10.8,1.1,4600,1106200,
"ABW","11:07:55",10.8,1.1,200,1101600,
"ABW","11:06:57",10.8,1.1,800,1101400,
"ABW","11:04:14",10.8,1.1,2000,1100600,
"ABW","11:03:08",10.8,1.1,1900,1098600,
"ABW","10:56:10",10.8,1.1,400,1096700,
"ABW","10:55:10",10.7,1,9000,1096300,
"ABW","10:51:59",10.8,1.1,1000,1087300,
"ABW","10:48:41",10.8,1.1,100,1086300,
"ABW","10:46:37",10.8,1.1,200,1086200,
"ABW","10:46:16",10.8,1.1,3600,1086000,
"ABW","10:45:14",10.8,1.1,300,1082400,
"ABW","10:44:22",10.8,1.1,500,1082100,
"ABW","10:44:15",10.8,1.1,5200,1081600,
"ABW","10:41:52",10.9,1.2,100,1076400,
"ABW","10:39:11",10.9,1.2,200,1076300,
"ABW","10:37:01",10.8,1.1,5000,1076100,
"ABW","10:36:14",10.9,1.2,300,1071100,
"ABW","10:34:24",10.9,1.2,7300,1070800,
"ABW","10:33:58",10.9,1.2,100,1063500,
"ABW","10:33:19",11,1.3,100,1063400,
"ABW","10:33:07",11,1.3,300,1063300,
"ABW","10:30:52",11,1.3,500,1063000,
"ABW","10:29:17",11,1.3,1000,1062500,
"ABW","10:27:32",11,1.3,2000,1061500,
"ABW","10:26:42",11,1.3,42000,1059500,
"ABW","10:25:52",10.9,1.2,100,1017500,
"ABW","10:23:39",10.9,1.2,1000,1017400,
"ABW","10:23:01",10.9,1.2,3500,1016400,
"ABW","10:22:32",10.9,1.2,2300,1012900,
"ABW","10:21:34",10.9,1.2,200,1010600,
"ABW","10:21:01",10.9,1.2,800,1010400,
"ABW","10:20:52",10.9,1.2,1100,1009600,
"ABW","10:20:46",10.9,1.2,100,1008500,
"ABW","10:20:09",10.9,1.2,4800,1008400,
"ABW","10:19:39",10.8,1.1,200,1003600,
"ABW","10:19:37",10.7,1,10400,1003400,
"ABW","10:17:34",10.7,1,900,993000,
"ABW","10:16:44",10.7,1,500,992100,
"ABW","10:15:14",10.6,0.9,500,991600,
"ABW","10:15:03",10.6,0.9,100,991100,
"ABW","10:15:02",10.6,0.9,2000,991000,
"ABW","10:14:45",10.6,0.9,22400,989000,
"ABW","10:14:10",10.7,1,13600,966600,
"ABW","10:14:02",10.8,1.1,900,953000,
"ABW","10:13:12",10.8,1.1,100,952100,
"ABW","10:13:03",10.8,1.1,3800,952000,
"ABW","10:12:00",10.9,1.2,500,948200,
"ABW","10:11:50",10.9,1.2,100,947700,
"ABW","10:11:09",10.9,1.2,100,947600,
"ABW","10:10:01",10.9,1.2,100,947500,
"ABW","10:09:27",10.9,1.2,2000,947400,
"ABW","10:09:08",10.9,1.2,200,945400,
"ABW","10:08:43",10.9,1.2,100,945200,
"ABW","10:08:15",10.9,1.2,600,945100,
"ABW","10:08:12",10.9,1.2,3200,944500,
"ABW","10:07:55",11,1.3,500,941300,
"ABW","10:07:32",11,1.3,500,940800,
"ABW","10:07:24",10.9,1.2,3900,940300,
"ABW","10:06:31",11,1.3,700,936400,
"ABW","10:06:26",10.9,1.2,300,935700,
"ABW","10:06:22",11,1.3,1000,935400,
"ABW","10:06:13",11,1.3,1000,934400,
"ABW","10:06:03",11,1.3,20000,933400,
"ABW","10:06:00",11,1.3,400,913400,
"ABW","10:05:51",11.1,1.4,100,913000,
"ABW","10:05:41",11.1,1.4,1000,912900,
"ABW","10:05:40",11.1,1.4,800,911900,
"ABW","10:05:11",11.1,1.4,1000,911100,
"ABW","10:04:51",11.1,1.4,2000,910100,
"ABW","10:04:07",11.1,1.4,2000,908100,
"ABW","10:03:59",11.1,1.4,5000,906100,
"ABW","10:03:58",11.1,1.4,100,901100,
"ABW","10:03:57",11.1,1.4,2000,901000,
"ABW","10:03:44",11.1,1.4,500,899000,
"ABW","10:03:41",11.1,1.4,1000,898500,
"ABW","10:03:27",11.1,1.4,5000,897500,
"ABW","10:03:16",11.1,1.4,1000,892500,
"ABW","10:03:10",11.1,1.4,3000,891500,
"ABW","10:03:07",11.1,1.4,1800,888500,
"ABW","10:02:52",11,1.3,500,886700,
"ABW","10:02:49",11,1.3,100,886200,
"ABW","10:02:45",11,1.3,3500,886100,
"ABW","10:02:31",11,1.3,3000,882600,
"ABW","10:02:24",11,1.3,10000,879600,
"ABW","10:02:11",11,1.3,3000,869600,
"ABW","10:02:07",11,1.3,3000,866600,
"ABW","10:02:02",11,1.3,100,863600,
"ABW","10:01:51",11,1.3,5000,863500,
"ABW","10:01:38",11,1.3,5000,858500,
"ABW","10:01:29",11,1.3,1000,853500,
"ABW","10:01:04",10.9,1.2,3000,852500,
"ABW","10:00:42",10.9,1.2,300,849500,
"ABW","09:59:59",10.9,1.2,9900,849200,
"ABW","09:59:58",10.9,1.2,2500,839300,
"ABW","09:59:54",10.9,1.2,100,836800,
"ABW","09:59:47",10.9,1.2,2000,836700,
"ABW","09:59:39",10.9,1.2,23500,834700,
"ABW","09:59:28",10.9,1.2,1500,811200,
"ABW","09:59:06",10.9,1.2,1000,809700,
"ABW","09:58:48",10.9,1.2,50000,808700,
"ABW","09:58:42",10.8,1.1,2000,758700,
"ABW","09:57:29",10.8,1.1,100,756700,
"ABW","09:57:13",10.8,1.1,600,756600,
"ABW","09:55:10",10.7,1,100,756000,
"ABW","09:55:09",10.7,1,1500,755900,
"ABW","09:53:53",10.7,1,900,754400,
"ABW","09:53:28",10.7,1,1000,753500,
"ABW","09:53:24",10.7,1,40000,752500,
"ABW","09:53:04",10.7,1,100,712500,
"ABW","09:52:26",10.6,0.9,1000,712400,
"ABW","09:52:13",10.6,0.9,2500,711400,
"ABW","09:50:08",10.6,0.9,200,708900,
"ABW","09:48:46",10.6,0.9,200,708700,
"ABW","09:48:28",10.6,0.9,1000,708500,
"ABW","09:47:18",10.6,0.9,1000,707500,
"ABW","09:46:55",10.6,0.9,2000,706500,
"ABW","09:46:08",10.6,0.9,500,704500,
"ABW","09:44:57",10.6,0.9,8000,704000,
"ABW","09:44:19",10.6,0.9,100,696000,
"ABW","09:43:24",10.7,1,400,695900,
"ABW","09:43:05",10.6,0.9,200,695500,
"ABW","09:43:04",10.6,0.9,1000,695300,
"ABW","09:42:56",10.6,0.9,3000,694300,
"ABW","09:42:20",10.6,0.9,1000,691300,
"ABW","09:41:27",10.7,1,500,690300,
"ABW","09:39:13",10.7,1,500,689800,
"ABW","09:39:12",10.6,0.9,2000,689300,
"ABW","09:38:48",10.7,1,3000,687300,
"ABW","09:38:44",10.7,1,2700,684300,
"ABW","09:35:58",10.7,1,800,681600,
"ABW","09:35:51",10.7,1,700,680800,
"ABW","09:35:50",10.7,1,200,680100,
"ABW","09:35:12",10.8,1.1,100,679900,
"ABW","09:34:46",10.7,1,100,679800,
"ABW","09:34:41",10.7,1,2000,679700,
"ABW","09:34:36",10.7,1,1000,677700,
"ABW","09:33:53",10.7,1,3900,676700,
"ABW","09:33:28",10.7,1,1000,672800,
"ABW","09:33:22",10.7,1,5200,671800,
"ABW","09:33:10",10.7,1,3000,666600,
"ABW","09:33:01",10.7,1,1000,663600,
"ABW","09:32:51",10.7,1,5000,662600,
"ABW","09:32:43",10.7,1,900,657600,
"ABW","09:32:30",10.7,1,300,656700,
"ABW","09:32:22",10.7,1,2000,656400,
"ABW","09:32:21",10.7,1,5000,654400,
"ABW","09:31:55",10.7,1,1000,649400,
"ABW","09:31:44",10.8,1.1,300,648400,
"ABW","09:31:35",10.7,1,1000,648100,
"ABW","09:31:05",10.7,1,1000,647100,
"ABW","09:29:56",10.7,1,5900,646100,
"ABW","09:29:47",10.7,1,100,640200,
"ABW","09:29:44",10.7,1,10000,640100,
"ABW","09:29:15",10.7,1,1700,630100,
"ABW","09:29:00",10.7,1,5000,628400,
"ABW","09:28:39",10.7,1,100,623400,
"ABW","09:28:29",10.7,1,1000,623300,
"ABW","09:27:25",10.7,1,8000,622300,
"ABW","09:26:59",10.7,1,2000,614300,
"ABW","09:26:55",10.7,1,200,612300,
"ABW","09:26:37",10.7,1,3300,612100,
"ABW","09:26:20",10.7,1,2000,608800,
"ABW","09:26:01",10.8,1.1,500,606800,
"ABW","09:25:13",10.7,1,33700,606300,
"ABW","09:25:07",10.6,0.9,2000,572600,
"ABW","09:25:05",10.7,1,5000,570600,
"ABW","09:24:25",10.6,0.9,200,565600,
"ABW","09:23:36",10.6,0.9,8700,565400,
"ABW","09:23:21",10.6,0.9,500,556700,
"ABW","09:23:02",10.6,0.9,100,556200,
"ABW","09:22:47",10.5,0.8,100,556100,
"ABW","09:21:48",10.6,0.9,400,556000,
"ABW","09:21:46",10.6,0.9,200,555600,
"ABW","09:21:45",10.6,0.9,1000,555400,
"ABW","09:21:09",10.6,0.9,8900,554400,
"ABW","09:21:02",10.6,0.9,500,545500,
"ABW","09:20:34",10.5,0.8,3000,545000,
"ABW","09:20:32",10.5,0.8,5000,542000,
"ABW","09:20:28",10.6,0.9,5000,537000,
"ABW","09:20:17",10.6,0.9,1000,532000,
"ABW","09:20:11",10.5,0.8,10000,531000,
"ABW","09:19:33",10.6,0.9,100,521000,
"ABW","09:19:30",10.6,0.9,500,520900,
"ABW","09:19:08",10.6,0.9,500,520400,
"ABW","09:18:59",10.6,0.9,3100,519900,
"ABW","09:18:56",10.6,0.9,900,516800,
"ABW","09:18:47",10.6,0.9,700,515900,
"ABW","09:18:44",10.6,0.9,700,515200,
"ABW","09:18:34",10.6,0.9,200,514500,
"ABW","09:18:26",10.6,0.9,10000,514300,
"ABW","09:18:24",10.6,0.9,2200,504300,
"ABW","09:18:23",10.6,0.9,2000,502100,
"ABW","09:18:22",10.6,0.9,1500,500100,
"ABW","09:18:21",10.6,0.9,500,498600,
"ABW","09:18:19",10.6,0.9,1000,498100,
"ABW","09:18:18",10.6,0.9,2000,497100,
"ABW","09:18:17",10.6,0.9,200,495100,
"ABW","09:18:08",10.6,0.9,3500,494900,
"ABW","09:18:07",10.6,0.9,10000,491400,
"ABW","09:18:03",10.6,0.9,1000,481400,
"ABW","09:17:41",10.6,0.9,100,480400,
"ABW","09:16:47",10.7,1,1400,480300,
"ABW","09:16:40",10.7,1,100,478900,
"ABW","09:16:28",10.7,1,5700,478800,
"ABW","09:16:20",10.7,1,1000,473100,
"ABW","09:16:19",10.7,1,2900,472100,
"ABW","09:16:17",10.7,1,4200,469200,
"ABW","09:16:13",10.7,1,1800,465000,
"ABW","09:16:11",10.7,1,600,463200,
"ABW","09:16:08",10.7,1,2600,462600,
"ABW","09:16:06",10.7,1,11400,460000,
"ABW","09:16:02",10.7,1,20000,448600,
"ABW","09:15:52",10.7,1,100,428600,
"ABW","09:15:39",10.7,1,300,428500,
"ABW","09:15:22",10.7,1,2000,428200,
"ABW","09:15:18",10.7,1,100,426200,
"ABW","09:15:14",10.7,1,900,426100,
"ABW","09:14:50",10.7,1,5000,425200,
"ABW","09:14:22",10.6,0.9,5000,420200,
"ABW","09:14:08",10.7,1,100,415200,
"ABW","09:13:55",10.7,1,2000,415100,
"ABW","09:13:16",10.6,0.9,200,413100,
"ABW","09:13:11",10.6,0.9,1000,412900,
"ABW","09:13:08",10.6,0.9,7000,411900,
"ABW","09:12:58",10.6,0.9,100,404900,
"ABW","09:12:36",10.5,0.8,200,404800,
"ABW","09:12:29",10.5,0.8,17200,404600,
"ABW","09:12:25",10.5,0.8,29700,387400,
"ABW","09:12:21",10.5,0.8,500,357700,
"ABW","09:12:15",10.5,0.8,2000,357200,
"ABW","09:12:13",10.4,0.7,100,355200,
"ABW","09:12:04",10.4,0.7,1300,355100,
"ABW","09:12:03",10.4,0.7,200,353800,
"ABW","09:11:59",10.4,0.7,4000,353600,
"ABW","09:11:53",10.4,0.7,1000,349600,
"ABW","09:11:52",10.3,0.6,3000,348600,
"ABW","09:11:48",10.4,0.7,14200,345600,
"ABW","09:11:47",10.4,0.7,5900,331400,
"ABW","09:11:46",10.4,0.7,1000,325500,
"ABW","09:11:39",10.4,0.7,5400,324500,
"ABW","09:11:38",10.4,0.7,100,319100,
"ABW","09:11:33",10.4,0.7,500,319000,
"ABW","09:11:31",10.4,0.7,1000,318500,
"ABW","09:11:27",10.4,0.7,5000,317500,
"ABW","09:11:25",10.4,0.7,5000,312500,
"ABW","09:11:24",10.4,0.7,1000,307500,
"ABW","09:11:22",10.4,0.7,2000,306500,
"ABW","09:11:15",10.4,0.7,5000,304500,
"ABW","09:11:10",10.4,0.7,500,299500,
"ABW","09:11:09",10.4,0.7,5000,299000,
"ABW","09:11:08",10.4,0.7,900,294000,
"ABW","09:11:04",10.4,0.7,5000,293100,
"ABW","09:10:48",10.4,0.7,500,288100,
"ABW","09:10:46",10.4,0.7,5000,287600,
"ABW","09:10:35",10.4,0.7,5000,282600,
"ABW","09:10:31",10.4,0.7,10000,277600,
"ABW","09:10:24",10.4,0.7,5000,267600,
"ABW","09:10:17",10.4,0.7,1000,262600,
"ABW","09:10:15",10.4,0.7,1200,261600,
"ABW","09:10:08",10.5,0.8,20000,260400,
"ABW","09:10:05",10.4,0.7,300,240400,
"ABW","09:09:53",10.4,0.7,200,240100,
"ABW","09:09:52",10.4,0.7,400,239900,
"ABW","09:09:51",10.4,0.7,3000,239500,
"ABW","09:09:47",10.4,0.7,1000,236500,
"ABW","09:09:45",10.4,0.7,5000,235500,
"ABW","09:09:32",10.4,0.7,400,230500,
"ABW","09:09:30",10.4,0.7,3000,230100,
"ABW","09:09:24",10.4,0.7,1000,227100,
"ABW","09:09:20",10.4,0.7,5000,226100,
"ABW","09:09:19",10.4,0.7,10600,221100,
"ABW","09:09:14",10.4,0.7,1000,210500,
"ABW","09:09:12",10.4,0.7,8400,209500,
"ABW","09:09:06",10.4,0.7,3000,201100,
"ABW","09:09:01",10.4,0.7,1000,198100,
"ABW","09:08:59",10.4,0.7,22600,197100,
"ABW","09:08:57",10.5,0.8,300,174500,
"ABW","09:08:46",10.5,0.8,300,174200,
"ABW","09:08:43",10.5,0.8,500,173900,
"ABW","09:08:34",10.5,0.8,1000,173400,
"ABW","09:08:32",10.5,0.8,26500,172400,
"ABW","09:08:29",10.5,0.8,2100,145900,
"ABW","09:08:28",10.5,0.8,2000,143800,
"ABW","09:08:10",10.5,0.8,5200,141800,
"ABW","09:08:08",10.5,0.8,100,136600,
"ABW","09:08:06",10.5,0.8,2200,136500,
"ABW","09:08:02",10.5,0.8,200,134300,
"ABW","09:08:00",10.5,0.8,5100,134100,
"ABW","09:07:58",10.5,0.8,2000,129000,
"ABW","09:07:57",10.5,0.8,800,127000,
"ABW","09:07:56",10.5,0.8,4000,126200,
"ABW","09:07:55",10.5,0.8,2000,122200,
"ABW","09:07:54",10.5,0.8,7300,120200,
"ABW","09:07:53",10.4,0.7,100,112900,
"ABW","09:07:50",10.5,0.8,3000,112800,
"ABW","09:07:45",10.5,0.8,3000,109800,
"ABW","09:07:43",10.4,0.7,2900,106800,
"ABW","09:07:36",10.4,0.7,10000,103900,
"ABW","09:07:26",10.3,0.6,4000,93900,
"ABW","09:07:25",10.3,0.6,1000,89900,
"ABW","09:07:22",10.3,0.6,500,88900,
"ABW","09:07:20",10.3,0.6,10000,88400,
"ABW","09:07:19",10.3,0.6,3000,78400,
"ABW","09:07:15",10.3,0.6,2000,75400,
"ABW","09:07:09",10.2,0.5,23100,73400,
"ABW","09:07:04",10.1,0.4,10600,50300,
"ABW","09:07:03",10,0.3,13000,39700,
"ABW","09:07:00",10,0.3,22000,26700,
"ABW","09:05:35",10,0.3,100,4700,
"ABW","09:01:44",9.9,0.2,1000,4600,
"ABW","09:00:36",9.9,0.2,100,3600,
"ABW","09:00:13",9.9,0.2,3500,3500,
