"symbol","time","price","change","vol","total","side"
"BSR","14:59:51",19.3,0.1,1000,11247600,
"BSR","14:59:46",19.4,0.2,5000,11246600,
"BSR","14:59:43",19.4,0.2,2500,11241600,
"BSR","14:59:37",19.4,0.2,5000,11239100,
"BSR","14:59:34",19.4,0.2,2000,11234100,
"BSR","14:59:28",19.4,0.2,5400,11232100,
"BSR","14:59:27",19.4,0.2,5000,11226700,
"BSR","14:59:25",19.4,0.2,1000,11221700,
"BSR","14:59:21",19.4,0.2,100,11220700,
"BSR","14:59:19",19.4,0.2,300,11220600,
"BSR","14:59:15",19.3,0.1,1000,11220300,
"BSR","14:58:29",19.3,0.1,300,11219300,
"BSR","14:58:06",19.3,0.1,20000,11219000,
"BSR","14:57:56",19.4,0.2,1000,11199000,
"BSR","14:57:36",19.3,0.1,1700,11198000,
"BSR","14:57:32",19.3,0.1,1000,11196300,
"BSR","14:57:05",19.3,0.1,1100,11195300,
"BSR","14:56:46",19.4,0.2,500,11194200,
"BSR","14:55:46",19.4,0.2,500,11193700,
"BSR","14:55:35",19.4,0.2,100,11193200,
"BSR","14:54:43",19.4,0.2,200,11193100,
"BSR","14:54:29",19.4,0.2,500,11192900,
"BSR","14:54:00",19.4,0.2,1000,11192400,
"BSR","14:53:39",19.3,0.1,500,11191400,
"BSR","14:53:28",19.3,0.1,100,11190900,
"BSR","14:52:53",19.4,0.2,500,11190800,
"BSR","14:51:49",19.4,0.2,500,11190300,
"BSR","14:51:47",19.4,0.2,200,11189800,
"BSR","14:51:37",19.3,0.1,500,11189600,
"BSR","14:51:30",19.4,0.2,100,11189100,
"BSR","14:51:05",19.4,0.2,500,11189000,
"BSR","14:50:28",19.3,0.1,600,11188500,
"BSR","14:50:22",19.3,0.1,100,11187900,
"BSR","14:49:45",19.4,0.2,1000,11187800,
"BSR","14:48:51",19.4,0.2,1000,11186800,
"BSR","14:48:41",19.4,0.2,1300,11185800,
"BSR","14:48:30",19.3,0.1,400,11184500,
"BSR","14:48:27",19.3,0.1,2000,11184100,
"BSR","14:47:50",19.3,0.1,5000,11182100,
"BSR","14:47:06",19.3,0.1,4900,11177100,
"BSR","14:46:59",19.3,0.1,2000,11172200,
"BSR","14:46:53",19.3,0.1,7000,11170200,
"BSR","14:46:51",19.3,0.1,5300,11163200,
"BSR","14:46:32",19.3,0.1,5900,11157900,
"BSR","14:46:30",19.3,0.1,50000,11152000,
"BSR","14:46:29",19.3,0.1,500,11102000,
"BSR","14:46:27",19.3,0.1,17000,11101500,
"BSR","14:46:22",19.3,0.1,5000,11084500,
"BSR","14:46:19",19.3,0.1,100,11079500,
"BSR","14:46:15",19.3,0.1,2300,11079400,
"BSR","14:46:13",19.3,0.1,22800,11077100,
"BSR","14:46:12",19.3,0.1,12000,11054300,
"BSR","14:46:04",19.3,0.1,100,11042300,
"BSR","14:46:01",19.3,0.1,5000,11042200,
"BSR","14:45:59",19.3,0.1,200,11037200,
"BSR","14:45:56",19.3,0.1,2000,11037000,
"BSR","14:45:55",19.3,0.1,100,11035000,
"BSR","14:45:52",19.3,0.1,3000,11034900,
"BSR","14:45:48",19.3,0.1,20300,11031900,
"BSR","14:45:45",19.3,0.1,1000,11011600,
"BSR","14:45:43",19.3,0.1,1000,11010600,
"BSR","14:45:41",19.3,0.1,1000,11009600,
"BSR","14:45:39",19.3,0.1,2000,11008600,
"BSR","14:45:31",19.3,0.1,100,11006600,
"BSR","14:45:30",19.3,0.1,5000,11006500,
"BSR","14:45:27",19.3,0.1,300,11001500,
"BSR","14:45:23",19.3,0.1,8000,11001000,
"BSR","14:45:22",19.3,0.1,1000,10993000,
"BSR","14:45:17",19.3,0.1,1000,10992000,
"BSR","14:45:13",19.3,0.1,2300,10991000,
"BSR","14:45:11",19.3,0.1,1000,10988700,
"BSR","14:45:08",19.3,0.1,1000,10987700,
"BSR","14:45:06",19.3,0.1,700,10986700,
"BSR","14:45:03",19.3,0.1,1000,10986000,
"BSR","14:45:02",19.3,0.1,21500,10985000,
"BSR","14:45:00",19.3,0.1,2000,10963500,
"BSR","14:44:59",19.3,0.1,4000,10961500,
"BSR","14:44:58",19.3,0.1,800,10957500,
"BSR","14:44:57",19.3,0.1,100,10956700,
"BSR","14:44:55",19.3,0.1,3000,10956600,
"BSR","14:44:52",19.3,0.1,5000,10953600,
"BSR","14:44:50",19.3,0.1,400,10948600,
"BSR","14:44:49",19.3,0.1,1000,10948200,
"BSR","14:44:47",19.3,0.1,13000,10947200,
"BSR","14:44:40",19.3,0.1,2600,10934200,
"BSR","14:44:39",19.3,0.1,300,10931600,
"BSR","14:44:38",19.3,0.1,1000,10931300,
"BSR","14:44:37",19.3,0.1,400,10930300,
"BSR","14:44:36",19.3,0.1,2000,10929900,
"BSR","14:44:34",19.3,0.1,100,10927900,
"BSR","14:44:33",19.3,0.1,1000,10927800,
"BSR","14:44:23",19.3,0.1,200,10926800,
"BSR","14:44:09",19.3,0.1,500,10926600,
"BSR","14:44:08",19.3,0.1,2000,10926100,
"BSR","14:44:01",19.3,0.1,1000,10924100,
"BSR","14:43:55",19.3,0.1,1000,10923100,
"BSR","14:43:51",19.3,0.1,1000,10922100,
"BSR","14:43:50",19.3,0.1,500,10921100,
"BSR","14:43:41",19.3,0.1,1000,10920600,
"BSR","14:43:39",19.3,0.1,1000,10919600,
"BSR","14:43:37",19.3,0.1,6800,10918600,
"BSR","14:43:35",19.3,0.1,1000,10911800,
"BSR","14:43:31",19.3,0.1,200,10910800,
"BSR","14:43:30",19.3,0.1,2000,10910600,
"BSR","14:43:23",19.3,0.1,500,10908600,
"BSR","14:43:19",19.3,0.1,1000,10908100,
"BSR","14:43:18",19.2,0,1000,10907100,
"BSR","14:43:17",19.3,0.1,100,10906100,
"BSR","14:43:16",19.3,0.1,100,10906000,
"BSR","14:43:14",19.3,0.1,3100,10905900,
"BSR","14:43:09",19.3,0.1,10000,10902800,
"BSR","14:42:54",19.3,0.1,400,10892800,
"BSR","14:42:53",19.3,0.1,1600,10892400,
"BSR","14:42:51",19.3,0.1,1000,10890800,
"BSR","14:42:49",19.3,0.1,2000,10889800,
"BSR","14:42:46",19.3,0.1,500,10887800,
"BSR","14:42:44",19.3,0.1,75400,10887300,
"BSR","14:42:40",19.3,0.1,3000,10811900,
"BSR","14:42:36",19.3,0.1,5000,10808900,
"BSR","14:42:33",19.3,0.1,5300,10803900,
"BSR","14:42:27",19.3,0.1,10000,10798600,
"BSR","14:42:24",19.3,0.1,500,10788600,
"BSR","14:42:23",19.3,0.1,50000,10788100,
"BSR","14:42:19",19.3,0.1,1500,10738100,
"BSR","14:42:17",19.3,0.1,500,10736600,
"BSR","14:42:15",19.4,0.2,300,10736100,
"BSR","14:42:14",19.3,0.1,2100,10735800,
"BSR","14:42:12",19.3,0.1,200,10733700,
"BSR","14:42:11",19.3,0.1,800,10733500,
"BSR","14:42:07",19.3,0.1,3000,10732700,
"BSR","14:42:05",19.3,0.1,5000,10729700,
"BSR","14:42:02",19.3,0.1,10000,10724700,
"BSR","14:41:57",19.3,0.1,400,10714700,
"BSR","14:41:54",19.3,0.1,1000,10714300,
"BSR","14:41:51",19.3,0.1,500,10713300,
"BSR","14:41:47",19.3,0.1,7000,10712800,
"BSR","14:41:45",19.3,0.1,25000,10705800,
"BSR","14:41:42",19.3,0.1,500,10680800,
"BSR","14:41:41",19.3,0.1,500,10680300,
"BSR","14:41:39",19.3,0.1,1000,10679800,
"BSR","14:41:38",19.3,0.1,4200,10678800,
"BSR","14:41:37",19.3,0.1,4000,10674600,
"BSR","14:41:34",19.3,0.1,1900,10670600,
"BSR","14:41:33",19.3,0.1,3000,10668700,
"BSR","14:41:32",19.3,0.1,1000,10665700,
"BSR","14:41:19",19.3,0.1,4100,10664700,
"BSR","14:41:18",19.3,0.1,73200,10660600,
"BSR","14:41:11",19.3,0.1,73000,10587400,
"BSR","14:41:02",19.3,0.1,70000,10514400,
"BSR","14:40:59",19.3,0.1,1900,10444400,
"BSR","14:40:44",19.3,0.1,1000,10442500,
"BSR","14:40:34",19.3,0.1,62000,10441500,
"BSR","14:40:29",19.3,0.1,22000,10379500,
"BSR","14:40:25",19.3,0.1,1000,10357500,
"BSR","14:40:24",19.3,0.1,300,10356500,
"BSR","14:40:21",19.3,0.1,1000,10356200,
"BSR","14:40:05",19.3,0.1,500,10355200,
"BSR","14:39:36",19.3,0.1,1500,10354700,
"BSR","14:39:25",19.3,0.1,30000,10353200,
"BSR","14:39:20",19.4,0.2,500,10323200,
"BSR","14:39:06",19.4,0.2,600,10322700,
"BSR","14:39:02",19.3,0.1,600,10322100,
"BSR","14:38:59",19.4,0.2,500,10321500,
"BSR","14:38:33",19.3,0.1,1000,10321000,
"BSR","14:38:22",19.3,0.1,200,10320000,
"BSR","14:38:20",19.3,0.1,200,10319800,
"BSR","14:38:13",19.3,0.1,5000,10319600,
"BSR","14:37:10",19.3,0.1,500,10314600,
"BSR","14:37:01",19.4,0.2,300,10314100,
"BSR","14:36:58",19.3,0.1,800,10313800,
"BSR","14:36:51",19.3,0.1,1000,10313000,
"BSR","14:36:47",19.3,0.1,1000,10312000,
"BSR","14:36:36",19.3,0.1,100,10311000,
"BSR","14:36:11",19.3,0.1,6000,10310200,
"BSR","14:35:49",19.3,0.1,300,10304200,
"BSR","14:35:24",19.3,0.1,11600,10303900,
"BSR","14:34:20",19.3,0.1,1500,10292300,
"BSR","14:34:06",19.3,0.1,46900,10290800,
"BSR","14:33:47",19.3,0.1,9600,10243900,
"BSR","14:32:02",19.3,0.1,3000,10234300,
"BSR","14:31:56",19.4,0.2,2600,10231300,
"BSR","14:31:05",19.3,0.1,2500,10228700,
"BSR","14:30:26",19.4,0.2,100,10226200,
"BSR","14:30:24",19.4,0.2,2100,10226100,
"BSR","14:30:22",19.4,0.2,1000,10224000,
"BSR","14:30:15",19.4,0.2,3000,10223000,
"BSR","14:30:08",19.3,0.1,6000,10220000,
"BSR","14:30:04",19.4,0.2,400,10214000,
"BSR","14:30:03",19.4,0.2,1500,10213600,
"BSR","14:29:58",19.4,0.2,1000,10212100,
"BSR","14:29:51",19.4,0.2,1000,10211100,
"BSR","14:29:48",19.4,0.2,1900,10210100,
"BSR","14:29:44",19.4,0.2,1000,10208200,
"BSR","14:29:38",19.4,0.2,2000,10207200,
"BSR","14:29:31",19.4,0.2,5000,10205200,
"BSR","14:29:29",19.4,0.2,1800,10200200,
"BSR","14:29:25",19.3,0.1,2100,10198400,
"BSR","14:29:21",19.4,0.2,400,10196300,
"BSR","14:29:17",19.4,0.2,2900,10195900,
"BSR","14:29:12",19.4,0.2,800,10193000,
"BSR","14:29:06",19.4,0.2,2000,10192200,
"BSR","14:29:01",19.4,0.2,1000,10190200,
"BSR","14:28:57",19.4,0.2,1000,10189200,
"BSR","14:28:55",19.4,0.2,1000,10188200,
"BSR","14:28:45",19.4,0.2,2000,10187200,
"BSR","14:28:34",19.4,0.2,1000,10185200,
"BSR","14:27:56",19.4,0.2,200,10184200,
"BSR","14:27:49",19.3,0.1,800,10184000,
"BSR","14:27:48",19.4,0.2,5000,10183200,
"BSR","14:27:22",19.3,0.1,300,10178200,
"BSR","14:27:12",19.4,0.2,500,10177900,
"BSR","14:27:11",19.4,0.2,900,10177400,
"BSR","14:27:01",19.4,0.2,1000,10176500,
"BSR","14:27:00",19.3,0.1,9000,10175500,
"BSR","14:26:57",19.4,0.2,200,10166500,
"BSR","14:26:52",19.4,0.2,900,10166300,
"BSR","14:26:40",19.4,0.2,1000,10165400,
"BSR","14:26:35",19.4,0.2,100,10164400,
"BSR","14:26:33",19.4,0.2,2000,10164300,
"BSR","14:26:13",19.4,0.2,300,10162300,
"BSR","14:26:08",19.4,0.2,24000,10162000,
"BSR","14:25:56",19.4,0.2,1000,10138000,
"BSR","14:25:51",19.4,0.2,500,10137000,
"BSR","14:25:47",19.4,0.2,1100,10136500,
"BSR","14:25:31",19.4,0.2,3000,10135400,
"BSR","14:25:21",19.4,0.2,100,10132400,
"BSR","14:25:18",19.4,0.2,100,10132300,
"BSR","14:25:12",19.4,0.2,2500,10132200,
"BSR","14:25:07",19.4,0.2,100,10129700,
"BSR","14:25:04",19.4,0.2,2000,10129600,
"BSR","14:24:42",19.4,0.2,2000,10127600,
"BSR","14:24:39",19.4,0.2,200,10125600,
"BSR","14:24:37",19.4,0.2,500,10125400,
"BSR","14:24:32",19.4,0.2,100,10124900,
"BSR","14:24:28",19.3,0.1,500,10124800,
"BSR","14:24:05",19.4,0.2,1200,10124300,
"BSR","14:23:59",19.3,0.1,50000,10123100,
"BSR","14:23:57",19.3,0.1,1000,10073100,
"BSR","14:23:51",19.3,0.1,500,10072100,
"BSR","14:23:40",19.3,0.1,1000,10071600,
"BSR","14:23:38",19.3,0.1,9000,10070600,
"BSR","14:23:26",19.3,0.1,900,10061600,
"BSR","14:23:21",19.3,0.1,100,10060700,
"BSR","14:23:03",19.3,0.1,20000,10060600,
"BSR","14:22:59",19.3,0.1,100,10040600,
"BSR","14:22:51",19.3,0.1,1000,10040500,
"BSR","14:22:34",19.3,0.1,2000,10039500,
"BSR","14:22:23",19.4,0.2,300,10037500,
"BSR","14:21:48",19.4,0.2,5700,10037200,
"BSR","14:21:46",19.3,0.1,1000,10031500,
"BSR","14:21:24",19.4,0.2,500,10030500,
"BSR","14:21:14",19.4,0.2,600,10030000,
"BSR","14:21:04",19.4,0.2,300,10029400,
"BSR","14:20:50",19.4,0.2,100,10029100,
"BSR","14:20:47",19.4,0.2,500,10029000,
"BSR","14:20:28",19.4,0.2,100,10028500,
"BSR","14:20:20",19.4,0.2,500,10028400,
"BSR","14:20:18",19.4,0.2,24700,10027900,
"BSR","14:20:17",19.4,0.2,100,10003200,
"BSR","14:20:07",19.4,0.2,1200,10003100,
"BSR","14:19:50",19.4,0.2,400,10001900,
"BSR","14:19:45",19.4,0.2,40000,10001500,
"BSR","14:19:41",19.4,0.2,3000,9961500,
"BSR","14:19:28",19.4,0.2,700,9958500,
"BSR","14:19:22",19.4,0.2,1100,9957800,
"BSR","14:18:57",19.4,0.2,19700,9956700,
"BSR","14:18:55",19.4,0.2,1000,9937000,
"BSR","14:18:54",19.4,0.2,500,9936000,
"BSR","14:18:53",19.4,0.2,300,9935500,
"BSR","14:18:52",19.4,0.2,3000,9935200,
"BSR","14:18:51",19.4,0.2,2500,9932200,
"BSR","14:18:46",19.4,0.2,10500,9929700,
"BSR","14:18:45",19.4,0.2,10000,9919200,
"BSR","14:18:43",19.4,0.2,400,9909200,
"BSR","14:18:42",19.4,0.2,35200,9908800,
"BSR","14:18:38",19.4,0.2,500,9873600,
"BSR","14:18:37",19.4,0.2,1500,9873100,
"BSR","14:18:34",19.4,0.2,300,9871600,
"BSR","14:18:28",19.4,0.2,6100,9871300,
"BSR","14:18:22",19.4,0.2,200,9865200,
"BSR","14:18:20",19.4,0.2,100,9865000,
"BSR","14:18:11",19.4,0.2,2000,9864900,
"BSR","14:18:08",19.4,0.2,200,9862900,
"BSR","14:18:07",19.4,0.2,1000,9862700,
"BSR","14:17:56",19.4,0.2,5000,9861700,
"BSR","14:17:52",19.4,0.2,51200,9856700,
"BSR","14:17:31",19.4,0.2,3000,9805500,
"BSR","14:17:29",19.4,0.2,1000,9802500,
"BSR","14:17:22",19.4,0.2,100,9801500,
"BSR","14:17:13",19.4,0.2,100,9801400,
"BSR","14:17:12",19.4,0.2,200,9801300,
"BSR","14:17:08",19.4,0.2,500,9801100,
"BSR","14:17:05",19.4,0.2,100,9800600,
"BSR","14:17:04",19.4,0.2,5000,9800500,
"BSR","14:16:59",19.4,0.2,100,9795500,
"BSR","14:16:58",19.4,0.2,3000,9795400,
"BSR","14:16:41",19.4,0.2,500,9792400,
"BSR","14:16:37",19.4,0.2,500,9791900,
"BSR","14:16:23",19.4,0.2,5200,9791400,
"BSR","14:16:17",19.4,0.2,1000,9786200,
"BSR","14:16:10",19.4,0.2,100,9785200,
"BSR","14:16:08",19.4,0.2,200,9785100,
"BSR","14:16:05",19.4,0.2,3000,9784900,
"BSR","14:16:04",19.4,0.2,200,9781900,
"BSR","14:15:50",19.4,0.2,100,9781700,
"BSR","14:15:45",19.4,0.2,1000,9781600,
"BSR","14:15:34",19.3,0.1,5000,9780600,
"BSR","14:15:26",19.3,0.1,20200,9775600,
"BSR","14:15:24",19.4,0.2,100,9755400,
"BSR","14:15:21",19.4,0.2,1000,9755300,
"BSR","14:15:16",19.3,0.1,1000,9754300,
"BSR","14:15:14",19.3,0.1,500,9753300,
"BSR","14:15:00",19.4,0.2,100,9752800,
"BSR","14:14:59",19.4,0.2,1000,9752700,
"BSR","14:14:56",19.4,0.2,2000,9751700,
"BSR","14:14:54",19.4,0.2,100,9749700,
"BSR","14:14:51",19.4,0.2,13400,9749600,
"BSR","14:14:46",19.4,0.2,500,9736200,
"BSR","14:14:37",19.4,0.2,500,9735700,
"BSR","14:14:26",19.4,0.2,3000,9735200,
"BSR","14:14:13",19.4,0.2,1700,9732200,
"BSR","14:14:02",19.4,0.2,500,9730500,
"BSR","14:13:59",19.4,0.2,100,9730000,
"BSR","14:13:55",19.4,0.2,700,9729900,
"BSR","14:13:53",19.4,0.2,1000,9729200,
"BSR","14:13:48",19.4,0.2,500,9728200,
"BSR","14:13:46",19.4,0.2,100,9727700,
"BSR","14:13:45",19.4,0.2,3000,9727600,
"BSR","14:13:34",19.4,0.2,300,9724600,
"BSR","14:13:20",19.4,0.2,5000,9724300,
"BSR","14:13:11",19.4,0.2,500,9719300,
"BSR","14:13:09",19.4,0.2,9900,9718800,
"BSR","14:13:08",19.4,0.2,1000,9708900,
"BSR","14:13:03",19.4,0.2,1000,9707900,
"BSR","14:12:49",19.4,0.2,1000,9706900,
"BSR","14:12:44",19.4,0.2,5000,9705900,
"BSR","14:12:43",19.4,0.2,2000,9700900,
"BSR","14:12:34",19.4,0.2,1000,9698900,
"BSR","14:12:33",19.4,0.2,200,9697900,
"BSR","14:12:32",19.4,0.2,500,9697700,
"BSR","14:12:28",19.4,0.2,100,9697200,
"BSR","14:12:18",19.4,0.2,300,9697100,
"BSR","14:12:16",19.4,0.2,1000,9696800,
"BSR","14:12:11",19.4,0.2,2000,9695800,
"BSR","14:11:59",19.4,0.2,4800,9693800,
"BSR","14:11:56",19.4,0.2,3000,9689000,
"BSR","14:11:52",19.4,0.2,500,9686000,
"BSR","14:11:43",19.4,0.2,6800,9685500,
"BSR","14:11:38",19.3,0.1,100,9678700,
"BSR","14:11:32",19.3,0.1,4000,9678600,
"BSR","14:11:28",19.3,0.1,5000,9674600,
"BSR","14:11:22",19.3,0.1,100,9669600,
"BSR","14:11:17",19.4,0.2,1500,9669500,
"BSR","14:11:15",19.3,0.1,3000,9668000,
"BSR","14:11:11",19.3,0.1,5000,9665000,
"BSR","14:11:03",19.3,0.1,2000,9660000,
"BSR","14:10:59",19.3,0.1,3000,9658000,
"BSR","14:10:58",19.4,0.2,200,9655000,
"BSR","14:10:45",19.3,0.1,1800,9654800,
"BSR","14:10:34",19.3,0.1,100,9653000,
"BSR","14:10:25",19.3,0.1,1100,9652900,
"BSR","14:10:23",19.3,0.1,2000,9651800,
"BSR","14:10:18",19.4,0.2,3000,9649800,
"BSR","14:10:16",19.4,0.2,200,9646800,
"BSR","14:10:14",19.4,0.2,300,9646600,
"BSR","14:10:13",19.4,0.2,1200,9646300,
"BSR","14:10:04",19.4,0.2,200,9645100,
"BSR","14:09:59",19.4,0.2,2000,9644900,
"BSR","14:09:58",19.4,0.2,1900,9642900,
"BSR","14:09:54",19.4,0.2,1000,9641000,
"BSR","14:09:52",19.4,0.2,1000,9640000,
"BSR","14:09:50",19.4,0.2,100,9639000,
"BSR","14:09:47",19.4,0.2,5000,9638900,
"BSR","14:09:45",19.4,0.2,100,9633900,
"BSR","14:09:37",19.4,0.2,21200,9633800,
"BSR","14:09:34",19.4,0.2,2000,9612600,
"BSR","14:09:30",19.3,0.1,10000,9610600,
"BSR","14:09:23",19.3,0.1,500,9600600,
"BSR","14:09:13",19.3,0.1,3700,9600100,
"BSR","14:09:04",19.3,0.1,3900,9596400,
"BSR","14:08:58",19.4,0.2,10000,9592500,
"BSR","14:08:57",19.4,0.2,100,9582500,
"BSR","14:08:54",19.4,0.2,100,9582400,
"BSR","14:08:53",19.3,0.1,500,9582300,
"BSR","14:08:52",19.4,0.2,2000,9581800,
"BSR","14:08:48",19.4,0.2,3000,9579800,
"BSR","14:08:41",19.3,0.1,5000,9576800,
"BSR","14:08:26",19.4,0.2,100,9571800,
"BSR","14:08:22",19.4,0.2,1000,9571700,
"BSR","14:08:20",19.3,0.1,2000,9570700,
"BSR","14:08:16",19.3,0.1,1500,9568700,
"BSR","14:08:13",19.3,0.1,5000,9567200,
"BSR","14:08:12",19.3,0.1,500,9562200,
"BSR","14:08:11",19.3,0.1,200,9561700,
"BSR","14:08:08",19.3,0.1,1000,9561500,
"BSR","14:08:07",19.3,0.1,5000,9560500,
"BSR","14:08:05",19.3,0.1,200,9555500,
"BSR","14:08:03",19.3,0.1,600,9555300,
"BSR","14:07:59",19.3,0.1,100,9554700,
"BSR","14:07:58",19.3,0.1,5000,9554600,
"BSR","14:07:55",19.3,0.1,13000,9549600,
"BSR","14:07:44",19.3,0.1,500,9536600,
"BSR","14:07:39",19.3,0.1,200,9536100,
"BSR","14:07:32",19.3,0.1,100,9535900,
"BSR","14:07:29",19.3,0.1,9300,9535800,
"BSR","14:07:27",19.3,0.1,8500,9526500,
"BSR","14:07:25",19.3,0.1,1600,9518000,
"BSR","14:07:23",19.3,0.1,2000,9516400,
"BSR","14:07:21",19.3,0.1,1000,9514400,
"BSR","14:07:10",19.3,0.1,5000,9513400,
"BSR","14:07:09",19.3,0.1,5000,9508400,
"BSR","14:07:05",19.3,0.1,7000,9503400,
"BSR","14:07:02",19.3,0.1,7000,9496400,
"BSR","14:06:56",19.3,0.1,500,9489400,
"BSR","14:06:51",19.3,0.1,5000,9488900,
"BSR","14:06:45",19.3,0.1,3600,9483900,
"BSR","14:06:42",19.3,0.1,1000,9480300,
"BSR","14:06:37",19.3,0.1,100,9479300,
"BSR","14:06:36",19.3,0.1,5000,9479200,
"BSR","14:06:09",19.3,0.1,5000,9474200,
"BSR","14:05:48",19.3,0.1,200,9469200,
"BSR","14:05:42",19.3,0.1,100,9469000,
"BSR","14:05:41",19.3,0.1,100,9468900,
"BSR","14:05:27",19.3,0.1,50000,9468800,
"BSR","14:05:24",19.3,0.1,6000,9418800,
"BSR","14:05:20",19.3,0.1,5000,9412800,
"BSR","14:05:17",19.3,0.1,100,9407800,
"BSR","14:05:10",19.3,0.1,12000,9407700,
"BSR","14:04:57",19.3,0.1,100,9395700,
"BSR","14:04:52",19.3,0.1,10000,9395600,
"BSR","14:04:40",19.3,0.1,6000,9385600,
"BSR","14:04:37",19.3,0.1,100,9379600,
"BSR","14:04:03",19.4,0.2,2000,9379500,
"BSR","14:03:59",19.4,0.2,2100,9377500,
"BSR","14:03:51",19.3,0.1,500,9375400,
"BSR","14:03:42",19.4,0.2,1000,9374900,
"BSR","14:03:35",19.3,0.1,6000,9373900,
"BSR","14:03:16",19.4,0.2,500,9367900,
"BSR","14:03:12",19.4,0.2,4000,9367400,
"BSR","14:03:06",19.4,0.2,2000,9363400,
"BSR","14:03:01",19.4,0.2,200,9361400,
"BSR","14:02:57",19.4,0.2,1000,9361200,
"BSR","14:02:48",19.4,0.2,1000,9360200,
"BSR","14:02:42",19.4,0.2,1000,9359200,
"BSR","14:02:41",19.4,0.2,1000,9358200,
"BSR","14:02:20",19.4,0.2,2000,9357200,
"BSR","14:02:15",19.4,0.2,400,9355200,
"BSR","14:02:12",19.4,0.2,5200,9354800,
"BSR","14:02:04",19.4,0.2,12900,9349600,
"BSR","14:02:03",19.4,0.2,1600,9336700,
"BSR","14:02:00",19.4,0.2,6000,9335100,
"BSR","14:01:56",19.4,0.2,4800,9329100,
"BSR","14:01:54",19.4,0.2,29000,9324300,
"BSR","14:01:51",19.4,0.2,1400,9295300,
"BSR","14:01:50",19.4,0.2,5000,9293900,
"BSR","14:01:45",19.4,0.2,600,9288900,
"BSR","14:01:44",19.4,0.2,1000,9288300,
"BSR","14:01:37",19.4,0.2,600,9287300,
"BSR","14:01:35",19.4,0.2,1500,9286700,
"BSR","14:01:14",19.5,0.3,900,9285200,
"BSR","14:01:09",19.4,0.2,1500,9284300,
"BSR","14:00:52",19.5,0.3,30000,9282800,
"BSR","14:00:47",19.4,0.2,500,9252800,
"BSR","13:59:45",19.4,0.2,300,9252300,
"BSR","13:59:42",19.4,0.2,1200,9252000,
"BSR","13:59:20",19.4,0.2,10000,9250800,
"BSR","13:59:10",19.4,0.2,1000,9240800,
"BSR","13:58:37",19.5,0.3,500,9239800,
"BSR","13:58:28",19.4,0.2,2300,9239300,
"BSR","13:58:24",19.4,0.2,100,9237000,
"BSR","13:58:09",19.4,0.2,600,9236900,
"BSR","13:58:07",19.4,0.2,600,9236300,
"BSR","13:58:06",19.4,0.2,2000,9235700,
"BSR","13:58:03",19.4,0.2,1000,9233700,
"BSR","13:57:44",19.4,0.2,3000,9232700,
"BSR","13:57:42",19.4,0.2,400,9229700,
"BSR","13:57:27",19.4,0.2,400,9229300,
"BSR","13:57:19",19.4,0.2,300,9228900,
"BSR","13:57:18",19.4,0.2,5000,9228600,
"BSR","13:57:16",19.4,0.2,5000,9223600,
"BSR","13:57:13",19.4,0.2,5000,9218600,
"BSR","13:57:12",19.4,0.2,500,9213600,
"BSR","13:57:02",19.4,0.2,1000,9213100,
"BSR","13:56:58",19.4,0.2,5100,9212100,
"BSR","13:56:52",19.4,0.2,500,9207000,
"BSR","13:56:44",19.4,0.2,1000,9206500,
"BSR","13:56:38",19.4,0.2,600,9205500,
"BSR","13:56:34",19.4,0.2,2000,9204900,
"BSR","13:56:31",19.4,0.2,1100,9202900,
"BSR","13:56:19",19.4,0.2,4600,9201800,
"BSR","13:56:17",19.4,0.2,200,9197200,
"BSR","13:56:09",19.4,0.2,50000,9197000,
"BSR","13:56:02",19.4,0.2,10000,9147000,
"BSR","13:55:44",19.4,0.2,5000,9137000,
"BSR","13:54:57",19.4,0.2,300,9132000,
"BSR","13:54:52",19.4,0.2,1300,9131700,
"BSR","13:54:43",19.5,0.3,3200,9130400,
"BSR","13:54:42",19.4,0.2,700,9127200,
"BSR","13:54:29",19.4,0.2,300,9126500,
"BSR","13:54:28",19.4,0.2,500,9126200,
"BSR","13:53:52",19.4,0.2,400,9125700,
"BSR","13:53:35",19.4,0.2,1000,9125300,
"BSR","13:52:59",19.4,0.2,500,9124300,
"BSR","13:52:58",19.4,0.2,7200,9123800,
"BSR","13:52:57",19.4,0.2,200,9116600,
"BSR","13:52:54",19.4,0.2,20000,9116400,
"BSR","13:52:47",19.4,0.2,11000,9096400,
"BSR","13:52:42",19.4,0.2,400,9085400,
"BSR","13:52:38",19.4,0.2,100,9085000,
"BSR","13:52:34",19.4,0.2,10000,9084900,
"BSR","13:52:28",19.4,0.2,1000,9074900,
"BSR","13:52:20",19.4,0.2,2000,9073900,
"BSR","13:52:19",19.4,0.2,500,9071900,
"BSR","13:51:59",19.4,0.2,34600,9071400,
"BSR","13:51:37",19.4,0.2,100,9036800,
"BSR","13:51:21",19.4,0.2,100,9036700,
"BSR","13:50:55",19.4,0.2,100,9036600,
"BSR","13:50:51",19.4,0.2,1000,9036500,
"BSR","13:50:41",19.4,0.2,1000,9035500,
"BSR","13:50:32",19.4,0.2,12000,9034500,
"BSR","13:50:08",19.3,0.1,2000,9022500,
"BSR","13:50:01",19.3,0.1,1000,9020500,
"BSR","13:50:00",19.3,0.1,6000,9019500,
"BSR","13:49:50",19.4,0.2,100,9013500,
"BSR","13:49:46",19.4,0.2,300,9013400,
"BSR","13:49:42",19.4,0.2,1000,9013100,
"BSR","13:49:31",19.4,0.2,4000,9012100,
"BSR","13:49:18",19.4,0.2,200,9008100,
"BSR","13:49:15",19.4,0.2,10000,9007900,
"BSR","13:48:54",19.4,0.2,45100,8997900,
"BSR","13:48:45",19.4,0.2,1000,8952800,
"BSR","13:48:44",19.5,0.3,300,8951800,
"BSR","13:48:43",19.4,0.2,3000,8951500,
"BSR","13:48:41",19.4,0.2,2000,8948500,
"BSR","13:48:34",19.4,0.2,4000,8946500,
"BSR","13:48:33",19.4,0.2,100,8942500,
"BSR","13:48:32",19.4,0.2,19300,8942400,
"BSR","13:48:30",19.4,0.2,20000,8923100,
"BSR","13:48:27",19.4,0.2,500,8903100,
"BSR","13:48:26",19.4,0.2,300,8902600,
"BSR","13:48:24",19.4,0.2,4500,8902300,
"BSR","13:48:19",19.4,0.2,10000,8897800,
"BSR","13:48:16",19.4,0.2,3000,8887800,
"BSR","13:48:14",19.4,0.2,300,8884700,
"BSR","13:48:13",19.4,0.2,27900,8884400,
"BSR","13:48:10",19.4,0.2,34000,8856500,
"BSR","13:48:09",19.4,0.2,30000,8822500,
"BSR","13:48:06",19.4,0.2,100000,8792500,
"BSR","13:48:04",19.5,0.3,1000,8692500,
"BSR","13:48:02",19.4,0.2,2000,8691500,
"BSR","13:47:53",19.4,0.2,1600,8689500,
"BSR","13:47:48",19.4,0.2,1000,8687900,
"BSR","13:47:39",19.4,0.2,3000,8686900,
"BSR","13:47:35",19.4,0.2,100,8683900,
"BSR","13:47:32",19.4,0.2,30100,8683800,
"BSR","13:47:31",19.5,0.3,17200,8653700,
"BSR","13:47:27",19.4,0.2,1000,8636500,
"BSR","13:47:26",19.4,0.2,1000,8635500,
"BSR","13:47:15",19.4,0.2,8200,8634500,
"BSR","13:47:09",19.4,0.2,10000,8626300,
"BSR","13:46:58",19.4,0.2,1000,8616300,
"BSR","13:46:50",19.4,0.2,200,8615300,
"BSR","13:46:49",19.4,0.2,100,8615100,
"BSR","13:46:48",19.4,0.2,5000,8615000,
"BSR","13:46:33",19.4,0.2,5000,8610000,
"BSR","13:46:25",19.4,0.2,20000,8605000,
"BSR","13:46:07",19.4,0.2,50000,8585000,
"BSR","13:45:52",19.5,0.3,200,8535000,
"BSR","13:45:40",19.5,0.3,2000,8534800,
"BSR","13:45:30",19.5,0.3,200,8532800,
"BSR","13:45:16",19.5,0.3,400,8532600,
"BSR","13:44:46",19.5,0.3,200,8532200,
"BSR","13:43:15",19.5,0.3,1000,8532000,
"BSR","13:43:12",19.4,0.2,100,8531000,
"BSR","13:42:58",19.5,0.3,1000,8530900,
"BSR","13:42:14",19.5,0.3,1000,8529900,
"BSR","13:42:03",19.5,0.3,100,8528900,
"BSR","13:41:33",19.5,0.3,200,8528800,
"BSR","13:41:25",19.4,0.2,100,8528600,
"BSR","13:41:02",19.4,0.2,1000,8528500,
"BSR","13:40:33",19.4,0.2,300,8527500,
"BSR","13:40:10",19.5,0.3,1000,8527200,
"BSR","13:40:04",19.5,0.3,4900,8526200,
"BSR","13:40:02",19.5,0.3,500,8521300,
"BSR","13:39:27",19.5,0.3,1000,8520800,
"BSR","13:39:09",19.5,0.3,200,8519800,
"BSR","13:38:37",19.5,0.3,2000,8519600,
"BSR","13:38:14",19.5,0.3,2000,8517600,
"BSR","13:37:56",19.5,0.3,300,8515600,
"BSR","13:37:49",19.5,0.3,1000,8515300,
"BSR","13:37:43",19.5,0.3,30000,8514300,
"BSR","13:37:25",19.5,0.3,1000,8484300,
"BSR","13:36:39",19.5,0.3,600,8483300,
"BSR","13:36:31",19.5,0.3,500,8482700,
"BSR","13:36:28",19.5,0.3,10300,8482200,
"BSR","13:36:27",19.5,0.3,10000,8471900,
"BSR","13:36:24",19.5,0.3,2000,8461900,
"BSR","13:36:23",19.5,0.3,11000,8459900,
"BSR","13:36:22",19.5,0.3,3000,8448900,
"BSR","13:36:19",19.5,0.3,1600,8445900,
"BSR","13:36:18",19.5,0.3,1100,8444300,
"BSR","13:36:15",19.5,0.3,5000,8443200,
"BSR","13:36:07",19.5,0.3,100,8438200,
"BSR","13:36:05",19.5,0.3,5000,8438100,
"BSR","13:36:04",19.5,0.3,5000,8433100,
"BSR","13:36:01",19.5,0.3,100,8428100,
"BSR","13:35:27",19.5,0.3,500,8428000,
"BSR","13:35:16",19.5,0.3,2000,8427500,
"BSR","13:35:13",19.5,0.3,500,8425500,
"BSR","13:35:09",19.5,0.3,100,8425000,
"BSR","13:35:01",19.5,0.3,100,8424900,
"BSR","13:34:53",19.5,0.3,4900,8424800,
"BSR","13:34:52",19.5,0.3,3000,8419900,
"BSR","13:34:51",19.5,0.3,10000,8416900,
"BSR","13:34:50",19.5,0.3,1000,8406900,
"BSR","13:34:47",19.5,0.3,5000,8405900,
"BSR","13:34:46",19.5,0.3,1500,8400900,
"BSR","13:34:42",19.5,0.3,20000,8399400,
"BSR","13:34:41",19.5,0.3,1000,8379400,
"BSR","13:34:39",19.5,0.3,600,8378400,
"BSR","13:34:38",19.5,0.3,1000,8377800,
"BSR","13:34:37",19.5,0.3,500,8376800,
"BSR","13:34:35",19.5,0.3,4500,8376300,
"BSR","13:34:33",19.5,0.3,15000,8371800,
"BSR","13:34:27",19.5,0.3,2000,8356800,
"BSR","13:34:24",19.5,0.3,10000,8354800,
"BSR","13:34:23",19.5,0.3,100,8344800,
"BSR","13:34:20",19.5,0.3,2000,8344700,
"BSR","13:34:15",19.5,0.3,5000,8342700,
"BSR","13:34:12",19.5,0.3,10000,8337700,
"BSR","13:34:11",19.5,0.3,600,8327700,
"BSR","13:34:08",19.5,0.3,200,8327100,
"BSR","13:34:07",19.5,0.3,200,8326900,
"BSR","13:34:06",19.5,0.3,500,8326700,
"BSR","13:34:02",19.5,0.3,1000,8326200,
"BSR","13:34:01",19.5,0.3,1100,8325200,
"BSR","13:33:59",19.5,0.3,2000,8324100,
"BSR","13:33:56",19.5,0.3,20000,8322100,
"BSR","13:33:55",19.5,0.3,20000,8302100,
"BSR","13:33:48",19.5,0.3,3000,8281600,
"BSR","13:33:46",19.5,0.3,2300,8278600,
"BSR","13:33:45",19.5,0.3,100,8276300,
"BSR","13:33:44",19.5,0.3,7000,8276200,
"BSR","13:33:42",19.5,0.3,10300,8269200,
"BSR","13:33:29",19.5,0.3,1800,8258900,
"BSR","13:33:25",19.5,0.3,2600,8257100,
"BSR","13:33:22",19.5,0.3,500,8254500,
"BSR","13:33:21",19.5,0.3,1000,8254000,
"BSR","13:33:20",19.5,0.3,500,8253000,
"BSR","13:33:18",19.5,0.3,5000,8252500,
"BSR","13:33:06",19.5,0.3,25000,8247500,
"BSR","13:33:04",19.5,0.3,1300,8222500,
"BSR","13:32:58",19.5,0.3,3000,8221200,
"BSR","13:32:54",19.5,0.3,1800,8218200,
"BSR","13:32:52",19.5,0.3,1000,8216400,
"BSR","13:32:51",19.5,0.3,300,8215400,
"BSR","13:32:47",19.5,0.3,500,8215100,
"BSR","13:32:42",19.5,0.3,1600,8214600,
"BSR","13:32:38",19.5,0.3,11900,8213000,
"BSR","13:32:32",19.5,0.3,10000,8201100,
"BSR","13:32:30",19.5,0.3,15000,8191100,
"BSR","13:32:21",19.5,0.3,1900,8176100,
"BSR","13:32:20",19.5,0.3,4500,8174200,
"BSR","13:32:13",19.5,0.3,500,8169700,
"BSR","13:31:59",19.5,0.3,1000,8169200,
"BSR","13:31:55",19.5,0.3,800,8168200,
"BSR","13:31:53",19.5,0.3,300,8167400,
"BSR","13:31:49",19.5,0.3,200,8167100,
"BSR","13:31:44",19.5,0.3,100,8166900,
"BSR","13:31:43",19.5,0.3,500,8166800,
"BSR","13:31:37",19.5,0.3,500,8166300,
"BSR","13:31:27",19.5,0.3,1100,8165800,
"BSR","13:31:13",19.5,0.3,300,8164700,
"BSR","13:31:11",19.4,0.2,300,8164400,
"BSR","13:31:10",19.5,0.3,800,8164100,
"BSR","13:31:01",19.5,0.3,500,8163300,
"BSR","13:30:58",19.5,0.3,300,8162800,
"BSR","13:30:56",19.5,0.3,1000,8162500,
"BSR","13:30:55",19.5,0.3,200,8161500,
"BSR","13:30:51",19.5,0.3,1000,8161300,
"BSR","13:30:46",19.5,0.3,5600,8160300,
"BSR","13:30:43",19.5,0.3,1000,8154700,
"BSR","13:30:31",19.5,0.3,300,8153700,
"BSR","13:30:28",19.5,0.3,500,8153400,
"BSR","13:30:26",19.5,0.3,100,8152900,
"BSR","13:30:17",19.5,0.3,10000,8152800,
"BSR","13:30:13",19.5,0.3,21000,8142800,
"BSR","13:29:54",19.5,0.3,500,8121800,
"BSR","13:29:37",19.5,0.3,1300,8121300,
"BSR","13:29:21",19.5,0.3,200,8120000,
"BSR","13:29:20",19.5,0.3,100,8119800,
"BSR","13:29:19",19.4,0.2,1100,8119700,
"BSR","13:29:09",19.5,0.3,5000,8118600,
"BSR","13:29:02",19.5,0.3,500,8113600,
"BSR","13:28:53",19.5,0.3,1000,8113100,
"BSR","13:28:46",19.5,0.3,100,8112100,
"BSR","13:28:39",19.5,0.3,1800,8112000,
"BSR","13:28:30",19.5,0.3,800,8110200,
"BSR","13:28:23",19.5,0.3,5000,8109400,
"BSR","13:28:07",19.5,0.3,900,8104400,
"BSR","13:28:05",19.5,0.3,1000,8103500,
"BSR","13:28:03",19.5,0.3,11000,8102500,
"BSR","13:27:53",19.5,0.3,2000,8091500,
"BSR","13:27:49",19.5,0.3,1000,8089500,
"BSR","13:27:48",19.5,0.3,33000,8088500,
"BSR","13:27:42",19.5,0.3,1200,8055500,
"BSR","13:27:14",19.5,0.3,3200,8054300,
"BSR","13:26:57",19.5,0.3,100,8051100,
"BSR","13:26:48",19.5,0.3,10000,8051000,
"BSR","13:26:42",19.5,0.3,800,8041000,
"BSR","13:26:40",19.4,0.2,100,8040200,
"BSR","13:26:38",19.5,0.3,100,8040100,
"BSR","13:26:12",19.5,0.3,100,8040000,
"BSR","13:25:54",19.5,0.3,1300,8039900,
"BSR","13:25:41",19.5,0.3,1500,8038600,
"BSR","13:25:36",19.4,0.2,400,8037100,
"BSR","13:25:04",19.5,0.3,1000,8036700,
"BSR","13:24:42",19.5,0.3,5000,8035700,
"BSR","13:24:30",19.5,0.3,500,8030700,
"BSR","13:24:10",19.5,0.3,400,8030200,
"BSR","13:24:04",19.5,0.3,1000,8029800,
"BSR","13:23:53",19.5,0.3,2000,8028800,
"BSR","13:23:44",19.5,0.3,3000,8026800,
"BSR","13:23:25",19.5,0.3,100,8023800,
"BSR","13:23:23",19.5,0.3,1100,8023700,
"BSR","13:23:22",19.5,0.3,1000,8022600,
"BSR","13:23:03",19.5,0.3,2000,8021600,
"BSR","13:22:56",19.4,0.2,500,8019600,
"BSR","13:22:51",19.5,0.3,200,8019100,
"BSR","13:22:49",19.4,0.2,100,8018900,
"BSR","13:22:32",19.5,0.3,500,8018800,
"BSR","13:22:20",19.4,0.2,300,8018300,
"BSR","13:22:08",19.4,0.2,500,8018000,
"BSR","13:22:05",19.4,0.2,500,8017500,
"BSR","13:21:50",19.4,0.2,100,8017000,
"BSR","13:21:46",19.4,0.2,500,8016900,
"BSR","13:21:42",19.4,0.2,100,8016400,
"BSR","13:21:41",19.4,0.2,100,8016300,
"BSR","13:21:21",19.4,0.2,1500,8016200,
"BSR","13:20:59",19.4,0.2,6000,8014700,
"BSR","13:20:36",19.4,0.2,300,8008700,
"BSR","13:20:35",19.5,0.3,100,8008400,
"BSR","13:20:22",19.4,0.2,300,8008300,
"BSR","13:19:56",19.4,0.2,100,8008000,
"BSR","13:19:50",19.5,0.3,200,8007900,
"BSR","13:19:32",19.5,0.3,100,8007700,
"BSR","13:19:29",19.5,0.3,4000,8007600,
"BSR","13:19:14",19.5,0.3,100,8003600,
"BSR","13:19:12",19.5,0.3,4000,8003500,
"BSR","13:18:58",19.4,0.2,2000,7999500,
"BSR","13:18:38",19.4,0.2,200,7997500,
"BSR","13:18:26",19.4,0.2,3000,7997300,
"BSR","13:18:23",19.4,0.2,500,7994300,
"BSR","13:18:17",19.4,0.2,1100,7993800,
"BSR","13:17:56",19.4,0.2,1000,7992700,
"BSR","13:17:50",19.4,0.2,3000,7991700,
"BSR","13:17:45",19.4,0.2,500,7988700,
"BSR","13:17:33",19.4,0.2,1000,7988200,
"BSR","13:17:32",19.4,0.2,1000,7987200,
"BSR","13:17:26",19.4,0.2,200,7986200,
"BSR","13:16:42",19.4,0.2,2000,7986000,
"BSR","13:16:30",19.5,0.3,1500,7984000,
"BSR","13:16:18",19.4,0.2,2000,7982500,
"BSR","13:16:11",19.5,0.3,4000,7980500,
"BSR","13:16:05",19.4,0.2,3000,7976500,
"BSR","13:16:04",19.5,0.3,500,7973500,
"BSR","13:16:00",19.4,0.2,4700,7973000,
"BSR","13:15:32",19.5,0.3,100,7968300,
"BSR","13:15:27",19.4,0.2,1000,7968200,
"BSR","13:15:05",19.5,0.3,800,7967200,
"BSR","13:14:59",19.5,0.3,400,7966400,
"BSR","13:14:54",19.4,0.2,100,7966000,
"BSR","13:14:53",19.4,0.2,200,7965900,
"BSR","13:14:46",19.4,0.2,300,7965700,
"BSR","13:14:28",19.4,0.2,100,7965400,
"BSR","13:14:25",19.4,0.2,4000,7965300,
"BSR","13:14:06",19.4,0.2,1000,7961300,
"BSR","13:14:04",19.5,0.3,1000,7960300,
"BSR","13:14:01",19.4,0.2,100,7959300,
"BSR","13:13:48",19.4,0.2,300,7959200,
"BSR","13:13:29",19.4,0.2,100,7958900,
"BSR","13:13:17",19.4,0.2,300,7958800,
"BSR","13:13:14",19.4,0.2,400,7958500,
"BSR","13:13:08",19.5,0.3,100,7958100,
"BSR","13:12:56",19.4,0.2,500,7958000,
"BSR","13:12:50",19.5,0.3,100,7957500,
"BSR","13:12:49",19.5,0.3,4800,7957400,
"BSR","13:12:48",19.4,0.2,100,7952600,
"BSR","13:12:45",19.4,0.2,500,7952500,
"BSR","13:12:41",19.5,0.3,1000,7952000,
"BSR","13:12:40",19.4,0.2,2000,7951000,
"BSR","13:12:33",19.5,0.3,100,7949000,
"BSR","13:12:29",19.4,0.2,2000,7948900,
"BSR","13:12:18",19.4,0.2,2000,7946900,
"BSR","13:12:12",19.4,0.2,5000,7944900,
"BSR","13:12:00",19.4,0.2,100,7939900,
"BSR","13:11:51",19.5,0.3,1400,7939800,
"BSR","13:11:37",19.5,0.3,1000,7938400,
"BSR","13:11:31",19.5,0.3,1000,7937400,
"BSR","13:10:57",19.5,0.3,100,7936400,
"BSR","13:10:55",19.5,0.3,500,7936300,
"BSR","13:10:45",19.5,0.3,300,7935800,
"BSR","13:10:41",19.5,0.3,500,7935500,
"BSR","13:10:28",19.5,0.3,500,7935000,
"BSR","13:10:24",19.5,0.3,1000,7934500,
"BSR","13:10:07",19.5,0.3,200,7933500,
"BSR","13:10:02",19.5,0.3,1000,7933300,
"BSR","13:09:42",19.5,0.3,3000,7932300,
"BSR","13:09:37",19.5,0.3,100,7929300,
"BSR","13:09:09",19.5,0.3,2500,7929200,
"BSR","13:09:06",19.5,0.3,500,7926700,
"BSR","13:09:05",19.5,0.3,7000,7926200,
"BSR","13:08:54",19.5,0.3,100,7919200,
"BSR","13:08:53",19.5,0.3,800,7919100,
"BSR","13:08:46",19.5,0.3,200,7918300,
"BSR","13:08:40",19.5,0.3,1500,7918100,
"BSR","13:08:38",19.5,0.3,200,7916600,
"BSR","13:08:31",19.5,0.3,100,7916400,
"BSR","13:08:29",19.5,0.3,30000,7916300,
"BSR","13:08:18",19.5,0.3,7000,7886300,
"BSR","13:08:05",19.5,0.3,500,7879300,
"BSR","13:07:55",19.5,0.3,100,7878800,
"BSR","13:07:34",19.5,0.3,2900,7878700,
"BSR","13:07:08",19.5,0.3,100,7875800,
"BSR","13:07:07",19.5,0.3,100,7875700,
"BSR","13:07:00",19.5,0.3,800,7875600,
"BSR","13:06:36",19.4,0.2,200,7874800,
"BSR","13:06:13",19.4,0.2,4400,7874600,
"BSR","13:06:09",19.4,0.2,11000,7870200,
"BSR","13:06:00",19.4,0.2,100,7859200,
"BSR","13:05:02",19.4,0.2,4000,7859100,
"BSR","13:04:41",19.4,0.2,200,7855100,
"BSR","13:04:13",19.4,0.2,400,7854900,
"BSR","13:04:00",19.4,0.2,1500,7854500,
"BSR","13:03:42",19.4,0.2,21300,7853000,
"BSR","13:03:35",19.4,0.2,2000,7831700,
"BSR","13:03:32",19.4,0.2,500,7829700,
"BSR","13:03:25",19.4,0.2,1000,7829200,
"BSR","13:03:21",19.5,0.3,2700,7828200,
"BSR","13:03:08",19.4,0.2,20000,7825500,
"BSR","13:02:54",19.4,0.2,100,7805500,
"BSR","13:02:39",19.4,0.2,24600,7805400,
"BSR","13:02:36",19.4,0.2,200,7780800,
"BSR","13:01:55",19.5,0.3,2000,7780600,
"BSR","13:01:52",19.4,0.2,100,7778600,
"BSR","13:01:41",19.4,0.2,11900,7778500,
"BSR","13:01:38",19.4,0.2,200,7766600,
"BSR","13:01:34",19.4,0.2,100,7766400,
"BSR","13:01:31",19.5,0.3,2000,7766300,
"BSR","13:01:28",19.4,0.2,500,7764300,
"BSR","13:01:16",19.4,0.2,1000,7763800,
"BSR","13:01:06",19.5,0.3,700,7762800,
"BSR","13:00:52",19.5,0.3,200,7762100,
"BSR","13:00:50",19.4,0.2,5000,7761900,
"BSR","13:00:35",19.4,0.2,2500,7756900,
"BSR","13:00:24",19.5,0.3,1500,7754400,
"BSR","13:00:14",19.5,0.3,1000,7752900,
"BSR","13:00:11",19.4,0.2,300,7751900,
"BSR","13:00:10",19.4,0.2,800,7751600,
"BSR","13:00:08",19.5,0.3,3200,7750800,
"BSR","13:00:06",19.5,0.3,17300,7747600,
"BSR","13:00:05",19.5,0.3,17100,7730300,
"BSR","13:00:04",19.5,0.3,600,7713200,
"BSR","13:00:03",19.5,0.3,16900,7712600,
"BSR","13:00:02",19.5,0.3,8700,7695700,
"BSR","11:29:55",19.5,0.3,6000,7687000,
"BSR","11:29:30",19.5,0.3,100,7681000,
"BSR","11:29:16",19.5,0.3,1000,7680900,
"BSR","11:29:03",19.5,0.3,100,7679900,
"BSR","11:28:54",19.5,0.3,300,7679800,
"BSR","11:28:48",19.5,0.3,10000,7679500,
"BSR","11:28:46",19.5,0.3,300,7669500,
"BSR","11:28:37",19.5,0.3,900,7669200,
"BSR","11:28:28",19.5,0.3,100,7668300,
"BSR","11:28:19",19.5,0.3,2000,7668200,
"BSR","11:28:08",19.5,0.3,500,7666200,
"BSR","11:28:00",19.5,0.3,800,7665700,
"BSR","11:27:59",19.5,0.3,200,7664900,
"BSR","11:27:55",19.5,0.3,5000,7664700,
"BSR","11:27:44",19.5,0.3,2000,7659700,
"BSR","11:27:38",19.5,0.3,100,7657700,
"BSR","11:27:36",19.5,0.3,1000,7657600,
"BSR","11:27:33",19.5,0.3,600,7656600,
"BSR","11:27:32",19.5,0.3,500,7656000,
"BSR","11:27:28",19.5,0.3,2000,7655500,
"BSR","11:27:27",19.5,0.3,500,7653500,
"BSR","11:27:26",19.5,0.3,400,7653000,
"BSR","11:27:21",19.5,0.3,1700,7652600,
"BSR","11:27:15",19.5,0.3,500,7650900,
"BSR","11:27:13",19.5,0.3,65500,7650400,
"BSR","11:27:10",19.5,0.3,100,7584900,
"BSR","11:26:54",19.5,0.3,2000,7584800,
"BSR","11:26:39",19.5,0.3,500,7582800,
"BSR","11:26:34",19.5,0.3,300,7582300,
"BSR","11:26:29",19.5,0.3,2700,7582000,
"BSR","11:26:23",19.5,0.3,50000,7579300,
"BSR","11:26:22",19.5,0.3,1000,7529300,
"BSR","11:26:16",19.5,0.3,200,7528300,
"BSR","11:25:59",19.5,0.3,100,7528100,
"BSR","11:25:38",19.5,0.3,1000,7528000,
"BSR","11:25:27",19.5,0.3,12000,7527000,
"BSR","11:25:24",19.5,0.3,5000,7515000,
"BSR","11:25:21",19.5,0.3,50000,7510000,
"BSR","11:25:17",19.5,0.3,200,7460000,
"BSR","11:24:58",19.5,0.3,22900,7459800,
"BSR","11:24:55",19.5,0.3,2000,7436900,
"BSR","11:24:30",19.5,0.3,1000,7434900,
"BSR","11:24:23",19.5,0.3,122900,7433900,
"BSR","11:24:14",19.5,0.3,2000,7311000,
"BSR","11:24:05",19.5,0.3,1000,7309000,
"BSR","11:23:54",19.5,0.3,6100,7308000,
"BSR","11:23:41",19.5,0.3,2500,7301900,
"BSR","11:23:37",19.5,0.3,200,7299400,
"BSR","11:23:31",19.5,0.3,200,7299200,
"BSR","11:23:22",19.5,0.3,2000,7299000,
"BSR","11:23:07",19.5,0.3,1000,7297000,
"BSR","11:23:06",19.5,0.3,800,7296000,
"BSR","11:23:00",19.5,0.3,300,7295200,
"BSR","11:22:48",19.5,0.3,500,7294900,
"BSR","11:22:38",19.5,0.3,200,7294400,
"BSR","11:22:31",19.5,0.3,300,7294200,
"BSR","11:22:15",19.5,0.3,500,7293900,
"BSR","11:22:01",19.5,0.3,600,7293400,
"BSR","11:21:51",19.5,0.3,1000,7292800,
"BSR","11:21:44",19.4,0.2,200,7291800,
"BSR","11:21:43",19.5,0.3,2000,7291600,
"BSR","11:21:41",19.5,0.3,300,7289600,
"BSR","11:21:37",19.5,0.3,500,7289300,
"BSR","11:21:32",19.5,0.3,200,7288800,
"BSR","11:21:21",19.5,0.3,5000,7288600,
"BSR","11:21:19",19.5,0.3,500,7283600,
"BSR","11:21:17",19.5,0.3,2500,7283100,
"BSR","11:21:14",19.5,0.3,500,7280600,
"BSR","11:21:12",19.5,0.3,100,7280100,
"BSR","11:20:56",19.5,0.3,300,7280000,
"BSR","11:20:52",19.5,0.3,5000,7279700,
"BSR","11:20:50",19.5,0.3,1100,7274700,
"BSR","11:20:49",19.5,0.3,100,7273600,
"BSR","11:20:38",19.5,0.3,1000,7273500,
"BSR","11:20:35",19.5,0.3,100,7272500,
"BSR","11:20:21",19.5,0.3,1000,7272400,
"BSR","11:20:13",19.5,0.3,500,7271400,
"BSR","11:20:02",19.5,0.3,10000,7270900,
"BSR","11:20:00",19.5,0.3,2000,7260900,
"BSR","11:19:57",19.5,0.3,5200,7258900,
"BSR","11:19:41",19.5,0.3,1000,7253700,
"BSR","11:19:35",19.5,0.3,100,7252700,
"BSR","11:19:13",19.5,0.3,100,7252600,
"BSR","11:19:08",19.5,0.3,3000,7252500,
"BSR","11:19:06",19.5,0.3,3000,7249500,
"BSR","11:18:47",19.5,0.3,100,7246500,
"BSR","11:18:46",19.5,0.3,1000,7246400,
"BSR","11:18:39",19.5,0.3,500,7245400,
"BSR","11:18:26",19.5,0.3,2000,7244900,
"BSR","11:17:48",19.4,0.2,100,7242900,
"BSR","11:17:40",19.4,0.2,200,7242800,
"BSR","11:17:30",19.4,0.2,1000,7242600,
"BSR","11:17:27",19.5,0.3,5000,7241600,
"BSR","11:17:07",19.5,0.3,1000,7236600,
"BSR","11:17:02",19.5,0.3,1000,7235600,
"BSR","11:16:56",19.5,0.3,1000,7234600,
"BSR","11:16:55",19.5,0.3,900,7233600,
"BSR","11:16:35",19.5,0.3,500,7232700,
"BSR","11:16:31",19.5,0.3,100,7232200,
"BSR","11:16:20",19.5,0.3,100,7232100,
"BSR","11:15:55",19.5,0.3,300,7232000,
"BSR","11:15:48",19.5,0.3,500,7231700,
"BSR","11:14:57",19.5,0.3,2000,7231200,
"BSR","11:14:27",19.5,0.3,100,7229200,
"BSR","11:14:08",19.4,0.2,500,7229100,
"BSR","11:13:42",19.4,0.2,1000,7228600,
"BSR","11:13:26",19.5,0.3,500,7227600,
"BSR","11:13:25",19.5,0.3,5000,7227100,
"BSR","11:13:04",19.5,0.3,600,7222100,
"BSR","11:12:27",19.4,0.2,200,7221500,
"BSR","11:12:09",19.4,0.2,20000,7221300,
"BSR","11:11:45",19.4,0.2,300,7201300,
"BSR","11:11:37",19.4,0.2,500,7201000,
"BSR","11:11:05",19.4,0.2,1000,7200500,
"BSR","11:10:32",19.4,0.2,300,7199500,
"BSR","11:10:25",19.5,0.3,1200,7199200,
"BSR","11:10:17",19.5,0.3,1000,7198000,
"BSR","11:10:03",19.5,0.3,500,7197000,
"BSR","11:10:02",19.5,0.3,300,7196500,
"BSR","11:09:56",19.5,0.3,1000,7196200,
"BSR","11:09:40",19.5,0.3,2000,7195200,
"BSR","11:09:37",19.5,0.3,500,7193200,
"BSR","11:09:10",19.5,0.3,1000,7192700,
"BSR","11:09:06",19.4,0.2,10000,7191700,
"BSR","11:09:00",19.5,0.3,1000,7181700,
"BSR","11:08:54",19.5,0.3,3000,7180700,
"BSR","11:08:34",19.5,0.3,24900,7177700,
"BSR","11:08:07",19.5,0.3,1000,7152800,
"BSR","11:08:06",19.5,0.3,200,7151800,
"BSR","11:07:49",19.5,0.3,700,7151600,
"BSR","11:07:22",19.5,0.3,500,7150900,
"BSR","11:07:21",19.5,0.3,300,7150400,
"BSR","11:06:37",19.5,0.3,1000,7150100,
"BSR","11:06:25",19.5,0.3,200,7149100,
"BSR","11:06:17",19.5,0.3,300,7148900,
"BSR","11:06:16",19.5,0.3,100,7148600,
"BSR","11:06:06",19.5,0.3,500,7148500,
"BSR","11:05:59",19.5,0.3,2000,7148000,
"BSR","11:05:33",19.5,0.3,700,7146000,
"BSR","11:04:57",19.5,0.3,500,7145300,
"BSR","11:04:52",19.5,0.3,500,7144800,
"BSR","11:04:51",19.5,0.3,8000,7144300,
"BSR","11:04:49",19.5,0.3,4000,7136300,
"BSR","11:04:27",19.5,0.3,1200,7132300,
"BSR","11:03:16",19.5,0.3,200,7131100,
"BSR","11:02:42",19.5,0.3,100,7130900,
"BSR","11:02:39",19.5,0.3,100,7130800,
"BSR","11:02:18",19.5,0.3,300,7130700,
"BSR","11:02:02",19.5,0.3,900,7130400,
"BSR","11:02:01",19.5,0.3,700,7129500,
"BSR","11:01:32",19.5,0.3,4000,7128800,
"BSR","11:00:59",19.5,0.3,300,7124800,
"BSR","11:00:34",19.5,0.3,100,7124500,
"BSR","10:59:55",19.5,0.3,100,7124400,
"BSR","10:59:46",19.4,0.2,500,7124300,
"BSR","10:59:35",19.4,0.2,1000,7123800,
"BSR","10:59:21",19.4,0.2,1000,7122800,
"BSR","10:59:19",19.5,0.3,100,7121800,
"BSR","10:58:50",19.5,0.3,100,7121700,
"BSR","10:58:19",19.4,0.2,1000,7121600,
"BSR","10:58:07",19.5,0.3,1200,7120600,
"BSR","10:58:06",19.5,0.3,800,7119400,
"BSR","10:57:22",19.5,0.3,100,7118600,
"BSR","10:57:14",19.5,0.3,200,7118500,
"BSR","10:57:11",19.5,0.3,200,7118300,
"BSR","10:56:47",19.5,0.3,200,7118100,
"BSR","10:56:41",19.5,0.3,5000,7117900,
"BSR","10:56:33",19.5,0.3,1000,7112900,
"BSR","10:56:27",19.5,0.3,100,7111900,
"BSR","10:56:06",19.5,0.3,100,7111800,
"BSR","10:55:40",19.5,0.3,1000,7111700,
"BSR","10:55:29",19.5,0.3,200,7110700,
"BSR","10:55:00",19.5,0.3,200,7110500,
"BSR","10:54:55",19.5,0.3,2000,7110300,
"BSR","10:54:34",19.5,0.3,100,7108300,
"BSR","10:54:16",19.5,0.3,200,7108200,
"BSR","10:54:04",19.5,0.3,100,7108000,
"BSR","10:54:02",19.5,0.3,2000,7107900,
"BSR","10:54:00",19.5,0.3,900,7105900,
"BSR","10:53:56",19.5,0.3,100,7105000,
"BSR","10:53:48",19.5,0.3,2400,7104900,
"BSR","10:53:44",19.5,0.3,700,7102500,
"BSR","10:53:37",19.5,0.3,300,7101800,
"BSR","10:53:24",19.5,0.3,500,7101500,
"BSR","10:53:13",19.5,0.3,5000,7101000,
"BSR","10:52:43",19.5,0.3,200,7096000,
"BSR","10:52:38",19.5,0.3,200,7095800,
"BSR","10:52:37",19.5,0.3,500,7095600,
"BSR","10:52:15",19.5,0.3,400,7095100,
"BSR","10:52:12",19.5,0.3,2000,7094700,
"BSR","10:52:07",19.5,0.3,10000,7092700,
"BSR","10:52:05",19.5,0.3,200,7082700,
"BSR","10:51:55",19.5,0.3,25000,7082500,
"BSR","10:51:50",19.5,0.3,1000,7057500,
"BSR","10:51:43",19.5,0.3,10000,7056500,
"BSR","10:51:42",19.5,0.3,2000,7046500,
"BSR","10:51:35",19.4,0.2,6000,7044500,
"BSR","10:51:30",19.5,0.3,300,7038500,
"BSR","10:51:13",19.5,0.3,500,7038200,
"BSR","10:51:05",19.5,0.3,25200,7037700,
"BSR","10:51:03",19.5,0.3,1000,7012500,
"BSR","10:51:02",19.5,0.3,10000,7011500,
"BSR","10:51:01",19.5,0.3,400,7001500,
"BSR","10:50:59",19.5,0.3,30000,7001100,
"BSR","10:50:58",19.5,0.3,500,6971100,
"BSR","10:50:50",19.6,0.4,300,6970600,
"BSR","10:50:46",19.5,0.3,3700,6970300,
"BSR","10:50:45",19.5,0.3,900,6966600,
"BSR","10:50:44",19.6,0.4,100900,6965700,
"BSR","10:50:42",19.5,0.3,100000,6864800,
"BSR","10:50:41",19.5,0.3,2000,6764800,
"BSR","10:50:30",19.6,0.4,12500,6762800,
"BSR","10:50:25",19.5,0.3,2200,6750300,
"BSR","10:50:20",19.6,0.4,100,6748100,
"BSR","10:50:18",19.5,0.3,100,6748000,
"BSR","10:50:14",19.5,0.3,15100,6747900,
"BSR","10:50:10",19.5,0.3,3000,6732800,
"BSR","10:50:06",19.5,0.3,4400,6729800,
"BSR","10:50:05",19.5,0.3,3000,6725400,
"BSR","10:50:00",19.5,0.3,2000,6722400,
"BSR","10:49:57",19.5,0.3,5000,6720400,
"BSR","10:49:54",19.5,0.3,10000,6715400,
"BSR","10:49:52",19.5,0.3,200,6705400,
"BSR","10:49:44",19.5,0.3,100,6705200,
"BSR","10:49:43",19.5,0.3,300,6705100,
"BSR","10:49:41",19.5,0.3,1000,6704800,
"BSR","10:49:36",19.5,0.3,2000,6703800,
"BSR","10:49:22",19.5,0.3,100,6701800,
"BSR","10:49:19",19.5,0.3,100,6701700,
"BSR","10:49:15",19.5,0.3,3000,6701600,
"BSR","10:48:47",19.5,0.3,1000,6698600,
"BSR","10:48:41",19.5,0.3,4600,6697600,
"BSR","10:48:31",19.5,0.3,4000,6693000,
"BSR","10:48:25",19.5,0.3,500,6689000,
"BSR","10:48:17",19.5,0.3,1000,6688500,
"BSR","10:48:15",19.5,0.3,1000,6687500,
"BSR","10:48:10",19.5,0.3,900,6686500,
"BSR","10:48:06",19.5,0.3,9000,6685600,
"BSR","10:48:04",19.6,0.4,5500,6676600,
"BSR","10:47:51",19.5,0.3,1400,6671100,
"BSR","10:47:47",19.5,0.3,1000,6669700,
"BSR","10:47:44",19.5,0.3,100,6668700,
"BSR","10:47:29",19.5,0.3,400,6668600,
"BSR","10:47:26",19.5,0.3,4000,6668200,
"BSR","10:47:10",19.5,0.3,3900,6664200,
"BSR","10:47:06",19.5,0.3,3100,6660300,
"BSR","10:47:05",19.5,0.3,1000,6657200,
"BSR","10:46:55",19.5,0.3,500,6656200,
"BSR","10:46:53",19.5,0.3,500,6655700,
"BSR","10:46:47",19.5,0.3,200,6655200,
"BSR","10:46:40",19.5,0.3,10000,6655000,
"BSR","10:46:33",19.5,0.3,500,6645000,
"BSR","10:46:31",19.5,0.3,1100,6644500,
"BSR","10:46:23",19.5,0.3,50000,6643400,
"BSR","10:46:22",19.5,0.3,1700,6593400,
"BSR","10:46:16",19.5,0.3,1000,6591700,
"BSR","10:46:14",19.5,0.3,10000,6590700,
"BSR","10:46:07",19.5,0.3,500,6580700,
"BSR","10:46:00",19.5,0.3,3100,6580200,
"BSR","10:45:58",19.5,0.3,100,6577100,
"BSR","10:45:51",19.5,0.3,1000,6577000,
"BSR","10:45:18",19.5,0.3,500,6576000,
"BSR","10:45:14",19.5,0.3,1000,6575500,
"BSR","10:45:12",19.6,0.4,100,6574500,
"BSR","10:44:52",19.5,0.3,10000,6574400,
"BSR","10:44:46",19.5,0.3,20000,6564400,
"BSR","10:44:43",19.6,0.4,100,6544400,
"BSR","10:44:42",19.5,0.3,500,6544300,
"BSR","10:44:15",19.5,0.3,2000,6543800,
"BSR","10:44:05",19.5,0.3,10000,6541800,
"BSR","10:43:59",19.5,0.3,200,6531800,
"BSR","10:43:51",19.5,0.3,200,6531600,
"BSR","10:43:46",19.6,0.4,100,6531400,
"BSR","10:43:26",19.6,0.4,500,6531300,
"BSR","10:43:21",19.6,0.4,100,6530800,
"BSR","10:43:14",19.6,0.4,1200,6530700,
"BSR","10:43:13",19.5,0.3,2000,6529500,
"BSR","10:43:07",19.5,0.3,1200,6527500,
"BSR","10:42:47",19.5,0.3,800,6526300,
"BSR","10:42:32",19.5,0.3,200,6525500,
"BSR","10:42:29",19.5,0.3,500,6525300,
"BSR","10:42:23",19.5,0.3,30000,6524800,
"BSR","10:42:16",19.5,0.3,200,6494800,
"BSR","10:42:10",19.5,0.3,10000,6494600,
"BSR","10:42:09",19.6,0.4,2000,6484600,
"BSR","10:41:54",19.6,0.4,200,6482600,
"BSR","10:41:33",19.5,0.3,3800,6482400,
"BSR","10:41:17",19.5,0.3,1000,6478600,
"BSR","10:41:08",19.5,0.3,100,6477600,
"BSR","10:41:06",19.5,0.3,10000,6477500,
"BSR","10:40:49",19.5,0.3,1000,6467500,
"BSR","10:40:39",19.6,0.4,100,6466500,
"BSR","10:40:08",19.5,0.3,20000,6466400,
"BSR","10:39:58",19.6,0.4,100,6446400,
"BSR","10:39:15",19.5,0.3,20000,6446300,
"BSR","10:38:58",19.6,0.4,3000,6426300,
"BSR","10:38:28",19.5,0.3,300,6423300,
"BSR","10:38:10",19.6,0.4,2000,6423000,
"BSR","10:38:07",19.5,0.3,4000,6421000,
"BSR","10:38:02",19.5,0.3,30000,6417000,
"BSR","10:38:00",19.5,0.3,700,6387000,
"BSR","10:37:47",19.5,0.3,200,6386300,
"BSR","10:37:31",19.5,0.3,500,6386100,
"BSR","10:37:24",19.5,0.3,500,6385600,
"BSR","10:37:11",19.5,0.3,5000,6385100,
"BSR","10:37:10",19.5,0.3,5000,6380100,
"BSR","10:37:07",19.6,0.4,50000,6375100,
"BSR","10:37:01",19.5,0.3,3000,6325100,
"BSR","10:36:49",19.5,0.3,2000,6322100,
"BSR","10:36:30",19.5,0.3,200,6320100,
"BSR","10:35:41",19.5,0.3,100,6319900,
"BSR","10:35:35",19.5,0.3,100,6319800,
"BSR","10:35:18",19.5,0.3,1000,6319700,
"BSR","10:35:14",19.5,0.3,5000,6318700,
"BSR","10:35:12",19.5,0.3,200,6313700,
"BSR","10:35:04",19.5,0.3,20500,6313500,
"BSR","10:34:55",19.5,0.3,600,6293000,
"BSR","10:34:21",19.5,0.3,5000,6292400,
"BSR","10:33:49",19.5,0.3,5000,6287400,
"BSR","10:33:38",19.5,0.3,100,6282400,
"BSR","10:33:36",19.6,0.4,500,6282300,
"BSR","10:32:42",19.5,0.3,500,6281800,
"BSR","10:32:15",19.5,0.3,2000,6281300,
"BSR","10:32:09",19.5,0.3,200,6279300,
"BSR","10:31:58",19.5,0.3,10000,6279100,
"BSR","10:31:57",19.5,0.3,1000,6269100,
"BSR","10:31:47",19.5,0.3,100,6268100,
"BSR","10:31:21",19.5,0.3,30000,6268000,
"BSR","10:31:12",19.5,0.3,100,6238000,
"BSR","10:31:01",19.5,0.3,3000,6237900,
"BSR","10:30:12",19.5,0.3,300,6234900,
"BSR","10:30:11",19.5,0.3,100,6234600,
"BSR","10:29:16",19.5,0.3,4500,6234500,
"BSR","10:29:13",19.5,0.3,400,6230000,
"BSR","10:29:11",19.5,0.3,3000,6229600,
"BSR","10:29:09",19.5,0.3,200,6226600,
"BSR","10:29:06",19.5,0.3,300,6226400,
"BSR","10:29:01",19.5,0.3,100,6226100,
"BSR","10:28:49",19.5,0.3,1400,6226000,
"BSR","10:28:48",19.5,0.3,1300,6224600,
"BSR","10:28:41",19.5,0.3,2000,6223300,
"BSR","10:28:28",19.5,0.3,2900,6221300,
"BSR","10:28:23",19.5,0.3,400,6218400,
"BSR","10:28:20",19.5,0.3,200,6218000,
"BSR","10:28:12",19.5,0.3,1000,6217800,
"BSR","10:28:03",19.5,0.3,2000,6216800,
"BSR","10:28:02",19.5,0.3,1000,6214800,
"BSR","10:28:00",19.5,0.3,20000,6213800,
"BSR","10:27:52",19.5,0.3,300,6193800,
"BSR","10:27:47",19.5,0.3,3000,6193500,
"BSR","10:27:41",19.5,0.3,1000,6190500,
"BSR","10:27:11",19.5,0.3,500,6189500,
"BSR","10:27:10",19.5,0.3,1000,6189000,
"BSR","10:27:09",19.5,0.3,100,6188000,
"BSR","10:27:01",19.5,0.3,1100,6187900,
"BSR","10:26:59",19.5,0.3,1300,6186800,
"BSR","10:26:58",19.5,0.3,5000,6185500,
"BSR","10:26:54",19.5,0.3,9600,6180500,
"BSR","10:26:48",19.5,0.3,5000,6170900,
"BSR","10:26:42",19.5,0.3,5000,6165900,
"BSR","10:26:39",19.5,0.3,100,6160900,
"BSR","10:26:38",19.5,0.3,5000,6160800,
"BSR","10:26:36",19.5,0.3,3000,6155800,
"BSR","10:26:35",19.5,0.3,4700,6152800,
"BSR","10:26:33",19.5,0.3,100,6148100,
"BSR","10:26:32",19.4,0.2,200,6148000,
"BSR","10:26:27",19.5,0.3,400,6147800,
"BSR","10:26:25",19.5,0.3,2000,6147400,
"BSR","10:26:20",19.5,0.3,10000,6145400,
"BSR","10:26:17",19.5,0.3,2000,6135400,
"BSR","10:26:15",19.5,0.3,1100,6133400,
"BSR","10:26:12",19.5,0.3,3000,6132300,
"BSR","10:26:11",19.5,0.3,2000,6129300,
"BSR","10:26:07",19.5,0.3,100,6127300,
"BSR","10:25:51",19.5,0.3,1000,6127200,
"BSR","10:25:47",19.5,0.3,1000,6126200,
"BSR","10:25:45",19.5,0.3,100,6125200,
"BSR","10:25:42",19.5,0.3,900,6125100,
"BSR","10:25:41",19.5,0.3,300,6124200,
"BSR","10:25:39",19.5,0.3,100,6123900,
"BSR","10:25:36",19.5,0.3,100,6123800,
"BSR","10:25:35",19.5,0.3,500,6123700,
"BSR","10:25:33",19.5,0.3,400,6123200,
"BSR","10:25:29",19.5,0.3,10000,6122800,
"BSR","10:25:27",19.5,0.3,100,6112800,
"BSR","10:25:26",19.5,0.3,900,6112700,
"BSR","10:25:18",19.5,0.3,500,6111800,
"BSR","10:25:11",19.5,0.3,13000,6111300,
"BSR","10:25:07",19.5,0.3,3000,6098300,
"BSR","10:25:04",19.5,0.3,500,6095300,
"BSR","10:25:02",19.5,0.3,8100,6094800,
"BSR","10:24:58",19.5,0.3,500,6086700,
"BSR","10:24:53",19.5,0.3,8000,6086200,
"BSR","10:24:27",19.5,0.3,2000,6078200,
"BSR","10:24:22",19.5,0.3,500,6076200,
"BSR","10:24:17",19.5,0.3,4900,6075700,
"BSR","10:24:14",19.5,0.3,200,6070800,
"BSR","10:24:12",19.4,0.2,26300,6070600,
"BSR","10:24:06",19.5,0.3,100,6044300,
"BSR","10:23:57",19.5,0.3,500,6044200,
"BSR","10:23:35",19.5,0.3,300,6043700,
"BSR","10:23:30",19.5,0.3,200,6043400,
"BSR","10:23:28",19.5,0.3,200,6043200,
"BSR","10:23:22",19.5,0.3,500,6043000,
"BSR","10:23:15",19.5,0.3,500,6042500,
"BSR","10:23:13",19.5,0.3,100,6042000,
"BSR","10:23:12",19.5,0.3,300,6041900,
"BSR","10:22:56",19.5,0.3,500,6041600,
"BSR","10:22:49",19.5,0.3,100,6041100,
"BSR","10:22:34",19.5,0.3,5000,6041000,
"BSR","10:22:28",19.5,0.3,200,6036000,
"BSR","10:22:15",19.5,0.3,1000,6035800,
"BSR","10:21:58",19.5,0.3,5000,6034800,
"BSR","10:21:56",19.4,0.2,2000,6029800,
"BSR","10:21:44",19.5,0.3,1000,6027800,
"BSR","10:21:37",19.5,0.3,8000,6026800,
"BSR","10:21:29",19.5,0.3,1000,6018800,
"BSR","10:20:59",19.4,0.2,200,6017800,
"BSR","10:20:58",19.5,0.3,5000,6017600,
"BSR","10:20:56",19.5,0.3,2500,6012600,
"BSR","10:20:43",19.5,0.3,500,6010100,
"BSR","10:20:35",19.5,0.3,25000,6009600,
"BSR","10:20:29",19.5,0.3,300,5984600,
"BSR","10:20:24",19.5,0.3,900,5984300,
"BSR","10:20:19",19.5,0.3,200,5983400,
"BSR","10:20:15",19.5,0.3,300,5983200,
"BSR","10:20:10",19.5,0.3,500,5982900,
"BSR","10:20:04",19.5,0.3,100,5982400,
"BSR","10:20:03",19.4,0.2,100,5982300,
"BSR","10:20:00",19.5,0.3,100,5982200,
"BSR","10:19:50",19.5,0.3,13000,5982100,
"BSR","10:19:45",19.5,0.3,2200,5969100,
"BSR","10:19:26",19.5,0.3,1000,5966900,
"BSR","10:19:25",19.5,0.3,400,5965900,
"BSR","10:19:17",19.5,0.3,1500,5965500,
"BSR","10:19:14",19.5,0.3,3000,5964000,
"BSR","10:18:49",19.5,0.3,400,5961000,
"BSR","10:18:48",19.5,0.3,100,5960600,
"BSR","10:18:38",19.5,0.3,1000,5960500,
"BSR","10:18:31",19.5,0.3,400,5959500,
"BSR","10:18:29",19.5,0.3,10000,5959100,
"BSR","10:18:19",19.4,0.2,2300,5949100,
"BSR","10:18:15",19.5,0.3,200,5946800,
"BSR","10:18:04",19.5,0.3,200,5946600,
"BSR","10:17:35",19.5,0.3,300,5946400,
"BSR","10:17:28",19.5,0.3,300,5946100,
"BSR","10:17:18",19.5,0.3,100,5945000,
"BSR","10:17:11",19.5,0.3,10000,5944900,
"BSR","10:17:09",19.5,0.3,20000,5934900,
"BSR","10:17:02",19.5,0.3,500,5914900,
"BSR","10:16:51",19.4,0.2,5000,5914400,
"BSR","10:16:46",19.5,0.3,100,5909400,
"BSR","10:16:40",19.5,0.3,100,5909300,
"BSR","10:16:39",19.5,0.3,3000,5909200,
"BSR","10:16:30",19.5,0.3,1000,5906200,
"BSR","10:16:29",19.5,0.3,100,5905200,
"BSR","10:16:25",19.5,0.3,100,5905100,
"BSR","10:16:23",19.5,0.3,1000,5905000,
"BSR","10:16:06",19.5,0.3,200,5904000,
"BSR","10:16:05",19.4,0.2,1000,5903800,
"BSR","10:15:58",19.5,0.3,200,5902800,
"BSR","10:15:56",19.5,0.3,10000,5902600,
"BSR","10:15:55",19.5,0.3,100,5892600,
"BSR","10:15:54",19.5,0.3,20000,5892500,
"BSR","10:15:50",19.5,0.3,500,5872500,
"BSR","10:15:36",19.5,0.3,5000,5872000,
"BSR","10:15:29",19.4,0.2,1100,5867000,
"BSR","10:15:27",19.5,0.3,100,5865900,
"BSR","10:15:24",19.5,0.3,1000,5865800,
"BSR","10:15:22",19.5,0.3,2000,5864800,
"BSR","10:15:19",19.5,0.3,900,5862800,
"BSR","10:15:13",19.5,0.3,1000,5861900,
"BSR","10:15:11",19.5,0.3,1100,5860900,
"BSR","10:15:07",19.5,0.3,500,5859800,
"BSR","10:15:06",19.5,0.3,10000,5859300,
"BSR","10:15:03",19.5,0.3,200,5849300,
"BSR","10:14:58",19.5,0.3,100,5849100,
"BSR","10:14:52",19.5,0.3,500,5849000,
"BSR","10:14:51",19.4,0.2,2000,5848500,
"BSR","10:14:44",19.5,0.3,900,5846500,
"BSR","10:14:42",19.5,0.3,100,5845600,
"BSR","10:14:36",19.5,0.3,1500,5845500,
"BSR","10:14:30",19.5,0.3,100,5844000,
"BSR","10:14:21",19.5,0.3,1000,5843900,
"BSR","10:14:20",19.5,0.3,1500,5842900,
"BSR","10:14:13",19.5,0.3,20000,5841400,
"BSR","10:14:09",19.5,0.3,1000,5821400,
"BSR","10:13:59",19.5,0.3,7000,5820400,
"BSR","10:13:58",19.5,0.3,100,5813400,
"BSR","10:13:51",19.5,0.3,300,5813300,
"BSR","10:13:50",19.5,0.3,500,5813000,
"BSR","10:13:41",19.5,0.3,500,5812500,
"BSR","10:13:38",19.5,0.3,1000,5812000,
"BSR","10:13:37",19.5,0.3,500,5811000,
"BSR","10:13:28",19.5,0.3,100,5810500,
"BSR","10:13:27",19.5,0.3,2000,5810400,
"BSR","10:13:23",19.5,0.3,1000,5808400,
"BSR","10:13:20",19.5,0.3,300,5807400,
"BSR","10:13:18",19.5,0.3,10600,5807100,
"BSR","10:13:09",19.5,0.3,3000,5796500,
"BSR","10:13:04",19.5,0.3,2000,5793500,
"BSR","10:13:02",19.5,0.3,1000,5791500,
"BSR","10:12:53",19.5,0.3,600000,5790500,
"BSR","10:12:51",19.6,0.4,200,5190500,
"BSR","10:12:49",19.6,0.4,3000,5190300,
"BSR","10:12:45",19.6,0.4,100,5187300,
"BSR","10:12:39",19.6,0.4,1100,5187200,
"BSR","10:12:26",19.5,0.3,100,5186100,
"BSR","10:12:21",19.5,0.3,300,5186000,
"BSR","10:12:18",19.6,0.4,100,5185700,
"BSR","10:12:11",19.6,0.4,200,5185600,
"BSR","10:12:10",19.6,0.4,5000,5185400,
"BSR","10:12:07",19.5,0.3,500,5180400,
"BSR","10:12:00",19.6,0.4,100,5179900,
"BSR","10:11:46",19.6,0.4,84000,5179800,
"BSR","10:11:26",19.5,0.3,1000,5095800,
"BSR","10:11:18",19.6,0.4,100,5094800,
"BSR","10:11:14",19.5,0.3,100,5094700,
"BSR","10:11:13",19.6,0.4,100,5094600,
"BSR","10:11:12",19.5,0.3,1000,5094500,
"BSR","10:11:10",19.6,0.4,700,5093500,
"BSR","10:11:01",19.6,0.4,1000,5092800,
"BSR","10:11:00",19.6,0.4,100,5091800,
"BSR","10:10:58",19.6,0.4,1000,5091700,
"BSR","10:10:38",19.6,0.4,1000,5090700,
"BSR","10:10:35",19.6,0.4,200,5089700,
"BSR","10:10:30",19.6,0.4,100,5089500,
"BSR","10:10:18",19.6,0.4,500,5089400,
"BSR","10:10:17",19.6,0.4,2600,5088900,
"BSR","10:10:13",19.6,0.4,200,5086300,
"BSR","10:10:09",19.6,0.4,5000,5086100,
"BSR","10:10:04",19.6,0.4,300,5081100,
"BSR","10:10:03",19.5,0.3,5000,5080800,
"BSR","10:09:58",19.6,0.4,1000,5075800,
"BSR","10:09:51",19.6,0.4,900,5074800,
"BSR","10:09:50",19.6,0.4,500,5073900,
"BSR","10:09:48",19.6,0.4,200,5073400,
"BSR","10:09:47",19.6,0.4,2500,5073200,
"BSR","10:09:45",19.6,0.4,2300,5070700,
"BSR","10:09:44",19.6,0.4,10000,5068400,
"BSR","10:09:41",19.6,0.4,1000,5058400,
"BSR","10:09:36",19.6,0.4,800,5057400,
"BSR","10:09:26",19.6,0.4,10000,5056600,
"BSR","10:09:11",19.6,0.4,200,5046600,
"BSR","10:09:08",19.6,0.4,100,5046400,
"BSR","10:09:06",19.5,0.3,2000,5046300,
"BSR","10:09:00",19.6,0.4,7000,5044300,
"BSR","10:08:55",19.6,0.4,21000,5036300,
"BSR","10:08:50",19.6,0.4,400,5015300,
"BSR","10:08:49",19.6,0.4,300,5014900,
"BSR","10:08:46",19.6,0.4,400,5014600,
"BSR","10:08:44",19.6,0.4,30000,5014200,
"BSR","10:08:36",19.6,0.4,1000,4984200,
"BSR","10:08:29",19.6,0.4,50000,4983200,
"BSR","10:08:25",19.5,0.3,1000,4933200,
"BSR","10:08:14",19.6,0.4,15000,4932200,
"BSR","10:08:04",19.5,0.3,5000,4917200,
"BSR","10:07:55",19.6,0.4,1000,4912200,
"BSR","10:07:46",19.6,0.4,100,4911200,
"BSR","10:07:39",19.5,0.3,100,4911100,
"BSR","10:07:38",19.6,0.4,200,4911000,
"BSR","10:07:32",19.6,0.4,1000,4910800,
"BSR","10:06:58",19.6,0.4,8000,4909800,
"BSR","10:06:45",19.6,0.4,700,4901800,
"BSR","10:06:12",19.6,0.4,1000,4901100,
"BSR","10:06:03",19.6,0.4,100,4900100,
"BSR","10:06:01",19.6,0.4,200,4900000,
"BSR","10:05:58",19.6,0.4,100,4899800,
"BSR","10:05:50",19.5,0.3,1700,4899700,
"BSR","10:05:41",19.6,0.4,1000,4898000,
"BSR","10:05:39",19.6,0.4,300,4897000,
"BSR","10:05:30",19.6,0.4,1000,4896700,
"BSR","10:05:18",19.6,0.4,7900,4895700,
"BSR","10:05:16",19.6,0.4,30000,4887800,
"BSR","10:05:07",19.6,0.4,500,4857800,
"BSR","10:04:53",19.6,0.4,1000,4857300,
"BSR","10:04:32",19.6,0.4,200,4856300,
"BSR","10:04:25",19.6,0.4,200,4856100,
"BSR","10:04:22",19.6,0.4,2000,4855900,
"BSR","10:04:17",19.6,0.4,200,4853900,
"BSR","10:04:13",19.6,0.4,5100,4853700,
"BSR","10:04:11",19.6,0.4,1000,4848600,
"BSR","10:04:06",19.6,0.4,200,4847600,
"BSR","10:04:01",19.6,0.4,500,4847400,
"BSR","10:04:00",19.6,0.4,200,4846900,
"BSR","10:03:59",19.5,0.3,1900,4846700,
"BSR","10:03:54",19.6,0.4,500,4844800,
"BSR","10:03:53",19.6,0.4,2000,4844300,
"BSR","10:03:44",19.6,0.4,1000,4842300,
"BSR","10:03:27",19.5,0.3,400,4841300,
"BSR","10:03:20",19.6,0.4,5000,4840900,
"BSR","10:03:17",19.6,0.4,100,4835900,
"BSR","10:03:16",19.6,0.4,900,4835800,
"BSR","10:02:47",19.6,0.4,200,4834900,
"BSR","10:02:46",19.6,0.4,700,4834700,
"BSR","10:02:38",19.6,0.4,2000,4834000,
"BSR","10:02:16",19.6,0.4,200,4832000,
"BSR","10:02:13",19.5,0.3,100,4831800,
"BSR","10:02:09",19.5,0.3,500,4831700,
"BSR","10:01:54",19.5,0.3,500,4831200,
"BSR","10:01:43",19.6,0.4,500,4830700,
"BSR","10:01:29",19.5,0.3,300,4830200,
"BSR","10:01:28",19.6,0.4,2000,4829900,
"BSR","10:01:26",19.6,0.4,100,4827900,
"BSR","10:01:24",19.6,0.4,100,4827800,
"BSR","10:01:14",19.6,0.4,800,4827700,
"BSR","10:01:11",19.6,0.4,900,4826900,
"BSR","10:01:09",19.6,0.4,500,4826000,
"BSR","10:00:58",19.6,0.4,5000,4825500,
"BSR","10:00:50",19.6,0.4,700,4820500,
"BSR","10:00:45",19.6,0.4,4000,4819800,
"BSR","10:00:40",19.6,0.4,1000,4815800,
"BSR","10:00:39",19.5,0.3,2000,4814800,
"BSR","10:00:28",19.6,0.4,10000,4812800,
"BSR","10:00:26",19.5,0.3,100,4802800,
"BSR","10:00:16",19.6,0.4,200,4802700,
"BSR","10:00:14",19.6,0.4,1000,4802500,
"BSR","10:00:10",19.6,0.4,600,4801500,
"BSR","10:00:07",19.6,0.4,4000,4800900,
"BSR","09:59:58",19.6,0.4,50000,4796900,
"BSR","09:59:46",19.5,0.3,600,4746900,
"BSR","09:59:45",19.6,0.4,6000,4746300,
"BSR","09:59:42",19.5,0.3,5000,4740300,
"BSR","09:59:34",19.5,0.3,1000,4735300,
"BSR","09:59:16",19.6,0.4,2000,4734300,
"BSR","09:59:11",19.6,0.4,400,4732300,
"BSR","09:59:10",19.6,0.4,2000,4731900,
"BSR","09:58:57",19.6,0.4,3000,4729900,
"BSR","09:58:56",19.6,0.4,2400,4726900,
"BSR","09:58:54",19.6,0.4,100,4724500,
"BSR","09:58:51",19.6,0.4,5000,4724400,
"BSR","09:58:50",19.5,0.3,2000,4719400,
"BSR","09:58:49",19.6,0.4,500,4717400,
"BSR","09:58:40",19.6,0.4,1500,4716900,
"BSR","09:58:36",19.6,0.4,200,4715400,
"BSR","09:58:34",19.6,0.4,500,4715200,
"BSR","09:58:33",19.6,0.4,5000,4714700,
"BSR","09:58:30",19.6,0.4,5000,4709700,
"BSR","09:58:29",19.6,0.4,600,4704700,
"BSR","09:58:22",19.6,0.4,5000,4704100,
"BSR","09:58:20",19.6,0.4,3500,4699100,
"BSR","09:58:09",19.6,0.4,700,4695600,
"BSR","09:58:05",19.6,0.4,5000,4694900,
"BSR","09:58:01",19.6,0.4,200,4689900,
"BSR","09:58:00",19.6,0.4,1000,4689700,
"BSR","09:57:58",19.6,0.4,5000,4688700,
"BSR","09:57:57",19.6,0.4,93100,4683700,
"BSR","09:57:52",19.6,0.4,50000,4590600,
"BSR","09:57:38",19.6,0.4,1000,4540600,
"BSR","09:57:36",19.6,0.4,1000,4539600,
"BSR","09:57:21",19.6,0.4,5000,4538600,
"BSR","09:57:07",19.6,0.4,1000,4533600,
"BSR","09:57:00",19.6,0.4,100,4532600,
"BSR","09:56:58",19.6,0.4,2300,4532500,
"BSR","09:56:50",19.6,0.4,65700,4530200,
"BSR","09:56:49",19.6,0.4,30000,4464500,
"BSR","09:56:44",19.6,0.4,5300,4434500,
"BSR","09:56:43",19.6,0.4,1000,4429200,
"BSR","09:56:40",19.6,0.4,5500,4428200,
"BSR","09:56:39",19.6,0.4,2200,4422700,
"BSR","09:56:38",19.6,0.4,6000,4420500,
"BSR","09:56:37",19.6,0.4,3000,4414500,
"BSR","09:56:36",19.6,0.4,500,4411500,
"BSR","09:56:34",19.6,0.4,18000,4411000,
"BSR","09:56:32",19.6,0.4,16000,4393000,
"BSR","09:56:28",19.6,0.4,14300,4377000,
"BSR","09:56:25",19.6,0.4,1000,4362700,
"BSR","09:56:22",19.6,0.4,400,4361700,
"BSR","09:56:21",19.6,0.4,2000,4361300,
"BSR","09:56:20",19.6,0.4,200,4359300,
"BSR","09:56:19",19.6,0.4,500,4359100,
"BSR","09:56:14",19.6,0.4,3700,4358600,
"BSR","09:56:12",19.6,0.4,200,4354900,
"BSR","09:56:10",19.6,0.4,10000,4354700,
"BSR","09:56:09",19.6,0.4,1000,4344700,
"BSR","09:56:08",19.6,0.4,1300,4343700,
"BSR","09:56:07",19.6,0.4,2000,4342400,
"BSR","09:56:01",19.6,0.4,400,4340400,
"BSR","09:55:57",19.6,0.4,500,4340000,
"BSR","09:55:56",19.6,0.4,6000,4339500,
"BSR","09:55:55",19.6,0.4,500,4333500,
"BSR","09:55:50",19.6,0.4,100,4333000,
"BSR","09:55:49",19.6,0.4,2000,4332900,
"BSR","09:55:48",19.6,0.4,900,4330900,
"BSR","09:55:46",19.6,0.4,300,4330000,
"BSR","09:55:45",19.6,0.4,2000,4329700,
"BSR","09:55:44",19.6,0.4,100,4327700,
"BSR","09:55:42",19.6,0.4,200,4327600,
"BSR","09:55:39",19.6,0.4,1000,4327400,
"BSR","09:55:38",19.6,0.4,1400,4326400,
"BSR","09:55:37",19.6,0.4,2000,4325000,
"BSR","09:55:36",19.6,0.4,300,4323000,
"BSR","09:55:30",19.6,0.4,2000,4322700,
"BSR","09:55:29",19.6,0.4,3000,4320700,
"BSR","09:55:28",19.6,0.4,5000,4317700,
"BSR","09:55:27",19.6,0.4,300,4312700,
"BSR","09:55:26",19.6,0.4,100,4312400,
"BSR","09:55:21",19.6,0.4,2600,4312300,
"BSR","09:55:20",19.6,0.4,5000,4309700,
"BSR","09:55:18",19.6,0.4,2200,4304700,
"BSR","09:55:15",19.6,0.4,600,4302500,
"BSR","09:54:57",19.6,0.4,16000,4301900,
"BSR","09:54:49",19.5,0.3,300,4285900,
"BSR","09:54:47",19.6,0.4,2000,4285600,
"BSR","09:54:46",19.6,0.4,300,4283600,
"BSR","09:54:45",19.6,0.4,5000,4283300,
"BSR","09:54:44",19.6,0.4,63600,4278300,
"BSR","09:54:38",19.6,0.4,25000,4214700,
"BSR","09:54:34",19.6,0.4,500,4189700,
"BSR","09:54:27",19.6,0.4,40000,4189200,
"BSR","09:54:20",19.6,0.4,2400,4149200,
"BSR","09:54:12",19.6,0.4,10000,4146800,
"BSR","09:54:10",19.6,0.4,10000,4136800,
"BSR","09:54:05",19.7,0.5,100,4126800,
"BSR","09:54:02",19.6,0.4,10000,4126700,
"BSR","09:53:56",19.6,0.4,2000,4116700,
"BSR","09:53:53",19.6,0.4,128900,4114700,
"BSR","09:53:52",19.6,0.4,5000,3985800,
"BSR","09:53:51",19.6,0.4,500,3980800,
"BSR","09:53:49",19.6,0.4,15000,3980300,
"BSR","09:53:48",19.6,0.4,2100,3965300,
"BSR","09:53:47",19.6,0.4,15000,3963200,
"BSR","09:53:46",19.6,0.4,3400,3948200,
"BSR","09:53:45",19.6,0.4,1100,3944800,
"BSR","09:53:42",19.6,0.4,6000,3943700,
"BSR","09:53:41",19.6,0.4,1100,3937700,
"BSR","09:53:40",19.6,0.4,700,3936600,
"BSR","09:53:39",19.6,0.4,2000,3935900,
"BSR","09:53:35",19.6,0.4,1100,3933900,
"BSR","09:53:34",19.6,0.4,6500,3932800,
"BSR","09:53:33",19.5,0.3,6000,3926300,
"BSR","09:53:32",19.6,0.4,100,3920300,
"BSR","09:53:31",19.6,0.4,3000,3920200,
"BSR","09:53:29",19.6,0.4,10700,3917200,
"BSR","09:53:28",19.6,0.4,600,3906500,
"BSR","09:53:27",19.6,0.4,300,3905900,
"BSR","09:53:26",19.6,0.4,4800,3905600,
"BSR","09:53:25",19.6,0.4,500,3900800,
"BSR","09:53:13",19.6,0.4,3000,3900300,
"BSR","09:53:10",19.6,0.4,3000,3897300,
"BSR","09:53:09",19.5,0.3,1900,3894300,
"BSR","09:53:07",19.6,0.4,3600,3892400,
"BSR","09:53:05",19.6,0.4,100,3888800,
"BSR","09:53:01",19.6,0.4,3100,3888700,
"BSR","09:52:58",19.6,0.4,1900,3885600,
"BSR","09:52:55",19.6,0.4,300,3883700,
"BSR","09:52:48",19.6,0.4,500,3883400,
"BSR","09:52:47",19.6,0.4,100,3882900,
"BSR","09:52:45",19.6,0.4,200,3882800,
"BSR","09:52:44",19.6,0.4,100,3882600,
"BSR","09:52:43",19.6,0.4,200,3882500,
"BSR","09:52:41",19.6,0.4,3000,3882300,
"BSR","09:52:37",19.6,0.4,5000,3879300,
"BSR","09:52:36",19.6,0.4,900,3874300,
"BSR","09:52:35",19.6,0.4,1000,3873400,
"BSR","09:52:34",19.6,0.4,200,3872400,
"BSR","09:52:31",19.5,0.3,100,3872200,
"BSR","09:52:25",19.6,0.4,200,3872100,
"BSR","09:52:24",19.6,0.4,1000,3871900,
"BSR","09:52:23",19.5,0.3,100,3870900,
"BSR","09:52:20",19.6,0.4,43700,3870800,
"BSR","09:52:12",19.6,0.4,300,3827100,
"BSR","09:52:04",19.6,0.4,400,3826800,
"BSR","09:51:59",19.6,0.4,500,3826400,
"BSR","09:51:56",19.6,0.4,1200,3825900,
"BSR","09:51:52",19.6,0.4,1000,3824700,
"BSR","09:51:48",19.6,0.4,1000,3823700,
"BSR","09:51:46",19.6,0.4,7400,3822700,
"BSR","09:51:44",19.6,0.4,1000,3815300,
"BSR","09:51:40",19.6,0.4,100,3814300,
"BSR","09:51:35",19.6,0.4,4700,3814200,
"BSR","09:51:29",19.6,0.4,600,3809500,
"BSR","09:51:27",19.6,0.4,100,3808900,
"BSR","09:51:18",19.6,0.4,10000,3808800,
"BSR","09:51:17",19.5,0.3,3000,3798800,
"BSR","09:51:08",19.6,0.4,1200,3795800,
"BSR","09:51:07",19.6,0.4,1000,3794600,
"BSR","09:51:03",19.6,0.4,10000,3793600,
"BSR","09:50:59",19.6,0.4,14000,3783600,
"BSR","09:50:58",19.6,0.4,600,3769600,
"BSR","09:50:56",19.6,0.4,10000,3769000,
"BSR","09:50:55",19.6,0.4,1400,3759000,
"BSR","09:50:53",19.5,0.3,2100,3757600,
"BSR","09:50:51",19.6,0.4,100,3755500,
"BSR","09:50:48",19.6,0.4,100,3755400,
"BSR","09:50:42",19.6,0.4,200,3755300,
"BSR","09:50:39",19.6,0.4,1000,3755100,
"BSR","09:50:38",19.6,0.4,6000,3754100,
"BSR","09:50:35",19.6,0.4,500,3748100,
"BSR","09:50:32",19.6,0.4,300,3747600,
"BSR","09:50:30",19.6,0.4,200,3747300,
"BSR","09:50:28",19.6,0.4,5000,3747100,
"BSR","09:50:21",19.6,0.4,2000,3742100,
"BSR","09:50:16",19.6,0.4,300,3740100,
"BSR","09:50:15",19.6,0.4,400,3739800,
"BSR","09:50:07",19.6,0.4,10600,3739400,
"BSR","09:50:06",19.6,0.4,300,3728800,
"BSR","09:50:05",19.6,0.4,100,3728500,
"BSR","09:50:04",19.6,0.4,9500,3728400,
"BSR","09:50:03",19.6,0.4,3700,3718900,
"BSR","09:50:01",19.6,0.4,200,3715200,
"BSR","09:49:58",19.6,0.4,2000,3715000,
"BSR","09:49:57",19.6,0.4,1200,3713000,
"BSR","09:49:53",19.6,0.4,2000,3711800,
"BSR","09:49:50",19.6,0.4,300,3709800,
"BSR","09:49:46",19.6,0.4,1000,3709500,
"BSR","09:49:42",19.6,0.4,12500,3708500,
"BSR","09:49:39",19.6,0.4,100,3696000,
"BSR","09:49:37",19.6,0.4,3900,3695900,
"BSR","09:49:36",19.6,0.4,100,3692000,
"BSR","09:49:34",19.6,0.4,400,3691900,
"BSR","09:49:33",19.6,0.4,800,3691500,
"BSR","09:49:31",19.6,0.4,2000,3690700,
"BSR","09:49:30",19.6,0.4,2000,3688700,
"BSR","09:49:29",19.6,0.4,300,3686700,
"BSR","09:49:27",19.6,0.4,3000,3686400,
"BSR","09:49:21",19.6,0.4,800,3683400,
"BSR","09:49:19",19.6,0.4,300,3682600,
"BSR","09:49:18",19.6,0.4,10500,3682300,
"BSR","09:49:17",19.6,0.4,3200,3671800,
"BSR","09:49:16",19.6,0.4,1100,3668600,
"BSR","09:49:14",19.6,0.4,1400,3667500,
"BSR","09:49:13",19.6,0.4,4700,3666100,
"BSR","09:49:12",19.6,0.4,5000,3661400,
"BSR","09:49:09",19.6,0.4,100,3656400,
"BSR","09:49:07",19.6,0.4,200,3656300,
"BSR","09:49:05",19.6,0.4,100,3656100,
"BSR","09:49:03",19.6,0.4,100,3654000,
"BSR","09:49:02",19.6,0.4,7100,3653900,
"BSR","09:49:00",19.6,0.4,1000,3646800,
"BSR","09:48:59",19.6,0.4,13000,3645800,
"BSR","09:48:57",19.6,0.4,1000,3632300,
"BSR","09:48:55",19.6,0.4,10200,3631300,
"BSR","09:48:54",19.6,0.4,100,3621100,
"BSR","09:48:53",19.6,0.4,400,3621000,
"BSR","09:48:52",19.6,0.4,100,3620600,
"BSR","09:48:50",19.6,0.4,10000,3620500,
"BSR","09:48:48",19.6,0.4,100000,3610500,
"BSR","09:48:47",19.6,0.4,100,3510500,
"BSR","09:48:46",19.7,0.5,400,3510400,
"BSR","09:48:43",19.7,0.5,1500,3510000,
"BSR","09:48:37",19.7,0.5,1000,3508500,
"BSR","09:48:33",19.7,0.5,100,3507500,
"BSR","09:48:30",19.6,0.4,100000,3507400,
"BSR","09:48:29",19.7,0.5,20000,3407400,
"BSR","09:48:28",19.7,0.5,5400,3387400,
"BSR","09:48:27",19.7,0.5,2000,3382000,
"BSR","09:48:21",19.7,0.5,1000,3380000,
"BSR","09:48:16",19.7,0.5,10000,3379000,
"BSR","09:48:13",19.6,0.4,1000,3369000,
"BSR","09:48:11",19.7,0.5,900,3368000,
"BSR","09:48:06",19.7,0.5,20100,3367100,
"BSR","09:48:05",19.7,0.5,6000,3347000,
"BSR","09:48:04",19.7,0.5,52000,3341000,
"BSR","09:48:02",19.6,0.4,500,3289000,
"BSR","09:47:59",19.7,0.5,2000,3288500,
"BSR","09:47:54",19.6,0.4,9000,3286500,
"BSR","09:47:43",19.7,0.5,300,3277500,
"BSR","09:47:40",19.6,0.4,1100,3277200,
"BSR","09:47:34",19.6,0.4,300,3276100,
"BSR","09:47:32",19.7,0.5,500,3275800,
"BSR","09:47:31",19.7,0.5,20000,3275300,
"BSR","09:47:27",19.7,0.5,200,3255300,
"BSR","09:47:23",19.7,0.5,5300,3255100,
"BSR","09:47:20",19.7,0.5,2000,3249800,
"BSR","09:47:17",19.6,0.4,600,3247800,
"BSR","09:47:14",19.6,0.4,1000,3247200,
"BSR","09:47:07",19.7,0.5,100,3246200,
"BSR","09:47:02",19.6,0.4,800,3246100,
"BSR","09:47:00",19.6,0.4,1400,3245300,
"BSR","09:46:59",19.6,0.4,5000,3243900,
"BSR","09:46:58",19.6,0.4,2100,3238900,
"BSR","09:46:53",19.6,0.4,14700,3236800,
"BSR","09:46:52",19.6,0.4,30700,3222100,
"BSR","09:46:51",19.6,0.4,23800,3191400,
"BSR","09:46:50",19.6,0.4,15100,3167600,
"BSR","09:46:49",19.6,0.4,2000,3152500,
"BSR","09:46:48",19.6,0.4,18800,3150500,
"BSR","09:46:47",19.6,0.4,10200,3131700,
"BSR","09:46:46",19.6,0.4,110400,3121500,
"BSR","09:46:45",19.6,0.4,83000,3011100,
"BSR","09:46:44",19.5,0.3,100,2928100,
"BSR","09:46:43",19.6,0.4,4000,2928000,
"BSR","09:46:41",19.6,0.4,39800,2924000,
"BSR","09:46:40",19.6,0.4,13500,2884200,
"BSR","09:46:39",19.6,0.4,5000,2870700,
"BSR","09:46:38",19.6,0.4,11000,2865700,
"BSR","09:46:37",19.6,0.4,25000,2854700,
"BSR","09:46:36",19.6,0.4,20500,2829700,
"BSR","09:46:34",19.6,0.4,35000,2809200,
"BSR","09:46:33",19.6,0.4,7000,2774200,
"BSR","09:46:32",19.6,0.4,22800,2767200,
"BSR","09:46:31",19.6,0.4,200,2744400,
"BSR","09:46:30",19.6,0.4,700,2744200,
"BSR","09:46:27",19.6,0.4,5400,2743500,
"BSR","09:46:25",19.6,0.4,14800,2738100,
"BSR","09:46:24",19.6,0.4,8000,2723300,
"BSR","09:46:23",19.6,0.4,3100,2715300,
"BSR","09:46:22",19.6,0.4,18000,2712200,
"BSR","09:46:21",19.6,0.4,5000,2694200,
"BSR","09:46:16",19.6,0.4,1000,2689200,
"BSR","09:46:15",19.6,0.4,1000,2688200,
"BSR","09:46:13",19.6,0.4,1600,2687200,
"BSR","09:46:12",19.6,0.4,200,2685600,
"BSR","09:46:10",19.6,0.4,500,2685400,
"BSR","09:46:09",19.6,0.4,100,2684900,
"BSR","09:46:07",19.6,0.4,1700,2684800,
"BSR","09:46:06",19.6,0.4,5000,2683100,
"BSR","09:46:03",19.6,0.4,1000,2678100,
"BSR","09:46:01",19.6,0.4,100,2677100,
"BSR","09:45:59",19.6,0.4,200,2677000,
"BSR","09:45:58",19.6,0.4,10500,2676800,
"BSR","09:45:56",19.6,0.4,3100,2666300,
"BSR","09:45:53",19.6,0.4,400,2663200,
"BSR","09:45:51",19.5,0.3,500,2662800,
"BSR","09:45:50",19.6,0.4,6400,2662300,
"BSR","09:45:46",19.6,0.4,1000,2655900,
"BSR","09:45:45",19.6,0.4,1000,2654900,
"BSR","09:45:44",19.6,0.4,90000,2653900,
"BSR","09:45:43",19.6,0.4,7100,2563900,
"BSR","09:45:42",19.6,0.4,5000,2556800,
"BSR","09:45:41",19.6,0.4,300,2551800,
"BSR","09:45:34",19.6,0.4,700,2551500,
"BSR","09:45:32",19.6,0.4,300,2550800,
"BSR","09:45:26",19.5,0.3,2700,2550500,
"BSR","09:45:25",19.6,0.4,5000,2547800,
"BSR","09:45:23",19.6,0.4,1600,2542800,
"BSR","09:45:18",19.6,0.4,2000,2541200,
"BSR","09:45:12",19.5,0.3,100,2539200,
"BSR","09:45:11",19.5,0.3,2800,2539100,
"BSR","09:45:03",19.6,0.4,24000,2536300,
"BSR","09:45:02",19.5,0.3,2000,2512300,
"BSR","09:44:57",19.5,0.3,7000,2510300,
"BSR","09:44:55",19.6,0.4,300,2503300,
"BSR","09:44:52",19.6,0.4,2000,2503000,
"BSR","09:44:44",19.5,0.3,100,2501000,
"BSR","09:44:27",19.5,0.3,100,2500900,
"BSR","09:44:20",19.5,0.3,100,2500800,
"BSR","09:44:11",19.5,0.3,1600,2500700,
"BSR","09:44:04",19.6,0.4,2000,2499100,
"BSR","09:44:03",19.6,0.4,100,2497100,
"BSR","09:44:00",19.5,0.3,400,2497000,
"BSR","09:43:50",19.5,0.3,7900,2496600,
"BSR","09:43:49",19.5,0.3,500,2488700,
"BSR","09:43:48",19.5,0.3,54500,2488200,
"BSR","09:43:47",19.5,0.3,30000,2433700,
"BSR","09:43:46",19.5,0.3,7500,2403700,
"BSR","09:43:45",19.5,0.3,8100,2396200,
"BSR","09:43:44",19.5,0.3,30700,2388100,
"BSR","09:43:43",19.5,0.3,2000,2357400,
"BSR","09:43:42",19.5,0.3,600,2355400,
"BSR","09:43:41",19.5,0.3,200000,2354800,
"BSR","09:43:40",19.5,0.3,20000,2154800,
"BSR","09:43:39",19.5,0.3,17000,2134800,
"BSR","09:43:38",19.5,0.3,10100,2117800,
"BSR","09:43:37",19.5,0.3,7000,2107700,
"BSR","09:43:36",19.5,0.3,200,2100700,
"BSR","09:43:35",19.5,0.3,16200,2100500,
"BSR","09:43:34",19.5,0.3,100000,2084300,
"BSR","09:43:33",19.5,0.3,5100,1984300,
"BSR","09:43:31",19.5,0.3,52000,1979200,
"BSR","09:43:30",19.5,0.3,1000,1927200,
"BSR","09:43:28",19.5,0.3,13500,1926200,
"BSR","09:43:26",19.5,0.3,300,1912700,
"BSR","09:43:23",19.5,0.3,23000,1912400,
"BSR","09:43:18",19.5,0.3,500,1889400,
"BSR","09:43:11",19.5,0.3,6000,1888900,
"BSR","09:43:09",19.5,0.3,500,1882900,
"BSR","09:43:03",19.5,0.3,1000,1882400,
"BSR","09:42:56",19.5,0.3,7100,1881400,
"BSR","09:42:53",19.5,0.3,3000,1874300,
"BSR","09:42:49",19.5,0.3,20000,1871300,
"BSR","09:42:30",19.4,0.2,100,1851300,
"BSR","09:42:26",19.5,0.3,200,1851200,
"BSR","09:42:24",19.5,0.3,1000,1851000,
"BSR","09:42:22",19.5,0.3,2000,1850000,
"BSR","09:42:21",19.4,0.2,4000,1848000,
"BSR","09:42:18",19.5,0.3,600,1844000,
"BSR","09:42:09",19.5,0.3,100,1843400,
"BSR","09:41:50",19.4,0.2,200,1843300,
"BSR","09:41:47",19.5,0.3,1900,1843100,
"BSR","09:41:44",19.5,0.3,18000,1841200,
"BSR","09:41:41",19.5,0.3,100,1823200,
"BSR","09:41:40",19.4,0.2,100,1823100,
"BSR","09:41:35",19.5,0.3,2000,1823000,
"BSR","09:41:34",19.5,0.3,500,1821000,
"BSR","09:41:29",19.5,0.3,1000,1820500,
"BSR","09:41:11",19.5,0.3,5000,1819500,
"BSR","09:40:56",19.4,0.2,200,1814500,
"BSR","09:40:51",19.5,0.3,100,1814300,
"BSR","09:40:38",19.5,0.3,100,1814200,
"BSR","09:40:37",19.5,0.3,600,1814100,
"BSR","09:40:31",19.5,0.3,1000,1813500,
"BSR","09:40:28",19.4,0.2,1000,1812500,
"BSR","09:40:18",19.5,0.3,800,1811500,
"BSR","09:40:07",19.5,0.3,18900,1810700,
"BSR","09:40:03",19.5,0.3,5300,1791800,
"BSR","09:39:59",19.5,0.3,600,1786500,
"BSR","09:39:44",19.4,0.2,10000,1785900,
"BSR","09:39:38",19.5,0.3,1000,1775900,
"BSR","09:39:33",19.5,0.3,10000,1774900,
"BSR","09:39:30",19.4,0.2,2000,1764900,
"BSR","09:39:27",19.4,0.2,200,1762900,
"BSR","09:39:21",19.4,0.2,200,1762700,
"BSR","09:39:13",19.4,0.2,1000,1762500,
"BSR","09:39:12",19.4,0.2,2000,1761500,
"BSR","09:39:07",19.4,0.2,20000,1759500,
"BSR","09:38:57",19.4,0.2,300,1739500,
"BSR","09:38:55",19.4,0.2,5000,1739200,
"BSR","09:38:49",19.4,0.2,500,1734200,
"BSR","09:38:44",19.4,0.2,200,1733700,
"BSR","09:38:41",19.4,0.2,3000,1733500,
"BSR","09:38:38",19.4,0.2,2000,1730500,
"BSR","09:38:29",19.4,0.2,88300,1728500,
"BSR","09:38:22",19.4,0.2,400,1640200,
"BSR","09:38:18",19.4,0.2,5000,1639800,
"BSR","09:38:14",19.4,0.2,300,1634800,
"BSR","09:38:07",19.4,0.2,500,1634500,
"BSR","09:38:05",19.4,0.2,5000,1634000,
"BSR","09:38:04",19.4,0.2,600,1629000,
"BSR","09:38:03",19.4,0.2,12500,1628400,
"BSR","09:38:02",19.5,0.3,100,1615900,
"BSR","09:38:00",19.4,0.2,1000,1615800,
"BSR","09:37:59",19.4,0.2,100,1614800,
"BSR","09:37:58",19.4,0.2,1100,1614700,
"BSR","09:37:57",19.4,0.2,1000,1613600,
"BSR","09:37:56",19.4,0.2,90100,1612600,
"BSR","09:37:55",19.4,0.2,5000,1522500,
"BSR","09:37:51",19.4,0.2,5000,1517500,
"BSR","09:37:49",19.4,0.2,1000,1512500,
"BSR","09:37:40",19.4,0.2,100,1511500,
"BSR","09:37:37",19.4,0.2,7200,1511400,
"BSR","09:37:35",19.4,0.2,500,1504200,
"BSR","09:37:33",19.5,0.3,5500,1503700,
"BSR","09:37:30",19.5,0.3,5000,1498200,
"BSR","09:37:27",19.4,0.2,700,1493200,
"BSR","09:37:26",19.4,0.2,6300,1492500,
"BSR","09:37:23",19.4,0.2,5000,1486200,
"BSR","09:37:22",19.4,0.2,200,1481200,
"BSR","09:37:21",19.4,0.2,600,1481000,
"BSR","09:37:18",19.4,0.2,1300,1480400,
"BSR","09:37:15",19.4,0.2,28900,1479100,
"BSR","09:37:14",19.4,0.2,65100,1450200,
"BSR","09:37:13",19.4,0.2,6000,1385100,
"BSR","09:37:08",19.4,0.2,100,1379100,
"BSR","09:37:00",19.4,0.2,10000,1379000,
"BSR","09:36:58",19.4,0.2,100,1369000,
"BSR","09:36:51",19.4,0.2,2000,1368900,
"BSR","09:36:26",19.4,0.2,1000,1366900,
"BSR","09:36:18",19.4,0.2,2000,1365900,
"BSR","09:36:17",19.4,0.2,5000,1363900,
"BSR","09:36:07",19.4,0.2,200,1358900,
"BSR","09:35:55",19.4,0.2,1200,1358700,
"BSR","09:35:52",19.4,0.2,4000,1357500,
"BSR","09:35:46",19.4,0.2,1000,1353500,
"BSR","09:35:35",19.4,0.2,3000,1352500,
"BSR","09:35:33",19.4,0.2,500,1349500,
"BSR","09:35:29",19.4,0.2,100,1349000,
"BSR","09:35:26",19.4,0.2,1000,1348900,
"BSR","09:35:24",19.5,0.3,800,1347900,
"BSR","09:35:10",19.4,0.2,100,1347100,
"BSR","09:35:02",19.4,0.2,100,1347000,
"BSR","09:35:01",19.4,0.2,1000,1346900,
"BSR","09:34:49",19.4,0.2,100,1345900,
"BSR","09:34:26",19.4,0.2,1000,1345800,
"BSR","09:34:21",19.4,0.2,500,1344800,
"BSR","09:34:18",19.4,0.2,1000,1344300,
"BSR","09:34:14",19.4,0.2,10000,1343300,
"BSR","09:34:10",19.4,0.2,500,1333300,
"BSR","09:34:09",19.4,0.2,14300,1332800,
"BSR","09:34:08",19.4,0.2,300,1318500,
"BSR","09:34:07",19.4,0.2,300,1318200,
"BSR","09:34:06",19.4,0.2,200,1317900,
"BSR","09:34:05",19.4,0.2,10000,1317700,
"BSR","09:34:04",19.4,0.2,4000,1307700,
"BSR","09:34:03",19.4,0.2,15500,1303700,
"BSR","09:34:02",19.4,0.2,2300,1288200,
"BSR","09:34:01",19.4,0.2,5000,1285900,
"BSR","09:34:00",19.4,0.2,1000,1280900,
"BSR","09:33:59",19.4,0.2,3000,1279900,
"BSR","09:33:57",19.4,0.2,15000,1276900,
"BSR","09:33:56",19.4,0.2,1900,1261900,
"BSR","09:33:55",19.4,0.2,2500,1260000,
"BSR","09:33:54",19.4,0.2,25000,1257500,
"BSR","09:33:53",19.4,0.2,2800,1232500,
"BSR","09:33:52",19.4,0.2,50000,1229700,
"BSR","09:33:51",19.4,0.2,3000,1179700,
"BSR","09:33:49",19.4,0.2,30700,1176700,
"BSR","09:33:47",19.4,0.2,10300,1146000,
"BSR","09:33:46",19.4,0.2,200,1135700,
"BSR","09:33:45",19.4,0.2,400,1135500,
"BSR","09:33:43",19.4,0.2,30000,1135100,
"BSR","09:33:41",19.4,0.2,8800,1105100,
"BSR","09:33:40",19.4,0.2,6900,1096300,
"BSR","09:33:38",19.4,0.2,2000,1089400,
"BSR","09:33:37",19.4,0.2,30000,1087400,
"BSR","09:33:36",19.4,0.2,25000,1057400,
"BSR","09:33:35",19.4,0.2,5800,1032400,
"BSR","09:33:33",19.4,0.2,100,1026600,
"BSR","09:33:32",19.4,0.2,1400,1026500,
"BSR","09:33:31",19.3,0.1,7000,1025100,
"BSR","09:33:30",19.4,0.2,5000,1018100,
"BSR","09:33:29",19.4,0.2,5000,1013100,
"BSR","09:33:28",19.4,0.2,50100,1008100,
"BSR","09:33:27",19.4,0.2,4100,958000,
"BSR","09:33:26",19.4,0.2,32000,953900,
"BSR","09:33:25",19.4,0.2,10000,921900,
"BSR","09:33:24",19.4,0.2,2200,911900,
"BSR","09:33:22",19.4,0.2,1500,909700,
"BSR","09:33:20",19.4,0.2,4000,908200,
"BSR","09:33:19",19.4,0.2,52000,904200,
"BSR","09:33:18",19.4,0.2,2000,852200,
"BSR","09:33:17",19.4,0.2,300,850200,
"BSR","09:33:12",19.4,0.2,20000,849900,
"BSR","09:33:05",19.4,0.2,1000,829900,
"BSR","09:33:00",19.4,0.2,200,828900,
"BSR","09:32:58",19.4,0.2,200,828700,
"BSR","09:32:55",19.4,0.2,10000,828500,
"BSR","09:32:46",19.4,0.2,2000,818500,
"BSR","09:32:41",19.4,0.2,300,816500,
"BSR","09:32:39",19.4,0.2,4000,816200,
"BSR","09:32:33",19.4,0.2,300,812200,
"BSR","09:32:30",19.4,0.2,200,811900,
"BSR","09:32:28",19.4,0.2,1000,811700,
"BSR","09:32:23",19.4,0.2,100,810700,
"BSR","09:32:21",19.4,0.2,1000,810600,
"BSR","09:32:15",19.4,0.2,1000,809600,
"BSR","09:32:13",19.4,0.2,1000,808600,
"BSR","09:32:12",19.4,0.2,500,807600,
"BSR","09:31:56",19.4,0.2,20000,807100,
"BSR","09:31:55",19.4,0.2,600,787100,
"BSR","09:31:54",19.4,0.2,200,786500,
"BSR","09:31:47",19.4,0.2,300,786300,
"BSR","09:31:37",19.4,0.2,500,786000,
"BSR","09:31:13",19.3,0.1,5000,785500,
"BSR","09:31:10",19.4,0.2,1000,780500,
"BSR","09:31:03",19.4,0.2,1000,779500,
"BSR","09:31:02",19.4,0.2,13300,778500,
"BSR","09:30:48",19.4,0.2,900,765200,
"BSR","09:30:42",19.4,0.2,2000,764300,
"BSR","09:30:31",19.4,0.2,400,762300,
"BSR","09:30:19",19.3,0.1,700,761900,
"BSR","09:30:12",19.4,0.2,1000,761200,
"BSR","09:30:09",19.3,0.1,100,760200,
"BSR","09:30:06",19.3,0.1,200,760100,
"BSR","09:30:03",19.3,0.1,100,759900,
"BSR","09:29:59",19.3,0.1,100,759800,
"BSR","09:29:40",19.3,0.1,500,759700,
"BSR","09:29:39",19.3,0.1,178000,759200,
"BSR","09:29:34",19.3,0.1,24200,581200,
"BSR","09:29:32",19.3,0.1,30000,557000,
"BSR","09:29:30",19.2,0,1500,527000,
"BSR","09:29:27",19.3,0.1,30000,525500,
"BSR","09:29:15",19.3,0.1,100,495500,
"BSR","09:29:12",19.3,0.1,1000,495400,
"BSR","09:29:11",19.3,0.1,2000,494400,
"BSR","09:29:00",19.3,0.1,500,492400,
"BSR","09:28:52",19.3,0.1,300,491900,
"BSR","09:28:51",19.3,0.1,800,491600,
"BSR","09:28:46",19.3,0.1,1000,490800,
"BSR","09:28:34",19.3,0.1,200,489800,
"BSR","09:28:22",19.2,0,1500,489600,
"BSR","09:28:14",19.2,0,500,488100,
"BSR","09:28:00",19.2,0,2000,487600,
"BSR","09:27:54",19.2,0,100,485600,
"BSR","09:27:44",19.3,0.1,2000,485500,
"BSR","09:27:22",19.2,0,2000,483500,
"BSR","09:27:21",19.2,0,1300,481500,
"BSR","09:26:12",19.2,0,100,480200,
"BSR","09:26:03",19.2,0,100,480100,
"BSR","09:25:49",19.2,0,500,480000,
"BSR","09:25:27",19.2,0,100,479500,
"BSR","09:25:01",19.2,0,5500,479400,
"BSR","09:24:58",19.3,0.1,20000,473900,
"BSR","09:24:50",19.3,0.1,200,453900,
"BSR","09:24:48",19.3,0.1,2000,453700,
"BSR","09:24:45",19.3,0.1,10000,451700,
"BSR","09:24:41",19.3,0.1,2400,441700,
"BSR","09:24:31",19.3,0.1,500,439300,
"BSR","09:24:17",19.3,0.1,100,438800,
"BSR","09:24:12",19.2,0,30000,438700,
"BSR","09:24:02",19.3,0.1,100,408700,
"BSR","09:23:41",19.3,0.1,10000,408600,
"BSR","09:23:40",19.3,0.1,100,398600,
"BSR","09:23:07",19.3,0.1,500,398500,
"BSR","09:23:04",19.3,0.1,20000,398000,
"BSR","09:23:02",19.3,0.1,2000,378000,
"BSR","09:22:58",19.3,0.1,1000,376000,
"BSR","09:21:50",19.3,0.1,200,375000,
"BSR","09:21:42",19.3,0.1,800,374800,
"BSR","09:20:51",19.3,0.1,200,374000,
"BSR","09:20:45",19.3,0.1,300,373800,
"BSR","09:20:43",19.3,0.1,200,373500,
"BSR","09:20:35",19.3,0.1,2500,373300,
"BSR","09:20:26",19.3,0.1,100,370800,
"BSR","09:19:44",19.3,0.1,500,370700,
"BSR","09:19:32",19.3,0.1,4000,370200,
"BSR","09:19:22",19.3,0.1,3000,366200,
"BSR","09:19:15",19.3,0.1,500,363200,
"BSR","09:18:34",19.3,0.1,30000,362700,
"BSR","09:18:25",19.3,0.1,2000,332700,
"BSR","09:17:52",19.3,0.1,300,330700,
"BSR","09:17:09",19.3,0.1,5000,330400,
"BSR","09:17:08",19.2,0,1200,325400,
"BSR","09:17:05",19.3,0.1,100,324200,
"BSR","09:16:58",19.3,0.1,500,324100,
"BSR","09:16:53",19.3,0.1,600,323600,
"BSR","09:16:47",19.3,0.1,100,323000,
"BSR","09:16:46",19.3,0.1,1000,322900,
"BSR","09:16:41",19.3,0.1,100,321900,
"BSR","09:16:28",19.3,0.1,100,321800,
"BSR","09:16:06",19.3,0.1,1800,321700,
"BSR","09:15:51",19.2,0,500,319900,
"BSR","09:15:45",19.3,0.1,100,319400,
"BSR","09:15:35",19.3,0.1,3000,319300,
"BSR","09:15:07",19.3,0.1,2000,316300,
"BSR","09:14:56",19.3,0.1,900,314300,
"BSR","09:14:51",19.3,0.1,200,313400,
"BSR","09:14:48",19.3,0.1,1200,313200,
"BSR","09:14:47",19.3,0.1,2000,312000,
"BSR","09:14:40",19.3,0.1,100,310000,
"BSR","09:13:54",19.3,0.1,200,309900,
"BSR","09:13:31",19.3,0.1,100,309700,
"BSR","09:13:26",19.3,0.1,5000,309600,
"BSR","09:13:10",19.3,0.1,500,304600,
"BSR","09:12:56",19.3,0.1,148900,304100,
"BSR","09:12:44",19.3,0.1,5000,155200,
"BSR","09:12:42",19.3,0.1,2000,150200,
"BSR","09:12:18",19.3,0.1,1000,148200,
"BSR","09:12:15",19.3,0.1,500,147200,
"BSR","09:11:40",19.3,0.1,400,146700,
"BSR","09:11:25",19.3,0.1,5000,146300,
"BSR","09:11:07",19.3,0.1,8000,141300,
"BSR","09:10:13",19.3,0.1,100,133300,
"BSR","09:10:04",19.3,0.1,20000,133200,
"BSR","09:09:33",19.3,0.1,500,113200,
"BSR","09:08:53",19.3,0.1,1000,112700,
"BSR","09:08:25",19.3,0.1,200,111700,
"BSR","09:08:16",19.4,0.2,500,111500,
"BSR","09:08:05",19.4,0.2,500,111000,
"BSR","09:07:22",19.4,0.2,4000,110500,
"BSR","09:06:34",19.4,0.2,500,106500,
"BSR","09:06:32",19.4,0.2,500,106000,
"BSR","09:06:28",19.4,0.2,100,105500,
"BSR","09:06:21",19.4,0.2,5000,105400,
"BSR","09:06:18",19.4,0.2,200,100400,
"BSR","09:06:16",19.4,0.2,1000,100200,
"BSR","09:05:49",19.4,0.2,400,99200,
"BSR","09:05:48",19.4,0.2,4200,98800,
"BSR","09:05:43",19.4,0.2,400,94600,
"BSR","09:04:56",19.4,0.2,300,94200,
"BSR","09:04:54",19.3,0.1,1000,93900,
"BSR","09:04:53",19.3,0.1,300,92900,
"BSR","09:04:45",19.4,0.2,1600,92600,
"BSR","09:03:24",19.3,0.1,100,91000,
"BSR","09:03:14",19.4,0.2,10000,90900,
"BSR","09:02:43",19.4,0.2,300,80900,
"BSR","09:02:19",19.4,0.2,2100,80600,
"BSR","09:02:13",19.4,0.2,200,78500,
"BSR","09:01:44",19.3,0.1,12200,78300,
"BSR","09:01:39",19.3,0.1,100,66100,
"BSR","09:01:37",19.3,0.1,12700,66000,
"BSR","09:01:33",19.3,0.1,500,53300,
"BSR","09:01:28",19.4,0.2,500,52800,
"BSR","09:00:47",19.4,0.2,11400,52300,
"BSR","09:00:42",19.3,0.1,1100,40900,
"BSR","09:00:37",19.3,0.1,1100,39800,
"BSR","09:00:35",19.3,0.1,300,38700,
"BSR","09:00:27",19.3,0.1,21400,38400,
"BSR","09:00:18",19.3,0.1,15000,17000,
"BSR","09:00:14",19.3,0.1,2000,2000,
