"symbol","time","price","change","vol","total","side"
"CII","14:45:00",17.65,0,155500,10239600,
"CII","14:29:52",17.65,0,2500,10084100,"B"
"CII","14:29:51",17.65,0,100,10081600,"B"
"CII","14:29:46",17.65,0,100000,10081500,"B"
"CII","14:29:42",17.65,0,500,9981500,"B"
"CII","14:29:41",17.65,0,110100,9981000,"S"
"CII","14:29:41",17.6,-0.05,23500,9870900,"S"
"CII","14:29:40",17.6,-0.05,500,9847400,"S"
"CII","14:29:30",17.6,-0.05,1000,9846900,"S"
"CII","14:29:27",17.6,-0.05,27000,9845900,"B"
"CII","14:29:27",17.65,0,100,9818900,"S"
"CII","14:29:25",17.6,-0.05,3500,9818800,"B"
"CII","14:29:17",17.6,-0.05,300,9815300,"B"
"CII","14:29:16",17.65,0,4400,9815000,"S"
"CII","14:29:12",17.65,0,1000,9810600,"S"
"CII","14:29:11",17.6,-0.05,1000,9809600,"B"
"CII","14:29:10",17.65,0,100,9808600,"S"
"CII","14:29:06",17.6,-0.05,200,9808500,"B"
"CII","14:29:02",17.65,0,1000,9808300,"S"
"CII","14:28:56",17.6,-0.05,5000,9807300,"B"
"CII","14:28:49",17.6,-0.05,1500,9802300,"B"
"CII","14:28:47",17.6,-0.05,8500,9800800,"S"
"CII","14:28:44",17.6,-0.05,500,9792300,"S"
"CII","14:28:38",17.6,-0.05,20800,9791800,"B"
"CII","14:28:37",17.6,-0.05,5000,9771000,"B"
"CII","14:28:26",17.6,-0.05,1200,9766000,"B"
"CII","14:28:24",17.6,-0.05,1000,9764800,"B"
"CII","14:28:21",17.6,-0.05,5000,9763800,"B"
"CII","14:27:59",17.6,-0.05,2000,9758800,"B"
"CII","14:27:57",17.6,-0.05,4000,9756800,"B"
"CII","14:27:54",17.6,-0.05,11900,9752800,"B"
"CII","14:27:45",17.6,-0.05,3400,9740900,"B"
"CII","14:27:38",17.6,-0.05,500,9737500,"B"
"CII","14:27:29",17.6,-0.05,700,9737000,"B"
"CII","14:27:28",17.6,-0.05,7000,9736300,"B"
"CII","14:27:25",17.6,-0.05,500,9729300,"B"
"CII","14:27:24",17.6,-0.05,100,9728800,"B"
"CII","14:27:23",17.6,-0.05,500,9728700,"B"
"CII","14:27:20",17.6,-0.05,400,9728200,"B"
"CII","14:27:10",17.6,-0.05,3000,9727800,"B"
"CII","14:27:04",17.6,-0.05,3000,9724800,"B"
"CII","14:26:55",17.6,-0.05,200,9721800,"B"
"CII","14:26:52",17.6,-0.05,500,9721600,"B"
"CII","14:26:49",17.65,0,1000,9721100,"S"
"CII","14:26:48",17.6,-0.05,500,9720100,"B"
"CII","14:26:46",17.6,-0.05,100,9719600,"B"
"CII","14:26:45",17.6,-0.05,14000,9719500,"B"
"CII","14:26:23",17.6,-0.05,7300,9705500,"B"
"CII","14:26:21",17.6,-0.05,4000,9698200,"B"
"CII","14:26:19",17.6,-0.05,200,9694200,"B"
"CII","14:26:09",17.6,-0.05,6000,9694000,"B"
"CII","14:26:07",17.6,-0.05,300,9688000,"B"
"CII","14:26:05",17.65,0,700,9687700,"S"
"CII","14:25:39",17.6,-0.05,2000,9687000,"B"
"CII","14:25:29",17.6,-0.05,200,9685000,"B"
"CII","14:25:15",17.6,-0.05,6000,9684800,"B"
"CII","14:25:14",17.6,-0.05,100,9678800,"B"
"CII","14:25:10",17.6,-0.05,100,9678700,"B"
"CII","14:25:04",17.6,-0.05,13600,9678600,"S"
"CII","14:25:03",17.6,-0.05,500,9665000,"S"
"CII","14:24:56",17.6,-0.05,10000,9664500,"S"
"CII","14:24:52",17.6,-0.05,100,9654500,"S"
"CII","14:24:51",17.6,-0.05,30900,9654400,"B"
"CII","14:24:46",17.65,0,100,9623500,"S"
"CII","14:24:44",17.6,-0.05,1000,9623400,"B"
"CII","14:24:32",17.6,-0.05,600,9622400,"B"
"CII","14:24:28",17.6,-0.05,500,9621800,"B"
"CII","14:24:26",17.6,-0.05,3600,9621300,"B"
"CII","14:24:21",17.6,-0.05,5000,9617700,"B"
"CII","14:24:18",17.6,-0.05,20000,9612700,"B"
"CII","14:23:54",17.6,-0.05,3300,9592700,"S"
"CII","14:23:45",17.6,-0.05,10000,9589400,"S"
"CII","14:23:43",17.6,-0.05,2000,9579400,"S"
"CII","14:23:41",17.6,-0.05,6100,9577400,"B"
"CII","14:23:17",17.6,-0.05,13900,9571300,"S"
"CII","14:23:17",17.6,-0.05,5600,9557400,"S"
"CII","14:23:09",17.6,-0.05,300,9551800,"S"
"CII","14:23:07",17.6,-0.05,10000,9551500,"S"
"CII","14:23:00",17.6,-0.05,100,9541500,"S"
"CII","14:22:48",17.6,-0.05,2300,9541400,"B"
"CII","14:22:48",17.6,-0.05,700,9539100,"S"
"CII","14:22:45",17.6,-0.05,8600,9538400,"B"
"CII","14:22:41",17.6,-0.05,5000,9529800,"B"
"CII","14:22:39",17.6,-0.05,500,9524800,"B"
"CII","14:22:35",17.6,-0.05,3000,9524300,"B"
"CII","14:22:34",17.65,0,100,9521300,"S"
"CII","14:22:31",17.6,-0.05,1000,9521200,"B"
"CII","14:22:27",17.6,-0.05,20000,9520200,"B"
"CII","14:22:23",17.6,-0.05,1300,9500200,"B"
"CII","14:22:20",17.6,-0.05,1000,9498900,"B"
"CII","14:22:14",17.6,-0.05,5000,9497900,"B"
"CII","14:22:04",17.65,0,200,9492900,"S"
"CII","14:22:03",17.65,0,200,9492700,"S"
"CII","14:22:02",17.6,-0.05,100,9492500,"B"
"CII","14:21:56",17.65,0,5000,9492400,"S"
"CII","14:21:55",17.6,-0.05,20000,9487400,"B"
"CII","14:21:47",17.65,0,20000,9467400,"S"
"CII","14:21:28",17.65,0,300,9447400,"B"
"CII","14:21:26",17.65,0,6400,9447100,"B"
"CII","14:21:24",17.65,0,1000,9440700,"B"
"CII","14:21:23",17.65,0,1000,9439700,"B"
"CII","14:21:22",17.65,0,500,9438700,"B"
"CII","14:21:17",17.65,0,600,9438200,"S"
"CII","14:21:16",17.65,0,3000,9437600,"S"
"CII","14:21:13",17.6,-0.05,3000,9434600,"B"
"CII","14:21:12",17.65,0,2500,9431600,"B"
"CII","14:21:08",17.7,0.05,100,9429100,"S"
"CII","14:21:08",17.65,0,200,9429000,"B"
"CII","14:21:04",17.65,0,800,9428800,"S"
"CII","14:21:04",17.65,0,200,9428000,"S"
"CII","14:21:01",17.65,0,2000,9427800,"B"
"CII","14:21:00",17.7,0.05,100,9425800,"S"
"CII","14:20:58",17.65,0,100,9425700,"B"
"CII","14:20:54",17.65,0,1000,9425600,"B"
"CII","14:20:52",17.65,0,6900,9424600,"S"
"CII","14:20:50",17.65,0,600,9417700,"S"
"CII","14:20:47",17.65,0,5500,9417100,"B"
"CII","14:20:39",17.65,0,500,9411600,"B"
"CII","14:20:38",17.65,0,500,9411100,"B"
"CII","14:20:36",17.7,0.05,200,9410600,"S"
"CII","14:20:34",17.7,0.05,100,9410400,"S"
"CII","14:20:21",17.7,0.05,100,9410300,"S"
"CII","14:20:15",17.65,0,600,9410200,"B"
"CII","14:20:13",17.65,0,1000,9409600,"B"
"CII","14:20:12",17.65,0,4400,9408600,"S"
"CII","14:20:11",17.65,0,100,9404200,"S"
"CII","14:20:08",17.65,0,6300,9404100,"B"
"CII","14:20:07",17.65,0,3000,9397800,"B"
"CII","14:20:02",17.7,0.05,100,9394800,"S"
"CII","14:20:01",17.65,0,50000,9394700,"B"
"CII","14:19:58",17.65,0,3500,9344700,"B"
"CII","14:19:53",17.65,0,2600,9341200,"B"
"CII","14:19:52",17.65,0,300,9338600,"B"
"CII","14:19:46",17.65,0,1000,9338300,"B"
"CII","14:19:38",17.65,0,15000,9337300,"B"
"CII","14:19:22",17.65,0,10000,9322300,"B"
"CII","14:19:22",17.7,0.05,1000,9312300,"S"
"CII","14:19:20",17.7,0.05,100,9311300,"S"
"CII","14:19:13",17.7,0.05,200,9311200,"S"
"CII","14:19:12",17.7,0.05,500,9311000,"S"
"CII","14:18:59",17.7,0.05,100,9310500,"S"
"CII","14:18:59",17.65,0,200,9310400,"B"
"CII","14:18:56",17.65,0,42100,9310200,"S"
"CII","14:18:51",17.65,0,1000,9268100,"S"
"CII","14:18:44",17.65,0,15200,9267100,"B"
"CII","14:18:21",17.65,0,2000,9251900,"B"
"CII","14:18:16",17.65,0,800,9249900,"B"
"CII","14:18:12",17.65,0,200,9249100,"B"
"CII","14:17:56",17.65,0,3400,9248900,"S"
"CII","14:17:53",17.65,0,5000,9245500,"S"
"CII","14:17:47",17.65,0,5000,9240500,"S"
"CII","14:17:32",17.6,-0.05,500,9235500,"B"
"CII","14:17:29",17.65,0,1000,9235000,"S"
"CII","14:17:28",17.65,0,200,9234000,"S"
"CII","14:17:25",17.65,0,2000,9233800,"S"
"CII","14:17:17",17.65,0,2500,9231800,"B"
"CII","14:17:10",17.65,0,6000,9229300,"B"
"CII","14:17:07",17.65,0,2000,9223300,"B"
"CII","14:16:58",17.65,0,1000,9221300,"B"
"CII","14:16:57",17.65,0,100,9220300,"B"
"CII","14:16:44",17.65,0,5000,9220200,"B"
"CII","14:16:34",17.65,0,400,9215200,"B"
"CII","14:16:30",17.65,0,500,9214800,"B"
"CII","14:16:28",17.65,0,4100,9214300,"S"
"CII","14:16:27",17.65,0,500,9210200,"S"
"CII","14:16:25",17.65,0,10000,9209700,"S"
"CII","14:16:24",17.65,0,20000,9199700,"S"
"CII","14:16:23",17.65,0,25000,9179700,"S"
"CII","14:16:22",17.65,0,1000,9154700,"S"
"CII","14:16:21",17.65,0,5000,9153700,"S"
"CII","14:16:20",17.65,0,7100,9148700,"S"
"CII","14:16:19",17.65,0,5000,9141600,"S"
"CII","14:16:17",17.65,0,500,9136600,"S"
"CII","14:16:14",17.65,0,24000,9136100,"S"
"CII","14:16:12",17.65,0,8000,9112100,"S"
"CII","14:16:03",17.65,0,5000,9104100,"S"
"CII","14:16:02",17.65,0,500,9099100,"S"
"CII","14:15:54",17.65,0,5000,9098600,"S"
"CII","14:15:53",17.65,0,10000,9093600,"S"
"CII","14:15:51",17.65,0,2000,9083600,"S"
"CII","14:15:49",17.65,0,2000,9081600,"S"
"CII","14:15:41",17.65,0,100,9079600,"S"
"CII","14:15:26",17.65,0,100,9079500,"S"
"CII","14:15:18",17.65,0,100,9079400,"S"
"CII","14:15:10",17.6,-0.05,159000,9079300,"S"
"CII","14:14:41",17.55,-0.1,500,8920300,"B"
"CII","14:14:39",17.6,-0.05,5500,8919800,"S"
"CII","14:13:58",17.6,-0.05,100,8914300,"S"
"CII","14:13:58",17.6,-0.05,300,8914200,"S"
"CII","14:13:53",17.55,-0.1,1500,8913900,"B"
"CII","14:13:44",17.6,-0.05,100,8912400,"S"
"CII","14:13:41",17.6,-0.05,500,8912300,"S"
"CII","14:13:26",17.6,-0.05,100,8911800,"S"
"CII","14:13:23",17.55,-0.1,3000,8911700,"B"
"CII","14:13:07",17.55,-0.1,500,8908700,"B"
"CII","14:13:03",17.55,-0.1,1000,8908200,"B"
"CII","14:13:03",17.6,-0.05,1000,8907200,"S"
"CII","14:12:56",17.6,-0.05,500,8906200,"S"
"CII","14:12:43",17.6,-0.05,500,8905700,"S"
"CII","14:12:12",17.55,-0.1,2700,8905200,"B"
"CII","14:12:11",17.55,-0.1,1000,8902500,"B"
"CII","14:11:58",17.55,-0.1,20000,8901500,"B"
"CII","14:11:58",17.6,-0.05,1000,8881500,"S"
"CII","14:11:47",17.6,-0.05,200,8880500,"S"
"CII","14:11:43",17.55,-0.1,200,8880300,"B"
"CII","14:11:32",17.6,-0.05,300,8880100,"S"
"CII","14:11:28",17.6,-0.05,200,8879800,"S"
"CII","14:11:27",17.55,-0.1,1000,8879600,"B"
"CII","14:11:25",17.55,-0.1,200,8878600,"B"
"CII","14:11:11",17.6,-0.05,100,8878400,"S"
"CII","14:10:44",17.6,-0.05,200,8878300,"S"
"CII","14:10:37",17.6,-0.05,100,8878100,"S"
"CII","14:10:19",17.55,-0.1,2500,8878000,"B"
"CII","14:10:01",17.6,-0.05,1200,8875500,"S"
"CII","14:09:18",17.6,-0.05,100,8874300,"S"
"CII","14:09:09",17.6,-0.05,1000,8874200,"S"
"CII","14:09:07",17.55,-0.1,100,8873200,"B"
"CII","14:09:06",17.55,-0.1,700,8873100,"B"
"CII","14:08:58",17.55,-0.1,500,8872400,"B"
"CII","14:08:54",17.55,-0.1,7500,8871900,"S"
"CII","14:08:53",17.55,-0.1,300,8864400,"S"
"CII","14:08:52",17.55,-0.1,300,8864100,"S"
"CII","14:08:47",17.55,-0.1,30000,8863800,"S"
"CII","14:08:42",17.55,-0.1,100,8833800,"S"
"CII","14:08:40",17.5,-0.15,1000,8833700,"B"
"CII","14:08:39",17.55,-0.1,1000,8832700,"S"
"CII","14:08:38",17.5,-0.15,400,8831700,"B"
"CII","14:08:28",17.5,-0.15,5000,8831300,"B"
"CII","14:08:28",17.55,-0.1,100,8826300,"S"
"CII","14:08:20",17.55,-0.1,2000,8826200,"S"
"CII","14:08:20",17.5,-0.15,200,8824200,"B"
"CII","14:08:07",17.55,-0.1,500,8824000,"S"
"CII","14:08:03",17.55,-0.1,1500,8823500,"S"
"CII","14:08:01",17.55,-0.1,5000,8822000,"S"
"CII","14:07:55",17.55,-0.1,300,8817000,"S"
"CII","14:07:50",17.55,-0.1,9000,8816700,"B"
"CII","14:07:47",17.55,-0.1,2000,8807700,"B"
"CII","14:07:37",17.55,-0.1,2000,8805700,"B"
"CII","14:07:23",17.55,-0.1,200,8803700,"B"
"CII","14:07:09",17.55,-0.1,1000,8803500,"S"
"CII","14:07:08",17.55,-0.1,200,8802500,"S"
"CII","14:07:07",17.55,-0.1,900,8802300,"B"
"CII","14:07:02",17.55,-0.1,2000,8801400,"B"
"CII","14:06:53",17.6,-0.05,200,8799400,"S"
"CII","14:06:46",17.55,-0.1,1000,8799200,"B"
"CII","14:06:43",17.55,-0.1,500,8798200,"B"
"CII","14:06:38",17.55,-0.1,2300,8797700,"B"
"CII","14:06:38",17.55,-0.1,2700,8795400,"B"
"CII","14:06:30",17.55,-0.1,3000,8792700,"B"
"CII","14:06:23",17.55,-0.1,3000,8789700,"B"
"CII","14:06:19",17.55,-0.1,4000,8786700,"B"
"CII","14:06:19",17.55,-0.1,5000,8782700,"B"
"CII","14:06:14",17.55,-0.1,1500,8777700,"B"
"CII","14:06:08",17.55,-0.1,800,8776200,"B"
"CII","14:05:58",17.55,-0.1,20900,8775400,"S"
"CII","14:05:56",17.55,-0.1,20000,8754500,"S"
"CII","14:05:55",17.55,-0.1,20000,8734500,"S"
"CII","14:05:54",17.5,-0.15,200,8714500,"B"
"CII","14:05:53",17.55,-0.1,4600,8714300,"S"
"CII","14:05:48",17.55,-0.1,100,8709700,"S"
"CII","14:05:36",17.55,-0.1,100,8709600,"S"
"CII","14:05:21",17.55,-0.1,10000,8709500,"S"
"CII","14:05:18",17.55,-0.1,100,8699500,"S"
"CII","14:05:18",17.5,-0.15,200,8699400,"B"
"CII","14:05:16",17.5,-0.15,10000,8699200,"B"
"CII","14:05:12",17.55,-0.1,25000,8689200,"S"
"CII","14:05:11",17.55,-0.1,1000,8664200,"S"
"CII","14:05:09",17.5,-0.15,500,8663200,"B"
"CII","14:05:07",17.55,-0.1,1500,8662700,"S"
"CII","14:05:06",17.5,-0.15,200,8661200,"B"
"CII","14:05:05",17.5,-0.15,500,8661000,"B"
"CII","14:05:03",17.55,-0.1,500,8660500,"S"
"CII","14:05:00",17.55,-0.1,100,8660000,"S"
"CII","14:04:59",17.5,-0.15,50500,8659900,"B"
"CII","14:04:58",17.5,-0.15,34100,8609400,"B"
"CII","14:04:58",17.55,-0.1,200,8575300,"S"
"CII","14:04:46",17.5,-0.15,500,8575100,"B"
"CII","14:04:45",17.55,-0.1,100,8574600,"S"
"CII","14:04:45",17.5,-0.15,300,8574500,"B"
"CII","14:04:43",17.5,-0.15,5000,8574200,"B"
"CII","14:04:42",17.5,-0.15,1500,8569200,"B"
"CII","14:04:41",17.55,-0.1,100,8567700,"S"
"CII","14:04:37",17.5,-0.15,100,8567600,"B"
"CII","14:04:34",17.5,-0.15,500,8567500,"B"
"CII","14:04:31",17.5,-0.15,400,8567000,"B"
"CII","14:04:29",17.5,-0.15,1000,8566600,"B"
"CII","14:04:28",17.55,-0.1,100,8565600,"S"
"CII","14:04:12",17.5,-0.15,7700,8565500,"B"
"CII","14:04:03",17.55,-0.1,500,8557800,"S"
"CII","14:04:02",17.55,-0.1,3100,8557300,"B"
"CII","14:04:00",17.55,-0.1,53500,8554200,"B"
"CII","14:03:59",17.55,-0.1,3000,8500700,"B"
"CII","14:03:51",17.55,-0.1,100,8497700,"B"
"CII","14:03:45",17.55,-0.1,500,8497600,"B"
"CII","14:03:44",17.55,-0.1,10000,8497100,"B"
"CII","14:03:39",17.55,-0.1,40000,8487100,"B"
"CII","14:03:36",17.6,-0.05,3000,8447100,"S"
"CII","14:03:28",17.6,-0.05,100,8444100,"S"
"CII","14:03:08",17.55,-0.1,2000,8444000,"B"
"CII","14:03:06",17.55,-0.1,200,8442000,"B"
"CII","14:03:04",17.6,-0.05,500,8441800,"S"
"CII","14:03:02",17.55,-0.1,1000,8441300,"B"
"CII","14:02:45",17.6,-0.05,100,8440300,"S"
"CII","14:02:44",17.6,-0.05,500,8440200,"S"
"CII","14:02:30",17.6,-0.05,500,8439700,"S"
"CII","14:02:27",17.55,-0.1,10000,8439200,"B"
"CII","14:02:10",17.6,-0.05,500,8429200,"S"
"CII","14:02:00",17.6,-0.05,1000,8428700,"S"
"CII","14:01:59",17.55,-0.1,40000,8427700,"B"
"CII","14:01:51",17.55,-0.1,1400,8387700,"B"
"CII","14:01:43",17.6,-0.05,2000,8386300,"S"
"CII","14:01:43",17.6,-0.05,1000,8384300,"S"
"CII","14:01:40",17.6,-0.05,3000,8383300,"S"
"CII","14:01:32",17.6,-0.05,5000,8380300,"S"
"CII","14:01:30",17.6,-0.05,5100,8375300,"B"
"CII","14:01:28",17.6,-0.05,100,8370200,"B"
"CII","14:01:26",17.6,-0.05,48900,8370100,"B"
"CII","14:01:25",17.6,-0.05,2100,8321200,"B"
"CII","14:01:20",17.6,-0.05,2000,8319100,"B"
"CII","14:01:03",17.65,0,3000,8317100,"S"
"CII","14:00:55",17.6,-0.05,2400,8314100,"B"
"CII","14:00:54",17.6,-0.05,33600,8311700,"B"
"CII","14:00:54",17.6,-0.05,2000,8278100,"B"
"CII","14:00:30",17.65,0,1000,8276100,"S"
"CII","14:00:17",17.65,0,1000,8275100,"S"
"CII","14:00:15",17.6,-0.05,100,8274100,"B"
"CII","13:59:28",17.65,0,9400,8274000,"S"
"CII","13:59:17",17.65,0,1000,8264600,"S"
"CII","13:58:54",17.65,0,100,8263600,"S"
"CII","13:58:48",17.65,0,400,8263500,"S"
"CII","13:58:38",17.65,0,600,8263100,"S"
"CII","13:58:22",17.65,0,1500,8262500,"S"
"CII","13:58:19",17.65,0,1000,8261000,"S"
"CII","13:58:15",17.65,0,1000,8260000,"S"
"CII","13:58:10",17.65,0,1000,8259000,"S"
"CII","13:58:08",17.65,0,1000,8258000,"S"
"CII","13:58:07",17.65,0,2000,8257000,"S"
"CII","13:58:00",17.65,0,1000,8255000,"S"
"CII","13:57:49",17.65,0,5000,8254000,"S"
"CII","13:57:49",17.65,0,1000,8249000,"S"
"CII","13:57:27",17.65,0,500,8248000,"S"
"CII","13:57:20",17.65,0,2500,8247500,"S"
"CII","13:57:16",17.65,0,1000,8245000,"S"
"CII","13:56:26",17.65,0,100,8244000,"S"
"CII","13:56:14",17.6,-0.05,74500,8243900,"S"
"CII","13:56:13",17.6,-0.05,500,8169400,"S"
"CII","13:56:07",17.6,-0.05,5000,8168900,"S"
"CII","13:56:04",17.6,-0.05,1000,8163900,"S"
"CII","13:55:49",17.6,-0.05,500,8162900,"S"
"CII","13:55:40",17.6,-0.05,11000,8162400,"S"
"CII","13:55:33",17.6,-0.05,2000,8151400,"S"
"CII","13:55:32",17.6,-0.05,5000,8149400,"S"
"CII","13:55:31",17.6,-0.05,1000,8144400,"S"
"CII","13:55:30",17.6,-0.05,300,8143400,"S"
"CII","13:55:28",17.6,-0.05,3000,8143100,"S"
"CII","13:55:25",17.6,-0.05,600,8140100,"S"
"CII","13:55:24",17.6,-0.05,3000,8139500,"S"
"CII","13:55:18",17.6,-0.05,3000,8136500,"S"
"CII","13:55:17",17.6,-0.05,800,8133500,"S"
"CII","13:55:13",17.6,-0.05,1100,8132700,"S"
"CII","13:55:10",17.6,-0.05,3000,8131600,"S"
"CII","13:55:06",17.6,-0.05,8300,8128600,"S"
"CII","13:54:59",17.6,-0.05,300,8120300,"S"
"CII","13:54:57",17.6,-0.05,20000,8120000,"S"
"CII","13:54:48",17.6,-0.05,3000,8100000,"S"
"CII","13:54:42",17.6,-0.05,300,8097000,"S"
"CII","13:54:38",17.6,-0.05,5000,8096700,"S"
"CII","13:54:30",17.6,-0.05,10000,8091700,"S"
"CII","13:54:24",17.6,-0.05,8400,8081700,"S"
"CII","13:54:12",17.6,-0.05,5000,8073300,"S"
"CII","13:53:58",17.6,-0.05,1000,8068300,"S"
"CII","13:53:55",17.55,-0.1,400,8067300,"B"
"CII","13:53:48",17.6,-0.05,1000,8066900,"S"
"CII","13:53:46",17.6,-0.05,10000,8065900,"S"
"CII","13:53:45",17.55,-0.1,2500,8055900,"B"
"CII","13:53:39",17.6,-0.05,400,8053400,"S"
"CII","13:53:35",17.6,-0.05,100,8053000,"S"
"CII","13:53:28",17.55,-0.1,100,8052900,"B"
"CII","13:53:27",17.55,-0.1,100,8052800,"B"
"CII","13:53:14",17.6,-0.05,100,8052700,"S"
"CII","13:53:14",17.55,-0.1,2000,8052600,"B"
"CII","13:53:13",17.6,-0.05,100,8050600,"S"
"CII","13:53:10",17.55,-0.1,5000,8050500,"B"
"CII","13:52:59",17.55,-0.1,300,8045500,"B"
"CII","13:52:59",17.6,-0.05,3100,8045200,"S"
"CII","13:52:55",17.6,-0.05,1000,8042100,"S"
"CII","13:52:49",17.6,-0.05,10000,8041100,"S"
"CII","13:52:38",17.6,-0.05,100,8031100,"S"
"CII","13:52:27",17.6,-0.05,100,8031000,"S"
"CII","13:52:22",17.6,-0.05,100,8030900,"S"
"CII","13:52:13",17.55,-0.1,2100,8030800,"B"
"CII","13:52:10",17.6,-0.05,100,8028700,"S"
"CII","13:52:08",17.55,-0.1,100,8028600,"B"
"CII","13:52:00",17.55,-0.1,2000,8028500,"B"
"CII","13:51:53",17.55,-0.1,500,8026500,"B"
"CII","13:51:42",17.55,-0.1,3000,8026000,"B"
"CII","13:51:38",17.55,-0.1,2000,8023000,"B"
"CII","13:51:36",17.55,-0.1,1000,8021000,"B"
"CII","13:51:22",17.55,-0.1,10000,8020000,"B"
"CII","13:51:17",17.55,-0.1,400,8010000,"B"
"CII","13:51:17",17.55,-0.1,10000,8009600,"B"
"CII","13:51:16",17.55,-0.1,10000,7999600,"B"
"CII","13:51:10",17.55,-0.1,1000,7989600,"B"
"CII","13:50:54",17.55,-0.1,1000,7988600,"B"
"CII","13:50:48",17.55,-0.1,1000,7987600,"B"
"CII","13:50:46",17.6,-0.05,800,7986600,"S"
"CII","13:50:44",17.55,-0.1,10000,7985800,"B"
"CII","13:50:44",17.55,-0.1,1000,7975800,"B"
"CII","13:50:43",17.55,-0.1,9700,7974800,"B"
"CII","13:50:39",17.55,-0.1,400,7965100,"B"
"CII","13:50:38",17.55,-0.1,300,7964700,"B"
"CII","13:50:38",17.55,-0.1,10000,7964400,"B"
"CII","13:50:35",17.55,-0.1,18900,7954400,"B"
"CII","13:50:35",17.55,-0.1,1100,7935500,"B"
"CII","13:50:31",17.55,-0.1,2000,7934400,"B"
"CII","13:50:29",17.6,-0.05,100,7932400,"S"
"CII","13:50:27",17.55,-0.1,100,7932300,"B"
"CII","13:50:24",17.55,-0.1,500,7932200,"B"
"CII","13:50:22",17.55,-0.1,200,7931700,"B"
"CII","13:50:20",17.55,-0.1,5000,7931500,"B"
"CII","13:50:17",17.55,-0.1,500,7926500,"B"
"CII","13:50:16",17.6,-0.05,100,7926000,"S"
"CII","13:50:12",17.55,-0.1,400,7925900,"B"
"CII","13:50:11",17.55,-0.1,200,7925500,"B"
"CII","13:50:06",17.55,-0.1,300,7925300,"B"
"CII","13:49:57",17.55,-0.1,10000,7925000,"B"
"CII","13:49:46",17.55,-0.1,500,7915000,"B"
"CII","13:49:44",17.55,-0.1,12500,7914500,"B"
"CII","13:49:42",17.55,-0.1,10000,7902000,"B"
"CII","13:49:37",17.55,-0.1,4000,7892000,"B"
"CII","13:48:29",17.6,-0.05,2000,7888000,"S"
"CII","13:48:21",17.6,-0.05,100,7886000,"S"
"CII","13:48:19",17.6,-0.05,100,7885900,"S"
"CII","13:48:16",17.55,-0.1,3000,7885800,"B"
"CII","13:48:15",17.55,-0.1,2000,7882800,"B"
"CII","13:48:12",17.55,-0.1,500,7880800,"B"
"CII","13:48:12",17.55,-0.1,1000,7880300,"B"
"CII","13:48:10",17.6,-0.05,100,7879300,"S"
"CII","13:48:01",17.55,-0.1,15700,7879200,"B"
"CII","13:47:43",17.55,-0.1,300,7863500,"B"
"CII","13:47:34",17.6,-0.05,2000,7863200,"S"
"CII","13:47:08",17.6,-0.05,200,7861200,"S"
"CII","13:46:25",17.6,-0.05,2000,7861000,"B"
"CII","13:46:20",17.6,-0.05,2000,7859000,"B"
"CII","13:46:19",17.6,-0.05,500,7857000,"B"
"CII","13:46:04",17.6,-0.05,800,7856500,"B"
"CII","13:46:03",17.6,-0.05,28000,7855700,"S"
"CII","13:45:37",17.6,-0.05,5000,7827700,"S"
"CII","13:45:26",17.55,-0.1,300,7822700,"B"
"CII","13:45:23",17.55,-0.1,1000,7822400,"B"
"CII","13:45:20",17.6,-0.05,30000,7821400,"S"
"CII","13:45:12",17.6,-0.05,4000,7791400,"S"
"CII","13:45:09",17.55,-0.1,100,7787400,"B"
"CII","13:45:07",17.55,-0.1,100,7787300,"B"
"CII","13:45:04",17.55,-0.1,5000,7787200,"B"
"CII","13:44:53",17.6,-0.05,25000,7782200,"S"
"CII","13:44:40",17.55,-0.1,1000,7757200,"B"
"CII","13:43:38",17.6,-0.05,1000,7756200,"S"
"CII","13:43:12",17.6,-0.05,100,7755200,"S"
"CII","13:43:12",17.6,-0.05,2700,7755100,"B"
"CII","13:43:07",17.6,-0.05,500,7752400,"B"
"CII","13:42:58",17.6,-0.05,2000,7751900,"B"
"CII","13:42:53",17.6,-0.05,2000,7749900,"B"
"CII","13:42:46",17.6,-0.05,1000,7747900,"B"
"CII","13:42:45",17.6,-0.05,1000,7746900,"B"
"CII","13:42:33",17.6,-0.05,2100,7745900,"B"
"CII","13:42:30",17.6,-0.05,500,7743800,"B"
"CII","13:42:28",17.6,-0.05,5000,7743300,"B"
"CII","13:42:21",17.6,-0.05,100,7738300,"B"
"CII","13:42:16",17.6,-0.05,3000,7738200,"B"
"CII","13:42:15",17.6,-0.05,500,7735200,"B"
"CII","13:42:03",17.6,-0.05,500,7734700,"B"
"CII","13:42:01",17.6,-0.05,100,7734200,"B"
"CII","13:42:00",17.6,-0.05,100,7734100,"B"
"CII","13:41:59",17.6,-0.05,500,7734000,"B"
"CII","13:41:57",17.6,-0.05,500,7733500,"B"
"CII","13:41:56",17.6,-0.05,10000,7733000,"B"
"CII","13:41:53",17.6,-0.05,13500,7723000,"B"
"CII","13:41:42",17.6,-0.05,100,7709500,"B"
"CII","13:41:35",17.6,-0.05,1000,7709400,"B"
"CII","13:41:22",17.6,-0.05,1000,7708400,"B"
"CII","13:41:22",17.6,-0.05,18200,7707400,"S"
"CII","13:41:09",17.55,-0.1,1800,7689200,"B"
"CII","13:40:45",17.6,-0.05,100,7687400,"S"
"CII","13:40:44",17.65,0,2000,7687300,"S"
"CII","13:40:44",17.6,-0.05,3000,7685300,"S"
"CII","13:40:41",17.6,-0.05,5000,7682300,"S"
"CII","13:40:38",17.6,-0.05,300,7677300,"S"
"CII","13:40:38",17.6,-0.05,1200,7677000,"S"
"CII","13:40:37",17.6,-0.05,97500,7675800,"B"
"CII","13:40:34",17.6,-0.05,1700,7578300,"B"
"CII","13:40:28",17.6,-0.05,500,7576600,"B"
"CII","13:40:18",17.6,-0.05,200,7576100,"B"
"CII","13:40:01",17.65,0,10000,7575900,"S"
"CII","13:39:51",17.65,0,100,7565900,"S"
"CII","13:39:47",17.6,-0.05,1000,7565800,"B"
"CII","13:39:42",17.6,-0.05,12800,7564800,"B"
"CII","13:39:40",17.65,0,3100,7552000,"S"
"CII","13:39:39",17.65,0,1000,7548900,"S"
"CII","13:39:25",17.6,-0.05,5000,7547900,"B"
"CII","13:39:18",17.6,-0.05,100,7542900,"B"
"CII","13:39:12",17.65,0,100,7542800,"S"
"CII","13:39:00",17.6,-0.05,3500,7542700,"B"
"CII","13:39:00",17.6,-0.05,1500,7539200,"B"
"CII","13:38:55",17.6,-0.05,1000,7537700,"B"
"CII","13:38:45",17.6,-0.05,19000,7536700,"B"
"CII","13:38:32",17.65,0,1000,7517700,"S"
"CII","13:38:15",17.65,0,2000,7516700,"S"
"CII","13:37:50",17.65,0,300,7514700,"S"
"CII","13:37:42",17.65,0,1000,7514400,"S"
"CII","13:37:34",17.65,0,1000,7513400,"S"
"CII","13:37:33",17.65,0,9800,7512400,"B"
"CII","13:37:19",17.65,0,3500,7502600,"B"
"CII","13:37:15",17.65,0,5000,7499100,"B"
"CII","13:37:04",17.65,0,37900,7494100,"S"
"CII","13:37:03",17.65,0,2000,7456200,"S"
"CII","13:36:50",17.65,0,9500,7454200,"S"
"CII","13:36:48",17.65,0,100,7444700,"S"
"CII","13:36:42",17.65,0,1000,7444600,"S"
"CII","13:36:40",17.65,0,2000,7443600,"S"
"CII","13:36:31",17.65,0,700,7441600,"S"
"CII","13:36:29",17.65,0,1300,7440900,"S"
"CII","13:36:25",17.65,0,5000,7439600,"S"
"CII","13:36:24",17.65,0,200,7434600,"S"
"CII","13:36:20",17.65,0,1000,7434400,"S"
"CII","13:36:16",17.65,0,100,7433400,"S"
"CII","13:36:05",17.65,0,5300,7433300,"B"
"CII","13:36:02",17.7,0.05,300,7428000,"S"
"CII","13:35:58",17.65,0,6400,7427700,"B"
"CII","13:35:53",17.65,0,3000,7421300,"B"
"CII","13:35:46",17.65,0,1000,7418300,"B"
"CII","13:35:40",17.7,0.05,100,7417300,"S"
"CII","13:35:18",17.65,0,1500,7417200,"B"
"CII","13:35:03",17.65,0,4800,7415700,"S"
"CII","13:35:02",17.65,0,500,7410900,"S"
"CII","13:35:01",17.65,0,500,7410400,"S"
"CII","13:34:49",17.65,0,28000,7409900,"S"
"CII","13:34:43",17.65,0,2000,7381900,"S"
"CII","13:34:42",17.65,0,500,7379900,"S"
"CII","13:34:41",17.65,0,100,7379400,"S"
"CII","13:34:39",17.65,0,1000,7379300,"S"
"CII","13:34:32",17.65,0,14100,7378300,"B"
"CII","13:34:29",17.65,0,1200,7364200,"B"
"CII","13:34:24",17.65,0,35200,7363000,"S"
"CII","13:34:18",17.65,0,1500,7327800,"S"
"CII","13:34:13",17.65,0,1000,7326300,"S"
"CII","13:34:12",17.65,0,200,7325300,"S"
"CII","13:34:12",17.65,0,100,7325100,"S"
"CII","13:34:05",17.65,0,1000,7325000,"S"
"CII","13:34:04",17.65,0,200,7324000,"S"
"CII","13:33:48",17.65,0,100,7323800,"S"
"CII","13:33:45",17.65,0,13500,7323700,"B"
"CII","13:33:38",17.65,0,8000,7310200,"B"
"CII","13:33:31",17.65,0,2000,7302200,"S"
"CII","13:33:29",17.65,0,3000,7300200,"S"
"CII","13:33:24",17.65,0,5000,7297200,"S"
"CII","13:33:22",17.65,0,1000,7292200,"S"
"CII","13:33:15",17.65,0,1000,7291200,"S"
"CII","13:33:14",17.65,0,500,7290200,"S"
"CII","13:33:05",17.65,0,39500,7289700,"B"
"CII","13:32:56",17.7,0.05,100,7250200,"S"
"CII","13:32:46",17.65,0,500,7250100,"B"
"CII","13:32:41",17.65,0,50000,7249600,"B"
"CII","13:32:39",17.65,0,300,7199600,"B"
"CII","13:32:35",17.65,0,15100,7199300,"S"
"CII","13:32:34",17.65,0,8500,7184200,"S"
"CII","13:32:29",17.65,0,1500,7175700,"S"
"CII","13:32:29",17.65,0,10000,7174200,"S"
"CII","13:32:28",17.65,0,100,7164200,"S"
"CII","13:32:27",17.65,0,14800,7164100,"B"
"CII","13:32:24",17.65,0,1000,7149300,"B"
"CII","13:32:22",17.65,0,100,7148300,"B"
"CII","13:32:01",17.65,0,1300,7148200,"S"
"CII","13:32:00",17.65,0,1000,7146900,"S"
"CII","13:31:53",17.65,0,1400,7145900,"S"
"CII","13:31:52",17.65,0,2000,7144500,"S"
"CII","13:31:52",17.65,0,100,7142500,"S"
"CII","13:31:51",17.65,0,50000,7142400,"S"
"CII","13:31:49",17.65,0,4900,7092400,"S"
"CII","13:31:47",17.65,0,100,7087500,"S"
"CII","13:31:46",17.65,0,2000,7087400,"S"
"CII","13:31:46",17.65,0,2000,7085400,"S"
"CII","13:31:44",17.65,0,500,7083400,"S"
"CII","13:31:43",17.65,0,15000,7082900,"S"
"CII","13:31:41",17.65,0,300,7067900,"S"
"CII","13:31:40",17.65,0,7000,7067600,"S"
"CII","13:31:36",17.65,0,800,7060600,"S"
"CII","13:31:36",17.65,0,200,7059800,"S"
"CII","13:31:35",17.65,0,5000,7059600,"S"
"CII","13:31:35",17.65,0,7100,7054600,"S"
"CII","13:31:34",17.65,0,10500,7047500,"S"
"CII","13:31:33",17.65,0,200,7037000,"S"
"CII","13:31:33",17.65,0,4000,7036800,"S"
"CII","13:31:31",17.65,0,20200,7032800,"S"
"CII","13:31:30",17.65,0,2000,7012600,"S"
"CII","13:31:29",17.65,0,5000,7010600,"S"
"CII","13:31:28",17.6,-0.05,6800,7005600,"B"
"CII","13:31:25",17.65,0,3000,6998800,"S"
"CII","13:31:24",17.65,0,6500,6995800,"S"
"CII","13:31:23",17.65,0,100,6989300,"S"
"CII","13:31:21",17.65,0,9000,6989200,"S"
"CII","13:31:20",17.65,0,300,6980200,"S"
"CII","13:31:17",17.65,0,10000,6979900,"S"
"CII","13:31:15",17.65,0,3000,6969900,"S"
"CII","13:31:13",17.65,0,1000,6966900,"S"
"CII","13:31:10",17.65,0,1000,6965900,"S"
"CII","13:31:08",17.6,-0.05,19400,6964900,"B"
"CII","13:31:07",17.65,0,50000,6945500,"S"
"CII","13:31:06",17.65,0,22000,6895500,"S"
"CII","13:31:01",17.65,0,1500,6873500,"S"
"CII","13:30:55",17.65,0,10000,6872000,"S"
"CII","13:30:53",17.65,0,100,6862000,"S"
"CII","13:30:48",17.6,-0.05,13800,6861900,"B"
"CII","13:30:43",17.65,0,1500,6848100,"S"
"CII","13:30:35",17.65,0,3000,6846600,"S"
"CII","13:30:34",17.6,-0.05,200,6843600,"B"
"CII","13:30:34",17.65,0,10000,6843400,"S"
"CII","13:30:30",17.65,0,50000,6833400,"S"
"CII","13:30:28",17.6,-0.05,4400,6783400,"B"
"CII","13:30:27",17.65,0,10000,6779000,"S"
"CII","13:30:10",17.65,0,2000,6769000,"S"
"CII","13:30:08",17.6,-0.05,10000,6767000,"B"
"CII","13:30:02",17.65,0,200,6757000,"S"
"CII","13:29:52",17.65,0,50000,6756800,"S"
"CII","13:29:48",17.6,-0.05,100,6706800,"B"
"CII","13:29:38",17.65,0,100,6706700,"S"
"CII","13:29:28",17.6,-0.05,800,6706600,"B"
"CII","13:29:22",17.65,0,500,6705800,"S"
"CII","13:29:15",17.65,0,1000,6705300,"S"
"CII","13:29:08",17.6,-0.05,2600,6704300,"B"
"CII","13:28:58",17.65,0,100,6701700,"S"
"CII","13:28:57",17.65,0,10000,6701600,"S"
"CII","13:28:52",17.65,0,100,6691600,"S"
"CII","13:28:48",17.6,-0.05,3000,6691500,"B"
"CII","13:28:46",17.65,0,2000,6688500,"S"
"CII","13:28:44",17.65,0,1000,6686500,"S"
"CII","13:28:40",17.65,0,1500,6685500,"S"
"CII","13:28:34",17.65,0,3000,6684000,"S"
"CII","13:28:33",17.65,0,500,6681000,"S"
"CII","13:28:29",17.65,0,5100,6680500,"S"
"CII","13:28:28",17.6,-0.05,2200,6675400,"B"
"CII","13:28:27",17.65,0,1000,6673200,"S"
"CII","13:28:15",17.65,0,3000,6672200,"S"
"CII","13:28:09",17.65,0,5000,6669200,"S"
"CII","13:28:08",17.6,-0.05,2300,6664200,"B"
"CII","13:28:01",17.65,0,500,6661900,"S"
"CII","13:27:56",17.65,0,100,6661400,"S"
"CII","13:27:55",17.65,0,2000,6661300,"S"
"CII","13:27:52",17.65,0,5000,6659300,"S"
"CII","13:27:48",17.6,-0.05,4200,6654300,"B"
"CII","13:27:39",17.65,0,2000,6650100,"S"
"CII","13:27:38",17.65,0,100,6648100,"S"
"CII","13:27:28",17.6,-0.05,19200,6648000,"B"
"CII","13:27:25",17.6,-0.05,17600,6628800,"S"
"CII","13:27:24",17.6,-0.05,14000,6611200,"S"
"CII","13:27:23",17.6,-0.05,700,6597200,"S"
"CII","13:27:19",17.6,-0.05,1000,6596500,"S"
"CII","13:27:19",17.6,-0.05,12000,6595500,"S"
"CII","13:27:15",17.6,-0.05,50000,6583500,"S"
"CII","13:27:11",17.6,-0.05,100,6533500,"S"
"CII","13:27:08",17.55,-0.1,1000,6533400,"B"
"CII","13:26:50",17.55,-0.1,100,6532400,"B"
"CII","13:26:48",17.55,-0.1,5100,6532300,"B"
"CII","13:26:37",17.55,-0.1,1000,6527200,"B"
"CII","13:26:34",17.55,-0.1,3300,6526200,"B"
"CII","13:26:28",17.55,-0.1,21300,6522900,"B"
"CII","13:26:28",17.6,-0.05,100000,6501600,"S"
"CII","13:26:19",17.6,-0.05,100,6401600,"S"
"CII","13:26:18",17.55,-0.1,1100,6401500,"B"
"CII","13:26:13",17.55,-0.1,4900,6400400,"B"
"CII","13:26:09",17.6,-0.05,400,6395500,"S"
"CII","13:25:48",17.55,-0.1,200,6395100,"B"
"CII","13:25:28",17.55,-0.1,1100,6394900,"B"
"CII","13:25:08",17.55,-0.1,5800,6393800,"B"
"CII","13:25:07",17.55,-0.1,6000,6388000,"B"
"CII","13:24:55",17.55,-0.1,20000,6382000,"B"
"CII","13:24:54",17.55,-0.1,500,6362000,"B"
"CII","13:24:48",17.55,-0.1,2500,6361500,"B"
"CII","13:24:43",17.55,-0.1,500,6359000,"B"
"CII","13:24:35",17.6,-0.05,100,6358500,"S"
"CII","13:24:35",17.55,-0.1,200,6358400,"B"
"CII","13:24:28",17.55,-0.1,11700,6358200,"B"
"CII","13:24:14",17.55,-0.1,1500,6346500,"S"
"CII","13:24:14",17.55,-0.1,5500,6345000,"S"
"CII","13:24:08",17.5,-0.15,600,6339500,"B"
"CII","13:24:08",17.55,-0.1,1000,6338900,"S"
"CII","13:24:01",17.55,-0.1,1300,6337900,"S"
"CII","13:24:00",17.55,-0.1,200,6336600,"S"
"CII","13:23:58",17.55,-0.1,500,6336400,"S"
"CII","13:23:56",17.55,-0.1,100,6335900,"S"
"CII","13:23:48",17.5,-0.15,1000,6335800,"B"
"CII","13:23:46",17.55,-0.1,100,6334800,"S"
"CII","13:23:43",17.55,-0.1,1800,6334700,"B"
"CII","13:23:40",17.55,-0.1,1700,6332900,"B"
"CII","13:23:28",17.55,-0.1,1400,6331200,"B"
"CII","13:23:20",17.55,-0.1,6000,6329800,"B"
"CII","13:23:09",17.55,-0.1,1300,6323800,"B"
"CII","13:22:57",17.55,-0.1,100,6322500,"B"
"CII","13:22:54",17.55,-0.1,2000,6322400,"B"
"CII","13:22:54",17.55,-0.1,500,6320400,"B"
"CII","13:22:48",17.55,-0.1,4300,6319900,"B"
"CII","13:22:43",17.55,-0.1,1000,6315600,"B"
"CII","13:22:38",17.55,-0.1,20000,6314600,"B"
"CII","13:22:28",17.55,-0.1,500,6294600,"B"
"CII","13:22:15",17.55,-0.1,300,6294100,"B"
"CII","13:22:11",17.55,-0.1,2000,6293800,"B"
"CII","13:22:08",17.55,-0.1,200,6291800,"B"
"CII","13:21:48",17.55,-0.1,1300,6291600,"B"
"CII","13:21:46",17.55,-0.1,1000,6290300,"B"
"CII","13:21:41",17.55,-0.1,500,6289300,"B"
"CII","13:21:28",17.55,-0.1,2500,6288800,"B"
"CII","13:21:25",17.55,-0.1,10000,6286300,"B"
"CII","13:21:08",17.55,-0.1,2500,6276300,"B"
"CII","13:21:08",17.6,-0.05,100,6273800,"S"
"CII","13:20:48",17.5,-0.15,8400,6273700,"B"
"CII","13:20:48",17.55,-0.1,4400,6265300,"B"
"CII","13:20:44",17.55,-0.1,23800,6260900,"S"
"CII","13:20:44",17.55,-0.1,21800,6237100,"S"
"CII","13:20:42",17.55,-0.1,5000,6215300,"S"
"CII","13:20:40",17.55,-0.1,8000,6210300,"S"
"CII","13:20:35",17.55,-0.1,400,6202300,"S"
"CII","13:20:29",17.55,-0.1,100,6201900,"S"
"CII","13:20:29",17.5,-0.15,700,6201800,"B"
"CII","13:20:28",17.5,-0.15,4600,6201100,"B"
"CII","13:20:25",17.5,-0.15,2000,6196500,"B"
"CII","13:20:20",17.55,-0.1,5000,6194500,"S"
"CII","13:20:17",17.55,-0.1,15000,6189500,"S"
"CII","13:20:08",17.5,-0.15,700,6174500,"B"
"CII","13:20:08",17.55,-0.1,4000,6173800,"S"
"CII","13:19:58",17.55,-0.1,1500,6169800,"S"
"CII","13:19:58",17.55,-0.1,500,6168300,"S"
"CII","13:19:56",17.55,-0.1,100,6167800,"S"
"CII","13:19:48",17.5,-0.15,1700,6167700,"B"
"CII","13:19:44",17.55,-0.1,100,6166000,"S"
"CII","13:19:31",17.5,-0.15,100,6165900,"B"
"CII","13:19:30",17.55,-0.1,1000,6165800,"S"
"CII","13:19:29",17.5,-0.15,500,6164800,"B"
"CII","13:19:28",17.5,-0.15,7200,6164300,"B"
"CII","13:19:23",17.5,-0.15,22500,6157100,"B"
"CII","13:19:08",17.5,-0.15,13900,6134600,"B"
"CII","13:19:01",17.5,-0.15,300,6120700,"B"
"CII","13:19:00",17.55,-0.1,3000,6120400,"S"
"CII","13:18:53",17.5,-0.15,50000,6117400,"B"
"CII","13:18:51",17.5,-0.15,3000,6067400,"B"
"CII","13:18:48",17.5,-0.15,13600,6064400,"B"
"CII","13:18:41",17.5,-0.15,15000,6050800,"B"
"CII","13:18:35",17.5,-0.15,500,6035800,"B"
"CII","13:18:28",17.5,-0.15,52800,6035300,"B"
"CII","13:18:22",17.5,-0.15,10000,5982500,"B"
"CII","13:18:08",17.5,-0.15,900,5972500,"B"
"CII","13:18:08",17.55,-0.1,3400,5971600,"S"
"CII","13:18:04",17.55,-0.1,700,5968200,"S"
"CII","13:18:03",17.5,-0.15,600,5967500,"B"
"CII","13:18:01",17.55,-0.1,2500,5966900,"S"
"CII","13:17:48",17.5,-0.15,900,5964400,"B"
"CII","13:17:45",17.55,-0.1,1000,5963500,"S"
"CII","13:17:43",17.55,-0.1,500,5962500,"S"
"CII","13:17:34",17.5,-0.15,1000,5962000,"B"
"CII","13:17:31",17.55,-0.1,1800,5961000,"S"
"CII","13:17:28",17.5,-0.15,500,5959200,"B"
"CII","13:17:11",17.5,-0.15,2400,5958700,"B"
"CII","13:17:08",17.5,-0.15,100,5956300,"B"
"CII","13:16:48",17.5,-0.15,800,5956200,"B"
"CII","13:16:45",17.55,-0.1,1000,5955400,"S"
"CII","13:16:28",17.5,-0.15,3100,5954400,"B"
"CII","13:16:18",17.55,-0.1,7300,5951300,"B"
"CII","13:16:13",17.55,-0.1,1800,5944000,"B"
"CII","13:16:12",17.55,-0.1,1000,5942200,"B"
"CII","13:16:08",17.55,-0.1,5700,5941200,"B"
"CII","13:15:59",17.55,-0.1,100,5935500,"B"
"CII","13:15:58",17.55,-0.1,15000,5935400,"B"
"CII","13:15:57",17.55,-0.1,2000,5920400,"B"
"CII","13:15:55",17.55,-0.1,5700,5918400,"B"
"CII","13:15:48",17.55,-0.1,6100,5912700,"B"
"CII","13:15:45",17.6,-0.05,100,5906600,"S"
"CII","13:15:44",17.55,-0.1,4000,5906500,"B"
"CII","13:15:43",17.6,-0.05,1000,5902500,"S"
"CII","13:15:31",17.55,-0.1,1000,5901500,"B"
"CII","13:15:28",17.55,-0.1,9400,5900500,"B"
"CII","13:15:25",17.55,-0.1,6000,5891100,"B"
"CII","13:15:23",17.6,-0.05,100,5885100,"S"
"CII","13:15:20",17.55,-0.1,2000,5885000,"B"
"CII","13:15:19",17.55,-0.1,4000,5883000,"B"
"CII","13:15:17",17.55,-0.1,30000,5879000,"B"
"CII","13:15:17",17.55,-0.1,300,5849000,"B"
"CII","13:15:10",17.55,-0.1,2000,5848700,"B"
"CII","13:15:08",17.55,-0.1,2700,5846700,"B"
"CII","13:15:02",17.55,-0.1,300,5844000,"B"
"CII","13:15:01",17.55,-0.1,500,5843700,"B"
"CII","13:14:57",17.55,-0.1,10000,5843200,"B"
"CII","13:14:50",17.55,-0.1,500,5833200,"B"
"CII","13:14:48",17.55,-0.1,2600,5832700,"B"
"CII","13:14:47",17.55,-0.1,1200,5830100,"B"
"CII","13:14:47",17.55,-0.1,800,5828900,"B"
"CII","13:14:41",17.55,-0.1,5000,5828100,"B"
"CII","13:14:34",17.55,-0.1,700,5823100,"B"
"CII","13:14:29",17.55,-0.1,5000,5822400,"B"
"CII","13:14:28",17.55,-0.1,400,5817400,"B"
"CII","13:14:26",17.55,-0.1,800,5817000,"B"
"CII","13:14:08",17.55,-0.1,1400,5816200,"B"
"CII","13:14:04",17.55,-0.1,600,5814800,"B"
"CII","13:14:03",17.6,-0.05,500,5814200,"S"
"CII","13:14:01",17.6,-0.05,5000,5813700,"S"
"CII","13:13:52",17.6,-0.05,1000,5808700,"S"
"CII","13:13:48",17.55,-0.1,300,5807700,"B"
"CII","13:13:40",17.6,-0.05,600,5807400,"S"
"CII","13:13:38",17.6,-0.05,200,5806800,"S"
"CII","13:13:29",17.6,-0.05,100,5806600,"S"
"CII","13:13:28",17.55,-0.1,1000,5806500,"B"
"CII","13:13:28",17.6,-0.05,5000,5805500,"S"
"CII","13:12:48",17.55,-0.1,100,5800500,"B"
"CII","13:12:41",17.55,-0.1,200,5800400,"B"
"CII","13:12:30",17.55,-0.1,500,5800200,"B"
"CII","13:11:33",17.55,-0.1,200,5799700,"B"
"CII","13:11:08",17.55,-0.1,300,5799500,"B"
"CII","13:10:57",17.55,-0.1,600,5799200,"B"
"CII","13:10:51",17.55,-0.1,100,5798600,"B"
"CII","13:10:48",17.55,-0.1,1100,5798500,"B"
"CII","13:10:41",17.6,-0.05,2000,5797400,"S"
"CII","13:10:35",17.55,-0.1,1000,5795400,"B"
"CII","13:10:28",17.55,-0.1,2600,5794400,"B"
"CII","13:10:27",17.6,-0.05,10000,5791800,"S"
"CII","13:10:14",17.6,-0.05,300,5781800,"S"
"CII","13:10:10",17.6,-0.05,2000,5781500,"S"
"CII","13:10:08",17.55,-0.1,1100,5779500,"B"
"CII","13:09:55",17.6,-0.05,800,5778400,"S"
"CII","13:09:49",17.55,-0.1,200,5777600,"B"
"CII","13:09:48",17.55,-0.1,4500,5777400,"B"
"CII","13:09:36",17.55,-0.1,20000,5772900,"B"
"CII","13:09:28",17.55,-0.1,2600,5752900,"B"
"CII","13:09:26",17.6,-0.05,1000,5750300,"S"
"CII","13:09:20",17.55,-0.1,1200,5749300,"B"
"CII","13:09:10",17.6,-0.05,11000,5748100,"S"
"CII","13:09:08",17.55,-0.1,100,5737100,"B"
"CII","13:08:48",17.55,-0.1,700,5737000,"B"
"CII","13:08:41",17.6,-0.05,1100,5736300,"S"
"CII","13:08:39",17.55,-0.1,1000,5735200,"B"
"CII","13:08:38",17.6,-0.05,1000,5734200,"S"
"CII","13:08:30",17.6,-0.05,100,5733200,"S"
"CII","13:08:28",17.55,-0.1,600,5733100,"B"
"CII","13:08:11",17.55,-0.1,3100,5732500,"B"
"CII","13:08:08",17.55,-0.1,300,5729400,"B"
"CII","13:08:00",17.55,-0.1,1000,5729100,"B"
"CII","13:07:59",17.6,-0.05,100,5728100,"S"
"CII","13:07:48",17.55,-0.1,700,5728000,"B"
"CII","13:07:41",17.6,-0.05,200,5727300,"S"
"CII","13:07:31",17.55,-0.1,1000,5727100,"B"
"CII","13:07:28",17.55,-0.1,2400,5726100,"B"
"CII","13:07:21",17.55,-0.1,600,5723700,"B"
"CII","13:07:20",17.55,-0.1,100,5723100,"B"
"CII","13:07:10",17.55,-0.1,10000,5723000,"B"
"CII","13:07:08",17.55,-0.1,1400,5713000,"B"
"CII","13:07:03",17.6,-0.05,5200,5711600,"S"
"CII","13:06:55",17.55,-0.1,1600,5706400,"B"
"CII","13:06:48",17.55,-0.1,400,5704800,"B"
"CII","13:06:28",17.55,-0.1,2300,5704400,"B"
"CII","13:06:13",17.55,-0.1,500,5702100,"B"
"CII","13:06:11",17.55,-0.1,100,5701600,"B"
"CII","13:06:10",17.55,-0.1,4000,5701500,"B"
"CII","13:06:09",17.6,-0.05,6000,5697500,"S"
"CII","13:06:08",17.55,-0.1,900,5691500,"B"
"CII","13:05:48",17.55,-0.1,4800,5690600,"B"
"CII","13:05:45",17.6,-0.05,5000,5685800,"S"
"CII","13:05:44",17.6,-0.05,10000,5680800,"S"
"CII","13:05:33",17.6,-0.05,100,5670800,"S"
"CII","13:05:28",17.55,-0.1,8900,5670700,"B"
"CII","13:05:25",17.55,-0.1,3000,5661800,"B"
"CII","13:05:16",17.55,-0.1,300,5658800,"B"
"CII","13:05:14",17.55,-0.1,40300,5658500,"S"
"CII","13:05:09",17.5,-0.15,1200,5618200,"B"
"CII","13:04:59",17.55,-0.1,100,5617000,"S"
"CII","13:04:55",17.55,-0.1,400,5616900,"S"
"CII","13:04:48",17.5,-0.15,5900,5616500,"B"
"CII","13:04:48",17.55,-0.1,1000,5610600,"S"
"CII","13:04:39",17.5,-0.15,4800,5609600,"B"
"CII","13:04:32",17.5,-0.15,20000,5604800,"B"
"CII","13:04:31",17.55,-0.1,600,5584800,"S"
"CII","13:04:28",17.5,-0.15,3500,5584200,"B"
"CII","13:04:27",17.5,-0.15,5000,5580700,"B"
"CII","13:04:25",17.55,-0.1,1000,5575700,"S"
"CII","13:04:23",17.55,-0.1,10000,5574700,"S"
"CII","13:04:21",17.5,-0.15,100,5564700,"B"
"CII","13:04:09",17.5,-0.15,900,5564600,"B"
"CII","13:04:08",17.5,-0.15,800,5563700,"B"
"CII","13:03:51",17.5,-0.15,4000,5562900,"B"
"CII","13:03:48",17.5,-0.15,200,5558900,"B"
"CII","13:03:28",17.5,-0.15,1400,5558700,"B"
"CII","13:03:24",17.5,-0.15,1800,5557300,"B"
"CII","13:03:22",17.55,-0.1,5000,5555500,"S"
"CII","13:03:08",17.5,-0.15,400,5550500,"B"
"CII","13:03:00",17.55,-0.1,1000,5550100,"S"
"CII","13:02:54",17.5,-0.15,100,5549100,"B"
"CII","13:02:51",17.55,-0.1,1000,5549000,"S"
"CII","13:02:48",17.5,-0.15,100,5548000,"B"
"CII","13:02:45",17.55,-0.1,300,5547900,"S"
"CII","13:02:32",17.55,-0.1,200,5547600,"S"
"CII","13:02:28",17.5,-0.15,100,5547400,"B"
"CII","13:02:24",17.55,-0.1,300,5547300,"S"
"CII","13:02:18",17.5,-0.15,500,5547000,"B"
"CII","13:02:08",17.5,-0.15,100,5546500,"B"
"CII","13:02:02",17.5,-0.15,300,5546400,"B"
"CII","13:01:48",17.5,-0.15,400,5546100,"B"
"CII","13:01:43",17.55,-0.1,1400,5545700,"S"
"CII","13:01:41",17.5,-0.15,500,5544300,"B"
"CII","13:01:39",17.5,-0.15,100,5543800,"B"
"CII","13:01:28",17.5,-0.15,300,5543700,"B"
"CII","13:01:18",17.55,-0.1,500,5543400,"S"
"CII","13:01:13",17.5,-0.15,100,5542900,"B"
"CII","13:01:08",17.5,-0.15,1300,5542800,"B"
"CII","13:01:06",17.55,-0.1,2500,5541500,"S"
"CII","13:01:00",17.55,-0.1,1000,5539000,"S"
"CII","13:00:58",17.5,-0.15,200,5538000,"B"
"CII","13:00:58",17.55,-0.1,100,5537800,"S"
"CII","13:00:48",17.5,-0.15,3100,5537700,"B"
"CII","13:00:41",17.55,-0.1,2100,5534600,"B"
"CII","13:00:40",17.55,-0.1,100,5532500,"B"
"CII","13:00:31",17.55,-0.1,200,5532400,"B"
"CII","13:00:30",17.55,-0.1,10000,5532200,"B"
"CII","13:00:30",17.55,-0.1,1000,5522200,"B"
"CII","13:00:28",17.55,-0.1,2400,5521200,"B"
"CII","13:00:23",17.55,-0.1,2000,5518800,"B"
"CII","13:00:22",17.6,-0.05,200,5516800,"S"
"CII","13:00:18",17.6,-0.05,1000,5516600,"S"
"CII","13:00:15",17.6,-0.05,1000,5515600,"S"
"CII","13:00:12",17.55,-0.1,500,5514600,"B"
"CII","13:00:11",17.55,-0.1,100,5514100,"B"
"CII","13:00:08",17.55,-0.1,7500,5514000,"B"
"CII","13:00:05",17.55,-0.1,1100,5506500,"B"
"CII","13:00:04",17.55,-0.1,2000,5505400,"B"
"CII","13:00:02",17.55,-0.1,500,5503400,"B"
"CII","13:00:01",17.55,-0.1,5100,5502900,"B"
"CII","13:00:00",17.6,-0.05,100,5493800,"S"
"CII","13:00:00",17.55,-0.1,11200,5493700,"B"
"CII","11:29:48",17.6,-0.05,100,5482500,"S"
"CII","11:29:48",17.55,-0.1,2300,5482400,"B"
"CII","11:29:43",17.55,-0.1,10000,5480100,"B"
"CII","11:29:33",17.6,-0.05,100,5470100,"S"
"CII","11:29:32",17.55,-0.1,1000,5470000,"B"
"CII","11:29:29",17.55,-0.1,400,5469000,"B"
"CII","11:29:24",17.55,-0.1,600,5468600,"B"
"CII","11:29:18",17.55,-0.1,1000,5468000,"B"
"CII","11:29:08",17.55,-0.1,600,5467000,"B"
"CII","11:28:58",17.55,-0.1,100,5466400,"B"
"CII","11:28:54",17.55,-0.1,2500,5466300,"B"
"CII","11:28:48",17.55,-0.1,500,5463800,"B"
"CII","11:28:48",17.55,-0.1,500,5463300,"B"
"CII","11:28:32",17.55,-0.1,2000,5462800,"B"
"CII","11:28:28",17.55,-0.1,200,5460800,"B"
"CII","11:28:23",17.55,-0.1,100,5460600,"B"
"CII","11:28:09",17.55,-0.1,1200,5460500,"B"
"CII","11:28:01",17.55,-0.1,5000,5459300,"B"
"CII","11:28:00",17.55,-0.1,1000,5454300,"B"
"CII","11:27:48",17.55,-0.1,100,5453300,"B"
"CII","11:27:47",17.55,-0.1,500,5453200,"B"
"CII","11:27:09",17.55,-0.1,100,5452700,"B"
"CII","11:26:58",17.55,-0.1,300,5452600,"B"
"CII","11:26:50",17.55,-0.1,300,5452300,"B"
"CII","11:26:48",17.55,-0.1,200,5452000,"B"
"CII","11:26:43",17.55,-0.1,1000,5451800,"B"
"CII","11:26:29",17.55,-0.1,100,5450800,"B"
"CII","11:26:13",17.6,-0.05,500,5450700,"S"
"CII","11:25:49",17.55,-0.1,400,5450200,"B"
"CII","11:25:44",17.6,-0.05,500,5449800,"S"
"CII","11:25:28",17.55,-0.1,1500,5449300,"B"
"CII","11:25:14",17.6,-0.05,800,5447800,"S"
"CII","11:25:10",17.6,-0.05,900,5447000,"S"
"CII","11:25:08",17.55,-0.1,6000,5446100,"B"
"CII","11:25:06",17.55,-0.1,30000,5440100,"B"
"CII","11:24:59",17.55,-0.1,200,5410100,"B"
"CII","11:24:08",17.55,-0.1,100,5409900,"B"
"CII","11:24:00",17.6,-0.05,100,5409800,"S"
"CII","11:23:48",17.55,-0.1,800,5409700,"B"
"CII","11:23:28",17.55,-0.1,4300,5408900,"B"
"CII","11:23:17",17.6,-0.05,20000,5404600,"S"
"CII","11:23:09",17.55,-0.1,1600,5384600,"B"
"CII","11:23:06",17.55,-0.1,3000,5383000,"B"
"CII","11:22:57",17.6,-0.05,5000,5380000,"S"
"CII","11:22:49",17.55,-0.1,400,5375000,"B"
"CII","11:22:37",17.6,-0.05,500,5374600,"S"
"CII","11:22:32",17.55,-0.1,500,5374100,"B"
"CII","11:22:29",17.55,-0.1,300,5373600,"B"
"CII","11:22:28",17.55,-0.1,800,5373300,"B"
"CII","11:22:23",17.55,-0.1,5500,5372500,"B"
"CII","11:22:08",17.55,-0.1,400,5367000,"B"
"CII","11:22:00",17.55,-0.1,2000,5366600,"B"
"CII","11:21:49",17.55,-0.1,100,5364600,"B"
"CII","11:21:37",17.55,-0.1,500,5364500,"B"
"CII","11:21:28",17.55,-0.1,100,5364000,"B"
"CII","11:21:12",17.55,-0.1,500,5363900,"B"
"CII","11:21:08",17.55,-0.1,100,5363400,"B"
"CII","11:20:48",17.55,-0.1,600,5363300,"B"
"CII","11:20:39",17.55,-0.1,3300,5362700,"S"
"CII","11:19:50",17.55,-0.1,200,5359400,"B"
"CII","11:19:30",17.55,-0.1,100,5359200,"S"
"CII","11:19:28",17.5,-0.15,100,5359100,"B"
"CII","11:19:22",17.55,-0.1,900,5359000,"B"
"CII","11:18:49",17.55,-0.1,100,5358100,"B"
"CII","11:18:41",17.6,-0.05,200,5358000,"S"
"CII","11:18:36",17.6,-0.05,700,5357800,"S"
"CII","11:18:18",17.6,-0.05,300,5357100,"S"
"CII","11:17:49",17.5,-0.15,100,5356800,"B"
"CII","11:17:28",17.5,-0.15,100,5356700,"B"
"CII","11:17:08",17.5,-0.15,3400,5356100,"B"
"CII","11:17:05",17.55,-0.1,1000,5352700,"S"
"CII","11:16:49",17.5,-0.15,16000,5351700,"B"
"CII","11:16:30",17.5,-0.15,45700,5335700,"B"
"CII","11:16:30",17.55,-0.1,34300,5290000,"B"
"CII","11:16:28",17.55,-0.1,100,5255700,"B"
"CII","11:16:17",17.55,-0.1,300,5255600,"B"
"CII","11:16:09",17.55,-0.1,300,5255300,"B"
"CII","11:15:58",17.55,-0.1,1000,5255000,"B"
"CII","11:15:49",17.55,-0.1,500,5254000,"B"
"CII","11:15:31",17.55,-0.1,1000,5253500,"B"
"CII","11:15:29",17.55,-0.1,1700,5252500,"B"
"CII","11:15:29",17.55,-0.1,200,5250800,"B"
"CII","11:15:25",17.55,-0.1,100,5250600,"B"
"CII","11:15:21",17.55,-0.1,1000,5250500,"B"
"CII","11:14:28",17.55,-0.1,200,5249500,"B"
"CII","11:14:22",17.6,-0.05,100,5249300,"S"
"CII","11:14:09",17.55,-0.1,1100,5249200,"B"
"CII","11:13:58",17.6,-0.05,1000,5248100,"S"
"CII","11:13:53",17.55,-0.1,1000,5247100,"B"
"CII","11:13:48",17.55,-0.1,3500,5246100,"B"
"CII","11:13:45",17.55,-0.1,2000,5242600,"B"
"CII","11:13:38",17.55,-0.1,9300,5240600,"S"
"CII","11:13:34",17.55,-0.1,1000,5231300,"S"
"CII","11:13:30",17.55,-0.1,5000,5230300,"S"
"CII","11:13:29",17.5,-0.15,200,5225300,"B"
"CII","11:13:27",17.55,-0.1,500,5225100,"S"
"CII","11:13:09",17.5,-0.15,600,5224600,"B"
"CII","11:12:49",17.5,-0.15,3200,5224000,"B"
"CII","11:12:47",17.5,-0.15,900,5220800,"B"
"CII","11:12:47",17.5,-0.15,12800,5219900,"B"
"CII","11:12:41",17.55,-0.1,1000,5207100,"S"
"CII","11:12:29",17.55,-0.1,1200,5206100,"B"
"CII","11:12:29",17.55,-0.1,200,5204900,"B"
"CII","11:12:24",17.55,-0.1,900,5204700,"B"
"CII","11:12:08",17.55,-0.1,300,5203800,"B"
"CII","11:11:59",17.6,-0.05,100,5203500,"S"
"CII","11:11:59",17.55,-0.1,400,5203400,"S"
"CII","11:11:55",17.55,-0.1,400,5203000,"S"
"CII","11:11:52",17.55,-0.1,1000,5202600,"B"
"CII","11:11:06",17.6,-0.05,200,5201600,"S"
"CII","11:10:29",17.5,-0.15,200,5201400,"B"
"CII","11:10:26",17.5,-0.15,1000,5201200,"B"
"CII","11:10:08",17.5,-0.15,200,5200200,"B"
"CII","11:10:06",17.55,-0.1,100,5200000,"S"
"CII","11:09:48",17.5,-0.15,1100,5199900,"B"
"CII","11:09:43",17.55,-0.1,3900,5198800,"B"
"CII","11:09:29",17.55,-0.1,1900,5194900,"B"
"CII","11:09:20",17.55,-0.1,7300,5193000,"B"
"CII","11:09:08",17.55,-0.1,2400,5185700,"B"
"CII","11:09:06",17.55,-0.1,800,5183300,"B"
"CII","11:09:05",17.55,-0.1,1000,5182500,"B"
"CII","11:09:01",17.55,-0.1,5000,5181500,"B"
"CII","11:09:01",17.55,-0.1,500,5176500,"B"
"CII","11:08:55",17.55,-0.1,1000,5176000,"B"
"CII","11:08:48",17.55,-0.1,4000,5175000,"B"
"CII","11:08:42",17.55,-0.1,4800,5171000,"S"
"CII","11:08:41",17.55,-0.1,15200,5166200,"B"
"CII","11:08:28",17.55,-0.1,200,5151000,"B"
"CII","11:08:14",17.55,-0.1,1000,5150800,"B"
"CII","11:07:28",17.5,-0.15,200,5149800,"B"
"CII","11:07:14",17.5,-0.15,1000,5149600,"B"
"CII","11:07:08",17.5,-0.15,200,5148600,"B"
"CII","11:06:48",17.5,-0.15,1100,5148400,"B"
"CII","11:06:34",17.5,-0.15,4500,5147300,"B"
"CII","11:06:34",17.55,-0.1,500,5142800,"B"
"CII","11:06:29",17.5,-0.15,800,5142300,"B"
"CII","11:06:11",17.6,-0.05,100,5141500,"S"
"CII","11:06:08",17.5,-0.15,3600,5141400,"B"
"CII","11:06:08",17.55,-0.1,5400,5137800,"B"
"CII","11:06:05",17.55,-0.1,1000,5132400,"B"
"CII","11:06:04",17.55,-0.1,1000,5131400,"B"
"CII","11:06:02",17.55,-0.1,10000,5130400,"B"
"CII","11:06:01",17.55,-0.1,1000,5120400,"B"
"CII","11:05:59",17.55,-0.1,2000,5119400,"B"
"CII","11:05:48",17.55,-0.1,200,5117400,"B"
"CII","11:05:31",17.55,-0.1,1100,5117200,"B"
"CII","11:05:11",17.55,-0.1,2000,5116100,"B"
"CII","11:05:08",17.55,-0.1,3700,5114100,"B"
"CII","11:04:59",17.55,-0.1,16700,5110400,"B"
"CII","11:04:58",17.55,-0.1,1200,5093700,"B"
"CII","11:04:49",17.55,-0.1,600,5092500,"B"
"CII","11:04:45",17.55,-0.1,100,5091900,"B"
"CII","11:04:37",17.6,-0.05,3000,5091800,"S"
"CII","11:04:08",17.55,-0.1,300,5088800,"B"
"CII","11:03:59",17.55,-0.1,1500,5088500,"B"
"CII","11:03:49",17.55,-0.1,300,5087000,"B"
"CII","11:03:39",17.55,-0.1,100,5086700,"S"
"CII","11:03:29",17.5,-0.15,100,5086600,"B"
"CII","11:03:14",17.55,-0.1,100,5085100,"B"
"CII","11:03:08",17.5,-0.15,400,5085000,"B"
"CII","11:03:08",17.55,-0.1,400,5084600,"B"
"CII","11:02:48",17.5,-0.15,4300,5084200,"B"
"CII","11:02:41",17.6,-0.05,7900,5079900,"S"
"CII","11:02:41",17.55,-0.1,2100,5072000,"S"
"CII","11:02:41",17.5,-0.15,10000,5069900,"B"
"CII","11:02:28",17.5,-0.15,1400,5059900,"B"
"CII","11:02:28",17.55,-0.1,500,5058500,"S"
"CII","11:02:21",17.55,-0.1,500,5058000,"S"
"CII","11:02:10",17.55,-0.1,5200,5057500,"S"
"CII","11:02:08",17.5,-0.15,1300,5052300,"B"
"CII","11:02:01",17.55,-0.1,600,5051000,"S"
"CII","11:02:01",17.55,-0.1,1000,5050400,"S"
"CII","11:02:00",17.55,-0.1,500,5049400,"S"
"CII","11:01:50",17.55,-0.1,100,5048900,"S"
"CII","11:01:49",17.5,-0.15,1400,5048800,"B"
"CII","11:01:48",17.55,-0.1,3000,5047400,"S"
"CII","11:01:36",17.55,-0.1,1100,5044400,"S"
"CII","11:01:32",17.55,-0.1,1000,5043300,"S"
"CII","11:01:29",17.55,-0.1,5000,5042300,"S"
"CII","11:01:28",17.5,-0.15,100,5037300,"B"
"CII","11:01:08",17.5,-0.15,500,5037200,"B"
"CII","11:01:06",17.5,-0.15,1000,5036700,"B"
"CII","11:00:58",17.5,-0.15,300,5035700,"B"
"CII","11:00:48",17.5,-0.15,1600,5035400,"B"
"CII","11:00:41",17.5,-0.15,5000,5033800,"B"
"CII","11:00:33",17.55,-0.1,300,5028800,"S"
"CII","11:00:33",17.5,-0.15,2000,5028500,"B"
"CII","11:00:31",17.5,-0.15,300,5026500,"B"
"CII","11:00:28",17.5,-0.15,700,5026200,"B"
"CII","11:00:26",17.55,-0.1,200,5025500,"S"
"CII","11:00:09",17.5,-0.15,3600,5025300,"B"
"CII","11:00:05",17.5,-0.15,900,5021700,"B"
"CII","11:00:02",17.5,-0.15,4500,5020800,"B"
"CII","10:59:57",17.5,-0.15,500,5016300,"B"
"CII","10:59:48",17.5,-0.15,12400,5015800,"B"
"CII","10:59:46",17.5,-0.15,40700,5003400,"B"
"CII","10:59:46",17.5,-0.15,10300,4962700,"B"
"CII","10:59:43",17.5,-0.15,100,4952400,"B"
"CII","10:59:29",17.5,-0.15,1200,4952300,"B"
"CII","10:59:23",17.5,-0.15,6000,4951100,"B"
"CII","10:59:09",17.5,-0.15,100,4945100,"B"
"CII","10:59:02",17.55,-0.1,200,4945000,"S"
"CII","10:58:48",17.5,-0.15,300,4944800,"B"
"CII","10:58:36",17.5,-0.15,500,4944500,"B"
"CII","10:58:28",17.5,-0.15,1200,4944000,"B"
"CII","10:58:18",17.5,-0.15,2000,4942800,"B"
"CII","10:58:08",17.5,-0.15,4000,4940800,"B"
"CII","10:58:07",17.5,-0.15,100,4936800,"B"
"CII","10:58:00",17.5,-0.15,19100,4936700,"B"
"CII","10:57:49",17.5,-0.15,800,4917600,"B"
"CII","10:57:47",17.55,-0.1,2000,4916800,"S"
"CII","10:57:36",17.55,-0.1,1000,4914800,"S"
"CII","10:57:28",17.5,-0.15,1200,4913800,"B"
"CII","10:57:26",17.55,-0.1,300,4912600,"S"
"CII","10:57:26",17.55,-0.1,3000,4912300,"S"
"CII","10:57:21",17.55,-0.1,400,4909300,"S"
"CII","10:57:16",17.55,-0.1,1000,4908900,"S"
"CII","10:57:15",17.55,-0.1,500,4907900,"S"
"CII","10:57:09",17.5,-0.15,600,4907400,"B"
"CII","10:56:54",17.55,-0.1,2800,4906300,"S"
"CII","10:56:48",17.5,-0.15,400,4903500,"B"
"CII","10:56:37",17.55,-0.1,1600,4903100,"S"
"CII","10:56:28",17.5,-0.15,400,4901500,"B"
"CII","10:56:23",17.5,-0.15,2000,4901100,"B"
"CII","10:56:08",17.5,-0.15,100,4899100,"B"
"CII","10:56:01",17.5,-0.15,100,4899000,"B"
"CII","10:55:59",17.55,-0.1,500,4898900,"S"
"CII","10:55:49",17.5,-0.15,100,4898400,"B"
"CII","10:55:29",17.5,-0.15,600,4898300,"B"
"CII","10:55:24",17.55,-0.1,500,4897700,"S"
"CII","10:55:19",17.55,-0.1,2000,4897200,"S"
"CII","10:55:09",17.5,-0.15,800,4895200,"B"
"CII","10:54:48",17.5,-0.15,4400,4894400,"B"
"CII","10:54:38",17.5,-0.15,2000,4890000,"B"
"CII","10:54:28",17.5,-0.15,100,4888000,"B"
"CII","10:54:13",17.5,-0.15,200,4887900,"B"
"CII","10:54:11",17.5,-0.15,100,4887700,"B"
"CII","10:54:08",17.5,-0.15,400,4887600,"B"
"CII","10:54:05",17.5,-0.15,400,4887200,"B"
"CII","10:54:04",17.5,-0.15,1400,4886800,"B"
"CII","10:54:03",17.5,-0.15,500,4885400,"B"
"CII","10:53:49",17.5,-0.15,100,4884900,"B"
"CII","10:53:47",17.5,-0.15,400,4884800,"B"
"CII","10:53:29",17.5,-0.15,200,4884400,"B"
"CII","10:53:23",17.5,-0.15,400,4884200,"B"
"CII","10:53:21",17.5,-0.15,100,4883800,"B"
"CII","10:53:12",17.5,-0.15,600,4883700,"B"
"CII","10:52:28",17.5,-0.15,100,4883100,"B"
"CII","10:52:14",17.5,-0.15,500,4883000,"B"
"CII","10:52:08",17.5,-0.15,200,4882500,"B"
"CII","10:51:50",17.5,-0.15,500,4882300,"B"
"CII","10:51:48",17.5,-0.15,900,4881800,"B"
"CII","10:51:35",17.5,-0.15,2400,4880900,"B"
"CII","10:51:34",17.5,-0.15,600,4878500,"B"
"CII","10:51:29",17.5,-0.15,1500,4877900,"B"
"CII","10:51:18",17.5,-0.15,2500,4876400,"B"
"CII","10:51:08",17.5,-0.15,100,4873900,"B"
"CII","10:50:57",17.5,-0.15,500,4873800,"B"
"CII","10:50:49",17.5,-0.15,200,4873300,"B"
"CII","10:50:31",17.5,-0.15,500,4873100,"B"
"CII","10:50:28",17.5,-0.15,900,4872600,"B"
"CII","10:50:19",17.5,-0.15,900,4871700,"B"
"CII","10:50:10",17.55,-0.1,600,4870800,"S"
"CII","10:50:08",17.5,-0.15,3100,4870200,"B"
"CII","10:50:07",17.5,-0.15,10000,4867100,"B"
"CII","10:49:57",17.5,-0.15,4500,4857100,"B"
"CII","10:49:53",17.5,-0.15,700,4852600,"B"
"CII","10:49:48",17.5,-0.15,500,4851900,"B"
"CII","10:49:38",17.5,-0.15,800,4851400,"B"
"CII","10:49:28",17.5,-0.15,2100,4850600,"B"
"CII","10:49:18",17.5,-0.15,5500,4848500,"B"
"CII","10:49:16",17.5,-0.15,5000,4843000,"B"
"CII","10:49:08",17.5,-0.15,400,4838000,"B"
"CII","10:49:04",17.5,-0.15,2000,4837600,"B"
"CII","10:48:09",17.5,-0.15,300,4835600,"B"
"CII","10:48:01",17.5,-0.15,1500,4835300,"B"
"CII","10:47:36",17.55,-0.1,200,4833800,"S"
"CII","10:47:08",17.5,-0.15,100,4833600,"B"
"CII","10:46:48",17.5,-0.15,800,4833500,"B"
"CII","10:46:44",17.5,-0.15,1500,4832700,"B"
"CII","10:46:31",17.55,-0.1,500,4831200,"S"
"CII","10:46:28",17.5,-0.15,2100,4830700,"B"
"CII","10:46:27",17.5,-0.15,8800,4828600,"B"
"CII","10:46:14",17.5,-0.15,100,4819800,"B"
"CII","10:46:11",17.5,-0.15,100,4819700,"B"
"CII","10:46:08",17.5,-0.15,1600,4819600,"B"
"CII","10:46:02",17.5,-0.15,8000,4818000,"B"
"CII","10:45:48",17.5,-0.15,400,4810000,"B"
"CII","10:45:32",17.5,-0.15,200,4809600,"B"
"CII","10:45:28",17.5,-0.15,2100,4809400,"B"
"CII","10:45:18",17.5,-0.15,2600,4807300,"S"
"CII","10:45:09",17.5,-0.15,7900,4804700,"B"
"CII","10:45:05",17.5,-0.15,50000,4796800,"B"
"CII","10:44:48",17.5,-0.15,200,4746800,"B"
"CII","10:44:32",17.5,-0.15,1000,4746600,"B"
"CII","10:44:29",17.5,-0.15,300,4745600,"B"
"CII","10:44:08",17.5,-0.15,1700,4745300,"B"
"CII","10:44:06",17.5,-0.15,3500,4743600,"B"
"CII","10:44:01",17.5,-0.15,300,4740100,"B"
"CII","10:43:56",17.5,-0.15,2000,4739800,"B"
"CII","10:43:48",17.5,-0.15,2700,4737800,"B"
"CII","10:43:45",17.5,-0.15,2000,4735100,"B"
"CII","10:43:43",17.5,-0.15,5000,4733100,"B"
"CII","10:43:40",17.5,-0.15,500,4728100,"B"
"CII","10:43:34",17.5,-0.15,3000,4727600,"B"
"CII","10:43:29",17.5,-0.15,3300,4724600,"B"
"CII","10:43:24",17.5,-0.15,900,4721300,"B"
"CII","10:43:18",17.5,-0.15,3600,4720400,"B"
"CII","10:43:13",17.5,-0.15,1500,4716800,"B"
"CII","10:43:11",17.5,-0.15,700,4715300,"S"
"CII","10:43:10",17.5,-0.15,10000,4714600,"S"
"CII","10:43:08",17.45,-0.2,500,4704600,"B"
"CII","10:42:59",17.5,-0.15,300,4704100,"S"
"CII","10:42:55",17.5,-0.15,200,4703800,"S"
"CII","10:42:47",17.5,-0.15,13000,4703600,"B"
"CII","10:42:44",17.55,-0.1,1000,4690600,"S"
"CII","10:42:36",17.5,-0.15,2000,4689600,"B"
"CII","10:42:28",17.5,-0.15,4000,4687600,"B"
"CII","10:42:25",17.5,-0.15,300,4683600,"B"
"CII","10:42:17",17.5,-0.15,100,4683300,"S"
"CII","10:42:08",17.5,-0.15,20000,4683200,"B"
"CII","10:42:07",17.5,-0.15,100,4663200,"B"
"CII","10:42:00",17.5,-0.15,100000,4663100,"B"
"CII","10:41:45",17.5,-0.15,100,4563100,"B"
"CII","10:41:29",17.5,-0.15,300,4563000,"B"
"CII","10:41:08",17.55,-0.1,200,4562700,"S"
"CII","10:41:08",17.5,-0.15,1600,4562500,"B"
"CII","10:40:50",17.55,-0.1,500,4560900,"S"
"CII","10:40:48",17.5,-0.15,7500,4560400,"B"
"CII","10:40:43",17.55,-0.1,22800,4552900,"B"
"CII","10:40:34",17.55,-0.1,2000,4530100,"B"
"CII","10:40:33",17.55,-0.1,11200,4528100,"B"
"CII","10:40:28",17.55,-0.1,1600,4516900,"B"
"CII","10:40:20",17.55,-0.1,5000,4515300,"B"
"CII","10:40:15",17.55,-0.1,1300,4510300,"B"
"CII","10:40:08",17.55,-0.1,2100,4509000,"B"
"CII","10:40:04",17.55,-0.1,2000,4506900,"B"
"CII","10:40:02",17.55,-0.1,1400,4504900,"B"
"CII","10:40:01",17.55,-0.1,3000,4503500,"B"
"CII","10:39:58",17.55,-0.1,3000,4500500,"B"
"CII","10:39:48",17.55,-0.1,1500,4497500,"B"
"CII","10:39:44",17.55,-0.1,4000,4496000,"B"
"CII","10:39:36",17.55,-0.1,3100,4492000,"B"
"CII","10:39:29",17.55,-0.1,800,4488900,"B"
"CII","10:39:23",17.55,-0.1,100,4488100,"B"
"CII","10:39:16",17.55,-0.1,1900,4488000,"B"
"CII","10:39:08",17.55,-0.1,2000,4486100,"B"
"CII","10:39:03",17.55,-0.1,10000,4484100,"B"
"CII","10:38:48",17.55,-0.1,100,4474100,"B"
"CII","10:38:32",17.55,-0.1,100,4474000,"B"
"CII","10:38:29",17.55,-0.1,400,4473900,"B"
"CII","10:38:12",17.6,-0.05,1200,4473500,"S"
"CII","10:38:10",17.6,-0.05,500,4472300,"S"
"CII","10:38:08",17.55,-0.1,400,4471800,"B"
"CII","10:38:03",17.6,-0.05,800,4471400,"S"
"CII","10:37:52",17.6,-0.05,500,4470600,"S"
"CII","10:37:48",17.55,-0.1,1100,4470100,"B"
"CII","10:37:36",17.6,-0.05,5000,4469000,"S"
"CII","10:37:28",17.6,-0.05,100,4463500,"S"
"CII","10:36:49",17.55,-0.1,200,4463400,"B"
"CII","10:36:34",17.55,-0.1,700,4463200,"B"
"CII","10:36:32",17.55,-0.1,300,4462500,"B"
"CII","10:36:08",17.55,-0.1,200,4462200,"B"
"CII","10:36:07",17.6,-0.05,1000,4462000,"S"
"CII","10:35:48",17.6,-0.05,200,4461000,"S"
"CII","10:35:28",17.55,-0.1,100,4460800,"B"
"CII","10:35:09",17.55,-0.1,800,4460700,"B"
"CII","10:35:08",17.6,-0.05,3000,4459900,"S"
"CII","10:34:52",17.6,-0.05,1000,4456900,"S"
"CII","10:34:48",17.55,-0.1,400,4455900,"B"
"CII","10:34:35",17.6,-0.05,100,4455500,"S"
"CII","10:34:34",17.55,-0.1,1500,4455400,"B"
"CII","10:34:28",17.55,-0.1,800,4453900,"B"
"CII","10:34:08",17.55,-0.1,4000,4453100,"B"
"CII","10:33:48",17.55,-0.1,6600,4449100,"B"
"CII","10:33:48",17.6,-0.05,13400,4442500,"B"
"CII","10:33:42",17.6,-0.05,100000,4429100,"B"
"CII","10:33:08",17.6,-0.05,100,4329100,"B"
"CII","10:32:48",17.6,-0.05,700,4329000,"B"
"CII","10:32:29",17.6,-0.05,2000,4328300,"B"
"CII","10:32:28",17.6,-0.05,1800,4326300,"B"
"CII","10:32:16",17.6,-0.05,8700,4324500,"B"
"CII","10:32:08",17.6,-0.05,400,4315800,"B"
"CII","10:31:48",17.6,-0.05,2000,4315400,"B"
"CII","10:31:41",17.65,0,10000,4313400,"S"
"CII","10:31:28",17.6,-0.05,400,4303400,"B"
"CII","10:31:08",17.6,-0.05,2400,4303000,"B"
"CII","10:30:58",17.65,0,2000,4300600,"S"
"CII","10:30:53",17.6,-0.05,5000,4298600,"B"
"CII","10:30:52",17.65,0,1000,4293600,"S"
"CII","10:30:49",17.6,-0.05,3600,4292600,"B"
"CII","10:30:48",17.6,-0.05,400,4289000,"B"
"CII","10:30:47",17.65,0,2000,4288600,"S"
"CII","10:30:43",17.6,-0.05,100,4286600,"B"
"CII","10:30:39",17.65,0,5600,4286500,"S"
"CII","10:30:36",17.65,0,2000,4280900,"S"
"CII","10:30:29",17.6,-0.05,10700,4278900,"B"
"CII","10:30:27",17.65,0,3000,4268200,"S"
"CII","10:30:23",17.65,0,46400,4265200,"S"
"CII","10:30:22",17.65,0,3600,4218800,"S"
"CII","10:30:14",17.6,-0.05,500,4215200,"B"
"CII","10:30:09",17.6,-0.05,100,4214700,"B"
"CII","10:29:48",17.6,-0.05,500,4214600,"B"
"CII","10:29:46",17.65,0,800,4214100,"S"
"CII","10:29:33",17.65,0,1000,4213300,"S"
"CII","10:29:28",17.6,-0.05,800,4212300,"B"
"CII","10:29:17",17.6,-0.05,3600,4211500,"B"
"CII","10:29:09",17.6,-0.05,400,4207900,"B"
"CII","10:29:07",17.65,0,1200,4207500,"S"
"CII","10:28:53",17.6,-0.05,100,4206300,"B"
"CII","10:28:48",17.6,-0.05,700,4206200,"B"
"CII","10:28:46",17.6,-0.05,500,4205500,"B"
"CII","10:28:38",17.6,-0.05,1000,4205000,"B"
"CII","10:28:37",17.6,-0.05,200,4204000,"B"
"CII","10:28:28",17.6,-0.05,2000,4203800,"B"
"CII","10:28:22",17.6,-0.05,400,4201800,"B"
"CII","10:28:17",17.65,0,4000,4201400,"S"
"CII","10:28:17",17.6,-0.05,1000,4197400,"B"
"CII","10:28:11",17.65,0,200,4196400,"S"
"CII","10:28:08",17.6,-0.05,4600,4196200,"B"
"CII","10:28:00",17.65,0,18000,4191600,"S"
"CII","10:27:49",17.6,-0.05,5000,4173600,"B"
"CII","10:27:35",17.65,0,1200,4168200,"S"
"CII","10:27:28",17.6,-0.05,1000,4167000,"B"
"CII","10:27:20",17.6,-0.05,500,4166000,"B"
"CII","10:27:08",17.6,-0.05,4600,4165500,"B"
"CII","10:27:05",17.65,0,10000,4160900,"S"
"CII","10:26:56",17.65,0,3000,4150900,"S"
"CII","10:26:54",17.65,0,10000,4147900,"S"
"CII","10:26:38",17.6,-0.05,100,4137900,"B"
"CII","10:26:28",17.6,-0.05,200,4137800,"B"
"CII","10:26:09",17.6,-0.05,1000,4137600,"B"
"CII","10:25:49",17.6,-0.05,4000,4136600,"S"
"CII","10:25:49",17.55,-0.1,1300,4132600,"B"
"CII","10:25:47",17.6,-0.05,2000,4131300,"S"
"CII","10:25:44",17.6,-0.05,1000,4129300,"S"
"CII","10:25:37",17.6,-0.05,500,4128300,"S"
"CII","10:25:35",17.6,-0.05,1000,4127800,"S"
"CII","10:25:29",17.6,-0.05,1000,4126800,"S"
"CII","10:25:29",17.55,-0.1,1200,4125800,"B"
"CII","10:25:26",17.6,-0.05,500,4124600,"S"
"CII","10:25:25",17.6,-0.05,2200,4124100,"S"
"CII","10:25:14",17.6,-0.05,3000,4121900,"S"
"CII","10:25:11",17.6,-0.05,100,4118900,"S"
"CII","10:25:08",17.55,-0.1,300,4118800,"B"
"CII","10:24:56",17.6,-0.05,1000,4118500,"S"
"CII","10:24:48",17.55,-0.1,800,4117500,"B"
"CII","10:24:46",17.55,-0.1,900,4116700,"B"
"CII","10:24:28",17.55,-0.1,3500,4115800,"B"
"CII","10:24:09",17.55,-0.1,2900,4112300,"B"
"CII","10:24:04",17.6,-0.05,10000,4109400,"S"
"CII","10:24:02",17.55,-0.1,4000,4099400,"B"
"CII","10:23:50",17.55,-0.1,200,4095400,"B"
"CII","10:23:48",17.55,-0.1,300,4095200,"B"
"CII","10:23:34",17.55,-0.1,600,4094900,"B"
"CII","10:23:30",17.55,-0.1,600,4094300,"B"
"CII","10:23:28",17.55,-0.1,400,4093700,"B"
"CII","10:23:09",17.5,-0.15,1800,4093300,"B"
"CII","10:23:09",17.55,-0.1,600,4091500,"B"
"CII","10:23:05",17.55,-0.1,1400,4090900,"S"
"CII","10:23:01",17.55,-0.1,200,4089500,"S"
"CII","10:22:56",17.5,-0.15,10000,4089300,"B"
"CII","10:22:49",17.5,-0.15,400,4079300,"B"
"CII","10:22:29",17.5,-0.15,2400,4078900,"B"
"CII","10:22:26",17.55,-0.1,2600,4076500,"B"
"CII","10:22:10",17.55,-0.1,7500,4073900,"B"
"CII","10:22:08",17.55,-0.1,1900,4066400,"B"
"CII","10:22:08",17.55,-0.1,3000,4064500,"B"
"CII","10:22:06",17.55,-0.1,200,4061500,"B"
"CII","10:22:04",17.55,-0.1,1000,4061300,"B"
"CII","10:22:00",17.55,-0.1,4000,4060300,"B"
"CII","10:21:51",17.55,-0.1,300,4056300,"B"
"CII","10:21:48",17.55,-0.1,1100,4056000,"B"
"CII","10:21:32",17.55,-0.1,2900,4054900,"B"
"CII","10:21:30",17.55,-0.1,2000,4052000,"B"
"CII","10:21:28",17.55,-0.1,600,4050000,"B"
"CII","10:21:24",17.55,-0.1,2000,4049400,"B"
"CII","10:21:20",17.55,-0.1,1000,4047400,"B"
"CII","10:21:09",17.55,-0.1,100,4046400,"B"
"CII","10:21:07",17.55,-0.1,100,4046300,"B"
"CII","10:20:53",17.55,-0.1,400,4046200,"B"
"CII","10:20:51",17.55,-0.1,200,4045800,"B"
"CII","10:20:37",17.5,-0.15,100,4045600,"B"
"CII","10:20:32",17.5,-0.15,100,4045500,"B"
"CII","10:20:28",17.5,-0.15,800,4045400,"B"
"CII","10:20:12",17.5,-0.15,3600,4044600,"B"
"CII","10:20:00",17.5,-0.15,4300,4041000,"S"
"CII","10:20:00",17.5,-0.15,3000,4036700,"S"
"CII","10:19:59",17.5,-0.15,3000,4033700,"S"
"CII","10:19:58",17.5,-0.15,5000,4030700,"S"
"CII","10:19:58",17.5,-0.15,1200,4025700,"S"
"CII","10:19:57",17.5,-0.15,2500,4024500,"S"
"CII","10:19:55",17.5,-0.15,2000,4022000,"S"
"CII","10:19:54",17.5,-0.15,1000,4020000,"S"
"CII","10:19:53",17.5,-0.15,12500,4019000,"S"
"CII","10:19:47",17.5,-0.15,122000,4006500,"S"
"CII","10:19:44",17.5,-0.15,10000,3884500,"S"
"CII","10:19:42",17.5,-0.15,500,3874500,"S"
"CII","10:19:40",17.5,-0.15,1000,3874000,"S"
"CII","10:19:39",17.5,-0.15,200,3873000,"S"
"CII","10:19:26",17.5,-0.15,1000,3872800,"S"
"CII","10:19:18",17.5,-0.15,200,3871800,"S"
"CII","10:19:16",17.5,-0.15,2000,3871600,"S"
"CII","10:19:15",17.45,-0.2,1000,3869600,"B"
"CII","10:19:12",17.5,-0.15,1000,3868600,"S"
"CII","10:19:02",17.5,-0.15,1000,3867600,"S"
"CII","10:19:01",17.5,-0.15,1000,3866600,"S"
"CII","10:18:56",17.5,-0.15,1000,3865600,"S"
"CII","10:18:55",17.5,-0.15,1000,3864600,"S"
"CII","10:18:54",17.5,-0.15,1500,3863600,"S"
"CII","10:18:49",17.5,-0.15,2000,3862100,"S"
"CII","10:18:48",17.5,-0.15,100,3860100,"S"
"CII","10:18:39",17.5,-0.15,2000,3860000,"S"
"CII","10:18:37",17.5,-0.15,200,3858000,"S"
"CII","10:18:31",17.5,-0.15,1000,3857800,"S"
"CII","10:18:28",17.5,-0.15,400,3856800,"S"
"CII","10:18:19",17.5,-0.15,200,3856400,"S"
"CII","10:17:51",17.5,-0.15,100,3856200,"S"
"CII","10:17:50",17.5,-0.15,300,3856100,"S"
"CII","10:17:49",17.5,-0.15,500,3855800,"S"
"CII","10:17:36",17.5,-0.15,700,3855300,"S"
"CII","10:17:28",17.5,-0.15,500,3854600,"S"
"CII","10:17:17",17.45,-0.2,2000,3854100,"B"
"CII","10:16:55",17.45,-0.2,3200,3852100,"B"
"CII","10:16:45",17.5,-0.15,3000,3848900,"S"
"CII","10:16:43",17.45,-0.2,2000,3845900,"B"
"CII","10:16:40",17.45,-0.2,2000,3843900,"B"
"CII","10:16:36",17.45,-0.2,500,3841900,"B"
"CII","10:16:36",17.45,-0.2,1000,3841400,"B"
"CII","10:16:28",17.45,-0.2,100,3840400,"B"
"CII","10:16:27",17.45,-0.2,20000,3840300,"B"
"CII","10:16:17",17.45,-0.2,1400,3820300,"B"
"CII","10:15:53",17.45,-0.2,15000,3818900,"B"
"CII","10:15:46",17.5,-0.15,200,3803900,"S"
"CII","10:15:44",17.5,-0.15,100,3803700,"S"
"CII","10:15:42",17.45,-0.2,30000,3803600,"B"
"CII","10:15:33",17.45,-0.2,30000,3773600,"B"
"CII","10:15:30",17.5,-0.15,200,3743600,"S"
"CII","10:15:22",17.5,-0.15,1200,3743400,"S"
"CII","10:15:21",17.5,-0.15,200,3742200,"S"
"CII","10:15:19",17.5,-0.15,200,3742000,"S"
"CII","10:15:03",17.5,-0.15,500,3741800,"S"
"CII","10:14:58",17.5,-0.15,2000,3741300,"S"
"CII","10:14:56",17.5,-0.15,1700,3739300,"S"
"CII","10:14:52",17.5,-0.15,1000,3737600,"S"
"CII","10:14:46",17.5,-0.15,600,3736600,"S"
"CII","10:14:46",17.45,-0.2,100,3736000,"B"
"CII","10:14:43",17.5,-0.15,200,3735900,"S"
"CII","10:14:32",17.5,-0.15,500,3735700,"S"
"CII","10:14:26",17.45,-0.2,1200,3735200,"B"
"CII","10:14:25",17.45,-0.2,2000,3734000,"B"
"CII","10:14:24",17.5,-0.15,2000,3732000,"S"
"CII","10:14:23",17.5,-0.15,100,3730000,"S"
"CII","10:14:20",17.5,-0.15,100,3729900,"S"
"CII","10:14:14",17.5,-0.15,1000,3729800,"S"
"CII","10:14:12",17.5,-0.15,100,3728800,"S"
"CII","10:14:10",17.5,-0.15,100,3728700,"S"
"CII","10:14:07",17.5,-0.15,600,3728600,"S"
"CII","10:14:06",17.5,-0.15,2000,3728000,"S"
"CII","10:14:05",17.5,-0.15,3000,3726000,"S"
"CII","10:13:56",17.5,-0.15,100,3723000,"S"
"CII","10:13:53",17.5,-0.15,1000,3722900,"S"
"CII","10:13:48",17.5,-0.15,600,3721900,"S"
"CII","10:13:42",17.5,-0.15,500,3721300,"S"
"CII","10:13:37",17.5,-0.15,100,3720800,"S"
"CII","10:13:36",17.5,-0.15,304700,3720700,"B"
"CII","10:13:36",17.55,-0.1,125100,3416000,"B"
"CII","10:13:20",17.6,-0.05,500,3290900,"S"
"CII","10:13:19",17.55,-0.1,2700,3290400,"B"
"CII","10:13:08",17.55,-0.1,9700,3287700,"B"
"CII","10:12:59",17.55,-0.1,300,3278000,"B"
"CII","10:12:40",17.55,-0.1,1800,3277700,"B"
"CII","10:12:35",17.6,-0.05,500,3275900,"S"
"CII","10:12:33",17.6,-0.05,500,3275400,"S"
"CII","10:12:31",17.6,-0.05,1000,3274900,"S"
"CII","10:12:23",17.6,-0.05,5000,3273900,"S"
"CII","10:12:19",17.55,-0.1,2400,3268900,"B"
"CII","10:12:16",17.6,-0.05,5000,3266500,"S"
"CII","10:12:13",17.6,-0.05,1000,3261500,"S"
"CII","10:12:07",17.55,-0.1,100,3260500,"B"
"CII","10:12:04",17.6,-0.05,200,3260400,"S"
"CII","10:12:03",17.6,-0.05,5000,3260200,"S"
"CII","10:11:59",17.55,-0.1,900,3255200,"B"
"CII","10:11:51",17.6,-0.05,500,3254300,"S"
"CII","10:11:51",17.6,-0.05,2100,3253800,"B"
"CII","10:11:46",17.6,-0.05,600,3251700,"S"
"CII","10:11:42",17.6,-0.05,900,3251100,"S"
"CII","10:11:40",17.6,-0.05,200,3250200,"S"
"CII","10:11:39",17.55,-0.1,600,3250000,"B"
"CII","10:11:35",17.6,-0.05,1000,3249400,"S"
"CII","10:11:34",17.6,-0.05,100,3248400,"S"
"CII","10:11:24",17.6,-0.05,200,3248300,"S"
"CII","10:11:19",17.55,-0.1,1700,3248100,"B"
"CII","10:11:16",17.6,-0.05,3900,3246400,"B"
"CII","10:11:10",17.6,-0.05,1100,3242500,"S"
"CII","10:11:06",17.6,-0.05,500,3241400,"S"
"CII","10:11:03",17.6,-0.05,100,3240900,"S"
"CII","10:10:59",17.55,-0.1,2900,3240800,"B"
"CII","10:10:58",17.6,-0.05,10000,3237900,"S"
"CII","10:10:52",17.6,-0.05,100,3227900,"S"
"CII","10:10:51",17.6,-0.05,1000,3227800,"S"
"CII","10:10:49",17.6,-0.05,200,3226800,"S"
"CII","10:10:40",17.6,-0.05,100,3226600,"S"
"CII","10:10:39",17.55,-0.1,1100,3226500,"B"
"CII","10:10:39",17.6,-0.05,2400,3225400,"B"
"CII","10:10:33",17.6,-0.05,10000,3223000,"B"
"CII","10:10:24",17.6,-0.05,1000,3213000,"B"
"CII","10:10:21",17.6,-0.05,4000,3212000,"B"
"CII","10:10:19",17.6,-0.05,2700,3208000,"B"
"CII","10:10:14",17.6,-0.05,11100,3205300,"S"
"CII","10:10:04",17.6,-0.05,100,3194200,"S"
"CII","10:10:00",17.55,-0.1,9200,3194100,"B"
"CII","10:09:58",17.6,-0.05,20000,3184900,"S"
"CII","10:09:56",17.55,-0.1,25300,3164900,"B"
"CII","10:09:39",17.55,-0.1,800,3139600,"B"
"CII","10:09:30",17.6,-0.05,3400,3138800,"S"
"CII","10:09:27",17.55,-0.1,500,3135400,"B"
"CII","10:09:19",17.55,-0.1,100,3134900,"B"
"CII","10:09:18",17.55,-0.1,100,3134800,"B"
"CII","10:08:59",17.55,-0.1,700,3134700,"B"
"CII","10:08:55",17.6,-0.05,500,3134000,"S"
"CII","10:08:54",17.6,-0.05,1000,3133500,"S"
"CII","10:08:49",17.6,-0.05,1500,3132500,"S"
"CII","10:08:45",17.6,-0.05,600,3131000,"S"
"CII","10:08:39",17.55,-0.1,100,3130400,"B"
"CII","10:08:19",17.55,-0.1,700,3130300,"B"
"CII","10:08:13",17.6,-0.05,200,3129600,"S"
"CII","10:07:59",17.55,-0.1,3600,3129400,"B"
"CII","10:07:54",17.6,-0.05,7900,3125800,"B"
"CII","10:07:52",17.6,-0.05,10000,3117900,"B"
"CII","10:07:48",17.6,-0.05,100,3107900,"B"
"CII","10:07:39",17.6,-0.05,200,3107800,"B"
"CII","10:07:24",17.6,-0.05,1000,3107600,"B"
"CII","10:07:19",17.6,-0.05,100,3106600,"B"
"CII","10:07:02",17.6,-0.05,600,3106500,"B"
"CII","10:07:01",17.6,-0.05,200,3105900,"B"
"CII","10:06:59",17.6,-0.05,100,3105700,"B"
"CII","10:06:39",17.6,-0.05,700,3105600,"B"
"CII","10:06:24",17.6,-0.05,3000,3104900,"B"
"CII","10:06:19",17.6,-0.05,600,3101900,"B"
"CII","10:06:07",17.6,-0.05,2000,3101300,"B"
"CII","10:06:05",17.6,-0.05,1100,3099300,"B"
"CII","10:06:03",17.6,-0.05,100,3098200,"B"
"CII","10:05:39",17.6,-0.05,300,3098100,"B"
"CII","10:05:19",17.6,-0.05,1700,3097800,"B"
"CII","10:05:11",17.6,-0.05,500,3096100,"S"
"CII","10:05:08",17.6,-0.05,3000,3095600,"S"
"CII","10:05:07",17.6,-0.05,4000,3092600,"S"
"CII","10:05:00",17.6,-0.05,100,3088600,"S"
"CII","10:04:59",17.55,-0.1,400,3088500,"B"
"CII","10:04:59",17.6,-0.05,500,3088100,"S"
"CII","10:04:54",17.6,-0.05,1000,3087600,"S"
"CII","10:04:39",17.55,-0.1,1400,3086600,"B"
"CII","10:04:32",17.6,-0.05,5000,3085200,"S"
"CII","10:04:19",17.55,-0.1,2100,3080200,"B"
"CII","10:04:11",17.6,-0.05,2000,3078100,"S"
"CII","10:04:09",17.6,-0.05,100,3076100,"S"
"CII","10:04:07",17.6,-0.05,1100,3076000,"B"
"CII","10:04:03",17.6,-0.05,3900,3074900,"S"
"CII","10:04:02",17.6,-0.05,100,3071000,"S"
"CII","10:04:00",17.55,-0.1,3600,3070900,"B"
"CII","10:03:53",17.6,-0.05,300,3067300,"B"
"CII","10:03:52",17.6,-0.05,700,3067000,"B"
"CII","10:03:40",17.55,-0.1,8000,3066300,"B"
"CII","10:03:39",17.55,-0.1,8000,3058300,"B"
"CII","10:03:39",17.6,-0.05,1000,3050300,"B"
"CII","10:03:21",17.55,-0.1,4500,3049300,"B"
"CII","10:03:21",17.6,-0.05,35500,3044800,"B"
"CII","10:03:19",17.6,-0.05,5200,3009300,"B"
"CII","10:03:15",17.6,-0.05,11800,3004100,"S"
"CII","10:03:11",17.6,-0.05,5000,2992300,"S"
"CII","10:03:09",17.6,-0.05,2000,2987300,"S"
"CII","10:03:06",17.6,-0.05,200,2985300,"S"
"CII","10:03:00",17.6,-0.05,1000,2985100,"B"
"CII","10:02:59",17.55,-0.1,5400,2984100,"B"
"CII","10:02:59",17.6,-0.05,600,2978700,"B"
"CII","10:02:49",17.6,-0.05,600,2978100,"S"
"CII","10:02:40",17.55,-0.1,2800,2977500,"B"
"CII","10:02:40",17.6,-0.05,600,2974700,"S"
"CII","10:02:39",17.55,-0.1,12500,2974100,"B"
"CII","10:02:39",17.6,-0.05,13800,2961600,"B"
"CII","10:02:30",17.65,0,3500,2947800,"S"
"CII","10:02:27",17.6,-0.05,33300,2944300,"B"
"CII","10:02:26",17.6,-0.05,16700,2911000,"B"
"CII","10:02:26",17.6,-0.05,3000,2894300,"B"
"CII","10:02:19",17.6,-0.05,6400,2891300,"B"
"CII","10:02:10",17.6,-0.05,20000,2884900,"B"
"CII","10:01:59",17.6,-0.05,12000,2864900,"B"
"CII","10:01:55",17.6,-0.05,60000,2852900,"B"
"CII","10:01:39",17.6,-0.05,300,2792900,"B"
"CII","10:01:27",17.6,-0.05,500,2792600,"B"
"CII","10:01:19",17.6,-0.05,1300,2792100,"B"
"CII","10:01:19",17.65,0,1300,2790800,"S"
"CII","10:01:07",17.65,0,100,2789500,"S"
"CII","10:00:59",17.6,-0.05,5100,2789400,"B"
"CII","10:00:57",17.6,-0.05,2000,2784300,"B"
"CII","10:00:53",17.65,0,300,2782300,"S"
"CII","10:00:50",17.65,0,500,2782000,"S"
"CII","10:00:50",17.6,-0.05,1000,2781500,"B"
"CII","10:00:44",17.65,0,20000,2780500,"S"
"CII","10:00:39",17.6,-0.05,2000,2760500,"B"
"CII","10:00:35",17.65,0,500,2758500,"S"
"CII","10:00:23",17.65,0,1400,2758000,"B"
"CII","10:00:19",17.65,0,8400,2756600,"B"
"CII","10:00:18",17.65,0,15300,2748200,"S"
"CII","10:00:16",17.65,0,100,2732900,"S"
"CII","10:00:15",17.65,0,5000,2732800,"S"
"CII","10:00:14",17.65,0,10000,2727800,"S"
"CII","10:00:11",17.65,0,9600,2717800,"B"
"CII","09:59:59",17.65,0,2300,2708200,"B"
"CII","09:59:55",17.65,0,2000,2705900,"S"
"CII","09:59:51",17.65,0,5000,2703900,"S"
"CII","09:59:39",17.6,-0.05,4600,2698900,"B"
"CII","09:59:37",17.65,0,700,2694300,"S"
"CII","09:59:34",17.65,0,5000,2693600,"S"
"CII","09:59:29",17.65,0,5000,2688600,"S"
"CII","09:59:27",17.65,0,3200,2683600,"S"
"CII","09:59:20",17.65,0,500,2680400,"S"
"CII","09:59:19",17.6,-0.05,8700,2679900,"B"
"CII","09:59:06",17.65,0,10900,2671200,"B"
"CII","09:59:06",17.65,0,22500,2660300,"B"
"CII","09:58:59",17.65,0,10400,2637800,"B"
"CII","09:58:45",17.65,0,33000,2627400,"B"
"CII","09:58:44",17.65,0,17000,2594400,"B"
"CII","09:58:39",17.65,0,2200,2577400,"B"
"CII","09:58:33",17.65,0,100,2575200,"B"
"CII","09:58:19",17.65,0,4200,2575100,"B"
"CII","09:58:19",17.65,0,7100,2570900,"B"
"CII","09:58:13",17.65,0,50000,2563800,"B"
"CII","09:58:13",17.7,0.05,500,2513800,"S"
"CII","09:58:10",17.7,0.05,5000,2513300,"S"
"CII","09:58:01",17.7,0.05,1000,2508300,"S"
"CII","09:57:59",17.65,0,400,2507300,"B"
"CII","09:57:49",17.7,0.05,2000,2506900,"S"
"CII","09:57:39",17.65,0,400,2504900,"B"
"CII","09:57:34",17.7,0.05,500,2504500,"S"
"CII","09:57:24",17.7,0.05,1000,2504000,"S"
"CII","09:57:19",17.65,0,600,2503000,"B"
"CII","09:57:05",17.7,0.05,2000,2502400,"S"
"CII","09:56:59",17.65,0,900,2500400,"B"
"CII","09:56:59",17.7,0.05,100,2499500,"S"
"CII","09:56:55",17.7,0.05,100,2499400,"S"
"CII","09:56:50",17.7,0.05,1000,2499300,"S"
"CII","09:56:45",17.7,0.05,2000,2498300,"S"
"CII","09:56:40",17.7,0.05,1000,2496300,"S"
"CII","09:56:39",17.65,0,500,2495300,"B"
"CII","09:56:22",17.65,0,2700,2494800,"B"
"CII","09:56:20",17.65,0,200,2492100,"B"
"CII","09:55:59",17.65,0,1000,2491900,"B"
"CII","09:55:48",17.7,0.05,2000,2490900,"S"
"CII","09:55:39",17.65,0,3200,2488900,"B"
"CII","09:55:28",17.65,0,10500,2485700,"S"
"CII","09:55:25",17.65,0,1000,2475200,"S"
"CII","09:55:20",17.65,0,100,2474200,"S"
"CII","09:55:19",17.6,-0.05,4600,2474100,"B"
"CII","09:55:18",17.65,0,3000,2469500,"S"
"CII","09:55:16",17.65,0,2000,2466500,"S"
"CII","09:55:05",17.65,0,10000,2464500,"S"
"CII","09:54:59",17.6,-0.05,8000,2454500,"B"
"CII","09:54:58",17.65,0,1000,2446500,"S"
"CII","09:54:52",17.65,0,5000,2445500,"S"
"CII","09:54:50",17.65,0,28000,2440500,"S"
"CII","09:54:47",17.65,0,300,2412500,"S"
"CII","09:54:39",17.6,-0.05,5900,2412200,"B"
"CII","09:54:37",17.65,0,100,2406300,"S"
"CII","09:54:34",17.65,0,1000,2406200,"S"
"CII","09:54:30",17.65,0,28200,2405200,"B"
"CII","09:54:19",17.65,0,200,2377000,"B"
"CII","09:54:07",17.65,0,600,2376800,"B"
"CII","09:53:59",17.65,0,500,2376200,"B"
"CII","09:53:39",17.65,0,2500,2375700,"B"
"CII","09:53:29",17.65,0,6700,2373200,"S"
"CII","09:53:25",17.65,0,500,2366500,"S"
"CII","09:53:24",17.65,0,500,2366000,"S"
"CII","09:53:19",17.6,-0.05,5000,2365500,"B"
"CII","09:53:11",17.65,0,2200,2360500,"S"
"CII","09:53:09",17.65,0,200,2358300,"S"
"CII","09:53:05",17.6,-0.05,500,2358100,"B"
"CII","09:53:05",17.65,0,20000,2357600,"S"
"CII","09:53:00",17.65,0,2000,2337600,"S"
"CII","09:52:59",17.6,-0.05,100,2335600,"B"
"CII","09:52:50",17.65,0,100,2335500,"S"
"CII","09:52:39",17.6,-0.05,700,2335400,"B"
"CII","09:52:19",17.6,-0.05,3800,2334700,"B"
"CII","09:52:03",17.65,0,2000,2330900,"S"
"CII","09:52:02",17.65,0,16600,2328900,"B"
"CII","09:51:59",17.65,0,500,2312300,"B"
"CII","09:51:58",17.65,0,300,2311800,"B"
"CII","09:51:43",17.65,0,2000,2311500,"B"
"CII","09:51:39",17.65,0,500,2309500,"B"
"CII","09:51:36",17.65,0,1000,2309000,"B"
"CII","09:51:33",17.65,0,500,2308000,"B"
"CII","09:51:19",17.65,0,1100,2307500,"B"
"CII","09:51:18",17.65,0,300,2306400,"B"
"CII","09:51:10",17.65,0,5000,2306100,"B"
"CII","09:51:07",17.65,0,400,2301100,"B"
"CII","09:50:39",17.65,0,200,2300700,"B"
"CII","09:50:24",17.65,0,100,2300500,"B"
"CII","09:50:19",17.65,0,1100,2300400,"B"
"CII","09:50:18",17.7,0.05,2000,2299300,"S"
"CII","09:50:16",17.65,0,2000,2297300,"B"
"CII","09:50:01",17.65,0,1000,2295300,"B"
"CII","09:49:59",17.65,0,600,2294300,"B"
"CII","09:49:49",17.65,0,2000,2293700,"B"
"CII","09:49:39",17.65,0,1200,2291700,"B"
"CII","09:49:35",17.65,0,2200,2290500,"B"
"CII","09:49:33",17.65,0,300,2288300,"B"
"CII","09:49:24",17.65,0,100,2288000,"B"
"CII","09:49:19",17.65,0,3400,2287900,"B"
"CII","09:49:10",17.65,0,5000,2284500,"B"
"CII","09:49:07",17.6,-0.05,200,2279500,"B"
"CII","09:49:07",17.65,0,300,2279300,"B"
"CII","09:49:00",17.65,0,9700,2279000,"S"
"CII","09:48:59",17.6,-0.05,2000,2269300,"B"
"CII","09:48:50",17.6,-0.05,7600,2267300,"B"
"CII","09:48:47",17.65,0,1000,2259700,"S"
"CII","09:48:41",17.65,0,1200,2258700,"S"
"CII","09:48:39",17.6,-0.05,500,2257500,"B"
"CII","09:48:29",17.65,0,900,2257000,"S"
"CII","09:48:25",17.65,0,1000,2256100,"S"
"CII","09:48:19",17.6,-0.05,600,2255100,"B"
"CII","09:48:13",17.65,0,400,2254500,"S"
"CII","09:47:59",17.6,-0.05,2700,2254100,"B"
"CII","09:47:43",17.6,-0.05,9100,2251400,"B"
"CII","09:47:43",17.6,-0.05,900,2242300,"B"
"CII","09:47:40",17.7,0.05,1500,2241400,"S"
"CII","09:47:40",17.65,0,1500,2239900,"S"
"CII","09:47:39",17.6,-0.05,700,2238400,"B"
"CII","09:47:20",17.6,-0.05,100,2237700,"B"
"CII","09:47:19",17.6,-0.05,3800,2237600,"B"
"CII","09:47:08",17.65,0,3500,2233800,"B"
"CII","09:47:02",17.65,0,9700,2230300,"B"
"CII","09:46:59",17.65,0,6000,2220600,"B"
"CII","09:46:57",17.65,0,10000,2214600,"B"
"CII","09:46:49",17.7,0.05,10000,2204600,"S"
"CII","09:46:49",17.65,0,3000,2194600,"B"
"CII","09:46:40",17.65,0,1500,2191600,"B"
"CII","09:46:39",17.65,0,5600,2190100,"B"
"CII","09:46:27",17.65,0,1000,2184500,"B"
"CII","09:46:26",17.65,0,20000,2183500,"B"
"CII","09:46:19",17.65,0,7000,2163500,"B"
"CII","09:46:06",17.65,0,10000,2156500,"B"
"CII","09:46:05",17.65,0,10000,2146500,"B"
"CII","09:46:03",17.65,0,1000,2136500,"B"
"CII","09:46:00",17.65,0,11000,2135500,"B"
"CII","09:45:59",17.65,0,6100,2124500,"B"
"CII","09:45:48",17.65,0,100,2118400,"B"
"CII","09:45:48",17.65,0,300,2118300,"B"
"CII","09:45:44",17.65,0,4000,2118000,"B"
"CII","09:45:39",17.65,0,8400,2114000,"B"
"CII","09:45:38",17.65,0,30000,2105600,"B"
"CII","09:45:31",17.65,0,100,2075600,"B"
"CII","09:45:19",17.65,0,12000,2075500,"B"
"CII","09:45:15",17.65,0,12100,2063500,"B"
"CII","09:45:14",17.65,0,37900,2051400,"B"
"CII","09:45:08",17.7,0.05,2200,2013500,"S"
"CII","09:44:59",17.65,0,8000,2011300,"B"
"CII","09:44:56",17.65,0,200,2003300,"B"
"CII","09:44:54",17.7,0.05,3000,2003100,"S"
"CII","09:44:52",17.7,0.05,300,2000100,"S"
"CII","09:44:47",17.7,0.05,5000,1999800,"S"
"CII","09:44:45",17.65,0,300,1994800,"B"
"CII","09:44:44",17.65,0,1000,1994500,"B"
"CII","09:44:40",17.65,0,30000,1993500,"B"
"CII","09:44:39",17.65,0,500,1963500,"B"
"CII","09:44:39",17.7,0.05,2000,1963000,"S"
"CII","09:44:20",17.65,0,500,1961000,"B"
"CII","09:43:59",17.65,0,200,1960500,"B"
"CII","09:43:53",17.65,0,1000,1960300,"B"
"CII","09:43:39",17.65,0,300,1959300,"B"
"CII","09:43:34",17.65,0,800,1959000,"B"
"CII","09:43:20",17.65,0,800,1958200,"B"
"CII","09:43:12",17.65,0,100,1957400,"B"
"CII","09:43:08",17.65,0,3000,1957300,"B"
"CII","09:43:05",17.65,0,900,1954300,"B"
"CII","09:43:00",17.65,0,200,1953400,"B"
"CII","09:42:59",17.65,0,100,1953200,"B"
"CII","09:42:54",17.65,0,100,1953100,"B"
"CII","09:42:39",17.65,0,400,1953000,"B"
"CII","09:42:38",17.65,0,1000,1952600,"B"
"CII","09:42:19",17.65,0,1200,1951600,"B"
"CII","09:42:03",17.65,0,100,1950400,"B"
"CII","09:41:59",17.65,0,5900,1950300,"B"
"CII","09:41:53",17.7,0.05,20000,1944400,"S"
"CII","09:41:48",17.7,0.05,1000,1924400,"S"
"CII","09:41:41",17.7,0.05,1000,1923400,"S"
"CII","09:41:39",17.65,0,7500,1922400,"B"
"CII","09:41:36",17.7,0.05,18900,1914900,"B"
"CII","09:41:35",17.7,0.05,10000,1896000,"B"
"CII","09:41:33",17.7,0.05,1000,1886000,"B"
"CII","09:41:31",17.7,0.05,500,1885000,"B"
"CII","09:41:21",17.7,0.05,100,1884500,"B"
"CII","09:41:19",17.7,0.05,7400,1884400,"B"
"CII","09:41:16",17.7,0.05,2200,1877000,"S"
"CII","09:41:11",17.7,0.05,32000,1874800,"S"
"CII","09:41:07",17.7,0.05,1000,1842800,"S"
"CII","09:40:59",17.65,0,2000,1841800,"B"
"CII","09:40:43",17.7,0.05,10000,1839800,"S"
"CII","09:40:40",17.65,0,200,1829800,"B"
"CII","09:40:39",17.65,0,100,1829600,"B"
"CII","09:40:36",17.65,0,100,1829500,"B"
"CII","09:40:19",17.65,0,700,1829400,"B"
"CII","09:40:14",17.7,0.05,1000,1828700,"S"
"CII","09:39:59",17.65,0,2600,1827700,"B"
"CII","09:39:57",17.7,0.05,10000,1825100,"S"
"CII","09:39:39",17.65,0,3100,1815100,"B"
"CII","09:39:36",17.7,0.05,3000,1812000,"S"
"CII","09:39:26",17.7,0.05,8700,1809000,"B"
"CII","09:39:24",17.7,0.05,200,1800300,"B"
"CII","09:39:19",17.7,0.05,3600,1800100,"B"
"CII","09:39:12",17.7,0.05,10000,1796500,"B"
"CII","09:39:11",17.7,0.05,5000,1786500,"B"
"CII","09:39:09",17.7,0.05,2000,1781500,"B"
"CII","09:39:00",17.7,0.05,1000,1779500,"B"
"CII","09:38:59",17.7,0.05,200,1778500,"B"
"CII","09:38:52",17.7,0.05,1000,1778300,"B"
"CII","09:38:46",17.7,0.05,100,1777300,"B"
"CII","09:38:39",17.7,0.05,300,1777200,"B"
"CII","09:38:30",17.7,0.05,1000,1776900,"B"
"CII","09:38:19",17.7,0.05,500,1775900,"B"
"CII","09:38:19",17.75,0.1,100,1775400,"S"
"CII","09:37:59",17.7,0.05,2600,1775300,"B"
"CII","09:37:45",17.75,0.1,10000,1772700,"S"
"CII","09:37:39",17.7,0.05,3000,1762700,"B"
"CII","09:37:38",17.7,0.05,5000,1759700,"B"
"CII","09:37:36",17.7,0.05,4000,1754700,"B"
"CII","09:37:34",17.75,0.1,100,1750700,"S"
"CII","09:37:32",17.7,0.05,3000,1750600,"B"
"CII","09:37:28",17.7,0.05,2700,1747600,"B"
"CII","09:37:19",17.7,0.05,400,1744900,"B"
"CII","09:37:18",17.7,0.05,1500,1744500,"B"
"CII","09:36:59",17.7,0.05,800,1743000,"B"
"CII","09:36:56",17.7,0.05,1000,1742200,"B"
"CII","09:36:45",17.75,0.1,2000,1741200,"S"
"CII","09:36:43",17.7,0.05,1000,1739200,"B"
"CII","09:36:24",17.75,0.1,100,1738200,"S"
"CII","09:36:19",17.7,0.05,200,1738100,"B"
"CII","09:36:18",17.75,0.1,700,1737900,"S"
"CII","09:35:59",17.7,0.05,700,1737200,"B"
"CII","09:35:54",17.7,0.05,500,1736500,"B"
"CII","09:35:48",17.7,0.05,2000,1736000,"B"
"CII","09:35:39",17.7,0.05,1200,1734000,"B"
"CII","09:35:33",17.7,0.05,2000,1732800,"B"
"CII","09:35:26",17.7,0.05,1000,1730800,"B"
"CII","09:35:19",17.7,0.05,3300,1729800,"B"
"CII","09:35:17",17.7,0.05,15900,1726500,"S"
"CII","09:35:03",17.65,0,500,1710600,"B"
"CII","09:34:59",17.65,0,500,1710100,"B"
"CII","09:34:39",17.65,0,2600,1709600,"B"
"CII","09:34:37",17.7,0.05,5000,1707000,"S"
"CII","09:34:36",17.7,0.05,5000,1702000,"S"
"CII","09:34:32",17.65,0,100,1697000,"B"
"CII","09:34:25",17.7,0.05,500,1696900,"S"
"CII","09:34:22",17.7,0.05,600,1696400,"S"
"CII","09:34:21",17.7,0.05,1000,1695800,"S"
"CII","09:34:19",17.65,0,900,1694800,"B"
"CII","09:34:11",17.7,0.05,3000,1693900,"S"
"CII","09:34:07",17.65,0,1000,1690900,"B"
"CII","09:33:59",17.65,0,700,1689900,"B"
"CII","09:33:40",17.65,0,1000,1689200,"B"
"CII","09:33:39",17.65,0,1200,1688200,"B"
"CII","09:33:39",17.7,0.05,1600,1687000,"B"
"CII","09:33:26",17.65,0,1000,1685400,"B"
"CII","09:33:24",17.75,0.1,500,1684400,"S"
"CII","09:33:24",17.7,0.05,1500,1683900,"S"
"CII","09:33:19",17.65,0,11200,1682400,"B"
"CII","09:33:18",17.7,0.05,53500,1671200,"B"
"CII","09:33:06",17.75,0.1,1200,1617700,"B"
"CII","09:32:59",17.75,0.1,1400,1616500,"B"
"CII","09:32:57",17.8,0.15,300,1615100,"S"
"CII","09:32:53",17.75,0.1,500,1614800,"B"
"CII","09:32:49",17.75,0.1,5000,1614300,"B"
"CII","09:32:45",17.75,0.1,1000,1609300,"B"
"CII","09:32:40",17.75,0.1,200,1608300,"B"
"CII","09:32:39",17.75,0.1,300,1608100,"B"
"CII","09:32:36",17.75,0.1,1000,1607800,"B"
"CII","09:32:32",17.75,0.1,100,1606800,"B"
"CII","09:32:28",17.75,0.1,500,1606700,"B"
"CII","09:32:26",17.75,0.1,100,1606200,"B"
"CII","09:32:19",17.75,0.1,1200,1606100,"B"
"CII","09:32:14",17.75,0.1,5000,1604900,"B"
"CII","09:32:07",17.75,0.1,200,1599900,"B"
"CII","09:31:59",17.75,0.1,800,1599700,"B"
"CII","09:31:55",17.75,0.1,1000,1598900,"B"
"CII","09:31:40",17.75,0.1,500,1597900,"B"
"CII","09:31:39",17.75,0.1,2800,1597400,"B"
"CII","09:31:26",17.75,0.1,3000,1594600,"B"
"CII","09:31:25",17.75,0.1,9200,1591600,"S"
"CII","09:31:19",17.7,0.05,1900,1582400,"B"
"CII","09:31:08",17.7,0.05,3000,1580500,"B"
"CII","09:31:03",17.7,0.05,3000,1577500,"B"
"CII","09:30:59",17.7,0.05,3500,1574500,"B"
"CII","09:30:58",17.75,0.1,5000,1571000,"S"
"CII","09:30:51",17.75,0.1,1000,1566000,"S"
"CII","09:30:39",17.7,0.05,11700,1565000,"B"
"CII","09:30:30",17.75,0.1,7100,1553300,"B"
"CII","09:30:27",17.75,0.1,50000,1546200,"B"
"CII","09:30:25",17.8,0.15,400,1496200,"S"
"CII","09:30:19",17.75,0.1,1300,1495800,"B"
"CII","09:30:06",17.8,0.15,2000,1494500,"S"
"CII","09:30:05",17.8,0.15,1000,1492500,"S"
"CII","09:29:59",17.75,0.1,1600,1491500,"B"
"CII","09:29:59",17.8,0.15,2000,1489900,"S"
"CII","09:29:45",17.8,0.15,5000,1487900,"S"
"CII","09:29:43",17.75,0.1,300,1482900,"B"
"CII","09:29:42",17.8,0.15,1000,1482600,"S"
"CII","09:29:39",17.75,0.1,2100,1481600,"B"
"CII","09:29:38",17.8,0.15,300,1479500,"S"
"CII","09:29:38",17.75,0.1,100,1479200,"B"
"CII","09:29:37",17.8,0.15,10000,1479100,"S"
"CII","09:29:27",17.8,0.15,100,1469100,"S"
"CII","09:29:19",17.75,0.1,100,1469000,"B"
"CII","09:28:59",17.75,0.1,500,1468900,"B"
"CII","09:28:45",17.8,0.15,200,1468400,"S"
"CII","09:28:43",17.75,0.1,2000,1468200,"B"
"CII","09:28:39",17.75,0.1,500,1466200,"B"
"CII","09:28:34",17.8,0.15,1500,1465700,"S"
"CII","09:28:33",17.75,0.1,500,1464200,"B"
"CII","09:28:19",17.75,0.1,900,1463700,"B"
"CII","09:28:17",17.8,0.15,200,1462800,"S"
"CII","09:27:59",17.75,0.1,1200,1462600,"B"
"CII","09:27:59",17.8,0.15,3300,1461400,"B"
"CII","09:27:55",17.8,0.15,15000,1458100,"B"
"CII","09:27:45",17.8,0.15,800,1443100,"B"
"CII","09:27:39",17.8,0.15,6800,1442300,"B"
"CII","09:27:32",17.8,0.15,30000,1435500,"B"
"CII","09:27:26",17.8,0.15,500,1405500,"B"
"CII","09:27:19",17.8,0.15,3500,1405000,"B"
"CII","09:27:17",17.85,0.2,100,1401500,"S"
"CII","09:27:15",17.85,0.2,400,1401400,"S"
"CII","09:26:59",17.75,0.1,17300,1401000,"B"
"CII","09:26:59",17.8,0.15,100,1383700,"B"
"CII","09:26:57",17.8,0.15,300,1383600,"B"
"CII","09:26:54",17.85,0.2,200,1383300,"S"
"CII","09:26:54",17.8,0.15,4800,1383100,"S"
"CII","09:26:52",17.8,0.15,3200,1378300,"B"
"CII","09:26:52",17.8,0.15,76800,1375100,"S"
"CII","09:26:39",17.75,0.1,1700,1298100,"B"
"CII","09:26:32",17.75,0.1,200,1296400,"S"
"CII","09:26:30",17.75,0.1,200,1296200,"S"
"CII","09:26:19",17.7,0.05,8400,1296000,"B"
"CII","09:26:09",17.7,0.05,5000,1287600,"B"
"CII","09:26:07",17.7,0.05,8700,1282600,"S"
"CII","09:26:05",17.7,0.05,2000,1273900,"S"
"CII","09:26:02",17.7,0.05,5000,1271900,"S"
"CII","09:25:59",17.65,0,21500,1266900,"B"
"CII","09:25:54",17.65,0,200,1245400,"B"
"CII","09:25:44",17.65,0,6700,1245200,"S"
"CII","09:25:44",17.65,0,11900,1238500,"S"
"CII","09:25:42",17.65,0,1000,1226600,"S"
"CII","09:25:40",17.65,0,200,1225600,"S"
"CII","09:25:40",17.6,-0.05,45000,1225400,"B"
"CII","09:25:40",17.65,0,2000,1180400,"S"
"CII","09:25:39",17.6,-0.05,40500,1178400,"B"
"CII","09:25:35",17.65,0,150000,1137900,"S"
"CII","09:25:33",17.65,0,50000,987900,"S"
"CII","09:25:28",17.65,0,500,937900,"S"
"CII","09:25:26",17.65,0,500,937400,"S"
"CII","09:25:25",17.65,0,1000,936900,"S"
"CII","09:25:19",17.6,-0.05,400,935900,"B"
"CII","09:25:19",17.65,0,100,935500,"S"
"CII","09:25:16",17.65,0,1000,935400,"S"
"CII","09:25:06",17.65,0,100,934400,"S"
"CII","09:24:59",17.6,-0.05,1300,934300,"B"
"CII","09:24:52",17.65,0,400,933000,"S"
"CII","09:24:42",17.6,-0.05,1200,932600,"B"
"CII","09:24:39",17.6,-0.05,5300,931400,"B"
"CII","09:24:39",17.65,0,15000,926100,"S"
"CII","09:24:33",17.6,-0.05,10000,911100,"B"
"CII","09:24:26",17.6,-0.05,1200,901100,"B"
"CII","09:24:20",17.65,0,100,899900,"S"
"CII","09:24:19",17.6,-0.05,600,899800,"B"
"CII","09:24:08",17.6,-0.05,200,899200,"B"
"CII","09:24:05",17.6,-0.05,200,899000,"B"
"CII","09:23:59",17.6,-0.05,3000,898800,"B"
"CII","09:23:45",17.6,-0.05,14100,895800,"B"
"CII","09:23:39",17.6,-0.05,1000,881700,"B"
"CII","09:23:35",17.6,-0.05,2200,880700,"B"
"CII","09:23:19",17.6,-0.05,3100,878500,"B"
"CII","09:23:16",17.6,-0.05,10000,875400,"B"
"CII","09:23:08",17.6,-0.05,100,865400,"B"
"CII","09:22:59",17.6,-0.05,5800,865300,"B"
"CII","09:22:58",17.6,-0.05,14600,859500,"S"
"CII","09:22:57",17.6,-0.05,2000,844900,"S"
"CII","09:22:55",17.6,-0.05,5400,842900,"S"
"CII","09:22:52",17.6,-0.05,6000,837500,"S"
"CII","09:22:43",17.6,-0.05,100,831500,"S"
"CII","09:22:39",17.55,-0.1,1000,831400,"B"
"CII","09:22:39",17.6,-0.05,100,830400,"S"
"CII","09:22:30",17.6,-0.05,3100,830300,"S"
"CII","09:22:19",17.55,-0.1,2100,827200,"B"
"CII","09:22:12",17.55,-0.1,5500,825100,"B"
"CII","09:22:08",17.6,-0.05,100,819600,"S"
"CII","09:22:01",17.55,-0.1,4000,819500,"B"
"CII","09:22:00",17.6,-0.05,500,815500,"S"
"CII","09:21:59",17.55,-0.1,600,815000,"B"
"CII","09:21:54",17.55,-0.1,1000,814400,"B"
"CII","09:21:43",17.6,-0.05,1000,813400,"S"
"CII","09:21:39",17.55,-0.1,1100,812400,"B"
"CII","09:21:32",17.6,-0.05,1000,811300,"S"
"CII","09:21:29",17.6,-0.05,300,810300,"S"
"CII","09:21:19",17.5,-0.15,1600,810000,"B"
"CII","09:21:19",17.55,-0.1,2800,808400,"B"
"CII","09:21:18",17.55,-0.1,1000,805600,"B"
"CII","09:21:14",17.55,-0.1,3300,804600,"S"
"CII","09:21:12",17.55,-0.1,100,801300,"S"
"CII","09:21:06",17.55,-0.1,1600,801200,"B"
"CII","09:21:05",17.55,-0.1,800,799600,"B"
"CII","09:21:01",17.55,-0.1,7000,798800,"S"
"CII","09:21:01",17.5,-0.15,7300,791800,"S"
"CII","09:21:00",17.5,-0.15,600,784500,"S"
"CII","09:20:59",17.5,-0.15,300,783900,"B"
"CII","09:20:48",17.55,-0.1,2000,783600,"S"
"CII","09:20:45",17.55,-0.1,100,781600,"S"
"CII","09:20:42",17.55,-0.1,100,781500,"S"
"CII","09:20:42",17.55,-0.1,2000,781400,"S"
"CII","09:20:41",17.55,-0.1,7500,779400,"S"
"CII","09:20:41",17.5,-0.15,7700,771900,"S"
"CII","09:20:39",17.5,-0.15,300,764200,"S"
"CII","09:20:39",17.5,-0.15,21700,763900,"B"
"CII","09:20:38",17.55,-0.1,500,742200,"S"
"CII","09:20:37",17.5,-0.15,5000,741700,"B"
"CII","09:20:37",17.55,-0.1,1100,736700,"S"
"CII","09:20:37",17.5,-0.15,70000,735600,"B"
"CII","09:20:35",17.55,-0.1,10300,665600,"B"
"CII","09:20:34",17.6,-0.05,2000,655300,"S"
"CII","09:20:33",17.55,-0.1,50000,653300,"B"
"CII","09:20:31",17.6,-0.05,5400,603300,"S"
"CII","09:20:24",17.6,-0.05,100,597900,"S"
"CII","09:20:23",17.6,-0.05,500,597800,"S"
"CII","09:20:19",17.55,-0.1,3700,597300,"B"
"CII","09:20:18",17.6,-0.05,100,593600,"S"
"CII","09:20:17",17.6,-0.05,1000,593500,"S"
"CII","09:20:15",17.6,-0.05,4000,592500,"S"
"CII","09:20:14",17.6,-0.05,800,588500,"S"
"CII","09:20:13",17.55,-0.1,500,587700,"B"
"CII","09:20:11",17.6,-0.05,10000,587200,"S"
"CII","09:20:02",17.55,-0.1,100,577200,"B"
"CII","09:19:59",17.55,-0.1,2100,577100,"B"
"CII","09:19:55",17.55,-0.1,300,575000,"B"
"CII","09:19:54",17.55,-0.1,100,574700,"B"
"CII","09:19:48",17.55,-0.1,2000,574600,"B"
"CII","09:19:41",17.55,-0.1,600,572600,"B"
"CII","09:19:39",17.55,-0.1,7600,572000,"B"
"CII","09:19:35",17.6,-0.05,400,564400,"S"
"CII","09:19:27",17.6,-0.05,5000,564000,"S"
"CII","09:19:25",17.6,-0.05,100,559000,"S"
"CII","09:19:21",17.6,-0.05,200,558900,"S"
"CII","09:19:20",17.55,-0.1,7000,558700,"B"
"CII","09:19:19",17.55,-0.1,500,551700,"B"
"CII","09:19:15",17.6,-0.05,800,551200,"S"
"CII","09:19:13",17.6,-0.05,18500,550400,"B"
"CII","09:19:06",17.6,-0.05,3000,531900,"B"
"CII","09:19:04",17.6,-0.05,3000,528900,"B"
"CII","09:18:59",17.6,-0.05,2600,525900,"B"
"CII","09:18:59",17.6,-0.05,10000,523300,"B"
"CII","09:18:53",17.6,-0.05,3000,513300,"B"
"CII","09:18:48",17.6,-0.05,1000,510300,"B"
"CII","09:18:42",17.6,-0.05,100,509300,"B"
"CII","09:18:41",17.6,-0.05,6400,509200,"B"
"CII","09:18:40",17.6,-0.05,2800,502800,"B"
"CII","09:18:35",17.65,0,300,500000,"S"
"CII","09:18:27",17.6,-0.05,10000,499700,"B"
"CII","09:18:23",17.6,-0.05,1000,489700,"B"
"CII","09:18:19",17.6,-0.05,3000,488700,"B"
"CII","09:18:16",17.65,0,300,485700,"S"
"CII","09:18:10",17.6,-0.05,100,485400,"B"
"CII","09:18:05",17.65,0,100,485300,"S"
"CII","09:18:01",17.65,0,400,485200,"S"
"CII","09:17:59",17.6,-0.05,14300,484800,"B"
"CII","09:17:54",17.6,-0.05,20000,470500,"B"
"CII","09:17:50",17.6,-0.05,7000,450500,"B"
"CII","09:17:42",17.65,0,2000,443500,"S"
"CII","09:17:41",17.65,0,28000,441500,"S"
"CII","09:17:41",17.6,-0.05,100,413500,"B"
"CII","09:17:39",17.6,-0.05,14500,413400,"B"
"CII","09:17:39",17.6,-0.05,1000,398900,"B"
"CII","09:17:35",17.6,-0.05,500,397900,"B"
"CII","09:17:30",17.6,-0.05,15000,397400,"B"
"CII","09:17:25",17.65,0,500,382400,"S"
"CII","09:17:19",17.6,-0.05,4700,381900,"B"
"CII","09:17:19",17.65,0,5000,377200,"S"
"CII","09:17:14",17.6,-0.05,10000,372200,"B"
"CII","09:17:04",17.65,0,1000,362200,"S"
"CII","09:17:00",17.6,-0.05,6200,361200,"B"
"CII","09:16:59",17.6,-0.05,1600,355000,"B"
"CII","09:16:55",17.6,-0.05,200,353400,"B"
"CII","09:16:51",17.65,0,5000,353200,"S"
"CII","09:16:47",17.65,0,5000,348200,"S"
"CII","09:16:46",17.6,-0.05,25000,343200,"B"
"CII","09:16:39",17.6,-0.05,4100,318200,"B"
"CII","09:16:37",17.6,-0.05,1000,314100,"B"
"CII","09:16:31",17.65,0,1000,313100,"S"
"CII","09:16:30",17.65,0,100,312100,"S"
"CII","09:16:28",17.65,0,1000,312000,"S"
"CII","09:16:26",17.65,0,200,311000,"S"
"CII","09:16:24",17.65,0,300,310800,"S"
"CII","09:16:23",17.65,0,1700,310500,"S"
"CII","09:16:19",17.6,-0.05,15400,308800,"B"
"CII","09:16:19",17.65,0,15100,293400,"B"
"CII","09:16:18",17.65,0,36200,278300,"B"
"CII","09:16:17",17.65,0,25000,242100,"B"
"CII","09:16:15",17.7,0.05,1000,217100,"S"
"CII","09:16:08",17.7,0.05,100,216100,"S"
"CII","09:15:58",17.7,0.05,16000,216000,"S"
"CII","09:15:49",17.65,0,100,200000,"B"
"CII","09:15:35",17.65,0,6000,199900,"B"
"CII","09:15:32",17.7,0.05,3000,193900,"S"
"CII","09:15:17",17.7,0.05,11200,190900,"B"
"CII","09:15:07",17.7,0.05,20000,179700,"B"
"CII","09:15:00",17.8,0.15,159700,159700,
