"symbol","time","price","change","vol","total","side"
"FIT","14:45:01",4.47,-0.02,44000,1717600,
"FIT","14:29:46",4.45,-0.04,1000,1673600,"B"
"FIT","14:28:42",4.45,-0.04,100,1672600,"B"
"FIT","14:28:07",4.45,-0.04,1800,1672500,"S"
"FIT","14:27:55",4.45,-0.04,200,1670700,"S"
"FIT","14:27:12",4.44,-0.05,100,1670500,"B"
"FIT","14:26:38",4.44,-0.05,48500,1670400,"B"
"FIT","14:26:38",4.45,-0.04,1500,1621900,"B"
"FIT","14:26:27",4.45,-0.04,2000,1620400,"B"
"FIT","14:26:09",4.45,-0.04,3000,1618400,"B"
"FIT","14:26:05",4.45,-0.04,5100,1615400,"S"
"FIT","14:26:04",4.44,-0.05,500,1610300,"B"
"FIT","14:25:59",4.45,-0.04,3000,1609800,"S"
"FIT","14:25:36",4.45,-0.04,5000,1606800,"S"
"FIT","14:25:19",4.45,-0.04,4000,1601800,"S"
"FIT","14:25:13",4.45,-0.04,5000,1597800,"S"
"FIT","14:24:40",4.45,-0.04,500,1592800,"S"
"FIT","14:24:31",4.45,-0.04,500,1592300,"S"
"FIT","14:24:04",4.45,-0.04,200,1591800,"S"
"FIT","14:24:02",4.45,-0.04,100,1591600,"S"
"FIT","14:23:54",4.45,-0.04,1000,1591500,"S"
"FIT","14:23:46",4.45,-0.04,29200,1590500,"B"
"FIT","14:23:38",4.45,-0.04,100,1561300,"B"
"FIT","14:22:13",4.45,-0.04,3000,1561200,"B"
"FIT","14:20:06",4.45,-0.04,17300,1558200,"B"
"FIT","14:20:06",4.46,-0.03,12700,1540900,"B"
"FIT","14:19:55",4.47,-0.02,100,1528200,"S"
"FIT","14:19:38",4.47,-0.02,500,1528100,"S"
"FIT","14:19:04",4.47,-0.02,100,1527600,"S"
"FIT","14:18:56",4.46,-0.03,200,1527500,"S"
"FIT","14:18:49",4.46,-0.03,1000,1527300,"S"
"FIT","14:18:47",4.46,-0.03,100,1526300,"S"
"FIT","14:18:46",4.46,-0.03,100,1526200,"S"
"FIT","14:18:43",4.46,-0.03,5000,1526100,"S"
"FIT","14:18:14",4.46,-0.03,3000,1521100,"S"
"FIT","14:16:11",4.46,-0.03,800,1518100,"S"
"FIT","14:16:01",4.46,-0.03,100,1517300,"S"
"FIT","14:15:38",4.46,-0.03,600,1517200,"S"
"FIT","14:15:31",4.46,-0.03,400,1516600,"S"
"FIT","14:15:17",4.46,-0.03,100,1516200,"S"
"FIT","14:15:06",4.46,-0.03,100,1516100,"S"
"FIT","14:14:50",4.47,-0.02,1000,1516000,"S"
"FIT","14:14:25",4.47,-0.02,500,1515000,"S"
"FIT","14:14:24",4.45,-0.04,700,1514500,"B"
"FIT","14:12:52",4.46,-0.03,100,1513800,"B"
"FIT","14:11:16",4.46,-0.03,500,1513700,"S"
"FIT","14:10:49",4.45,-0.04,2000,1513200,"S"
"FIT","14:10:42",4.44,-0.05,500,1511200,"B"
"FIT","14:10:42",4.45,-0.04,2000,1510700,"S"
"FIT","14:10:21",4.45,-0.04,2000,1508700,"S"
"FIT","14:10:11",4.45,-0.04,500,1506700,"S"
"FIT","14:10:10",4.45,-0.04,5000,1506200,"S"
"FIT","14:09:59",4.45,-0.04,7500,1501200,"B"
"FIT","14:09:27",4.46,-0.03,3000,1493700,"S"
"FIT","14:09:06",4.46,-0.03,100,1490700,"S"
"FIT","14:08:56",4.46,-0.03,600,1490600,"S"
"FIT","14:08:10",4.45,-0.04,18200,1490000,"S"
"FIT","14:08:06",4.45,-0.04,1000,1471800,"S"
"FIT","14:07:13",4.45,-0.04,1000,1470800,"S"
"FIT","14:06:55",4.45,-0.04,3000,1469800,"S"
"FIT","14:06:06",4.45,-0.04,1400,1466800,"S"
"FIT","14:05:57",4.45,-0.04,100,1465400,"S"
"FIT","14:05:54",4.45,-0.04,300,1465300,"S"
"FIT","14:05:13",4.44,-0.05,200,1465000,"B"
"FIT","14:05:10",4.44,-0.05,200,1464800,"B"
"FIT","14:04:58",4.44,-0.05,1000,1464600,"B"
"FIT","14:04:51",4.44,-0.05,1000,1463600,"B"
"FIT","14:04:38",4.44,-0.05,6800,1462600,"B"
"FIT","14:04:21",4.45,-0.04,11000,1455800,"S"
"FIT","14:03:35",4.45,-0.04,100,1444800,"B"
"FIT","14:03:25",4.46,-0.03,1000,1444700,"S"
"FIT","14:02:42",4.45,-0.04,600,1443700,"S"
"FIT","14:02:29",4.45,-0.04,700,1443100,"S"
"FIT","14:01:58",4.45,-0.04,300,1442400,"S"
"FIT","14:01:36",4.45,-0.04,1600,1442100,"B"
"FIT","14:01:36",4.46,-0.03,300,1440500,"B"
"FIT","14:01:23",4.46,-0.03,9700,1440200,"S"
"FIT","14:01:11",4.45,-0.04,15000,1430500,"B"
"FIT","14:00:44",4.46,-0.03,300,1415500,"B"
"FIT","14:00:41",4.46,-0.03,100,1415200,"B"
"FIT","13:59:45",4.46,-0.03,16000,1415100,"B"
"FIT","13:59:22",4.46,-0.03,200,1399100,"B"
"FIT","13:58:23",4.47,-0.02,100,1398900,"S"
"FIT","13:57:58",4.47,-0.02,5000,1398800,"S"
"FIT","13:57:49",4.47,-0.02,100,1393800,"S"
"FIT","13:57:12",4.46,-0.03,100,1393700,"B"
"FIT","13:57:01",4.47,-0.02,200,1393600,"S"
"FIT","13:56:55",4.47,-0.02,200,1393400,"S"
"FIT","13:56:42",4.47,-0.02,10000,1393200,"S"
"FIT","13:56:41",4.46,-0.03,200,1383200,"B"
"FIT","13:56:34",4.47,-0.02,1700,1383000,"S"
"FIT","13:56:32",4.46,-0.03,200,1381300,"B"
"FIT","13:56:28",4.47,-0.02,1000,1381100,"B"
"FIT","13:55:31",4.47,-0.02,400,1380100,"S"
"FIT","13:54:04",4.46,-0.03,4300,1379700,"B"
"FIT","13:54:04",4.46,-0.03,700,1375400,"B"
"FIT","13:54:00",4.47,-0.02,100,1374700,"S"
"FIT","13:53:46",4.46,-0.03,100,1374600,"B"
"FIT","13:53:45",4.47,-0.02,500,1374500,"S"
"FIT","13:53:41",4.47,-0.02,100,1374000,"S"
"FIT","13:53:36",4.47,-0.02,800,1373900,"S"
"FIT","13:53:30",4.47,-0.02,100,1373100,"B"
"FIT","13:52:50",4.47,-0.02,300,1373000,"S"
"FIT","13:52:37",4.47,-0.02,100,1372700,"S"
"FIT","13:51:48",4.47,-0.02,400,1372600,"S"
"FIT","13:51:33",4.46,-0.03,100,1372200,"S"
"FIT","13:51:27",4.46,-0.03,5000,1372100,"S"
"FIT","13:51:07",4.46,-0.03,300,1367100,"S"
"FIT","13:50:57",4.46,-0.03,100,1366800,"S"
"FIT","13:50:51",4.46,-0.03,900,1366700,"B"
"FIT","13:50:45",4.46,-0.03,100,1365800,"B"
"FIT","13:50:44",4.46,-0.03,9900,1365700,"B"
"FIT","13:50:43",4.46,-0.03,100,1355800,"B"
"FIT","13:50:03",4.47,-0.02,1700,1355700,"B"
"FIT","13:49:36",4.47,-0.02,50000,1354000,"B"
"FIT","13:49:21",4.48,-0.01,3000,1304000,"S"
"FIT","13:48:40",4.47,-0.02,200,1301000,"B"
"FIT","13:47:24",4.47,-0.02,300,1300800,"B"
"FIT","13:47:21",4.48,-0.01,1000,1300500,"S"
"FIT","13:46:53",4.48,-0.01,100,1299500,"S"
"FIT","13:46:45",4.48,-0.01,3000,1299400,"S"
"FIT","13:46:29",4.48,-0.01,500,1296400,"S"
"FIT","13:46:17",4.48,-0.01,1000,1295900,"S"
"FIT","13:44:50",4.48,-0.01,2700,1294900,"B"
"FIT","13:44:49",4.48,-0.01,6100,1292200,"B"
"FIT","13:44:20",4.48,-0.01,500,1286100,"B"
"FIT","13:43:22",4.48,-0.01,1800,1285600,"B"
"FIT","13:43:07",4.48,-0.01,15000,1283800,"B"
"FIT","13:42:28",4.48,-0.01,200,1268800,"B"
"FIT","13:39:31",4.49,0,600,1268600,"S"
"FIT","13:37:35",4.49,0,400,1268000,"S"
"FIT","13:37:26",4.49,0,2900,1267600,"B"
"FIT","13:37:19",4.49,0,5000,1264700,"B"
"FIT","13:37:06",4.49,0,6000,1259700,"B"
"FIT","13:35:37",4.5,0.01,3000,1253700,"S"
"FIT","13:34:35",4.49,0,100,1250700,"S"
"FIT","13:33:41",4.49,0,2000,1250600,"S"
"FIT","13:31:19",4.49,0,100,1248600,"S"
"FIT","13:30:15",4.49,0,200,1248500,"S"
"FIT","13:29:26",4.49,0,3700,1248300,"B"
"FIT","13:28:49",4.49,0,6300,1244600,"S"
"FIT","13:28:04",4.48,-0.01,5400,1238300,"B"
"FIT","13:27:08",4.48,-0.01,3400,1232900,"B"
"FIT","13:27:07",4.48,-0.01,100,1229500,"B"
"FIT","13:26:10",4.48,-0.01,2100,1229400,"S"
"FIT","13:26:07",4.48,-0.01,500,1227300,"S"
"FIT","13:25:39",4.48,-0.01,10500,1226800,"S"
"FIT","13:25:33",4.48,-0.01,1000,1216300,"S"
"FIT","13:25:15",4.48,-0.01,600,1215300,"S"
"FIT","13:25:12",4.48,-0.01,4500,1214700,"S"
"FIT","13:25:00",4.48,-0.01,200,1210200,"S"
"FIT","13:24:52",4.48,-0.01,10600,1210000,"B"
"FIT","13:24:04",4.48,-0.01,3300,1199400,"S"
"FIT","13:23:40",4.48,-0.01,42500,1196100,"B"
"FIT","13:21:46",4.49,0,100,1153600,"S"
"FIT","13:21:37",4.49,0,4000,1153500,"S"
"FIT","13:20:12",4.49,0,500,1149500,"S"
"FIT","13:19:09",4.49,0,500,1149000,"S"
"FIT","13:18:51",4.49,0,1400,1148500,"B"
"FIT","13:17:47",4.49,0,20000,1147100,"B"
"FIT","13:17:45",4.49,0,500,1127100,"B"
"FIT","13:17:11",4.49,0,700,1126600,"B"
"FIT","13:16:34",4.5,0.01,300,1125900,"S"
"FIT","13:15:30",4.5,0.01,500,1125600,"S"
"FIT","13:14:58",4.5,0.01,100,1125100,"S"
"FIT","13:14:12",4.49,0,1000,1125000,"B"
"FIT","13:13:53",4.49,0,300,1124000,"B"
"FIT","13:13:05",4.49,0,1000,1123700,"B"
"FIT","13:12:56",4.49,0,500,1122700,"B"
"FIT","13:12:08",4.49,0,1000,1122200,"B"
"FIT","13:12:07",4.49,0,7900,1121200,"B"
"FIT","13:11:53",4.49,0,1100,1113300,"S"
"FIT","13:11:52",4.49,0,4500,1112200,"B"
"FIT","13:11:34",4.49,0,2700,1107700,"S"
"FIT","13:11:31",4.49,0,12000,1105000,"S"
"FIT","13:11:28",4.49,0,5800,1093000,"S"
"FIT","13:10:05",4.49,0,200,1087200,"S"
"FIT","13:09:23",4.48,-0.01,1000,1087000,"B"
"FIT","13:08:08",4.48,-0.01,200,1086000,"B"
"FIT","13:07:58",4.48,-0.01,18400,1085800,"S"
"FIT","13:07:52",4.48,-0.01,500,1067400,"S"
"FIT","13:07:33",4.48,-0.01,300,1066900,"S"
"FIT","13:07:17",4.48,-0.01,13000,1066600,"B"
"FIT","13:06:46",4.48,-0.01,5000,1053600,"B"
"FIT","13:06:20",4.48,-0.01,5000,1048600,"B"
"FIT","13:03:45",4.48,-0.01,500,1043600,"B"
"FIT","13:03:42",4.48,-0.01,4000,1043100,"B"
"FIT","13:03:09",4.48,-0.01,2500,1039100,"B"
"FIT","13:01:46",4.48,-0.01,1000,1036600,"B"
"FIT","13:01:02",4.48,-0.01,1000,1035600,"B"
"FIT","13:00:26",4.48,-0.01,100,1034600,"B"
"FIT","13:00:25",4.48,-0.01,800,1034500,"B"
"FIT","13:00:16",4.49,0,500,1033700,"S"
"FIT","13:00:12",4.48,-0.01,400,1033200,"B"
"FIT","13:00:00",4.48,-0.01,3400,1032800,"B"
"FIT","11:29:32",4.48,-0.01,200,1029400,"B"
"FIT","11:29:24",4.49,0,500,1029200,"S"
"FIT","11:27:57",4.49,0,1800,1028700,"B"
"FIT","11:26:22",4.49,0,1400,1026900,"B"
"FIT","11:25:55",4.49,0,1200,1025500,"S"
"FIT","11:25:21",4.49,0,5000,1024300,"S"
"FIT","11:24:56",4.49,0,400,1019300,"S"
"FIT","11:22:42",4.48,-0.01,3700,1018900,"B"
"FIT","11:20:50",4.48,-0.01,300,1015200,"S"
"FIT","11:20:14",4.48,-0.01,2700,1014900,"B"
"FIT","11:20:05",4.48,-0.01,100,1012200,"B"
"FIT","11:15:32",4.48,-0.01,3000,1012100,"B"
"FIT","11:14:30",4.48,-0.01,5000,1009100,"B"
"FIT","11:14:15",4.48,-0.01,20000,1004100,"B"
"FIT","11:12:33",4.48,-0.01,10000,984100,"B"
"FIT","11:11:05",4.49,0,400,974100,"S"
"FIT","11:10:44",4.49,0,3000,973700,"S"
"FIT","11:10:33",4.49,0,2000,970700,"S"
"FIT","11:09:33",4.49,0,100,968700,"S"
"FIT","11:09:26",4.49,0,100,968600,"S"
"FIT","11:09:25",4.49,0,1000,968500,"S"
"FIT","11:09:10",4.49,0,100,967500,"S"
"FIT","11:09:03",4.49,0,100,967400,"S"
"FIT","11:08:57",4.49,0,300,967300,"S"
"FIT","11:08:49",4.49,0,100,967000,"S"
"FIT","11:07:52",4.49,0,1000,966900,"S"
"FIT","11:07:51",4.49,0,100,965900,"S"
"FIT","11:07:32",4.49,0,1000,965800,"S"
"FIT","11:07:09",4.49,0,100,964800,"S"
"FIT","11:06:20",4.48,-0.01,2300,964700,"B"
"FIT","11:06:16",4.49,0,100,962400,"S"
"FIT","11:06:14",4.48,-0.01,100,962300,"B"
"FIT","11:03:43",4.48,-0.01,1300,962200,"S"
"FIT","11:03:40",4.48,-0.01,1600,960900,"S"
"FIT","11:03:27",4.48,-0.01,600,959300,"S"
"FIT","11:03:09",4.48,-0.01,6500,958700,"B"
"FIT","11:02:49",4.48,-0.01,200,952200,"B"
"FIT","11:00:05",4.48,-0.01,100,952000,"B"
"FIT","10:59:39",4.48,-0.01,1000,951900,"B"
"FIT","10:59:23",4.48,-0.01,6800,950900,"B"
"FIT","10:59:05",4.48,-0.01,100,944100,"B"
"FIT","10:58:55",4.48,-0.01,200,944000,"B"
"FIT","10:58:49",4.48,-0.01,1000,943800,"B"
"FIT","10:58:35",4.48,-0.01,200,942800,"S"
"FIT","10:58:19",4.48,-0.01,2000,942600,"S"
"FIT","10:58:18",4.48,-0.01,1000,940600,"S"
"FIT","10:57:41",4.48,-0.01,3000,939600,"S"
"FIT","10:57:15",4.48,-0.01,600,936600,"S"
"FIT","10:56:24",4.48,-0.01,400,936000,"S"
"FIT","10:55:45",4.48,-0.01,200,935600,"S"
"FIT","10:55:14",4.48,-0.01,500,935400,"S"
"FIT","10:54:51",4.48,-0.01,2100,934900,"B"
"FIT","10:54:35",4.48,-0.01,12000,932800,"B"
"FIT","10:54:15",4.48,-0.01,8000,920800,"B"
"FIT","10:53:59",4.48,-0.01,4600,912800,"B"
"FIT","10:53:33",4.48,-0.01,300,908200,"B"
"FIT","10:52:23",4.48,-0.01,200,907900,"B"
"FIT","10:52:00",4.49,0,100,907700,"S"
"FIT","10:51:27",4.48,-0.01,300,907600,"B"
"FIT","10:49:17",4.49,0,7700,907300,"B"
"FIT","10:47:28",4.49,0,2600,899600,"S"
"FIT","10:47:09",4.48,-0.01,300,897000,"B"
"FIT","10:47:06",4.49,0,500,896700,"B"
"FIT","10:45:59",4.48,-0.01,300,896200,"B"
"FIT","10:45:50",4.48,-0.01,700,895900,"B"
"FIT","10:44:38",4.48,-0.01,500,895200,"B"
"FIT","10:44:17",4.49,0,500,894700,"S"
"FIT","10:43:38",4.49,0,400,894200,"B"
"FIT","10:43:25",4.49,0,100,893800,"S"
"FIT","10:43:20",4.49,0,4900,893700,"B"
"FIT","10:43:06",4.49,0,10000,888800,"B"
"FIT","10:42:15",4.49,0,5600,878800,"B"
"FIT","10:42:14",4.49,0,400,873200,"B"
"FIT","10:41:48",4.49,0,3600,872800,"B"
"FIT","10:41:39",4.5,0.01,100,869200,"S"
"FIT","10:40:24",4.5,0.01,11800,869100,"B"
"FIT","10:40:23",4.5,0.01,500,857300,"B"
"FIT","10:39:49",4.5,0.01,500,856800,"B"
"FIT","10:39:47",4.5,0.01,1000,856300,"B"
"FIT","10:36:22",4.51,0.02,2000,855300,"S"
"FIT","10:35:19",4.51,0.02,400,853300,"S"
"FIT","10:34:37",4.5,0.01,1400,852900,"B"
"FIT","10:33:33",4.5,0.01,5000,851500,"B"
"FIT","10:33:03",4.51,0.02,1100,846500,"S"
"FIT","10:32:48",4.5,0.01,100,845400,"B"
"FIT","10:32:07",4.51,0.02,100,845300,"S"
"FIT","10:32:02",4.51,0.02,3000,845200,"S"
"FIT","10:31:44",4.51,0.02,1800,842200,"B"
"FIT","10:31:24",4.51,0.02,600,840400,"B"
"FIT","10:30:54",4.51,0.02,2000,839800,"B"
"FIT","10:30:49",4.51,0.02,3000,837800,"B"
"FIT","10:30:11",4.51,0.02,500,834800,"B"
"FIT","10:29:30",4.51,0.02,200,834300,"S"
"FIT","10:29:26",4.51,0.02,300,834100,"S"
"FIT","10:26:41",4.52,0.03,8500,833800,"B"
"FIT","10:26:29",4.52,0.03,3000,825300,"B"
"FIT","10:25:52",4.52,0.03,1400,822300,"B"
"FIT","10:25:41",4.52,0.03,2000,820900,"B"
"FIT","10:25:35",4.52,0.03,7400,818900,"S"
"FIT","10:25:35",4.52,0.03,33800,811500,"S"
"FIT","10:25:35",4.51,0.02,5900,777700,"S"
"FIT","10:25:24",4.5,0.01,4500,771800,"S"
"FIT","10:24:46",4.5,0.01,500,767300,"B"
"FIT","10:23:48",4.49,0,900,766800,"B"
"FIT","10:22:09",4.49,0,400,765900,"B"
"FIT","10:21:20",4.49,0,15600,765500,"B"
"FIT","10:21:20",4.5,0.01,9400,749900,"B"
"FIT","10:21:05",4.5,0.01,2000,740500,"B"
"FIT","10:20:08",4.5,0.01,200,738500,"B"
"FIT","10:20:08",4.51,0.02,1800,738300,"B"
"FIT","10:20:03",4.51,0.02,1000,736500,"B"
"FIT","10:19:40",4.51,0.02,5000,735500,"S"
"FIT","10:19:39",4.51,0.02,9400,730500,"S"
"FIT","10:19:25",4.5,0.01,2000,721100,"B"
"FIT","10:19:09",4.5,0.01,1000,719100,"B"
"FIT","10:19:08",4.5,0.01,1000,718100,"B"
"FIT","10:18:19",4.5,0.01,500,717100,"B"
"FIT","10:18:01",4.51,0.02,300,716600,"S"
"FIT","10:17:56",4.51,0.02,4200,716300,"B"
"FIT","10:17:54",4.51,0.02,100,712100,"B"
"FIT","10:17:52",4.51,0.02,100,712000,"B"
"FIT","10:17:43",4.51,0.02,10000,711900,"B"
"FIT","10:17:42",4.51,0.02,40000,701900,"B"
"FIT","10:17:21",4.51,0.02,2000,661900,"B"
"FIT","10:16:22",4.52,0.03,2000,659900,"S"
"FIT","10:16:14",4.51,0.02,1000,657900,"B"
"FIT","10:15:41",4.52,0.03,3600,656900,"S"
"FIT","10:15:25",4.52,0.03,4900,653300,"S"
"FIT","10:15:08",4.52,0.03,56800,648400,"B"
"FIT","10:14:59",4.52,0.03,10000,591600,"B"
"FIT","10:14:50",4.52,0.03,4000,581600,"B"
"FIT","10:13:51",4.53,0.04,2000,577600,"S"
"FIT","10:12:16",4.53,0.04,17000,575600,"S"
"FIT","10:12:12",4.52,0.03,1000,558600,"B"
"FIT","10:11:39",4.53,0.04,200,557600,"S"
"FIT","10:11:27",4.52,0.03,1000,557400,"B"
"FIT","10:11:11",4.53,0.04,300,556400,"S"
"FIT","10:10:25",4.53,0.04,5000,556100,"S"
"FIT","10:09:17",4.53,0.04,2400,551100,"S"
"FIT","10:09:01",4.52,0.03,3300,548700,"B"
"FIT","10:08:28",4.53,0.04,600,545400,"S"
"FIT","10:07:35",4.53,0.04,300,544800,"S"
"FIT","10:06:55",4.53,0.04,500,544500,"S"
"FIT","10:06:45",4.52,0.03,3000,544000,"B"
"FIT","10:06:36",4.53,0.04,500,541000,"S"
"FIT","10:05:04",4.53,0.04,100,540500,"S"
"FIT","10:03:39",4.53,0.04,200,540400,"S"
"FIT","10:03:30",4.53,0.04,200,540200,"B"
"FIT","10:03:28",4.53,0.04,200,540000,"B"
"FIT","10:03:14",4.53,0.04,100,539800,"S"
"FIT","10:02:32",4.53,0.04,500,539700,"S"
"FIT","10:02:18",4.53,0.04,1000,539200,"S"
"FIT","10:02:16",4.53,0.04,10000,538200,"S"
"FIT","10:02:10",4.53,0.04,22100,528200,"S"
"FIT","10:01:30",4.53,0.04,5000,506100,"S"
"FIT","10:01:11",4.53,0.04,2000,501100,"S"
"FIT","10:01:03",4.52,0.03,100,499100,"B"
"FIT","10:00:21",4.52,0.03,2100,499000,"B"
"FIT","10:00:11",4.53,0.04,2800,496900,"S"
"FIT","10:00:01",4.53,0.04,1000,494100,"S"
"FIT","09:59:54",4.52,0.03,100,493100,"B"
"FIT","09:59:32",4.52,0.03,5600,493000,"S"
"FIT","09:59:24",4.52,0.03,10000,487400,"S"
"FIT","09:58:14",4.52,0.03,100,477400,"S"
"FIT","09:58:01",4.52,0.03,10000,477300,"S"
"FIT","09:57:34",4.52,0.03,1900,467300,"S"
"FIT","09:57:03",4.52,0.03,10000,465400,"S"
"FIT","09:56:29",4.51,0.02,500,455400,"B"
"FIT","09:56:00",4.52,0.03,20000,454900,"S"
"FIT","09:54:15",4.51,0.02,2300,434900,"S"
"FIT","09:54:10",4.51,0.02,2000,432600,"S"
"FIT","09:53:56",4.51,0.02,10000,430600,"S"
"FIT","09:53:45",4.51,0.02,10000,420600,"S"
"FIT","09:53:29",4.51,0.02,20000,410600,"S"
"FIT","09:52:48",4.5,0.01,4700,390600,"S"
"FIT","09:52:47",4.5,0.01,5300,385900,"B"
"FIT","09:52:26",4.5,0.01,300,380600,"B"
"FIT","09:52:25",4.5,0.01,2000,380300,"B"
"FIT","09:52:00",4.5,0.01,2400,378300,"S"
"FIT","09:51:23",4.5,0.01,20000,375900,"S"
"FIT","09:51:00",4.5,0.01,10000,355900,"S"
"FIT","09:50:54",4.5,0.01,5600,345900,"S"
"FIT","09:50:27",4.5,0.01,3000,340300,"B"
"FIT","09:50:15",4.5,0.01,5000,337300,"B"
"FIT","09:50:02",4.5,0.01,22100,332300,"S"
"FIT","09:50:02",4.5,0.01,800,310200,"S"
"FIT","09:49:51",4.5,0.01,100,309400,"S"
"FIT","09:49:33",4.5,0.01,11400,309300,"B"
"FIT","09:49:33",4.5,0.01,2000,297900,"B"
"FIT","09:49:18",4.5,0.01,6600,295900,"S"
"FIT","09:48:43",4.5,0.01,15200,289300,"B"
"FIT","09:48:42",4.5,0.01,2000,274100,"B"
"FIT","09:48:21",4.5,0.01,100,272100,"B"
"FIT","09:47:55",4.5,0.01,1000,272000,"B"
"FIT","09:47:53",4.5,0.01,11700,271000,"S"
"FIT","09:47:30",4.49,0,9000,259300,"B"
"FIT","09:47:29",4.5,0.01,9500,250300,"B"
"FIT","09:47:26",4.5,0.01,700,240800,"B"
"FIT","09:47:24",4.5,0.01,1000,240100,"B"
"FIT","09:47:11",4.5,0.01,8800,239100,"S"
"FIT","09:47:01",4.49,0,10000,230300,"B"
"FIT","09:46:45",4.5,0.01,2000,220300,"S"
"FIT","09:46:41",4.5,0.01,1100,218300,"B"
"FIT","09:46:34",4.5,0.01,2500,217200,"B"
"FIT","09:45:55",4.5,0.01,200,214700,"B"
"FIT","09:45:03",4.5,0.01,26200,214500,"S"
"FIT","09:43:16",4.49,0,10000,188300,"B"
"FIT","09:42:47",4.49,0,1000,178300,"B"
"FIT","09:41:38",4.5,0.01,100,177300,"S"
"FIT","09:40:42",4.5,0.01,8000,177200,"S"
"FIT","09:40:23",4.5,0.01,11000,169200,"B"
"FIT","09:40:21",4.51,0.02,300,158200,"S"
"FIT","09:39:41",4.5,0.01,5000,157900,"B"
"FIT","09:38:56",4.51,0.02,300,152900,"B"
"FIT","09:38:46",4.51,0.02,600,152600,"S"
"FIT","09:38:19",4.51,0.02,1000,152000,"B"
"FIT","09:38:10",4.51,0.02,3000,151000,"B"
"FIT","09:38:01",4.51,0.02,300,148000,"B"
"FIT","09:37:57",4.52,0.03,1000,147700,"S"
"FIT","09:37:52",4.51,0.02,100,146700,"B"
"FIT","09:37:36",4.52,0.03,2300,146600,"S"
"FIT","09:37:31",4.51,0.02,200,144300,"B"
"FIT","09:37:08",4.51,0.02,4000,144100,"B"
"FIT","09:37:07",4.51,0.02,14200,140100,"S"
"FIT","09:37:06",4.51,0.02,100,125900,"S"
"FIT","09:35:59",4.51,0.02,300,125800,"S"
"FIT","09:35:11",4.51,0.02,15000,125500,"S"
"FIT","09:34:48",4.5,0.01,4000,110500,"B"
"FIT","09:34:42",4.5,0.01,400,106500,"B"
"FIT","09:34:18",4.5,0.01,200,106100,"B"
"FIT","09:32:40",4.5,0.01,900,105900,"S"
"FIT","09:32:38",4.49,0,100,105000,"B"
"FIT","09:32:31",4.5,0.01,10000,104900,"S"
"FIT","09:32:23",4.49,0,3000,94900,"B"
"FIT","09:30:09",4.5,0.01,500,91900,"S"
"FIT","09:29:31",4.5,0.01,500,91400,"S"
"FIT","09:29:28",4.5,0.01,10000,90900,"S"
"FIT","09:29:23",4.5,0.01,100,80900,"S"
"FIT","09:29:07",4.5,0.01,100,80800,"S"
"FIT","09:28:46",4.5,0.01,8500,80700,"S"
"FIT","09:28:33",4.49,0,4100,72200,"S"
"FIT","09:28:29",4.49,0,2000,68100,"S"
"FIT","09:28:17",4.49,0,2000,66100,"S"
"FIT","09:27:58",4.49,0,300,64100,"S"
"FIT","09:27:54",4.49,0,13600,63800,"B"
"FIT","09:26:33",4.49,0,1500,50200,"S"
"FIT","09:24:40",4.49,0,700,48700,"S"
"FIT","09:24:33",4.49,0,100,48000,"S"
"FIT","09:24:25",4.49,0,1200,47900,"B"
"FIT","09:24:19",4.49,0,800,46700,"S"
"FIT","09:24:19",4.49,0,100,45900,"S"
"FIT","09:22:22",4.49,0,1200,45800,"B"
"FIT","09:21:45",4.49,0,800,44600,"S"
"FIT","09:21:37",4.49,0,500,43800,"S"
"FIT","09:21:06",4.49,0,400,43300,"S"
"FIT","09:20:46",4.49,0,1300,42900,"B"
"FIT","09:20:39",4.5,0.01,500,41600,"S"
"FIT","09:20:05",4.49,0,3000,41100,"B"
"FIT","09:20:03",4.49,0,5400,38100,"B"
"FIT","09:19:29",4.49,0,5000,32700,"B"
"FIT","09:18:29",4.49,0,2500,27700,"B"
"FIT","09:18:00",4.5,0.01,500,25200,"S"
"FIT","09:17:43",4.5,0.01,100,24700,"B"
"FIT","09:17:10",4.5,0.01,600,24600,"S"
"FIT","09:16:45",4.5,0.01,400,24000,"S"
"FIT","09:16:37",4.5,0.01,8600,23600,"B"
"FIT","09:16:22",4.5,0.01,1000,15000,"B"
"FIT","09:15:50",4.5,0.01,4000,14000,"B"
"FIT","09:15:47",4.51,0.02,100,10000,"S"
"FIT","09:15:00",4.5,0.01,9900,9900,
