"symbol","time","price","change","vol","total","side"
"HAH","14:45:01",36.95,-0.4,92000,3180500,
"HAH","14:29:58",37,-0.35,100,3088500,"S"
"HAH","14:29:42",37,-0.35,1000,3088400,"S"
"HAH","14:29:38",36.95,-0.4,500,3087400,"B"
"HAH","14:29:36",37,-0.35,500,3086900,"S"
"HAH","14:29:35",37,-0.35,1000,3086400,"S"
"HAH","14:29:25",37,-0.35,100,3085400,"S"
"HAH","14:29:09",37,-0.35,200,3085300,"S"
"HAH","14:28:59",37,-0.35,2000,3085100,"S"
"HAH","14:28:58",37,-0.35,100,3083100,"S"
"HAH","14:28:42",37,-0.35,400,3083000,"B"
"HAH","14:28:41",37,-0.35,5000,3082600,"B"
"HAH","14:28:36",37.05,-0.3,200,3077600,"S"
"HAH","14:28:35",37,-0.35,1000,3077400,"B"
"HAH","14:28:31",37,-0.35,500,3076400,"B"
"HAH","14:28:29",37,-0.35,500,3075900,"B"
"HAH","14:28:22",37,-0.35,1000,3075400,"B"
"HAH","14:28:03",37,-0.35,4700,3074400,"S"
"HAH","14:27:41",36.95,-0.4,100,3069700,"B"
"HAH","14:27:39",37,-0.35,100,3069600,"S"
"HAH","14:27:37",37,-0.35,200,3069500,"S"
"HAH","14:27:30",37,-0.35,1000,3069300,"S"
"HAH","14:27:23",37,-0.35,800,3068300,"S"
"HAH","14:27:17",37,-0.35,100,3067500,"S"
"HAH","14:27:12",37,-0.35,900,3067400,"B"
"HAH","14:27:09",37,-0.35,2000,3066500,"B"
"HAH","14:27:03",37,-0.35,1000,3064500,"B"
"HAH","14:27:02",37,-0.35,500,3063500,"B"
"HAH","14:26:55",37,-0.35,5000,3063000,"B"
"HAH","14:26:51",37,-0.35,2500,3058000,"B"
"HAH","14:26:47",37,-0.35,100,3055500,"B"
"HAH","14:26:39",36.95,-0.4,300,3055400,"B"
"HAH","14:26:37",37,-0.35,1800,3054900,"S"
"HAH","14:26:35",37,-0.35,200,3053100,"S"
"HAH","14:26:30",37,-0.35,500,3052900,"S"
"HAH","14:26:27",36.95,-0.4,500,3052400,"B"
"HAH","14:26:26",37,-0.35,500,3051900,"S"
"HAH","14:26:24",37,-0.35,2000,3051400,"S"
"HAH","14:26:18",37.05,-0.3,200,3049400,"S"
"HAH","14:26:18",37,-0.35,300,3049200,"S"
"HAH","14:26:16",37,-0.35,200,3048900,"S"
"HAH","14:26:15",37,-0.35,200,3048700,"S"
"HAH","14:26:13",37,-0.35,500,3048500,"S"
"HAH","14:26:12",37,-0.35,2100,3048000,"S"
"HAH","14:26:08",37,-0.35,1700,3045900,"B"
"HAH","14:26:06",37,-0.35,3100,3044200,"B"
"HAH","14:26:00",37.05,-0.3,100,3041100,"S"
"HAH","14:25:57",37,-0.35,2000,3041000,"B"
"HAH","14:25:50",37,-0.35,2000,3039000,"B"
"HAH","14:25:44",37,-0.35,1000,3037000,"B"
"HAH","14:25:38",37,-0.35,200,3036000,"B"
"HAH","14:25:27",37,-0.35,100,3035800,"B"
"HAH","14:24:42",37,-0.35,6500,3035700,"S"
"HAH","14:24:35",37,-0.35,4000,3029200,"S"
"HAH","14:24:35",36.95,-0.4,1000,3025200,"B"
"HAH","14:24:35",37,-0.35,1000,3024200,"S"
"HAH","14:24:32",37,-0.35,100,3023200,"S"
"HAH","14:24:03",36.95,-0.4,100,3023100,"B"
"HAH","14:24:01",36.95,-0.4,2000,3023000,"B"
"HAH","14:23:57",36.95,-0.4,400,3021000,"B"
"HAH","14:23:34",36.95,-0.4,300,3020600,"B"
"HAH","14:23:11",36.95,-0.4,100,3020300,"B"
"HAH","14:23:07",37,-0.35,1000,3020200,"S"
"HAH","14:23:07",37,-0.35,2000,3019200,"S"
"HAH","14:22:50",37,-0.35,2000,3017200,"S"
"HAH","14:22:47",36.95,-0.4,1200,3015200,"B"
"HAH","14:22:31",37,-0.35,5000,3014000,"S"
"HAH","14:22:15",37,-0.35,100,3009000,"S"
"HAH","14:22:00",37,-0.35,100,3008900,"S"
"HAH","14:21:55",37,-0.35,100,3008800,"S"
"HAH","14:21:53",36.95,-0.4,6600,3008700,"B"
"HAH","14:21:44",37,-0.35,18700,3002100,"B"
"HAH","14:21:42",37,-0.35,10000,2983400,"B"
"HAH","14:21:42",37,-0.35,100,2973400,"B"
"HAH","14:21:39",37,-0.35,400,2973300,"B"
"HAH","14:21:34",37.05,-0.3,2000,2972900,"S"
"HAH","14:21:18",37,-0.35,5000,2970900,"B"
"HAH","14:21:16",37.05,-0.3,2000,2965900,"B"
"HAH","14:21:15",37.05,-0.3,2000,2963900,"B"
"HAH","14:21:07",37.05,-0.3,5000,2961900,"B"
"HAH","14:21:00",37.1,-0.25,500,2956900,"B"
"HAH","14:20:54",37.15,-0.2,200,2956400,"S"
"HAH","14:20:51",37.1,-0.25,500,2956200,"B"
"HAH","14:20:49",37.15,-0.2,100,2955700,"S"
"HAH","14:20:25",37.15,-0.2,100,2955600,"B"
"HAH","14:20:10",37.2,-0.15,100,2955500,"B"
"HAH","14:20:08",37.2,-0.15,100,2955400,"B"
"HAH","14:19:59",37.2,-0.15,300,2955300,"B"
"HAH","14:19:58",37.2,-0.15,100,2955000,"B"
"HAH","14:19:50",37.2,-0.15,100,2954900,"B"
"HAH","14:19:07",37.2,-0.15,500,2954800,"S"
"HAH","14:19:00",37.2,-0.15,15700,2954300,"S"
"HAH","14:19:00",37.15,-0.2,4300,2938600,"S"
"HAH","14:18:46",37.05,-0.3,1900,2934300,"B"
"HAH","14:18:46",37.1,-0.25,2100,2932400,"S"
"HAH","14:18:42",37.1,-0.25,10000,2930300,"S"
"HAH","14:18:32",37.1,-0.25,1000,2920300,"S"
"HAH","14:18:31",37.1,-0.25,100,2919300,"S"
"HAH","14:18:15",37.1,-0.25,1500,2919200,"S"
"HAH","14:17:53",37.1,-0.25,500,2917700,"S"
"HAH","14:17:52",37.05,-0.3,800,2917200,"S"
"HAH","14:17:46",37.05,-0.3,400,2916400,"S"
"HAH","14:17:43",37.05,-0.3,5000,2916000,"S"
"HAH","14:17:41",37,-0.35,1000,2911000,"B"
"HAH","14:17:40",37,-0.35,300,2910000,"B"
"HAH","14:17:39",37.05,-0.3,1200,2909700,"S"
"HAH","14:17:24",37,-0.35,1300,2908500,"S"
"HAH","14:17:22",37,-0.35,100,2907200,"S"
"HAH","14:17:10",37,-0.35,300,2907100,"S"
"HAH","14:17:06",37,-0.35,200,2906800,"S"
"HAH","14:17:02",37,-0.35,500,2906600,"S"
"HAH","14:16:58",37,-0.35,1000,2906100,"B"
"HAH","14:16:46",37,-0.35,500,2905100,"S"
"HAH","14:16:45",37,-0.35,400,2904600,"S"
"HAH","14:16:45",37,-0.35,100,2904200,"S"
"HAH","14:16:41",37,-0.35,2000,2904100,"S"
"HAH","14:16:23",37,-0.35,200,2902100,"S"
"HAH","14:16:17",37,-0.35,600,2901900,"S"
"HAH","14:16:11",37,-0.35,2000,2901300,"S"
"HAH","14:16:10",37,-0.35,100,2899300,"S"
"HAH","14:15:58",36.95,-0.4,3000,2899200,"B"
"HAH","14:15:49",36.95,-0.4,26800,2896200,"B"
"HAH","14:15:39",36.95,-0.4,7000,2869400,"B"
"HAH","14:15:32",36.95,-0.4,300,2862400,"B"
"HAH","14:15:25",36.95,-0.4,900,2862100,"B"
"HAH","14:15:25",36.95,-0.4,100,2861200,"B"
"HAH","14:15:23",37,-0.35,100,2861100,"S"
"HAH","14:15:16",36.95,-0.4,2000,2861000,"B"
"HAH","14:15:15",36.95,-0.4,1300,2859000,"B"
"HAH","14:15:10",36.95,-0.4,5700,2857700,"B"
"HAH","14:15:05",36.95,-0.4,3000,2852000,"B"
"HAH","14:15:01",36.95,-0.4,3700,2849000,"B"
"HAH","14:14:48",36.9,-0.45,9400,2845300,"B"
"HAH","14:14:48",36.95,-0.4,11600,2835900,"B"
"HAH","14:14:47",37,-0.35,100,2824300,"S"
"HAH","14:14:43",36.95,-0.4,2000,2824200,"B"
"HAH","14:14:23",36.95,-0.4,2000,2822200,"B"
"HAH","14:14:13",36.95,-0.4,2000,2820200,"B"
"HAH","14:14:09",37,-0.35,3000,2818200,"S"
"HAH","14:14:09",37,-0.35,300,2815200,"S"
"HAH","14:13:56",37,-0.35,1700,2814900,"B"
"HAH","14:13:55",37,-0.35,200,2813200,"B"
"HAH","14:13:48",37,-0.35,6300,2813000,"B"
"HAH","14:13:39",37,-0.35,100,2806700,"B"
"HAH","14:13:38",37,-0.35,13200,2806600,"S"
"HAH","14:13:23",36.95,-0.4,700,2793400,"B"
"HAH","14:13:23",37,-0.35,5000,2792700,"S"
"HAH","14:13:19",37,-0.35,100,2787700,"S"
"HAH","14:13:00",37,-0.35,1500,2787600,"S"
"HAH","14:12:54",37,-0.35,1000,2786100,"S"
"HAH","14:12:47",37,-0.35,5000,2785100,"S"
"HAH","14:12:33",37,-0.35,200,2780100,"S"
"HAH","14:12:26",37,-0.35,1000,2779900,"B"
"HAH","14:12:24",37,-0.35,3300,2778900,"S"
"HAH","14:12:23",37,-0.35,700,2775600,"S"
"HAH","14:12:23",36.95,-0.4,1000,2774900,"B"
"HAH","14:12:12",36.95,-0.4,2100,2773900,"S"
"HAH","14:12:11",36.95,-0.4,2200,2771800,"S"
"HAH","14:11:58",36.95,-0.4,100,2769600,"S"
"HAH","14:11:57",36.95,-0.4,2000,2769500,"S"
"HAH","14:11:56",36.95,-0.4,1000,2767500,"S"
"HAH","14:11:40",36.95,-0.4,12600,2766500,"B"
"HAH","14:11:35",37,-0.35,3200,2753900,"S"
"HAH","14:11:33",37,-0.35,5000,2750700,"S"
"HAH","14:11:10",37,-0.35,200,2745700,"S"
"HAH","14:11:03",37,-0.35,100,2745500,"S"
"HAH","14:10:49",37,-0.35,5000,2745400,"S"
"HAH","14:10:48",36.95,-0.4,1500,2740400,"B"
"HAH","14:10:25",37,-0.35,200,2738900,"S"
"HAH","14:10:00",37,-0.35,900,2738700,"S"
"HAH","14:09:56",37,-0.35,1900,2737800,"B"
"HAH","14:09:54",37,-0.35,10000,2735900,"B"
"HAH","14:09:37",37,-0.35,8100,2725900,"S"
"HAH","14:09:30",37,-0.35,100,2717800,"S"
"HAH","14:09:26",37,-0.35,300,2717700,"S"
"HAH","14:09:13",36.95,-0.4,1900,2717400,"S"
"HAH","14:09:02",37,-0.35,2500,2715500,"S"
"HAH","14:08:59",36.95,-0.4,2500,2712500,"B"
"HAH","14:08:52",36.95,-0.4,3200,2710000,"B"
"HAH","14:08:35",37,-0.35,300,2706800,"B"
"HAH","14:08:33",37,-0.35,400,2706500,"B"
"HAH","14:08:24",37,-0.35,500,2706100,"B"
"HAH","14:08:17",37,-0.35,100,2705600,"B"
"HAH","14:08:11",37,-0.35,4300,2705500,"S"
"HAH","14:07:48",37,-0.35,20000,2701200,"S"
"HAH","14:07:34",37,-0.35,5000,2681200,"S"
"HAH","14:07:18",37,-0.35,100,2676200,"S"
"HAH","14:07:17",36.95,-0.4,600,2676100,"S"
"HAH","14:07:05",36.9,-0.45,1000,2675500,"B"
"HAH","14:06:46",36.9,-0.45,1000,2674500,"B"
"HAH","14:06:41",36.9,-0.45,100,2673500,"B"
"HAH","14:06:32",36.9,-0.45,500,2673400,"B"
"HAH","14:06:27",36.9,-0.45,300,2672900,"B"
"HAH","14:06:25",36.9,-0.45,500,2672600,"B"
"HAH","14:06:04",36.9,-0.45,1000,2672100,"B"
"HAH","14:06:04",36.95,-0.4,1000,2671100,"B"
"HAH","14:05:59",36.9,-0.45,500,2670100,"B"
"HAH","14:05:54",36.9,-0.45,800,2669600,"B"
"HAH","14:05:51",36.9,-0.45,2800,2668800,"S"
"HAH","14:05:50",36.9,-0.45,500,2666000,"S"
"HAH","14:05:47",36.9,-0.45,6700,2665500,"B"
"HAH","14:05:37",36.9,-0.45,300,2658800,"B"
"HAH","14:05:29",36.95,-0.4,200,2658500,"S"
"HAH","14:05:26",36.9,-0.45,500,2658300,"B"
"HAH","14:05:25",36.9,-0.45,10000,2657800,"B"
"HAH","14:05:09",36.9,-0.45,19500,2647800,"S"
"HAH","14:05:08",36.85,-0.5,100,2628300,"B"
"HAH","14:05:08",36.9,-0.45,100,2628200,"S"
"HAH","14:04:48",36.9,-0.45,100,2628100,"S"
"HAH","14:04:38",36.85,-0.5,2000,2628000,"B"
"HAH","14:04:28",36.85,-0.5,500,2626000,"B"
"HAH","14:04:28",36.9,-0.45,3500,2625500,"S"
"HAH","14:04:27",36.9,-0.45,3000,2622000,"S"
"HAH","14:04:24",36.85,-0.5,1200,2619000,"B"
"HAH","14:04:23",36.85,-0.5,500,2617800,"B"
"HAH","14:04:19",36.9,-0.45,3400,2617300,"S"
"HAH","14:04:12",36.85,-0.5,8000,2613900,"B"
"HAH","14:04:07",36.85,-0.5,2000,2605900,"B"
"HAH","14:04:02",36.9,-0.45,10000,2603900,"S"
"HAH","14:03:48",36.85,-0.5,1000,2593900,"B"
"HAH","14:03:42",36.9,-0.45,100,2592900,"S"
"HAH","14:03:40",36.85,-0.5,3000,2592800,"B"
"HAH","14:03:34",36.9,-0.45,100,2589800,"S"
"HAH","14:03:31",36.85,-0.5,300,2589700,"B"
"HAH","14:02:44",36.85,-0.5,500,2589400,"B"
"HAH","14:02:41",36.85,-0.5,1200,2588900,"B"
"HAH","14:02:41",36.9,-0.45,15700,2587700,"B"
"HAH","14:02:29",36.9,-0.45,20500,2572000,"B"
"HAH","14:02:17",36.9,-0.45,14000,2551500,"B"
"HAH","14:02:13",36.95,-0.4,2000,2537500,"S"
"HAH","14:02:12",36.9,-0.45,1200,2535500,"B"
"HAH","14:02:10",36.9,-0.45,1300,2534300,"B"
"HAH","14:02:09",36.9,-0.45,2600,2533000,"B"
"HAH","14:02:04",36.9,-0.45,200,2530400,"B"
"HAH","14:01:55",36.9,-0.45,1000,2530200,"B"
"HAH","14:01:46",36.9,-0.45,2000,2529200,"B"
"HAH","14:01:39",36.95,-0.4,200,2527200,"S"
"HAH","14:01:39",36.9,-0.45,6100,2527000,"B"
"HAH","14:01:39",36.95,-0.4,8900,2520900,"B"
"HAH","14:01:37",36.95,-0.4,200,2512000,"B"
"HAH","14:01:21",37,-0.35,1000,2511800,"S"
"HAH","14:01:08",37,-0.35,500,2510800,"S"
"HAH","14:01:07",36.95,-0.4,2000,2510300,"B"
"HAH","14:01:04",36.95,-0.4,300,2508300,"B"
"HAH","14:01:02",36.95,-0.4,1000,2508000,"B"
"HAH","14:01:02",36.95,-0.4,1700,2507000,"B"
"HAH","14:00:59",36.95,-0.4,6500,2505300,"B"
"HAH","14:00:54",36.95,-0.4,200,2498800,"B"
"HAH","14:00:50",36.95,-0.4,1000,2498600,"B"
"HAH","14:00:47",36.95,-0.4,300,2497600,"B"
"HAH","14:00:41",36.95,-0.4,1000,2497300,"B"
"HAH","14:00:40",36.95,-0.4,1000,2496300,"B"
"HAH","14:00:30",36.95,-0.4,500,2495300,"B"
"HAH","14:00:28",37,-0.35,100,2494800,"S"
"HAH","14:00:12",36.95,-0.4,500,2494700,"B"
"HAH","14:00:10",37,-0.35,3000,2494200,"S"
"HAH","13:59:50",37,-0.35,100,2491200,"S"
"HAH","13:59:38",37,-0.35,46500,2491100,"B"
"HAH","13:59:13",37,-0.35,700,2444600,"B"
"HAH","13:58:09",37.05,-0.3,2200,2443900,"S"
"HAH","13:58:03",37.05,-0.3,1200,2441700,"S"
"HAH","13:57:56",37.05,-0.3,2000,2440500,"S"
"HAH","13:57:54",37.05,-0.3,600,2438500,"S"
"HAH","13:57:07",37.05,-0.3,500,2437900,"S"
"HAH","13:56:44",37,-0.35,22900,2437400,"S"
"HAH","13:56:32",37,-0.35,1000,2414500,"S"
"HAH","13:56:15",37,-0.35,10000,2413500,"S"
"HAH","13:56:06",37,-0.35,100,2403500,"S"
"HAH","13:55:27",36.95,-0.4,2100,2403400,"S"
"HAH","13:55:23",36.9,-0.45,1000,2401300,"B"
"HAH","13:55:21",36.95,-0.4,2500,2400300,"S"
"HAH","13:55:18",36.95,-0.4,1000,2397800,"S"
"HAH","13:55:17",36.95,-0.4,100,2396800,"S"
"HAH","13:55:14",36.95,-0.4,1000,2396700,"S"
"HAH","13:55:07",36.95,-0.4,1100,2395700,"S"
"HAH","13:55:04",36.95,-0.4,2000,2394600,"S"
"HAH","13:54:59",36.95,-0.4,200,2392600,"S"
"HAH","13:54:53",36.95,-0.4,600,2392400,"S"
"HAH","13:54:50",36.95,-0.4,1000,2391800,"S"
"HAH","13:54:46",36.95,-0.4,1000,2390800,"S"
"HAH","13:54:42",36.95,-0.4,8400,2389800,"B"
"HAH","13:54:39",36.95,-0.4,400,2381400,"B"
"HAH","13:53:46",36.95,-0.4,6000,2381000,"B"
"HAH","13:53:43",36.95,-0.4,200,2375000,"B"
"HAH","13:53:39",36.95,-0.4,1400,2374800,"B"
"HAH","13:53:24",36.95,-0.4,100,2373400,"B"
"HAH","13:53:20",36.95,-0.4,1300,2373300,"B"
"HAH","13:53:10",36.95,-0.4,2000,2372000,"B"
"HAH","13:52:44",36.95,-0.4,1100,2370000,"S"
"HAH","13:52:40",36.95,-0.4,1000,2368900,"S"
"HAH","13:52:40",36.95,-0.4,20000,2367900,"S"
"HAH","13:52:36",36.95,-0.4,500,2347900,"S"
"HAH","13:52:34",36.95,-0.4,100,2347400,"S"
"HAH","13:52:30",36.9,-0.45,100,2347300,"B"
"HAH","13:52:21",36.95,-0.4,100,2347200,"S"
"HAH","13:52:18",36.95,-0.4,1000,2347100,"S"
"HAH","13:51:59",36.95,-0.4,100,2346100,"S"
"HAH","13:51:57",36.9,-0.45,100,2346000,"B"
"HAH","13:51:48",36.95,-0.4,2000,2345900,"S"
"HAH","13:51:37",36.95,-0.4,500,2343900,"S"
"HAH","13:51:20",36.9,-0.45,1000,2343400,"B"
"HAH","13:51:16",36.9,-0.45,3000,2342400,"B"
"HAH","13:51:11",36.9,-0.45,10100,2339400,"S"
"HAH","13:51:07",36.9,-0.45,500,2329300,"S"
"HAH","13:51:03",36.9,-0.45,19600,2328800,"B"
"HAH","13:50:59",36.9,-0.45,700,2309200,"B"
"HAH","13:50:58",36.9,-0.45,1900,2308500,"B"
"HAH","13:50:50",36.9,-0.45,1000,2306600,"B"
"HAH","13:50:39",36.9,-0.45,400,2305600,"B"
"HAH","13:50:31",36.9,-0.45,3800,2305200,"S"
"HAH","13:50:24",36.9,-0.45,1100,2301400,"S"
"HAH","13:50:16",36.9,-0.45,1000,2300300,"S"
"HAH","13:50:14",36.9,-0.45,16100,2299300,"B"
"HAH","13:50:12",36.9,-0.45,800,2283200,"B"
"HAH","13:50:08",36.9,-0.45,1000,2282400,"B"
"HAH","13:50:06",36.9,-0.45,2000,2281400,"B"
"HAH","13:50:03",36.9,-0.45,100,2279400,"B"
"HAH","13:50:00",36.9,-0.45,2000,2279300,"B"
"HAH","13:49:53",36.9,-0.45,200,2277300,"B"
"HAH","13:49:53",36.9,-0.45,1100,2277100,"B"
"HAH","13:49:47",36.9,-0.45,7700,2276000,"S"
"HAH","13:49:39",36.9,-0.45,2300,2268300,"B"
"HAH","13:49:38",36.9,-0.45,300,2266000,"B"
"HAH","13:49:26",36.9,-0.45,1000,2265700,"B"
"HAH","13:49:17",36.9,-0.45,4400,2264700,"S"
"HAH","13:49:15",36.9,-0.45,400,2260300,"S"
"HAH","13:49:11",36.85,-0.5,600,2259900,"B"
"HAH","13:49:09",36.9,-0.45,1000,2259300,"S"
"HAH","13:49:04",36.9,-0.45,14700,2258300,"B"
"HAH","13:48:59",36.9,-0.45,1000,2243600,"B"
"HAH","13:48:38",36.9,-0.45,7100,2242600,"S"
"HAH","13:48:37",36.9,-0.45,100,2235500,"S"
"HAH","13:48:37",36.9,-0.45,1000,2235400,"S"
"HAH","13:48:35",36.9,-0.45,1800,2234400,"B"
"HAH","13:48:33",36.9,-0.45,1800,2232600,"B"
"HAH","13:48:32",36.9,-0.45,700,2230800,"B"
"HAH","13:48:31",36.9,-0.45,1000,2230100,"B"
"HAH","13:48:28",36.9,-0.45,1700,2229100,"B"
"HAH","13:48:23",36.9,-0.45,200,2227400,"B"
"HAH","13:48:21",36.9,-0.45,3000,2227200,"B"
"HAH","13:48:14",36.95,-0.4,2100,2224200,"S"
"HAH","13:48:13",36.9,-0.45,8400,2222100,"S"
"HAH","13:48:07",36.9,-0.45,100,2213700,"S"
"HAH","13:48:01",36.9,-0.45,26500,2213600,"B"
"HAH","13:47:59",36.9,-0.45,4000,2187100,"B"
"HAH","13:47:51",36.95,-0.4,100,2183100,"S"
"HAH","13:47:50",36.95,-0.4,500,2183000,"S"
"HAH","13:47:19",36.95,-0.4,6000,2182500,"S"
"HAH","13:47:04",36.95,-0.4,200,2176500,"S"
"HAH","13:46:57",36.95,-0.4,5000,2176300,"S"
"HAH","13:46:45",36.95,-0.4,500,2171300,"S"
"HAH","13:46:01",36.9,-0.45,4000,2170800,"B"
"HAH","13:46:00",36.9,-0.45,100,2166800,"B"
"HAH","13:45:58",36.9,-0.45,10000,2166700,"B"
"HAH","13:45:46",36.9,-0.45,1000,2156700,"B"
"HAH","13:45:38",36.9,-0.45,1500,2155700,"B"
"HAH","13:45:34",36.9,-0.45,200,2154200,"B"
"HAH","13:45:30",36.9,-0.45,100,2154000,"B"
"HAH","13:45:27",36.9,-0.45,100,2153900,"B"
"HAH","13:45:00",36.85,-0.5,1200,2153800,"B"
"HAH","13:44:53",36.95,-0.4,100,2152600,"S"
"HAH","13:44:39",36.85,-0.5,4600,2152500,"B"
"HAH","13:44:38",36.9,-0.45,100,2147500,"B"
"HAH","13:44:36",36.95,-0.4,200,2147400,"S"
"HAH","13:44:33",36.9,-0.45,300,2147200,"B"
"HAH","13:44:17",36.85,-0.5,400,2146900,"B"
"HAH","13:44:17",36.9,-0.45,6600,2146500,"B"
"HAH","13:44:09",36.9,-0.45,200,2139900,"B"
"HAH","13:44:08",36.9,-0.45,4200,2139700,"S"
"HAH","13:44:04",36.9,-0.45,600,2135500,"B"
"HAH","13:44:03",36.9,-0.45,1500,2134900,"S"
"HAH","13:43:50",36.9,-0.45,100,2133400,"S"
"HAH","13:43:49",36.9,-0.45,100,2133300,"S"
"HAH","13:43:43",36.9,-0.45,100,2133200,"S"
"HAH","13:43:38",36.9,-0.45,500,2133100,"S"
"HAH","13:43:33",36.9,-0.45,400,2132600,"B"
"HAH","13:43:13",36.9,-0.45,1900,2132200,"S"
"HAH","13:43:13",36.9,-0.45,100,2130300,"S"
"HAH","13:43:11",36.9,-0.45,500,2130200,"S"
"HAH","13:43:08",36.9,-0.45,100,2129700,"S"
"HAH","13:43:07",36.9,-0.45,500,2129600,"S"
"HAH","13:43:04",36.9,-0.45,1500,2129100,"S"
"HAH","13:43:02",36.9,-0.45,100,2127600,"S"
"HAH","13:42:51",36.9,-0.45,700,2127500,"B"
"HAH","13:42:49",36.9,-0.45,1000,2126800,"B"
"HAH","13:42:45",36.9,-0.45,1100,2125800,"B"
"HAH","13:42:39",36.9,-0.45,4200,2124700,"B"
"HAH","13:42:37",36.9,-0.45,7000,2120500,"B"
"HAH","13:42:30",36.9,-0.45,30000,2113500,"B"
"HAH","13:42:15",36.95,-0.4,100,2083500,"S"
"HAH","13:42:02",36.9,-0.45,3000,2083400,"B"
"HAH","13:42:01",36.95,-0.4,100,2080400,"S"
"HAH","13:41:58",36.95,-0.4,500,2080300,"S"
"HAH","13:41:30",36.95,-0.4,100,2079800,"S"
"HAH","13:41:23",36.95,-0.4,100,2079700,"B"
"HAH","13:41:19",36.95,-0.4,5000,2079600,"B"
"HAH","13:41:13",36.95,-0.4,4500,2074600,"B"
"HAH","13:41:12",36.95,-0.4,800,2070100,"B"
"HAH","13:41:10",37,-0.35,100,2069300,"S"
"HAH","13:41:06",36.95,-0.4,300,2066500,"B"
"HAH","13:41:02",36.95,-0.4,7200,2066200,"B"
"HAH","13:40:59",36.95,-0.4,3300,2059000,"B"
"HAH","13:40:56",36.95,-0.4,200,2055700,"B"
"HAH","13:40:51",36.95,-0.4,2000,2055500,"B"
"HAH","13:40:39",36.95,-0.4,800,2053500,"B"
"HAH","13:40:31",36.95,-0.4,4000,2052700,"B"
"HAH","13:40:21",36.95,-0.4,100,2048700,"B"
"HAH","13:39:40",36.95,-0.4,300,2048600,"B"
"HAH","13:39:27",36.95,-0.4,2000,2048300,"B"
"HAH","13:39:26",36.95,-0.4,3000,2046300,"B"
"HAH","13:39:23",36.95,-0.4,1000,2043300,"B"
"HAH","13:39:17",36.95,-0.4,1000,2042300,"B"
"HAH","13:39:04",36.95,-0.4,3000,2041300,"B"
"HAH","13:38:57",36.95,-0.4,1000,2038300,"B"
"HAH","13:38:54",36.95,-0.4,900,2037300,"B"
"HAH","13:38:47",36.95,-0.4,300,2036400,"B"
"HAH","13:38:29",36.95,-0.4,5000,2036100,"B"
"HAH","13:38:10",37,-0.35,39200,2031100,"B"
"HAH","13:38:06",37,-0.35,1000,1991900,"B"
"HAH","13:37:59",37.05,-0.3,200,1990900,"S"
"HAH","13:37:32",37.05,-0.3,2000,1990700,"S"
"HAH","13:37:25",37.05,-0.3,100,1988700,"S"
"HAH","13:37:15",37.05,-0.3,2700,1988600,"B"
"HAH","13:37:13",37.05,-0.3,9000,1985900,"B"
"HAH","13:37:08",37.05,-0.3,10000,1976900,"B"
"HAH","13:37:05",37.05,-0.3,2500,1966900,"B"
"HAH","13:37:05",37.1,-0.25,500,1964400,"S"
"HAH","13:37:04",37.05,-0.3,4600,1963900,"B"
"HAH","13:37:04",37.05,-0.3,400,1959300,"B"
"HAH","13:36:44",37.05,-0.3,3000,1958900,"B"
"HAH","13:36:27",37.05,-0.3,200,1955900,"B"
"HAH","13:36:26",37.1,-0.25,300,1955700,"S"
"HAH","13:36:11",37.1,-0.25,200,1955400,"B"
"HAH","13:36:11",37.1,-0.25,2800,1955200,"S"
"HAH","13:35:51",37.05,-0.3,1900,1952400,"B"
"HAH","13:35:48",37.1,-0.25,100,1950400,"S"
"HAH","13:35:47",37.1,-0.25,5000,1950300,"S"
"HAH","13:35:46",37.1,-0.25,100,1945300,"S"
"HAH","13:35:40",37.1,-0.25,1400,1945200,"S"
"HAH","13:34:53",37.1,-0.25,1000,1943800,"S"
"HAH","13:34:53",37.1,-0.25,500,1942800,"S"
"HAH","13:34:45",37.1,-0.25,10000,1942300,"S"
"HAH","13:34:37",37.1,-0.25,500,1932300,"S"
"HAH","13:34:32",37.1,-0.25,2000,1931800,"S"
"HAH","13:34:07",37.1,-0.25,1200,1929800,"S"
"HAH","13:33:41",37.1,-0.25,100,1928600,"S"
"HAH","13:33:01",37.05,-0.3,300,1928500,"B"
"HAH","13:32:50",37.05,-0.3,100,1928200,"B"
"HAH","13:32:49",37.05,-0.3,100,1928100,"B"
"HAH","13:32:36",37.05,-0.3,300,1928000,"B"
"HAH","13:32:17",37.05,-0.3,5000,1927700,"B"
"HAH","13:31:31",37.05,-0.3,6000,1922700,"B"
"HAH","13:31:28",37.1,-0.25,200,1916700,"S"
"HAH","13:30:49",37.1,-0.25,100,1916500,"S"
"HAH","13:30:20",37.1,-0.25,900,1916400,"B"
"HAH","13:30:20",37.1,-0.25,100,1915500,"B"
"HAH","13:30:10",37.15,-0.2,400,1915400,"S"
"HAH","13:30:08",37.05,-0.3,2000,1915000,"B"
"HAH","13:30:05",37.15,-0.2,1000,1913000,"S"
"HAH","13:30:05",37.1,-0.25,5000,1912000,"S"
"HAH","13:30:01",37.05,-0.3,500,1907000,"B"
"HAH","13:29:58",37.05,-0.3,100,1906500,"B"
"HAH","13:29:57",37.1,-0.25,100,1906400,"S"
"HAH","13:29:55",37.1,-0.25,100,1906300,"S"
"HAH","13:29:34",37,-0.35,100,1906200,"B"
"HAH","13:29:25",37.1,-0.25,4800,1906100,"S"
"HAH","13:29:19",37.1,-0.25,2000,1896100,"S"
"HAH","13:29:07",37,-0.35,4100,1894100,"B"
"HAH","13:29:00",37,-0.35,14900,1890000,"B"
"HAH","13:29:00",37.05,-0.3,5100,1875100,"B"
"HAH","13:28:36",37.1,-0.25,200,1870000,"S"
"HAH","13:28:23",37.1,-0.25,100,1869800,"S"
"HAH","13:27:44",37.05,-0.3,600,1869700,"B"
"HAH","13:27:35",37.05,-0.3,5000,1869100,"B"
"HAH","13:27:30",37.05,-0.3,1000,1864100,"B"
"HAH","13:26:42",37.05,-0.3,8000,1863100,"S"
"HAH","13:26:31",37.05,-0.3,100,1855100,"S"
"HAH","13:26:21",37.05,-0.3,200,1855000,"S"
"HAH","13:26:12",37.05,-0.3,100,1854800,"S"
"HAH","13:26:09",37.05,-0.3,4200,1854700,"S"
"HAH","13:25:55",37,-0.35,1000,1850500,"B"
"HAH","13:25:52",37,-0.35,300,1849500,"B"
"HAH","13:25:51",37,-0.35,200,1849200,"B"
"HAH","13:25:28",37,-0.35,200,1849000,"B"
"HAH","13:25:20",37,-0.35,200,1848800,"B"
"HAH","13:25:10",37,-0.35,500,1848600,"B"
"HAH","13:25:03",37.05,-0.3,500,1848100,"S"
"HAH","13:24:59",37,-0.35,100,1847600,"B"
"HAH","13:24:58",37.05,-0.3,100,1847500,"S"
"HAH","13:24:43",37,-0.35,1600,1847400,"B"
"HAH","13:24:35",37,-0.35,1000,1845800,"B"
"HAH","13:24:26",37,-0.35,3000,1844800,"B"
"HAH","13:24:17",37,-0.35,1000,1841800,"B"
"HAH","13:23:49",37,-0.35,7100,1840800,"S"
"HAH","13:23:45",37,-0.35,1000,1833700,"S"
"HAH","13:23:33",37,-0.35,2800,1832700,"S"
"HAH","13:23:25",36.95,-0.4,1000,1829900,"B"
"HAH","13:23:24",37,-0.35,1000,1828900,"S"
"HAH","13:23:20",37,-0.35,5000,1827900,"S"
"HAH","13:23:13",37,-0.35,500,1822900,"S"
"HAH","13:22:55",37,-0.35,100,1822400,"S"
"HAH","13:22:49",37,-0.35,1000,1822300,"S"
"HAH","13:22:38",37,-0.35,200,1821300,"S"
"HAH","13:22:29",37,-0.35,100,1821100,"S"
"HAH","13:22:25",37,-0.35,100,1821000,"S"
"HAH","13:22:11",37,-0.35,2000,1820900,"S"
"HAH","13:22:07",37,-0.35,300,1818900,"S"
"HAH","13:21:59",37,-0.35,100,1818600,"S"
"HAH","13:21:51",37,-0.35,500,1818500,"S"
"HAH","13:21:40",37,-0.35,300,1818000,"S"
"HAH","13:21:31",36.95,-0.4,4100,1817700,"B"
"HAH","13:21:31",37,-0.35,900,1813600,"B"
"HAH","13:21:27",37,-0.35,2000,1812700,"B"
"HAH","13:21:20",37,-0.35,3000,1810700,"B"
"HAH","13:21:00",37,-0.35,1500,1807700,"B"
"HAH","13:20:55",37,-0.35,500,1806200,"B"
"HAH","13:20:46",37,-0.35,14200,1805700,"S"
"HAH","13:20:20",37,-0.35,200,1791500,"S"
"HAH","13:20:05",37,-0.35,100,1791300,"S"
"HAH","13:19:51",37,-0.35,600,1791200,"S"
"HAH","13:19:51",37,-0.35,1000,1790600,"S"
"HAH","13:19:46",37,-0.35,100,1789600,"S"
"HAH","13:19:40",37,-0.35,1100,1789500,"S"
"HAH","13:19:34",37,-0.35,1000,1788400,"S"
"HAH","13:19:31",37,-0.35,100,1787400,"S"
"HAH","13:19:28",37,-0.35,300,1787300,"S"
"HAH","13:19:27",37,-0.35,5000,1787000,"S"
"HAH","13:19:20",37,-0.35,100,1782000,"S"
"HAH","13:19:02",37,-0.35,500,1781900,"S"
"HAH","13:18:45",37,-0.35,100,1781400,"S"
"HAH","13:18:42",37,-0.35,5000,1781300,"S"
"HAH","13:18:39",36.95,-0.4,4500,1776300,"B"
"HAH","13:18:37",36.95,-0.4,100,1771800,"B"
"HAH","13:17:56",37,-0.35,100,1771700,"S"
"HAH","13:17:21",37,-0.35,100,1771600,"S"
"HAH","13:16:57",37,-0.35,100,1771500,"S"
"HAH","13:16:52",36.95,-0.4,100,1771400,"S"
"HAH","13:16:43",36.95,-0.4,100,1771300,"B"
"HAH","13:16:37",36.95,-0.4,100,1771200,"S"
"HAH","13:16:29",36.9,-0.45,200,1771100,"B"
"HAH","13:15:55",36.9,-0.45,2000,1770900,"B"
"HAH","13:15:55",36.95,-0.4,5300,1768900,"B"
"HAH","13:15:48",37,-0.35,100,1763600,"S"
"HAH","13:15:41",36.95,-0.4,600,1763500,"B"
"HAH","13:15:36",36.95,-0.4,2000,1762900,"B"
"HAH","13:15:31",36.95,-0.4,10000,1760900,"B"
"HAH","13:15:27",36.95,-0.4,10000,1750900,"B"
"HAH","13:15:20",36.95,-0.4,200,1740900,"B"
"HAH","13:15:08",36.95,-0.4,3700,1740700,"B"
"HAH","13:15:00",37,-0.35,100,1737000,"S"
"HAH","13:14:50",37,-0.35,2100,1736900,"B"
"HAH","13:14:50",37,-0.35,2100,1734800,"B"
"HAH","13:14:43",37,-0.35,10000,1732700,"B"
"HAH","13:14:41",37,-0.35,5000,1722700,"B"
"HAH","13:14:35",37,-0.35,5000,1717700,"B"
"HAH","13:14:27",37,-0.35,4300,1712700,"B"
"HAH","13:14:03",37,-0.35,400,1708400,"B"
"HAH","13:13:32",37,-0.35,3500,1708000,"B"
"HAH","13:13:07",37.05,-0.3,1000,1704500,"S"
"HAH","13:13:04",37.05,-0.3,200,1703500,"S"
"HAH","13:13:04",37,-0.35,1500,1703300,"B"
"HAH","13:12:53",37.05,-0.3,100,1701800,"S"
"HAH","13:12:47",37.05,-0.3,100,1701700,"S"
"HAH","13:12:38",37,-0.35,1900,1701600,"B"
"HAH","13:12:35",37,-0.35,17000,1699700,"S"
"HAH","13:12:30",37,-0.35,100,1682700,"S"
"HAH","13:12:27",37,-0.35,2400,1682600,"S"
"HAH","13:12:17",36.95,-0.4,200,1680200,"B"
"HAH","13:11:29",37,-0.35,2000,1680000,"S"
"HAH","13:11:22",37,-0.35,200,1678000,"S"
"HAH","13:11:16",37,-0.35,100,1677800,"S"
"HAH","13:10:41",37,-0.35,5000,1677700,"S"
"HAH","13:10:39",37,-0.35,4800,1672700,"S"
"HAH","13:10:39",36.95,-0.4,200,1667900,"S"
"HAH","13:10:38",36.95,-0.4,4800,1667700,"B"
"HAH","13:10:23",37,-0.35,1000,1662900,"S"
"HAH","13:10:16",37,-0.35,500,1661900,"S"
"HAH","13:10:09",36.95,-0.4,2200,1661400,"B"
"HAH","13:10:08",36.95,-0.4,1000,1659200,"B"
"HAH","13:10:04",37,-0.35,10000,1658200,"S"
"HAH","13:09:55",36.95,-0.4,100,1648200,"B"
"HAH","13:09:54",36.95,-0.4,300,1648100,"B"
"HAH","13:09:48",36.95,-0.4,1400,1647800,"B"
"HAH","13:09:26",36.95,-0.4,500,1646400,"B"
"HAH","13:09:24",37,-0.35,200,1645900,"S"
"HAH","13:09:21",36.95,-0.4,100,1645700,"B"
"HAH","13:09:14",36.95,-0.4,200,1645600,"S"
"HAH","13:09:12",36.95,-0.4,1000,1645400,"S"
"HAH","13:09:10",36.95,-0.4,3400,1644400,"S"
"HAH","13:09:08",36.95,-0.4,100,1641000,"S"
"HAH","13:09:01",36.95,-0.4,1100,1640900,"S"
"HAH","13:08:50",36.9,-0.45,1000,1639800,"B"
"HAH","13:08:45",36.95,-0.4,600,1638800,"S"
"HAH","13:08:40",36.95,-0.4,100,1638200,"S"
"HAH","13:08:34",36.95,-0.4,1000,1638100,"S"
"HAH","13:08:32",36.95,-0.4,1000,1637100,"S"
"HAH","13:08:30",36.95,-0.4,900,1636100,"S"
"HAH","13:08:29",36.95,-0.4,300,1635200,"S"
"HAH","13:08:28",36.95,-0.4,1000,1634900,"S"
"HAH","13:08:27",36.95,-0.4,500,1633900,"S"
"HAH","13:08:24",36.95,-0.4,500,1633400,"S"
"HAH","13:07:58",36.95,-0.4,100,1632900,"S"
"HAH","13:07:57",36.95,-0.4,500,1632800,"S"
"HAH","13:07:51",36.9,-0.45,1300,1632300,"B"
"HAH","13:07:44",36.95,-0.4,100,1631000,"S"
"HAH","13:07:32",36.95,-0.4,100,1630900,"S"
"HAH","13:07:27",36.95,-0.4,4400,1630800,"B"
"HAH","13:07:18",36.95,-0.4,3400,1626400,"S"
"HAH","13:07:17",36.9,-0.45,8000,1623000,"B"
"HAH","13:07:12",36.9,-0.45,1400,1615000,"B"
"HAH","13:07:11",36.9,-0.45,600,1613600,"B"
"HAH","13:07:10",36.95,-0.4,500,1612900,"S"
"HAH","13:07:08",36.95,-0.4,500,1612400,"S"
"HAH","13:07:03",36.95,-0.4,500,1611900,"S"
"HAH","13:06:58",36.95,-0.4,100,1611400,"S"
"HAH","13:06:52",36.95,-0.4,100,1611300,"S"
"HAH","13:06:49",36.95,-0.4,200,1611200,"S"
"HAH","13:06:38",36.95,-0.4,4800,1611000,"S"
"HAH","13:06:15",36.9,-0.45,2000,1606200,"B"
"HAH","13:06:12",36.95,-0.4,400,1604200,"S"
"HAH","13:06:10",36.95,-0.4,200,1603800,"S"
"HAH","13:05:51",36.95,-0.4,500,1603600,"S"
"HAH","13:05:50",36.9,-0.45,300,1603100,"B"
"HAH","13:05:42",36.9,-0.45,5000,1602800,"B"
"HAH","13:05:37",36.9,-0.45,100,1597800,"B"
"HAH","13:05:31",36.9,-0.45,2000,1597700,"B"
"HAH","13:05:15",36.9,-0.45,1000,1595700,"B"
"HAH","13:05:10",36.95,-0.4,700,1594700,"B"
"HAH","13:05:00",36.95,-0.4,3000,1594000,"B"
"HAH","13:04:47",36.95,-0.4,500,1591000,"B"
"HAH","13:04:35",37,-0.35,300,1590500,"S"
"HAH","13:04:23",36.95,-0.4,600,1590200,"B"
"HAH","13:04:15",36.95,-0.4,2100,1589600,"S"
"HAH","13:04:11",36.9,-0.45,100,1587500,"B"
"HAH","13:03:39",36.95,-0.4,800,1587400,"S"
"HAH","13:03:35",36.9,-0.45,1200,1586600,"B"
"HAH","13:03:34",36.9,-0.45,2000,1585400,"B"
"HAH","13:03:26",36.9,-0.45,5700,1583400,"B"
"HAH","13:03:08",36.9,-0.45,2800,1577700,"B"
"HAH","13:03:08",36.95,-0.4,5000,1574900,"S"
"HAH","13:03:07",36.9,-0.45,1900,1569900,"B"
"HAH","13:03:00",36.95,-0.4,100,1568000,"S"
"HAH","13:02:54",36.95,-0.4,500,1567900,"S"
"HAH","13:02:53",36.9,-0.45,1400,1567400,"B"
"HAH","13:02:42",36.9,-0.45,4100,1566000,"B"
"HAH","13:01:35",36.95,-0.4,900,1561900,"B"
"HAH","13:01:29",36.95,-0.4,1800,1561000,"B"
"HAH","13:01:24",36.95,-0.4,1600,1559200,"S"
"HAH","13:01:23",36.95,-0.4,200,1557600,"S"
"HAH","13:01:15",36.95,-0.4,1200,1557400,"S"
"HAH","13:01:06",36.95,-0.4,2000,1556200,"S"
"HAH","13:00:55",36.9,-0.45,800,1554200,"B"
"HAH","13:00:52",36.95,-0.4,10300,1553400,"S"
"HAH","13:00:43",36.9,-0.45,200,1543100,"B"
"HAH","13:00:38",36.9,-0.45,900,1542900,"B"
"HAH","13:00:29",36.9,-0.45,200,1542000,"B"
"HAH","13:00:28",36.95,-0.4,10000,1541800,"S"
"HAH","13:00:27",36.9,-0.45,1000,1531800,"B"
"HAH","13:00:26",36.95,-0.4,200,1530800,"S"
"HAH","13:00:23",37,-0.35,100,1530600,"S"
"HAH","13:00:18",37,-0.35,1000,1530500,"S"
"HAH","13:00:18",37,-0.35,100,1529500,"S"
"HAH","13:00:17",37,-0.35,300,1529400,"S"
"HAH","13:00:15",36.9,-0.45,7300,1529100,"B"
"HAH","13:00:12",37,-0.35,100,1521800,"S"
"HAH","13:00:12",37,-0.35,2500,1521700,"S"
"HAH","13:00:12",36.95,-0.4,2500,1519200,"S"
"HAH","13:00:10",36.95,-0.4,100,1516700,"S"
"HAH","13:00:07",36.95,-0.4,2500,1516600,"S"
"HAH","13:00:05",36.95,-0.4,100,1514100,"S"
"HAH","13:00:01",36.9,-0.45,6600,1514000,"B"
"HAH","13:00:01",36.95,-0.4,6500,1507400,"B"
"HAH","13:00:00",37.05,-0.3,700,1500900,"S"
"HAH","13:00:00",37,-0.35,1300,1500200,"S"
"HAH","11:29:36",37,-0.35,1100,1498900,"B"
"HAH","11:29:16",37,-0.35,100,1497800,"B"
"HAH","11:29:09",37,-0.35,1000,1497700,"B"
"HAH","11:29:07",37,-0.35,300,1496700,"B"
"HAH","11:29:04",37,-0.35,5000,1496400,"B"
"HAH","11:28:57",37,-0.35,100,1491400,"B"
"HAH","11:27:27",37,-0.35,1600,1491300,"B"
"HAH","11:26:54",37.05,-0.3,100,1489700,"S"
"HAH","11:26:41",37,-0.35,200,1489600,"B"
"HAH","11:26:06",37,-0.35,300,1489400,"B"
"HAH","11:25:41",37.05,-0.3,1000,1489100,"B"
"HAH","11:25:18",37,-0.35,300,1488100,"B"
"HAH","11:25:18",37.05,-0.3,400,1487800,"B"
"HAH","11:25:14",37.05,-0.3,2600,1487400,"S"
"HAH","11:24:35",37,-0.35,400,1484800,"S"
"HAH","11:24:17",37,-0.35,400,1484400,"B"
"HAH","11:24:12",37,-0.35,1400,1484000,"B"
"HAH","11:24:06",37,-0.35,2000,1482600,"B"
"HAH","11:24:02",37,-0.35,2000,1480600,"B"
"HAH","11:23:46",37,-0.35,500,1478600,"B"
"HAH","11:23:28",37,-0.35,900,1478100,"S"
"HAH","11:23:19",37,-0.35,3000,1477200,"S"
"HAH","11:23:12",37,-0.35,1500,1474200,"S"
"HAH","11:23:04",37,-0.35,1000,1472700,"S"
"HAH","11:23:00",37,-0.35,300,1471700,"S"
"HAH","11:22:55",37,-0.35,1000,1471400,"S"
"HAH","11:22:54",37,-0.35,2300,1470400,"B"
"HAH","11:22:31",37,-0.35,2600,1468100,"S"
"HAH","11:22:18",37,-0.35,10000,1465500,"S"
"HAH","11:22:11",37,-0.35,100,1455500,"S"
"HAH","11:21:19",37,-0.35,500,1455400,"S"
"HAH","11:20:55",37,-0.35,2700,1454900,"B"
"HAH","11:19:51",37,-0.35,2400,1452200,"S"
"HAH","11:19:38",37,-0.35,500,1449800,"S"
"HAH","11:19:25",37,-0.35,100,1449300,"S"
"HAH","11:19:22",37,-0.35,900,1449200,"B"
"HAH","11:19:02",37.05,-0.3,1000,1448300,"S"
"HAH","11:18:50",37,-0.35,200,1447300,"S"
"HAH","11:18:26",37,-0.35,500,1447100,"S"
"HAH","11:18:21",37,-0.35,500,1446600,"B"
"HAH","11:17:38",37,-0.35,100,1446100,"B"
"HAH","11:17:23",37,-0.35,4500,1446000,"S"
"HAH","11:16:45",36.95,-0.4,100,1441500,"B"
"HAH","11:16:39",36.95,-0.4,400,1441400,"S"
"HAH","11:16:35",36.95,-0.4,900,1441000,"S"
"HAH","11:15:21",36.95,-0.4,1000,1440100,"B"
"HAH","11:15:06",37,-0.35,8300,1439100,"S"
"HAH","11:15:06",36.95,-0.4,1700,1430800,"S"
"HAH","11:15:05",36.85,-0.5,5600,1429100,"B"
"HAH","11:15:05",36.85,-0.5,4500,1423500,"B"
"HAH","11:15:05",36.9,-0.45,29900,1419000,"B"
"HAH","11:15:02",36.95,-0.4,100,1389100,"S"
"HAH","11:14:37",36.95,-0.4,200,1389000,"B"
"HAH","11:14:25",36.95,-0.4,100,1388800,"B"
"HAH","11:14:00",36.95,-0.4,1300,1388700,"B"
"HAH","11:13:28",36.95,-0.4,100,1387400,"B"
"HAH","11:12:53",37,-0.35,200,1387300,"S"
"HAH","11:12:53",36.95,-0.4,6300,1387100,"S"
"HAH","11:12:48",36.95,-0.4,2000,1380800,"S"
"HAH","11:12:41",36.95,-0.4,100,1378800,"S"
"HAH","11:12:36",36.9,-0.45,200,1378700,"B"
"HAH","11:12:23",36.95,-0.4,500,1378500,"S"
"HAH","11:12:23",36.9,-0.45,300,1378000,"B"
"HAH","11:11:50",36.95,-0.4,100,1377700,"S"
"HAH","11:11:37",36.9,-0.45,200,1377600,"B"
"HAH","11:11:11",36.95,-0.4,1000,1377400,"B"
"HAH","11:11:07",37,-0.35,1000,1376400,"S"
"HAH","11:11:05",36.9,-0.45,3700,1375400,"B"
"HAH","11:11:05",36.95,-0.4,6300,1371700,"B"
"HAH","11:10:47",37,-0.35,100,1365400,"S"
"HAH","11:10:37",37,-0.35,3200,1365300,"B"
"HAH","11:10:26",37,-0.35,500,1362100,"B"
"HAH","11:10:08",37,-0.35,2500,1361600,"S"
"HAH","11:10:06",37,-0.35,100,1359100,"S"
"HAH","11:10:01",37,-0.35,200,1359000,"S"
"HAH","11:09:58",37,-0.35,100,1358800,"S"
"HAH","11:09:54",37,-0.35,1000,1358700,"S"
"HAH","11:09:48",37,-0.35,400,1357700,"S"
"HAH","11:09:38",37,-0.35,5700,1357300,"B"
"HAH","11:09:26",37.05,-0.3,200,1351600,"S"
"HAH","11:09:16",37.05,-0.3,3000,1351400,"B"
"HAH","11:09:04",37.1,-0.25,1000,1348400,"B"
"HAH","11:08:47",37.1,-0.25,4600,1347400,"B"
"HAH","11:08:47",37.15,-0.2,400,1342800,"B"
"HAH","11:07:17",37.15,-0.2,600,1342400,"S"
"HAH","11:06:58",37.15,-0.2,900,1341800,"S"
"HAH","11:06:51",37.15,-0.2,1000,1340900,"S"
"HAH","11:06:50",37.1,-0.25,300,1339900,"B"
"HAH","11:06:34",37.15,-0.2,200,1339600,"B"
"HAH","11:06:33",37.2,-0.15,100,1339400,"S"
"HAH","11:06:25",37.15,-0.2,100,1339300,"S"
"HAH","11:06:22",37.15,-0.2,200,1339200,"S"
"HAH","11:06:09",37.15,-0.2,500,1339000,"S"
"HAH","11:05:58",37.15,-0.2,5000,1338500,"S"
"HAH","11:05:22",37.1,-0.25,500,1333500,"B"
"HAH","11:05:21",37.1,-0.25,1100,1333000,"S"
"HAH","11:04:51",37.1,-0.25,10000,1331900,"S"
"HAH","11:04:44",37.05,-0.3,500,1321900,"B"
"HAH","11:04:29",37.05,-0.3,1100,1321400,"S"
"HAH","11:04:28",37.05,-0.3,1000,1320300,"S"
"HAH","11:04:10",37.05,-0.3,500,1319300,"S"
"HAH","11:03:54",37.05,-0.3,300,1318800,"S"
"HAH","11:03:47",37,-0.35,100,1318500,"B"
"HAH","11:03:07",37,-0.35,600,1318400,"S"
"HAH","11:03:01",37,-0.35,500,1317800,"S"
"HAH","11:02:58",37,-0.35,300,1317300,"S"
"HAH","11:02:32",37,-0.35,200,1317000,"S"
"HAH","11:02:19",37,-0.35,44700,1316800,"S"
"HAH","11:02:19",36.95,-0.4,5300,1272100,"S"
"HAH","11:02:05",36.9,-0.45,100,1266800,"B"
"HAH","11:01:30",36.9,-0.45,3300,1266700,"S"
"HAH","11:01:27",36.9,-0.45,500,1263400,"S"
"HAH","11:01:26",36.9,-0.45,300,1262900,"S"
"HAH","11:01:23",36.9,-0.45,2000,1262600,"S"
"HAH","11:01:21",36.9,-0.45,100,1260600,"S"
"HAH","11:01:14",36.9,-0.45,500,1260500,"S"
"HAH","11:01:13",36.9,-0.45,1000,1260000,"S"
"HAH","11:01:12",36.9,-0.45,100,1259000,"S"
"HAH","11:01:11",36.9,-0.45,200,1258900,"S"
"HAH","11:01:09",36.9,-0.45,300,1258700,"S"
"HAH","11:01:04",36.9,-0.45,100,1258400,"S"
"HAH","11:00:56",36.9,-0.45,2500,1258300,"S"
"HAH","11:00:52",36.9,-0.45,100,1255800,"S"
"HAH","11:00:49",36.9,-0.45,1000,1255700,"S"
"HAH","11:00:38",36.9,-0.45,100,1254700,"S"
"HAH","10:59:58",36.9,-0.45,100,1254600,"S"
"HAH","10:59:55",36.9,-0.45,500,1254500,"S"
"HAH","10:59:23",36.9,-0.45,100,1254000,"S"
"HAH","10:59:14",36.9,-0.45,100,1253900,"S"
"HAH","10:59:04",36.9,-0.45,1200,1253800,"S"
"HAH","10:58:55",36.9,-0.45,200,1252100,"S"
"HAH","10:58:52",36.9,-0.45,1000,1251900,"S"
"HAH","10:58:41",36.9,-0.45,3000,1250900,"S"
"HAH","10:58:38",36.9,-0.45,500,1247900,"S"
"HAH","10:58:35",36.9,-0.45,1000,1247400,"S"
"HAH","10:58:29",36.9,-0.45,500,1246400,"S"
"HAH","10:58:24",36.9,-0.45,500,1245900,"S"
"HAH","10:58:22",36.9,-0.45,500,1245400,"S"
"HAH","10:58:10",36.9,-0.45,2000,1244900,"S"
"HAH","10:58:01",36.9,-0.45,2000,1242900,"S"
"HAH","10:57:48",36.9,-0.45,100,1240900,"S"
"HAH","10:57:42",36.9,-0.45,200,1240800,"S"
"HAH","10:57:38",36.9,-0.45,100,1240600,"S"
"HAH","10:57:25",36.9,-0.45,1000,1240500,"S"
"HAH","10:57:01",36.9,-0.45,200,1239500,"S"
"HAH","10:56:45",36.9,-0.45,200,1239300,"S"
"HAH","10:56:44",36.85,-0.5,1000,1239100,"B"
"HAH","10:56:38",36.9,-0.45,100,1238100,"S"
"HAH","10:56:19",36.9,-0.45,100,1238000,"S"
"HAH","10:56:12",36.9,-0.45,1000,1237900,"S"
"HAH","10:56:07",36.9,-0.45,200,1236900,"S"
"HAH","10:56:05",36.9,-0.45,100,1236700,"S"
"HAH","10:55:56",36.9,-0.45,500,1236600,"S"
"HAH","10:55:21",36.9,-0.45,500,1236100,"S"
"HAH","10:54:38",36.9,-0.45,400,1235600,"B"
"HAH","10:54:36",36.9,-0.45,900,1235200,"S"
"HAH","10:54:34",36.9,-0.45,2100,1234300,"B"
"HAH","10:54:32",36.9,-0.45,3200,1232200,"B"
"HAH","10:53:39",36.9,-0.45,1400,1229000,"B"
"HAH","10:53:39",36.9,-0.45,1000,1227600,"B"
"HAH","10:53:24",36.9,-0.45,1000,1226600,"B"
"HAH","10:53:16",36.9,-0.45,2000,1225600,"B"
"HAH","10:53:11",36.95,-0.4,500,1223600,"S"
"HAH","10:53:08",36.9,-0.45,500,1223100,"B"
"HAH","10:52:57",36.95,-0.4,100,1222600,"S"
"HAH","10:52:48",36.9,-0.45,200,1222500,"B"
"HAH","10:52:47",36.95,-0.4,500,1222300,"S"
"HAH","10:52:31",36.9,-0.45,1700,1221800,"B"
"HAH","10:52:01",36.9,-0.45,200,1220100,"B"
"HAH","10:51:36",36.9,-0.45,400,1219900,"S"
"HAH","10:51:31",36.9,-0.45,2000,1219500,"S"
"HAH","10:51:16",36.9,-0.45,500,1217500,"S"
"HAH","10:51:15",36.9,-0.45,100,1217000,"S"
"HAH","10:50:57",36.9,-0.45,100,1216900,"S"
"HAH","10:50:54",36.9,-0.45,500,1216800,"S"
"HAH","10:50:52",36.9,-0.45,2000,1216300,"B"
"HAH","10:50:52",36.9,-0.45,1400,1214300,"B"
"HAH","10:50:37",36.9,-0.45,100,1212900,"B"
"HAH","10:50:35",36.9,-0.45,1000,1212800,"B"
"HAH","10:50:19",36.9,-0.45,200,1211800,"B"
"HAH","10:50:13",36.9,-0.45,400,1211600,"S"
"HAH","10:50:11",36.9,-0.45,1600,1211200,"B"
"HAH","10:50:07",36.9,-0.45,2000,1209600,"B"
"HAH","10:50:01",36.95,-0.4,300,1207600,"S"
"HAH","10:49:39",36.9,-0.45,10000,1207300,"B"
"HAH","10:49:38",36.95,-0.4,100,1197300,"S"
"HAH","10:49:35",36.9,-0.45,1000,1197200,"B"
"HAH","10:49:16",36.9,-0.45,8900,1196200,"B"
"HAH","10:49:16",36.95,-0.4,1100,1187300,"B"
"HAH","10:49:09",36.95,-0.4,500,1186200,"B"
"HAH","10:49:06",36.95,-0.4,200,1185700,"B"
"HAH","10:49:01",36.95,-0.4,100,1185500,"B"
"HAH","10:48:55",36.95,-0.4,1200,1185400,"S"
"HAH","10:48:48",36.95,-0.4,300,1184200,"S"
"HAH","10:48:44",36.95,-0.4,2000,1183900,"S"
"HAH","10:48:36",36.95,-0.4,100,1181900,"S"
"HAH","10:48:24",36.9,-0.45,500,1181800,"B"
"HAH","10:48:19",36.95,-0.4,100,1181300,"S"
"HAH","10:48:15",36.9,-0.45,2000,1181200,"B"
"HAH","10:48:05",36.9,-0.45,2000,1179200,"B"
"HAH","10:47:55",36.9,-0.45,1000,1177200,"B"
"HAH","10:47:44",36.95,-0.4,200,1176200,"S"
"HAH","10:47:38",36.95,-0.4,500,1176000,"S"
"HAH","10:47:29",36.95,-0.4,1300,1175500,"S"
"HAH","10:47:21",36.9,-0.45,1000,1174200,"B"
"HAH","10:47:12",36.9,-0.45,700,1173200,"B"
"HAH","10:47:06",36.95,-0.4,500,1172500,"S"
"HAH","10:46:48",36.95,-0.4,400,1172000,"B"
"HAH","10:46:44",36.95,-0.4,900,1171600,"S"
"HAH","10:46:43",36.95,-0.4,700,1170700,"S"
"HAH","10:46:12",37,-0.35,300,1170000,"S"
"HAH","10:45:27",36.9,-0.45,500,1169700,"B"
"HAH","10:45:26",36.9,-0.45,4500,1169200,"B"
"HAH","10:45:20",37,-0.35,1800,1164700,"S"
"HAH","10:45:20",36.95,-0.4,200,1162900,"S"
"HAH","10:45:02",36.9,-0.45,1700,1162700,"B"
"HAH","10:45:01",36.9,-0.45,1400,1161000,"B"
"HAH","10:45:01",36.95,-0.4,400,1159600,"B"
"HAH","10:44:52",36.95,-0.4,100,1159200,"B"
"HAH","10:44:15",37,-0.35,2000,1159100,"S"
"HAH","10:43:40",37,-0.35,300,1157100,"S"
"HAH","10:43:24",37,-0.35,100,1156800,"S"
"HAH","10:43:22",37,-0.35,500,1156700,"S"
"HAH","10:43:05",37,-0.35,2300,1156200,"S"
"HAH","10:43:05",36.95,-0.4,900,1153900,"S"
"HAH","10:42:57",36.95,-0.4,100,1153000,"S"
"HAH","10:42:55",36.9,-0.45,1900,1152900,"S"
"HAH","10:42:52",36.9,-0.45,500,1151000,"S"
"HAH","10:42:38",36.9,-0.45,12400,1150500,"B"
"HAH","10:42:16",37,-0.35,700,1138100,"S"
"HAH","10:42:14",36.9,-0.45,200,1137400,"B"
"HAH","10:41:34",36.9,-0.45,100,1137200,"B"
"HAH","10:41:33",36.9,-0.45,500,1137100,"B"
"HAH","10:41:26",36.9,-0.45,1000,1136600,"B"
"HAH","10:41:17",36.9,-0.45,200,1135600,"B"
"HAH","10:40:50",37,-0.35,2000,1135400,"S"
"HAH","10:40:42",36.9,-0.45,200,1133400,"B"
"HAH","10:40:41",36.8,-0.55,30400,1133200,"B"
"HAH","10:40:41",36.85,-0.5,19000,1102800,"B"
"HAH","10:40:41",36.9,-0.45,600,1083800,"B"
"HAH","10:40:37",36.9,-0.45,4400,1083200,"S"
"HAH","10:40:27",36.9,-0.45,100,1078800,"S"
"HAH","10:40:17",36.9,-0.45,7500,1078700,"S"
"HAH","10:40:03",36.9,-0.45,200,1071200,"S"
"HAH","10:39:56",36.85,-0.5,500,1071000,"B"
"HAH","10:39:54",36.9,-0.45,2000,1070300,"S"
"HAH","10:39:52",36.85,-0.5,5000,1068300,"B"
"HAH","10:39:52",36.9,-0.45,600,1063300,"S"
"HAH","10:39:48",36.9,-0.45,400,1062700,"S"
"HAH","10:39:33",36.9,-0.45,100,1062300,"B"
"HAH","10:39:31",36.9,-0.45,400,1062200,"S"
"HAH","10:39:29",36.9,-0.45,2600,1061800,"B"
"HAH","10:39:28",36.9,-0.45,300,1059200,"B"
"HAH","10:38:55",36.9,-0.45,15000,1058900,"B"
"HAH","10:38:54",36.95,-0.4,500,1043900,"S"
"HAH","10:38:46",36.95,-0.4,500,1043400,"B"
"HAH","10:38:45",36.9,-0.45,1000,1042900,"B"
"HAH","10:38:44",36.9,-0.45,1600,1041900,"B"
"HAH","10:38:44",36.95,-0.4,3900,1040300,"B"
"HAH","10:38:33",37.05,-0.3,200,1036400,"S"
"HAH","10:38:29",36.95,-0.4,1100,1036200,"B"
"HAH","10:38:26",37,-0.35,5000,1033200,"B"
"HAH","10:38:22",37,-0.35,7000,1028200,"B"
"HAH","10:38:21",37,-0.35,3000,1021200,"B"
"HAH","10:38:19",37,-0.35,80000,1018200,"B"
"HAH","10:38:12",37,-0.35,5000,938200,"B"
"HAH","10:38:01",37,-0.35,21600,933200,"B"
"HAH","10:38:00",37,-0.35,1400,911600,"B"
"HAH","10:37:55",37,-0.35,33000,910200,"B"
"HAH","10:37:52",37,-0.35,8800,877200,"B"
"HAH","10:37:52",37.05,-0.3,2000,868400,"B"
"HAH","10:37:45",37,-0.35,23100,866400,"B"
"HAH","10:37:45",37.05,-0.3,11900,843300,"B"
"HAH","10:37:35",37.05,-0.3,1000,831400,"B"
"HAH","10:37:35",37.05,-0.3,200,830400,"B"
"HAH","10:37:34",37.05,-0.3,9000,830200,"B"
"HAH","10:37:19",37.05,-0.3,200,821200,"B"
"HAH","10:36:34",37.05,-0.3,700,821000,"B"
"HAH","10:36:32",37.1,-0.25,1700,820000,"S"
"HAH","10:36:18",37.05,-0.3,200,818300,"B"
"HAH","10:36:12",37.1,-0.25,100,818100,"S"
"HAH","10:35:55",37.1,-0.25,500,818000,"S"
"HAH","10:35:44",37.1,-0.25,200,817500,"S"
"HAH","10:35:37",37.05,-0.3,6000,817300,"B"
"HAH","10:35:26",37.05,-0.3,5000,811300,"B"
"HAH","10:35:13",37.05,-0.3,56400,806300,"B"
"HAH","10:35:10",37.1,-0.25,500,749900,"S"
"HAH","10:34:42",37.1,-0.25,500,749400,"S"
"HAH","10:34:33",37.1,-0.25,100,748900,"S"
"HAH","10:34:27",37.1,-0.25,100,748800,"S"
"HAH","10:34:22",37.1,-0.25,100,748700,"S"
"HAH","10:34:17",37.1,-0.25,1000,748600,"S"
"HAH","10:33:59",37.1,-0.25,1000,747600,"S"
"HAH","10:33:46",37.1,-0.25,200,746600,"S"
"HAH","10:33:45",37.1,-0.25,1000,746400,"S"
"HAH","10:33:43",37.1,-0.25,25800,745400,"B"
"HAH","10:33:26",37.1,-0.25,200,719600,"B"
"HAH","10:33:17",37.15,-0.2,100,719400,"S"
"HAH","10:33:09",37.15,-0.2,100,719300,"S"
"HAH","10:32:54",37.15,-0.2,1000,719200,"S"
"HAH","10:32:22",37.15,-0.2,1000,718200,"S"
"HAH","10:32:17",37.15,-0.2,1000,717200,"S"
"HAH","10:32:11",37.15,-0.2,3800,716200,"B"
"HAH","10:31:54",37.15,-0.2,8000,712400,"B"
"HAH","10:31:49",37.15,-0.2,200,704400,"B"
"HAH","10:30:45",37.15,-0.2,2000,704200,"B"
"HAH","10:30:39",37.15,-0.2,700,702200,"S"
"HAH","10:30:27",37.1,-0.25,100,701500,"B"
"HAH","10:30:23",37.15,-0.2,300,701400,"B"
"HAH","10:30:13",37.15,-0.2,200,701100,"S"
"HAH","10:30:11",37.15,-0.2,200,700900,"S"
"HAH","10:30:07",37.1,-0.25,1000,700700,"B"
"HAH","10:30:00",37.15,-0.2,300,699700,"S"
"HAH","10:29:55",37.15,-0.2,200,699400,"S"
"HAH","10:29:52",37.15,-0.2,300,699200,"S"
"HAH","10:29:51",37.1,-0.25,1000,698900,"B"
"HAH","10:29:49",37.15,-0.2,100,697900,"S"
"HAH","10:29:47",37.15,-0.2,3000,697800,"S"
"HAH","10:29:45",37.15,-0.2,500,694800,"S"
"HAH","10:29:41",37.15,-0.2,1000,694300,"S"
"HAH","10:29:30",37.15,-0.2,1000,693300,"S"
"HAH","10:29:26",37.1,-0.25,1200,692300,"B"
"HAH","10:29:20",37.15,-0.2,100,691100,"S"
"HAH","10:29:17",37.1,-0.25,2000,691000,"B"
"HAH","10:28:41",37.1,-0.25,500,689000,"S"
"HAH","10:28:35",37.1,-0.25,2500,688500,"B"
"HAH","10:28:10",37.1,-0.25,700,681000,"B"
"HAH","10:28:00",37.1,-0.25,1000,680300,"B"
"HAH","10:27:57",37.1,-0.25,700,679300,"S"
"HAH","10:27:50",37.1,-0.25,2000,678600,"S"
"HAH","10:27:47",37.1,-0.25,300,676600,"S"
"HAH","10:27:44",37.1,-0.25,500,676300,"S"
"HAH","10:27:29",37.1,-0.25,2000,675800,"S"
"HAH","10:27:27",37.1,-0.25,1600,673800,"S"
"HAH","10:27:26",37.1,-0.25,300,672200,"S"
"HAH","10:27:22",37.1,-0.25,100,671900,"S"
"HAH","10:27:21",37.1,-0.25,100,671800,"S"
"HAH","10:27:20",37.1,-0.25,500,671700,"S"
"HAH","10:27:15",37.1,-0.25,1000,671200,"S"
"HAH","10:27:04",37.1,-0.25,5700,670200,"B"
"HAH","10:26:52",37.1,-0.25,8700,664500,"B"
"HAH","10:26:51",37.1,-0.25,1300,655800,"B"
"HAH","10:26:13",37.15,-0.2,100,654500,"S"
"HAH","10:26:04",37.15,-0.2,100,654400,"S"
"HAH","10:25:47",37.2,-0.15,300,654300,"S"
"HAH","10:25:47",37.15,-0.2,200,654000,"S"
"HAH","10:25:46",37.15,-0.2,500,653800,"B"
"HAH","10:25:36",37.1,-0.25,9500,653300,"B"
"HAH","10:25:36",37.15,-0.2,5500,643800,"B"
"HAH","10:25:27",37.15,-0.2,500,638300,"B"
"HAH","10:24:57",37.15,-0.2,15000,637800,"B"
"HAH","10:24:48",37.15,-0.2,900,622800,"B"
"HAH","10:24:39",37.15,-0.2,500,621900,"B"
"HAH","10:24:38",37.15,-0.2,1000,621400,"B"
"HAH","10:24:14",37.15,-0.2,1900,619400,"S"
"HAH","10:24:13",37.15,-0.2,1000,617500,"S"
"HAH","10:24:07",37.15,-0.2,100,616500,"S"
"HAH","10:24:03",37.15,-0.2,900,616400,"S"
"HAH","10:24:03",37.15,-0.2,4100,615500,"S"
"HAH","10:23:54",37.15,-0.2,1000,611400,"S"
"HAH","10:23:44",37.15,-0.2,1000,610400,"S"
"HAH","10:23:36",37.15,-0.2,600,609400,"S"
"HAH","10:23:34",37.15,-0.2,200,608800,"S"
"HAH","10:23:22",37.15,-0.2,1000,608600,"S"
"HAH","10:23:20",37.15,-0.2,100,607600,"S"
"HAH","10:23:13",37.15,-0.2,1000,607500,"S"
"HAH","10:22:59",37.15,-0.2,200,606500,"S"
"HAH","10:22:50",37.15,-0.2,100,606300,"S"
"HAH","10:22:27",37.15,-0.2,700,606200,"B"
"HAH","10:22:21",37.15,-0.2,1800,605500,"B"
"HAH","10:21:56",37.15,-0.2,1000,603700,"B"
"HAH","10:21:34",37.15,-0.2,100,602700,"B"
"HAH","10:21:23",37.2,-0.15,800,602600,"S"
"HAH","10:20:41",37.15,-0.2,100,601800,"B"
"HAH","10:20:33",37.15,-0.2,400,601700,"B"
"HAH","10:19:47",37.1,-0.25,200,601300,"B"
"HAH","10:19:47",37.15,-0.2,100,601100,"B"
"HAH","10:19:46",37.15,-0.2,100,601000,"S"
"HAH","10:19:27",37.1,-0.25,1000,600900,"B"
"HAH","10:19:11",37.1,-0.25,100,599900,"B"
"HAH","10:18:45",37.1,-0.25,500,599800,"B"
"HAH","10:18:44",37.1,-0.25,6000,599300,"B"
"HAH","10:18:34",37.1,-0.25,1000,593300,"B"
"HAH","10:18:04",37.1,-0.25,5000,592300,"B"
"HAH","10:17:56",37.1,-0.25,2500,587300,"B"
"HAH","10:17:49",37.1,-0.25,6000,584800,"B"
"HAH","10:17:28",37.1,-0.25,6400,578800,"B"
"HAH","10:17:27",37.1,-0.25,10600,572400,"B"
"HAH","10:17:27",37.15,-0.2,11300,561800,"B"
"HAH","10:17:27",37.2,-0.15,10700,550500,"B"
"HAH","10:17:23",37.2,-0.15,6000,539800,"B"
"HAH","10:16:59",37.2,-0.15,200,533800,"B"
"HAH","10:16:46",37.2,-0.15,3000,533600,"B"
"HAH","10:16:38",37.2,-0.15,100,530600,"B"
"HAH","10:16:33",37.2,-0.15,3000,530500,"B"
"HAH","10:16:23",37.2,-0.15,500,527500,"B"
"HAH","10:16:14",37.2,-0.15,900,527000,"B"
"HAH","10:15:53",37.2,-0.15,200,526100,"B"
"HAH","10:15:51",37.2,-0.15,10600,525900,"B"
"HAH","10:15:43",37.2,-0.15,900,515300,"B"
"HAH","10:15:08",37.2,-0.15,3000,514400,"B"
"HAH","10:14:38",37.25,-0.1,600,511400,"B"
"HAH","10:14:32",37.25,-0.1,100,510800,"B"
"HAH","10:14:32",37.25,-0.1,1600,510700,"B"
"HAH","10:14:30",37.25,-0.1,100,509100,"B"
"HAH","10:14:29",37.25,-0.1,200,509000,"B"
"HAH","10:14:08",37.25,-0.1,100,508800,"S"
"HAH","10:14:06",37.2,-0.15,300,508700,"B"
"HAH","10:14:02",37.25,-0.1,1000,508400,"S"
"HAH","10:13:49",37.2,-0.15,100,507400,"B"
"HAH","10:13:33",37.2,-0.15,300,507300,"B"
"HAH","10:13:15",37.25,-0.1,1000,507000,"S"
"HAH","10:13:00",37.2,-0.15,100,506000,"B"
"HAH","10:12:15",37.2,-0.15,300,505200,"B"
"HAH","10:12:03",37.25,-0.1,1000,504900,"S"
"HAH","10:12:02",37.25,-0.1,600,503900,"S"
"HAH","10:11:43",37.25,-0.1,1000,503300,"S"
"HAH","10:11:22",37.25,-0.1,8900,502300,"B"
"HAH","10:10:47",37.25,-0.1,100,493400,"B"
"HAH","10:10:32",37.25,-0.1,5100,493300,"B"
"HAH","10:10:21",37.25,-0.1,2200,488200,"B"
"HAH","10:10:20",37.25,-0.1,600,486000,"B"
"HAH","10:10:15",37.25,-0.1,300,485400,"B"
"HAH","10:09:57",37.25,-0.1,200,485100,"B"
"HAH","10:09:55",37.25,-0.1,500,484900,"B"
"HAH","10:09:38",37.3,-0.05,300,484400,"S"
"HAH","10:08:35",37.3,-0.05,1000,484100,"S"
"HAH","10:08:20",37.3,-0.05,200,483100,"S"
"HAH","10:07:38",37.3,-0.05,1000,482900,"S"
"HAH","10:07:05",37.3,-0.05,700,481900,"S"
"HAH","10:07:04",37.25,-0.1,1500,481200,"B"
"HAH","10:06:57",37.25,-0.1,1000,479700,"B"
"HAH","10:06:50",37.25,-0.1,1000,478700,"B"
"HAH","10:06:15",37.25,-0.1,300,477700,"B"
"HAH","10:04:46",37.3,-0.05,2600,477400,"S"
"HAH","10:04:39",37.3,-0.05,1000,474800,"S"
"HAH","10:04:35",37.3,-0.05,100,473800,"S"
"HAH","10:04:25",37.3,-0.05,100,473700,"S"
"HAH","10:04:21",37.3,-0.05,100,473600,"S"
"HAH","10:03:56",37.3,-0.05,500,473500,"S"
"HAH","10:03:27",37.3,-0.05,3100,473000,"B"
"HAH","10:03:25",37.35,0,200,469900,"S"
"HAH","10:03:03",37.35,0,2000,469700,"S"
"HAH","10:03:03",37.3,-0.05,400,467700,"B"
"HAH","10:02:39",37.35,0,500,467300,"S"
"HAH","10:02:13",37.35,0,100,466800,"S"
"HAH","10:02:01",37.35,0,1500,466700,"S"
"HAH","10:01:56",37.3,-0.05,700,465200,"S"
"HAH","10:01:38",37.35,0,200,464500,"S"
"HAH","10:01:37",37.25,-0.1,6300,464300,"B"
"HAH","10:01:27",37.3,-0.05,2700,458000,"B"
"HAH","10:01:18",37.3,-0.05,1000,455300,"B"
"HAH","10:00:53",37.3,-0.05,100,454300,"B"
"HAH","10:00:49",37.3,-0.05,500,454200,"B"
"HAH","10:00:41",37.3,-0.05,300,453700,"S"
"HAH","10:00:36",37.3,-0.05,100,453400,"S"
"HAH","10:00:27",37.3,-0.05,100,453300,"B"
"HAH","10:00:17",37.3,-0.05,1500,453200,"B"
"HAH","10:00:13",37.35,0,500,451700,"S"
"HAH","09:59:44",37.35,0,100,451200,"S"
"HAH","09:59:26",37.35,0,200,451100,"S"
"HAH","09:59:19",37.35,0,100,450900,"S"
"HAH","09:59:17",37.35,0,100,450800,"S"
"HAH","09:59:13",37.35,0,100,450700,"S"
"HAH","09:58:47",37.3,-0.05,300,450600,"S"
"HAH","09:58:43",37.3,-0.05,100,450300,"S"
"HAH","09:58:35",37.3,-0.05,1800,450200,"S"
"HAH","09:58:30",37.3,-0.05,200,448400,"S"
"HAH","09:58:14",37.3,-0.05,100,448200,"S"
"HAH","09:58:12",37.3,-0.05,800,448100,"S"
"HAH","09:58:08",37.3,-0.05,100,447300,"S"
"HAH","09:58:06",37.25,-0.1,1000,447200,"B"
"HAH","09:58:00",37.3,-0.05,1400,446200,"S"
"HAH","09:57:23",37.25,-0.1,1000,444800,"B"
"HAH","09:57:17",37.3,-0.05,1900,443800,"S"
"HAH","09:57:07",37.25,-0.1,700,441900,"B"
"HAH","09:56:55",37.25,-0.1,9600,441200,"S"
"HAH","09:56:55",37.25,-0.1,5000,431600,"S"
"HAH","09:56:50",37.25,-0.1,5000,426600,"S"
"HAH","09:56:43",37.25,-0.1,200,421600,"S"
"HAH","09:56:42",37.25,-0.1,4500,421400,"S"
"HAH","09:56:40",37.25,-0.1,1300,416900,"S"
"HAH","09:56:40",37.25,-0.1,500,415600,"S"
"HAH","09:56:37",37.25,-0.1,10000,415100,"S"
"HAH","09:56:25",37.25,-0.1,5000,405100,"S"
"HAH","09:55:47",37.25,-0.1,500,400100,"S"
"HAH","09:55:36",37.25,-0.1,1000,399600,"S"
"HAH","09:55:31",37.25,-0.1,5000,398600,"S"
"HAH","09:55:24",37.25,-0.1,12500,393600,"S"
"HAH","09:55:03",37.25,-0.1,500,381100,"S"
"HAH","09:54:58",37.25,-0.1,100,380600,"S"
"HAH","09:54:51",37.2,-0.15,900,380500,"B"
"HAH","09:54:47",37.25,-0.1,100,379600,"S"
"HAH","09:54:44",37.25,-0.1,1000,379500,"S"
"HAH","09:53:58",37.2,-0.15,2000,378500,"B"
"HAH","09:53:44",37.2,-0.15,10000,376500,"B"
"HAH","09:53:18",37.2,-0.15,2400,366500,"B"
"HAH","09:53:17",37.2,-0.15,2600,364100,"B"
"HAH","09:52:44",37.2,-0.15,500,361500,"B"
"HAH","09:51:56",37.2,-0.15,500,361000,"B"
"HAH","09:51:20",37.2,-0.15,100,360500,"B"
"HAH","09:50:58",37.2,-0.15,1000,360400,"B"
"HAH","09:50:40",37.2,-0.15,100,359400,"S"
"HAH","09:50:36",37.2,-0.15,400,359300,"B"
"HAH","09:50:29",37.2,-0.15,4700,358900,"S"
"HAH","09:50:27",37.2,-0.15,100,354200,"S"
"HAH","09:50:15",37.2,-0.15,1100,354100,"S"
"HAH","09:50:11",37.2,-0.15,3000,353000,"S"
"HAH","09:50:00",37.2,-0.15,1900,350000,"B"
"HAH","09:49:59",37.2,-0.15,3100,348100,"S"
"HAH","09:49:56",37.2,-0.15,100,345000,"S"
"HAH","09:49:53",37.2,-0.15,800,344900,"B"
"HAH","09:49:51",37.2,-0.15,100,344100,"S"
"HAH","09:49:50",37.2,-0.15,200,344000,"B"
"HAH","09:49:43",37.2,-0.15,100,343800,"S"
"HAH","09:49:32",37.2,-0.15,100,343700,"S"
"HAH","09:49:05",37.15,-0.2,1000,343600,"B"
"HAH","09:49:04",37.2,-0.15,100,342600,"B"
"HAH","09:48:58",37.2,-0.15,900,342500,"S"
"HAH","09:48:56",37.2,-0.15,100,341600,"B"
"HAH","09:48:53",37.2,-0.15,1900,341500,"S"
"HAH","09:48:32",37.2,-0.15,200,339600,"S"
"HAH","09:48:26",37.15,-0.2,500,339400,"B"
"HAH","09:47:53",37.15,-0.2,5000,338900,"B"
"HAH","09:47:50",37.2,-0.15,1100,333900,"S"
"HAH","09:47:45",37.2,-0.15,9900,332800,"B"
"HAH","09:47:41",37.2,-0.15,2000,322900,"B"
"HAH","09:47:04",37.2,-0.15,400,320900,"B"
"HAH","09:46:58",37.2,-0.15,100,320500,"B"
"HAH","09:46:57",37.2,-0.15,2000,320400,"B"
"HAH","09:46:55",37.2,-0.15,1000,318400,"B"
"HAH","09:46:48",37.2,-0.15,2000,317400,"B"
"HAH","09:46:41",37.2,-0.15,1000,315400,"B"
"HAH","09:46:26",37.2,-0.15,400,314400,"B"
"HAH","09:46:25",37.2,-0.15,1300,314000,"B"
"HAH","09:45:58",37.2,-0.15,1000,312700,"B"
"HAH","09:45:55",37.2,-0.15,300,311700,"B"
"HAH","09:45:36",37.2,-0.15,100,311400,"B"
"HAH","09:45:22",37.2,-0.15,1400,311300,"B"
"HAH","09:45:13",37.2,-0.15,1000,309900,"B"
"HAH","09:45:10",37.2,-0.15,100,308900,"B"
"HAH","09:44:46",37.2,-0.15,1600,308800,"B"
"HAH","09:44:43",37.25,-0.1,200,307200,"S"
"HAH","09:44:37",37.25,-0.1,100,307000,"S"
"HAH","09:44:36",37.2,-0.15,100,306900,"B"
"HAH","09:44:31",37.2,-0.15,500,306800,"B"
"HAH","09:44:24",37.2,-0.15,700,306300,"B"
"HAH","09:44:20",37.2,-0.15,1000,305600,"B"
"HAH","09:44:17",37.2,-0.15,100,304600,"B"
"HAH","09:44:10",37.2,-0.15,10800,304500,"S"
"HAH","09:43:51",37.15,-0.2,100,293700,"B"
"HAH","09:43:44",37.2,-0.15,5000,293600,"S"
"HAH","09:43:38",37.2,-0.15,400,288600,"S"
"HAH","09:43:12",37.15,-0.2,500,288200,"B"
"HAH","09:43:10",37.2,-0.15,1000,287700,"S"
"HAH","09:42:59",37.2,-0.15,100,286700,"S"
"HAH","09:42:53",37.15,-0.2,1200,286600,"B"
"HAH","09:42:50",37.2,-0.15,300,285400,"S"
"HAH","09:42:28",37.2,-0.15,4200,285100,"B"
"HAH","09:42:26",37.2,-0.15,200,280900,"B"
"HAH","09:42:20",37.2,-0.15,100,280700,"B"
"HAH","09:42:17",37.2,-0.15,300,280600,"B"
"HAH","09:42:12",37.2,-0.15,300,280300,"B"
"HAH","09:41:54",37.2,-0.15,2000,280000,"B"
"HAH","09:41:46",37.2,-0.15,100,278000,"B"
"HAH","09:41:33",37.2,-0.15,100,277900,"B"
"HAH","09:41:32",37.2,-0.15,1000,277800,"B"
"HAH","09:41:29",37.2,-0.15,500,276800,"B"
"HAH","09:41:22",37.2,-0.15,1000,276300,"B"
"HAH","09:41:05",37.2,-0.15,200,275300,"B"
"HAH","09:40:46",37.2,-0.15,5000,275100,"B"
"HAH","09:40:37",37.2,-0.15,5000,270100,"B"
"HAH","09:40:19",37.2,-0.15,1500,265100,"B"
"HAH","09:39:59",37.2,-0.15,300,263600,"B"
"HAH","09:39:53",37.25,-0.1,3400,263300,"B"
"HAH","09:39:32",37.25,-0.1,100,259900,"B"
"HAH","09:39:12",37.25,-0.1,200,259800,"B"
"HAH","09:39:04",37.25,-0.1,1500,259600,"B"
"HAH","09:39:02",37.25,-0.1,4200,258100,"S"
"HAH","09:38:59",37.25,-0.1,500,253900,"S"
"HAH","09:38:56",37.25,-0.1,300,253400,"B"
"HAH","09:38:39",37.25,-0.1,1000,253100,"B"
"HAH","09:38:34",37.25,-0.1,5600,252100,"B"
"HAH","09:38:03",37.25,-0.1,2000,246500,"B"
"HAH","09:37:46",37.25,-0.1,100,244500,"B"
"HAH","09:37:32",37.25,-0.1,500,244400,"B"
"HAH","09:37:29",37.25,-0.1,600,243900,"B"
"HAH","09:37:26",37.25,-0.1,1000,243300,"B"
"HAH","09:37:15",37.25,-0.1,100,242300,"B"
"HAH","09:37:07",37.25,-0.1,1500,242200,"B"
"HAH","09:37:02",37.25,-0.1,500,240700,"B"
"HAH","09:36:53",37.3,-0.05,100,240200,"S"
"HAH","09:36:50",37.25,-0.1,100,240100,"B"
"HAH","09:36:39",37.25,-0.1,300,240000,"B"
"HAH","09:36:27",37.25,-0.1,200,239700,"B"
"HAH","09:36:19",37.25,-0.1,100,239500,"B"
"HAH","09:36:17",37.25,-0.1,200,239400,"B"
"HAH","09:36:15",37.25,-0.1,100,239200,"B"
"HAH","09:36:02",37.25,-0.1,300,239100,"B"
"HAH","09:35:45",37.3,-0.05,200,238800,"S"
"HAH","09:35:45",37.25,-0.1,800,238600,"S"
"HAH","09:35:44",37.25,-0.1,4200,237800,"B"
"HAH","09:35:38",37.3,-0.05,10000,233600,"S"
"HAH","09:35:27",37.3,-0.05,1500,223600,"S"
"HAH","09:35:05",37.3,-0.05,12200,222100,"B"
"HAH","09:34:58",37.3,-0.05,200,209900,"B"
"HAH","09:34:47",37.3,-0.05,1000,209700,"B"
"HAH","09:34:00",37.3,-0.05,1000,208700,"B"
"HAH","09:33:14",37.35,0,200,207700,"S"
"HAH","09:32:47",37.35,0,900,207500,"S"
"HAH","09:32:20",37.3,-0.05,1000,206600,"B"
"HAH","09:32:10",37.35,0,200,205600,"S"
"HAH","09:32:03",37.35,0,6700,205400,"B"
"HAH","09:31:39",37.35,0,1000,198700,"B"
"HAH","09:31:37",37.35,0,200,197700,"B"
"HAH","09:31:37",37.35,0,12600,197500,"S"
"HAH","09:31:37",37.3,-0.05,500,184900,"B"
"HAH","09:31:32",37.3,-0.05,1000,184400,"B"
"HAH","09:31:21",37.3,-0.05,300,183400,"B"
"HAH","09:31:15",37.3,-0.05,5000,183100,"B"
"HAH","09:31:11",37.35,0,300,178100,"S"
"HAH","09:31:08",37.3,-0.05,100,177800,"B"
"HAH","09:31:07",37.3,-0.05,1700,177700,"B"
"HAH","09:30:57",37.35,0,2000,176000,"S"
"HAH","09:30:50",37.35,0,100,174000,"S"
"HAH","09:30:41",37.35,0,200,173900,"S"
"HAH","09:30:15",37.35,0,200,173700,"S"
"HAH","09:30:14",37.35,0,300,173500,"S"
"HAH","09:29:54",37.35,0,300,173200,"S"
"HAH","09:29:49",37.35,0,2100,172900,"B"
"HAH","09:29:48",37.35,0,300,170800,"B"
"HAH","09:29:47",37.35,0,100,170500,"B"
"HAH","09:29:13",37.35,0,100,170400,"S"
"HAH","09:29:03",37.35,0,300,170300,"S"
"HAH","09:28:57",37.35,0,100,170000,"S"
"HAH","09:28:41",37.35,0,1000,169900,"S"
"HAH","09:28:22",37.35,0,8500,168900,"B"
"HAH","09:28:21",37.35,0,200,160400,"B"
"HAH","09:28:19",37.35,0,500,160200,"B"
"HAH","09:27:45",37.35,0,1100,159700,"B"
"HAH","09:27:32",37.35,0,300,158600,"B"
"HAH","09:27:05",37.35,0,300,157300,"B"
"HAH","09:26:58",37.4,0.05,100,157000,"S"
"HAH","09:26:58",37.4,0.05,200,156900,"S"
"HAH","09:26:30",37.35,0,12500,156700,"S"
"HAH","09:26:14",37.35,0,200,144200,"S"
"HAH","09:26:10",37.35,0,4200,144000,"S"
"HAH","09:25:58",37.35,0,100,139800,"S"
"HAH","09:25:54",37.35,0,300,139700,"S"
"HAH","09:25:46",37.3,-0.05,100,139400,"S"
"HAH","09:25:40",37.3,-0.05,100,139300,"S"
"HAH","09:25:23",37.25,-0.1,200,139200,"S"
"HAH","09:25:22",37.25,-0.1,500,139000,"S"
"HAH","09:25:20",37.25,-0.1,300,138500,"S"
"HAH","09:25:18",37.25,-0.1,200,138200,"S"
"HAH","09:25:16",37.25,-0.1,100,138000,"S"
"HAH","09:25:15",37.25,-0.1,500,137900,"S"
"HAH","09:25:12",37.25,-0.1,500,137400,"S"
"HAH","09:25:12",37.25,-0.1,500,136900,"S"
"HAH","09:25:07",37.25,-0.1,1500,136400,"S"
"HAH","09:25:07",37.25,-0.1,500,134900,"S"
"HAH","09:24:58",37.25,-0.1,200,134400,"S"
"HAH","09:24:58",37.25,-0.1,100,134200,"S"
"HAH","09:24:52",37.2,-0.15,5000,134100,"B"
"HAH","09:24:36",37.2,-0.15,11000,129100,"B"
"HAH","09:24:13",37.2,-0.15,4500,118100,"B"
"HAH","09:23:37",37.2,-0.15,100,113600,"B"
"HAH","09:23:33",37.2,-0.15,400,113500,"B"
"HAH","09:23:31",37.2,-0.15,2000,113100,"B"
"HAH","09:23:20",37.2,-0.15,200,111100,"B"
"HAH","09:23:17",37.2,-0.15,1000,110900,"B"
"HAH","09:23:16",37.2,-0.15,500,109900,"B"
"HAH","09:22:50",37.2,-0.15,100,109400,"B"
"HAH","09:22:50",37.25,-0.1,100,109300,"S"
"HAH","09:22:44",37.2,-0.15,4000,109200,"B"
"HAH","09:22:42",37.2,-0.15,200,105200,"B"
"HAH","09:22:29",37.2,-0.15,1000,105000,"S"
"HAH","09:22:15",37.2,-0.15,1000,104000,"S"
"HAH","09:22:11",37.15,-0.2,100,103000,"S"
"HAH","09:22:00",37.1,-0.25,10200,102900,"B"
"HAH","09:21:44",37.15,-0.2,100,82900,"B"
"HAH","09:21:36",37.2,-0.15,3400,82800,"S"
"HAH","09:21:33",37.2,-0.15,100,79400,"S"
"HAH","09:21:30",37.2,-0.15,1700,79300,"B"
"HAH","09:21:24",37.25,-0.1,5000,77600,"S"
"HAH","09:21:18",37.25,-0.1,1500,72600,"B"
"HAH","09:21:06",37.25,-0.1,500,71100,"S"
"HAH","09:20:58",37.25,-0.1,500,70600,"B"
"HAH","09:20:57",37.25,-0.1,300,70100,"B"
"HAH","09:20:50",37.25,-0.1,300,69800,"B"
"HAH","09:20:32",37.3,-0.05,300,69500,"B"
"HAH","09:20:29",37.3,-0.05,100,69200,"B"
"HAH","09:20:22",37.3,-0.05,100,69100,"B"
"HAH","09:20:19",37.3,-0.05,600,69000,"B"
"HAH","09:20:18",37.3,-0.05,100,68400,"B"
"HAH","09:20:12",37.3,-0.05,2000,68300,"B"
"HAH","09:20:07",37.3,-0.05,500,66300,"B"
"HAH","09:19:53",37.3,-0.05,100,65800,"B"
"HAH","09:19:42",37.3,-0.05,1000,65700,"B"
"HAH","09:19:24",37.35,0,100,64700,"S"
"HAH","09:19:22",37.35,0,2500,64600,"B"
"HAH","09:19:17",37.35,0,2000,62100,"B"
"HAH","09:19:03",37.35,0,100,60100,"B"
"HAH","09:19:02",37.35,0,10000,60000,"B"
"HAH","09:18:46",37.35,0,5000,50000,"B"
"HAH","09:18:39",37.35,0,1000,45000,"B"
"HAH","09:18:35",37.35,0,100,44000,"B"
"HAH","09:18:30",37.35,0,100,43900,"B"
"HAH","09:18:29",37.35,0,3000,43800,"B"
"HAH","09:18:16",37.35,0,2000,40800,"B"
"HAH","09:17:56",37.35,0,400,38800,"B"
"HAH","09:17:35",37.4,0.05,700,38400,"B"
"HAH","09:17:21",37.45,0.1,300,37700,"S"
"HAH","09:17:13",37.45,0.1,8900,37400,"B"
"HAH","09:16:47",37.45,0.1,100,28500,"B"
"HAH","09:16:42",37.5,0.15,300,28400,"S"
"HAH","09:16:24",37.45,0.1,1000,28100,"B"
"HAH","09:16:18",37.45,0.1,100,27100,"B"
"HAH","09:15:59",37.45,0.1,1000,27000,"S"
"HAH","09:15:52",37.5,0.15,6000,26000,"S"
"HAH","09:15:04",37.45,0.1,2000,16000,"S"
"HAH","09:15:03",37.4,0.05,300,14000,"B"
"HAH","09:15:01",37.4,0.05,13700,13700,
