"symbol","time","price","change","vol","total","side"
"PSH","14:45:01",10.95,0.7,1000,2888600,
"PSH","14:25:50",10.95,0.7,200,2887600,"B"
"PSH","14:21:46",10.95,0.7,500,2887400,"B"
"PSH","14:17:09",10.95,0.7,5000,2886900,"B"
"PSH","14:13:56",10.95,0.7,500,2881900,"B"
"PSH","14:13:53",10.95,0.7,1000,2881400,"B"
"PSH","14:13:15",10.95,0.7,800,2880400,"B"
"PSH","14:10:11",10.95,0.7,300,2879600,"B"
"PSH","14:09:23",10.95,0.7,100,2879300,"B"
"PSH","14:08:35",10.95,0.7,200,2879200,"B"
"PSH","14:06:57",10.95,0.7,1200,2879000,"B"
"PSH","14:06:32",10.95,0.7,500,2877800,"B"
"PSH","14:03:11",10.95,0.7,3000,2877300,"B"
"PSH","14:00:23",10.95,0.7,500,2874300,"B"
"PSH","13:55:43",10.95,0.7,500,2873800,"B"
"PSH","13:54:17",10.95,0.7,5000,2873300,"B"
"PSH","13:53:15",10.95,0.7,400,2868300,"B"
"PSH","13:52:42",10.95,0.7,900,2867900,"B"
"PSH","13:51:40",10.95,0.7,10000,2867000,"B"
"PSH","13:49:34",10.95,0.7,4100,2857000,"B"
"PSH","13:49:33",10.95,0.7,500,2852900,"B"
"PSH","13:49:12",10.95,0.7,500,2852400,"B"
"PSH","13:48:54",10.95,0.7,100,2851900,"B"
"PSH","13:46:15",10.95,0.7,100,2851800,"B"
"PSH","13:44:52",10.95,0.7,1000,2851700,"B"
"PSH","13:44:00",10.95,0.7,100,2850700,"B"
"PSH","13:43:21",10.95,0.7,2000,2850600,"B"
"PSH","13:41:44",10.95,0.7,100,2848600,"B"
"PSH","13:39:49",10.95,0.7,700,2848500,"B"
"PSH","13:38:21",10.95,0.7,500,2847800,"B"
"PSH","13:37:22",10.95,0.7,1000,2847300,"B"
"PSH","13:32:04",10.95,0.7,5000,2846300,"B"
"PSH","13:31:56",10.95,0.7,700,2841300,"B"
"PSH","13:31:56",10.95,0.7,14300,2840600,"B"
"PSH","13:31:11",10.95,0.7,100,2826300,"B"
"PSH","13:27:54",10.95,0.7,22000,2826200,"B"
"PSH","13:26:37",10.95,0.7,200,2804200,"B"
"PSH","13:25:17",10.95,0.7,500,2804000,"B"
"PSH","13:23:07",10.95,0.7,300,2803500,"B"
"PSH","13:21:25",10.95,0.7,300,2803200,"B"
"PSH","13:21:13",10.95,0.7,600,2802900,"B"
"PSH","13:20:21",10.95,0.7,5000,2802300,"B"
"PSH","13:20:02",10.95,0.7,700,2797300,"B"
"PSH","13:18:56",10.95,0.7,10000,2796600,"B"
"PSH","13:18:05",10.95,0.7,2500,2786600,"B"
"PSH","13:17:34",10.95,0.7,600,2784100,"B"
"PSH","13:17:01",10.95,0.7,300,2783500,"B"
"PSH","13:17:01",10.95,0.7,5000,2783200,"B"
"PSH","13:16:29",10.95,0.7,100,2778200,"B"
"PSH","13:15:15",10.95,0.7,100,2778100,"B"
"PSH","13:13:16",10.95,0.7,100,2778000,"B"
"PSH","13:12:08",10.95,0.7,1000,2777900,"B"
"PSH","13:11:53",10.95,0.7,1000,2776900,"B"
"PSH","13:11:25",10.95,0.7,1000,2775900,"B"
"PSH","13:09:49",10.95,0.7,100,2774900,"B"
"PSH","13:08:32",10.95,0.7,1000,2774800,"B"
"PSH","13:07:37",10.95,0.7,600,2773800,"B"
"PSH","13:07:05",10.95,0.7,500,2773200,"B"
"PSH","13:06:59",10.95,0.7,10000,2772700,"B"
"PSH","13:06:40",10.95,0.7,500,2762700,"B"
"PSH","13:06:38",10.95,0.7,3000,2762200,"B"
"PSH","13:06:36",10.95,0.7,200,2759200,"B"
"PSH","13:04:22",10.95,0.7,83900,2759000,"B"
"PSH","13:03:43",10.95,0.7,1000,2675100,"B"
"PSH","13:02:19",10.95,0.7,100,2674100,"B"
"PSH","13:02:14",10.95,0.7,600,2674000,"B"
"PSH","13:01:33",10.95,0.7,600,2673400,"B"
"PSH","13:01:10",10.95,0.7,1800,2672800,"B"
"PSH","13:00:42",10.95,0.7,5900,2671000,"B"
"PSH","13:00:24",10.95,0.7,200,2665100,"B"
"PSH","13:00:16",10.95,0.7,300,2664900,"B"
"PSH","13:00:14",10.95,0.7,1500,2664600,"B"
"PSH","13:00:08",10.95,0.7,1000,2663100,"B"
"PSH","13:00:01",10.95,0.7,8400,2662100,"B"
"PSH","11:29:28",10.95,0.7,2300,2650200,"B"
"PSH","11:29:14",10.95,0.7,500,2647900,"B"
"PSH","11:24:28",10.95,0.7,500,2647400,"B"
"PSH","11:19:16",10.95,0.7,500,2646900,"B"
"PSH","11:18:49",10.95,0.7,1300,2646400,"B"
"PSH","11:18:44",10.95,0.7,3000,2645100,"B"
"PSH","11:18:05",10.95,0.7,6000,2642100,"B"
"PSH","11:17:53",10.95,0.7,3000,2636100,"B"
"PSH","11:16:09",10.95,0.7,300,2633100,"B"
"PSH","11:16:02",10.95,0.7,10000,2632800,"B"
"PSH","11:13:57",10.95,0.7,100,2622800,"B"
"PSH","11:12:53",10.95,0.7,900,2622700,"B"
"PSH","11:11:57",10.95,0.7,10000,2621800,"B"
"PSH","11:11:31",10.95,0.7,900,2611800,"B"
"PSH","11:09:23",10.95,0.7,7500,2610900,"B"
"PSH","11:09:22",10.95,0.7,2900,2603400,"B"
"PSH","11:09:06",10.95,0.7,500,2600500,"B"
"PSH","11:09:03",10.95,0.7,1000,2600000,"B"
"PSH","11:08:34",10.95,0.7,1500,2599000,"B"
"PSH","11:08:11",10.95,0.7,20000,2597500,"B"
"PSH","11:08:00",10.95,0.7,7000,2577500,"B"
"PSH","11:07:32",10.95,0.7,100,2570500,"B"
"PSH","11:07:10",10.95,0.7,100,2570400,"B"
"PSH","11:05:53",10.95,0.7,1400,2570300,"B"
"PSH","11:02:50",10.95,0.7,200,2568900,"B"
"PSH","11:02:26",10.95,0.7,5000,2568700,"B"
"PSH","11:01:12",10.95,0.7,100,2563700,"B"
"PSH","11:00:43",10.95,0.7,200,2563600,"B"
"PSH","11:00:36",10.95,0.7,100,2563400,"B"
"PSH","11:00:31",10.95,0.7,1000,2563300,"B"
"PSH","11:00:17",10.95,0.7,200,2562300,"B"
"PSH","11:00:13",10.95,0.7,100,2562100,"B"
"PSH","10:59:20",10.95,0.7,5000,2562000,"B"
"PSH","10:58:35",10.95,0.7,100,2557000,"B"
"PSH","10:58:28",10.95,0.7,300,2556900,"B"
"PSH","10:58:20",10.95,0.7,1400,2556600,"B"
"PSH","10:58:10",10.95,0.7,200,2555200,"B"
"PSH","10:57:57",10.95,0.7,300,2555000,"B"
"PSH","10:57:38",10.95,0.7,4000,2554700,"B"
"PSH","10:57:37",10.95,0.7,6000,2550700,"B"
"PSH","10:57:10",10.95,0.7,5000,2544700,"B"
"PSH","10:56:53",10.95,0.7,500,2539700,"B"
"PSH","10:56:47",10.95,0.7,1200,2539200,"B"
"PSH","10:56:45",10.95,0.7,500,2538000,"B"
"PSH","10:56:40",10.95,0.7,3500,2537500,"B"
"PSH","10:56:40",10.95,0.7,5500,2534000,"B"
"PSH","10:56:28",10.95,0.7,3000,2528500,"B"
"PSH","10:56:26",10.95,0.7,1000,2525500,"B"
"PSH","10:56:16",10.95,0.7,300,2524500,"B"
"PSH","10:56:15",10.95,0.7,500,2524200,"B"
"PSH","10:56:09",10.95,0.7,5000,2523700,"B"
"PSH","10:56:08",10.95,0.7,500,2518700,"B"
"PSH","10:56:07",10.95,0.7,200,2518200,"B"
"PSH","10:56:06",10.95,0.7,30000,2518000,"B"
"PSH","10:55:58",10.95,0.7,1000,2488000,"B"
"PSH","10:55:56",10.95,0.7,500,2487000,"B"
"PSH","10:55:34",10.95,0.7,3300,2486500,"B"
"PSH","10:55:16",10.95,0.7,300,2483200,"B"
"PSH","10:55:03",10.95,0.7,300,2482900,"B"
"PSH","10:55:00",10.95,0.7,20000,2482600,"B"
"PSH","10:54:59",10.95,0.7,1000,2462600,"B"
"PSH","10:54:35",10.95,0.7,100,2461600,"B"
"PSH","10:53:19",10.95,0.7,141000,2461500,"B"
"PSH","10:52:13",10.95,0.7,1000,2320500,"B"
"PSH","10:51:57",10.95,0.7,100,2319500,"B"
"PSH","10:49:51",10.95,0.7,100,2319400,"B"
"PSH","10:49:33",10.95,0.7,600,2319300,"B"
"PSH","10:49:23",10.95,0.7,4600,2318700,"B"
"PSH","10:48:39",10.95,0.7,100,2314100,"B"
"PSH","10:47:42",10.95,0.7,1100,2314000,"B"
"PSH","10:47:18",10.95,0.7,100,2312900,"B"
"PSH","10:46:55",10.95,0.7,100,2312800,"B"
"PSH","10:46:33",10.95,0.7,1000,2312700,"B"
"PSH","10:46:01",10.95,0.7,1000,2311700,"B"
"PSH","10:45:52",10.95,0.7,3900,2310700,"B"
"PSH","10:45:42",10.95,0.7,100,2306800,"B"
"PSH","10:45:39",10.95,0.7,100,2306700,"B"
"PSH","10:44:49",10.95,0.7,3000,2306600,"B"
"PSH","10:43:38",10.95,0.7,500,2303600,"B"
"PSH","10:43:20",10.95,0.7,500,2303100,"B"
"PSH","10:41:47",10.95,0.7,1000,2302600,"B"
"PSH","10:41:42",10.95,0.7,100,2301600,"B"
"PSH","10:41:36",10.95,0.7,10000,2301500,"B"
"PSH","10:41:01",10.95,0.7,1100,2291500,"B"
"PSH","10:40:55",10.95,0.7,10000,2290400,"B"
"PSH","10:39:14",10.95,0.7,100,2280400,"B"
"PSH","10:38:32",10.95,0.7,1000,2280300,"B"
"PSH","10:38:14",10.95,0.7,100,2279300,"B"
"PSH","10:38:04",10.95,0.7,1000,2279200,"B"
"PSH","10:38:03",10.95,0.7,400,2278200,"B"
"PSH","10:37:55",10.95,0.7,3000,2277800,"B"
"PSH","10:37:04",10.95,0.7,200,2274800,"B"
"PSH","10:37:02",10.95,0.7,20000,2274600,"B"
"PSH","10:36:57",10.95,0.7,3000,2254600,"B"
"PSH","10:36:50",10.95,0.7,300,2251600,"B"
"PSH","10:36:08",10.95,0.7,4000,2251300,"B"
"PSH","10:35:59",10.95,0.7,1000,2247300,"B"
"PSH","10:35:52",10.95,0.7,4000,2246300,"B"
"PSH","10:35:32",10.95,0.7,500,2242300,"B"
"PSH","10:34:53",10.95,0.7,400,2241800,"B"
"PSH","10:34:23",10.95,0.7,300,2241400,"B"
"PSH","10:33:48",10.95,0.7,1000,2241100,"B"
"PSH","10:32:47",10.95,0.7,300,2240100,"B"
"PSH","10:32:02",10.95,0.7,500,2239800,"B"
"PSH","10:31:49",10.95,0.7,500,2239300,"B"
"PSH","10:31:39",10.95,0.7,200,2238800,"B"
"PSH","10:31:14",10.95,0.7,1000,2238600,"B"
"PSH","10:31:10",10.95,0.7,100,2237600,"B"
"PSH","10:31:10",10.95,0.7,200,2237500,"B"
"PSH","10:30:04",10.95,0.7,300,2237300,"B"
"PSH","10:29:49",10.95,0.7,15000,2237000,"B"
"PSH","10:29:25",10.95,0.7,1000,2222000,"B"
"PSH","10:29:24",10.95,0.7,2800,2221000,"B"
"PSH","10:29:23",10.95,0.7,7200,2218200,"B"
"PSH","10:27:30",10.95,0.7,9400,2211000,"B"
"PSH","10:26:32",10.95,0.7,300,2201600,"B"
"PSH","10:26:11",10.95,0.7,500,2201300,"B"
"PSH","10:25:53",10.95,0.7,500,2200800,"B"
"PSH","10:25:48",10.95,0.7,1000,2200300,"B"
"PSH","10:25:11",10.95,0.7,4000,2199300,"B"
"PSH","10:24:50",10.95,0.7,300,2195300,"B"
"PSH","10:24:28",10.95,0.7,200,2195000,"B"
"PSH","10:24:11",10.95,0.7,100,2194800,"B"
"PSH","10:23:38",10.95,0.7,12800,2194700,"B"
"PSH","10:23:16",10.95,0.7,500,2181900,"B"
"PSH","10:23:08",10.95,0.7,500,2181400,"B"
"PSH","10:22:49",10.95,0.7,500,2180900,"B"
"PSH","10:22:29",10.95,0.7,100,2180400,"B"
"PSH","10:21:52",10.95,0.7,500,2180300,"B"
"PSH","10:21:51",10.95,0.7,5500,2179800,"B"
"PSH","10:21:23",10.95,0.7,1000,2174300,"B"
"PSH","10:21:09",10.95,0.7,100,2173300,"B"
"PSH","10:21:03",10.95,0.7,100,2173200,"B"
"PSH","10:20:10",10.95,0.7,4900,2173100,"B"
"PSH","10:19:46",10.95,0.7,1000,2168200,"B"
"PSH","10:19:45",10.95,0.7,500,2167200,"B"
"PSH","10:19:27",10.95,0.7,1000,2166700,"B"
"PSH","10:19:10",10.95,0.7,1000,2165700,"B"
"PSH","10:19:04",10.95,0.7,200,2164700,"B"
"PSH","10:18:58",10.95,0.7,500,2164500,"B"
"PSH","10:18:51",10.95,0.7,300,2164000,"B"
"PSH","10:18:41",10.95,0.7,48200,2163700,"B"
"PSH","10:18:39",10.95,0.7,500,2115500,"B"
"PSH","10:18:26",10.95,0.7,7000,2115000,"B"
"PSH","10:18:13",10.95,0.7,100,2108000,"B"
"PSH","10:18:11",10.95,0.7,500,2107900,"B"
"PSH","10:18:09",10.95,0.7,1700,2107400,"B"
"PSH","10:18:03",10.95,0.7,100,2105700,"B"
"PSH","10:17:03",10.95,0.7,100,2105600,"B"
"PSH","10:17:02",10.95,0.7,9000,2105500,"B"
"PSH","10:16:58",10.95,0.7,500,2096500,"B"
"PSH","10:16:16",10.95,0.7,200,2096000,"B"
"PSH","10:15:18",10.95,0.7,300,2095800,"B"
"PSH","10:15:00",10.95,0.7,200,2095500,"B"
"PSH","10:14:58",10.95,0.7,10000,2095300,"B"
"PSH","10:14:49",10.95,0.7,2000,2085300,"B"
"PSH","10:14:37",10.95,0.7,3000,2083300,"B"
"PSH","10:14:33",10.95,0.7,10000,2080300,"B"
"PSH","10:13:49",10.95,0.7,2300,2070300,"B"
"PSH","10:13:44",10.95,0.7,1000,2068000,"B"
"PSH","10:13:44",10.95,0.7,100,2067000,"B"
"PSH","10:13:18",10.95,0.7,900,2066900,"B"
"PSH","10:12:49",10.95,0.7,300,2066000,"B"
"PSH","10:12:23",10.95,0.7,1000,2065700,"B"
"PSH","10:11:29",10.95,0.7,400,2064700,"B"
"PSH","10:11:25",10.95,0.7,100,2064300,"B"
"PSH","10:11:21",10.95,0.7,2000,2064200,"B"
"PSH","10:10:51",10.95,0.7,400,2062200,"B"
"PSH","10:10:50",10.95,0.7,500,2061800,"B"
"PSH","10:10:04",10.95,0.7,2000,2061300,"B"
"PSH","10:09:48",10.95,0.7,3000,2059300,"B"
"PSH","10:09:44",10.95,0.7,10000,2056300,"B"
"PSH","10:09:36",10.95,0.7,1000,2046300,"B"
"PSH","10:09:34",10.95,0.7,9500,2045300,"B"
"PSH","10:09:28",10.95,0.7,900,2035800,"B"
"PSH","10:09:23",10.95,0.7,100,2034900,"B"
"PSH","10:09:09",10.95,0.7,1000,2034800,"B"
"PSH","10:08:54",10.95,0.7,500,2033800,"B"
"PSH","10:08:50",10.95,0.7,200,2033300,"B"
"PSH","10:08:43",10.95,0.7,100,2033100,"B"
"PSH","10:08:41",10.95,0.7,2000,2033000,"B"
"PSH","10:08:39",10.95,0.7,5400,2031000,"B"
"PSH","10:08:38",10.95,0.7,500,2025600,"B"
"PSH","10:08:28",10.95,0.7,400,2025100,"B"
"PSH","10:08:16",10.95,0.7,300,2024700,"B"
"PSH","10:08:15",10.95,0.7,5000,2024400,"B"
"PSH","10:08:13",10.95,0.7,100,2019400,"B"
"PSH","10:08:10",10.95,0.7,100,2019300,"B"
"PSH","10:08:09",10.95,0.7,12500,2019200,"B"
"PSH","10:08:08",10.95,0.7,5000,2006700,"B"
"PSH","10:08:01",10.95,0.7,5100,2001700,"B"
"PSH","10:07:57",10.95,0.7,4000,1996600,"B"
"PSH","10:07:54",10.95,0.7,500,1992600,"B"
"PSH","10:07:53",10.95,0.7,1000,1992100,"B"
"PSH","10:07:50",10.95,0.7,5000,1991100,"B"
"PSH","10:07:41",10.95,0.7,400,1986100,"B"
"PSH","10:07:39",10.95,0.7,1000,1985700,"B"
"PSH","10:07:33",10.95,0.7,500,1984700,"B"
"PSH","10:07:32",10.95,0.7,5000,1984200,"B"
"PSH","10:07:31",10.95,0.7,12200,1979200,"B"
"PSH","10:07:27",10.95,0.7,100,1967000,"B"
"PSH","10:07:12",10.95,0.7,400,1966900,"B"
"PSH","10:07:06",10.95,0.7,200,1966500,"B"
"PSH","10:06:51",10.95,0.7,800,1966300,"B"
"PSH","10:06:50",10.95,0.7,2000,1965500,"B"
"PSH","10:06:48",10.95,0.7,15700,1963500,"S"
"PSH","10:06:47",10.95,0.7,12900,1947800,"S"
"PSH","10:06:46",10.95,0.7,2000,1934900,"S"
"PSH","10:06:45",10.95,0.7,10000,1932900,"S"
"PSH","10:06:44",10.95,0.7,3000,1922900,"S"
"PSH","10:06:43",10.95,0.7,2400,1919900,"S"
"PSH","10:06:42",10.95,0.7,5000,1917500,"S"
"PSH","10:06:41",10.95,0.7,33000,1912500,"S"
"PSH","10:06:40",10.95,0.7,8500,1879500,"S"
"PSH","10:06:39",10.95,0.7,71000,1871000,"S"
"PSH","10:06:38",10.95,0.7,6000,1800000,"S"
"PSH","10:06:37",10.95,0.7,12200,1794000,"S"
"PSH","10:06:36",10.95,0.7,5200,1781800,"S"
"PSH","10:06:35",10.95,0.7,12600,1776600,"S"
"PSH","10:06:35",10.95,0.7,50000,1764000,"S"
"PSH","10:06:34",10.95,0.7,100,1714000,"S"
"PSH","10:06:33",10.95,0.7,37200,1713900,"S"
"PSH","10:06:32",10.95,0.7,9800,1676700,"S"
"PSH","10:06:30",10.95,0.7,69500,1666900,"S"
"PSH","10:06:29",10.95,0.7,22000,1597400,"S"
"PSH","10:06:28",10.95,0.7,50000,1575400,"S"
"PSH","10:06:27",10.95,0.7,1000,1525400,"S"
"PSH","10:06:26",10.95,0.7,2800,1524400,"S"
"PSH","10:06:24",10.95,0.7,600,1521600,"S"
"PSH","10:06:18",10.95,0.7,2000,1521000,"S"
"PSH","10:06:17",10.95,0.7,5000,1519000,"S"
"PSH","10:06:14",10.95,0.7,50000,1514000,"S"
"PSH","10:06:13",10.95,0.7,3300,1464000,"S"
"PSH","10:06:11",10.95,0.7,1000,1460700,"S"
"PSH","10:06:09",10.95,0.7,300,1459700,"S"
"PSH","10:06:06",10.95,0.7,2000,1459400,"S"
"PSH","10:06:04",10.95,0.7,10000,1457400,"S"
"PSH","10:06:02",10.95,0.7,2500,1447400,"S"
"PSH","10:05:54",10.95,0.7,500,1444900,"S"
"PSH","10:05:52",10.95,0.7,2000,1444400,"S"
"PSH","10:05:46",10.95,0.7,2700,1442400,"S"
"PSH","10:05:44",10.95,0.7,2000,1439700,"S"
"PSH","10:05:40",10.95,0.7,5000,1437700,"S"
"PSH","10:05:35",10.95,0.7,2000,1432700,"S"
"PSH","10:05:28",10.95,0.7,200,1430700,"S"
"PSH","10:05:28",10.95,0.7,500,1430500,"S"
"PSH","10:05:16",10.95,0.7,2000,1430000,"S"
"PSH","10:05:15",10.95,0.7,20000,1428000,"S"
"PSH","10:05:10",10.9,0.65,2000,1408000,"B"
"PSH","10:05:09",10.9,0.65,1000,1406000,"B"
"PSH","10:05:07",10.95,0.7,300,1405000,"S"
"PSH","10:05:04",10.95,0.7,400,1404700,"S"
"PSH","10:05:02",10.95,0.7,200,1404300,"S"
"PSH","10:04:56",10.95,0.7,10000,1404100,"S"
"PSH","10:04:47",10.95,0.7,100,1394100,"S"
"PSH","10:04:46",10.95,0.7,1200,1394000,"S"
"PSH","10:04:44",10.9,0.65,5000,1392800,"B"
"PSH","10:04:41",10.95,0.7,300,1387800,"S"
"PSH","10:04:40",10.95,0.7,29700,1387500,"S"
"PSH","10:04:37",10.9,0.65,1000,1357800,"B"
"PSH","10:04:29",10.9,0.65,200,1356800,"B"
"PSH","10:04:28",10.95,0.7,65000,1356600,"S"
"PSH","10:04:28",10.9,0.65,500,1291600,"B"
"PSH","10:04:22",10.95,0.7,10000,1291100,"S"
"PSH","10:04:21",10.95,0.7,1500,1281100,"S"
"PSH","10:04:07",10.9,0.65,300,1279600,"B"
"PSH","10:04:01",10.95,0.7,10000,1279300,"S"
"PSH","10:03:59",10.95,0.7,1000,1269300,"S"
"PSH","10:03:50",10.9,0.65,10000,1268300,"B"
"PSH","10:03:49",10.95,0.7,50000,1258300,"S"
"PSH","10:03:46",10.9,0.65,1400,1208300,"B"
"PSH","10:03:45",10.9,0.65,3000,1206900,"B"
"PSH","10:03:40",10.9,0.65,6000,1203900,"B"
"PSH","10:03:30",10.9,0.65,2500,1197900,"B"
"PSH","10:03:28",10.95,0.7,700,1195400,"S"
"PSH","10:03:27",10.95,0.7,1500,1194700,"S"
"PSH","10:03:25",10.95,0.7,3900,1193200,"S"
"PSH","10:03:21",10.95,0.7,900,1189300,"S"
"PSH","10:03:19",10.95,0.7,300,1188400,"S"
"PSH","10:03:14",10.95,0.7,800,1188100,"S"
"PSH","10:03:13",10.9,0.65,1400,1187300,"B"
"PSH","10:03:13",10.95,0.7,900,1185900,"S"
"PSH","10:03:12",10.95,0.7,2000,1185000,"S"
"PSH","10:03:09",10.95,0.7,1600,1183000,"S"
"PSH","10:03:08",10.95,0.7,1000,1181400,"S"
"PSH","10:03:06",10.95,0.7,900,1180400,"S"
"PSH","10:03:03",10.95,0.7,900,1179500,"S"
"PSH","10:02:56",10.95,0.7,1000,1178600,"S"
"PSH","10:02:54",10.95,0.7,300,1177600,"S"
"PSH","10:02:53",10.95,0.7,300,1177300,"S"
"PSH","10:02:52",10.95,0.7,1800,1177000,"S"
"PSH","10:02:46",10.95,0.7,400,1175200,"S"
"PSH","10:02:44",10.95,0.7,100,1174800,"S"
"PSH","10:02:42",10.95,0.7,200,1174600,"S"
"PSH","10:02:37",10.95,0.7,700,1174400,"S"
"PSH","10:02:36",10.95,0.7,5000,1173700,"S"
"PSH","10:02:30",10.95,0.7,5000,1168600,"S"
"PSH","10:02:29",10.95,0.7,1000,1163600,"S"
"PSH","10:02:22",10.95,0.7,1000,1162600,"S"
"PSH","10:02:21",10.95,0.7,2700,1161600,"S"
"PSH","10:02:12",10.95,0.7,1000,1158900,"S"
"PSH","10:02:07",10.95,0.7,13300,1157900,"S"
"PSH","10:01:57",10.95,0.7,2000,1144600,"S"
"PSH","10:01:56",10.9,0.65,104600,1142600,"S"
"PSH","10:01:52",10.9,0.65,10000,1038000,"S"
"PSH","10:01:48",10.9,0.65,600,1028000,"S"
"PSH","10:01:46",10.9,0.65,300,1027400,"S"
"PSH","10:01:46",10.9,0.65,5000,1027100,"S"
"PSH","10:01:43",10.85,0.6,500,1022100,"B"
"PSH","10:01:33",10.85,0.6,400,1021600,"B"
"PSH","10:01:31",10.85,0.6,3500,1021200,"S"
"PSH","10:01:30",10.85,0.6,20000,1017700,"S"
"PSH","10:01:19",10.8,0.55,300,997700,"B"
"PSH","10:01:05",10.8,0.55,1400,997400,"S"
"PSH","10:01:04",10.8,0.55,1000,996000,"S"
"PSH","10:00:57",10.8,0.55,2000,995000,"S"
"PSH","10:00:55",10.8,0.55,800,993000,"S"
"PSH","10:00:48",10.8,0.55,500,992200,"S"
"PSH","10:00:47",10.8,0.55,4500,991700,"S"
"PSH","10:00:44",10.8,0.55,5000,987200,"S"
"PSH","10:00:40",10.8,0.55,100,982200,"S"
"PSH","10:00:40",10.8,0.55,1500,982100,"S"
"PSH","10:00:39",10.8,0.55,1000,980600,"S"
"PSH","10:00:38",10.8,0.55,700,979600,"S"
"PSH","10:00:37",10.8,0.55,1600,978900,"S"
"PSH","10:00:36",10.8,0.55,2700,977300,"S"
"PSH","10:00:31",10.8,0.55,46100,974600,"S"
"PSH","10:00:27",10.8,0.55,100,928500,"S"
"PSH","10:00:18",10.8,0.55,300,928400,"S"
"PSH","10:00:14",10.8,0.55,20000,928100,"S"
"PSH","10:00:12",10.8,0.55,1000,908100,"S"
"PSH","10:00:11",10.75,0.5,9000,907100,"B"
"PSH","10:00:11",10.8,0.55,2000,898100,"S"
"PSH","10:00:02",10.8,0.55,300,896100,"S"
"PSH","10:00:01",10.8,0.55,4000,895800,"S"
"PSH","10:00:01",10.75,0.5,600,891800,"B"
"PSH","09:59:48",10.75,0.5,100,891200,"B"
"PSH","09:59:42",10.75,0.5,100,891100,"B"
"PSH","09:59:20",10.75,0.5,100,891000,"B"
"PSH","09:59:14",10.75,0.5,22900,890900,"S"
"PSH","09:59:00",10.75,0.5,100,868000,"S"
"PSH","09:58:53",10.75,0.5,1300,867900,"S"
"PSH","09:58:51",10.75,0.5,300,866600,"S"
"PSH","09:58:48",10.7,0.45,2700,866300,"B"
"PSH","09:58:46",10.75,0.5,100,863600,"S"
"PSH","09:58:39",10.75,0.5,1000,863500,"S"
"PSH","09:58:38",10.75,0.5,1000,862500,"S"
"PSH","09:58:32",10.7,0.45,1200,861500,"B"
"PSH","09:57:42",10.75,0.5,1000,860300,"S"
"PSH","09:57:42",10.75,0.5,1000,859300,"S"
"PSH","09:57:40",10.75,0.5,500,858300,"S"
"PSH","09:57:29",10.75,0.5,4000,857800,"S"
"PSH","09:57:23",10.75,0.5,300,853800,"S"
"PSH","09:57:19",10.75,0.5,200,853500,"S"
"PSH","09:57:05",10.7,0.45,2000,853300,"B"
"PSH","09:56:59",10.75,0.5,3000,851300,"S"
"PSH","09:56:45",10.7,0.45,5000,848300,"B"
"PSH","09:56:41",10.75,0.5,1500,843300,"S"
"PSH","09:56:40",10.7,0.45,2200,836800,"S"
"PSH","09:56:39",10.7,0.45,9200,834600,"S"
"PSH","09:56:28",10.7,0.45,1000,825400,"S"
"PSH","09:56:27",10.7,0.45,3300,824400,"S"
"PSH","09:56:26",10.7,0.45,1000,821100,"S"
"PSH","09:56:25",10.7,0.45,10000,820100,"S"
"PSH","09:56:19",10.7,0.45,500,810100,"S"
"PSH","09:56:15",10.7,0.45,800,809600,"S"
"PSH","09:56:13",10.7,0.45,4000,808800,"S"
"PSH","09:56:12",10.7,0.45,1500,804800,"S"
"PSH","09:56:10",10.7,0.45,1000,803300,"S"
"PSH","09:56:08",10.7,0.45,10000,802300,"S"
"PSH","09:56:07",10.7,0.45,500,792300,"S"
"PSH","09:56:05",10.7,0.45,2900,791800,"S"
"PSH","09:56:02",10.7,0.45,29500,788900,"S"
"PSH","09:56:00",10.7,0.45,4000,759400,"S"
"PSH","09:55:59",10.7,0.45,1000,755400,"S"
"PSH","09:55:57",10.7,0.45,300,754400,"S"
"PSH","09:55:52",10.7,0.45,50000,754100,"S"
"PSH","09:55:50",10.7,0.45,2000,704100,"S"
"PSH","09:55:44",10.7,0.45,2000,702100,"S"
"PSH","09:55:35",10.7,0.45,15000,700100,"S"
"PSH","09:55:29",10.65,0.4,100,685100,"B"
"PSH","09:54:59",10.7,0.45,1000,685000,"S"
"PSH","09:54:52",10.7,0.45,5000,684000,"S"
"PSH","09:54:52",10.7,0.45,3000,679000,"S"
"PSH","09:54:42",10.7,0.45,1000,676000,"S"
"PSH","09:54:28",10.7,0.45,300,675000,"S"
"PSH","09:54:27",10.7,0.45,1000,674700,"S"
"PSH","09:53:34",10.65,0.4,900,673700,"S"
"PSH","09:53:34",10.65,0.4,2000,672800,"S"
"PSH","09:53:31",10.65,0.4,1000,670800,"S"
"PSH","09:53:30",10.65,0.4,800,669800,"S"
"PSH","09:53:27",10.65,0.4,1000,669000,"S"
"PSH","09:53:26",10.65,0.4,5000,668000,"S"
"PSH","09:53:24",10.65,0.4,10000,663000,"S"
"PSH","09:53:21",10.65,0.4,5100,653000,"S"
"PSH","09:53:14",10.65,0.4,1000,647900,"S"
"PSH","09:53:11",10.65,0.4,10000,646900,"S"
"PSH","09:53:10",10.65,0.4,500,636900,"S"
"PSH","09:53:02",10.65,0.4,1000,636400,"S"
"PSH","09:53:00",10.65,0.4,300,635400,"S"
"PSH","09:52:50",10.65,0.4,100,635100,"S"
"PSH","09:52:42",10.65,0.4,500,635000,"S"
"PSH","09:52:38",10.65,0.4,2000,634500,"S"
"PSH","09:52:06",10.6,0.35,3000,632500,"B"
"PSH","09:51:53",10.65,0.4,2100,629500,"S"
"PSH","09:51:32",10.65,0.4,300,627400,"S"
"PSH","09:51:05",10.6,0.35,800,627100,"B"
"PSH","09:51:01",10.65,0.4,16200,626300,"B"
"PSH","09:50:48",10.65,0.4,500,610100,"B"
"PSH","09:50:39",10.65,0.4,1000,609600,"B"
"PSH","09:50:08",10.65,0.4,1000,608600,"B"
"PSH","09:50:04",10.7,0.45,300,607600,"S"
"PSH","09:49:59",10.65,0.4,6500,607300,"B"
"PSH","09:49:58",10.65,0.4,500,600800,"B"
"PSH","09:49:38",10.65,0.4,500,600300,"B"
"PSH","09:49:28",10.65,0.4,5000,599800,"B"
"PSH","09:49:20",10.65,0.4,200,594800,"B"
"PSH","09:49:17",10.65,0.4,18800,594600,"B"
"PSH","09:48:57",10.65,0.4,5000,575800,"B"
"PSH","09:48:39",10.7,0.45,100,570800,"S"
"PSH","09:48:38",10.7,0.45,1000,570700,"S"
"PSH","09:48:37",10.7,0.45,300,569700,"S"
"PSH","09:48:17",10.65,0.4,5000,569400,"B"
"PSH","09:48:06",10.65,0.4,10000,564400,"B"
"PSH","09:48:03",10.7,0.45,1200,554400,"S"
"PSH","09:48:02",10.7,0.45,1900,553200,"S"
"PSH","09:47:42",10.7,0.45,5000,551300,"S"
"PSH","09:47:42",10.65,0.4,500,546300,"B"
"PSH","09:47:30",10.7,0.45,500,545800,"S"
"PSH","09:47:12",10.65,0.4,200,545300,"B"
"PSH","09:47:08",10.7,0.45,300,545100,"S"
"PSH","09:47:05",10.65,0.4,500,544800,"B"
"PSH","09:46:58",10.65,0.4,1000,544300,"B"
"PSH","09:46:26",10.65,0.4,500,543300,"B"
"PSH","09:46:16",10.65,0.4,6000,542800,"B"
"PSH","09:46:14",10.65,0.4,200,536800,"B"
"PSH","09:46:08",10.65,0.4,300,536600,"B"
"PSH","09:46:05",10.65,0.4,3000,536300,"B"
"PSH","09:46:00",10.7,0.45,1000,533300,"S"
"PSH","09:45:57",10.65,0.4,5000,532300,"B"
"PSH","09:45:57",10.65,0.4,1000,527300,"B"
"PSH","09:45:40",10.7,0.45,300,526300,"S"
"PSH","09:45:33",10.65,0.4,300,526000,"B"
"PSH","09:45:32",10.65,0.4,1000,525700,"B"
"PSH","09:45:17",10.65,0.4,500,524700,"B"
"PSH","09:45:12",10.65,0.4,1000,524200,"B"
"PSH","09:44:58",10.65,0.4,500,523200,"B"
"PSH","09:44:54",10.7,0.45,2000,522700,"S"
"PSH","09:44:38",10.7,0.45,100,520700,"S"
"PSH","09:44:31",10.65,0.4,2400,520600,"B"
"PSH","09:44:29",10.7,0.45,2000,518200,"S"
"PSH","09:44:25",10.7,0.45,1000,516200,"S"
"PSH","09:44:13",10.7,0.45,300,515200,"S"
"PSH","09:44:06",10.7,0.45,2000,514900,"S"
"PSH","09:43:55",10.65,0.4,1600,512900,"B"
"PSH","09:43:48",10.7,0.45,4900,511300,"S"
"PSH","09:43:37",10.7,0.45,100,506400,"S"
"PSH","09:43:29",10.7,0.45,6700,506300,"B"
"PSH","09:43:26",10.7,0.45,300,499600,"B"
"PSH","09:43:26",10.7,0.45,100,499300,"B"
"PSH","09:43:20",10.7,0.45,1900,499200,"B"
"PSH","09:43:19",10.7,0.45,1100,497300,"B"
"PSH","09:43:14",10.7,0.45,2100,496200,"B"
"PSH","09:43:13",10.7,0.45,300,494100,"B"
"PSH","09:43:12",10.7,0.45,500,493800,"B"
"PSH","09:43:11",10.7,0.45,100,493300,"B"
"PSH","09:42:55",10.7,0.45,100,493200,"B"
"PSH","09:42:51",10.7,0.45,1000,493100,"B"
"PSH","09:42:47",10.7,0.45,3000,492100,"B"
"PSH","09:42:45",10.75,0.5,300,489100,"S"
"PSH","09:42:36",10.7,0.45,300,488800,"S"
"PSH","09:42:33",10.7,0.45,700,488500,"B"
"PSH","09:42:29",10.7,0.45,10000,487800,"B"
"PSH","09:42:27",10.7,0.45,2100,477800,"B"
"PSH","09:42:26",10.7,0.45,2100,475700,"B"
"PSH","09:42:19",10.7,0.45,200,473600,"B"
"PSH","09:42:18",10.75,0.5,2900,473400,"S"
"PSH","09:42:13",10.7,0.45,500,470500,"B"
"PSH","09:42:07",10.7,0.45,100,470000,"B"
"PSH","09:42:06",10.7,0.45,1000,469900,"B"
"PSH","09:41:52",10.7,0.45,1100,468900,"B"
"PSH","09:41:48",10.7,0.45,2500,467800,"S"
"PSH","09:41:47",10.7,0.45,100,465300,"S"
"PSH","09:41:42",10.7,0.45,3000,465200,"S"
"PSH","09:41:39",10.7,0.45,800,462200,"S"
"PSH","09:41:21",10.7,0.45,5300,461400,"B"
"PSH","09:41:18",10.7,0.45,300,456100,"B"
"PSH","09:41:17",10.7,0.45,700,455800,"S"
"PSH","09:41:15",10.7,0.45,300,455100,"S"
"PSH","09:41:12",10.7,0.45,100,454800,"S"
"PSH","09:41:11",10.7,0.45,1500,454700,"S"
"PSH","09:41:10",10.7,0.45,1000,453200,"S"
"PSH","09:41:08",10.7,0.45,900,452200,"S"
"PSH","09:41:08",10.7,0.45,400,451300,"S"
"PSH","09:41:07",10.7,0.45,100,450900,"S"
"PSH","09:41:05",10.7,0.45,4000,450800,"S"
"PSH","09:41:01",10.7,0.45,100,446800,"S"
"PSH","09:40:59",10.7,0.45,5000,446700,"S"
"PSH","09:40:56",10.7,0.45,5000,441700,"S"
"PSH","09:40:54",10.7,0.45,500,436700,"S"
"PSH","09:40:47",10.7,0.45,900,436200,"S"
"PSH","09:40:38",10.7,0.45,1000,435300,"S"
"PSH","09:40:36",10.7,0.45,20000,434300,"S"
"PSH","09:40:35",10.7,0.45,1000,414300,"S"
"PSH","09:40:29",10.7,0.45,10000,413300,"S"
"PSH","09:40:21",10.7,0.45,5000,403300,"S"
"PSH","09:40:13",10.7,0.45,5000,398300,"S"
"PSH","09:40:08",10.65,0.4,100,393300,"B"
"PSH","09:40:07",10.65,0.4,800,393200,"S"
"PSH","09:40:00",10.65,0.4,10000,392400,"S"
"PSH","09:39:50",10.65,0.4,300,382400,"S"
"PSH","09:39:49",10.65,0.4,1500,382100,"S"
"PSH","09:39:40",10.65,0.4,100,380600,"S"
"PSH","09:39:39",10.6,0.35,1000,380500,"B"
"PSH","09:39:36",10.6,0.35,1000,379500,"B"
"PSH","09:39:34",10.6,0.35,200,378500,"B"
"PSH","09:39:16",10.6,0.35,200,378300,"S"
"PSH","09:39:14",10.6,0.35,5000,373800,"S"
"PSH","09:39:12",10.6,0.35,600,368800,"S"
"PSH","09:39:11",10.6,0.35,10000,368200,"S"
"PSH","09:39:07",10.6,0.35,5000,358200,"S"
"PSH","09:39:05",10.6,0.35,9000,353200,"S"
"PSH","09:39:04",10.6,0.35,6000,344200,"S"
"PSH","09:39:03",10.6,0.35,4200,338200,"S"
"PSH","09:39:00",10.6,0.35,2800,334000,"S"
"PSH","09:38:58",10.6,0.35,50000,331200,"S"
"PSH","09:38:53",10.6,0.35,5000,281200,"S"
"PSH","09:38:47",10.55,0.3,100,276200,"B"
"PSH","09:38:36",10.55,0.3,20000,276100,"S"
"PSH","09:38:34",10.5,0.25,500,256100,"B"
"PSH","09:38:30",10.5,0.25,100,255600,"B"
"PSH","09:38:27",10.5,0.25,3900,255500,"S"
"PSH","09:38:25",10.5,0.25,11000,251600,"S"
"PSH","09:38:24",10.5,0.25,1300,240600,"S"
"PSH","09:38:23",10.5,0.25,1000,239300,"S"
"PSH","09:38:22",10.5,0.25,300,238300,"S"
"PSH","09:38:21",10.5,0.25,12700,238000,"S"
"PSH","09:38:19",10.5,0.25,5000,225300,"S"
"PSH","09:38:15",10.5,0.25,4000,220300,"S"
"PSH","09:38:13",10.5,0.25,100,216300,"S"
"PSH","09:38:11",10.5,0.25,1100,216200,"S"
"PSH","09:38:09",10.5,0.25,30000,215100,"S"
"PSH","09:37:57",10.45,0.2,100,185100,"B"
"PSH","09:37:28",10.5,0.25,5000,185000,"S"
"PSH","09:37:16",10.5,0.25,500,180000,"S"
"PSH","09:37:03",10.45,0.2,1000,179500,"B"
"PSH","09:37:00",10.5,0.25,1000,178500,"S"
"PSH","09:36:55",10.5,0.25,300,177500,"S"
"PSH","09:36:51",10.5,0.25,1400,177200,"S"
"PSH","09:36:47",10.5,0.25,1100,175800,"S"
"PSH","09:36:40",10.5,0.25,1000,174700,"S"
"PSH","09:36:39",10.5,0.25,500,173700,"S"
"PSH","09:36:05",10.5,0.25,1500,173200,"S"
"PSH","09:35:57",10.5,0.25,600,171700,"S"
"PSH","09:35:49",10.5,0.25,500,171100,"S"
"PSH","09:35:27",10.5,0.25,300,170600,"S"
"PSH","09:35:08",10.45,0.2,100,170300,"B"
"PSH","09:34:56",10.45,0.2,1000,170200,"B"
"PSH","09:34:55",10.5,0.25,100,169200,"S"
"PSH","09:34:20",10.45,0.2,100,169100,"B"
"PSH","09:34:16",10.45,0.2,500,169000,"B"
"PSH","09:34:08",10.45,0.2,500,168500,"B"
"PSH","09:34:05",10.45,0.2,1700,168000,"S"
"PSH","09:34:00",10.45,0.2,300,166300,"S"
"PSH","09:33:55",10.45,0.2,600,166000,"S"
"PSH","09:33:46",10.45,0.2,3000,165400,"B"
"PSH","09:33:35",10.45,0.2,100,162400,"B"
"PSH","09:33:23",10.45,0.2,1000,162300,"B"
"PSH","09:32:50",10.45,0.2,16800,161300,"S"
"PSH","09:32:49",10.45,0.2,900,144500,"S"
"PSH","09:32:47",10.45,0.2,10500,143600,"S"
"PSH","09:32:43",10.45,0.2,2000,133100,"S"
"PSH","09:32:38",10.45,0.2,5200,131100,"S"
"PSH","09:32:31",10.45,0.2,300,125900,"S"
"PSH","09:32:10",10.45,0.2,2800,125600,"S"
"PSH","09:32:09",10.45,0.2,2200,122800,"S"
"PSH","09:31:04",10.45,0.2,300,120600,"S"
"PSH","09:29:45",10.4,0.15,100,120300,"B"
"PSH","09:29:35",10.45,0.2,300,120200,"S"
"PSH","09:29:14",10.4,0.15,5000,119900,"B"
"PSH","09:28:49",10.4,0.15,200,114900,"B"
"PSH","09:28:39",10.4,0.15,4200,114700,"S"
"PSH","09:28:21",10.4,0.15,100,110500,"S"
"PSH","09:28:15",10.4,0.15,11300,110400,"B"
"PSH","09:28:12",10.45,0.2,900,99100,"S"
"PSH","09:28:07",10.45,0.2,300,98200,"S"
"PSH","09:27:36",10.4,0.15,5000,97900,"B"
"PSH","09:27:23",10.4,0.15,700,92900,"B"
"PSH","09:27:13",10.4,0.15,1000,92200,"B"
"PSH","09:26:59",10.4,0.15,1000,91200,"B"
"PSH","09:26:54",10.4,0.15,3500,90200,"S"
"PSH","09:26:40",10.4,0.15,300,86700,"S"
"PSH","09:26:39",10.4,0.15,2200,86400,"B"
"PSH","09:25:54",10.4,0.15,400,84200,"S"
"PSH","09:25:52",10.4,0.15,12000,83800,"S"
"PSH","09:25:38",10.4,0.15,500,71800,"S"
"PSH","09:25:37",10.4,0.15,3800,71300,"S"
"PSH","09:25:35",10.4,0.15,2600,67500,"S"
"PSH","09:25:23",10.4,0.15,2000,64900,"S"
"PSH","09:25:14",10.4,0.15,3300,62900,"S"
"PSH","09:25:12",10.4,0.15,300,59600,"S"
"PSH","09:24:31",10.35,0.1,600,59300,"S"
"PSH","09:23:45",10.35,0.1,300,58700,"S"
"PSH","09:23:40",10.35,0.1,2400,58400,"B"
"PSH","09:23:18",10.35,0.1,3800,56000,"S"
"PSH","09:22:34",10.3,0.05,100,52200,"B"
"PSH","09:22:18",10.35,0.1,300,52100,"S"
"PSH","09:22:12",10.35,0.1,2000,51800,"S"
"PSH","09:22:09",10.35,0.1,9400,49800,"B"
"PSH","09:21:30",10.35,0.1,5000,40400,"B"
"PSH","09:21:04",10.4,0.15,2000,35400,"S"
"PSH","09:20:53",10.4,0.15,6400,33400,"B"
"PSH","09:20:50",10.45,0.2,300,27000,"S"
"PSH","09:20:50",10.4,0.15,1000,26700,"B"
"PSH","09:20:34",10.4,0.15,2300,25700,"S"
"PSH","09:20:23",10.4,0.15,3000,23400,"S"
"PSH","09:19:22",10.4,0.15,300,20400,"S"
"PSH","09:19:20",10.35,0.1,1000,20100,"B"
"PSH","09:19:04",10.35,0.1,500,19100,"B"
"PSH","09:18:55",10.35,0.1,2200,18600,"S"
"PSH","09:18:47",10.35,0.1,2000,16400,"S"
"PSH","09:18:26",10.35,0.1,800,14400,"S"
"PSH","09:17:57",10.35,0.1,400,13600,"B"
"PSH","09:17:55",10.4,0.15,300,13200,"S"
"PSH","09:17:55",10.35,0.1,1500,12900,"B"
"PSH","09:17:40",10.35,0.1,1000,11400,"B"
"PSH","09:17:34",10.35,0.1,300,10400,"B"
"PSH","09:17:14",10.35,0.1,2000,10100,"B"
"PSH","09:16:58",10.4,0.15,100,8100,"S"
"PSH","09:16:55",10.4,0.15,1000,8000,"S"
"PSH","09:16:40",10.4,0.15,4100,7000,"S"
"PSH","09:16:28",10.4,0.15,300,2900,"S"
"PSH","09:15:11",10.35,0.1,1000,2600,"B"
"PSH","09:15:00",10.35,0.1,1600,1600,
