"symbol","time","price","change","vol","total","side"
"PVS","14:57:20",40,0.7,200,9701100,
"PVS","14:52:27",40,0.7,1000,9700900,
"PVS","14:51:54",40,0.7,500,9699900,
"PVS","14:46:54",40,0.7,2500,9699400,
"PVS","14:45:01",40,0.7,271000,9696900,
"PVS","14:30:00",40.1,0.8,1300,9425900,
"PVS","14:29:55",40.1,0.8,900,9424600,
"PVS","14:29:53",40.1,0.8,500,9423700,
"PVS","14:29:47",40.1,0.8,500,9423200,
"PVS","14:29:46",40.1,0.8,19300,9422700,
"PVS","14:29:45",40,0.7,6100,9403400,
"PVS","14:29:42",40,0.7,200,9397300,
"PVS","14:29:38",40,0.7,900,9397100,
"PVS","14:29:37",40,0.7,700,9396200,
"PVS","14:29:32",40,0.7,1500,9395500,
"PVS","14:29:29",40,0.7,200,9394000,
"PVS","14:29:26",40,0.7,2000,9393800,
"PVS","14:29:23",40,0.7,500,9391800,
"PVS","14:29:21",40,0.7,100,9391300,
"PVS","14:29:20",40,0.7,500,9391200,
"PVS","14:29:19",40,0.7,5000,9390700,
"PVS","14:29:18",40,0.7,38900,9385700,
"PVS","14:29:16",40,0.7,100,9346800,
"PVS","14:29:15",39.9,0.6,100,9346700,
"PVS","14:29:10",40,0.7,100,9346600,
"PVS","14:29:09",40,0.7,1000,9346500,
"PVS","14:29:05",40,0.7,1300,9345500,
"PVS","14:29:04",40,0.7,100,9344200,
"PVS","14:29:03",40,0.7,2000,9344100,
"PVS","14:28:56",40,0.7,1000,9342100,
"PVS","14:28:54",40,0.7,100,9341100,
"PVS","14:28:53",40,0.7,3700,9341000,
"PVS","14:28:52",40,0.7,4400,9337300,
"PVS","14:28:51",40,0.7,4500,9332900,
"PVS","14:28:50",40,0.7,1500,9328400,
"PVS","14:28:49",40,0.7,500,9326900,
"PVS","14:28:48",40,0.7,1500,9326400,
"PVS","14:28:47",40,0.7,20700,9324900,
"PVS","14:28:46",40,0.7,13100,9304200,
"PVS","14:28:45",40,0.7,2200,9291100,
"PVS","14:28:44",40,0.7,1900,9288900,
"PVS","14:28:43",40,0.7,6000,9287000,
"PVS","14:28:42",40,0.7,1000,9281000,
"PVS","14:28:41",40,0.7,11000,9280000,
"PVS","14:28:39",40,0.7,25000,9269000,
"PVS","14:28:38",40.1,0.8,600,9244000,
"PVS","14:28:37",40,0.7,1800,9243400,
"PVS","14:28:34",40,0.7,2000,9241600,
"PVS","14:28:33",40,0.7,5800,9239600,
"PVS","14:28:32",40,0.7,8000,9233800,
"PVS","14:28:31",40,0.7,7700,9225800,
"PVS","14:28:29",40,0.7,50000,9218100,
"PVS","14:28:17",40,0.7,2000,9168100,
"PVS","14:28:15",40,0.7,1400,9166100,
"PVS","14:28:10",40,0.7,2300,9164700,
"PVS","14:28:08",40.1,0.8,200,9162400,
"PVS","14:27:59",40.1,0.8,1000,9162200,
"PVS","14:27:57",40.1,0.8,1000,9161200,
"PVS","14:27:54",40.1,0.8,3100,9160200,
"PVS","14:27:53",40,0.7,50000,9157100,
"PVS","14:27:50",40,0.7,2200,9107100,
"PVS","14:27:44",40,0.7,4000,9104900,
"PVS","14:27:43",40,0.7,500,9100900,
"PVS","14:27:42",40,0.7,500,9100400,
"PVS","14:27:27",40,0.7,100,9099900,
"PVS","14:27:25",40,0.7,1000,9099800,
"PVS","14:27:23",40,0.7,100,9098800,
"PVS","14:27:20",40.1,0.8,800,9098700,
"PVS","14:27:12",40,0.7,300,9097900,
"PVS","14:27:11",40,0.7,4000,9097600,
"PVS","14:27:03",40.1,0.8,200,9093600,
"PVS","14:26:59",40,0.7,6200,9093400,
"PVS","14:26:50",40,0.7,1900,9087200,
"PVS","14:26:47",40,0.7,1200,9085300,
"PVS","14:26:42",40.1,0.8,300,9084100,
"PVS","14:26:33",40.1,0.8,200,9083800,
"PVS","14:26:27",40.1,0.8,100,9083600,
"PVS","14:26:24",40.1,0.8,1000,9083500,
"PVS","14:26:23",40.1,0.8,100,9082500,
"PVS","14:26:22",40.1,0.8,1000,9082400,
"PVS","14:26:21",40.1,0.8,300,9081400,
"PVS","14:26:08",40.1,0.8,5900,9081100,
"PVS","14:26:07",40.1,0.8,3100,9075200,
"PVS","14:26:06",40.1,0.8,1000,9072100,
"PVS","14:26:02",40.1,0.8,16100,9071100,
"PVS","14:26:00",40.1,0.8,3500,9055000,
"PVS","14:25:58",40.1,0.8,2000,9051500,
"PVS","14:25:45",40.1,0.8,2000,9049500,
"PVS","14:25:35",40.1,0.8,400,9047500,
"PVS","14:25:34",40.1,0.8,5000,9047100,
"PVS","14:25:33",40.1,0.8,2000,9042100,
"PVS","14:25:29",40.1,0.8,5000,9040100,
"PVS","14:25:19",40.2,0.9,300,9035100,
"PVS","14:25:04",40.1,0.8,5000,9034800,
"PVS","14:24:56",40.1,0.8,4200,9029800,
"PVS","14:24:49",40.2,0.9,1400,9025600,
"PVS","14:24:42",40.1,0.8,1500,9024200,
"PVS","14:24:39",40.1,0.8,1000,9022700,
"PVS","14:24:32",40.2,0.9,1000,9021700,
"PVS","14:24:24",40.2,0.9,1000,9020700,
"PVS","14:23:59",40.2,0.9,100,9019700,
"PVS","14:23:53",40.1,0.8,200,9019600,
"PVS","14:23:51",40.1,0.8,2000,9019400,
"PVS","14:23:38",40.2,0.9,400,9017400,
"PVS","14:23:34",40.2,0.9,6600,9017000,
"PVS","14:23:33",40.2,0.9,5300,9010400,
"PVS","14:23:31",40.2,0.9,400,9005100,
"PVS","14:23:30",40.2,0.9,20000,9004700,
"PVS","14:23:27",40.2,0.9,1100,8984700,
"PVS","14:23:25",40.2,0.9,100,8983600,
"PVS","14:23:24",40.2,0.9,3500,8983500,
"PVS","14:23:22",40.2,0.9,1500,8980000,
"PVS","14:23:18",40.2,0.9,6400,8978500,
"PVS","14:23:12",40.2,0.9,3700,8972100,
"PVS","14:23:08",40.2,0.9,20000,8968400,
"PVS","14:23:03",40.2,0.9,3200,8948400,
"PVS","14:22:46",40.2,0.9,300,8945200,
"PVS","14:22:39",40.2,0.9,500,8944900,
"PVS","14:22:38",40.2,0.9,2000,8944400,
"PVS","14:22:28",40.2,0.9,600,8942400,
"PVS","14:22:26",40.2,0.9,600,8941800,
"PVS","14:22:19",40.2,0.9,2000,8941200,
"PVS","14:22:15",40.2,0.9,1400,8939200,
"PVS","14:22:03",40.2,0.9,1000,8937800,
"PVS","14:21:56",40.2,0.9,300,8936800,
"PVS","14:21:50",40.2,0.9,500,8936500,
"PVS","14:21:45",40.2,0.9,500,8936000,
"PVS","14:21:22",40.3,1,5000,8935500,
"PVS","14:21:20",40.3,1,300,8930500,
"PVS","14:21:19",40.2,0.9,3200,8930200,
"PVS","14:21:13",40.2,0.9,1000,8927000,
"PVS","14:21:08",40.2,0.9,1800,8926000,
"PVS","14:21:03",40.2,0.9,7500,8924200,
"PVS","14:20:53",40.2,0.9,900,8916700,
"PVS","14:20:50",40.2,0.9,600,8915800,
"PVS","14:20:47",40.3,1,200,8915200,
"PVS","14:20:45",40.2,0.9,400,8915000,
"PVS","14:20:36",40.2,0.9,2000,8914600,
"PVS","14:20:35",40.2,0.9,200,8912600,
"PVS","14:20:34",40.2,0.9,500,8912400,
"PVS","14:20:32",40.3,1,100,8911900,
"PVS","14:20:31",40.3,1,300,8911800,
"PVS","14:20:21",40.3,1,900,8911500,
"PVS","14:20:20",40.3,1,5100,8910600,
"PVS","14:20:16",40.3,1,500,8905500,
"PVS","14:20:12",40.3,1,12800,8905000,
"PVS","14:20:06",40.3,1,300,8892200,
"PVS","14:20:00",40.3,1,18000,8891900,
"PVS","14:19:51",40.3,1,30000,8873900,
"PVS","14:19:47",40.3,1,3000,8843900,
"PVS","14:19:13",40.4,1.1,1000,8840900,
"PVS","14:19:02",40.4,1.1,500,8839900,
"PVS","14:18:50",40.4,1.1,1500,8839400,
"PVS","14:18:43",40.3,1,3000,8837900,
"PVS","14:18:30",40.4,1.1,200,8834900,
"PVS","14:18:23",40.4,1.1,6700,8834700,
"PVS","14:18:22",40.4,1.1,3000,8828000,
"PVS","14:18:14",40.4,1.1,100,8825000,
"PVS","14:17:44",40.4,1.1,200,8824900,
"PVS","14:17:39",40.4,1.1,200,8824700,
"PVS","14:17:14",40.3,1,5000,8824500,
"PVS","14:17:08",40.3,1,7000,8819500,
"PVS","14:16:55",40.3,1,11300,8812500,
"PVS","14:16:15",40.2,0.9,400,8801200,
"PVS","14:16:07",40.3,1,4800,8800800,
"PVS","14:16:05",40.3,1,200,8796000,
"PVS","14:16:00",40.3,1,5300,8795800,
"PVS","14:15:59",40.3,1,1000,8790500,
"PVS","14:15:58",40.3,1,200,8789500,
"PVS","14:15:56",40.3,1,300,8789300,
"PVS","14:15:54",40.3,1,200,8789000,
"PVS","14:15:46",40.3,1,25000,8788800,
"PVS","14:15:12",40.3,1,500,8763800,
"PVS","14:14:58",40.3,1,1300,8763300,
"PVS","14:14:52",40.3,1,400,8762000,
"PVS","14:14:51",40.3,1,100,8761600,
"PVS","14:14:49",40.3,1,10000,8761500,
"PVS","14:14:39",40.3,1,600,8751500,
"PVS","14:14:38",40.4,1.1,100,8750900,
"PVS","14:14:36",40.3,1,400,8750800,
"PVS","14:14:35",40.3,1,500,8750400,
"PVS","14:14:28",40.3,1,500,8749900,
"PVS","14:14:19",40.3,1,200,8749400,
"PVS","14:14:10",40.3,1,100,8749200,
"PVS","14:14:03",40.3,1,100,8749100,
"PVS","14:13:54",40.3,1,200,8749000,
"PVS","14:13:52",40.3,1,1000,8748800,
"PVS","14:13:51",40.3,1,100,8747800,
"PVS","14:13:48",40.3,1,200,8747700,
"PVS","14:13:46",40.3,1,200,8747500,
"PVS","14:13:42",40.3,1,2400,8747300,
"PVS","14:13:36",40.3,1,2800,8744900,
"PVS","14:13:31",40.3,1,200,8742100,
"PVS","14:13:30",40.3,1,100,8741900,
"PVS","14:13:26",40.3,1,1000,8741800,
"PVS","14:13:21",40.3,1,500,8740800,
"PVS","14:12:59",40.3,1,6000,8740300,
"PVS","14:12:40",40.3,1,100,8734300,
"PVS","14:12:32",40.3,1,1000,8734200,
"PVS","14:12:06",40.3,1,1000,8733200,
"PVS","14:12:04",40.4,1.1,100,8732200,
"PVS","14:11:53",40.4,1.1,2000,8732100,
"PVS","14:11:49",40.3,1,1600,8730100,
"PVS","14:11:42",40.3,1,5000,8728500,
"PVS","14:11:36",40.3,1,300,8723500,
"PVS","14:11:35",40.3,1,100,8723200,
"PVS","14:11:23",40.3,1,100,8723100,
"PVS","14:11:17",40.3,1,600,8723000,
"PVS","14:11:15",40.3,1,400,8722400,
"PVS","14:11:12",40.3,1,100,8722000,
"PVS","14:10:59",40.3,1,1000,8721900,
"PVS","14:10:47",40.3,1,2000,8720900,
"PVS","14:10:43",40.3,1,2500,8718900,
"PVS","14:10:31",40.3,1,100,8716400,
"PVS","14:10:04",40.3,1,400,8716300,
"PVS","14:09:59",40.3,1,2300,8715900,
"PVS","14:09:46",40.3,1,900,8713600,
"PVS","14:09:45",40.3,1,14000,8712700,
"PVS","14:09:43",40.3,1,300,8698700,
"PVS","14:09:41",40.3,1,200,8698400,
"PVS","14:09:39",40.3,1,300,8698200,
"PVS","14:09:38",40.3,1,6100,8697900,
"PVS","14:09:36",40.2,0.9,400,8691800,
"PVS","14:09:35",40.3,1,10000,8691400,
"PVS","14:09:24",40.3,1,200,8681400,
"PVS","14:09:22",40.3,1,500,8681200,
"PVS","14:09:02",40.3,1,4800,8680700,
"PVS","14:08:56",40.2,0.9,700,8675900,
"PVS","14:08:54",40.1,0.8,60000,8675200,
"PVS","14:08:53",40.3,1,7000,8615200,
"PVS","14:08:44",40.3,1,500,8608200,
"PVS","14:08:43",40.2,0.9,100,8607700,
"PVS","14:08:30",40.2,0.9,600,8607600,
"PVS","14:08:28",40.3,1,2200,8607000,
"PVS","14:08:27",40.2,0.9,400,8604800,
"PVS","14:08:22",40.3,1,500,8604400,
"PVS","14:08:08",40.3,1,3400,8603900,
"PVS","14:08:05",40.2,0.9,200,8600500,
"PVS","14:08:04",40.2,0.9,30100,8600300,
"PVS","14:08:01",40.3,1,500,8570200,
"PVS","14:07:59",40.3,1,300,8569700,
"PVS","14:07:55",40.3,1,1600,8569400,
"PVS","14:07:53",40.3,1,2000,8567800,
"PVS","14:07:45",40.2,0.9,31000,8565800,
"PVS","14:07:44",40.3,1,5000,8534800,
"PVS","14:07:39",40.3,1,1000,8529800,
"PVS","14:07:33",40.2,0.9,100,8528800,
"PVS","14:07:22",40.2,0.9,5000,8528700,
"PVS","14:07:18",40.2,0.9,22100,8523700,
"PVS","14:07:12",40.2,0.9,20000,8501600,
"PVS","14:07:09",40.2,0.9,20000,8481600,
"PVS","14:07:04",40.2,0.9,100,8461600,
"PVS","14:06:57",40.1,0.8,1000,8461500,
"PVS","14:06:55",40.2,0.9,100,8460500,
"PVS","14:06:54",40.2,0.9,300,8460400,
"PVS","14:06:51",40.2,0.9,2700,8460100,
"PVS","14:06:49",40.2,0.9,500,8457400,
"PVS","14:06:45",40.2,0.9,1000,8456900,
"PVS","14:06:41",40.2,0.9,200,8455900,
"PVS","14:06:31",40.2,0.9,500,8455700,
"PVS","14:06:26",40.2,0.9,200,8455200,
"PVS","14:06:23",40.1,0.8,1000,8455000,
"PVS","14:06:18",40.2,0.9,300,8454000,
"PVS","14:06:12",40.2,0.9,100,8453700,
"PVS","14:06:08",40.2,0.9,1500,8453600,
"PVS","14:06:07",40.2,0.9,1300,8452100,
"PVS","14:06:06",40.2,0.9,100,8450800,
"PVS","14:06:04",40.2,0.9,5000,8450700,
"PVS","14:06:03",40.2,0.9,1600,8445700,
"PVS","14:06:00",40.2,0.9,1000,8444100,
"PVS","14:05:54",40.2,0.9,2300,8443100,
"PVS","14:05:53",40.2,0.9,100,8440800,
"PVS","14:05:52",40.2,0.9,500,8440700,
"PVS","14:05:49",40.2,0.9,1200,8440200,
"PVS","14:05:48",40.2,0.9,3200,8439000,
"PVS","14:05:45",40.2,0.9,20000,8435800,
"PVS","14:05:39",40.2,0.9,5000,8415800,
"PVS","14:05:33",40.1,0.8,200,8410800,
"PVS","14:05:24",40.1,0.8,400,8410600,
"PVS","14:05:23",40.2,0.9,500,8410200,
"PVS","14:05:08",40.2,0.9,20400,8409700,
"PVS","14:04:58",40.2,0.9,14400,8389300,
"PVS","14:04:56",40.2,0.9,400,8374900,
"PVS","14:04:50",40.2,0.9,100,8374500,
"PVS","14:04:48",40.2,0.9,100,8374400,
"PVS","14:04:38",40.2,0.9,5600,8374300,
"PVS","14:04:33",40.2,0.9,9000,8368700,
"PVS","14:04:30",40.2,0.9,1000,8359700,
"PVS","14:04:27",40.2,0.9,1000,8358700,
"PVS","14:04:26",40.2,0.9,300,8357700,
"PVS","14:04:24",40.2,0.9,3400,8357400,
"PVS","14:04:18",40.2,0.9,1800,8354000,
"PVS","14:04:17",40.2,0.9,1000,8352200,
"PVS","14:04:15",40.1,0.8,3400,8351200,
"PVS","14:04:11",40.2,0.9,200,8347800,
"PVS","14:04:07",40.2,0.9,100,8347600,
"PVS","14:04:03",40.2,0.9,1000,8347500,
"PVS","14:04:02",40.1,0.8,1500,8346500,
"PVS","14:04:00",40.1,0.8,2000,8345000,
"PVS","14:03:59",40.1,0.8,1000,8343000,
"PVS","14:03:58",40.2,0.9,200,8342000,
"PVS","14:03:54",40.2,0.9,13800,8341800,
"PVS","14:03:48",40.2,0.9,1000,8328000,
"PVS","14:03:44",40.2,0.9,200,8327000,
"PVS","14:03:43",40.2,0.9,11400,8326800,
"PVS","14:03:34",40.2,0.9,200,8315400,
"PVS","14:03:30",40.2,0.9,1000,8315200,
"PVS","14:03:22",40.2,0.9,200,8314200,
"PVS","14:03:19",40.2,0.9,90700,8314000,
"PVS","14:03:16",40.2,0.9,9000,8223300,
"PVS","14:03:10",40.3,1,4300,8214300,
"PVS","14:03:04",40.3,1,100,8210000,
"PVS","14:02:57",40.3,1,200,8209900,
"PVS","14:02:56",40.3,1,500,8209700,
"PVS","14:02:52",40.3,1,8600,8209200,
"PVS","14:02:48",40.3,1,5000,8200600,
"PVS","14:02:44",40.3,1,2000,8195600,
"PVS","14:02:42",40.3,1,500,8193600,
"PVS","14:02:37",40.4,1.1,20100,8193100,
"PVS","14:02:32",40.3,1,6000,8173000,
"PVS","14:02:09",40.3,1,10000,8167000,
"PVS","14:02:05",40.3,1,3000,8157000,
"PVS","14:02:04",40.4,1.1,500,8154000,
"PVS","14:02:03",40.4,1.1,1000,8153500,
"PVS","14:02:02",40.4,1.1,2600,8152500,
"PVS","14:01:56",40.3,1,300,8149900,
"PVS","14:01:51",40.4,1.1,5600,8149600,
"PVS","14:01:49",40.4,1.1,400,8144000,
"PVS","14:01:35",40.4,1.1,1800,8143600,
"PVS","14:01:30",40.3,1,200,8141800,
"PVS","14:01:28",40.4,1.1,1900,8141600,
"PVS","14:01:24",40.4,1.1,1000,8139700,
"PVS","14:01:21",40.4,1.1,100,8138700,
"PVS","14:01:16",40.3,1,5000,8138600,
"PVS","14:00:58",40.4,1.1,200,8133600,
"PVS","14:00:53",40.4,1.1,5000,8133400,
"PVS","14:00:37",40.4,1.1,5000,8128400,
"PVS","14:00:32",40.4,1.1,100,8123400,
"PVS","14:00:31",40.4,1.1,20000,8123300,
"PVS","14:00:12",40.4,1.1,1000,8103300,
"PVS","14:00:08",40.4,1.1,100,8102300,
"PVS","14:00:06",40.4,1.1,100,8102200,
"PVS","14:00:01",40.4,1.1,1000,8102100,
"PVS","13:59:58",40.4,1.1,200,8101100,
"PVS","13:59:45",40.4,1.1,100,8100900,
"PVS","13:59:35",40.4,1.1,500,8100800,
"PVS","13:59:19",40.4,1.1,2300,8100300,
"PVS","13:59:05",40.4,1.1,400,8098000,
"PVS","13:58:30",40.5,1.2,300,8097600,
"PVS","13:58:27",40.4,1.1,100,8097300,
"PVS","13:58:02",40.4,1.1,5000,8097200,
"PVS","13:57:58",40.5,1.2,200,8092200,
"PVS","13:57:36",40.5,1.2,500,8092000,
"PVS","13:57:07",40.5,1.2,15300,8091500,
"PVS","13:56:11",40.5,1.2,100,8076200,
"PVS","13:56:08",40.5,1.2,3000,8076100,
"PVS","13:56:05",40.5,1.2,600,8073100,
"PVS","13:56:02",40.5,1.2,500,8072500,
"PVS","13:55:51",40.5,1.2,100,8072000,
"PVS","13:55:34",40.5,1.2,400,8071900,
"PVS","13:55:30",40.5,1.2,2300,8071500,
"PVS","13:55:10",40.6,1.3,300,8069200,
"PVS","13:55:01",40.6,1.3,10000,8068900,
"PVS","13:54:59",40.5,1.2,10000,8058900,
"PVS","13:54:49",40.5,1.2,300,8048900,
"PVS","13:54:43",40.5,1.2,300,8048600,
"PVS","13:54:42",40.5,1.2,73900,8048300,
"PVS","13:54:11",40.5,1.2,100,7974400,
"PVS","13:54:09",40.4,1.1,1000,7974300,
"PVS","13:54:04",40.5,1.2,3000,7973300,
"PVS","13:53:53",40.4,1.1,1500,7970300,
"PVS","13:53:47",40.5,1.2,1400,7968800,
"PVS","13:53:44",40.4,1.1,300,7967400,
"PVS","13:53:21",40.4,1.1,200,7967100,
"PVS","13:53:20",40.4,1.1,400,7966900,
"PVS","13:53:17",40.4,1.1,20000,7966500,
"PVS","13:53:16",40.4,1.1,10000,7946500,
"PVS","13:53:15",40.4,1.1,200,7936500,
"PVS","13:53:08",40.4,1.1,400,7936300,
"PVS","13:53:06",40.4,1.1,5000,7935900,
"PVS","13:52:54",40.3,1,100,7930900,
"PVS","13:52:53",40.4,1.1,500,7930800,
"PVS","13:52:50",40.3,1,200,7930300,
"PVS","13:52:48",40.4,1.1,3000,7930100,
"PVS","13:52:46",40.3,1,1000,7927100,
"PVS","13:52:45",40.3,1,2200,7926100,
"PVS","13:52:36",40.3,1,100,7923900,
"PVS","13:52:33",40.3,1,100,7923800,
"PVS","13:52:32",40.3,1,19100,7923700,
"PVS","13:52:31",40.2,0.9,3500,7904600,
"PVS","13:52:30",40.3,1,3000,7901100,
"PVS","13:52:29",40.2,0.9,1000,7898100,
"PVS","13:52:28",40.3,1,2900,7897100,
"PVS","13:52:26",40.3,1,10900,7894200,
"PVS","13:52:25",40.3,1,200,7883300,
"PVS","13:52:20",40.3,1,100,7883100,
"PVS","13:52:18",40.3,1,400,7883000,
"PVS","13:52:12",40.3,1,1000,7882600,
"PVS","13:52:10",40.3,1,100,7881600,
"PVS","13:52:09",40.2,0.9,400,7881500,
"PVS","13:52:04",40.3,1,28600,7881100,
"PVS","13:52:02",40.3,1,2000,7852500,
"PVS","13:51:57",40.3,1,12000,7850500,
"PVS","13:51:53",40.3,1,2300,7838500,
"PVS","13:51:47",40.3,1,5000,7836200,
"PVS","13:51:44",40.4,1.1,200,7831200,
"PVS","13:51:41",40.3,1,500,7831000,
"PVS","13:51:40",40.3,1,500,7830500,
"PVS","13:51:39",40.4,1.1,500,7830000,
"PVS","13:51:37",40.3,1,2000,7829500,
"PVS","13:51:32",40.3,1,3000,7827500,
"PVS","13:51:21",40.3,1,2000,7824500,
"PVS","13:51:13",40.3,1,400,7822500,
"PVS","13:51:12",40.3,1,100,7822100,
"PVS","13:51:08",40.3,1,10000,7822000,
"PVS","13:51:06",40.3,1,300,7812000,
"PVS","13:51:04",40.3,1,200,7811700,
"PVS","13:51:02",40.3,1,4000,7811500,
"PVS","13:50:45",40.3,1,5000,7807500,
"PVS","13:50:42",40.3,1,8500,7802500,
"PVS","13:50:27",40.3,1,3400,7794000,
"PVS","13:50:13",40.3,1,20000,7790600,
"PVS","13:50:10",40.3,1,10000,7770600,
"PVS","13:50:05",40.3,1,9000,7760600,
"PVS","13:50:03",40.3,1,500,7751600,
"PVS","13:49:58",40.3,1,2000,7751100,
"PVS","13:49:51",40.3,1,20000,7749100,
"PVS","13:49:37",40.3,1,500,7729100,
"PVS","13:49:36",40.4,1.1,700,7728600,
"PVS","13:49:31",40.3,1,300,7727900,
"PVS","13:49:29",40.3,1,1800,7727600,
"PVS","13:49:18",40.3,1,100,7725800,
"PVS","13:49:11",40.3,1,100,7725700,
"PVS","13:48:51",40.3,1,300,7725600,
"PVS","13:48:49",40.3,1,200,7725300,
"PVS","13:48:43",40.3,1,300,7725100,
"PVS","13:48:42",40.3,1,1000,7724800,
"PVS","13:48:41",40.3,1,3000,7723800,
"PVS","13:48:40",40.3,1,1000,7720800,
"PVS","13:48:37",40.3,1,100,7719800,
"PVS","13:48:33",40.3,1,1000,7719700,
"PVS","13:48:22",40.3,1,1000,7718700,
"PVS","13:48:15",40.3,1,500,7717700,
"PVS","13:48:12",40.3,1,300,7717200,
"PVS","13:48:11",40.3,1,1000,7716900,
"PVS","13:47:59",40.3,1,2000,7715900,
"PVS","13:47:43",40.3,1,2500,7713900,
"PVS","13:47:42",40.4,1.1,900,7711400,
"PVS","13:47:40",40.3,1,3400,7710500,
"PVS","13:47:38",40.4,1.1,200,7707100,
"PVS","13:47:34",40.3,1,32000,7706900,
"PVS","13:47:17",40.4,1.1,5000,7674900,
"PVS","13:47:13",40.4,1.1,12000,7669900,
"PVS","13:47:11",40.4,1.1,2000,7657900,
"PVS","13:46:52",40.4,1.1,2100,7655900,
"PVS","13:46:36",40.4,1.1,57400,7653800,
"PVS","13:46:20",40.4,1.1,300,7596400,
"PVS","13:46:00",40.4,1.1,5000,7596100,
"PVS","13:45:45",40.5,1.2,100,7591100,
"PVS","13:45:38",40.4,1.1,700,7591000,
"PVS","13:45:36",40.4,1.1,400,7590300,
"PVS","13:45:25",40.4,1.1,200,7589900,
"PVS","13:45:22",40.4,1.1,700,7589700,
"PVS","13:45:21",40.4,1.1,7200,7589000,
"PVS","13:45:17",40.4,1.1,400,7581800,
"PVS","13:45:11",40.4,1.1,100,7581400,
"PVS","13:45:06",40.4,1.1,1000,7581300,
"PVS","13:45:00",40.4,1.1,12000,7580300,
"PVS","13:44:48",40.4,1.1,100,7568300,
"PVS","13:44:37",40.3,1,20000,7568200,
"PVS","13:44:27",40.4,1.1,1000,7548200,
"PVS","13:44:22",40.3,1,2000,7547200,
"PVS","13:44:14",40.4,1.1,100,7545200,
"PVS","13:44:10",40.4,1.1,200,7545100,
"PVS","13:44:01",40.4,1.1,200,7544900,
"PVS","13:43:58",40.4,1.1,100,7544700,
"PVS","13:43:41",40.4,1.1,1000,7544600,
"PVS","13:43:18",40.5,1.2,900,7380900,
"PVS","13:43:00",40.5,1.2,500,7380000,
"PVS","13:42:51",40.4,1.1,300,7379500,
"PVS","13:42:45",40.4,1.1,600,7379200,
"PVS","13:42:42",40.4,1.1,400,7378600,
"PVS","13:42:16",40.5,1.2,100,7378200,
"PVS","13:41:53",40.5,1.2,7500,7378100,
"PVS","13:41:34",40.5,1.2,500,7370600,
"PVS","13:41:31",40.5,1.2,10000,7370100,
"PVS","13:41:29",40.5,1.2,10000,7360100,
"PVS","13:41:20",40.5,1.2,100,7350100,
"PVS","13:40:57",40.5,1.2,2000,7350000,
"PVS","13:40:51",40.4,1.1,2300,7348000,
"PVS","13:40:50",40.5,1.2,100,7345700,
"PVS","13:40:21",40.5,1.2,100,7345600,
"PVS","13:40:09",40.5,1.2,6300,7345500,
"PVS","13:40:00",40.5,1.2,400,7339200,
"PVS","13:39:56",40.5,1.2,600,7338800,
"PVS","13:39:54",40.5,1.2,400,7338200,
"PVS","13:39:53",40.5,1.2,20000,7337800,
"PVS","13:39:43",40.5,1.2,25800,7317800,
"PVS","13:39:20",40.5,1.2,200,7292000,
"PVS","13:39:08",40.5,1.2,400,7291800,
"PVS","13:39:06",40.5,1.2,600,7291400,
"PVS","13:39:05",40.5,1.2,500,7290800,
"PVS","13:39:03",40.5,1.2,500,7290300,
"PVS","13:39:01",40.5,1.2,500,7289800,
"PVS","13:38:49",40.5,1.2,5000,7289300,
"PVS","13:38:38",40.5,1.2,2000,7284300,
"PVS","13:38:34",40.5,1.2,5000,7282300,
"PVS","13:38:29",40.5,1.2,2300,7277300,
"PVS","13:38:27",40.5,1.2,12000,7275000,
"PVS","13:38:19",40.5,1.2,200,7263000,
"PVS","13:38:13",40.5,1.2,20000,7262800,
"PVS","13:37:58",40.5,1.2,20600,7242800,
"PVS","13:37:40",40.5,1.2,200,7222200,
"PVS","13:37:26",40.6,1.3,1400,7222000,
"PVS","13:37:23",40.6,1.3,100,7220600,
"PVS","13:37:10",40.6,1.3,1500,7220500,
"PVS","13:36:52",40.5,1.2,3000,7219000,
"PVS","13:36:43",40.6,1.3,100,7216000,
"PVS","13:36:38",40.6,1.3,2300,7215900,
"PVS","13:36:36",40.6,1.3,300,7213600,
"PVS","13:36:18",40.6,1.3,400,7213300,
"PVS","13:36:15",40.7,1.4,100,7212900,
"PVS","13:36:02",40.6,1.3,2400,7212800,
"PVS","13:35:56",40.6,1.3,300,7210400,
"PVS","13:35:36",40.6,1.3,200,7210100,
"PVS","13:35:33",40.6,1.3,1600,7209900,
"PVS","13:35:26",40.6,1.3,100,7208300,
"PVS","13:35:15",40.6,1.3,500,7208200,
"PVS","13:35:09",40.6,1.3,16900,7207700,
"PVS","13:35:07",40.6,1.3,500,7190800,
"PVS","13:34:57",40.6,1.3,2100,7190300,
"PVS","13:34:49",40.6,1.3,50000,7188200,
"PVS","13:34:45",40.7,1.4,100,7138200,
"PVS","13:34:44",40.7,1.4,10000,7138100,
"PVS","13:34:21",40.7,1.4,100,7128100,
"PVS","13:34:13",40.6,1.3,500,7128000,
"PVS","13:34:10",40.7,1.4,100,7127500,
"PVS","13:33:53",40.7,1.4,300,7127400,
"PVS","13:33:44",40.7,1.4,400,7127100,
"PVS","13:33:40",40.7,1.4,10000,7126700,
"PVS","13:33:36",40.7,1.4,500,7116700,
"PVS","13:33:33",40.7,1.4,1500,7116200,
"PVS","13:33:30",40.7,1.4,1000,7114700,
"PVS","13:33:25",40.7,1.4,20000,7113700,
"PVS","13:33:21",40.7,1.4,600,7093700,
"PVS","13:33:20",40.8,1.5,6400,7093100,
"PVS","13:33:19",40.7,1.4,400,7086700,
"PVS","13:33:15",40.7,1.4,500,7086300,
"PVS","13:33:14",40.7,1.4,600,7085800,
"PVS","13:33:12",40.7,1.4,400,7085200,
"PVS","13:32:31",40.8,1.5,36800,7084800,
"PVS","13:32:13",40.8,1.5,1700,7048000,
"PVS","13:31:57",40.8,1.5,7000,7046300,
"PVS","13:31:34",40.8,1.5,1000,7039300,
"PVS","13:31:26",40.9,1.6,10000,7038300,
"PVS","13:31:16",40.8,1.5,200,7028300,
"PVS","13:31:04",40.8,1.5,1000,7028100,
"PVS","13:31:01",40.8,1.5,500,7027100,
"PVS","13:30:56",40.8,1.5,200,7026600,
"PVS","13:30:47",40.8,1.5,2000,7026400,
"PVS","13:30:40",40.8,1.5,100,7024400,
"PVS","13:30:35",40.8,1.5,100,7024300,
"PVS","13:30:29",40.8,1.5,200,7024200,
"PVS","13:30:27",40.9,1.6,200,7024000,
"PVS","13:30:26",40.8,1.5,600,7023800,
"PVS","13:30:19",40.8,1.5,100,7023200,
"PVS","13:30:15",40.8,1.5,110800,7023100,
"PVS","13:30:11",40.8,1.5,100,6912300,
"PVS","13:30:01",40.7,1.4,1500,6912200,
"PVS","13:29:28",40.7,1.4,100,6910700,
"PVS","13:29:24",40.7,1.4,1000,6910600,
"PVS","13:29:07",40.7,1.4,7200,6909600,
"PVS","13:29:06",40.7,1.4,100,6902400,
"PVS","13:28:55",40.7,1.4,500,6902300,
"PVS","13:28:52",40.7,1.4,2700,6901800,
"PVS","13:28:35",40.7,1.4,1000,6899100,
"PVS","13:28:26",40.7,1.4,3000,6898100,
"PVS","13:28:25",40.6,1.3,200,6895100,
"PVS","13:28:24",40.7,1.4,5000,6894900,
"PVS","13:28:21",40.7,1.4,1600,6889900,
"PVS","13:28:05",40.6,1.3,2300,6888300,
"PVS","13:27:53",40.7,1.4,500,6886000,
"PVS","13:27:46",40.7,1.4,500,6885500,
"PVS","13:27:43",40.7,1.4,3200,6885000,
"PVS","13:27:41",40.7,1.4,700,6881800,
"PVS","13:27:37",40.7,1.4,10900,6881100,
"PVS","13:27:30",40.7,1.4,500,6870200,
"PVS","13:27:27",40.7,1.4,2100,6869700,
"PVS","13:27:24",40.7,1.4,2600,6867600,
"PVS","13:27:01",40.7,1.4,50000,6865000,
"PVS","13:26:56",40.6,1.3,100,6815000,
"PVS","13:26:54",40.6,1.3,3000,6814900,
"PVS","13:26:49",40.7,1.4,3400,6811900,
"PVS","13:26:29",40.7,1.4,1000,6808500,
"PVS","13:26:21",40.7,1.4,5000,6807500,
"PVS","13:25:51",40.7,1.4,100,6802500,
"PVS","13:25:42",40.6,1.3,600,6802400,
"PVS","13:25:39",40.6,1.3,400,6801800,
"PVS","13:25:35",40.6,1.3,5000,6801400,
"PVS","13:25:34",40.6,1.3,3300,6796400,
"PVS","13:25:32",40.6,1.3,400,6793100,
"PVS","13:25:28",40.7,1.4,12000,6792700,
"PVS","13:24:52",40.7,1.4,200,6780700,
"PVS","13:24:24",40.7,1.4,500,6780500,
"PVS","13:24:03",40.7,1.4,200,6780000,
"PVS","13:23:52",40.6,1.3,500,6779800,
"PVS","13:23:34",40.6,1.3,400,6779300,
"PVS","13:23:31",40.6,1.3,5000,6778900,
"PVS","13:23:17",40.6,1.3,500,6773900,
"PVS","13:23:14",40.6,1.3,400,6773400,
"PVS","13:23:13",40.6,1.3,64700,6773000,
"PVS","13:23:03",40.5,1.2,100,6708300,
"PVS","13:23:00",40.5,1.2,100,6708200,
"PVS","13:22:55",40.5,1.2,100,6708100,
"PVS","13:22:54",40.5,1.2,400,6708000,
"PVS","13:22:21",40.5,1.2,500,6707600,
"PVS","13:22:15",40.6,1.3,2000,6707100,
"PVS","13:22:11",40.5,1.2,2300,6705100,
"PVS","13:22:10",40.5,1.2,1500,6702800,
"PVS","13:22:08",40.5,1.2,1000,6701300,
"PVS","13:21:56",40.6,1.3,100,6700300,
"PVS","13:21:18",40.6,1.3,100,6700200,
"PVS","13:21:03",40.5,1.2,2700,6700100,
"PVS","13:20:59",40.5,1.2,600,6697400,
"PVS","13:20:58",40.5,1.2,1000,6696800,
"PVS","13:20:57",40.5,1.2,400,6695800,
"PVS","13:20:48",40.5,1.2,400,6695400,
"PVS","13:20:47",40.5,1.2,3000,6695000,
"PVS","13:20:35",40.6,1.3,500,6692000,
"PVS","13:20:20",40.5,1.2,600,6691500,
"PVS","13:20:17",40.5,1.2,400,6690900,
"PVS","13:20:08",40.5,1.2,2300,6690500,
"PVS","13:19:56",40.6,1.3,100,6688200,
"PVS","13:19:08",40.6,1.3,600,6688100,
"PVS","13:18:31",40.6,1.3,100,6687500,
"PVS","13:18:01",40.5,1.2,300,6687400,
"PVS","13:17:55",40.5,1.2,500,6687100,
"PVS","13:17:51",40.5,1.2,400,6686600,
"PVS","13:17:38",40.5,1.2,2500,6686200,
"PVS","13:17:35",40.5,1.2,600,6683700,
"PVS","13:17:33",40.5,1.2,400,6683100,
"PVS","13:17:30",40.5,1.2,500,6682700,
"PVS","13:17:29",40.5,1.2,500,6682200,
"PVS","13:17:28",40.5,1.2,600,6681700,
"PVS","13:17:26",40.5,1.2,400,6681100,
"PVS","13:17:15",40.5,1.2,6000,6680700,
"PVS","13:17:07",40.5,1.2,3000,6674700,
"PVS","13:16:57",40.5,1.2,300,6671700,
"PVS","13:16:43",40.5,1.2,8000,6671400,
"PVS","13:16:36",40.5,1.2,1000,6663400,
"PVS","13:16:26",40.5,1.2,1200,6662400,
"PVS","13:16:13",40.5,1.2,500,6661200,
"PVS","13:16:02",40.5,1.2,40200,6660700,
"PVS","13:15:46",40.5,1.2,400,6620500,
"PVS","13:15:45",40.5,1.2,100,6620100,
"PVS","13:15:29",40.5,1.2,100,6620000,
"PVS","13:15:00",40.5,1.2,4000,6619900,
"PVS","13:14:18",40.6,1.3,300,6615900,
"PVS","13:14:07",40.5,1.2,500,6615600,
"PVS","13:14:04",40.6,1.3,300,6615100,
"PVS","13:13:58",40.6,1.3,900,6614800,
"PVS","13:13:57",40.5,1.2,10000,6613900,
"PVS","13:13:29",40.6,1.3,300,6603900,
"PVS","13:13:28",40.6,1.3,1700,6603600,
"PVS","13:13:22",40.6,1.3,200,6601900,
"PVS","13:13:19",40.6,1.3,1200,6601700,
"PVS","13:13:04",40.7,1.4,3400,6600500,
"PVS","13:12:56",40.6,1.3,100,6597100,
"PVS","13:12:55",40.6,1.3,200,6597000,
"PVS","13:12:49",40.6,1.3,100,6596800,
"PVS","13:12:48",40.6,1.3,8000,6596700,
"PVS","13:12:42",40.6,1.3,500,6588700,
"PVS","13:12:39",40.5,1.2,1000,6588100,
"PVS","13:12:38",40.5,1.2,2300,6587100,
"PVS","13:12:21",40.6,1.3,1000,6584800,
"PVS","13:12:12",40.6,1.3,200,6583800,
"PVS","13:12:09",40.6,1.3,19700,6583600,
"PVS","13:12:06",40.6,1.3,3800,6563900,
"PVS","13:11:57",40.7,1.4,1000,6560100,
"PVS","13:11:48",40.7,1.4,300,6559100,
"PVS","13:11:40",40.7,1.4,1000,6558800,
"PVS","13:11:39",40.6,1.3,600,6557800,
"PVS","13:11:37",40.7,1.4,100,6557200,
"PVS","13:11:36",40.6,1.3,400,6557100,
"PVS","13:11:28",40.6,1.3,1000,6556700,
"PVS","13:11:23",40.7,1.4,20000,6555700,
"PVS","13:11:18",40.6,1.3,40000,6535700,
"PVS","13:11:17",40.6,1.3,1000,6495700,
"PVS","13:11:16",40.5,1.2,2500,6494700,
"PVS","13:11:09",40.6,1.3,2000,6492200,
"PVS","13:11:02",40.5,1.2,600,6490200,
"PVS","13:10:59",40.5,1.2,10400,6489600,
"PVS","13:10:44",40.5,1.2,1000,6479200,
"PVS","13:10:42",40.6,1.3,1000,6478200,
"PVS","13:10:17",40.6,1.3,900,6477200,
"PVS","13:10:07",40.5,1.2,3500,6476300,
"PVS","13:10:01",40.5,1.2,300,6472800,
"PVS","13:09:40",40.6,1.3,900,6472500,
"PVS","13:09:33",40.5,1.2,500,6471600,
"PVS","13:09:15",40.6,1.3,5000,6471100,
"PVS","13:09:10",40.6,1.3,12000,6466100,
"PVS","13:09:06",40.6,1.3,3000,6454100,
"PVS","13:08:55",40.6,1.3,1000,6451100,
"PVS","13:08:46",40.6,1.3,20000,6450100,
"PVS","13:08:28",40.6,1.3,100,6430100,
"PVS","13:08:19",40.6,1.3,500,6430000,
"PVS","13:07:54",40.6,1.3,500,6429500,
"PVS","13:07:43",40.6,1.3,600,6429000,
"PVS","13:07:41",40.6,1.3,400,6428400,
"PVS","13:07:27",40.6,1.3,500,6428000,
"PVS","13:07:25",40.6,1.3,500,6427500,
"PVS","13:07:20",40.6,1.3,100,6427000,
"PVS","13:07:03",40.6,1.3,600,6426900,
"PVS","13:07:01",40.6,1.3,400,6426300,
"PVS","13:06:54",40.6,1.3,1000,6425900,
"PVS","13:06:53",40.6,1.3,1700,6424900,
"PVS","13:06:39",40.6,1.3,300,6423200,
"PVS","13:06:34",40.6,1.3,600,6422900,
"PVS","13:06:24",40.6,1.3,300,6422300,
"PVS","13:06:10",40.6,1.3,11400,6422000,
"PVS","13:06:07",40.6,1.3,2700,6410600,
"PVS","13:06:05",40.6,1.3,500,6407900,
"PVS","13:05:59",40.6,1.3,100,6407400,
"PVS","13:05:43",40.6,1.3,1000,6407300,
"PVS","13:05:39",40.6,1.3,39000,6406300,
"PVS","13:05:36",40.5,1.2,1000,6367300,
"PVS","13:05:27",40.5,1.2,600,6366300,
"PVS","13:05:24",40.5,1.2,400,6365700,
"PVS","13:05:17",40.5,1.2,600,6365300,
"PVS","13:05:15",40.5,1.2,400,6364700,
"PVS","13:04:57",40.5,1.2,100,6364300,
"PVS","13:04:52",40.5,1.2,100,6364200,
"PVS","13:04:43",40.5,1.2,100,6364100,
"PVS","13:04:27",40.5,1.2,500,6364000,
"PVS","13:04:26",40.5,1.2,33500,6363500,
"PVS","13:04:01",40.5,1.2,8000,6330000,
"PVS","13:03:56",40.5,1.2,500,6322000,
"PVS","13:03:40",40.5,1.2,1500,6321500,
"PVS","13:03:39",40.5,1.2,100,6320000,
"PVS","13:03:38",40.5,1.2,100,6319900,
"PVS","13:03:27",40.5,1.2,100,6319800,
"PVS","13:03:15",40.4,1.1,100,6319700,
"PVS","13:03:04",40.4,1.1,500,6319600,
"PVS","13:02:45",40.4,1.1,300,6319100,
"PVS","13:02:35",40.5,1.2,2000,6318800,
"PVS","13:02:34",40.4,1.1,3200,6316800,
"PVS","13:02:27",40.4,1.1,1500,6313600,
"PVS","13:02:23",40.4,1.1,400,6312100,
"PVS","13:02:02",40.5,1.2,100,6311700,
"PVS","13:01:42",40.5,1.2,200,6311600,
"PVS","13:01:41",40.4,1.1,600,6311400,
"PVS","13:01:34",40.4,1.1,200,6310800,
"PVS","13:01:33",40.4,1.1,200,6310600,
"PVS","13:01:24",40.5,1.2,1000,6310400,
"PVS","13:01:22",40.5,1.2,1000,6309400,
"PVS","13:01:11",40.5,1.2,1000,6308400,
"PVS","13:01:07",40.5,1.2,1000,6307400,
"PVS","13:01:04",40.5,1.2,800,6306400,
"PVS","13:01:01",40.5,1.2,3000,6305600,
"PVS","13:00:58",40.5,1.2,2400,6302600,
"PVS","13:00:57",40.5,1.2,1000,6300200,
"PVS","13:00:51",40.5,1.2,43800,6299200,
"PVS","13:00:06",40.5,1.2,100,6255400,
"PVS","13:00:05",40.6,1.3,9000,6255300,
"PVS","13:00:04",40.6,1.3,1600,6246300,
"PVS","13:00:03",40.6,1.3,18400,6244700,
"PVS","13:00:02",40.6,1.3,3900,6226300,
"PVS","11:29:41",40.6,1.3,400,6222400,
"PVS","11:29:19",40.6,1.3,100,6222000,
"PVS","11:28:56",40.6,1.3,400,6221900,
"PVS","11:28:22",40.6,1.3,100,6221500,
"PVS","11:28:19",40.6,1.3,100,6221400,
"PVS","11:28:13",40.6,1.3,4600,6221300,
"PVS","11:27:29",40.6,1.3,100,6216700,
"PVS","11:27:00",40.6,1.3,2200,6216600,
"PVS","11:26:55",40.6,1.3,1000,6214400,
"PVS","11:26:39",40.6,1.3,7300,6213400,
"PVS","11:25:59",40.5,1.2,400,6206100,
"PVS","11:25:47",40.5,1.2,200,6205700,
"PVS","11:25:35",40.5,1.2,400,6205500,
"PVS","11:25:19",40.5,1.2,1000,6205100,
"PVS","11:25:05",40.5,1.2,100,6204100,
"PVS","11:24:58",40.6,1.3,10000,6204000,
"PVS","11:24:23",40.5,1.2,2300,6194000,
"PVS","11:24:18",40.5,1.2,400,6191700,
"PVS","11:24:12",40.6,1.3,100,6191300,
"PVS","11:24:09",40.6,1.3,1200,6191200,
"PVS","11:24:06",40.6,1.3,1000,6190000,
"PVS","11:23:57",40.6,1.3,3000,6189000,
"PVS","11:23:44",40.6,1.3,1000,6186000,
"PVS","11:23:23",40.6,1.3,400,6185000,
"PVS","11:23:06",40.6,1.3,7400,6184600,
"PVS","11:22:43",40.6,1.3,5000,6177200,
"PVS","11:22:40",40.6,1.3,10000,6172200,
"PVS","11:22:25",40.6,1.3,300,6162200,
"PVS","11:21:29",40.5,1.2,2300,6161900,
"PVS","11:21:28",40.5,1.2,2000,6159600,
"PVS","11:20:46",40.6,1.3,200,6157600,
"PVS","11:20:42",40.5,1.2,400,6157400,
"PVS","11:20:20",40.5,1.2,200,6157000,
"PVS","11:20:05",40.6,1.3,4000,6156800,
"PVS","11:19:15",40.6,1.3,200,6152800,
"PVS","11:18:49",40.5,1.2,50000,6152600,
"PVS","11:18:48",40.6,1.3,2300,6102600,
"PVS","11:18:39",40.6,1.3,2600,6100300,
"PVS","11:18:37",40.6,1.3,3000,6097700,
"PVS","11:18:30",40.6,1.3,2000,6094700,
"PVS","11:18:08",40.6,1.3,500,6092700,
"PVS","11:17:36",40.6,1.3,100,6092200,
"PVS","11:17:21",40.6,1.3,100,6092100,
"PVS","11:17:08",40.6,1.3,500,6092000,
"PVS","11:16:52",40.6,1.3,2000,6091500,
"PVS","11:16:46",40.6,1.3,200,6089500,
"PVS","11:16:35",40.6,1.3,600,6089300,
"PVS","11:16:33",40.6,1.3,400,6088700,
"PVS","11:16:32",40.6,1.3,8000,6088300,
"PVS","11:16:16",40.6,1.3,500,6080300,
"PVS","11:15:32",40.6,1.3,100,6079800,
"PVS","11:15:20",40.6,1.3,2300,6079700,
"PVS","11:15:13",40.6,1.3,100,6077400,
"PVS","11:14:39",40.6,1.3,100,6077300,
"PVS","11:14:05",40.6,1.3,9600,6077200,
"PVS","11:13:51",40.7,1.4,300,6067600,
"PVS","11:13:23",40.6,1.3,100,6067300,
"PVS","11:13:03",40.6,1.3,13900,6067200,
"PVS","11:12:53",40.7,1.4,500,6053300,
"PVS","11:11:46",40.6,1.3,500,6052800,
"PVS","11:11:08",40.6,1.3,100,6052300,
"PVS","11:09:56",40.6,1.3,30000,6052200,
"PVS","11:09:41",40.6,1.3,1000,6022200,
"PVS","11:09:38",40.7,1.4,3500,6021200,
"PVS","11:09:27",40.7,1.4,500,6017700,
"PVS","11:09:12",40.6,1.3,200,6017200,
"PVS","11:08:43",40.6,1.3,500,6017000,
"PVS","11:07:29",40.6,1.3,2600,6016500,
"PVS","11:07:17",40.6,1.3,200,6013900,
"PVS","11:07:06",40.6,1.3,400,6013700,
"PVS","11:06:54",40.6,1.3,200,6013300,
"PVS","11:06:51",40.6,1.3,300,6013100,
"PVS","11:06:12",40.6,1.3,400,6012800,
"PVS","11:06:03",40.6,1.3,2000,6012400,
"PVS","11:05:45",40.6,1.3,100,6010400,
"PVS","11:05:39",40.6,1.3,20600,6010300,
"PVS","11:05:33",40.6,1.3,8800,5989700,
"PVS","11:05:30",40.6,1.3,1800,5980900,
"PVS","11:05:13",40.6,1.3,500,5979100,
"PVS","11:04:43",40.6,1.3,100,5978600,
"PVS","11:04:17",40.6,1.3,1000,5978500,
"PVS","11:04:02",40.6,1.3,100,5977500,
"PVS","11:03:58",40.6,1.3,300,5977400,
"PVS","11:03:56",40.6,1.3,500,5977100,
"PVS","11:03:42",40.5,1.2,400,5976600,
"PVS","11:03:15",40.5,1.2,700,5976200,
"PVS","11:03:11",40.5,1.2,700,5975500,
"PVS","11:03:10",40.5,1.2,5000,5974800,
"PVS","11:03:08",40.5,1.2,400,5969800,
"PVS","11:03:05",40.5,1.2,600,5969400,
"PVS","11:02:57",40.5,1.2,5900,5968800,
"PVS","11:02:56",40.5,1.2,7000,5962900,
"PVS","11:02:54",40.4,1.1,400,5955900,
"PVS","11:02:43",40.5,1.2,100,5955500,
"PVS","11:02:41",40.5,1.2,500,5955400,
"PVS","11:02:18",40.5,1.2,2000,5954900,
"PVS","11:01:53",40.5,1.2,200,5952900,
"PVS","11:01:51",40.4,1.1,1200,5952700,
"PVS","11:01:37",40.4,1.1,4500,5951500,
"PVS","11:00:55",40.4,1.1,4100,5947000,
"PVS","11:00:49",40.5,1.2,2000,5942900,
"PVS","11:00:25",40.4,1.1,1000,5940900,
"PVS","11:00:16",40.4,1.1,300,5939900,
"PVS","11:00:15",40.4,1.1,100,5939600,
"PVS","10:59:49",40.4,1.1,2000,5939500,
"PVS","10:59:42",40.4,1.1,5400,5937500,
"PVS","10:59:25",40.4,1.1,200,5932100,
"PVS","10:59:16",40.4,1.1,30000,5931900,
"PVS","10:59:05",40.4,1.1,500,5901900,
"PVS","10:58:39",40.4,1.1,100,5901400,
"PVS","10:57:44",40.4,1.1,1000,5901300,
"PVS","10:57:23",40.4,1.1,500,5900300,
"PVS","10:57:08",40.4,1.1,100,5899800,
"PVS","10:56:58",40.4,1.1,2300,5899700,
"PVS","10:56:20",40.5,1.2,500,5897400,
"PVS","10:56:11",40.4,1.1,500,5896900,
"PVS","10:56:05",40.4,1.1,11000,5896400,
"PVS","10:56:03",40.5,1.2,5000,5885400,
"PVS","10:55:59",40.5,1.2,3000,5880400,
"PVS","10:55:56",40.5,1.2,700,5877400,
"PVS","10:55:55",40.4,1.1,600,5876700,
"PVS","10:55:53",40.4,1.1,400,5876100,
"PVS","10:55:46",40.5,1.2,1700,5875700,
"PVS","10:55:35",40.5,1.2,2000,5874000,
"PVS","10:55:30",40.5,1.2,100,5872000,
"PVS","10:55:29",40.5,1.2,900,5871900,
"PVS","10:55:28",40.5,1.2,200,5871000,
"PVS","10:55:12",40.5,1.2,500,5870800,
"PVS","10:55:10",40.5,1.2,1000,5870300,
"PVS","10:55:03",40.5,1.2,100,5869300,
"PVS","10:54:35",40.5,1.2,500,5869200,
"PVS","10:54:25",40.5,1.2,1000,5868700,
"PVS","10:54:18",40.4,1.1,100,5867700,
"PVS","10:54:11",40.4,1.1,100,5867600,
"PVS","10:53:47",40.5,1.2,100,5867500,
"PVS","10:53:39",40.4,1.1,2000,5867400,
"PVS","10:53:36",40.5,1.2,2000,5865400,
"PVS","10:53:34",40.5,1.2,1100,5863400,
"PVS","10:53:25",40.4,1.1,1500,5862300,
"PVS","10:53:06",40.4,1.1,2300,5860800,
"PVS","10:52:56",40.4,1.1,1500,5858500,
"PVS","10:52:53",40.5,1.2,1300,5857000,
"PVS","10:52:49",40.5,1.2,3000,5855700,
"PVS","10:52:24",40.5,1.2,2000,5852700,
"PVS","10:52:21",40.5,1.2,2000,5850700,
"PVS","10:52:15",40.5,1.2,100,5848700,
"PVS","10:52:14",40.5,1.2,1000,5848600,
"PVS","10:52:05",40.5,1.2,1100,5847600,
"PVS","10:51:56",40.5,1.2,300,5846500,
"PVS","10:51:55",40.5,1.2,900,5846200,
"PVS","10:51:53",40.5,1.2,100,5845300,
"PVS","10:51:52",40.5,1.2,900,5845200,
"PVS","10:51:49",40.5,1.2,6000,5844300,
"PVS","10:51:43",40.5,1.2,3000,5838300,
"PVS","10:51:40",40.5,1.2,1000,5835300,
"PVS","10:51:31",40.5,1.2,2000,5834300,
"PVS","10:51:27",40.4,1.1,300,5832300,
"PVS","10:51:23",40.5,1.2,400,5832000,
"PVS","10:51:19",40.4,1.1,800,5831600,
"PVS","10:50:58",40.4,1.1,500,5830800,
"PVS","10:50:55",40.5,1.2,5000,5830300,
"PVS","10:50:36",40.4,1.1,1200,5825300,
"PVS","10:50:29",40.4,1.1,500,5824100,
"PVS","10:50:24",40.4,1.1,10000,5823600,
"PVS","10:50:06",40.5,1.2,1200,5813600,
"PVS","10:49:58",40.5,1.2,500,5812400,
"PVS","10:49:37",40.5,1.2,3800,5811900,
"PVS","10:49:35",40.5,1.2,1000,5808100,
"PVS","10:49:32",40.5,1.2,20000,5807100,
"PVS","10:49:28",40.5,1.2,1500,5787100,
"PVS","10:49:19",40.5,1.2,6000,5785600,
"PVS","10:49:16",40.5,1.2,5000,5779600,
"PVS","10:48:52",40.5,1.2,100,5774600,
"PVS","10:48:33",40.5,1.2,2300,5774500,
"PVS","10:48:19",40.5,1.2,1000,5772200,
"PVS","10:48:09",40.5,1.2,5000,5771200,
"PVS","10:48:06",40.5,1.2,10500,5766200,
"PVS","10:47:59",40.4,1.1,92500,5755700,
"PVS","10:47:55",40.5,1.2,2600,5663200,
"PVS","10:47:54",40.5,1.2,100,5660600,
"PVS","10:47:48",40.5,1.2,500,5660500,
"PVS","10:47:45",40.5,1.2,1000,5660000,
"PVS","10:47:42",40.5,1.2,1100,5659000,
"PVS","10:47:41",40.5,1.2,500,5657900,
"PVS","10:47:36",40.5,1.2,12700,5657400,
"PVS","10:47:17",40.5,1.2,1000,5644700,
"PVS","10:47:09",40.5,1.2,1500,5643700,
"PVS","10:47:06",40.5,1.2,1000,5642200,
"PVS","10:46:48",40.5,1.2,500,5641200,
"PVS","10:46:28",40.5,1.2,2400,5640700,
"PVS","10:46:20",40.5,1.2,1100,5638300,
"PVS","10:46:17",40.5,1.2,500,5637200,
"PVS","10:46:14",40.5,1.2,800,5636700,
"PVS","10:46:09",40.5,1.2,147600,5635900,
"PVS","10:45:40",40.6,1.3,2500,5488300,
"PVS","10:45:37",40.6,1.3,20000,5485800,
"PVS","10:45:32",40.6,1.3,500,5465800,
"PVS","10:45:31",40.6,1.3,1500,5465300,
"PVS","10:45:30",40.6,1.3,100,5463800,
"PVS","10:45:19",40.6,1.3,30000,5463700,
"PVS","10:44:50",40.6,1.3,20000,5433700,
"PVS","10:44:45",40.6,1.3,100,5413700,
"PVS","10:44:40",40.6,1.3,600,5413600,
"PVS","10:44:38",40.6,1.3,400,5413000,
"PVS","10:44:10",40.6,1.3,3000,5412600,
"PVS","10:44:09",40.6,1.3,100,5409600,
"PVS","10:44:07",40.6,1.3,8000,5409500,
"PVS","10:44:04",40.6,1.3,500,5401500,
"PVS","10:43:58",40.6,1.3,100,5401000,
"PVS","10:43:49",40.6,1.3,2300,5400900,
"PVS","10:43:32",40.6,1.3,40000,5398600,
"PVS","10:43:17",40.7,1.4,51000,5358600,
"PVS","10:43:15",40.7,1.4,1900,5307600,
"PVS","10:43:07",40.7,1.4,1500,5305700,
"PVS","10:42:59",40.7,1.4,30000,5304200,
"PVS","10:42:57",40.7,1.4,100,5274200,
"PVS","10:42:50",40.7,1.4,100,5274100,
"PVS","10:42:09",40.7,1.4,400,5274000,
"PVS","10:41:10",40.8,1.5,900,5273600,
"PVS","10:40:52",40.8,1.5,1000,5272700,
"PVS","10:40:48",40.8,1.5,5000,5271700,
"PVS","10:40:22",40.8,1.5,400,5266700,
"PVS","10:39:31",40.8,1.5,200,5266300,
"PVS","10:39:28",40.8,1.5,600,5266100,
"PVS","10:39:26",40.8,1.5,2000,5265500,
"PVS","10:39:24",40.8,1.5,2300,5263500,
"PVS","10:39:15",40.8,1.5,40000,5261200,
"PVS","10:39:11",40.8,1.5,1000,5221200,
"PVS","10:39:04",40.9,1.6,300,5220200,
"PVS","10:38:58",40.8,1.5,700,5219900,
"PVS","10:38:54",40.8,1.5,100,5219200,
"PVS","10:38:45",40.8,1.5,200,5219100,
"PVS","10:38:41",40.9,1.6,100,5218900,
"PVS","10:38:35",40.8,1.5,300,5218800,
"PVS","10:38:33",40.8,1.5,200,5218500,
"PVS","10:38:29",40.9,1.6,300,5218300,
"PVS","10:38:22",40.8,1.5,3200,5218000,
"PVS","10:38:11",40.8,1.5,100,5214800,
"PVS","10:37:52",40.8,1.5,200,5214700,
"PVS","10:37:40",40.8,1.5,200,5214500,
"PVS","10:37:32",40.8,1.5,2000,5214300,
"PVS","10:37:29",40.8,1.5,2000,5212300,
"PVS","10:37:04",40.8,1.5,100,5210300,
"PVS","10:36:56",40.8,1.5,800,5210200,
"PVS","10:36:40",40.8,1.5,600,5209400,
"PVS","10:36:35",40.8,1.5,5000,5208800,
"PVS","10:36:34",40.8,1.5,3100,5203800,
"PVS","10:36:33",40.8,1.5,100,5200700,
"PVS","10:36:15",40.8,1.5,2000,5200600,
"PVS","10:36:11",40.8,1.5,100,5198600,
"PVS","10:35:48",40.8,1.5,600,5198500,
"PVS","10:35:33",40.8,1.5,200,5197900,
"PVS","10:35:25",40.8,1.5,500,5197700,
"PVS","10:35:20",40.8,1.5,300,5197200,
"PVS","10:35:10",40.8,1.5,400,5196900,
"PVS","10:35:08",40.8,1.5,300,5196500,
"PVS","10:35:05",40.8,1.5,200,5196200,
"PVS","10:34:56",40.8,1.5,10000,5196000,
"PVS","10:34:52",40.8,1.5,200,5186000,
"PVS","10:34:51",40.8,1.5,30000,5185800,
"PVS","10:34:47",40.9,1.6,1700,5155800,
"PVS","10:33:20",40.9,1.6,100,5154100,
"PVS","10:33:05",40.9,1.6,400,5154000,
"PVS","10:32:34",40.9,1.6,100,5153600,
"PVS","10:32:22",40.8,1.5,200,5153500,
"PVS","10:32:21",40.8,1.5,100,5153300,
"PVS","10:31:55",40.8,1.5,500,5153200,
"PVS","10:31:38",40.8,1.5,100,5152700,
"PVS","10:31:15",40.8,1.5,2000,5152600,
"PVS","10:30:25",40.8,1.5,1000,5150600,
"PVS","10:30:22",40.8,1.5,600,5149600,
"PVS","10:30:21",40.9,1.6,2000,5149000,
"PVS","10:30:19",40.8,1.5,98100,5147000,
"PVS","10:30:13",40.8,1.5,4400,5048900,
"PVS","10:29:58",40.8,1.5,1800,5044500,
"PVS","10:29:53",40.8,1.5,200,5042700,
"PVS","10:29:50",40.8,1.5,5000,5042500,
"PVS","10:29:44",40.8,1.5,1000,5037500,
"PVS","10:29:12",40.8,1.5,1500,5036500,
"PVS","10:29:10",40.8,1.5,2700,5035000,
"PVS","10:28:58",40.8,1.5,5300,5032300,
"PVS","10:28:27",40.8,1.5,2000,5027000,
"PVS","10:28:07",40.7,1.4,3000,5025000,
"PVS","10:27:33",40.8,1.5,3000,5022000,
"PVS","10:27:32",40.8,1.5,100,5019000,
"PVS","10:27:18",40.8,1.5,100,5018900,
"PVS","10:27:13",40.8,1.5,7000,5018800,
"PVS","10:27:06",40.7,1.4,400,5011800,
"PVS","10:26:39",40.7,1.4,100,5011400,
"PVS","10:26:28",40.8,1.5,5000,5011300,
"PVS","10:26:26",40.7,1.4,300,5006300,
"PVS","10:26:24",40.7,1.4,1000,5006000,
"PVS","10:26:13",40.7,1.4,900,5005000,
"PVS","10:26:07",40.7,1.4,2200,5004100,
"PVS","10:25:37",40.7,1.4,1000,5001900,
"PVS","10:25:24",40.7,1.4,500,5000900,
"PVS","10:25:20",40.7,1.4,100,5000400,
"PVS","10:25:00",40.7,1.4,500,5000300,
"PVS","10:24:51",40.8,1.5,1000,4999800,
"PVS","10:24:04",40.7,1.4,600,4998800,
"PVS","10:24:03",40.8,1.5,900,4998200,
"PVS","10:24:02",40.7,1.4,400,4997300,
"PVS","10:23:34",40.8,1.5,300,4996900,
"PVS","10:23:28",40.8,1.5,4500,4996600,
"PVS","10:23:23",40.8,1.5,200,4992100,
"PVS","10:23:22",40.8,1.5,3000,4991900,
"PVS","10:23:14",40.7,1.4,1000,4988900,
"PVS","10:23:02",40.7,1.4,2800,4987900,
"PVS","10:22:44",40.7,1.4,20000,4985100,
"PVS","10:22:42",40.8,1.5,700,4965100,
"PVS","10:22:40",40.7,1.4,5000,4964400,
"PVS","10:22:39",40.7,1.4,100,4959400,
"PVS","10:22:37",40.7,1.4,100,4959300,
"PVS","10:22:24",40.7,1.4,200,4959200,
"PVS","10:22:00",40.7,1.4,7000,4959000,
"PVS","10:21:56",40.7,1.4,2200,4952000,
"PVS","10:21:53",40.7,1.4,1000,4949800,
"PVS","10:21:47",40.7,1.4,400,4948800,
"PVS","10:21:42",40.7,1.4,1000,4948400,
"PVS","10:21:39",40.7,1.4,600,4947400,
"PVS","10:21:37",40.7,1.4,2000,4946800,
"PVS","10:21:18",40.7,1.4,100,4944800,
"PVS","10:21:17",40.7,1.4,1500,4944700,
"PVS","10:21:09",40.7,1.4,200,4943200,
"PVS","10:21:02",40.7,1.4,500,4943000,
"PVS","10:20:56",40.7,1.4,500,4942500,
"PVS","10:20:44",40.7,1.4,600,4942000,
"PVS","10:20:41",40.7,1.4,900,4941400,
"PVS","10:20:40",40.7,1.4,10000,4940500,
"PVS","10:20:39",40.7,1.4,500,4930500,
"PVS","10:20:34",40.7,1.4,1000,4930000,
"PVS","10:19:50",40.7,1.4,200,4929000,
"PVS","10:19:48",40.7,1.4,500,4928800,
"PVS","10:19:32",40.7,1.4,5500,4928300,
"PVS","10:19:17",40.7,1.4,5000,4922800,
"PVS","10:19:03",40.7,1.4,4000,4917800,
"PVS","10:18:59",40.7,1.4,5000,4913800,
"PVS","10:18:39",40.7,1.4,200,4908800,
"PVS","10:18:34",40.7,1.4,5200,4908600,
"PVS","10:18:31",40.7,1.4,1700,4903400,
"PVS","10:18:01",40.7,1.4,100,4901700,
"PVS","10:18:00",40.7,1.4,1500,4901600,
"PVS","10:17:59",40.7,1.4,1000,4900100,
"PVS","10:17:51",40.7,1.4,500,4899100,
"PVS","10:17:44",40.7,1.4,1000,4898600,
"PVS","10:17:25",40.7,1.4,500,4897600,
"PVS","10:17:02",40.7,1.4,300,4897100,
"PVS","10:16:59",40.6,1.3,2200,4896800,
"PVS","10:16:58",40.7,1.4,600,4894600,
"PVS","10:16:48",40.7,1.4,200,4894000,
"PVS","10:16:42",40.7,1.4,2200,4893800,
"PVS","10:16:36",40.7,1.4,500,4891600,
"PVS","10:16:31",40.7,1.4,15000,4891100,
"PVS","10:16:26",40.7,1.4,100,4876100,
"PVS","10:16:21",40.7,1.4,200,4876000,
"PVS","10:16:16",40.7,1.4,500,4875800,
"PVS","10:16:07",40.7,1.4,500,4875300,
"PVS","10:16:03",40.7,1.4,1800,4874800,
"PVS","10:16:02",40.7,1.4,1700,4873000,
"PVS","10:15:50",40.7,1.4,5100,4871300,
"PVS","10:15:40",40.7,1.4,1000,4866200,
"PVS","10:15:36",40.7,1.4,1000,4865200,
"PVS","10:15:26",40.7,1.4,5000,4864200,
"PVS","10:15:16",40.7,1.4,1800,4859200,
"PVS","10:15:08",40.7,1.4,3000,4857400,
"PVS","10:15:05",40.6,1.3,7000,4854400,
"PVS","10:14:51",40.7,1.4,5000,4847400,
"PVS","10:14:44",40.7,1.4,3000,4842400,
"PVS","10:14:37",40.6,1.3,6500,4839400,
"PVS","10:14:36",40.7,1.4,5000,4832900,
"PVS","10:14:32",40.6,1.3,500,4827900,
"PVS","10:14:18",40.6,1.3,1100,4827400,
"PVS","10:14:10",40.7,1.4,300,4826300,
"PVS","10:13:58",40.7,1.4,100,4826000,
"PVS","10:13:55",40.7,1.4,4100,4825900,
"PVS","10:13:54",40.7,1.4,4100,4821800,
"PVS","10:13:49",40.7,1.4,100,4817700,
"PVS","10:13:38",40.7,1.4,300,4817600,
"PVS","10:13:37",40.7,1.4,400,4817300,
"PVS","10:13:36",40.7,1.4,6000,4816900,
"PVS","10:13:34",40.8,1.5,100,4810900,
"PVS","10:13:33",40.8,1.5,900,4810800,
"PVS","10:13:27",40.7,1.4,3000,4809900,
"PVS","10:13:20",40.7,1.4,7100,4806900,
"PVS","10:13:11",40.7,1.4,600,4799800,
"PVS","10:13:09",40.7,1.4,400,4799200,
"PVS","10:13:06",40.7,1.4,3000,4798800,
"PVS","10:13:02",40.7,1.4,24000,4795800,
"PVS","10:12:56",40.7,1.4,1100,4771800,
"PVS","10:12:54",40.7,1.4,1000,4770700,
"PVS","10:12:36",40.7,1.4,100,4769700,
"PVS","10:12:35",40.6,1.3,600,4769600,
"PVS","10:12:31",40.7,1.4,18000,4769000,
"PVS","10:12:30",40.7,1.4,1000,4751000,
"PVS","10:12:24",40.7,1.4,4200,4750000,
"PVS","10:12:23",40.7,1.4,300,4745800,
"PVS","10:12:21",40.7,1.4,100,4745500,
"PVS","10:12:19",40.7,1.4,2000,4745400,
"PVS","10:12:10",40.7,1.4,75300,4743400,
"PVS","10:11:58",40.7,1.4,600,4668100,
"PVS","10:11:28",40.8,1.5,100,4667500,
"PVS","10:10:51",40.8,1.5,500,4667400,
"PVS","10:10:49",40.8,1.5,2300,4666900,
"PVS","10:10:29",40.8,1.5,3000,4664600,
"PVS","10:10:28",40.7,1.4,500,4661600,
"PVS","10:10:19",40.8,1.5,500,4661100,
"PVS","10:10:14",40.7,1.4,5000,4660600,
"PVS","10:09:58",40.7,1.4,600,4655600,
"PVS","10:09:56",40.7,1.4,400,4655000,
"PVS","10:09:53",40.8,1.5,1000,4654600,
"PVS","10:09:41",40.7,1.4,30000,4653600,
"PVS","10:09:24",40.8,1.5,1500,4623600,
"PVS","10:09:16",40.7,1.4,600,4622100,
"PVS","10:09:14",40.7,1.4,400,4621500,
"PVS","10:08:57",40.7,1.4,400,4621100,
"PVS","10:08:40",40.8,1.5,500,4620700,
"PVS","10:08:33",40.8,1.5,100,4620200,
"PVS","10:08:28",40.8,1.5,300,4620100,
"PVS","10:08:11",40.8,1.5,2100,4619800,
"PVS","10:08:05",40.8,1.5,300,4617700,
"PVS","10:07:57",40.8,1.5,200,4617400,
"PVS","10:07:56",40.8,1.5,1000,4617200,
"PVS","10:07:38",40.8,1.5,4200,4616200,
"PVS","10:07:35",40.8,1.5,1700,4612000,
"PVS","10:07:29",40.8,1.5,100,4610300,
"PVS","10:07:21",40.7,1.4,3000,4610200,
"PVS","10:07:19",40.8,1.5,500,4607200,
"PVS","10:07:13",40.7,1.4,2200,4606700,
"PVS","10:07:10",40.8,1.5,1000,4604500,
"PVS","10:07:05",40.8,1.5,100,4603500,
"PVS","10:07:03",40.8,1.5,500,4603400,
"PVS","10:06:56",40.8,1.5,100,4602900,
"PVS","10:06:54",40.8,1.5,400,4602800,
"PVS","10:06:52",40.8,1.5,100,4602400,
"PVS","10:06:49",40.8,1.5,400,4602300,
"PVS","10:06:40",40.8,1.5,1400,4601900,
"PVS","10:06:36",40.8,1.5,1300,4600500,
"PVS","10:06:32",40.8,1.5,30000,4599200,
"PVS","10:06:31",40.8,1.5,500,4569200,
"PVS","10:06:29",40.8,1.5,100,4568700,
"PVS","10:06:25",40.9,1.6,300,4568600,
"PVS","10:06:20",40.8,1.5,100,4568300,
"PVS","10:06:14",40.8,1.5,10000,4568200,
"PVS","10:06:07",40.8,1.5,500,4558200,
"PVS","10:06:04",40.8,1.5,300,4557700,
"PVS","10:05:57",40.8,1.5,100,4557400,
"PVS","10:05:54",40.8,1.5,400,4557300,
"PVS","10:05:48",40.8,1.5,500,4556900,
"PVS","10:05:44",40.8,1.5,100,4556400,
"PVS","10:05:41",40.8,1.5,500,4556300,
"PVS","10:05:38",40.8,1.5,5000,4555800,
"PVS","10:05:36",40.8,1.5,300,4550800,
"PVS","10:05:35",40.8,1.5,3000,4550500,
"PVS","10:05:31",40.8,1.5,4000,4547500,
"PVS","10:05:27",40.8,1.5,5000,4543500,
"PVS","10:04:58",40.8,1.5,1000,4538500,
"PVS","10:04:57",40.8,1.5,100,4537500,
"PVS","10:04:56",40.9,1.6,100,4537400,
"PVS","10:04:41",40.8,1.5,200,4537300,
"PVS","10:04:38",40.9,1.6,5000,4537100,
"PVS","10:04:37",40.9,1.6,300,4532100,
"PVS","10:04:26",40.9,1.6,100,4531800,
"PVS","10:04:07",40.9,1.6,2000,4531700,
"PVS","10:04:02",40.8,1.5,100,4529700,
"PVS","10:03:58",40.9,1.6,2000,4529600,
"PVS","10:03:57",40.9,1.6,200,4527600,
"PVS","10:03:43",40.9,1.6,7500,4527400,
"PVS","10:03:15",40.8,1.5,200,4519900,
"PVS","10:03:06",40.9,1.6,500,4519700,
"PVS","10:03:02",40.8,1.5,300,4519200,
"PVS","10:03:00",40.8,1.5,200,4518900,
"PVS","10:02:59",40.9,1.6,100,4518700,
"PVS","10:02:44",40.9,1.6,1000,4518600,
"PVS","10:02:43",40.9,1.6,700,4517600,
"PVS","10:02:37",40.8,1.5,300,4516900,
"PVS","10:02:35",40.8,1.5,1100,4516600,
"PVS","10:02:34",40.9,1.6,1000,4515500,
"PVS","10:02:19",40.9,1.6,1000,4514500,
"PVS","10:02:17",40.9,1.6,1000,4513500,
"PVS","10:02:09",40.9,1.6,500,4512500,
"PVS","10:02:08",40.9,1.6,100,4512000,
"PVS","10:02:06",40.9,1.6,400,4511900,
"PVS","10:02:05",40.9,1.6,3000,4511500,
"PVS","10:02:04",40.9,1.6,5000,4508500,
"PVS","10:01:57",40.9,1.6,200,4503500,
"PVS","10:01:54",40.9,1.6,100,4503300,
"PVS","10:01:47",40.9,1.6,1000,4503200,
"PVS","10:01:45",40.9,1.6,100,4502200,
"PVS","10:01:40",40.9,1.6,100,4502100,
"PVS","10:01:36",40.8,1.5,3000,4502000,
"PVS","10:01:26",40.9,1.6,9000,4499000,
"PVS","10:01:19",40.8,1.5,10000,4490000,
"PVS","10:01:10",40.9,1.6,10000,4480000,
"PVS","10:01:06",40.8,1.5,100,4470000,
"PVS","10:01:01",40.9,1.6,400,4469900,
"PVS","10:01:00",40.8,1.5,500,4469500,
"PVS","10:00:58",40.8,1.5,1400,4469000,
"PVS","10:00:49",40.8,1.5,100,4467600,
"PVS","10:00:16",40.8,1.5,10000,4467500,
"PVS","10:00:15",40.8,1.5,100,4457500,
"PVS","10:00:14",40.8,1.5,100,4457400,
"PVS","10:00:02",40.8,1.5,1000,4457300,
"PVS","09:59:58",40.8,1.5,500,4456300,
"PVS","09:59:57",40.9,1.6,1000,4455800,
"PVS","09:59:56",40.9,1.6,200,4454800,
"PVS","09:59:55",40.9,1.6,200,4454600,
"PVS","09:59:46",40.9,1.6,2800,4454400,
"PVS","09:59:33",41,1.7,2000,4451600,
"PVS","09:59:32",40.8,1.5,48900,4449600,
"PVS","09:59:31",40.9,1.6,100,4400700,
"PVS","09:59:23",40.9,1.6,300,4400600,
"PVS","09:59:18",40.9,1.6,100,4400300,
"PVS","09:59:16",41,1.7,1300,4400200,
"PVS","09:59:12",40.9,1.6,100,4398900,
"PVS","09:59:06",40.9,1.6,1000,4398800,
"PVS","09:58:49",41,1.7,2600,4397800,
"PVS","09:58:47",40.9,1.6,100,4395200,
"PVS","09:58:34",40.9,1.6,4500,4395100,
"PVS","09:58:31",40.9,1.6,600,4390600,
"PVS","09:58:21",40.9,1.6,1300,4390000,
"PVS","09:58:15",40.9,1.6,1000,4388700,
"PVS","09:58:07",40.9,1.6,1000,4387700,
"PVS","09:58:02",40.9,1.6,19700,4386700,
"PVS","09:57:58",40.9,1.6,500,4367000,
"PVS","09:57:52",41,1.7,1200,4366500,
"PVS","09:57:48",41,1.7,200,4365300,
"PVS","09:57:46",40.9,1.6,300,4365100,
"PVS","09:57:44",41,1.7,500,4364800,
"PVS","09:57:43",41,1.7,8800,4364300,
"PVS","09:57:41",40.9,1.6,500,4355500,
"PVS","09:57:30",40.9,1.6,1400,4355000,
"PVS","09:57:24",40.9,1.6,1500,4353600,
"PVS","09:57:22",41,1.7,400,4352100,
"PVS","09:57:09",41,1.7,600,4351700,
"PVS","09:57:08",40.9,1.6,300,4351100,
"PVS","09:57:04",40.9,1.6,9300,4350800,
"PVS","09:56:59",41,1.7,500,4341500,
"PVS","09:56:33",40.9,1.6,700,4341000,
"PVS","09:56:29",41,1.7,100,4340300,
"PVS","09:56:22",40.9,1.6,3000,4340200,
"PVS","09:56:15",41,1.7,9200,4337200,
"PVS","09:56:01",40.9,1.6,100,4328000,
"PVS","09:56:00",40.9,1.6,2200,4327900,
"PVS","09:55:54",40.9,1.6,5000,4325700,
"PVS","09:55:51",40.9,1.6,11000,4320700,
"PVS","09:55:42",40.9,1.6,400,4309700,
"PVS","09:55:37",40.9,1.6,100,4309300,
"PVS","09:55:35",40.9,1.6,1900,4309200,
"PVS","09:55:28",40.9,1.6,100,4307300,
"PVS","09:55:24",40.9,1.6,1800,4307200,
"PVS","09:55:17",40.9,1.6,500,4305400,
"PVS","09:55:16",40.9,1.6,22800,4304900,
"PVS","09:55:10",40.9,1.6,200,4282100,
"PVS","09:55:02",40.9,1.6,200,4281900,
"PVS","09:54:59",40.9,1.6,4100,4281700,
"PVS","09:54:57",40.9,1.6,2000,4277600,
"PVS","09:54:56",40.9,1.6,3600,4275600,
"PVS","09:54:55",40.9,1.6,400,4272000,
"PVS","09:54:53",40.9,1.6,12300,4271600,
"PVS","09:54:52",40.9,1.6,400,4259300,
"PVS","09:54:50",40.9,1.6,200,4258900,
"PVS","09:54:49",40.9,1.6,3100,4258700,
"PVS","09:54:46",40.9,1.6,200,4255600,
"PVS","09:54:45",40.9,1.6,4600,4255400,
"PVS","09:54:42",40.9,1.6,600,4250800,
"PVS","09:54:37",40.9,1.6,3000,4250200,
"PVS","09:54:35",40.9,1.6,2000,4247200,
"PVS","09:54:33",40.9,1.6,300,4245200,
"PVS","09:54:32",40.9,1.6,2500,4244900,
"PVS","09:54:20",40.9,1.6,10000,4242400,
"PVS","09:54:15",40.9,1.6,1000,4232400,
"PVS","09:53:57",40.9,1.6,400,4231400,
"PVS","09:53:52",40.9,1.6,1000,4231000,
"PVS","09:53:47",40.9,1.6,1000,4230000,
"PVS","09:53:42",40.9,1.6,20000,4229000,
"PVS","09:53:41",40.9,1.6,200,4209000,
"PVS","09:53:31",40.9,1.6,1500,4208800,
"PVS","09:53:21",40.8,1.5,200,4207300,
"PVS","09:53:11",40.8,1.5,3500,4207100,
"PVS","09:53:08",40.9,1.6,500,4203600,
"PVS","09:52:53",40.8,1.5,2000,4203100,
"PVS","09:52:44",40.8,1.5,41300,4201100,
"PVS","09:52:37",40.8,1.5,2000,4159800,
"PVS","09:52:32",40.9,1.6,1000,4157800,
"PVS","09:52:19",40.9,1.6,5000,4156800,
"PVS","09:52:17",40.9,1.6,1400,4151800,
"PVS","09:52:11",40.9,1.6,30500,4150400,
"PVS","09:52:08",40.9,1.6,300,4119900,
"PVS","09:51:52",40.9,1.6,2300,4119600,
"PVS","09:51:46",40.9,1.6,15500,4117300,
"PVS","09:51:45",40.9,1.6,200,4101800,
"PVS","09:51:42",40.9,1.6,800,4101600,
"PVS","09:51:25",40.9,1.6,1000,4100800,
"PVS","09:51:23",40.8,1.5,100,4099800,
"PVS","09:51:17",40.8,1.5,200,4099700,
"PVS","09:51:03",40.8,1.5,300,4099500,
"PVS","09:51:00",40.8,1.5,100,4099200,
"PVS","09:50:55",40.8,1.5,100,4099100,
"PVS","09:50:54",40.8,1.5,3500,4099000,
"PVS","09:50:50",40.8,1.5,500,4095500,
"PVS","09:50:47",40.8,1.5,100,4095000,
"PVS","09:50:45",40.8,1.5,100,4094900,
"PVS","09:50:44",40.8,1.5,300,4094800,
"PVS","09:50:42",40.8,1.5,1300,4094500,
"PVS","09:50:38",40.8,1.5,100,4093200,
"PVS","09:50:31",40.8,1.5,1000,4093100,
"PVS","09:50:30",40.8,1.5,2500,4092100,
"PVS","09:50:26",40.8,1.5,800,4089600,
"PVS","09:50:25",40.8,1.5,4000,4088800,
"PVS","09:50:23",40.8,1.5,18500,4084800,
"PVS","09:50:18",40.8,1.5,400,4066300,
"PVS","09:50:16",40.8,1.5,200,4065900,
"PVS","09:50:12",40.9,1.6,1200,4065700,
"PVS","09:50:08",40.8,1.5,100,4064500,
"PVS","09:50:04",40.8,1.5,30000,4064400,
"PVS","09:49:59",40.8,1.5,1000,4034400,
"PVS","09:49:38",40.8,1.5,2500,4033400,
"PVS","09:49:30",40.9,1.6,300,4030900,
"PVS","09:49:18",40.8,1.5,2200,4030600,
"PVS","09:49:16",40.8,1.5,3000,4028400,
"PVS","09:49:09",40.9,1.6,500,4025400,
"PVS","09:49:08",40.8,1.5,300,4024900,
"PVS","09:49:07",40.8,1.5,7000,4024600,
"PVS","09:49:05",40.8,1.5,1000,4017600,
"PVS","09:49:04",40.8,1.5,1000,4016600,
"PVS","09:49:02",40.8,1.5,200,4015600,
"PVS","09:48:55",40.8,1.5,100,4015400,
"PVS","09:48:51",40.8,1.5,500,4015300,
"PVS","09:48:50",40.8,1.5,400,4014800,
"PVS","09:48:47",40.8,1.5,4000,4014400,
"PVS","09:48:45",40.9,1.6,5000,4010400,
"PVS","09:48:36",40.8,1.5,500,4005400,
"PVS","09:48:34",40.8,1.5,1900,4004900,
"PVS","09:48:33",40.8,1.5,1000,4003000,
"PVS","09:48:31",40.8,1.5,500,4002000,
"PVS","09:48:30",40.8,1.5,1300,4001500,
"PVS","09:48:29",40.8,1.5,400,4000200,
"PVS","09:48:28",40.8,1.5,100,3999800,
"PVS","09:48:27",40.8,1.5,500,3999700,
"PVS","09:48:26",40.8,1.5,500,3999200,
"PVS","09:48:25",40.8,1.5,100,3998700,
"PVS","09:48:24",40.8,1.5,20900,3998600,
"PVS","09:48:20",40.8,1.5,200,3977700,
"PVS","09:48:19",40.8,1.5,100,3977500,
"PVS","09:48:18",40.8,1.5,15500,3977400,
"PVS","09:48:17",40.8,1.5,500,3961900,
"PVS","09:48:14",40.8,1.5,2100,3961400,
"PVS","09:48:13",40.8,1.5,2000,3959300,
"PVS","09:48:07",40.8,1.5,1300,3957300,
"PVS","09:48:03",40.8,1.5,1000,3956000,
"PVS","09:48:00",40.8,1.5,200,3955000,
"PVS","09:47:53",40.8,1.5,10000,3954800,
"PVS","09:47:51",40.8,1.5,500,3944800,
"PVS","09:47:47",40.8,1.5,1000,3944300,
"PVS","09:47:43",40.8,1.5,200,3943300,
"PVS","09:47:42",40.8,1.5,500,3943100,
"PVS","09:47:41",40.8,1.5,8000,3942600,
"PVS","09:47:38",40.8,1.5,13700,3934600,
"PVS","09:47:29",40.9,1.6,500,3920900,
"PVS","09:47:28",40.8,1.5,500,3920400,
"PVS","09:47:27",40.8,1.5,400,3919900,
"PVS","09:47:26",40.8,1.5,500,3919500,
"PVS","09:47:21",40.8,1.5,10000,3919000,
"PVS","09:47:17",40.8,1.5,49800,3909000,
"PVS","09:47:12",40.8,1.5,14700,3859200,
"PVS","09:47:10",40.8,1.5,1000,3844500,
"PVS","09:47:04",40.8,1.5,3000,3843500,
"PVS","09:47:03",40.8,1.5,26600,3840500,
"PVS","09:47:02",40.8,1.5,100,3813900,
"PVS","09:46:59",40.8,1.5,10000,3813800,
"PVS","09:46:55",40.8,1.5,2300,3803800,
"PVS","09:46:54",40.8,1.5,500,3801500,
"PVS","09:46:51",40.8,1.5,5000,3801000,
"PVS","09:46:49",40.8,1.5,500,3796000,
"PVS","09:46:45",40.8,1.5,1000,3795500,
"PVS","09:46:44",40.8,1.5,11700,3794500,
"PVS","09:46:36",40.8,1.5,2200,3782800,
"PVS","09:46:35",40.8,1.5,2400,3780600,
"PVS","09:46:32",40.8,1.5,1100,3778200,
"PVS","09:46:30",40.7,1.4,2600,3777100,
"PVS","09:46:29",40.8,1.5,1000,3774500,
"PVS","09:46:28",40.7,1.4,20000,3773500,
"PVS","09:46:26",40.8,1.5,7000,3753500,
"PVS","09:46:24",40.8,1.5,200,3746500,
"PVS","09:46:22",40.8,1.5,200,3746300,
"PVS","09:46:19",40.8,1.5,100,3746100,
"PVS","09:46:17",40.8,1.5,1300,3746000,
"PVS","09:46:14",40.8,1.5,1500,3744700,
"PVS","09:46:13",40.8,1.5,3000,3743200,
"PVS","09:46:12",40.8,1.5,1000,3740200,
"PVS","09:46:11",40.8,1.5,1500,3739200,
"PVS","09:46:08",40.8,1.5,14200,3737700,
"PVS","09:46:06",40.9,1.6,500,3723500,
"PVS","09:46:04",40.8,1.5,3600,3723000,
"PVS","09:46:03",40.8,1.5,9400,3719400,
"PVS","09:46:02",40.8,1.5,300,3710000,
"PVS","09:46:01",40.8,1.5,11000,3709700,
"PVS","09:45:57",40.9,1.6,5300,3698700,
"PVS","09:45:56",40.9,1.6,5100,3693400,
"PVS","09:45:55",40.9,1.6,6000,3688300,
"PVS","09:45:54",40.8,1.5,300,3682300,
"PVS","09:45:53",40.8,1.5,900,3682000,
"PVS","09:45:52",40.8,1.5,1200,3681100,
"PVS","09:45:51",40.9,1.6,10500,3679900,
"PVS","09:45:41",40.8,1.5,1000,3669000,
"PVS","09:45:39",40.9,1.6,16900,3668000,
"PVS","09:45:37",40.9,1.6,50300,3651100,
"PVS","09:45:34",41,1.7,1300,3600800,
"PVS","09:45:30",41,1.7,2000,3599500,
"PVS","09:45:29",40.9,1.6,100,3597500,
"PVS","09:45:27",40.9,1.6,500,3597400,
"PVS","09:45:23",41,1.7,9000,3596900,
"PVS","09:45:22",41,1.7,1100,3587900,
"PVS","09:45:18",41,1.7,1600,3586800,
"PVS","09:45:17",41,1.7,500,3585200,
"PVS","09:45:12",41,1.7,5000,3584700,
"PVS","09:45:11",41,1.7,500,3579700,
"PVS","09:45:09",41,1.7,3500,3579200,
"PVS","09:45:05",41,1.7,26900,3575700,
"PVS","09:45:04",41,1.7,20000,3548800,
"PVS","09:45:02",41,1.7,2500,3528800,
"PVS","09:45:01",41.1,1.8,200,3526300,
"PVS","09:44:58",41.1,1.8,30700,3526100,
"PVS","09:44:54",41,1.7,10000,3495400,
"PVS","09:44:53",41,1.7,200,3485400,
"PVS","09:44:52",41,1.7,50100,3485200,
"PVS","09:44:46",41.1,1.8,1800,3435100,
"PVS","09:44:45",41.1,1.8,300,3433300,
"PVS","09:44:41",41.1,1.8,2500,3433000,
"PVS","09:44:40",41.1,1.8,200,3430500,
"PVS","09:44:38",41,1.7,3000,3430300,
"PVS","09:44:37",41.1,1.8,300,3427300,
"PVS","09:44:34",41.1,1.8,4000,3427000,
"PVS","09:44:33",41.1,1.8,100,3423000,
"PVS","09:44:30",41,1.7,2000,3422900,
"PVS","09:44:23",41.1,1.8,300,3420900,
"PVS","09:44:22",41.1,1.8,700,3420600,
"PVS","09:44:20",41.1,1.8,1500,3419900,
"PVS","09:44:18",41.1,1.8,300,3418400,
"PVS","09:44:17",41.1,1.8,200,3418100,
"PVS","09:44:15",41.1,1.8,3600,3417900,
"PVS","09:44:14",41.1,1.8,10100,3414300,
"PVS","09:44:12",41.1,1.8,700,3404200,
"PVS","09:44:10",41.1,1.8,100,3403500,
"PVS","09:44:08",41.1,1.8,13800,3403400,
"PVS","09:44:07",41.1,1.8,200,3389600,
"PVS","09:44:06",41.1,1.8,2000,3389400,
"PVS","09:44:05",41.1,1.8,200,3387400,
"PVS","09:44:04",41.1,1.8,100,3387200,
"PVS","09:44:03",41.1,1.8,200,3387100,
"PVS","09:44:00",41.1,1.8,6800,3386900,
"PVS","09:43:59",41.1,1.8,100,3380100,
"PVS","09:43:57",41.1,1.8,500,3380000,
"PVS","09:43:56",41.1,1.8,100,3379500,
"PVS","09:43:51",41.1,1.8,1000,3379400,
"PVS","09:43:50",41.1,1.8,900,3378400,
"PVS","09:43:48",41.1,1.8,700,3377500,
"PVS","09:43:46",41.1,1.8,10000,3376800,
"PVS","09:43:45",41.1,1.8,200,3366800,
"PVS","09:43:44",41.2,1.9,300,3366600,
"PVS","09:43:41",41.1,1.8,2000,3366300,
"PVS","09:43:39",41.1,1.8,1000,3364300,
"PVS","09:43:37",41.1,1.8,5900,3363300,
"PVS","09:43:35",41.1,1.8,5000,3357400,
"PVS","09:43:34",41.1,1.8,100,3352400,
"PVS","09:43:32",41.1,1.8,100,3352300,
"PVS","09:43:31",41.1,1.8,100,3352200,
"PVS","09:43:29",41.1,1.8,1000,3352100,
"PVS","09:43:26",41.2,1.9,10000,3351100,
"PVS","09:43:25",41.1,1.8,300,3341100,
"PVS","09:43:23",41.1,1.8,500,3340800,
"PVS","09:43:22",41.1,1.8,1400,3340300,
"PVS","09:43:20",41.1,1.8,1600,3338900,
"PVS","09:43:19",41.1,1.8,3400,3337300,
"PVS","09:43:18",41.1,1.8,6600,3333900,
"PVS","09:43:17",41,1.7,100,3327300,
"PVS","09:43:16",41.1,1.8,17000,3327200,
"PVS","09:43:15",41.1,1.8,5000,3310200,
"PVS","09:43:13",41.1,1.8,500,3305200,
"PVS","09:43:12",41,1.7,100,3304700,
"PVS","09:43:11",41,1.7,100,3304600,
"PVS","09:43:09",41,1.7,500,3304500,
"PVS","09:43:08",41,1.7,300,3304000,
"PVS","09:43:07",41.1,1.8,900,3303700,
"PVS","09:43:06",41,1.7,1300,3302800,
"PVS","09:43:02",41,1.7,6600,3301500,
"PVS","09:43:01",41,1.7,2300,3294900,
"PVS","09:42:58",41,1.7,1900,3292600,
"PVS","09:42:57",41,1.7,1000,3290700,
"PVS","09:42:56",41,1.7,2000,3289700,
"PVS","09:42:55",41,1.7,7900,3287700,
"PVS","09:42:54",41,1.7,5200,3279800,
"PVS","09:42:53",41,1.7,1300,3274600,
"PVS","09:42:52",41,1.7,2900,3273300,
"PVS","09:42:51",41,1.7,55900,3270400,
"PVS","09:42:50",41,1.7,3200,3214500,
"PVS","09:42:49",41,1.7,4800,3211300,
"PVS","09:42:48",41,1.7,700,3206500,
"PVS","09:42:47",41,1.7,5000,3205800,
"PVS","09:42:46",41,1.7,1000,3200800,
"PVS","09:42:44",41,1.7,75700,3199800,
"PVS","09:42:43",41,1.7,7400,3124100,
"PVS","09:42:42",41,1.7,3000,3116700,
"PVS","09:42:41",41,1.7,500,3113700,
"PVS","09:42:40",41,1.7,700,3113200,
"PVS","09:42:39",41,1.7,16100,3112500,
"PVS","09:42:35",41,1.7,3800,3096400,
"PVS","09:42:33",41,1.7,11500,3092600,
"PVS","09:42:31",41,1.7,2100,3081100,
"PVS","09:42:30",41,1.7,45100,3079000,
"PVS","09:42:27",41,1.7,100,3033900,
"PVS","09:42:24",41,1.7,1000,3033800,
"PVS","09:42:23",41,1.7,2300,3032800,
"PVS","09:42:22",41,1.7,1000,3030500,
"PVS","09:42:20",40.9,1.6,5000,3029500,
"PVS","09:42:18",40.9,1.6,500,3024500,
"PVS","09:42:17",41,1.7,3500,3024000,
"PVS","09:42:14",41,1.7,1300,3020500,
"PVS","09:42:13",41,1.7,1500,3019200,
"PVS","09:42:12",40.9,1.6,400,3017700,
"PVS","09:42:09",40.9,1.6,5000,3017300,
"PVS","09:42:07",40.9,1.6,500,2975500,
"PVS","09:42:06",40.9,1.6,500,2975000,
"PVS","09:42:05",40.9,1.6,5000,2974500,
"PVS","09:42:04",40.9,1.6,11500,2969500,
"PVS","09:42:02",40.9,1.6,6000,2958000,
"PVS","09:42:01",40.9,1.6,10000,2952000,
"PVS","09:42:00",40.9,1.6,1000,2942000,
"PVS","09:41:59",40.9,1.6,2900,2941000,
"PVS","09:41:57",40.9,1.6,2100,2938100,
"PVS","09:41:56",40.9,1.6,800,2936000,
"PVS","09:41:48",40.9,1.6,1000,2935200,
"PVS","09:41:46",40.9,1.6,50000,2934200,
"PVS","09:41:45",40.8,1.5,100,2884200,
"PVS","09:41:44",40.8,1.5,800,2884100,
"PVS","09:41:43",40.8,1.5,800,2883300,
"PVS","09:41:42",40.8,1.5,200,2882500,
"PVS","09:41:41",40.8,1.5,800,2882300,
"PVS","09:41:40",40.8,1.5,3000,2881500,
"PVS","09:41:39",40.8,1.5,1200,2878500,
"PVS","09:41:38",40.8,1.5,8000,2877300,
"PVS","09:41:37",40.8,1.5,7500,2869300,
"PVS","09:41:36",40.8,1.5,300,2861800,
"PVS","09:41:35",40.8,1.5,300,2861500,
"PVS","09:41:34",40.7,1.4,1600,2861200,
"PVS","09:41:32",40.8,1.5,2400,2859600,
"PVS","09:41:30",40.8,1.5,17000,2857200,
"PVS","09:41:29",40.8,1.5,1500,2840200,
"PVS","09:41:27",40.8,1.5,4300,2838700,
"PVS","09:41:26",40.7,1.4,25500,2834400,
"PVS","09:41:25",40.8,1.5,4600,2808900,
"PVS","09:41:22",40.8,1.5,2000,2804300,
"PVS","09:41:21",40.8,1.5,10000,2802300,
"PVS","09:41:18",40.8,1.5,6000,2792300,
"PVS","09:41:13",40.8,1.5,300,2786300,
"PVS","09:41:11",40.7,1.4,8000,2786000,
"PVS","09:41:09",40.7,1.4,3000,2778000,
"PVS","09:41:08",40.7,1.4,61200,2775000,
"PVS","09:41:07",40.7,1.4,1000,2713800,
"PVS","09:41:05",40.7,1.4,200,2712800,
"PVS","09:40:58",40.7,1.4,10000,2712600,
"PVS","09:40:53",40.6,1.3,29600,2702600,
"PVS","09:40:52",40.6,1.3,3000,2673000,
"PVS","09:40:51",40.6,1.3,5000,2670000,
"PVS","09:40:50",40.6,1.3,50800,2665000,
"PVS","09:40:49",40.6,1.3,2100,2614200,
"PVS","09:40:48",40.6,1.3,6300,2612100,
"PVS","09:40:47",40.6,1.3,1500,2605800,
"PVS","09:40:46",40.6,1.3,300,2604300,
"PVS","09:40:45",40.6,1.3,4900,2604000,
"PVS","09:40:44",40.6,1.3,100,2599100,
"PVS","09:40:43",40.6,1.3,1200,2599000,
"PVS","09:40:41",40.6,1.3,1600,2597800,
"PVS","09:40:40",40.6,1.3,20000,2596200,
"PVS","09:40:38",40.6,1.3,2200,2576200,
"PVS","09:40:37",40.5,1.2,10000,2574000,
"PVS","09:40:32",40.5,1.2,8900,2564000,
"PVS","09:40:31",40.5,1.2,14900,2555100,
"PVS","09:40:30",40.5,1.2,11100,2540200,
"PVS","09:40:29",40.5,1.2,1700,2529100,
"PVS","09:40:28",40.5,1.2,104000,2527400,
"PVS","09:40:27",40.5,1.2,3100,2423400,
"PVS","09:40:26",40.5,1.2,1200,2420300,
"PVS","09:40:25",40.5,1.2,200,2419100,
"PVS","09:40:24",40.5,1.2,300,2418900,
"PVS","09:40:22",40.5,1.2,121000,2418600,
"PVS","09:40:21",40.5,1.2,900,2297600,
"PVS","09:40:20",40.5,1.2,200,2296700,
"PVS","09:40:17",40.5,1.2,1000,2296500,
"PVS","09:40:16",40.4,1.1,2600,2295500,
"PVS","09:40:14",40.5,1.2,100,2292900,
"PVS","09:40:13",40.5,1.2,13000,2292800,
"PVS","09:40:12",40.4,1.1,1000,2279800,
"PVS","09:40:09",40.5,1.2,12100,2278800,
"PVS","09:40:03",40.4,1.1,300,2266700,
"PVS","09:40:01",40.5,1.2,3000,2266400,
"PVS","09:40:00",40.4,1.1,200,2263400,
"PVS","09:39:53",40.4,1.1,15600,2263200,
"PVS","09:39:52",40.4,1.1,800,2247600,
"PVS","09:39:51",40.4,1.1,7400,2246800,
"PVS","09:39:50",40.4,1.1,9400,2239400,
"PVS","09:39:47",40.4,1.1,2000,2230000,
"PVS","09:39:46",40.4,1.1,7800,2228000,
"PVS","09:39:45",40.4,1.1,7200,2220200,
"PVS","09:39:44",40.4,1.1,8700,2213000,
"PVS","09:39:43",40.4,1.1,20000,2204300,
"PVS","09:39:41",40.4,1.1,13000,2184300,
"PVS","09:39:39",40.4,1.1,22100,2171300,
"PVS","09:39:38",40.4,1.1,100,2149200,
"PVS","09:39:37",40.4,1.1,1000,2149100,
"PVS","09:39:36",40.4,1.1,1300,2148100,
"PVS","09:39:34",40.3,1,300,2146800,
"PVS","09:39:33",40.4,1.1,13000,2146500,
"PVS","09:39:31",40.4,1.1,2300,2133500,
"PVS","09:39:29",40.4,1.1,1300,2131200,
"PVS","09:39:28",40.4,1.1,500,2129900,
"PVS","09:39:26",40.4,1.1,500,2129400,
"PVS","09:39:25",40.4,1.1,6200,2128900,
"PVS","09:39:24",40.4,1.1,100,2122700,
"PVS","09:39:23",40.4,1.1,1000,2122600,
"PVS","09:39:20",40.4,1.1,1000,2121600,
"PVS","09:39:19",40.3,1,500,2120600,
"PVS","09:39:13",40.4,1.1,400,2120100,
"PVS","09:39:10",40.4,1.1,5900,2119700,
"PVS","09:39:09",40.3,1,1000,2113800,
"PVS","09:39:05",40.4,1.1,200,2112800,
"PVS","09:39:03",40.3,1,5000,2112600,
"PVS","09:38:50",40.3,1,100,2107600,
"PVS","09:38:44",40.3,1,100,2107500,
"PVS","09:38:40",40.4,1.1,200,2107400,
"PVS","09:38:39",40.3,1,100,2107200,
"PVS","09:38:38",40.3,1,1200,2107100,
"PVS","09:38:30",40.3,1,300,2105900,
"PVS","09:38:28",40.3,1,500,2105600,
"PVS","09:38:25",40.3,1,300,2105100,
"PVS","09:38:24",40.3,1,2700,2104800,
"PVS","09:38:23",40.3,1,500,2102100,
"PVS","09:38:20",40.3,1,200,2101600,
"PVS","09:38:16",40.3,1,200,2101400,
"PVS","09:38:13",40.3,1,400,2101200,
"PVS","09:38:09",40.3,1,1000,2100800,
"PVS","09:38:08",40.3,1,500,2099800,
"PVS","09:38:02",40.3,1,5000,2099300,
"PVS","09:37:59",40.3,1,1000,2094300,
"PVS","09:37:58",40.3,1,1500,2093300,
"PVS","09:37:56",40.3,1,1000,2091800,
"PVS","09:37:52",40.3,1,300,2090800,
"PVS","09:37:51",40.3,1,5000,2090500,
"PVS","09:37:39",40.3,1,5300,2085500,
"PVS","09:37:32",40.3,1,26500,2080200,
"PVS","09:37:31",40.3,1,58600,2053700,
"PVS","09:37:24",40.2,0.9,2000,1995100,
"PVS","09:37:18",40.3,1,100,1993100,
"PVS","09:37:17",40.3,1,1000,1993000,
"PVS","09:37:14",40.2,0.9,1000,1992000,
"PVS","09:37:05",40.3,1,5000,1991000,
"PVS","09:37:04",40.3,1,500,1986000,
"PVS","09:37:02",40.3,1,600,1985500,
"PVS","09:37:01",40.3,1,500,1984900,
"PVS","09:37:00",40.3,1,100,1984400,
"PVS","09:36:50",40.3,1,300,1984300,
"PVS","09:36:49",40.3,1,2400,1984000,
"PVS","09:36:39",40.3,1,800,1981600,
"PVS","09:36:38",40.2,0.9,100,1980800,
"PVS","09:36:37",40.2,0.9,500,1980700,
"PVS","09:36:36",40.3,1,3000,1980200,
"PVS","09:36:33",40.3,1,5000,1977200,
"PVS","09:36:32",40.3,1,700,1972200,
"PVS","09:36:28",40.3,1,22200,1971500,
"PVS","09:36:25",40.2,0.9,18000,1949300,
"PVS","09:36:22",40.2,0.9,4000,1931300,
"PVS","09:36:20",40.3,1,2000,1927300,
"PVS","09:36:19",40.2,0.9,5000,1925300,
"PVS","09:36:17",40.2,0.9,100,1920300,
"PVS","09:36:14",40.2,0.9,100,1920200,
"PVS","09:36:07",40.2,0.9,5500,1920100,
"PVS","09:36:04",40.2,0.9,10000,1914600,
"PVS","09:36:03",40.3,1,100,1904600,
"PVS","09:35:56",40.2,0.9,400,1897100,
"PVS","09:35:55",40.3,1,2000,1896700,
"PVS","09:35:54",40.2,0.9,1000,1894700,
"PVS","09:35:50",40.3,1,600,1893700,
"PVS","09:35:45",40.2,0.9,400,1893100,
"PVS","09:35:42",40.2,0.9,1000,1892700,
"PVS","09:35:40",40.3,1,3300,1891700,
"PVS","09:35:39",40.3,1,100,1888400,
"PVS","09:35:31",40.3,1,7000,1888300,
"PVS","09:35:25",40.2,0.9,1000,1881300,
"PVS","09:35:22",40.3,1,5200,1880300,
"PVS","09:35:20",40.2,0.9,4000,1875100,
"PVS","09:35:14",40.3,1,1000,1871100,
"PVS","09:35:09",40.3,1,100,1870100,
"PVS","09:35:08",40.3,1,100,1870000,
"PVS","09:35:06",40.3,1,1900,1869900,
"PVS","09:35:05",40.3,1,3000,1868000,
"PVS","09:35:03",40.3,1,500,1865000,
"PVS","09:35:01",40.3,1,1000,1864500,
"PVS","09:34:59",40.3,1,100,1863500,
"PVS","09:34:58",40.3,1,5500,1863400,
"PVS","09:34:56",40.3,1,1000,1857900,
"PVS","09:34:54",40.3,1,15100,1856900,
"PVS","09:34:51",40.3,1,1200,1841800,
"PVS","09:34:49",40.3,1,1000,1840600,
"PVS","09:34:47",40.3,1,1000,1839600,
"PVS","09:34:44",40.3,1,30000,1838600,
"PVS","09:34:41",40.3,1,100,1808600,
"PVS","09:34:39",40.3,1,200,1808500,
"PVS","09:34:34",40.3,1,4400,1808300,
"PVS","09:34:29",40.4,1.1,200,1803900,
"PVS","09:34:26",40.3,1,500,1803700,
"PVS","09:34:25",40.3,1,1100,1803200,
"PVS","09:34:23",40.3,1,300,1802100,
"PVS","09:34:21",40.2,0.9,10000,1801800,
"PVS","09:34:16",40.3,1,1200,1791800,
"PVS","09:34:15",40.4,1.1,2000,1790600,
"PVS","09:34:14",40.4,1.1,1000,1788600,
"PVS","09:34:13",40.3,1,1000,1787600,
"PVS","09:34:12",40.4,1.1,700,1786600,
"PVS","09:34:07",40.3,1,600,1785900,
"PVS","09:34:05",40.4,1.1,100,1785300,
"PVS","09:34:04",40.4,1.1,1400,1785200,
"PVS","09:34:03",40.4,1.1,600,1783800,
"PVS","09:34:02",40.3,1,10000,1783200,
"PVS","09:34:00",40.4,1.1,600,1773200,
"PVS","09:33:59",40.4,1.1,3000,1772600,
"PVS","09:33:58",40.4,1.1,14200,1769600,
"PVS","09:33:57",40.4,1.1,500,1755400,
"PVS","09:33:54",40.4,1.1,200,1754900,
"PVS","09:33:53",40.4,1.1,600,1754700,
"PVS","09:33:52",40.4,1.1,100,1754100,
"PVS","09:33:51",40.4,1.1,4000,1754000,
"PVS","09:33:50",40.3,1,15000,1750000,
"PVS","09:33:47",40.4,1.1,5000,1735000,
"PVS","09:33:44",40.4,1.1,3500,1730000,
"PVS","09:33:43",40.4,1.1,5000,1726500,
"PVS","09:33:41",40.4,1.1,100,1721500,
"PVS","09:33:40",40.4,1.1,17000,1721400,
"PVS","09:33:37",40.4,1.1,100,1704400,
"PVS","09:33:35",40.4,1.1,500,1704300,
"PVS","09:33:34",40.5,1.2,3800,1703800,
"PVS","09:33:33",40.4,1.1,1000,1700000,
"PVS","09:33:32",40.5,1.2,3500,1699000,
"PVS","09:33:30",40.4,1.1,2500,1695500,
"PVS","09:33:29",40.5,1.2,2000,1693000,
"PVS","09:33:28",40.5,1.2,2000,1691000,
"PVS","09:33:26",40.5,1.2,20000,1689000,
"PVS","09:33:25",40.4,1.1,56200,1669000,
"PVS","09:33:24",40.4,1.1,10000,1612800,
"PVS","09:33:19",40.5,1.2,200,1602800,
"PVS","09:33:14",40.4,1.1,1000,1602600,
"PVS","09:33:12",40.5,1.2,1900,1601600,
"PVS","09:33:06",40.5,1.2,400,1599700,
"PVS","09:33:05",40.4,1.1,10000,1599300,
"PVS","09:33:04",40.4,1.1,2000,1589300,
"PVS","09:33:03",40.4,1.1,5000,1587300,
"PVS","09:33:02",40.5,1.2,300,1582300,
"PVS","09:33:00",40.4,1.1,3000,1582000,
"PVS","09:32:57",40.4,1.1,500,1579000,
"PVS","09:32:56",40.5,1.2,10000,1578500,
"PVS","09:32:52",40.4,1.1,1000,1568500,
"PVS","09:32:50",40.4,1.1,2500,1567500,
"PVS","09:32:49",40.5,1.2,2500,1565000,
"PVS","09:32:48",40.4,1.1,5300,1562500,
"PVS","09:32:43",40.4,1.1,300,1557200,
"PVS","09:32:41",40.4,1.1,100,1556900,
"PVS","09:32:39",40.5,1.2,35000,1556800,
"PVS","09:32:38",40.4,1.1,7000,1521800,
"PVS","09:32:37",40.4,1.1,100,1514800,
"PVS","09:32:36",40.4,1.1,25000,1514700,
"PVS","09:32:34",40.3,1,200,1489700,
"PVS","09:32:31",40.4,1.1,1100,1489500,
"PVS","09:32:30",40.4,1.1,1800,1488400,
"PVS","09:32:29",40.3,1,10000,1486600,
"PVS","09:32:27",40.4,1.1,6000,1476600,
"PVS","09:32:26",40.4,1.1,1000,1470600,
"PVS","09:32:24",40.4,1.1,12500,1469600,
"PVS","09:32:23",40.4,1.1,13500,1457100,
"PVS","09:32:22",40.4,1.1,2100,1443600,
"PVS","09:32:20",40.3,1,10500,1441500,
"PVS","09:32:19",40.4,1.1,600,1431000,
"PVS","09:32:18",40.5,1.2,69200,1430400,
"PVS","09:32:15",40.4,1.1,100,1361200,
"PVS","09:32:14",40.4,1.1,2000,1361100,
"PVS","09:32:13",40.4,1.1,2000,1359100,
"PVS","09:32:12",40.4,1.1,100,1357100,
"PVS","09:32:10",40.3,1,800,1357000,
"PVS","09:32:07",40.4,1.1,500,1356200,
"PVS","09:32:06",40.4,1.1,1300,1355700,
"PVS","09:32:05",40.3,1,10400,1354400,
"PVS","09:32:04",40.4,1.1,1000,1344000,
"PVS","09:32:03",40.4,1.1,1000,1343000,
"PVS","09:32:00",40.3,1,200,1342000,
"PVS","09:31:57",40.3,1,10000,1341800,
"PVS","09:31:56",40.4,1.1,2000,1331800,
"PVS","09:31:55",40.4,1.1,21200,1329800,
"PVS","09:31:54",40.3,1,300,1308600,
"PVS","09:31:53",40.3,1,500,1308300,
"PVS","09:31:51",40.4,1.1,100,1307800,
"PVS","09:31:50",40.4,1.1,2000,1307700,
"PVS","09:31:49",40.3,1,100,1305700,
"PVS","09:31:48",40.4,1.1,2000,1305600,
"PVS","09:31:46",40.3,1,2100,1303600,
"PVS","09:31:43",40.3,1,5900,1301500,
"PVS","09:31:42",40.2,0.9,600,1295600,
"PVS","09:31:41",40.3,1,1000,1295000,
"PVS","09:31:40",40.3,1,11000,1294000,
"PVS","09:31:39",40.2,0.9,1400,1283000,
"PVS","09:31:38",40.2,0.9,10100,1281600,
"PVS","09:31:37",40.3,1,4300,1271500,
"PVS","09:31:36",40.3,1,300,1267200,
"PVS","09:31:35",40.3,1,500,1266900,
"PVS","09:31:34",40.3,1,3500,1266400,
"PVS","09:31:33",40.3,1,5000,1262900,
"PVS","09:31:32",40.3,1,1000,1257900,
"PVS","09:31:30",40.2,0.9,13100,1256900,
"PVS","09:31:29",40.3,1,3500,1243800,
"PVS","09:31:28",40.3,1,11200,1240300,
"PVS","09:31:27",40.3,1,3000,1229100,
"PVS","09:31:26",40.3,1,5000,1226100,
"PVS","09:31:25",40.2,0.9,3600,1221100,
"PVS","09:31:24",40.3,1,3100,1217500,
"PVS","09:31:23",40.3,1,500,1214400,
"PVS","09:31:22",40.2,0.9,500,1213900,
"PVS","09:31:21",40.3,1,600,1213400,
"PVS","09:31:16",40.2,0.9,9400,1212800,
"PVS","09:31:15",40.2,0.9,68900,1203400,
"PVS","09:31:14",40.2,0.9,20000,1134500,
"PVS","09:31:12",40.1,0.8,1600,1114500,
"PVS","09:31:08",40.2,0.9,100,1112900,
"PVS","09:31:05",40.1,0.8,1900,1112800,
"PVS","09:31:04",40.1,0.8,1700,1110900,
"PVS","09:31:01",40.1,0.8,200,1102900,
"PVS","09:31:00",40.1,0.8,1000,1102700,
"PVS","09:30:59",40.1,0.8,100,1101700,
"PVS","09:30:58",40.1,0.8,200,1101600,
"PVS","09:30:53",40,0.7,100,1101400,
"PVS","09:30:51",40.1,0.8,100,1101300,
"PVS","09:30:50",40,0.7,300,1101200,
"PVS","09:30:49",40,0.7,7700,1100900,
"PVS","09:30:48",40,0.7,7300,1093200,
"PVS","09:30:47",40,0.7,38400,1085900,
"PVS","09:30:46",40,0.7,21500,1047500,
"PVS","09:30:45",40,0.7,32000,1026000,
"PVS","09:30:44",40,0.7,8400,994000,
"PVS","09:30:43",40,0.7,55900,985600,
"PVS","09:30:42",40,0.7,2100,929700,
"PVS","09:30:41",40,0.7,13500,927600,
"PVS","09:30:40",40,0.7,10000,914100,
"PVS","09:30:39",40,0.7,15000,904100,
"PVS","09:30:38",40,0.7,20000,889100,
"PVS","09:30:37",40,0.7,60000,869100,
"PVS","09:30:33",40,0.7,24300,809100,
"PVS","09:30:31",40,0.7,4000,784800,
"PVS","09:30:30",40,0.7,8400,780800,
"PVS","09:30:29",40,0.7,3000,772400,
"PVS","09:30:28",40,0.7,700,769400,
"PVS","09:30:27",40,0.7,5000,768700,
"PVS","09:30:26",40,0.7,200,763700,
"PVS","09:30:25",40,0.7,1500,763500,
"PVS","09:30:24",40,0.7,5000,762000,
"PVS","09:30:21",39.9,0.6,1400,757000,
"PVS","09:30:19",40,0.7,100000,755600,
"PVS","09:30:18",40,0.7,500,655600,
"PVS","09:30:17",40,0.7,500,655100,
"PVS","09:30:14",40,0.7,300,654600,
"PVS","09:30:13",40,0.7,2200,654300,
"PVS","09:30:06",39.9,0.6,300,652100,
"PVS","09:30:05",40,0.7,20000,651800,
"PVS","09:29:59",39.9,0.6,11200,631800,
"PVS","09:29:56",39.9,0.6,87000,620600,
"PVS","09:29:52",39.9,0.6,11500,533600,
"PVS","09:29:51",39.9,0.6,300,522100,
"PVS","09:29:49",39.8,0.5,100,521800,
"PVS","09:29:47",39.9,0.6,1000,521700,
"PVS","09:29:43",39.8,0.5,1000,520700,
"PVS","09:29:42",39.9,0.6,4000,519700,
"PVS","09:29:41",39.9,0.6,200,515700,
"PVS","09:29:37",39.8,0.5,2500,515500,
"PVS","09:29:33",39.8,0.5,400,513000,
"PVS","09:29:27",39.8,0.5,67500,512600,
"PVS","09:29:23",39.8,0.5,9200,445100,
"PVS","09:29:22",39.8,0.5,800,435900,
"PVS","09:29:15",39.8,0.5,5000,435100,
"PVS","09:29:13",39.8,0.5,600,430100,
"PVS","09:28:57",39.8,0.5,300,429500,
"PVS","09:28:53",39.7,0.4,100,429200,
"PVS","09:28:34",39.7,0.4,1000,429100,
"PVS","09:28:32",39.7,0.4,100,428100,
"PVS","09:28:30",39.7,0.4,1400,428000,
"PVS","09:28:28",39.7,0.4,3000,426600,
"PVS","09:28:23",39.7,0.4,1900,423600,
"PVS","09:28:17",39.6,0.3,6300,421700,
"PVS","09:28:08",39.6,0.3,200,415400,
"PVS","09:28:03",39.6,0.3,400,415200,
"PVS","09:28:01",39.6,0.3,100,414800,
"PVS","09:27:37",39.6,0.3,1000,414700,
"PVS","09:27:36",39.7,0.4,10000,413700,
"PVS","09:27:26",39.7,0.4,1000,403700,
"PVS","09:27:17",39.7,0.4,500,402700,
"PVS","09:27:04",39.7,0.4,100,402200,
"PVS","09:26:40",39.6,0.3,2100,402100,
"PVS","09:26:25",39.6,0.3,30000,400000,
"PVS","09:26:14",39.6,0.3,2000,370000,
"PVS","09:25:49",39.5,0.2,600,368000,
"PVS","09:25:47",39.5,0.2,400,367400,
"PVS","09:25:38",39.5,0.2,100,367000,
"PVS","09:25:15",39.5,0.2,100,366900,
"PVS","09:25:09",39.5,0.2,500,366800,
"PVS","09:25:03",39.5,0.2,200,366300,
"PVS","09:24:48",39.5,0.2,500,366100,
"PVS","09:24:38",39.5,0.2,100,365600,
"PVS","09:24:30",39.5,0.2,900,365500,
"PVS","09:24:26",39.5,0.2,6000,364600,
"PVS","09:24:24",39.5,0.2,100,358600,
"PVS","09:24:22",39.5,0.2,100,358500,
"PVS","09:24:20",39.5,0.2,1200,358400,
"PVS","09:24:13",39.5,0.2,100,357200,
"PVS","09:24:04",39.5,0.2,7000,357100,
"PVS","09:23:51",39.4,0.1,10000,350100,
"PVS","09:23:45",39.5,0.2,1700,340100,
"PVS","09:23:41",39.4,0.1,300,338400,
"PVS","09:23:40",39.5,0.2,10000,338100,
"PVS","09:23:27",39.4,0.1,3000,328100,
"PVS","09:23:26",39.4,0.1,2000,325100,
"PVS","09:23:10",39.4,0.1,100,323100,
"PVS","09:23:03",39.4,0.1,100,323000,
"PVS","09:22:53",39.4,0.1,200,322900,
"PVS","09:22:45",39.4,0.1,2000,322700,
"PVS","09:22:43",39.4,0.1,63000,320700,
"PVS","09:22:28",39.3,0,100,257700,
"PVS","09:22:13",39.3,0,100,257600,
"PVS","09:22:11",39.4,0.1,500,257500,
"PVS","09:21:55",39.3,0,600,257000,
"PVS","09:21:52",39.3,0,400,256400,
"PVS","09:21:49",39.3,0,900,256000,
"PVS","09:21:48",39.3,0,200,255100,
"PVS","09:21:44",39.3,0,500,254900,
"PVS","09:21:39",39.3,0,1200,254400,
"PVS","09:21:38",39.3,0,5000,253200,
"PVS","09:21:36",39.3,0,300,248200,
"PVS","09:21:20",39.3,0,1500,247900,
"PVS","09:21:18",39.3,0,800,246400,
"PVS","09:21:15",39.3,0,100,245600,
"PVS","09:21:14",39.3,0,3000,245500,
"PVS","09:21:11",39.3,0,800,242500,
"PVS","09:21:07",39.3,0,20000,241700,
"PVS","09:21:06",39.3,0,3000,221700,
"PVS","09:20:42",39.3,0,1000,218700,
"PVS","09:20:21",39.3,0,500,217700,
"PVS","09:20:20",39.3,0,1000,217200,
"PVS","09:20:11",39.3,0,6000,216200,
"PVS","09:20:10",39.3,0,1500,210200,
"PVS","09:19:48",39.3,0,3000,208700,
"PVS","09:19:46",39.3,0,700,205700,
"PVS","09:19:23",39.3,0,300,205000,
"PVS","09:19:10",39.3,0,700,204700,
"PVS","09:19:00",39.4,0.1,200,204000,
"PVS","09:18:34",39.4,0.1,500,203800,
"PVS","09:17:46",39.4,0.1,200,203300,
"PVS","09:17:07",39.4,0.1,400,203100,
"PVS","09:16:57",39.4,0.1,200,202700,
"PVS","09:16:49",39.3,0,2000,202500,
"PVS","09:16:41",39.3,0,19000,200500,
"PVS","09:16:36",39.3,0,600,181500,
"PVS","09:16:33",39.3,0,400,180900,
"PVS","09:16:20",39.4,0.1,300,180500,
"PVS","09:16:06",39.4,0.1,100,180200,
"PVS","09:15:28",39.4,0.1,1500,180100,
"PVS","09:15:21",39.3,0,500,178600,
"PVS","09:15:09",39.4,0.1,100,178100,
"PVS","09:15:07",39.4,0.1,100,178000,
"PVS","09:14:59",39.4,0.1,1300,177900,
"PVS","09:14:54",39.4,0.1,1000,176600,
"PVS","09:14:38",39.4,0.1,500,175600,
"PVS","09:14:25",39.4,0.1,5500,175100,
"PVS","09:14:20",39.4,0.1,300,169600,
"PVS","09:14:16",39.4,0.1,5000,169300,
"PVS","09:14:12",39.4,0.1,2000,164300,
"PVS","09:14:06",39.4,0.1,100,162300,
"PVS","09:14:04",39.4,0.1,100,162200,
"PVS","09:13:31",39.4,0.1,3000,162100,
"PVS","09:13:12",39.4,0.1,3000,159100,
"PVS","09:13:07",39.4,0.1,1200,156100,
"PVS","09:13:04",39.4,0.1,100,154900,
"PVS","09:12:50",39.4,0.1,400,154800,
"PVS","09:12:40",39.4,0.1,7000,154400,
"PVS","09:12:22",39.4,0.1,1500,147400,
"PVS","09:11:48",39.4,0.1,800,145900,
"PVS","09:11:41",39.4,0.1,14000,145100,
"PVS","09:11:34",39.4,0.1,400,131100,
"PVS","09:11:32",39.4,0.1,500,130700,
"PVS","09:11:13",39.4,0.1,16900,130200,
"PVS","09:10:39",39.4,0.1,900,113300,
"PVS","09:10:00",39.5,0.2,1000,112400,
"PVS","09:09:39",39.5,0.2,1300,111400,
"PVS","09:09:32",39.4,0.1,100,110100,
"PVS","09:08:56",39.4,0.1,2500,110000,
"PVS","09:08:42",39.5,0.2,500,107500,
"PVS","09:08:04",39.5,0.2,500,107000,
"PVS","09:07:50",39.5,0.2,1300,106500,
"PVS","09:07:47",39.5,0.2,6000,105200,
"PVS","09:07:45",39.5,0.2,2800,99200,
"PVS","09:07:42",39.5,0.2,200,96400,
"PVS","09:07:39",39.5,0.2,1000,96200,
"PVS","09:07:15",39.5,0.2,100,95200,
"PVS","09:07:05",39.5,0.2,100,95100,
"PVS","09:06:14",39.5,0.2,100,95000,
"PVS","09:06:13",39.5,0.2,1000,94900,
"PVS","09:06:11",39.5,0.2,5000,93900,
"PVS","09:06:09",39.5,0.2,500,88900,
"PVS","09:06:06",39.5,0.2,700,88400,
"PVS","09:06:05",39.5,0.2,800,87700,
"PVS","09:05:54",39.5,0.2,100,86900,
"PVS","09:05:51",39.5,0.2,1400,86800,
"PVS","09:05:40",39.5,0.2,1300,85400,
"PVS","09:05:19",39.5,0.2,200,84100,
"PVS","09:05:18",39.5,0.2,1800,83900,
"PVS","09:05:13",39.5,0.2,600,82100,
"PVS","09:05:06",39.5,0.2,10900,81500,
"PVS","09:05:03",39.4,0.1,100,70600,
"PVS","09:04:31",39.4,0.1,1000,70500,
"PVS","09:04:24",39.5,0.2,300,69500,
"PVS","09:03:34",39.4,0.1,3200,69200,
"PVS","09:03:31",39.4,0.1,5000,66000,
"PVS","09:03:23",39.4,0.1,100,61000,
"PVS","09:03:08",39.4,0.1,100,60900,
"PVS","09:02:51",39.4,0.1,100,60800,
"PVS","09:02:46",39.4,0.1,2000,60700,
"PVS","09:02:38",39.4,0.1,3200,58700,
"PVS","09:02:31",39.4,0.1,8000,55500,
"PVS","09:02:23",39.4,0.1,1000,47500,
"PVS","09:02:19",39.4,0.1,4800,46500,
"PVS","09:02:18",39.4,0.1,200,41700,
"PVS","09:02:16",39.4,0.1,700,41500,
"PVS","09:02:11",39.4,0.1,2000,40800,
"PVS","09:01:42",39.4,0.1,2500,38800,
"PVS","09:01:37",39.4,0.1,2500,36300,
"PVS","09:01:29",39.4,0.1,2000,33800,
"PVS","09:01:23",39.4,0.1,100,31800,
"PVS","09:01:03",39.4,0.1,400,31700,
"PVS","09:00:50",39.5,0.2,500,31300,
"PVS","09:00:43",39.5,0.2,200,30800,
"PVS","09:00:42",39.5,0.2,100,30600,
"PVS","09:00:41",39.5,0.2,400,30500,
"PVS","09:00:39",39.5,0.2,1000,30100,
"PVS","09:00:37",39.5,0.2,20000,29100,
"PVS","09:00:23",39.5,0.2,100,9100,
"PVS","09:00:20",39.5,0.2,6000,9000,
"PVS","09:00:18",39.5,0.2,300,3000,
"PVS","09:00:10",39.6,0.3,200,2700,
"PVS","09:00:09",39.6,0.3,2000,2500,
"PVS","09:00:03",39.5,0.2,500,500,
