"price","change","match_qtty","side","time","total_vol"
29.4,-0.15,357400,"","14:45:07",1837700
29.55,0,300,"sd","14:29:43",1480300
29.6,0.05,3800,"sd","14:29:40",1480000
29.6,0.05,100,"sd","14:29:30",1476200
29.6,0.05,3000,"sd","14:29:21",1476100
29.6,0.05,6000,"bu","14:28:55",1473100
29.6,0.05,30000,"bu","14:28:53",1467100
29.55,0,100,"sd","14:27:57",1437100
29.55,0,4200,"bu","14:27:35",1437000
29.55,0,100,"bu","14:27:17",1432800
29.55,0,500,"bu","14:27:10",1432700
29.55,0,1000,"bu","14:27:06",1432200
29.55,0,2000,"bu","14:27:03",1431200
29.55,0,200,"bu","14:27:02",1429200
29.55,0,400,"bu","14:27:01",1429000
29.55,0,1000,"bu","14:26:44",1428600
29.55,0,3000,"bu","14:26:39",1427600
29.55,0,300,"bu","14:26:33",1424600
29.55,0,1000,"bu","14:26:32",1424300
29.55,0,100,"bu","14:26:25",1423300
29.5,-0.05,29500,"bu","14:25:57",1423200
29.5,-0.05,8000,"bu","14:25:33",1393700
29.5,-0.05,600,"bu","14:25:17",1385700
29.5,-0.05,200,"bu","14:24:37",1385100
29.5,-0.05,500,"bu","14:24:14",1384900
29.45,-0.1,200,"sd","14:23:15",1384400
29.5,-0.05,5600,"bu","14:22:18",1384200
29.5,-0.05,200,"bu","14:20:41",1378600
29.4,-0.15,2400,"sd","14:19:23",1378400
29.4,-0.15,600,"sd","14:19:17",1376000
29.45,-0.1,12000,"sd","14:19:17",1375400
29.5,-0.05,400,"bu","14:19:08",1363400
29.45,-0.1,900,"sd","14:19:08",1363000
29.45,-0.1,100,"sd","14:19:04",1362100
29.45,-0.1,600,"sd","14:18:56",1362000
29.5,-0.05,5500,"sd","14:18:32",1361400
29.5,-0.05,500,"sd","14:18:01",1355900
29.5,-0.05,3600,"sd","14:17:39",1355400
29.55,0,200,"bu","14:15:54",1351800
29.55,0,100,"bu","14:15:46",1351600
29.55,0,400,"bu","14:13:13",1351500
29.5,-0.05,100,"bu","14:13:02",1351100
29.45,-0.1,1200,"sd","14:12:53",1351000
29.45,-0.1,7000,"sd","14:12:15",1349800
29.45,-0.1,1200,"sd","14:11:57",1342800
29.45,-0.1,1600,"sd","14:11:47",1341600
29.5,-0.05,1000,"sd","14:11:47",1340000
29.45,-0.1,1200,"sd","14:11:42",1339000
29.45,-0.1,2500,"sd","14:11:41",1337800
29.45,-0.1,2900,"sd","14:11:38",1335300
29.5,-0.05,700,"sd","14:11:38",1332400
29.5,-0.05,2800,"sd","14:11:32",1331700
29.55,0,1000,"bu","14:11:22",1328900
29.5,-0.05,2000,"sd","14:11:04",1327900
29.5,-0.05,5000,"bu","14:10:42",1325900
29.5,-0.05,300,"bu","14:10:37",1320900
29.5,-0.05,1500,"bu","14:10:32",1320600
29.5,-0.05,600,"bu","14:08:52",1319100
29.5,-0.05,600,"bu","14:08:52",1318500
29.5,-0.05,4400,"bu","14:08:51",1317900
29.5,-0.05,300,"bu","14:08:42",1313500
29.5,-0.05,1000,"bu","14:07:54",1313200
29.45,-0.1,500,"sd","14:07:40",1312200
29.5,-0.05,300,"bu","14:07:34",1311700
29.5,-0.05,1200,"sd","14:06:29",1311400
29.45,-0.1,3400,"sd","14:06:12",1310200
29.45,-0.1,2400,"sd","14:05:53",1306800
29.5,-0.05,100,"bu","14:05:27",1304400
29.5,-0.05,100,"sd","14:04:40",1304300
29.45,-0.1,200,"sd","14:02:53",1304200
29.55,0,1200,"bu","14:02:28",1304000
29.4,-0.15,11800,"sd","14:01:38",1302800
29.45,-0.1,5600,"sd","14:01:38",1291000
29.5,-0.05,12600,"sd","14:01:38",1285400
29.55,0,700,"sd","14:01:17",1272800
29.55,0,3400,"sd","14:00:19",1272100
29.55,0,2000,"sd","13:59:51",1268700
29.6,0.05,100,"bu","13:58:22",1266700
29.6,0.05,2400,"bu","13:58:04",1266600
29.6,0.05,500,"bu","13:57:59",1264200
29.6,0.05,100,"bu","13:57:47",1263700
29.6,0.05,100,"bu","13:56:57",1263600
29.6,0.05,6700,"bu","13:56:50",1263500
29.6,0.05,200,"bu","13:56:42",1256800
29.6,0.05,400,"bu","13:56:34",1256600
29.6,0.05,200,"bu","13:56:10",1256200
29.6,0.05,7400,"sd","13:56:06",1256000
29.6,0.05,100,"sd","13:55:55",1248600
29.6,0.05,100,"sd","13:55:35",1248500
29.65,0.1,2000,"bu","13:55:04",1248400
29.6,0.05,1000,"sd","13:54:55",1246400
29.65,0.1,200,"bu","13:54:26",1245400
29.65,0.1,400,"bu","13:54:21",1245200
29.65,0.1,4000,"bu","13:54:16",1244800
29.65,0.1,2400,"bu","13:54:13",1240800
29.65,0.1,1200,"bu","13:54:01",1238400
29.6,0.05,1700,"bu","13:54:01",1237200
29.6,0.05,2400,"bu","13:53:53",1235500
29.55,0,100,"sd","13:53:31",1233100
29.6,0.05,2400,"bu","13:53:31",1233000
29.55,0,500,"sd","13:53:18",1230600
29.6,0.05,2400,"bu","13:53:12",1230100
29.6,0.05,5000,"bu","13:52:55",1227700
29.6,0.05,2400,"bu","13:52:47",1222700
29.6,0.05,2400,"bu","13:52:35",1220300
29.6,0.05,2400,"bu","13:52:25",1217900
29.6,0.05,2400,"bu","13:52:16",1215500
29.55,0,4800,"bu","13:52:04",1213100
29.55,0,2400,"bu","13:52:04",1208300
29.55,0,1500,"bu","13:51:39",1205900
29.5,-0.05,900,"bu","13:51:39",1204400
29.5,-0.05,1300,"bu","13:51:19",1203500
29.5,-0.05,1100,"bu","13:51:18",1202200
29.5,-0.05,2400,"bu","13:51:07",1201100
29.45,-0.1,3200,"bu","13:50:53",1198700
29.45,-0.1,2000,"bu","13:50:51",1195500
29.45,-0.1,200,"bu","13:50:39",1193500
29.45,-0.1,200,"bu","13:50:30",1193300
29.4,-0.15,200,"sd","13:50:30",1193100
29.45,-0.1,500,"bu","13:50:13",1192900
29.45,-0.1,400,"sd","13:50:06",1192400
29.5,-0.05,100,"bu","13:49:56",1192000
29.4,-0.15,2000,"sd","13:49:41",1191900
29.5,-0.05,6000,"bu","13:49:35",1189900
29.4,-0.15,500,"bu","13:48:31",1183900
29.4,-0.15,1000,"bu","13:48:22",1183400
29.4,-0.15,4300,"bu","13:48:16",1182400
29.4,-0.15,60100,"sd","13:48:14",1178100
29.45,-0.1,4100,"sd","13:48:14",1118000
29.45,-0.1,100,"sd","13:48:13",1113900
29.45,-0.1,3600,"sd","13:47:37",1113800
29.45,-0.1,5000,"sd","13:47:24",1110200
29.45,-0.1,2900,"sd","13:47:13",1105200
29.45,-0.1,3600,"sd","13:46:54",1102300
29.5,-0.05,400,"bu","13:45:24",1098700
29.45,-0.1,3600,"sd","13:43:53",1098300
29.5,-0.05,500,"bu","13:43:52",1094700
29.5,-0.05,1500,"sd","13:43:36",1094200
29.5,-0.05,8500,"bu","13:43:26",1092700
29.5,-0.05,100,"bu","13:42:32",1084200
29.5,-0.05,400,"bu","13:42:10",1084100
29.45,-0.1,2400,"sd","13:41:29",1083700
29.45,-0.1,3600,"sd","13:41:28",1081300
29.45,-0.1,2400,"sd","13:41:28",1077700
29.45,-0.1,1200,"sd","13:41:11",1075300
29.45,-0.1,1200,"sd","13:41:10",1074100
29.45,-0.1,3600,"sd","13:41:10",1072900
29.45,-0.1,1200,"sd","13:41:09",1069300
29.45,-0.1,300,"sd","13:40:40",1068100
29.45,-0.1,1000,"bu","13:40:27",1067800
29.5,-0.05,600,"bu","13:40:21",1066800
29.45,-0.1,100,"bu","13:40:21",1066200
29.45,-0.1,500,"bu","13:40:07",1066100
29.45,-0.1,200,"bu","13:40:07",1065600
29.45,-0.1,9200,"sd","13:39:57",1065400
29.45,-0.1,5000,"sd","13:39:36",1056200
29.5,-0.05,400,"bu","13:39:24",1051200
29.45,-0.1,7000,"sd","13:38:04",1050800
29.5,-0.05,3000,"sd","13:38:04",1043800
29.5,-0.05,100,"bu","13:37:47",1040800
29.45,-0.1,10000,"sd","13:37:39",1040700
29.45,-0.1,26600,"sd","13:37:19",1030700
29.5,-0.05,3400,"sd","13:37:19",1004100
29.5,-0.05,100,"bu","13:37:13",1000700
29.45,-0.1,1700,"sd","13:36:03",1000600
29.45,-0.1,8300,"sd","13:36:02",998900
29.45,-0.1,9900,"sd","13:35:53",990600
29.55,0,1200,"bu","13:35:36",980700
29.45,-0.1,100,"bu","13:35:27",979500
29.45,-0.1,4700,"sd","13:35:21",979400
29.5,-0.05,200,"sd","13:35:21",974700
29.45,-0.1,1900,"sd","13:35:13",974500
29.5,-0.05,100,"sd","13:35:13",972600
29.45,-0.1,9800,"sd","13:35:08",972500
29.5,-0.05,200,"sd","13:35:08",962700
29.45,-0.1,10000,"sd","13:35:03",962500
29.55,0,1200,"bu","13:34:37",952500
29.45,-0.1,29600,"sd","13:33:12",951300
29.5,-0.05,400,"sd","13:33:12",921700
29.5,-0.05,2000,"sd","13:33:02",921300
29.5,-0.05,700,"sd","13:32:57",919300
29.55,0,200,"bu","13:32:32",918600
29.5,-0.05,29700,"sd","13:32:28",918400
29.5,-0.05,300,"sd","13:32:28",888700
29.5,-0.05,100,"sd","13:32:19",888400
29.55,0,1200,"bu","13:32:00",888300
29.55,0,1200,"bu","13:31:54",887100
29.5,-0.05,10000,"sd","13:31:53",885900
29.5,-0.05,9600,"bu","13:31:50",875900
29.5,-0.05,200,"bu","13:31:46",866300
29.45,-0.1,5000,"sd","13:31:46",866100
29.45,-0.1,5000,"sd","13:31:45",861100
29.45,-0.1,3000,"sd","13:31:36",856100
29.5,-0.05,7000,"sd","13:31:36",853100
29.45,-0.1,9400,"sd","13:31:27",846100
29.5,-0.05,600,"sd","13:31:27",836700
29.5,-0.05,9400,"bu","13:31:21",836100
29.5,-0.05,10000,"bu","13:31:09",826700
29.5,-0.05,200,"bu","13:31:02",816700
29.5,-0.05,100,"bu","13:30:38",816500
29.4,-0.15,500,"sd","13:30:03",816400
29.4,-0.15,300,"sd","13:29:43",815900
29.5,-0.05,1200,"bu","13:29:37",815600
29.4,-0.15,300,"bu","13:29:28",814400
29.4,-0.15,1100,"bu","13:29:24",814100
29.4,-0.15,31400,"sd","13:29:18",813000
29.45,-0.1,3600,"sd","13:29:18",781600
29.45,-0.1,20000,"sd","13:28:28",778000
29.45,-0.1,18000,"sd","13:28:27",758000
29.5,-0.05,600,"sd","13:28:13",740000
29.5,-0.05,4400,"bu","13:28:08",739400
29.5,-0.05,200,"bu","13:27:58",735000
29.5,-0.05,400,"bu","13:27:48",734800
29.5,-0.05,500,"bu","13:27:40",734400
29.5,-0.05,1200,"bu","13:27:28",733900
29.45,-0.1,3100,"sd","13:27:20",732700
29.5,-0.05,9100,"sd","13:27:20",729600
29.5,-0.05,2500,"sd","13:26:54",720500
29.5,-0.05,100,"sd","13:26:50",718000
29.5,-0.05,11600,"bu","13:25:54",717900
29.5,-0.05,200,"bu","13:25:49",706300
29.45,-0.1,200,"sd","13:25:43",706100
29.5,-0.05,500,"bu","13:25:41",705900
29.45,-0.1,3600,"sd","13:25:18",705400
29.45,-0.1,100,"sd","13:25:12",701800
29.45,-0.1,10000,"sd","13:24:12",701700
29.45,-0.1,100,"sd","13:23:42",691700
29.5,-0.05,100,"bu","13:22:54",691600
29.5,-0.05,9300,"sd","13:22:31",691500
29.5,-0.05,300,"sd","13:22:20",682200
29.5,-0.05,200,"sd","13:21:51",681900
29.5,-0.05,5200,"sd","13:21:47",681700
29.5,-0.05,5000,"sd","13:21:38",676500
29.5,-0.05,2600,"sd","13:21:31",671500
29.5,-0.05,7400,"sd","13:21:30",668900
29.5,-0.05,3600,"sd","13:20:15",661500
29.5,-0.05,600,"sd","13:18:54",657900
29.5,-0.05,600,"sd","13:18:04",657300
29.5,-0.05,1700,"sd","13:18:03",656700
29.55,0,5800,"sd","13:18:03",655000
29.55,0,4600,"sd","13:18:03",649200
29.6,0.05,100,"bu","13:17:41",644600
29.55,0,2500,"sd","13:17:29",644500
29.6,0.05,400,"bu","13:16:42",642000
29.55,0,300,"sd","13:16:10",641600
29.55,0,200,"sd","13:15:37",641300
29.55,0,1000,"sd","13:14:16",641100
29.6,0.05,600,"bu","13:14:14",640100
29.55,0,3600,"sd","13:13:16",639500
29.55,0,300,"sd","13:13:06",635900
29.55,0,2500,"bu","13:12:47",635600
29.5,-0.05,200,"sd","13:12:44",633100
29.55,0,3000,"bu","13:12:11",632900
29.55,0,200,"bu","13:10:25",629900
29.55,0,200,"bu","13:10:21",629700
29.5,-0.05,200,"sd","13:09:24",629500
29.5,-0.05,3800,"bu","13:08:35",629300
29.5,-0.05,400,"bu","13:08:30",625500
29.5,-0.05,100,"bu","13:08:13",625100
29.5,-0.05,1000,"bu","13:07:54",625000
29.5,-0.05,1100,"bu","13:07:46",624000
29.5,-0.05,1400,"sd","13:07:07",622900
29.55,0,1200,"bu","13:06:21",621500
29.5,-0.05,1700,"bu","13:06:17",620300
29.5,-0.05,600,"bu","13:06:13",618600
29.5,-0.05,2000,"bu","13:05:19",618000
29.5,-0.05,2300,"sd","13:05:18",616000
29.5,-0.05,300,"sd","13:05:02",613700
29.5,-0.05,800,"bu","13:04:54",613400
29.5,-0.05,19200,"sd","13:04:52",612600
29.55,0,800,"bu","13:04:45",593400
29.55,0,300,"bu","13:04:29",592600
29.55,0,1500,"bu","13:04:28",592300
29.5,-0.05,700,"sd","13:02:42",590800
29.55,0,1000,"bu","13:02:09",590100
29.5,-0.05,100,"sd","13:00:39",589100
29.5,-0.05,5200,"sd","13:00:37",589000
29.5,-0.05,100,"sd","13:00:35",583800
29.55,0,100,"bu","13:00:35",583700
29.5,-0.05,2100,"sd","13:00:34",583600
29.55,0,300,"bu","13:00:34",581500
29.5,-0.05,500,"sd","13:00:30",581200
29.55,0,1000,"bu","13:00:04",580700
29.5,-0.05,500,"sd","11:29:34",579700
29.5,-0.05,900,"bu","11:28:00",579200
29.5,-0.05,100,"bu","11:27:48",578300
29.5,-0.05,100,"bu","11:27:34",578200
29.5,-0.05,500,"bu","11:27:16",578100
29.45,-0.1,100,"sd","11:27:11",577600
29.5,-0.05,2000,"bu","11:27:08",577500
29.45,-0.1,300,"sd","11:27:01",575500
29.5,-0.05,7400,"sd","11:27:00",575200
29.5,-0.05,200,"sd","11:26:31",567800
29.55,0,5000,"bu","11:26:26",567600
29.5,-0.05,500,"sd","11:26:21",562600
29.5,-0.05,10000,"sd","11:26:19",562100
29.5,-0.05,200,"sd","11:26:11",552100
29.5,-0.05,3600,"sd","11:26:04",551900
29.5,-0.05,500,"sd","11:26:02",548300
29.55,0,1000,"bu","11:26:00",547800
29.5,-0.05,10000,"sd","11:25:55",546800
29.5,-0.05,100,"sd","11:25:22",536800
29.5,-0.05,3600,"sd","11:25:13",536700
29.5,-0.05,100,"sd","11:25:01",533100
29.5,-0.05,3600,"sd","11:24:52",533000
29.5,-0.05,100,"sd","11:24:51",529400
29.5,-0.05,2300,"sd","11:24:43",529300
29.5,-0.05,700,"sd","11:24:41",527000
29.5,-0.05,2200,"sd","11:24:36",526300
29.55,0,11900,"sd","11:24:33",524100
29.55,0,100,"sd","11:24:31",512200
29.55,0,2800,"sd","11:24:26",512100
29.55,0,500,"sd","11:23:51",509300
29.55,0,10000,"sd","11:23:46",508800
29.55,0,100,"sd","11:23:01",498800
29.55,0,3600,"sd","11:22:54",498700
29.55,0,200,"sd","11:21:17",495100
29.55,0,400,"sd","11:18:15",494900
29.55,0,100,"sd","11:17:21",494500
29.55,0,1200,"sd","11:17:20",494400
29.6,0.05,2400,"sd","11:17:20",493200
29.6,0.05,500,"sd","11:16:33",490800
29.6,0.05,200,"sd","11:16:01",490300
29.6,0.05,5000,"sd","11:15:59",490100
29.6,0.05,500,"sd","11:14:52",485100
29.6,0.05,10000,"sd","11:14:45",484600
29.6,0.05,400,"sd","11:14:17",474600
29.6,0.05,100,"sd","11:14:11",474200
29.6,0.05,2600,"sd","11:14:08",474100
29.6,0.05,300,"sd","11:14:01",471500
29.6,0.05,2700,"sd","11:13:59",471200
29.6,0.05,3600,"sd","11:13:58",468500
29.6,0.05,400,"sd","11:13:52",464900
29.6,0.05,200,"sd","11:13:51",464500
29.6,0.05,3600,"sd","11:13:45",464300
29.6,0.05,1600,"sd","11:13:42",460700
29.6,0.05,100,"sd","11:13:41",459100
29.6,0.05,2600,"sd","11:13:32",459000
29.6,0.05,1000,"sd","11:13:26",456400
29.6,0.05,100,"sd","11:12:51",455400
29.65,0.1,1900,"sd","11:12:51",455300
29.65,0.1,1000,"sd","11:12:48",453400
29.65,0.1,200,"sd","11:11:00",452400
29.65,0.1,800,"sd","11:10:44",452200
29.65,0.1,100,"sd","11:10:11",451400
29.7,0.15,2400,"bu","11:10:03",451300
29.65,0.1,100,"sd","11:09:44",448900
29.65,0.1,300,"sd","11:09:01",448800
29.7,0.15,5000,"bu","11:08:56",448500
29.65,0.1,1700,"sd","11:08:51",443500
29.65,0.1,600,"sd","11:08:29",441800
29.65,0.1,500,"sd","11:08:11",441200
29.65,0.1,9300,"sd","11:08:01",440700
29.65,0.1,700,"sd","11:08:01",431400
29.7,0.15,100,"bu","11:05:55",430700
29.7,0.15,200,"bu","11:04:44",430600
29.7,0.15,400,"bu","11:03:15",430400
29.65,0.1,100,"sd","11:03:11",430000
29.65,0.1,3000,"sd","11:03:05",429900
29.65,0.1,1700,"sd","11:02:45",426900
29.65,0.1,1000,"sd","11:01:49",425200
29.65,0.1,500,"sd","11:00:41",424200
29.65,0.1,11100,"sd","11:00:32",423700
29.65,0.1,3000,"sd","11:00:26",412600
29.65,0.1,600,"sd","10:59:33",409600
29.7,0.15,100,"bu","10:56:55",409000
29.7,0.15,500,"bu","10:54:23",408900
29.7,0.15,400,"bu","10:53:58",408400
29.7,0.15,100,"bu","10:53:43",408000
29.65,0.1,100,"sd","10:53:41",407900
29.7,0.15,2100,"sd","10:53:34",407800
29.75,0.2,100,"bu","10:53:05",405700
29.7,0.15,100,"bu","10:52:53",405600
29.75,0.2,2500,"bu","10:52:26",405500
29.75,0.2,1100,"bu","10:52:15",403000
29.75,0.2,300,"bu","10:48:43",401900
29.7,0.15,100,"bu","10:48:43",401600
29.65,0.1,700,"sd","10:47:21",401500
29.7,0.15,13300,"bu","10:47:19",400800
29.7,0.15,2400,"bu","10:47:18",387500
29.65,0.1,100,"sd","10:47:02",385100
29.7,0.15,2400,"bu","10:46:53",385000
29.65,0.1,100,"sd","10:46:41",382600
29.7,0.15,2400,"bu","10:46:39",382500
29.7,0.15,400,"bu","10:44:00",380100
29.65,0.1,100,"sd","10:43:59",379700
29.65,0.1,1000,"sd","10:43:06",379600
29.65,0.1,100,"sd","10:42:51",378600
29.7,0.15,2400,"bu","10:42:48",378500
29.7,0.15,400,"bu","10:41:31",376100
29.65,0.1,300,"bu","10:40:31",375700
29.65,0.1,200,"bu","10:40:15",375400
29.65,0.1,1000,"bu","10:39:25",375200
29.65,0.1,400,"bu","10:38:51",374200
29.65,0.1,100,"bu","10:37:33",373800
29.65,0.1,100,"bu","10:37:11",373700
29.65,0.1,700,"sd","10:36:47",373600
29.65,0.1,100,"sd","10:34:34",372900
29.65,0.1,1000,"sd","10:34:11",372800
29.65,0.1,500,"sd","10:33:43",371800
29.7,0.15,500,"bu","10:33:34",371300
29.7,0.15,200,"bu","10:32:51",370800
29.65,0.1,1000,"sd","10:32:47",370600
29.65,0.1,500,"sd","10:32:38",369600
29.65,0.1,100,"sd","10:32:31",369100
29.65,0.1,2000,"sd","10:32:22",369000
29.65,0.1,100,"sd","10:32:11",367000
29.65,0.1,3600,"sd","10:32:05",366900
29.65,0.1,100,"sd","10:31:21",363300
29.7,0.15,200,"bu","10:31:20",363200
29.65,0.1,3600,"sd","10:31:12",363000
29.65,0.1,100,"sd","10:29:51",359400
29.65,0.1,2800,"sd","10:29:43",359300
29.65,0.1,300,"sd","10:29:35",356500
29.7,0.15,1000,"bu","10:29:21",356200
29.65,0.1,1000,"sd","10:28:56",355200
29.65,0.1,600,"sd","10:27:23",354200
29.7,0.15,300,"bu","10:26:42",353600
29.7,0.15,500,"bu","10:26:09",353300
29.7,0.15,400,"bu","10:25:43",352800
29.65,0.1,100,"sd","10:25:14",352400
29.7,0.15,100,"bu","10:22:34",352300
29.7,0.15,200,"bu","10:20:32",352200
29.65,0.1,1900,"bu","10:18:26",352000
29.65,0.1,200,"bu","10:17:29",350100
29.6,0.05,1700,"sd","10:17:19",349900
29.65,0.1,100,"bu","10:17:01",348200
29.6,0.05,300,"sd","10:16:55",348100
29.6,0.05,300,"sd","10:16:41",347800
29.65,0.1,4200,"bu","10:16:40",347500
29.6,0.05,2800,"sd","10:16:38",343300
29.6,0.05,100,"sd","10:16:31",340500
29.6,0.05,700,"sd","10:16:28",340400
29.6,0.05,2600,"sd","10:16:21",339700
29.6,0.05,2000,"sd","10:16:13",337100
29.6,0.05,100,"sd","10:16:11",335100
29.6,0.05,2400,"sd","10:16:05",335000
29.6,0.05,100,"sd","10:15:51",332600
29.6,0.05,3600,"sd","10:15:48",332500
29.6,0.05,1900,"sd","10:14:32",328900
29.6,0.05,200,"sd","10:13:31",327000
29.65,0.1,1000,"bu","10:13:26",326800
29.65,0.1,3000,"bu","10:13:22",325800
29.65,0.1,100,"bu","10:13:17",322800
29.65,0.1,100,"bu","10:12:35",322700
29.65,0.1,100,"bu","10:12:27",322600
29.6,0.05,800,"sd","10:12:22",322500
29.65,0.1,100,"bu","10:12:14",321700
29.65,0.1,16600,"sd","10:12:13",321600
29.7,0.15,100,"bu","10:11:58",305000
29.7,0.15,100,"bu","10:11:53",304900
29.7,0.15,100,"bu","10:11:38",304800
29.65,0.1,800,"sd","10:10:53",304700
29.7,0.15,500,"bu","10:10:27",303900
29.7,0.15,100,"bu","10:08:41",303400
29.65,0.1,200,"sd","10:08:11",303300
29.65,0.1,2000,"sd","10:08:04",303100
29.7,0.15,3100,"bu","10:08:03",301100
29.7,0.15,1000,"bu","10:07:59",298000
29.7,0.15,500,"bu","10:07:30",297000
29.7,0.15,500,"bu","10:06:59",296500
29.7,0.15,1000,"bu","10:06:58",296000
29.7,0.15,500,"bu","10:06:15",295000
29.7,0.15,400,"bu","10:06:11",294500
29.7,0.15,1000,"bu","10:06:02",294100
29.7,0.15,100,"bu","10:05:38",293100
29.7,0.15,400,"bu","10:05:33",293000
29.65,0.1,100,"sd","10:05:31",292600
29.7,0.15,2100,"bu","10:05:30",292500
29.7,0.15,100,"bu","10:05:25",290400
29.7,0.15,100,"bu","10:05:21",290300
29.7,0.15,1000,"bu","10:05:18",290200
29.7,0.15,100,"bu","10:03:53",289200
29.7,0.15,100,"bu","10:03:39",289100
29.7,0.15,100,"bu","10:03:05",289000
29.65,0.1,300,"sd","10:02:38",288900
29.65,0.1,100,"sd","10:01:21",288600
29.65,0.1,200,"sd","10:01:16",288500
29.65,0.1,2000,"sd","10:01:14",288300
29.65,0.1,100,"sd","09:57:31",286300
29.65,0.1,3600,"sd","09:57:26",286200
29.65,0.1,200,"sd","09:57:21",282600
29.65,0.1,3600,"sd","09:57:13",282400
29.65,0.1,500,"sd","09:57:12",278800
29.65,0.1,10000,"sd","09:57:03",278300
29.65,0.1,400,"sd","09:56:01",268300
29.7,0.15,8000,"bu","09:55:58",267900
29.7,0.15,1000,"bu","09:55:55",259900
29.7,0.15,1000,"bu","09:55:45",258900
29.7,0.15,400,"bu","09:55:15",257900
29.65,0.1,100,"sd","09:55:11",257500
29.65,0.1,3600,"sd","09:55:07",257400
29.65,0.1,100,"sd","09:54:41",253800
29.7,0.15,3300,"sd","09:54:37",253700
29.7,0.15,100,"sd","09:51:21",250400
29.75,0.2,2000,"bu","09:51:14",250300
29.75,0.2,300,"bu","09:49:18",248300
29.75,0.2,400,"bu","09:48:58",248000
29.7,0.15,200,"sd","09:48:12",247600
29.7,0.15,1200,"sd","09:47:31",247400
29.7,0.15,1200,"sd","09:47:17",246200
29.7,0.15,2800,"sd","09:47:11",245000
29.7,0.15,1200,"sd","09:47:07",242200
29.7,0.15,2300,"sd","09:47:02",241000
29.7,0.15,1200,"sd","09:46:59",238700
29.7,0.15,1600,"sd","09:46:51",237500
29.7,0.15,1200,"sd","09:46:36",235900
29.7,0.15,100,"sd","09:46:31",234700
29.7,0.15,2700,"sd","09:46:30",234600
29.7,0.15,1200,"sd","09:46:27",231900
29.7,0.15,300,"sd","09:44:51",230700
29.7,0.15,6000,"sd","09:44:44",230400
29.7,0.15,100,"sd","09:44:16",224400
29.75,0.2,200,"bu","09:44:10",224300
29.75,0.2,200,"bu","09:43:17",224100
29.75,0.2,200,"bu","09:42:29",223900
29.7,0.15,1200,"sd","09:42:26",223700
29.75,0.2,100,"bu","09:41:54",222500
29.7,0.15,5600,"sd","09:41:50",222400
29.75,0.2,500,"sd","09:41:49",216800
29.75,0.2,1700,"bu","09:39:54",216300
29.75,0.2,200,"bu","09:38:48",214600
29.75,0.2,1700,"sd","09:38:47",214400
29.75,0.2,3000,"sd","09:38:34",212700
29.8,0.25,600,"sd","09:38:34",209700
29.8,0.25,2400,"sd","09:38:19",209100
29.8,0.25,1200,"sd","09:38:12",206700
29.8,0.25,1500,"sd","09:38:01",205500
29.8,0.25,3300,"sd","09:38:00",204000
29.8,0.25,1200,"sd","09:37:32",200700
29.8,0.25,1200,"sd","09:37:09",199500
29.8,0.25,3600,"sd","09:36:34",198300
29.8,0.25,1200,"sd","09:36:26",194700
29.8,0.25,1200,"sd","09:36:14",193500
29.85,0.3,500,"bu","09:36:13",192300
29.8,0.25,3600,"sd","09:36:02",191800
29.85,0.3,300,"bu","09:35:51",188200
29.85,0.3,200,"bu","09:35:07",187900
29.85,0.3,5000,"bu","09:34:54",187700
29.85,0.3,300,"bu","09:34:42",182700
29.85,0.3,200,"bu","09:34:39",182400
29.8,0.25,6800,"bu","09:34:24",182200
29.8,0.25,4000,"bu","09:33:52",175400
29.75,0.2,4000,"sd","09:33:23",171400
29.8,0.25,100,"bu","09:32:12",167400
29.8,0.25,1000,"bu","09:32:01",167300
29.8,0.25,1300,"sd","09:31:49",166300
29.8,0.25,1000,"sd","09:31:48",165000
29.8,0.25,200,"sd","09:31:17",164000
29.8,0.25,7700,"bu","09:30:32",163800
29.8,0.25,400,"bu","09:30:12",156100
29.75,0.2,1100,"sd","09:29:00",155700
29.75,0.2,200,"sd","09:28:56",154600
29.75,0.2,300,"bu","09:27:51",154400
29.75,0.2,14100,"sd","09:27:45",154100
29.75,0.2,20000,"sd","09:27:39",140000
29.8,0.25,7700,"bu","09:26:29",120000
29.8,0.25,1000,"bu","09:25:43",112300
29.75,0.2,100,"sd","09:25:16",111300
29.8,0.25,5300,"sd","09:24:59",111200
29.8,0.25,1500,"sd","09:24:56",105900
29.8,0.25,300,"sd","09:24:37",104400
29.8,0.25,100,"sd","09:24:14",104100
29.8,0.25,500,"sd","09:24:00",104000
29.8,0.25,3400,"bu","09:23:54",103500
29.8,0.25,1000,"bu","09:23:52",100100
29.8,0.25,200,"bu","09:23:44",99100
29.8,0.25,200,"bu","09:23:35",98900
29.8,0.25,100,"bu","09:23:28",98700
29.8,0.25,1000,"bu","09:23:27",98600
29.8,0.25,1000,"bu","09:22:36",97600
29.8,0.25,1000,"bu","09:21:17",96600
29.8,0.25,8000,"bu","09:21:13",95600
29.8,0.25,1000,"bu","09:20:41",87600
29.75,0.2,1000,"sd","09:20:39",86600
29.75,0.2,3600,"sd","09:20:22",85600
29.8,0.25,1000,"bu","09:19:47",82000
29.8,0.25,100,"bu","09:19:40",81000
29.8,0.25,200,"sd","09:19:39",80900
29.8,0.25,20000,"sd","09:19:37",80700
29.85,0.3,1000,"bu","09:19:19",60700
29.8,0.25,1400,"bu","09:19:02",59700
29.8,0.25,100,"bu","09:18:58",58300
29.8,0.25,200,"bu","09:18:55",58200
29.8,0.25,5100,"bu","09:18:47",58000
29.8,0.25,100,"bu","09:18:42",52900
29.75,0.2,600,"bu","09:18:18",52800
29.7,0.15,3600,"sd","09:18:18",52200
29.75,0.2,700,"bu","09:18:16",48600
29.75,0.2,1300,"bu","09:18:03",47900
29.75,0.2,1000,"bu","09:17:57",46600
29.8,0.25,3000,"bu","09:16:57",45600
29.8,0.25,2000,"bu","09:16:22",42600
29.8,0.25,1400,"sd","09:16:20",40600
29.8,0.25,6700,"bu","09:16:00",39200
29.75,0.2,1900,"bu","09:16:00",32500
29.75,0.2,1700,"sd","09:15:55",30600
29.8,0.25,1000,"bu","09:15:41",28900
29.8,0.25,200,"sd","09:15:26",27900
29.85,0.3,27700,"","09:15:00",27700
