"price","change","match_qtty","side","time","total_vol"
94.9,1.6,296900,"","14:45:12",2032100
95,1.7,100,"bu","14:29:59",1735200
95,1.7,100,"bu","14:29:58",1735100
95,1.7,10500,"bu","14:29:58",1735000
95,1.7,1000,"bu","14:29:56",1716500
95,1.7,3100,"bu","14:29:55",1715500
95,1.7,3400,"bu","14:29:54",1712400
95,1.7,2600,"bu","14:29:53",1709000
95,1.7,20000,"bu","14:29:52",1706400
95,1.7,8000,"bu","14:29:52",1686400
95,1.7,2600,"bu","14:29:51",1678400
95,1.7,1000,"bu","14:29:49",1675800
95,1.7,11500,"bu","14:29:48",1674800
95,1.7,5000,"bu","14:29:46",1663300
95,1.7,1700,"bu","14:29:44",1658300
95,1.7,700,"bu","14:29:43",1656600
95,1.7,1000,"bu","14:29:42",1655900
95,1.7,1000,"bu","14:29:39",1654900
95,1.7,500,"bu","14:29:38",1653900
95,1.7,700,"bu","14:29:37",1653400
95,1.7,8500,"bu","14:29:37",1652700
94.9,1.6,200,"sd","14:29:36",1644200
95,1.7,100,"bu","14:29:35",1644000
95,1.7,300,"bu","14:29:33",1643900
95,1.7,1000,"bu","14:29:31",1643600
95,1.7,500,"bu","14:29:30",1642600
95,1.7,1800,"bu","14:29:27",1642100
95,1.7,500,"bu","14:29:26",1640300
94.9,1.6,5000,"sd","14:29:22",1639800
95,1.7,300,"bu","14:29:20",1634800
95,1.7,100,"bu","14:29:18",1634500
94.9,1.6,100,"sd","14:29:18",1634400
94.9,1.6,5000,"sd","14:29:17",1634300
95,1.7,6000,"bu","14:29:13",1629300
95,1.7,100,"bu","14:29:12",1623300
94.9,1.6,5000,"sd","14:29:10",1623200
94.9,1.6,3000,"sd","14:29:10",1618200
95,1.7,1000,"bu","14:29:08",1615200
95,1.7,1000,"bu","14:29:06",1614200
94.9,1.6,500,"sd","14:29:06",1613200
95,1.7,6000,"bu","14:29:06",1612700
95,1.7,1000,"bu","14:29:02",1606700
94.9,1.6,100,"sd","14:29:02",1605700
95,1.7,500,"bu","14:28:59",1605600
94.9,1.6,13700,"sd","14:28:58",1605100
95,1.7,300,"bu","14:28:58",1591400
95,1.7,100,"bu","14:28:54",1591100
94.9,1.6,1000,"sd","14:28:53",1591000
95,1.7,500,"bu","14:28:50",1590000
95,1.7,10000,"bu","14:28:49",1589500
95,1.7,12400,"bu","14:28:48",1579500
95,1.7,5100,"bu","14:28:44",1567100
95,1.7,100,"bu","14:28:42",1562000
95,1.7,100,"bu","14:28:40",1561900
94.9,1.6,500,"sd","14:28:35",1561800
94.9,1.6,100,"sd","14:28:30",1561300
94.9,1.6,3100,"bu","14:28:28",1561200
94.9,1.6,5600,"bu","14:28:22",1558100
94.9,1.6,400,"bu","14:28:21",1552500
94.9,1.6,3300,"bu","14:28:20",1552100
94.9,1.6,10000,"bu","14:28:17",1548800
94.9,1.6,100,"bu","14:28:16",1538800
94.9,1.6,200,"bu","14:28:13",1538700
94.9,1.6,6000,"bu","14:28:10",1538500
94.9,1.6,100,"bu","14:28:10",1532500
94.9,1.6,500,"bu","14:28:07",1532400
94.9,1.6,1000,"bu","14:28:04",1531900
94.9,1.6,400,"bu","14:28:00",1530900
94.9,1.6,3600,"bu","14:27:57",1530500
94.9,1.6,100,"bu","14:27:55",1526900
94.8,1.5,2000,"sd","14:27:50",1526800
94.9,1.6,400,"bu","14:27:50",1524800
94.9,1.6,7500,"bu","14:27:48",1524400
94.8,1.5,4700,"bu","14:27:39",1516900
94.8,1.5,4000,"bu","14:27:38",1512200
94.8,1.5,3800,"bu","14:27:36",1508200
94.8,1.5,1000,"bu","14:27:36",1504400
94.8,1.5,200,"bu","14:27:35",1503400
94.8,1.5,1000,"bu","14:27:33",1503200
94.8,1.5,25800,"bu","14:27:32",1502200
94.8,1.5,1000,"bu","14:27:31",1476400
94.8,1.5,7500,"bu","14:27:26",1475400
94.8,1.5,100,"bu","14:27:20",1467900
94.8,1.5,4900,"bu","14:27:14",1467800
94.7,1.4,1000,"sd","14:27:10",1462900
94.8,1.5,500,"bu","14:27:06",1461900
94.8,1.5,1000,"bu","14:27:02",1461400
94.7,1.4,3000,"sd","14:27:02",1460400
94.8,1.5,1000,"bu","14:27:02",1457400
94.7,1.4,100,"sd","14:27:02",1456400
94.7,1.4,200,"sd","14:27:01",1456300
94.8,1.5,100,"bu","14:26:49",1456100
94.8,1.5,200,"bu","14:26:45",1456000
94.7,1.4,100,"sd","14:26:42",1455800
94.8,1.5,300,"bu","14:26:35",1455700
94.8,1.5,1000,"bu","14:26:32",1455400
94.7,1.4,300,"sd","14:26:30",1454400
94.8,1.5,100,"bu","14:26:21",1454100
94.8,1.5,300,"bu","14:26:16",1454000
94.8,1.5,100,"bu","14:26:15",1453700
94.8,1.5,500,"bu","14:26:12",1453600
94.8,1.5,1100,"bu","14:26:03",1453100
94.7,1.4,500,"sd","14:26:03",1452000
94.7,1.4,5000,"sd","14:26:02",1451500
94.8,1.5,200,"bu","14:26:00",1446500
94.7,1.4,500,"sd","14:25:48",1446300
94.8,1.5,100,"bu","14:25:43",1445800
94.7,1.4,500,"sd","14:25:37",1445700
94.7,1.4,2000,"sd","14:25:19",1445200
94.7,1.4,1000,"sd","14:25:16",1443200
94.7,1.4,500,"sd","14:25:13",1442200
94.7,1.4,1900,"bu","14:25:04",1441700
94.7,1.4,1000,"bu","14:25:03",1439800
94.7,1.4,200,"bu","14:25:02",1438800
94.7,1.4,1000,"bu","14:24:58",1438600
94.7,1.4,2000,"bu","14:24:56",1437600
94.7,1.4,1000,"bu","14:24:53",1435600
94.6,1.3,2000,"sd","14:24:51",1434600
94.7,1.4,1000,"bu","14:24:51",1432600
94.7,1.4,200,"bu","14:24:47",1431600
94.7,1.4,1000,"bu","14:24:46",1431400
94.7,1.4,1500,"bu","14:24:43",1430400
94.7,1.4,1000,"bu","14:24:41",1428900
94.7,1.4,1100,"bu","14:24:40",1427900
94.7,1.4,2200,"bu","14:24:37",1426800
94.7,1.4,1000,"bu","14:24:36",1424600
94.7,1.4,400,"bu","14:24:31",1423600
94.7,1.4,300,"bu","14:24:27",1423200
94.7,1.4,5000,"bu","14:24:16",1422900
94.7,1.4,200,"bu","14:24:07",1417900
94.7,1.4,2200,"bu","14:24:05",1417700
94.7,1.4,300,"bu","14:23:51",1415500
94.7,1.4,5300,"bu","14:23:48",1415200
94.7,1.4,200,"bu","14:23:46",1409900
94.7,1.4,2000,"bu","14:23:38",1409700
94.7,1.4,300,"bu","14:23:37",1407700
94.7,1.4,200,"bu","14:23:30",1407400
94.7,1.4,200,"bu","14:23:16",1407200
94.7,1.4,3000,"bu","14:23:13",1407000
94.7,1.4,1000,"bu","14:23:13",1404000
94.7,1.4,200,"bu","14:23:12",1403000
94.7,1.4,1200,"bu","14:23:08",1402800
94.7,1.4,1800,"bu","14:23:08",1401600
94.7,1.4,300,"bu","14:23:07",1399800
94.7,1.4,5600,"bu","14:22:57",1399500
94.7,1.4,4000,"bu","14:22:54",1393900
94.7,1.4,1000,"bu","14:22:48",1389900
94.7,1.4,200,"bu","14:22:47",1388900
94.7,1.4,200,"bu","14:22:47",1388700
94.7,1.4,1000,"bu","14:22:45",1388500
94.7,1.4,1000,"bu","14:22:44",1387500
94.7,1.4,1000,"bu","14:22:40",1386500
94.6,1.3,1000,"sd","14:22:37",1385500
94.7,1.4,200,"bu","14:22:32",1384500
94.7,1.4,600,"bu","14:22:21",1384300
94.7,1.4,2000,"bu","14:22:12",1383700
94.6,1.3,100,"sd","14:22:11",1381700
94.7,1.4,200,"bu","14:22:03",1381600
94.6,1.3,500,"sd","14:21:44",1381400
94.6,1.3,500,"sd","14:21:41",1380900
94.6,1.3,1000,"sd","14:21:30",1380400
94.7,1.4,700,"bu","14:21:17",1379400
94.6,1.3,2000,"sd","14:21:14",1378700
94.7,1.4,300,"bu","14:21:05",1376700
94.7,1.4,1200,"bu","14:20:54",1376400
94.7,1.4,200,"bu","14:20:43",1375200
94.6,1.3,400,"sd","14:20:35",1375000
94.7,1.4,1200,"bu","14:20:18",1374600
94.7,1.4,2000,"bu","14:20:16",1373400
94.6,1.3,1000,"sd","14:20:13",1371400
94.6,1.3,100,"sd","14:20:12",1370400
94.6,1.3,3000,"sd","14:20:11",1370300
94.7,1.4,1000,"bu","14:19:58",1367300
94.7,1.4,200,"bu","14:19:55",1366300
94.6,1.3,300,"sd","14:19:41",1366100
94.6,1.3,100,"sd","14:19:39",1365800
94.6,1.3,100,"sd","14:19:24",1365700
94.6,1.3,1000,"sd","14:19:22",1365600
94.6,1.3,100,"sd","14:19:21",1364600
94.6,1.3,1000,"sd","14:19:16",1364500
94.6,1.3,500,"sd","14:19:04",1363500
94.6,1.3,500,"sd","14:19:01",1363000
94.6,1.3,300,"sd","14:18:58",1362500
94.6,1.3,3000,"sd","14:18:52",1362200
94.7,1.4,200,"bu","14:18:33",1359200
94.6,1.3,5000,"sd","14:18:30",1359000
94.6,1.3,300,"sd","14:18:21",1354000
94.7,1.4,100,"bu","14:18:04",1353700
94.7,1.4,100,"bu","14:17:35",1353600
94.6,1.3,100,"sd","14:17:02",1353500
94.6,1.3,8500,"sd","14:16:35",1353400
94.7,1.4,1500,"bu","14:16:31",1344900
94.6,1.3,1000,"sd","14:16:26",1343400
94.7,1.4,600,"bu","14:16:21",1342400
94.6,1.3,100,"sd","14:16:11",1341800
94.7,1.4,500,"bu","14:16:11",1341700
94.6,1.3,100,"sd","14:16:03",1341200
94.6,1.3,1000,"sd","14:15:53",1341100
94.6,1.3,2000,"sd","14:15:39",1340100
94.6,1.3,200,"sd","14:15:22",1338100
94.6,1.3,1000,"sd","14:15:21",1337900
94.6,1.3,500,"sd","14:15:15",1336900
94.6,1.3,100,"sd","14:14:59",1336400
94.6,1.3,2000,"sd","14:14:51",1336300
94.6,1.3,100,"sd","14:14:36",1334300
94.6,1.3,800,"sd","14:14:11",1334200
94.6,1.3,200,"sd","14:14:08",1333400
94.6,1.3,500,"sd","14:13:53",1333200
94.7,1.4,1000,"bu","14:13:47",1332700
94.6,1.3,1000,"sd","14:13:40",1331700
94.6,1.3,200,"bu","14:13:28",1330700
94.7,1.4,300,"bu","14:13:22",1330500
94.6,1.3,100,"bu","14:13:22",1330200
94.6,1.3,1800,"sd","14:13:11",1330100
94.6,1.3,300,"sd","14:13:10",1328300
94.6,1.3,100,"sd","14:13:08",1328000
94.6,1.3,1000,"sd","14:13:07",1327900
94.6,1.3,200,"sd","14:12:57",1326900
94.6,1.3,1000,"sd","14:12:44",1326700
94.6,1.3,1600,"bu","14:12:29",1325700
94.6,1.3,500,"bu","14:12:25",1324100
94.6,1.3,300,"bu","14:12:21",1323600
94.6,1.3,3000,"bu","14:12:00",1323300
94.6,1.3,1300,"bu","14:11:53",1320300
94.6,1.3,200,"sd","14:11:50",1319000
94.6,1.3,800,"bu","14:11:47",1318800
94.6,1.3,200,"bu","14:11:37",1318000
94.6,1.3,700,"bu","14:11:17",1317800
94.6,1.3,300,"bu","14:11:15",1317100
94.6,1.3,1000,"bu","14:11:07",1316800
94.6,1.3,600,"bu","14:10:53",1315800
94.6,1.3,1000,"bu","14:10:50",1315200
94.6,1.3,400,"bu","14:10:37",1314200
94.6,1.3,1000,"bu","14:10:34",1313800
94.5,1.2,2100,"sd","14:10:32",1312800
94.6,1.3,1000,"bu","14:10:25",1310700
94.5,1.2,100,"sd","14:10:19",1309700
94.5,1.2,2800,"bu","14:09:58",1309600
94.5,1.2,100,"bu","14:09:53",1306800
94.5,1.2,1000,"bu","14:09:52",1306700
94.4,1.1,500,"sd","14:09:45",1305700
94.4,1.1,200,"sd","14:09:20",1305200
94.4,1.1,100,"sd","14:09:05",1305000
94.4,1.1,1000,"sd","14:08:46",1304900
94.5,1.2,200,"bu","14:08:43",1303900
94.4,1.1,2000,"sd","14:08:35",1303700
94.4,1.1,1000,"sd","14:08:34",1301700
94.5,1.2,100,"bu","14:08:10",1300700
94.4,1.1,500,"sd","14:08:08",1300600
94.5,1.2,3000,"bu","14:08:03",1300100
94.5,1.2,1800,"sd","14:07:59",1297100
94.5,1.2,1200,"sd","14:07:58",1295300
94.6,1.3,1000,"bu","14:07:58",1294100
94.6,1.3,1000,"bu","14:07:58",1293100
94.5,1.2,4900,"sd","14:07:55",1292100
94.6,1.3,1000,"bu","14:07:45",1287200
94.6,1.3,1000,"bu","14:07:35",1286200
94.5,1.2,200,"sd","14:07:13",1285200
94.6,1.3,400,"bu","14:07:08",1285000
94.6,1.3,1000,"bu","14:07:01",1284600
94.6,1.3,1000,"bu","14:06:52",1283600
94.6,1.3,1000,"bu","14:06:47",1282600
94.5,1.2,10000,"sd","14:06:42",1281600
94.6,1.3,1800,"sd","14:06:41",1271600
94.6,1.3,200,"bu","14:06:30",1269800
94.6,1.3,1000,"bu","14:06:22",1269600
94.6,1.3,1000,"bu","14:06:16",1268600
94.6,1.3,100,"bu","14:06:15",1267600
94.6,1.3,100,"bu","14:06:05",1267500
94.6,1.3,1200,"bu","14:06:04",1267400
94.6,1.3,600,"bu","14:06:01",1266200
94.6,1.3,400,"bu","14:06:00",1265600
94.6,1.3,1100,"bu","14:05:50",1265200
94.6,1.3,500,"bu","14:05:41",1264100
94.6,1.3,400,"bu","14:05:36",1263600
94.6,1.3,200,"bu","14:05:35",1263200
94.6,1.3,1000,"bu","14:05:32",1263000
94.6,1.3,400,"bu","14:05:25",1262000
94.6,1.3,400,"bu","14:05:24",1261600
94.6,1.3,2000,"bu","14:05:19",1261200
94.6,1.3,2000,"bu","14:05:13",1259200
94.6,1.3,1000,"bu","14:05:08",1257200
94.6,1.3,3600,"sd","14:05:03",1256200
94.6,1.3,100,"sd","14:05:02",1252600
94.6,1.3,300,"bu","14:04:46",1252500
94.6,1.3,1500,"bu","14:04:40",1252200
94.6,1.3,100,"bu","14:04:37",1250700
94.6,1.3,1000,"bu","14:04:18",1250600
94.6,1.3,1000,"bu","14:04:16",1249600
94.6,1.3,900,"bu","14:04:11",1248600
94.6,1.3,400,"sd","14:03:59",1247700
94.6,1.3,200,"sd","14:03:55",1247300
94.6,1.3,500,"sd","14:03:44",1247100
94.6,1.3,200,"sd","14:03:43",1246600
94.6,1.3,600,"sd","14:03:35",1246400
94.6,1.3,300,"sd","14:03:22",1245800
94.6,1.3,200,"sd","14:03:17",1245500
94.6,1.3,1000,"sd","14:03:15",1245300
94.6,1.3,100,"sd","14:03:11",1244300
94.6,1.3,300,"sd","14:02:57",1244200
94.6,1.3,1000,"sd","14:02:45",1243900
94.6,1.3,100,"sd","14:02:41",1242900
94.6,1.3,2500,"sd","14:02:21",1242800
94.6,1.3,1000,"sd","14:02:17",1240300
94.6,1.3,100,"sd","14:02:14",1239300
94.6,1.3,100,"sd","14:02:13",1239200
94.6,1.3,200,"sd","14:02:06",1239100
94.6,1.3,1400,"bu","14:02:05",1238900
94.5,1.2,10000,"sd","14:02:05",1237500
94.5,1.2,200,"sd","14:01:59",1227500
94.5,1.2,100,"sd","14:01:44",1227300
94.5,1.2,300,"sd","14:00:53",1227200
94.5,1.2,1300,"sd","14:00:29",1226900
94.6,1.3,1700,"sd","14:00:29",1225600
94.6,1.3,200,"sd","14:00:21",1223900
94.6,1.3,700,"bu","14:00:02",1223700
94.6,1.3,700,"bu","14:00:00",1223000
94.6,1.3,100,"bu","13:59:59",1222300
94.6,1.3,1500,"bu","13:59:42",1222200
94.6,1.3,900,"bu","13:59:26",1220700
94.7,1.4,1400,"bu","13:58:57",1219800
94.6,1.3,100,"sd","13:58:34",1218400
94.7,1.4,1000,"bu","13:58:30",1218300
94.7,1.4,400,"bu","13:58:27",1217300
94.7,1.4,1300,"bu","13:58:15",1216900
94.6,1.3,100,"bu","13:58:15",1215600
94.6,1.3,4000,"bu","13:58:11",1215500
94.6,1.3,500,"bu","13:57:54",1211500
94.6,1.3,500,"bu","13:57:40",1211000
94.6,1.3,1000,"bu","13:57:39",1210500
94.6,1.3,1400,"bu","13:57:34",1209500
94.6,1.3,1000,"bu","13:57:32",1208100
94.6,1.3,100,"bu","13:57:26",1207100
94.6,1.3,200,"bu","13:57:19",1207000
94.6,1.3,700,"bu","13:57:15",1206800
94.6,1.3,100,"bu","13:57:01",1206100
94.6,1.3,1500,"bu","13:56:52",1206000
94.6,1.3,1000,"bu","13:56:50",1204500
94.6,1.3,2000,"sd","13:56:48",1203500
94.6,1.3,5000,"sd","13:56:40",1201500
94.6,1.3,200,"sd","13:56:24",1196500
94.7,1.4,200,"bu","13:56:15",1196300
94.7,1.4,1400,"bu","13:56:10",1196100
94.7,1.4,100,"bu","13:55:55",1194700
94.6,1.3,200,"sd","13:55:39",1194600
94.7,1.4,1400,"bu","13:55:29",1194400
94.7,1.4,500,"bu","13:55:17",1193000
94.7,1.4,200,"bu","13:55:08",1192500
94.6,1.3,1000,"sd","13:55:08",1192300
94.6,1.3,2000,"sd","13:54:58",1191300
94.6,1.3,200,"sd","13:54:52",1189300
94.6,1.3,300,"sd","13:54:46",1189100
94.7,1.4,1400,"bu","13:54:46",1188800
94.6,1.3,200,"bu","13:54:36",1187400
94.6,1.3,2300,"sd","13:54:28",1187200
94.6,1.3,100,"sd","13:54:21",1184900
94.7,1.4,600,"bu","13:54:16",1184800
94.6,1.3,300,"sd","13:54:14",1184200
94.7,1.4,1500,"bu","13:54:05",1183900
94.7,1.4,1000,"bu","13:53:45",1182400
94.7,1.4,100,"bu","13:53:39",1181400
94.6,1.3,100,"sd","13:53:38",1181300
94.7,1.4,100,"bu","13:53:31",1181200
94.7,1.4,1400,"bu","13:53:30",1181100
94.6,1.3,4000,"sd","13:53:08",1179700
94.7,1.4,1000,"bu","13:53:05",1175700
94.7,1.4,300,"bu","13:52:51",1174700
94.7,1.4,1000,"bu","13:52:50",1174400
94.7,1.4,1400,"bu","13:52:39",1173400
94.6,1.3,1100,"bu","13:52:36",1172000
94.6,1.3,100,"bu","13:52:31",1170900
94.6,1.3,500,"bu","13:52:23",1170800
94.6,1.3,500,"sd","13:52:17",1170300
94.7,1.4,3000,"bu","13:52:16",1169800
94.6,1.3,100,"sd","13:52:04",1166800
94.7,1.4,1400,"bu","13:51:57",1166700
94.6,1.3,500,"sd","13:51:55",1165300
94.7,1.4,1000,"bu","13:51:52",1164800
94.7,1.4,400,"bu","13:51:30",1163800
94.7,1.4,700,"bu","13:51:16",1163400
94.6,1.3,800,"bu","13:51:16",1162700
94.6,1.3,1000,"bu","13:50:54",1161900
94.7,1.4,900,"bu","13:50:35",1160900
94.6,1.3,500,"bu","13:50:35",1160000
94.6,1.3,100,"bu","13:50:33",1159500
94.5,1.2,100,"sd","13:50:32",1159400
94.6,1.3,100,"bu","13:50:18",1159300
94.6,1.3,100,"sd","13:50:10",1159200
94.6,1.3,300,"sd","13:50:02",1159100
94.6,1.3,500,"bu","13:49:57",1158800
94.6,1.3,1500,"bu","13:49:53",1158300
94.5,1.2,1000,"sd","13:49:43",1156800
94.7,1.4,1500,"bu","13:49:08",1155800
94.7,1.4,900,"bu","13:49:01",1154300
94.7,1.4,100,"bu","13:48:24",1153300
94.6,1.3,1300,"bu","13:48:24",1153200
94.5,1.2,200,"sd","13:48:02",1151900
94.6,1.3,400,"bu","13:48:01",1151700
94.6,1.3,1000,"bu","13:47:59",1151300
94.6,1.3,1400,"bu","13:47:42",1150300
94.6,1.3,1400,"sd","13:47:35",1148900
94.7,1.4,200,"bu","13:47:32",1147500
94.7,1.4,700,"bu","13:47:17",1147300
94.6,1.3,1000,"sd","13:47:14",1146600
94.6,1.3,700,"sd","13:47:08",1145600
94.7,1.4,1000,"bu","13:47:07",1144900
94.7,1.4,800,"bu","13:47:01",1143900
94.6,1.3,600,"bu","13:47:01",1143100
94.6,1.3,100,"bu","13:46:48",1142500
94.6,1.3,1500,"bu","13:46:20",1142400
94.5,1.2,100,"sd","13:45:52",1140900
94.5,1.2,100,"sd","13:45:37",1140800
94.5,1.2,1000,"sd","13:45:36",1140700
94.6,1.3,1400,"bu","13:45:36",1139700
94.5,1.2,200,"sd","13:45:25",1138300
94.6,1.3,1000,"bu","13:45:13",1138100
94.6,1.3,1500,"bu","13:44:55",1137100
94.5,1.2,100,"sd","13:44:38",1135600
94.5,1.2,200,"sd","13:44:35",1135500
94.5,1.2,500,"sd","13:44:25",1135300
94.6,1.3,1000,"bu","13:44:17",1134800
94.6,1.3,1400,"bu","13:44:13",1133800
94.6,1.3,1400,"bu","13:43:31",1132400
94.5,1.2,1000,"sd","13:43:19",1131000
94.6,1.3,100,"bu","13:43:10",1130000
94.6,1.3,500,"bu","13:42:58",1129900
94.6,1.3,1400,"bu","13:42:50",1129400
94.6,1.3,400,"bu","13:42:47",1128000
94.6,1.3,2000,"sd","13:42:40",1127600
94.6,1.3,1000,"sd","13:42:35",1125600
94.6,1.3,100,"sd","13:42:27",1124600
94.7,1.4,1000,"bu","13:42:22",1124500
94.7,1.4,1400,"bu","13:42:08",1123500
94.6,1.3,100,"sd","13:41:58",1122100
94.6,1.3,100,"sd","13:41:51",1122000
94.6,1.3,100,"sd","13:41:46",1121900
94.6,1.3,100,"sd","13:41:43",1121800
94.6,1.3,300,"sd","13:41:37",1121700
94.7,1.4,1500,"bu","13:41:27",1121400
94.6,1.3,500,"bu","13:41:26",1119900
94.6,1.3,3000,"sd","13:41:11",1119400
94.6,1.3,100,"sd","13:41:08",1116400
94.6,1.3,200,"sd","13:41:06",1116300
94.6,1.3,2800,"sd","13:41:04",1116100
94.6,1.3,1000,"sd","13:41:03",1113300
94.6,1.3,500,"sd","13:40:59",1112300
94.6,1.3,5000,"sd","13:40:57",1111800
94.6,1.3,100,"sd","13:40:57",1106800
94.6,1.3,1000,"sd","13:40:55",1106700
94.6,1.3,1000,"sd","13:40:49",1105700
94.7,1.4,1500,"bu","13:40:44",1104700
94.6,1.3,600,"sd","13:40:36",1103200
94.7,1.4,1000,"bu","13:40:29",1102600
94.7,1.4,700,"sd","13:40:09",1101600
94.7,1.4,300,"sd","13:40:08",1100900
94.7,1.4,100,"sd","13:40:03",1100600
94.7,1.4,700,"sd","13:40:03",1100500
94.7,1.4,600,"sd","13:40:01",1099800
94.8,1.5,1400,"bu","13:40:00",1099200
94.7,1.4,200,"sd","13:39:59",1097800
94.7,1.4,100,"sd","13:39:55",1097600
94.8,1.5,2500,"bu","13:39:45",1092500
94.7,1.4,5000,"sd","13:39:41",1090000
94.7,1.4,100,"sd","13:39:38",1085000
94.8,1.5,1000,"bu","13:39:32",1084900
94.8,1.5,400,"bu","13:39:20",1083900
94.8,1.5,1400,"bu","13:39:18",1083500
94.8,1.5,500,"bu","13:39:08",1082100
94.8,1.5,500,"bu","13:39:07",1081600
94.8,1.5,2500,"bu","13:39:06",1081100
94.8,1.5,5000,"bu","13:39:05",1078600
94.8,1.5,2000,"bu","13:39:03",1073600
94.8,1.5,600,"bu","13:39:00",1071600
94.8,1.5,400,"bu","13:38:55",1071000
94.8,1.5,5000,"bu","13:38:54",1070600
94.8,1.5,100,"bu","13:38:53",1065600
94.8,1.5,500,"bu","13:38:50",1065500
94.8,1.5,2000,"bu","13:38:48",1065000
94.7,1.4,500,"sd","13:38:48",1063000
94.8,1.5,700,"bu","13:38:47",1062500
94.8,1.5,1100,"bu","13:38:41",1061800
94.8,1.5,2600,"bu","13:38:35",1060700
94.8,1.5,3000,"bu","13:38:35",1058100
94.7,1.4,100,"sd","13:38:34",1055100
94.7,1.4,100,"sd","13:38:18",1055000
94.6,1.3,10000,"sd","13:38:16",1054900
94.7,1.4,2800,"bu","13:38:16",1044900
94.7,1.4,10000,"bu","13:38:12",1042100
94.6,1.3,100,"sd","13:38:11",1032100
94.6,1.3,10800,"bu","13:37:58",1032000
94.5,1.2,100,"sd","13:37:57",1021200
94.5,1.2,1000,"sd","13:37:52",1021100
94.6,1.3,11000,"bu","13:37:52",1020100
94.6,1.3,1400,"bu","13:37:50",1009100
94.5,1.2,1600,"bu","13:37:36",1007700
94.5,1.2,500,"bu","13:37:30",1006100
94.6,1.3,1000,"bu","13:37:10",1005600
94.5,1.2,400,"bu","13:37:10",1004600
94.4,1.1,400,"sd","13:37:02",1004200
94.5,1.2,300,"bu","13:37:01",1003800
94.4,1.1,300,"sd","13:36:48",1003500
94.5,1.2,500,"bu","13:36:48",1003200
94.4,1.1,400,"sd","13:36:47",1002700
94.5,1.2,35100,"bu","13:36:39",1002300
94.5,1.2,4900,"bu","13:36:38",967200
94.4,1.1,1000,"sd","13:36:38",962300
94.4,1.1,500,"sd","13:36:28",961300
94.5,1.2,200,"bu","13:36:27",960800
94.5,1.2,1300,"bu","13:36:26",960600
94.4,1.1,100,"sd","13:36:26",959300
94.4,1.1,100,"sd","13:35:59",959200
94.4,1.1,1000,"sd","13:35:51",959100
94.4,1.1,4000,"sd","13:35:50",958100
94.4,1.1,1400,"bu","13:35:45",954100
94.4,1.1,1000,"bu","13:35:44",952700
94.4,1.1,1500,"bu","13:35:43",951700
94.4,1.1,5000,"bu","13:35:36",950200
94.4,1.1,5000,"bu","13:35:32",945200
94.3,1,500,"bu","13:35:20",940200
94.3,1,3600,"sd","13:35:00",939700
94.4,1.1,1400,"bu","13:34:59",936100
94.3,1,100,"sd","13:34:55",934700
94.3,1,100,"sd","13:34:43",934600
94.4,1.1,500,"bu","13:34:24",934500
94.4,1.1,1400,"bu","13:34:18",934000
94.3,1,500,"sd","13:34:17",932600
94.4,1.1,5000,"bu","13:34:13",932100
94.4,1.1,400,"bu","13:34:11",927100
94.4,1.1,400,"bu","13:34:07",926700
94.4,1.1,1000,"bu","13:33:50",926300
94.4,1.1,1500,"bu","13:33:36",925300
94.3,1,2200,"bu","13:33:35",923800
94.3,1,5000,"bu","13:33:34",921600
94.3,1,8900,"bu","13:33:30",916600
94.2,0.9,100,"bu","13:33:30",907700
94.2,0.9,1000,"sd","13:33:17",907600
94.2,0.9,300,"sd","13:33:11",906600
94.2,0.9,1000,"sd","13:33:08",906300
94.3,1,1200,"bu","13:32:53",905300
94.2,0.9,200,"bu","13:32:53",904100
94.2,0.9,800,"sd","13:32:47",903900
94.2,0.9,100,"sd","13:32:44",903100
94.3,1,600,"bu","13:32:44",903000
94.3,1,400,"bu","13:32:23",902400
94.3,1,1000,"bu","13:32:17",902000
94.3,1,1400,"bu","13:32:12",901000
94.2,0.9,2500,"sd","13:32:06",899600
94.2,0.9,200,"sd","13:32:02",897100
94.3,1,900,"bu","13:31:56",896900
94.3,1,400,"bu","13:31:31",896000
94.3,1,1500,"bu","13:31:29",895600
94.2,0.9,2000,"sd","13:31:28",894100
94.2,0.9,3000,"sd","13:31:24",892100
94.3,1,500,"bu","13:31:07",889100
94.3,1,1000,"bu","13:31:00",888600
94.3,1,1000,"bu","13:31:00",887600
94.3,1,2000,"bu","13:30:45",886600
94.2,0.9,300,"sd","13:30:31",884600
94.2,0.9,100,"sd","13:30:23",884300
94.2,0.9,900,"bu","13:30:12",884200
94.2,0.9,100,"bu","13:30:11",883300
94.2,0.9,2300,"bu","13:30:03",883200
94.2,0.9,1600,"bu","13:29:23",880900
94.2,0.9,200,"sd","13:29:14",879300
94.3,1,1000,"bu","13:29:06",879100
94.3,1,100,"bu","13:29:01",878100
94.3,1,1000,"bu","13:28:59",878000
94.3,1,400,"bu","13:28:54",877000
94.3,1,1500,"bu","13:28:36",876600
94.2,0.9,2800,"bu","13:28:31",875100
94.2,0.9,300,"bu","13:28:11",872300
94.2,0.9,1000,"bu","13:28:09",872000
94.2,0.9,2700,"bu","13:28:08",871000
94.1,0.8,5000,"sd","13:28:08",868300
94.2,0.9,1400,"bu","13:27:53",863300
94.1,0.8,300,"sd","13:27:39",861900
94.2,0.9,600,"sd","13:27:33",861600
94.3,1,200,"bu","13:27:29",861000
94.2,0.9,300,"sd","13:27:28",860800
94.2,0.9,300,"sd","13:27:25",860500
94.2,0.9,1200,"bu","13:27:20",860200
94.2,0.9,1400,"bu","13:27:12",859000
94.1,0.8,300,"sd","13:27:11",857600
94.2,0.9,800,"bu","13:27:10",857300
94.2,0.9,5000,"bu","13:27:09",856500
94.1,0.8,100,"sd","13:27:08",851500
94.2,0.9,300,"bu","13:26:51",851400
94.2,0.9,1500,"bu","13:26:42",851100
94.2,0.9,10000,"bu","13:26:34",849600
94.2,0.9,1400,"bu","13:26:31",839600
94.1,0.8,100,"sd","13:26:21",838200
94.1,0.8,300,"sd","13:26:17",838100
94.2,0.9,1000,"bu","13:26:15",837800
94.2,0.9,1400,"bu","13:25:49",836800
94.1,0.8,1000,"sd","13:25:46",835400
94.1,0.8,500,"sd","13:25:38",834400
94.1,0.8,100,"sd","13:25:35",833900
94.1,0.8,100,"sd","13:25:29",833800
94.1,0.8,1000,"bu","13:25:25",833700
94.1,0.8,1000,"bu","13:25:18",832700
94.1,0.8,1600,"bu","13:25:07",831700
94.1,0.8,100,"sd","13:24:26",830100
94.1,0.8,900,"bu","13:24:21",830000
94.1,0.8,1000,"bu","13:24:20",829100
94,0.7,500,"bu","13:24:20",828100
94.1,0.8,400,"bu","13:23:41",827600
94.1,0.8,400,"bu","13:23:38",827200
94,0.7,1000,"bu","13:23:38",826800
93.8,0.5,500,"sd","13:23:26",825800
93.8,0.5,500,"sd","13:23:11",825300
93.9,0.6,200,"sd","13:23:01",824800
93.9,0.6,2000,"sd","13:22:56",824600
94.1,0.8,300,"bu","13:22:55",822600
94,0.7,1100,"bu","13:22:55",822300
93.9,0.6,200,"bu","13:22:29",821200
93.9,0.6,100,"bu","13:22:24",821000
94,0.7,1300,"bu","13:22:14",820900
93.9,0.6,100,"bu","13:22:14",819600
94,0.7,100,"bu","13:22:06",819500
94,0.7,400,"bu","13:21:57",819400
94,0.7,1400,"bu","13:21:32",819000
93.9,0.6,100,"bu","13:21:32",817600
93.9,0.6,1000,"bu","13:21:31",817500
93.9,0.6,500,"sd","13:21:26",816500
93.9,0.6,500,"sd","13:21:25",816000
93.9,0.6,100,"sd","13:21:21",815500
93.9,0.6,100,"sd","13:21:08",815400
94,0.7,100,"bu","13:21:02",815300
94,0.7,1500,"sd","13:21:01",815200
94,0.7,1000,"sd","13:20:57",813700
94.1,0.8,1400,"bu","13:20:48",812700
94,0.7,2000,"sd","13:20:25",811300
94,0.7,200,"sd","13:20:21",809300
94,0.7,500,"sd","13:20:08",809100
94.1,0.8,1400,"bu","13:20:07",808600
94,0.7,500,"sd","13:19:45",807200
94.1,0.8,1000,"bu","13:19:37",806700
94.1,0.8,1400,"bu","13:19:26",805700
94.1,0.8,1000,"bu","13:19:11",804300
94.2,0.9,400,"bu","13:18:44",803300
94.1,0.8,1100,"bu","13:18:44",802900
94.1,0.8,1000,"bu","13:18:40",801800
94.1,0.8,100,"sd","13:18:38",800800
94.2,0.9,1000,"bu","13:18:38",800700
94.2,0.9,300,"bu","13:18:28",799700
94.2,0.9,600,"bu","13:18:07",799400
94.1,0.8,1500,"bu","13:18:00",798800
94.1,0.8,200,"bu","13:17:59",797300
94.1,0.8,900,"bu","13:17:43",797100
94.1,0.8,400,"bu","13:17:42",796200
94.1,0.8,100,"bu","13:17:27",795800
94.1,0.8,400,"sd","13:17:20",795700
94.2,0.9,1400,"bu","13:17:18",795300
94.1,0.8,500,"sd","13:16:56",793900
94.1,0.8,200,"sd","13:16:55",793400
94.1,0.8,200,"bu","13:16:47",793200
94.1,0.8,400,"bu","13:16:44",793000
94.1,0.8,1400,"bu","13:16:36",792600
94,0.7,700,"sd","13:16:28",791200
94,0.7,100,"bu","13:16:19",790500
94,0.7,100,"bu","13:16:04",790400
94.1,0.8,900,"bu","13:15:55",790300
94,0.7,600,"bu","13:15:55",789400
94,0.7,200,"sd","13:15:54",788800
94,0.7,800,"bu","13:15:49",788600
94,0.7,400,"sd","13:15:47",787800
94,0.7,100,"sd","13:15:40",787400
94,0.7,1000,"sd","13:15:36",787300
94,0.7,500,"sd","13:15:22",786300
94.1,0.8,100,"bu","13:15:20",785800
94.1,0.8,600,"bu","13:15:10",785700
94,0.7,1400,"bu","13:15:10",785100
94,0.7,400,"bu","13:15:00",783700
94,0.7,200,"bu","13:14:58",783300
94,0.7,200,"bu","13:14:54",783100
94,0.7,1000,"bu","13:14:53",782900
94,0.7,500,"bu","13:14:52",781900
93.8,0.5,500,"sd","13:14:44",781400
94,0.7,100,"bu","13:14:41",780900
94,0.7,2000,"bu","13:14:34",780800
94,0.7,1700,"bu","13:14:31",778800
94,0.7,1400,"bu","13:14:28",777100
94,0.7,1300,"bu","13:14:19",775700
94,0.7,1000,"bu","13:14:13",774400
94,0.7,100,"bu","13:14:09",773400
94,0.7,500,"bu","13:14:02",773300
94,0.7,1000,"bu","13:13:56",772800
94,0.7,1300,"bu","13:13:46",771800
93.9,0.6,100,"bu","13:13:46",770500
93.9,0.6,200,"sd","13:13:39",770400
94,0.7,400,"bu","13:13:38",770200
93.9,0.6,100,"sd","13:13:22",769800
94,0.7,500,"bu","13:13:17",769700
93.9,0.6,3000,"sd","13:13:15",769200
94,0.7,400,"bu","13:13:15",766200
94,0.7,300,"bu","13:13:14",765800
94,0.7,1400,"bu","13:13:05",765500
93.9,0.6,300,"sd","13:12:30",764100
94,0.7,1400,"bu","13:12:24",763800
93.9,0.6,200,"sd","13:12:06",762400
93.9,0.6,400,"bu","13:12:04",762200
93.9,0.6,1000,"bu","13:12:02",761800
93.9,0.6,500,"bu","13:12:00",760800
93.9,0.6,1400,"bu","13:11:42",760300
93.9,0.6,400,"bu","13:11:31",758900
93.9,0.6,300,"sd","13:11:18",758500
93.9,0.6,800,"bu","13:11:06",758200
93.9,0.6,200,"bu","13:11:01",757400
93.9,0.6,1300,"bu","13:10:49",757200
93.9,0.6,600,"bu","13:10:45",755900
93.9,0.6,1000,"bu","13:10:28",755300
93.9,0.6,1000,"bu","13:10:23",754300
93.9,0.6,500,"bu","13:10:04",753300
93.9,0.6,300,"bu","13:09:46",752800
93.9,0.6,3000,"bu","13:09:15",752500
93.8,0.5,300,"bu","13:08:39",749500
93.9,0.6,400,"bu","13:08:03",749200
93.9,0.6,100,"bu","13:07:59",748800
93.8,0.5,100,"bu","13:07:48",748700
93.8,0.5,100,"sd","13:07:47",748600
93.8,0.5,100,"bu","13:07:33",748500
93.8,0.5,300,"bu","13:07:28",748400
93.8,0.5,200,"bu","13:07:27",748100
93.8,0.5,200,"bu","13:07:20",747900
93.8,0.5,100,"bu","13:07:13",747700
93.8,0.5,200,"sd","13:07:12",747600
93.8,0.5,100,"sd","13:07:06",747400
93.8,0.5,700,"bu","13:07:01",747300
93.6,0.3,500,"sd","13:06:21",746600
93.7,0.4,100,"sd","13:06:21",746100
93.9,0.6,400,"bu","13:06:18",746000
93.9,0.6,1000,"bu","13:06:09",745600
93.8,0.5,2000,"bu","13:06:09",744600
93.5,0.2,20100,"sd","13:04:39",742600
93.5,0.2,5000,"sd","13:04:39",722500
93.6,0.3,15600,"sd","13:04:39",717500
93.7,0.4,9300,"sd","13:04:39",701900
93.8,0.5,400,"bu","13:04:34",692600
93.8,0.5,100,"bu","13:04:29",692200
93.8,0.5,200,"bu","13:04:20",692100
93.8,0.5,800,"bu","13:04:10",691900
93.7,0.4,100,"sd","13:03:50",691100
93.7,0.4,100,"sd","13:03:38",691000
93.7,0.4,3000,"sd","13:03:29",690900
93.7,0.4,100,"sd","13:03:23",687900
93.7,0.4,700,"sd","13:03:07",687800
93.7,0.4,200,"sd","13:03:04",687100
93.7,0.4,100,"sd","13:02:47",686900
93.7,0.4,400,"sd","13:02:30",686800
93.7,0.4,1500,"sd","13:02:25",686400
93.7,0.4,200,"sd","13:02:20",684900
93.8,0.5,2300,"sd","13:02:11",684700
93.8,0.5,200,"sd","13:02:08",682400
93.8,0.5,100,"sd","13:02:07",682200
93.8,0.5,5000,"sd","13:02:04",682100
93.8,0.5,3000,"sd","13:02:00",677100
93.8,0.5,1000,"sd","13:02:00",674100
93.8,0.5,500,"sd","13:01:47",673100
93.8,0.5,300,"sd","13:01:44",672600
93.8,0.5,100,"sd","13:01:38",672300
93.9,0.6,300,"bu","13:01:05",672200
93.9,0.6,600,"bu","13:00:37",671900
93.9,0.6,100,"bu","13:00:34",671300
93.8,0.5,400,"sd","13:00:34",671200
93.8,0.5,200,"sd","13:00:32",670800
93.8,0.5,200,"sd","13:00:32",670600
93.8,0.5,100,"sd","13:00:10",670400
93.9,0.6,100,"bu","11:29:33",670300
93.9,0.6,400,"bu","11:29:21",670200
93.9,0.6,100,"bu","11:29:12",669800
93.9,0.6,100,"sd","11:28:42",669700
93.9,0.6,100,"bu","11:28:28",669600
93.9,0.6,500,"bu","11:28:19",669500
93.9,0.6,400,"bu","11:27:36",669000
93.9,0.6,100,"bu","11:27:32",668600
93.9,0.6,300,"bu","11:27:29",668500
93.9,0.6,200,"bu","11:26:53",668200
93.9,0.6,300,"bu","11:26:49",668000
93.8,0.5,2200,"sd","11:25:54",667700
93.9,0.6,200,"bu","11:25:52",665500
93.9,0.6,400,"bu","11:25:51",665300
93.9,0.6,200,"sd","11:24:20",664900
93.9,0.6,200,"bu","11:24:08",664700
93.9,0.6,900,"bu","11:23:55",664500
93.9,0.6,500,"bu","11:23:12",663600
93.9,0.6,300,"bu","11:23:02",663100
93.9,0.6,100,"bu","11:22:59",662800
93.9,0.6,400,"bu","11:22:54",662700
93.9,0.6,300,"bu","11:22:43",662300
93.9,0.6,300,"bu","11:22:23",662000
93.9,0.6,200,"bu","11:20:46",661700
93.9,0.6,400,"bu","11:20:39",661500
93.9,0.6,200,"bu","11:20:35",661100
93.9,0.6,200,"sd","11:20:23",660900
93.8,0.5,900,"sd","11:19:46",660700
93.9,0.6,3100,"sd","11:19:46",659800
93.9,0.6,500,"sd","11:19:11",656700
93.9,0.6,500,"sd","11:19:07",656200
94,0.7,1000,"bu","11:19:04",655700
94,0.7,400,"bu","11:18:55",654700
94,0.7,400,"sd","11:18:05",654300
94,0.7,100,"sd","11:17:55",653900
94,0.7,1400,"sd","11:17:33",653800
94,0.7,800,"bu","11:17:24",652400
94,0.7,400,"bu","11:17:10",651600
94,0.7,100,"bu","11:16:58",651200
93.8,0.5,7100,"sd","11:16:41",651100
93.9,0.6,7900,"sd","11:16:41",644000
94,0.7,300,"bu","11:16:39",636100
94,0.7,3900,"bu","11:16:27",635800
93.9,0.6,100,"sd","11:16:26",631900
93.9,0.6,1000,"sd","11:16:11",631800
93.9,0.6,500,"sd","11:16:01",630800
93.9,0.6,1000,"sd","11:15:57",630300
93.9,0.6,400,"sd","11:15:56",629300
93.9,0.6,200,"sd","11:15:44",628900
94,0.7,400,"bu","11:15:26",628700
94,0.7,200,"bu","11:15:01",628300
94,0.7,600,"bu","11:14:37",628100
94,0.7,600,"sd","11:14:11",627500
94,0.7,1900,"sd","11:14:06",626900
94,0.7,25000,"sd","11:13:56",625000
94.1,0.8,300,"bu","11:13:55",600000
94.1,0.8,100,"bu","11:13:51",599700
94.1,0.8,200,"sd","11:13:48",599600
94.1,0.8,100,"bu","11:13:41",599400
94.1,0.8,1500,"bu","11:12:07",599300
94.1,0.8,400,"bu","11:11:58",597800
94.1,0.8,300,"sd","11:10:44",597400
94.1,0.8,1000,"sd","11:10:21",597100
94.1,0.8,100,"sd","11:09:21",596100
94.1,0.8,100,"sd","11:09:18",596000
94.1,0.8,300,"bu","11:08:29",595900
94.1,0.8,1000,"bu","11:07:50",595600
94.1,0.8,7300,"sd","11:07:12",594600
94.2,0.9,400,"bu","11:06:44",587300
94.2,0.9,1000,"sd","11:05:37",586900
94.3,1,500,"bu","11:05:15",585900
94.2,0.9,1500,"bu","11:05:15",585400
94.2,0.9,100,"bu","11:05:09",583900
94.2,0.9,300,"bu","11:05:01",583800
94.2,0.9,2000,"bu","11:04:44",583500
94.2,0.9,400,"bu","11:03:16",581500
94.2,0.9,200,"sd","11:02:00",581100
94.2,0.9,300,"bu","11:01:59",580900
94.1,0.8,700,"sd","11:01:44",580600
94.2,0.9,400,"bu","11:01:32",579900
94.2,0.9,500,"bu","11:01:22",579500
94.2,0.9,1900,"sd","11:01:20",579000
94.2,0.9,1000,"sd","11:01:08",577100
94.3,1,1300,"bu","11:00:09",576100
94.3,1,400,"bu","10:59:47",574800
94.3,1,100,"bu","10:59:37",574400
94.2,0.9,4300,"sd","10:59:20",574300
94.2,0.9,1000,"sd","10:59:06",570000
94.3,1,400,"bu","10:58:03",569000
94.3,1,4600,"sd","10:58:02",568600
94.3,1,100,"sd","10:57:36",564000
94.3,1,100,"sd","10:57:22",563900
94.3,1,200,"sd","10:56:47",563800
94.4,1.1,400,"bu","10:56:19",563600
94.4,1.1,3000,"bu","10:56:12",563200
94.4,1.1,300,"bu","10:55:01",560200
94.4,1.1,700,"sd","10:54:53",559900
94.4,1.1,100,"sd","10:54:51",559200
94.4,1.1,2000,"sd","10:54:42",559100
94.4,1.1,1000,"sd","10:54:24",557100
94.4,1.1,100,"sd","10:54:14",556100
94.4,1.1,400,"sd","10:53:59",556000
94.5,1.2,100,"bu","10:53:53",555600
94.4,1.1,100,"sd","10:53:41",555500
94.5,1.2,200,"bu","10:53:29",555400
94.5,1.2,200,"bu","10:53:13",555200
94.5,1.2,2000,"bu","10:52:50",555000
94.4,1.1,3000,"sd","10:52:33",553000
94.5,1.2,5000,"bu","10:52:28",550000
94.5,1.2,10000,"bu","10:51:54",545000
94.4,1.1,100,"sd","10:51:52",535000
94.4,1.1,100,"sd","10:51:43",534900
94.4,1.1,600,"sd","10:51:42",534800
94.4,1.1,200,"sd","10:51:15",534200
94.4,1.1,5900,"bu","10:50:48",534000
94.4,1.1,600,"bu","10:50:40",528100
94.4,1.1,3000,"bu","10:50:23",527500
94.3,1,500,"sd","10:50:06",524500
94.4,1.1,500,"bu","10:49:56",524000
94.4,1.1,200,"bu","10:49:33",523500
94.4,1.1,100,"bu","10:49:32",523300
94.3,1,1000,"sd","10:49:22",523200
94.3,1,1200,"sd","10:49:19",522200
94.4,1.1,20000,"bu","10:48:58",521000
94.3,1,500,"sd","10:48:58",501000
94.3,1,100,"sd","10:48:29",500500
94.3,1,100,"sd","10:47:23",500400
94.3,1,3000,"bu","10:46:52",500300
94.3,1,500,"bu","10:46:51",497300
94.3,1,2000,"bu","10:46:50",496800
94.3,1,1300,"bu","10:46:35",494800
94.2,0.9,200,"sd","10:46:29",493500
94.2,0.9,300,"sd","10:46:28",493300
94.2,0.9,500,"sd","10:45:26",493000
94.2,0.9,500,"sd","10:45:20",492500
94.2,0.9,600,"sd","10:44:52",492000
94.2,0.9,500,"bu","10:44:27",491400
94.2,0.9,200,"bu","10:44:16",490900
94.2,0.9,400,"bu","10:44:09",490700
94.2,0.9,200,"bu","10:44:00",490300
94.2,0.9,800,"sd","10:42:37",490100
94.2,0.9,2000,"sd","10:42:31",489300
94.2,0.9,1000,"sd","10:42:09",487300
94.2,0.9,500,"sd","10:41:10",486300
94.2,0.9,5000,"sd","10:40:48",485800
94.3,1,4000,"bu","10:40:44",480800
94.2,0.9,1600,"bu","10:40:04",476800
94.1,0.8,500,"sd","10:39:21",475200
94.1,0.8,100,"sd","10:39:13",474700
94.1,0.8,1500,"sd","10:39:08",474600
94.1,0.8,500,"sd","10:38:43",473100
94.1,0.8,1900,"sd","10:38:24",472600
94.2,0.9,100,"bu","10:38:00",470700
94.2,0.9,300,"bu","10:37:11",470600
94.2,0.9,300,"sd","10:36:23",470300
94.2,0.9,200,"sd","10:36:09",470000
94.2,0.9,400,"bu","10:35:35",469800
94.1,0.8,100,"sd","10:35:13",469400
94.1,0.8,100,"sd","10:35:11",469300
94.1,0.8,100,"sd","10:33:18",469200
94.1,0.8,2500,"sd","10:33:04",469100
94.1,0.8,2800,"sd","10:32:35",466600
94.1,0.8,100,"sd","10:32:32",463800
94.1,0.8,700,"sd","10:30:45",463700
94.1,0.8,900,"sd","10:30:40",463000
94.2,0.9,200,"sd","10:30:40",462100
94.2,0.9,1100,"sd","10:30:20",461900
94.2,0.9,100,"sd","10:30:05",460800
94.4,1.1,1100,"bu","10:30:00",460700
94.1,0.8,1000,"sd","10:29:49",459600
94.4,1.1,500,"bu","10:29:44",458600
94.1,0.8,300,"sd","10:29:36",458100
94.1,0.8,400,"sd","10:29:27",457800
94.2,0.9,700,"sd","10:29:27",457400
94.4,1.1,1100,"bu","10:29:20",456700
94.4,1.1,500,"bu","10:29:07",455600
94.4,1.1,100,"bu","10:28:56",455100
94.4,1.1,1200,"bu","10:28:38",455000
94.2,0.9,5000,"sd","10:28:30",453800
94.2,0.9,100,"sd","10:28:20",448800
94.2,0.9,100,"sd","10:27:57",448700
94.4,1.1,1100,"bu","10:27:55",448600
94.4,1.1,500,"bu","10:27:18",447500
94.4,1.1,1100,"bu","10:27:14",447000
94.4,1.1,4000,"bu","10:27:11",445900
94.4,1.1,400,"bu","10:26:47",441900
94.4,1.1,600,"bu","10:26:33",441500
94.3,1,500,"bu","10:26:33",440900
94.1,0.8,1000,"sd","10:26:20",440400
94.1,0.8,1100,"sd","10:26:13",439400
94.1,0.8,600,"sd","10:26:10",438300
94.2,0.9,200,"sd","10:26:10",437700
94.1,0.8,900,"sd","10:25:57",437500
94.4,1.1,100,"bu","10:25:51",436600
94.2,0.9,1000,"bu","10:25:51",436500
94.1,0.8,200,"sd","10:25:47",435500
94.1,0.8,1000,"sd","10:25:47",435300
94.1,0.8,200,"sd","10:25:42",434300
94.1,0.8,800,"sd","10:25:34",434100
94.1,0.8,100,"sd","10:25:29",433300
94.1,0.8,1000,"sd","10:25:24",433200
94.1,0.8,200,"sd","10:25:14",432200
94.2,0.9,500,"sd","10:25:14",432000
94.3,1,400,"sd","10:25:14",431500
94.3,1,100,"sd","10:25:11",431100
94.4,1.1,1200,"bu","10:25:11",431000
94.4,1.1,900,"bu","10:25:10",429800
94.3,1,200,"bu","10:25:10",428900
94.2,0.9,900,"sd","10:25:07",428700
94.2,0.9,100,"sd","10:25:05",427800
94.2,0.9,100,"sd","10:25:00",427700
94.4,1.1,4000,"bu","10:24:45",427600
94.4,1.1,1200,"bu","10:24:27",423600
94.4,1.1,1100,"bu","10:23:44",422400
94.4,1.1,200,"sd","10:23:42",421300
94.4,1.1,100,"sd","10:23:40",421100
94.4,1.1,100,"sd","10:23:37",421000
94.4,1.1,100,"sd","10:23:24",420900
94.4,1.1,1200,"bu","10:23:16",420800
94.4,1.1,3700,"bu","10:23:15",419600
94.4,1.1,600,"bu","10:23:02",415900
94.3,1,500,"bu","10:23:02",415300
94.1,0.8,200,"sd","10:22:30",414800
94.1,0.8,200,"sd","10:22:29",414600
94.1,0.8,100,"sd","10:22:22",414400
94.3,1,1200,"bu","10:22:21",414300
94.1,0.8,100,"sd","10:22:20",413100
94.1,0.8,200,"sd","10:22:15",413000
94.1,0.8,300,"sd","10:22:06",412800
94.1,0.8,300,"sd","10:22:06",412500
94.1,0.8,100,"sd","10:22:04",412200
94.1,0.8,300,"sd","10:22:02",412100
94.1,0.8,100,"sd","10:22:01",411800
94.1,0.8,800,"sd","10:21:58",411700
94.1,0.8,200,"sd","10:21:51",410900
94.1,0.8,200,"sd","10:21:50",410700
94.1,0.8,500,"sd","10:21:49",410500
94.1,0.8,400,"sd","10:21:46",410000
94.1,0.8,900,"sd","10:21:45",409600
94.1,0.8,200,"sd","10:21:42",408700
94.3,1,1100,"bu","10:21:37",408500
94.1,0.8,200,"sd","10:21:37",407400
94.1,0.8,1000,"sd","10:21:36",407200
94.1,0.8,200,"sd","10:21:35",406200
94.1,0.8,200,"sd","10:21:29",406000
94.1,0.8,1100,"sd","10:21:27",405800
94.1,0.8,100,"sd","10:21:03",404700
94.2,0.9,300,"sd","10:21:03",404600
94.3,1,1100,"bu","10:20:56",404300
94.3,1,300,"bu","10:20:32",403200
94.3,1,1800,"bu","10:20:27",402900
94.3,1,900,"bu","10:20:15",401100
94.2,0.9,300,"bu","10:20:15",400200
94.3,1,200,"bu","10:19:49",399900
94.2,0.9,100,"bu","10:19:49",399700
94.3,1,100,"bu","10:19:32",399600
94.2,0.9,1100,"bu","10:19:32",399500
94.1,0.8,800,"sd","10:18:53",398400
94.3,1,1000,"bu","10:18:47",397600
94.2,0.9,100,"bu","10:18:47",396600
94.2,0.9,1100,"bu","10:18:05",396500
94.2,0.9,400,"bu","10:18:04",395400
94.2,0.9,1200,"bu","10:17:24",395000
94.2,0.9,5000,"bu","10:16:59",393800
94.2,0.9,1000,"bu","10:16:52",388800
94.2,0.9,1100,"bu","10:16:40",387800
94.2,0.9,400,"bu","10:16:20",386700
94.2,0.9,1100,"bu","10:15:58",386300
94.2,0.9,1100,"bu","10:15:17",385200
94.2,0.9,1500,"bu","10:14:37",384100
94.2,0.9,900,"bu","10:14:27",382600
94.2,0.9,1300,"bu","10:13:54",381700
94.2,0.9,2900,"bu","10:13:20",380400
94.2,0.9,1100,"bu","10:13:07",377500
94.1,0.8,300,"sd","10:12:45",376400
94.2,0.9,1200,"bu","10:12:25",376100
94.2,0.9,100,"bu","10:12:03",374900
94.2,0.9,1100,"bu","10:11:43",374800
94.2,0.9,1200,"bu","10:11:20",373700
94.2,0.9,300,"bu","10:11:07",372500
94.2,0.9,500,"bu","10:11:06",372200
94.2,0.9,1100,"bu","10:11:01",371700
94.2,0.9,900,"sd","10:10:38",370600
94.2,0.9,2100,"bu","10:10:38",369700
94.1,0.8,100,"sd","10:10:32",367600
94.2,0.9,1100,"bu","10:10:20",367500
94.1,0.8,1000,"sd","10:10:16",366400
94.2,0.9,400,"bu","10:09:43",365400
94.2,0.9,1200,"bu","10:09:36",365000
94.2,0.9,400,"bu","10:09:24",363800
94.2,0.9,100,"sd","10:09:18",363400
94.2,0.9,1000,"sd","10:09:15",363300
94.2,0.9,100,"sd","10:09:07",362300
94.2,0.9,100,"sd","10:09:00",362200
94.3,1,1100,"bu","10:08:53",362100
94.2,0.9,500,"sd","10:08:52",361000
94.2,0.9,2000,"sd","10:08:37",360500
94.3,1,100,"bu","10:08:35",358500
94.3,1,1800,"bu","10:08:19",358400
94.2,0.9,1300,"bu","10:08:13",356600
94.2,0.9,1100,"bu","10:08:11",355300
94.2,0.9,300,"bu","10:07:56",354200
94.2,0.9,900,"bu","10:07:40",353900
94.2,0.9,100,"bu","10:07:39",353000
94.2,0.9,400,"bu","10:07:38",352900
94.2,0.9,1000,"bu","10:07:36",352500
94.2,0.9,100,"bu","10:07:33",351500
94.2,0.9,5800,"bu","10:07:33",351400
94.2,0.9,600,"bu","10:07:31",345600
94.2,0.9,1100,"bu","10:07:30",345000
94.2,0.9,100,"bu","10:07:26",343900
94.2,0.9,700,"bu","10:07:23",343800
94.2,0.9,200,"bu","10:06:51",343100
94,0.7,2000,"sd","10:06:51",342900
94.2,0.9,1100,"bu","10:06:49",340900
94.1,0.8,2000,"bu","10:06:47",339800
94,0.7,300,"bu","10:06:15",337800
94,0.7,1000,"bu","10:06:14",337500
94,0.7,20000,"bu","10:06:11",336500
93.9,0.6,100,"sd","10:06:08",316500
94,0.7,1200,"bu","10:06:07",316400
94,0.7,500,"bu","10:06:03",315200
94,0.7,1000,"bu","10:05:59",314700
93.9,0.6,7900,"bu","10:05:30",313700
93.9,0.6,1100,"bu","10:05:26",305800
93.9,0.6,200,"bu","10:05:12",304700
93.8,0.5,100,"sd","10:04:44",304500
93.9,0.6,1100,"bu","10:04:42",304400
93.8,0.5,900,"sd","10:04:40",303300
93.8,0.5,100,"sd","10:04:33",302400
93.8,0.5,700,"bu","10:04:32",302300
93.8,0.5,100,"bu","10:04:24",301600
93.8,0.5,1000,"bu","10:04:21",301500
93.8,0.5,100,"bu","10:04:19",300500
93.8,0.5,1000,"bu","10:04:18",300400
93.8,0.5,1300,"bu","10:04:12",299400
93.8,0.5,1200,"bu","10:04:01",298100
93.8,0.5,500,"bu","10:03:50",296900
93.7,0.4,100,"sd","10:03:45",296400
93.7,0.4,600,"sd","10:03:43",296300
93.7,0.4,3000,"sd","10:03:41",295700
93.7,0.4,100,"sd","10:03:31",292700
93.7,0.4,900,"sd","10:03:30",292600
93.8,0.5,200,"bu","10:03:28",291700
93.8,0.5,1100,"bu","10:03:19",291500
93.7,0.4,100,"sd","10:03:05",290400
93.8,0.5,100,"bu","10:02:58",290300
93.8,0.5,500,"bu","10:02:53",290200
93.8,0.5,1100,"bu","10:02:37",289700
93.8,0.5,300,"bu","10:02:26",288600
93.8,0.5,1100,"bu","10:01:56",288300
93.8,0.5,1200,"bu","10:01:14",287200
93.8,0.5,1100,"bu","10:00:31",286000
93.8,0.5,500,"bu","10:00:19",284900
93.8,0.5,500,"bu","10:00:14",284400
93.8,0.5,1100,"bu","09:59:49",283900
93.8,0.5,600,"bu","09:59:39",282800
93.8,0.5,400,"bu","09:59:35",282200
93.8,0.5,300,"bu","09:59:11",281800
93.8,0.5,1100,"bu","09:59:07",281500
93.8,0.5,400,"bu","09:58:34",280400
93.9,0.6,1100,"bu","09:58:25",280000
93.8,0.5,600,"sd","09:58:24",278900
93.8,0.5,100,"sd","09:58:09",278300
93.8,0.5,100,"sd","09:57:59",278200
93.9,0.6,1100,"bu","09:57:44",278100
93.8,0.5,100,"sd","09:57:35",277000
93.8,0.5,100,"sd","09:57:17",276900
93.9,0.6,400,"bu","09:57:03",276800
93.8,0.5,800,"bu","09:57:03",276400
93.8,0.5,100,"bu","09:57:03",275600
93.8,0.5,100,"bu","09:56:49",275500
93.7,0.4,1300,"sd","09:56:45",275400
93.7,0.4,10000,"sd","09:56:43",274100
93.8,0.5,300,"bu","09:56:38",264100
93.8,0.5,1200,"bu","09:56:20",263800
93.8,0.5,500,"bu","09:56:17",262600
93.8,0.5,400,"sd","09:55:48",262100
93.8,0.5,100,"sd","09:55:47",261700
93.8,0.5,500,"sd","09:55:45",261600
93.8,0.5,2500,"sd","09:55:43",261100
93.9,0.6,1200,"bu","09:55:35",258600
93.8,0.5,200,"sd","09:55:33",257400
93.8,0.5,100,"sd","09:55:11",257200
93.8,0.5,600,"sd","09:55:09",257100
93.8,0.5,3000,"sd","09:55:06",256500
93.9,0.6,100,"bu","09:54:56",253500
93.9,0.6,1200,"bu","09:54:49",253400
93.9,0.6,100,"bu","09:54:21",252200
93.9,0.6,1100,"bu","09:54:06",252100
93.8,0.5,200,"sd","09:53:59",251000
93.8,0.5,1000,"sd","09:53:56",250800
93.8,0.5,100,"sd","09:53:28",249800
93.9,0.6,1100,"bu","09:53:23",249700
93.9,0.6,1300,"bu","09:52:42",248600
93.7,0.4,100,"sd","09:52:11",247300
93.9,0.6,1100,"bu","09:51:57",247200
93.7,0.4,100,"sd","09:51:41",246100
93.7,0.4,800,"sd","09:51:39",246000
93.7,0.4,2200,"sd","09:51:37",245200
93.8,0.5,1800,"sd","09:51:37",243000
93.8,0.5,200,"sd","09:51:27",241200
93.8,0.5,1000,"bu","09:51:26",241000
93.8,0.5,2500,"sd","09:51:21",240000
93.9,0.6,800,"bu","09:51:15",237500
93.9,0.6,300,"bu","09:51:15",236700
93.8,0.5,400,"sd","09:51:08",236400
93.8,0.5,100,"sd","09:50:57",236000
93.8,0.5,500,"bu","09:50:56",235900
93.8,0.5,400,"sd","09:50:51",235400
93.8,0.5,4600,"sd","09:50:49",235000
93.9,0.6,1100,"bu","09:50:33",230400
93.7,0.4,100,"sd","09:50:17",229300
93.9,0.6,1100,"bu","09:49:51",229200
93.7,0.4,100,"sd","09:49:36",228100
93.7,0.4,800,"sd","09:49:34",228000
93.7,0.4,2000,"sd","09:49:34",227200
93.8,0.5,2000,"sd","09:49:34",225200
93.8,0.5,200,"sd","09:49:16",223200
93.8,0.5,1000,"bu","09:49:15",223000
93.9,0.6,700,"bu","09:49:09",222000
93.8,0.5,500,"bu","09:49:09",221300
93.8,0.5,100,"bu","09:49:01",220800
93.8,0.5,300,"sd","09:48:49",220700
93.8,0.5,3000,"sd","09:48:47",220400
93.8,0.5,200,"sd","09:48:44",217400
93.8,0.5,100,"sd","09:48:33",217200
93.9,0.6,1100,"bu","09:48:27",217100
93.7,0.4,100,"sd","09:48:26",216000
93.7,0.4,200,"sd","09:48:20",215900
93.7,0.4,300,"sd","09:48:20",215700
93.8,0.5,700,"sd","09:48:20",215400
93.8,0.5,100,"bu","09:48:18",214700
93.7,0.4,100,"sd","09:48:02",214600
93.7,0.4,600,"sd","09:48:01",214500
93.9,0.6,1100,"bu","09:47:46",213900
93.7,0.4,200,"sd","09:47:40",212800
93.7,0.4,100,"sd","09:47:34",212600
93.7,0.4,700,"sd","09:47:32",212500
93.8,0.5,2900,"sd","09:47:32",211800
94,0.7,200,"bu","09:47:05",208900
93.9,0.6,1000,"bu","09:47:05",208700
93.9,0.6,300,"sd","09:46:54",207700
93.9,0.6,100,"sd","09:46:50",207400
93.9,0.6,100,"bu","09:46:30",207300
94,0.7,1100,"bu","09:46:18",207200
94,0.7,500,"bu","09:45:57",206100
94,0.7,900,"bu","09:45:37",205600
93.9,0.6,300,"bu","09:45:37",204700
93.9,0.6,300,"bu","09:45:31",204400
93.9,0.6,500,"bu","09:45:06",204100
93.9,0.6,500,"bu","09:44:57",203600
93.9,0.6,500,"bu","09:44:56",203100
93.9,0.6,1100,"bu","09:44:55",202600
93.9,0.6,600,"sd","09:44:53",201500
93.9,0.6,100,"bu","09:44:30",200900
93.9,0.6,100,"sd","09:44:22",200800
93.9,0.6,1000,"sd","09:44:20",200700
93.9,0.6,5000,"sd","09:44:20",199700
93.9,0.6,100,"sd","09:44:16",194700
93.9,0.6,500,"sd","09:44:15",194600
94,0.7,1100,"bu","09:44:14",194100
94,0.7,500,"bu","09:43:54",193000
94,0.7,1200,"bu","09:43:31",192500
94,0.7,500,"bu","09:43:07",191300
94,0.7,1100,"bu","09:42:47",190800
94,0.7,1100,"bu","09:42:06",189700
93.9,0.6,100,"sd","09:41:34",188600
93.9,0.6,900,"sd","09:41:32",188500
94,0.7,1100,"bu","09:41:24",187600
94.1,0.8,100,"bu","09:40:43",186500
94,0.7,1100,"bu","09:40:43",186400
94,0.7,1000,"bu","09:40:28",185300
94,0.7,400,"bu","09:40:21",184300
94,0.7,1200,"bu","09:40:00",183900
94,0.7,1000,"bu","09:39:55",182700
94,0.7,700,"bu","09:39:49",181700
94,0.7,600,"bu","09:39:16",181000
93.9,0.6,500,"bu","09:39:16",180400
93.9,0.6,100,"sd","09:39:09",179900
94,0.7,1000,"bu","09:38:44",179800
94,0.7,1200,"bu","09:38:34",178800
94,0.7,800,"bu","09:38:26",177600
94.1,0.8,900,"bu","09:37:58",176800
94,0.7,100,"bu","09:37:58",175900
94.1,0.8,1000,"bu","09:37:49",175800
94,0.7,200,"bu","09:37:49",174800
94,0.7,200,"sd","09:37:48",174600
94,0.7,1000,"sd","09:37:47",174400
94,0.7,1200,"sd","09:37:46",173400
94,0.7,1000,"sd","09:37:45",172200
94,0.7,200,"sd","09:37:44",171200
94,0.7,1000,"sd","09:37:44",171000
94.1,0.8,1100,"bu","09:37:25",170000
94.1,0.8,3100,"sd","09:37:20",168900
94.2,0.9,500,"bu","09:37:13",165800
94.2,0.9,1100,"bu","09:37:05",165300
94.2,0.9,1100,"bu","09:36:22",164200
94.2,0.9,500,"bu","09:36:20",163100
94.2,0.9,1000,"bu","09:36:00",162600
94.2,0.9,1200,"bu","09:35:41",161600
94.1,0.8,200,"sd","09:35:38",160400
94.1,0.8,1000,"sd","09:35:38",160200
94.1,0.8,200,"sd","09:35:17",159200
94.2,0.9,1200,"bu","09:34:56",159000
94.1,0.8,200,"sd","09:34:52",157800
94.1,0.8,1000,"sd","09:34:50",157600
94.1,0.8,4800,"bu","09:34:48",156600
94.1,0.8,200,"bu","09:34:42",151800
94.1,0.8,400,"bu","09:34:37",151600
94.1,0.8,1100,"bu","09:34:14",151200
94.1,0.8,500,"sd","09:33:50",150100
94.2,0.9,1100,"bu","09:33:31",149600
94.2,0.9,100,"bu","09:33:10",148500
94.2,0.9,200,"bu","09:33:09",148400
94.2,0.9,1300,"bu","09:33:04",148200
94.2,0.9,200,"bu","09:33:03",146900
94.2,0.9,1200,"bu","09:32:50",146700
94.1,0.8,100,"bu","09:32:50",145500
94.1,0.8,700,"sd","09:32:38",145400
94.2,0.9,200,"bu","09:32:25",144700
94.1,0.8,200,"sd","09:32:22",144500
94.1,0.8,1000,"sd","09:32:20",144300
94.2,0.9,500,"bu","09:32:09",143300
94.2,0.9,1200,"bu","09:32:04",142800
94.2,0.9,200,"bu","09:31:46",141600
94.2,0.9,900,"bu","09:31:35",141400
94.3,1,1100,"bu","09:31:18",140500
94.1,0.8,100,"bu","09:31:16",139400
94.1,0.8,200,"sd","09:31:14",139300
94.1,0.8,100,"sd","09:31:06",139100
94.1,0.8,600,"bu","09:31:04",139000
94.1,0.8,100,"bu","09:31:01",138400
94,0.7,300,"sd","09:30:57",138300
94.1,0.8,500,"bu","09:30:55",138000
94.1,0.8,1100,"bu","09:30:36",137500
94,0.7,400,"sd","09:30:34",136400
94,0.7,2300,"bu","09:30:33",136000
94,0.7,200,"bu","09:30:30",133700
94,0.7,1000,"bu","09:30:27",133500
94,0.7,100,"bu","09:30:25",132500
94,0.7,100,"bu","09:30:23",132400
94,0.7,1500,"bu","09:30:22",132300
94,0.7,3000,"bu","09:30:20",130800
93.9,0.6,100,"sd","09:30:02",127800
93.9,0.6,800,"sd","09:30:00",127700
93.9,0.6,4000,"bu","09:29:59",126900
93.9,0.6,1100,"bu","09:29:54",122900
93.8,0.5,300,"sd","09:29:41",121800
93.8,0.5,100,"sd","09:29:34",121500
93.8,0.5,700,"sd","09:29:32",121400
93.8,0.5,300,"sd","09:29:24",120700
93.8,0.5,200,"sd","09:29:23",120400
93.8,0.5,2800,"bu","09:29:22",120200
93.8,0.5,3000,"bu","09:29:20",117400
93.8,0.5,1100,"bu","09:29:12",114400
93.8,0.5,200,"bu","09:29:12",113300
93.8,0.5,1000,"bu","09:29:09",113100
93.7,0.4,300,"sd","09:29:08",112100
93.7,0.4,200,"sd","09:29:07",111800
93.8,0.5,100,"bu","09:29:05",111600
93.8,0.5,900,"bu","09:29:01",111500
93.8,0.5,2500,"bu","09:28:57",110600
93.8,0.5,300,"bu","09:28:57",108100
93.8,0.5,500,"bu","09:28:48",107800
93.7,0.4,200,"sd","09:28:44",107300
93.7,0.4,1000,"sd","09:28:43",107100
93.7,0.4,100,"sd","09:28:40",106100
93.7,0.4,500,"sd","09:28:39",106000
93.8,0.5,1100,"bu","09:28:31",105500
93.7,0.4,100,"sd","09:28:06",104400
93.7,0.4,500,"sd","09:28:04",104300
93.7,0.4,2500,"bu","09:28:03",103800
93.6,0.3,200,"sd","09:27:49",101300
93.6,0.3,1000,"sd","09:27:48",101100
93.7,0.4,200,"bu","09:27:47",100100
93.7,0.4,200,"bu","09:27:42",99900
93.7,0.4,500,"bu","09:27:31",99700
93.7,0.4,300,"bu","09:27:22",99200
93.6,0.3,200,"sd","09:27:21",98900
93.7,0.4,600,"sd","09:27:05",98700
93.7,0.4,10000,"sd","09:27:03",98100
93.8,0.5,1400,"sd","09:26:52",88100
93.8,0.5,100,"sd","09:26:41",86700
93.8,0.5,600,"bu","09:26:07",86600
93.7,0.4,100,"sd","09:25:59",86000
93.7,0.4,700,"sd","09:25:57",85900
93.8,0.5,2000,"sd","09:25:11",85200
93.9,0.6,100,"bu","09:25:08",83200
93.8,0.5,200,"sd","09:24:31",83100
93.8,0.5,1000,"sd","09:24:30",82900
93.8,0.5,400,"sd","09:24:23",81900
93.8,0.5,2000,"sd","09:24:22",81500
93.8,0.5,100,"sd","09:24:21",79500
93.8,0.5,100,"sd","09:24:15",79400
93.8,0.5,700,"bu","09:24:13",79300
93.8,0.5,2000,"bu","09:24:10",78600
93.8,0.5,1000,"bu","09:23:56",76600
93.8,0.5,2800,"sd","09:23:55",75600
93.8,0.5,22200,"bu","09:23:54",72800
93.8,0.5,300,"bu","09:23:43",50600
93.8,0.5,1000,"bu","09:23:34",50300
93.8,0.5,1900,"sd","09:23:33",49300
93.8,0.5,100,"sd","09:23:20",47400
93.8,0.5,100,"bu","09:23:09",47300
93.8,0.5,100,"bu","09:23:05",47200
93.8,0.5,500,"bu","09:22:57",47100
93.7,0.4,300,"sd","09:22:50",46600
93.8,0.5,100,"bu","09:22:46",46300
93.7,0.4,400,"sd","09:22:22",46200
93.7,0.4,400,"bu","09:22:00",45800
93.7,0.4,100,"bu","09:21:52",45400
93.7,0.4,1000,"bu","09:21:39",45300
93.7,0.4,1000,"bu","09:21:30",44300
93.7,0.4,100,"bu","09:21:17",43300
93.6,0.3,200,"sd","09:20:51",43200
93.6,0.3,1000,"sd","09:20:50",43000
93.6,0.3,300,"sd","09:20:49",42000
93.6,0.3,1400,"bu","09:20:48",41700
93.5,0.2,200,"sd","09:20:36",40300
93.6,0.3,100,"bu","09:20:31",40100
93.6,0.3,600,"sd","09:20:20",40000
93.6,0.3,400,"sd","09:20:05",39400
93.6,0.3,2000,"sd","09:20:04",39000
93.6,0.3,100,"sd","09:20:00",37000
93.7,0.4,100,"bu","09:19:51",36900
93.8,0.5,500,"bu","09:19:27",36800
93.7,0.4,500,"bu","09:19:27",36300
93.8,0.5,200,"bu","09:19:19",35800
93.8,0.5,100,"bu","09:19:03",35600
93.8,0.5,1300,"sd","09:18:36",35500
94,0.7,100,"bu","09:17:50",34200
94,0.7,5200,"sd","09:17:02",34100
94.3,1,3900,"sd","09:16:25",28900
94.5,1.2,500,"sd","09:15:58",25000
94.6,1.3,500,"bu","09:15:49",24500
94.6,1.3,1600,"bu","09:15:22",24000
94.5,1.2,900,"sd","09:15:19",22400
94.5,1.2,1100,"bu","09:15:18",21500
94.5,1.2,20400,"","09:15:01",20400
