"price","change","match_qtty","side","time","total_vol"
34.5,0.5,67000,"","14:45:09",3573000
34.5,0.5,2000,"bu","14:29:59",3506000
34.5,0.5,200,"bu","14:29:55",3504000
34.45,0.45,1900,"bu","14:29:43",3503800
34.45,0.45,3000,"bu","14:29:42",3501900
34.45,0.45,2000,"bu","14:29:40",3498900
34.45,0.45,5000,"bu","14:29:39",3496900
34.45,0.45,500,"bu","14:29:34",3491900
34.4,0.4,3600,"sd","14:29:34",3491400
34.4,0.4,300,"sd","14:29:28",3487800
34.4,0.4,1500,"sd","14:29:15",3487500
34.4,0.4,2500,"sd","14:29:02",3486000
34.4,0.4,3000,"sd","14:28:53",3483500
34.4,0.4,800,"bu","14:28:51",3480500
34.4,0.4,800,"bu","14:28:50",3479700
34.4,0.4,8500,"bu","14:28:47",3478900
34.4,0.4,100,"bu","14:28:40",3470400
34.4,0.4,6000,"bu","14:28:36",3470300
34.4,0.4,400,"bu","14:28:34",3464300
34.4,0.4,5100,"sd","14:28:33",3463900
34.4,0.4,2000,"sd","14:28:18",3458800
34.45,0.45,600,"bu","14:28:11",3456800
34.4,0.4,1000,"sd","14:28:04",3456200
34.45,0.45,500,"bu","14:28:03",3455200
34.45,0.45,2000,"bu","14:27:52",3454700
34.4,0.4,10000,"sd","14:27:41",3452700
34.45,0.45,600,"bu","14:27:32",3442700
34.4,0.4,6000,"sd","14:27:32",3442100
34.45,0.45,100,"bu","14:27:29",3436100
34.45,0.45,2000,"bu","14:27:26",3436000
34.45,0.45,100,"bu","14:27:23",3434000
34.45,0.45,300,"bu","14:27:02",3433900
34.4,0.4,600,"sd","14:27:01",3433600
34.45,0.45,400,"bu","14:26:59",3433000
34.45,0.45,5000,"bu","14:26:43",3432600
34.45,0.45,100,"bu","14:26:36",3427600
34.45,0.45,200,"bu","14:26:29",3427500
34.45,0.45,100,"bu","14:26:27",3427300
34.45,0.45,3900,"bu","14:26:25",3427200
34.45,0.45,1000,"bu","14:26:23",3423300
34.45,0.45,100,"bu","14:26:11",3422300
34.45,0.45,200,"bu","14:26:00",3422200
34.4,0.4,100,"sd","14:25:55",3422000
34.4,0.4,100,"sd","14:25:23",3421900
34.4,0.4,1000,"sd","14:25:13",3421800
34.4,0.4,100,"sd","14:24:45",3420800
34.4,0.4,100,"sd","14:24:42",3420700
34.4,0.4,600,"sd","14:24:37",3420600
34.4,0.4,1000,"bu","14:24:37",3420000
34.4,0.4,3000,"bu","14:24:33",3419000
34.4,0.4,10000,"bu","14:24:22",3416000
34.35,0.35,200,"sd","14:24:19",3406000
34.35,0.35,700,"sd","14:24:07",3405800
34.35,0.35,100,"sd","14:24:01",3405100
34.35,0.35,600,"sd","14:23:30",3405000
34.4,0.4,100,"bu","14:23:11",3404400
34.35,0.35,3000,"sd","14:22:54",3404300
34.35,0.35,200,"sd","14:22:42",3401300
34.35,0.35,800,"sd","14:22:25",3401100
34.35,0.35,200,"sd","14:22:15",3400300
34.35,0.35,200,"bu","14:22:04",3400100
34.4,0.4,2000,"bu","14:21:53",3399900
34.35,0.35,3000,"bu","14:21:53",3397900
34.35,0.35,1000,"bu","14:21:48",3394900
34.35,0.35,400,"bu","14:21:38",3393900
34.35,0.35,200,"bu","14:21:34",3393500
34.35,0.35,100,"bu","14:21:26",3393300
34.35,0.35,2000,"bu","14:21:11",3393200
34.35,0.35,500,"bu","14:20:52",3391200
34.35,0.35,100,"bu","14:20:42",3390700
34.35,0.35,200,"bu","14:20:40",3390600
34.35,0.35,300,"bu","14:20:21",3390400
34.35,0.35,4600,"bu","14:20:14",3390100
34.3,0.3,2200,"sd","14:19:44",3385500
34.3,0.3,5000,"sd","14:19:09",3383300
34.35,0.35,100,"bu","14:19:08",3378300
34.3,0.3,1500,"sd","14:19:07",3378200
34.35,0.35,500,"bu","14:19:04",3376700
34.3,0.3,5000,"sd","14:18:49",3376200
34.35,0.35,1000,"bu","14:18:35",3371200
34.35,0.35,100,"sd","14:18:14",3370200
34.35,0.35,100,"bu","14:18:01",3370100
34.35,0.35,100,"bu","14:17:51",3370000
34.35,0.35,700,"bu","14:17:39",3369900
34.3,0.3,200,"sd","14:17:39",3369200
34.3,0.3,200,"sd","14:17:33",3369000
34.35,0.35,100,"sd","14:17:33",3368800
34.35,0.35,300,"bu","14:17:25",3368700
34.35,0.35,3100,"sd","14:17:19",3368400
34.35,0.35,600,"sd","14:17:13",3365300
34.35,0.35,3200,"sd","14:17:11",3364700
34.35,0.35,5100,"sd","14:16:55",3361500
34.4,0.4,500,"bu","14:16:53",3356400
34.35,0.35,200,"sd","14:16:43",3355900
34.35,0.35,300,"sd","14:15:42",3355700
34.35,0.35,6700,"bu","14:15:39",3355400
34.35,0.35,1000,"bu","14:15:35",3348700
34.35,0.35,100,"bu","14:15:32",3347700
34.35,0.35,300,"bu","14:15:30",3347600
34.35,0.35,100,"bu","14:15:26",3347300
34.3,0.3,200,"sd","14:15:23",3347200
34.35,0.35,1000,"bu","14:15:11",3347000
34.35,0.35,1100,"bu","14:14:42",3346000
34.3,0.3,2000,"sd","14:14:37",3344900
34.3,0.3,100,"sd","14:14:30",3342900
34.3,0.3,100,"sd","14:14:13",3342800
34.3,0.3,300,"sd","14:14:07",3342000
34.3,0.3,1000,"sd","14:13:58",3341700
34.3,0.3,3200,"bu","14:13:47",3340700
34.3,0.3,200,"bu","14:13:40",3337500
34.25,0.25,500,"sd","14:13:16",3337300
34.25,0.25,7500,"bu","14:12:59",3336800
34.2,0.2,800,"sd","14:12:54",3329300
34.25,0.25,14500,"sd","14:12:51",3328500
34.25,0.25,1500,"sd","14:12:32",3314000
34.25,0.25,1400,"sd","14:12:06",3312500
34.25,0.25,19900,"sd","14:11:48",3311100
34.3,0.3,10100,"sd","14:11:48",3291200
34.3,0.3,200,"sd","14:11:45",3281100
34.3,0.3,9000,"sd","14:11:31",3280900
34.35,0.35,2000,"bu","14:11:13",3271900
34.35,0.35,100,"bu","14:10:45",3269900
34.3,0.3,4000,"sd","14:10:26",3269800
34.3,0.3,500,"sd","14:10:22",3265800
34.3,0.3,2000,"sd","14:10:21",3265300
34.35,0.35,300,"bu","14:10:17",3263300
34.3,0.3,14000,"sd","14:10:06",3263000
34.35,0.35,100,"bu","14:09:26",3249000
34.3,0.3,2000,"sd","14:09:21",3248900
34.3,0.3,5000,"sd","14:09:20",3246900
34.3,0.3,10000,"sd","14:09:09",3241900
34.3,0.3,500,"sd","14:09:09",3231900
34.3,0.3,3000,"sd","14:09:07",3231400
34.3,0.3,12000,"sd","14:08:58",3228400
34.3,0.3,2000,"sd","14:08:15",3216400
34.35,0.35,2000,"bu","14:08:13",3214400
34.3,0.3,600,"sd","14:08:11",3212400
34.35,0.35,300,"bu","14:08:04",3211800
34.35,0.35,19200,"sd","14:07:36",3211500
34.35,0.35,11000,"sd","14:07:35",3192300
34.35,0.35,100,"sd","14:07:17",3181300
34.35,0.35,500,"sd","14:07:16",3181200
34.35,0.35,1000,"sd","14:07:11",3180700
34.35,0.35,3500,"sd","14:06:38",3179700
34.4,0.4,1500,"bu","14:06:27",3176200
34.4,0.4,10900,"sd","14:05:36",3174700
34.4,0.4,200,"sd","14:05:32",3163800
34.4,0.4,1000,"sd","14:05:27",3163600
34.4,0.4,1000,"sd","14:05:03",3162600
34.4,0.4,300,"sd","14:05:02",3161600
34.4,0.4,1500,"sd","14:04:38",3161300
34.4,0.4,2000,"sd","14:04:28",3159800
34.4,0.4,100,"sd","14:04:13",3157800
34.4,0.4,500,"bu","14:03:55",3157700
34.4,0.4,10000,"bu","14:03:25",3157200
34.35,0.35,300,"sd","14:03:20",3147200
34.35,0.35,3000,"sd","14:02:31",3146900
34.35,0.35,200,"sd","14:02:24",3143900
34.4,0.4,500,"bu","14:02:22",3143700
34.4,0.4,4800,"sd","14:02:18",3143200
34.45,0.45,1500,"bu","14:02:14",3138400
34.4,0.4,7000,"sd","14:02:10",3136900
34.4,0.4,10000,"sd","14:01:57",3129900
34.4,0.4,600,"sd","14:01:52",3119900
34.45,0.45,300,"bu","14:01:37",3119300
34.45,0.45,500,"bu","14:01:26",3119000
34.45,0.45,100,"bu","14:01:22",3118500
34.45,0.45,1000,"bu","14:00:54",3118400
34.45,0.45,100,"bu","14:00:06",3117400
34.4,0.4,1300,"sd","13:59:54",3117300
34.45,0.45,1000,"bu","13:59:17",3116000
34.45,0.45,500,"bu","13:58:42",3115000
34.4,0.4,500,"sd","13:58:37",3114500
34.45,0.45,5000,"bu","13:58:20",3114000
34.45,0.45,7000,"sd","13:58:00",3109000
34.45,0.45,25700,"sd","13:57:59",3102000
34.5,0.5,2000,"bu","13:57:34",3076300
34.5,0.5,5000,"bu","13:57:31",3074300
34.5,0.5,1500,"bu","13:57:29",3069300
34.5,0.5,1000,"bu","13:57:13",3067800
34.45,0.45,16500,"sd","13:56:48",3066800
34.5,0.5,1800,"sd","13:56:41",3050300
34.5,0.5,6100,"sd","13:56:34",3048500
34.5,0.5,20000,"sd","13:56:32",3042400
34.55,0.55,3000,"bu","13:56:31",3022400
34.5,0.5,800,"sd","13:56:22",3019400
34.5,0.5,1300,"bu","13:55:14",3018600
34.5,0.5,2000,"bu","13:55:10",3017300
34.5,0.5,500,"bu","13:55:09",3015300
34.5,0.5,100,"bu","13:55:08",3014800
34.5,0.5,100,"bu","13:55:05",3014700
34.5,0.5,1000,"bu","13:55:00",3014600
34.5,0.5,2000,"bu","13:54:59",3013600
34.5,0.5,6500,"bu","13:54:43",3011600
34.5,0.5,5100,"bu","13:54:38",3005100
34.5,0.5,1400,"bu","13:54:37",3000000
34.5,0.5,1600,"sd","13:54:22",2998600
34.5,0.5,1400,"bu","13:54:14",2997000
34.5,0.5,300,"bu","13:54:13",2995600
34.5,0.5,1000,"bu","13:54:11",2995300
34.5,0.5,100,"bu","13:54:06",2994300
34.5,0.5,500,"bu","13:54:04",2994200
34.5,0.5,700,"bu","13:54:03",2993700
34.5,0.5,100,"bu","13:53:58",2993000
34.5,0.5,20900,"sd","13:53:50",2992900
34.55,0.55,5000,"bu","13:53:42",2972000
34.5,0.5,6200,"bu","13:53:37",2967000
34.5,0.5,11400,"bu","13:53:36",2960800
34.5,0.5,13000,"bu","13:53:35",2949400
34.5,0.5,50000,"bu","13:53:32",2936400
34.5,0.5,9900,"bu","13:53:10",2886400
34.45,0.45,200,"sd","13:52:36",2876500
34.45,0.45,100,"sd","13:52:15",2876300
34.45,0.45,100,"sd","13:52:03",2876200
34.45,0.45,200,"sd","13:51:48",2876100
34.45,0.45,500,"sd","13:51:47",2875900
34.45,0.45,400,"sd","13:51:38",2875400
34.45,0.45,500,"sd","13:51:11",2875000
34.45,0.45,8700,"bu","13:51:06",2874500
34.45,0.45,1000,"bu","13:50:56",2865800
34.45,0.45,1000,"bu","13:50:40",2864800
34.45,0.45,200,"bu","13:50:20",2863800
34.45,0.45,1000,"bu","13:50:13",2863600
34.45,0.45,200,"bu","13:50:12",2862600
34.45,0.45,1700,"bu","13:49:49",2862400
34.45,0.45,100,"bu","13:49:31",2860700
34.45,0.45,800,"bu","13:49:24",2860600
34.45,0.45,200,"bu","13:49:18",2859800
34.45,0.45,2000,"bu","13:49:12",2859600
34.45,0.45,300,"bu","13:49:06",2857600
34.4,0.4,9200,"sd","13:49:01",2857300
34.45,0.45,1000,"bu","13:48:57",2848100
34.45,0.45,200,"bu","13:48:55",2847100
34.45,0.45,100,"bu","13:48:35",2846900
34.45,0.45,1000,"bu","13:47:54",2846800
34.45,0.45,100,"bu","13:47:49",2845800
34.45,0.45,1000,"bu","13:47:48",2845700
34.45,0.45,100,"bu","13:47:37",2844700
34.45,0.45,500,"bu","13:47:35",2844600
34.45,0.45,200,"bu","13:47:31",2844100
34.4,0.4,500,"sd","13:47:30",2843900
34.45,0.45,500,"bu","13:46:46",2843400
34.45,0.45,100,"bu","13:46:42",2842900
34.45,0.45,1000,"bu","13:45:07",2842800
34.4,0.4,400,"sd","13:44:28",2841800
34.45,0.45,100,"sd","13:44:28",2841400
34.5,0.5,900,"bu","13:44:19",2841300
34.5,0.5,100,"bu","13:43:40",2840300
34.45,0.45,1400,"bu","13:43:40",2840200
34.45,0.45,100,"bu","13:43:37",2838800
34.45,0.45,2500,"sd","13:43:21",2838700
34.45,0.45,100,"sd","13:43:19",2836200
34.45,0.45,600,"sd","13:43:10",2836100
34.45,0.45,31800,"bu","13:43:01",2835500
34.4,0.4,3600,"sd","13:42:59",2803700
34.4,0.4,5000,"sd","13:42:56",2800100
34.45,0.45,30000,"bu","13:42:46",2795100
34.4,0.4,200,"sd","13:42:46",2765100
34.4,0.4,10000,"sd","13:42:45",2764900
34.4,0.4,300,"sd","13:42:34",2754900
34.45,0.45,2000,"bu","13:42:19",2754600
34.4,0.4,100,"sd","13:42:17",2752600
34.4,0.4,10000,"sd","13:42:12",2752500
34.45,0.45,1000,"bu","13:41:31",2742500
34.45,0.45,500,"bu","13:41:29",2741500
34.45,0.45,500,"bu","13:41:24",2741000
34.45,0.45,2300,"sd","13:40:22",2740500
34.45,0.45,9100,"sd","13:40:21",2738200
34.45,0.45,200,"sd","13:40:18",2729100
34.5,0.5,1000,"bu","13:40:09",2728900
34.45,0.45,2000,"sd","13:39:51",2727900
34.45,0.45,2200,"sd","13:39:29",2725900
34.45,0.45,1800,"sd","13:39:28",2723700
34.45,0.45,1000,"sd","13:39:19",2721900
34.5,0.5,200,"bu","13:39:18",2720900
34.45,0.45,10000,"sd","13:39:13",2720700
34.5,0.5,1000,"bu","13:39:12",2710700
34.5,0.5,200,"bu","13:38:52",2709700
34.5,0.5,5000,"bu","13:38:49",2709500
34.5,0.5,2000,"bu","13:38:29",2704500
34.5,0.5,100,"bu","13:38:26",2702500
34.5,0.5,1200,"sd","13:38:24",2702400
34.5,0.5,12400,"sd","13:38:24",2701200
34.5,0.5,5000,"sd","13:38:17",2688800
34.5,0.5,34100,"bu","13:37:49",2683800
34.5,0.5,100,"bu","13:37:46",2649700
34.5,0.5,100,"bu","13:37:23",2649600
34.5,0.5,2000,"bu","13:37:12",2649500
34.5,0.5,3700,"bu","13:37:10",2647500
34.5,0.5,20000,"bu","13:36:49",2643800
34.45,0.45,1500,"sd","13:36:24",2623800
34.45,0.45,500,"sd","13:36:18",2622300
34.45,0.45,1000,"sd","13:35:38",2621800
34.45,0.45,5000,"sd","13:35:23",2620800
34.5,0.5,2000,"bu","13:35:19",2615800
34.5,0.5,3000,"bu","13:35:17",2613800
34.5,0.5,1000,"bu","13:35:15",2610800
34.5,0.5,1000,"bu","13:35:12",2609800
34.5,0.5,1000,"bu","13:35:09",2608800
34.5,0.5,500,"bu","13:35:07",2607800
34.5,0.5,5700,"bu","13:35:06",2607300
34.5,0.5,10000,"bu","13:35:06",2601600
34.5,0.5,3800,"bu","13:35:05",2591600
34.5,0.5,3100,"bu","13:35:03",2587800
34.5,0.5,5000,"bu","13:35:03",2584700
34.5,0.5,15000,"bu","13:35:00",2579700
34.5,0.5,100,"bu","13:34:59",2564700
34.5,0.5,5000,"bu","13:34:57",2564600
34.5,0.5,5000,"bu","13:34:56",2559600
34.45,0.45,500,"sd","13:34:56",2554600
34.5,0.5,10000,"bu","13:34:55",2554100
34.5,0.5,300,"bu","13:34:31",2544100
34.5,0.5,10000,"bu","13:34:18",2543800
34.45,0.45,100,"sd","13:34:18",2533800
34.45,0.45,1000,"sd","13:33:51",2533700
34.5,0.5,500,"bu","13:33:42",2532700
34.5,0.5,200,"bu","13:33:13",2532200
34.45,0.45,1000,"sd","13:31:29",2532000
34.5,0.5,1000,"bu","13:31:10",2531000
34.5,0.5,1000,"bu","13:31:01",2530000
34.45,0.45,1000,"bu","13:30:52",2529000
34.5,0.5,14000,"bu","13:30:45",2528000
34.5,0.5,500,"bu","13:30:42",2514000
34.45,0.45,1000,"bu","13:30:42",2513500
34.45,0.45,1000,"bu","13:30:32",2512500
34.45,0.45,2000,"bu","13:30:27",2511500
34.45,0.45,300,"bu","13:30:19",2509500
34.45,0.45,2000,"bu","13:30:17",2509200
34.4,0.4,300,"sd","13:29:49",2507200
34.45,0.45,700,"sd","13:29:43",2506900
34.45,0.45,2300,"bu","13:29:34",2506200
34.45,0.45,2200,"bu","13:29:30",2503900
34.45,0.45,500,"bu","13:29:19",2501700
34.45,0.45,4500,"bu","13:29:19",2501200
34.45,0.45,800,"bu","13:29:02",2496700
34.45,0.45,5000,"bu","13:28:52",2495900
34.45,0.45,3000,"bu","13:28:48",2490900
34.45,0.45,2000,"bu","13:28:42",2487900
34.45,0.45,900,"bu","13:28:38",2485900
34.45,0.45,2000,"bu","13:28:26",2485000
34.45,0.45,300,"bu","13:28:17",2483000
34.4,0.4,500,"sd","13:28:08",2482700
34.45,0.45,100,"bu","13:28:05",2482200
34.45,0.45,400,"bu","13:28:00",2482100
34.4,0.4,2000,"bu","13:27:45",2481700
34.35,0.35,1400,"sd","13:27:27",2479700
34.4,0.4,5000,"bu","13:27:23",2478300
34.4,0.4,100,"bu","13:27:20",2473300
34.35,0.35,300,"sd","13:27:10",2473200
34.35,0.35,200,"bu","13:27:04",2472900
34.35,0.35,100,"bu","13:27:02",2472700
34.35,0.35,500,"bu","13:27:02",2472600
34.35,0.35,200,"bu","13:26:59",2472100
34.35,0.35,400,"bu","13:26:56",2471900
34.35,0.35,1000,"bu","13:26:54",2471500
34.35,0.35,1000,"bu","13:26:53",2470500
34.35,0.35,100,"bu","13:26:39",2469500
34.3,0.3,1000,"sd","13:26:27",2469400
34.3,0.3,500,"sd","13:26:18",2468400
34.3,0.3,1000,"sd","13:26:13",2467900
34.3,0.3,1000,"sd","13:25:32",2466900
34.35,0.35,600,"bu","13:25:32",2465900
34.35,0.35,3700,"bu","13:25:10",2465300
34.3,0.3,1000,"sd","13:24:48",2461600
34.35,0.35,1000,"bu","13:24:47",2460600
34.35,0.35,1000,"bu","13:24:35",2459600
34.35,0.35,5000,"bu","13:24:33",2458600
34.3,0.3,300,"sd","13:24:25",2453600
34.35,0.35,200,"bu","13:24:21",2453300
34.35,0.35,400,"bu","13:24:03",2453100
34.35,0.35,500,"bu","13:24:02",2452700
34.35,0.35,2800,"sd","13:23:53",2452200
34.35,0.35,1300,"sd","13:23:51",2449400
34.35,0.35,300,"sd","13:23:36",2448100
34.35,0.35,3000,"sd","13:23:25",2447800
34.35,0.35,500,"sd","13:22:48",2444800
34.35,0.35,500,"sd","13:22:40",2444300
34.35,0.35,4400,"bu","13:22:30",2443800
34.35,0.35,1000,"bu","13:22:13",2439400
34.35,0.35,200,"bu","13:22:12",2438400
34.3,0.3,100,"sd","13:22:10",2438200
34.35,0.35,1000,"bu","13:21:56",2438100
34.3,0.3,1000,"sd","13:21:55",2437100
34.35,0.35,5000,"bu","13:21:47",2436100
34.3,0.3,200,"sd","13:21:46",2431100
34.35,0.35,500,"bu","13:21:44",2430900
34.35,0.35,100,"bu","13:21:42",2430400
34.35,0.35,200,"bu","13:21:32",2430300
34.35,0.35,5000,"sd","13:21:28",2430100
34.35,0.35,1000,"sd","13:21:21",2425100
34.35,0.35,1400,"bu","13:21:11",2424100
34.35,0.35,200,"bu","13:21:08",2422700
34.35,0.35,2300,"bu","13:21:08",2422500
34.35,0.35,7500,"sd","13:20:50",2420200
34.35,0.35,2000,"sd","13:20:45",2412700
34.35,0.35,2000,"sd","13:20:43",2410700
34.35,0.35,300,"sd","13:20:33",2408700
34.35,0.35,200,"sd","13:20:24",2408400
34.35,0.35,500,"sd","13:20:13",2408200
34.35,0.35,100,"sd","13:19:46",2407700
34.35,0.35,200,"sd","13:19:18",2407600
34.4,0.4,100,"bu","13:19:15",2407400
34.4,0.4,300,"bu","13:19:03",2407300
34.4,0.4,400,"bu","13:19:02",2407000
34.4,0.4,100,"bu","13:18:56",2406600
34.4,0.4,500,"bu","13:18:32",2406500
34.4,0.4,27900,"sd","13:18:24",2406000
34.4,0.4,1000,"sd","13:18:19",2378100
34.4,0.4,300,"sd","13:18:16",2377100
34.4,0.4,3000,"sd","13:18:10",2376800
34.45,0.45,2000,"bu","13:18:02",2373800
34.45,0.45,1000,"bu","13:17:44",2371800
34.45,0.45,3500,"sd","13:17:32",2370800
34.45,0.45,2600,"sd","13:17:14",2367300
34.45,0.45,400,"sd","13:17:09",2364700
34.45,0.45,3900,"bu","13:17:02",2364300
34.45,0.45,200,"bu","13:16:23",2360400
34.45,0.45,100,"bu","13:16:09",2360200
34.45,0.45,1400,"sd","13:16:01",2360100
34.45,0.45,200,"sd","13:15:49",2358700
34.45,0.45,100,"sd","13:15:47",2358500
34.45,0.45,8500,"bu","13:15:43",2358400
34.45,0.45,100,"bu","13:15:27",2349900
34.45,0.45,5900,"sd","13:15:15",2349800
34.45,0.45,100,"sd","13:15:13",2343900
34.45,0.45,200,"sd","13:15:11",2343800
34.45,0.45,4700,"sd","13:15:06",2343600
34.45,0.45,3600,"sd","13:14:53",2338900
34.45,0.45,1000,"sd","13:14:52",2335300
34.45,0.45,100,"sd","13:14:43",2334300
34.45,0.45,100,"sd","13:14:39",2334200
34.45,0.45,1500,"sd","13:14:38",2334100
34.45,0.45,200,"sd","13:14:37",2332600
34.45,0.45,600,"sd","13:14:32",2332400
34.45,0.45,8000,"sd","13:14:29",2331800
34.45,0.45,500,"sd","13:14:26",2323800
34.5,0.5,100,"bu","13:14:24",2323300
34.45,0.45,100,"sd","13:14:04",2323200
34.45,0.45,100,"sd","13:13:47",2323100
34.45,0.45,100,"sd","13:13:33",2323000
34.5,0.5,5000,"bu","13:13:15",2322900
34.5,0.5,2000,"bu","13:13:13",2317900
34.45,0.45,1000,"sd","13:13:06",2315900
34.5,0.5,200,"bu","13:12:58",2314900
34.5,0.5,500,"bu","13:12:54",2314700
34.5,0.5,500,"bu","13:12:53",2314200
34.5,0.5,400,"bu","13:12:27",2313700
34.5,0.5,13000,"bu","13:11:58",2313300
34.45,0.45,400,"sd","13:11:51",2300300
34.45,0.45,200,"sd","13:11:37",2299900
34.5,0.5,100,"bu","13:11:28",2299700
34.45,0.45,1900,"bu","13:11:16",2299600
34.45,0.45,1400,"bu","13:11:13",2297700
34.45,0.45,100,"bu","13:11:12",2296300
34.45,0.45,10000,"bu","13:10:59",2296200
34.45,0.45,500,"bu","13:10:58",2286200
34.45,0.45,500,"bu","13:10:37",2285700
34.45,0.45,100,"bu","13:10:32",2285200
34.45,0.45,500,"bu","13:10:30",2285100
34.45,0.45,5000,"bu","13:09:47",2284600
34.45,0.45,4800,"sd","13:09:43",2279600
34.45,0.45,100,"sd","13:09:27",2274800
34.45,0.45,5500,"bu","13:09:22",2274700
34.45,0.45,200,"sd","13:09:10",2269200
34.45,0.45,1000,"sd","13:09:03",2269000
34.5,0.5,200,"bu","13:08:59",2268000
34.5,0.5,400,"bu","13:08:50",2267800
34.5,0.5,1000,"bu","13:08:34",2267400
34.5,0.5,700,"bu","13:08:32",2266400
34.45,0.45,200,"sd","13:08:28",2265700
34.45,0.45,600,"sd","13:08:09",2265500
34.45,0.45,700,"bu","13:08:05",2264900
34.45,0.45,300,"bu","13:08:02",2264200
34.45,0.45,1500,"bu","13:07:56",2263900
34.45,0.45,200,"bu","13:07:42",2262400
34.45,0.45,12000,"bu","13:07:23",2262200
34.45,0.45,100,"bu","13:07:15",2250200
34.4,0.4,5000,"sd","13:07:08",2250100
34.45,0.45,1000,"bu","13:07:04",2245100
34.4,0.4,300,"sd","13:06:49",2244100
34.4,0.4,500,"sd","13:06:42",2243800
34.4,0.4,1700,"bu","13:06:37",2243300
34.4,0.4,600,"bu","13:06:35",2241600
34.4,0.4,500,"bu","13:06:34",2241000
34.4,0.4,400,"bu","13:06:32",2240500
34.4,0.4,10000,"bu","13:06:30",2240100
34.4,0.4,1000,"bu","13:06:27",2230100
34.4,0.4,500,"bu","13:06:22",2229100
34.35,0.35,200,"sd","13:06:21",2228600
34.4,0.4,600,"bu","13:06:19",2228400
34.4,0.4,200,"bu","13:06:06",2227800
34.4,0.4,700,"bu","13:06:03",2227600
34.35,0.35,2000,"sd","13:05:37",2226900
34.35,0.35,2100,"bu","13:05:18",2224900
34.35,0.35,6000,"sd","13:05:17",2222800
34.35,0.35,500,"bu","13:05:08",2216800
34.35,0.35,4600,"bu","13:05:03",2216300
34.35,0.35,400,"bu","13:05:02",2211700
34.35,0.35,100,"bu","13:05:01",2211300
34.35,0.35,2000,"bu","13:04:56",2211200
34.35,0.35,1000,"bu","13:04:54",2209200
34.35,0.35,100,"bu","13:04:51",2208200
34.35,0.35,1000,"bu","13:04:50",2208100
34.35,0.35,2000,"bu","13:04:47",2207100
34.35,0.35,400,"bu","13:04:42",2205100
34.35,0.35,400,"bu","13:04:25",2204700
34.35,0.35,900,"bu","13:04:21",2204300
34.35,0.35,100,"bu","13:04:07",2203400
34.35,0.35,200,"bu","13:03:55",2203300
34.3,0.3,10000,"sd","13:03:51",2203100
34.35,0.35,100,"bu","13:03:37",2193100
34.35,0.35,100,"bu","13:03:29",2193000
34.35,0.35,2000,"bu","13:03:19",2192900
34.35,0.35,100,"bu","13:03:18",2190900
34.35,0.35,200,"bu","13:03:06",2190800
34.3,0.3,1000,"sd","13:02:52",2190600
34.35,0.35,5000,"bu","13:02:47",2189600
34.35,0.35,1000,"bu","13:02:43",2184600
34.35,0.35,200,"sd","13:02:42",2183600
34.35,0.35,400,"sd","13:02:41",2183400
34.35,0.35,500,"bu","13:02:36",2183000
34.35,0.35,2000,"bu","13:02:30",2182500
34.35,0.35,1400,"bu","13:02:28",2180500
34.3,0.3,1000,"sd","13:02:27",2179100
34.35,0.35,6000,"bu","13:02:25",2178100
34.35,0.35,1400,"bu","13:02:00",2172100
34.35,0.35,800,"sd","13:01:55",2170700
34.35,0.35,500,"sd","13:01:53",2169900
34.35,0.35,100,"sd","13:01:45",2169400
34.35,0.35,200,"sd","13:01:33",2169300
34.35,0.35,2200,"bu","13:01:32",2169100
34.35,0.35,9300,"sd","13:00:57",2166900
34.35,0.35,700,"sd","13:00:39",2157600
34.35,0.35,1300,"sd","13:00:37",2156900
34.35,0.35,1500,"sd","13:00:37",2155600
34.4,0.4,100,"bu","13:00:37",2154100
34.35,0.35,1000,"sd","13:00:36",2154000
34.4,0.4,2000,"bu","13:00:36",2153000
34.35,0.35,100,"sd","13:00:36",2151000
34.35,0.35,20000,"sd","13:00:35",2150900
34.35,0.35,2000,"sd","13:00:34",2130900
34.35,0.35,300,"sd","13:00:25",2128900
34.4,0.4,1100,"bu","13:00:24",2128600
34.35,0.35,2500,"bu","13:00:14",2127500
34.35,0.35,8900,"sd","13:00:10",2125000
34.35,0.35,2800,"sd","13:00:04",2116100
34.4,0.4,400,"bu","13:00:04",2113300
34.35,0.35,300,"sd","11:29:47",2112900
34.35,0.35,5000,"sd","11:29:44",2112600
34.35,0.35,500,"sd","11:29:33",2107600
34.4,0.4,2000,"bu","11:29:32",2107100
34.4,0.4,2000,"sd","11:29:08",2105100
34.4,0.4,500,"sd","11:28:40",2103100
34.4,0.4,2000,"sd","11:28:30",2102600
34.4,0.4,3000,"sd","11:28:25",2100600
34.45,0.45,1000,"bu","11:28:23",2097600
34.4,0.4,100,"sd","11:28:22",2096600
34.4,0.4,2000,"sd","11:28:09",2096500
34.4,0.4,900,"sd","11:28:05",2094500
34.4,0.4,100,"sd","11:28:02",2093600
34.4,0.4,10000,"sd","11:27:59",2093500
34.4,0.4,100,"sd","11:27:52",2083500
34.4,0.4,1000,"sd","11:27:46",2083400
34.4,0.4,300,"sd","11:27:30",2082400
34.4,0.4,17100,"sd","11:27:27",2082100
34.4,0.4,6300,"sd","11:27:27",2065000
34.4,0.4,1000,"sd","11:26:58",2058700
34.45,0.45,500,"bu","11:26:50",2057700
34.45,0.45,100,"bu","11:26:41",2057200
34.45,0.45,1000,"bu","11:26:25",2057100
34.4,0.4,2300,"sd","11:26:24",2056100
34.45,0.45,5000,"bu","11:25:40",2053800
34.45,0.45,1500,"bu","11:25:24",2048800
34.4,0.4,200,"sd","11:25:21",2047300
34.45,0.45,100,"bu","11:25:15",2047100
34.45,0.45,1500,"bu","11:25:13",2047000
34.45,0.45,200,"bu","11:25:04",2045500
34.45,0.45,1000,"bu","11:24:55",2045300
34.4,0.4,3000,"sd","11:24:49",2044300
34.45,0.45,5000,"bu","11:24:44",2041300
34.45,0.45,2000,"bu","11:24:27",2036300
34.45,0.45,100,"bu","11:24:24",2034300
34.45,0.45,2000,"bu","11:24:15",2034200
34.4,0.4,5000,"sd","11:23:22",2032200
34.4,0.4,1000,"sd","11:23:18",2027200
34.4,0.4,500,"sd","11:23:12",2026200
34.4,0.4,500,"sd","11:22:05",2025700
34.45,0.45,100,"bu","11:21:57",2025200
34.4,0.4,500,"sd","11:21:52",2025100
34.45,0.45,3100,"bu","11:21:32",2024600
34.45,0.45,100,"bu","11:21:27",2021500
34.45,0.45,5000,"bu","11:21:25",2021400
34.45,0.45,1000,"bu","11:20:38",2016400
34.45,0.45,10000,"bu","11:19:48",2015400
34.4,0.4,3000,"sd","11:19:13",2005400
34.45,0.45,1000,"bu","11:19:09",2002400
34.4,0.4,200,"sd","11:19:07",2001400
34.4,0.4,300,"sd","11:18:55",2001200
34.45,0.45,200,"bu","11:18:50",2000900
34.45,0.45,200,"bu","11:18:39",2000700
34.45,0.45,5000,"bu","11:18:38",2000500
34.45,0.45,1000,"bu","11:17:52",1995500
34.45,0.45,2000,"bu","11:17:17",1994500
34.4,0.4,1000,"sd","11:17:06",1992500
34.4,0.4,1000,"sd","11:16:17",1991500
34.4,0.4,200,"sd","11:15:51",1990500
34.4,0.4,500,"sd","11:15:46",1990300
34.45,0.45,5000,"bu","11:15:27",1989800
34.4,0.4,1000,"sd","11:15:13",1984800
34.45,0.45,500,"bu","11:15:13",1983800
34.4,0.4,5000,"sd","11:14:55",1983300
34.45,0.45,200,"bu","11:14:24",1978300
34.45,0.45,4900,"sd","11:14:20",1978100
34.45,0.45,1000,"sd","11:14:14",1973200
34.45,0.45,800,"sd","11:14:11",1972200
34.45,0.45,200,"sd","11:14:08",1971400
34.45,0.45,3300,"bu","11:11:43",1971200
34.45,0.45,2000,"bu","11:11:25",1967900
34.45,0.45,500,"bu","11:11:23",1965900
34.45,0.45,900,"bu","11:10:59",1965400
34.45,0.45,1300,"sd","11:10:56",1964500
34.45,0.45,500,"sd","11:10:50",1963200
34.45,0.45,100,"sd","11:10:44",1962700
34.45,0.45,6200,"sd","11:10:37",1962600
34.45,0.45,1200,"bu","11:10:24",1956400
34.45,0.45,15600,"sd","11:09:58",1955200
34.45,0.45,500,"sd","11:08:45",1939600
34.45,0.45,10000,"sd","11:08:01",1939100
34.45,0.45,3000,"sd","11:07:54",1929100
34.45,0.45,100,"sd","11:06:45",1926100
34.45,0.45,100,"sd","11:06:44",1926000
34.5,0.5,500,"bu","11:06:41",1925900
34.5,0.5,500,"bu","11:06:30",1925400
34.5,0.5,4100,"bu","11:06:27",1924900
34.5,0.5,1000,"bu","11:06:17",1920800
34.5,0.5,500,"bu","11:06:03",1919800
34.45,0.45,100,"sd","11:05:44",1919300
34.5,0.5,100,"bu","11:05:44",1919200
34.45,0.45,500,"sd","11:05:40",1919100
34.5,0.5,4000,"bu","11:05:39",1918600
34.5,0.5,300,"bu","11:04:36",1914600
34.5,0.5,500,"bu","11:04:25",1914300
34.5,0.5,3000,"bu","11:04:11",1913800
34.5,0.5,100,"bu","11:04:08",1910800
34.5,0.5,200,"bu","11:04:07",1910700
34.5,0.5,1000,"bu","11:04:05",1910500
34.5,0.5,5000,"bu","11:03:53",1909500
34.5,0.5,2000,"bu","11:03:47",1904500
34.5,0.5,5000,"bu","11:03:36",1902500
34.5,0.5,1000,"bu","11:03:27",1897500
34.5,0.5,2000,"bu","11:02:55",1896500
34.45,0.45,400,"sd","11:02:34",1894500
34.5,0.5,3600,"bu","11:02:30",1894100
34.5,0.5,5000,"bu","11:02:10",1890500
34.45,0.45,5000,"sd","11:01:29",1885500
34.45,0.45,2000,"sd","11:00:45",1880500
34.5,0.5,16400,"sd","11:00:06",1878500
34.55,0.55,900,"bu","10:59:37",1862100
34.55,0.55,300,"bu","10:59:20",1861200
34.55,0.55,16400,"sd","10:59:15",1860900
34.55,0.55,2000,"sd","10:59:13",1844500
34.55,0.55,500,"sd","10:58:51",1842500
34.55,0.55,10000,"sd","10:58:46",1842000
34.55,0.55,1500,"sd","10:58:20",1832000
34.55,0.55,5000,"sd","10:57:47",1830500
34.55,0.55,500,"sd","10:57:44",1825500
34.55,0.55,24100,"bu","10:57:12",1825000
34.5,0.5,1000,"sd","10:57:12",1800900
34.55,0.55,20000,"bu","10:57:01",1799900
34.5,0.5,5000,"sd","10:56:51",1779900
34.5,0.5,2000,"sd","10:56:12",1774900
34.5,0.5,10000,"sd","10:56:03",1772900
34.55,0.55,5000,"bu","10:55:58",1762900
34.5,0.5,1700,"bu","10:54:59",1757900
34.5,0.5,15000,"bu","10:54:57",1756200
34.5,0.5,300,"bu","10:54:40",1741200
34.5,0.5,3600,"bu","10:54:34",1740900
34.5,0.5,6900,"sd","10:54:20",1737300
34.5,0.5,4000,"sd","10:54:20",1730400
34.5,0.5,20000,"sd","10:54:12",1726400
34.5,0.5,3000,"sd","10:54:01",1706400
34.55,0.55,1000,"bu","10:53:57",1703400
34.55,0.55,1000,"bu","10:53:55",1702400
34.55,0.55,500,"bu","10:53:50",1701400
34.55,0.55,100,"bu","10:53:38",1700900
34.55,0.55,500,"bu","10:53:20",1700800
34.55,0.55,500,"bu","10:53:18",1700300
34.55,0.55,3000,"bu","10:53:12",1699800
34.55,0.55,500,"bu","10:53:06",1696800
34.55,0.55,600,"bu","10:52:59",1696300
34.6,0.6,4100,"bu","10:52:45",1695700
34.55,0.55,8200,"bu","10:52:45",1691600
34.5,0.5,600,"bu","10:52:36",1683400
34.5,0.5,9500,"sd","10:52:34",1682800
34.55,0.55,300,"bu","10:52:28",1673300
34.55,0.55,5000,"bu","10:52:22",1673000
34.5,0.5,2100,"bu","10:52:21",1668000
34.5,0.5,2900,"sd","10:52:19",1665900
34.55,0.55,200,"bu","10:52:18",1663000
34.5,0.5,2600,"bu","10:52:08",1662800
34.5,0.5,1000,"bu","10:52:06",1660200
34.5,0.5,900,"sd","10:52:02",1659200
34.55,0.55,8200,"bu","10:52:01",1658300
34.5,0.5,12000,"sd","10:51:55",1650100
34.55,0.55,200,"bu","10:51:44",1638100
34.5,0.5,500,"sd","10:51:42",1637900
34.55,0.55,300,"bu","10:51:41",1637400
34.55,0.55,800,"bu","10:51:39",1637100
34.55,0.55,300,"bu","10:51:35",1636300
34.55,0.55,300,"bu","10:51:22",1636000
34.55,0.55,2000,"bu","10:51:22",1635700
34.55,0.55,1000,"bu","10:51:15",1633700
34.5,0.5,10000,"sd","10:51:13",1632700
34.55,0.55,2000,"bu","10:51:07",1622700
34.55,0.55,2000,"bu","10:51:05",1620700
34.55,0.55,100,"bu","10:51:00",1618700
34.55,0.55,300,"bu","10:50:47",1618600
34.5,0.5,10000,"sd","10:50:47",1618300
34.55,0.55,500,"bu","10:50:43",1608300
34.55,0.55,10000,"bu","10:50:41",1607800
34.55,0.55,100,"bu","10:50:36",1597800
34.55,0.55,200,"bu","10:50:36",1597700
34.5,0.5,30000,"sd","10:50:35",1597500
34.55,0.55,2000,"bu","10:50:34",1567500
34.55,0.55,1500,"bu","10:50:29",1565500
34.55,0.55,7700,"sd","10:50:28",1564000
34.55,0.55,100,"sd","10:50:16",1556300
34.55,0.55,1000,"sd","10:50:10",1556200
34.6,0.6,2000,"bu","10:50:09",1555200
34.6,0.6,200,"bu","10:50:07",1553200
34.6,0.6,400,"bu","10:50:05",1553000
34.6,0.6,3000,"bu","10:49:57",1552600
34.55,0.55,3600,"bu","10:49:53",1549600
34.55,0.55,1000,"bu","10:49:51",1546000
34.55,0.55,2800,"bu","10:49:50",1545000
34.55,0.55,500,"bu","10:49:50",1542200
34.55,0.55,1000,"bu","10:49:45",1541700
34.55,0.55,20000,"bu","10:49:44",1540700
34.55,0.55,21000,"bu","10:49:41",1520700
34.55,0.55,100,"bu","10:49:34",1499700
34.6,0.6,400,"bu","10:49:22",1499600
34.55,0.55,100,"bu","10:49:22",1499200
34.5,0.5,18000,"bu","10:48:59",1499100
34.5,0.5,600,"bu","10:48:56",1481100
34.5,0.5,1000,"bu","10:48:51",1480500
34.5,0.5,500,"bu","10:48:49",1479500
34.5,0.5,2200,"bu","10:48:49",1479000
34.5,0.5,300,"bu","10:48:45",1476800
34.5,0.5,10000,"bu","10:48:44",1476500
34.5,0.5,16400,"sd","10:48:44",1466500
34.55,0.55,1000,"sd","10:48:44",1450100
34.6,0.6,2000,"bu","10:48:38",1449100
34.5,0.5,45000,"sd","10:48:35",1447100
34.55,0.55,1000,"sd","10:48:35",1402100
34.6,0.6,4000,"sd","10:48:35",1401100
34.6,0.6,9000,"bu","10:48:32",1397100
34.6,0.6,900,"sd","10:48:24",1388100
34.6,0.6,12100,"sd","10:48:23",1387200
34.6,0.6,300,"sd","10:48:17",1375100
34.5,0.5,4400,"sd","10:48:08",1374800
34.55,0.55,14300,"sd","10:48:08",1370400
34.6,0.6,11300,"sd","10:48:08",1356100
34.6,0.6,100,"sd","10:48:06",1344800
34.6,0.6,2200,"bu","10:48:02",1344700
34.55,0.55,30000,"sd","10:48:01",1342500
34.6,0.6,1000,"bu","10:48:01",1312500
34.6,0.6,6500,"bu","10:48:00",1311500
34.6,0.6,8000,"bu","10:47:59",1305000
34.6,0.6,2600,"bu","10:47:58",1297000
34.6,0.6,10100,"bu","10:47:57",1294400
34.6,0.6,500,"bu","10:47:56",1284300
34.6,0.6,1000,"bu","10:47:55",1283800
34.6,0.6,2400,"bu","10:47:54",1282800
34.6,0.6,100,"bu","10:47:53",1280400
34.6,0.6,2000,"bu","10:47:52",1280300
34.6,0.6,3000,"bu","10:47:51",1278300
34.6,0.6,10700,"bu","10:47:48",1275300
34.6,0.6,100,"bu","10:47:46",1264600
34.6,0.6,800,"bu","10:47:46",1264500
34.6,0.6,1000,"bu","10:47:43",1263700
34.6,0.6,2000,"bu","10:47:42",1262700
34.6,0.6,10500,"bu","10:47:38",1258700
34.6,0.6,300,"bu","10:47:37",1248200
34.6,0.6,1500,"bu","10:47:35",1247900
34.6,0.6,100,"bu","10:47:31",1246400
34.6,0.6,2000,"bu","10:47:31",1246300
34.6,0.6,1000,"bu","10:47:28",1244300
34.6,0.6,100,"bu","10:47:27",1243300
34.6,0.6,5000,"bu","10:47:22",1243200
34.6,0.6,500,"bu","10:47:20",1238200
34.6,0.6,2000,"bu","10:47:19",1237700
34.6,0.6,2000,"bu","10:47:14",1235700
34.6,0.6,1000,"bu","10:47:07",1233700
34.6,0.6,500,"bu","10:47:02",1232700
34.6,0.6,5000,"bu","10:46:56",1232200
34.6,0.6,500,"bu","10:46:48",1227200
34.6,0.6,10000,"bu","10:46:47",1226700
34.6,0.6,500,"bu","10:46:42",1216700
34.6,0.6,4400,"bu","10:46:32",1216200
34.6,0.6,300,"bu","10:46:31",1211800
34.55,0.55,2500,"sd","10:46:30",1211500
34.6,0.6,1000,"bu","10:46:29",1209000
34.6,0.6,400,"bu","10:46:25",1208000
34.6,0.6,500,"bu","10:46:24",1207600
34.6,0.6,300,"bu","10:46:22",1207100
34.6,0.6,500,"bu","10:46:21",1206800
34.6,0.6,500,"bu","10:46:17",1206300
34.6,0.6,2000,"bu","10:46:14",1205800
34.6,0.6,500,"bu","10:46:12",1203800
34.6,0.6,200,"bu","10:46:08",1203300
34.6,0.6,2000,"bu","10:46:06",1203100
34.6,0.6,4000,"bu","10:46:01",1201100
34.6,0.6,1300,"bu","10:45:58",1197100
34.55,0.55,2000,"sd","10:45:55",1195800
34.6,0.6,10000,"bu","10:45:53",1193800
34.6,0.6,2000,"bu","10:45:51",1183800
34.55,0.55,7700,"bu","10:45:48",1181800
34.55,0.55,5100,"bu","10:45:47",1174100
34.55,0.55,8000,"bu","10:45:45",1169000
34.55,0.55,6000,"bu","10:45:45",1161000
34.55,0.55,3000,"bu","10:45:43",1154500
34.55,0.55,1000,"bu","10:45:42",1151500
34.55,0.55,1000,"bu","10:45:41",1150500
34.55,0.55,10000,"bu","10:45:40",1149500
34.55,0.55,500,"bu","10:45:39",1139500
34.55,0.55,300,"bu","10:45:38",1139000
34.55,0.55,1500,"bu","10:45:37",1138700
34.55,0.55,11800,"bu","10:45:36",1137200
34.55,0.55,300,"bu","10:45:32",1125400
34.55,0.55,2000,"bu","10:45:20",1125100
34.55,0.55,1500,"bu","10:45:19",1123100
34.55,0.55,5000,"bu","10:45:18",1121600
34.55,0.55,10000,"bu","10:45:18",1116600
34.55,0.55,100,"bu","10:45:16",1106600
34.55,0.55,5000,"bu","10:45:14",1106500
34.55,0.55,20000,"bu","10:45:13",1101500
34.5,0.5,23800,"bu","10:45:07",1081500
34.5,0.5,2000,"bu","10:45:01",1057700
34.5,0.5,5100,"bu","10:44:59",1055700
34.5,0.5,1000,"bu","10:44:58",1050600
34.5,0.5,5000,"bu","10:44:56",1049600
34.5,0.5,1500,"bu","10:44:55",1044600
34.5,0.5,500,"bu","10:44:51",1043100
34.5,0.5,11100,"sd","10:44:47",1042600
34.55,0.55,1000,"bu","10:44:43",1031500
34.6,0.6,100,"bu","10:44:26",1030500
34.6,0.6,2000,"bu","10:44:25",1030400
34.6,0.6,2600,"bu","10:44:22",1028400
34.5,0.5,400,"bu","10:44:22",1025800
34.5,0.5,5000,"bu","10:44:19",1025400
34.5,0.5,400,"bu","10:44:18",1020400
34.5,0.5,100,"bu","10:44:17",1020000
34.5,0.5,25600,"sd","10:44:16",1019900
34.55,0.55,18500,"sd","10:44:16",994300
34.6,0.6,3000,"bu","10:44:15",975800
34.6,0.6,8600,"bu","10:44:09",972800
34.6,0.6,700,"bu","10:44:07",964200
34.6,0.6,10000,"bu","10:44:04",963500
34.55,0.55,200,"sd","10:44:03",953500
34.6,0.6,500,"bu","10:44:03",953300
34.6,0.6,800,"bu","10:43:58",952800
34.6,0.6,1000,"bu","10:43:51",952000
34.6,0.6,1000,"bu","10:43:46",951000
34.6,0.6,8600,"bu","10:43:42",950000
34.6,0.6,5700,"bu","10:43:33",941400
34.55,0.55,10000,"sd","10:43:33",935700
34.6,0.6,600,"bu","10:43:26",925700
34.55,0.55,1000,"sd","10:43:26",925100
34.55,0.55,100,"sd","10:43:18",924100
34.55,0.55,1000,"sd","10:43:15",924000
34.55,0.55,20000,"sd","10:43:10",923000
34.55,0.55,12600,"bu","10:43:06",903000
34.55,0.55,1600,"bu","10:43:04",890400
34.55,0.55,400,"bu","10:43:00",888800
34.55,0.55,500,"bu","10:42:58",888400
34.55,0.55,600,"bu","10:42:57",887900
34.55,0.55,1000,"bu","10:42:56",887300
34.5,0.5,10000,"sd","10:42:55",886300
34.55,0.55,5000,"bu","10:42:55",876300
34.55,0.55,200,"bu","10:42:52",871300
34.55,0.55,800,"bu","10:42:51",871100
34.55,0.55,1200,"bu","10:42:45",870300
34.5,0.5,100,"sd","10:42:43",869100
34.55,0.55,1000,"bu","10:42:42",869000
34.55,0.55,1000,"bu","10:42:37",868000
34.55,0.55,700,"bu","10:42:34",867000
34.55,0.55,6400,"sd","10:42:32",866300
34.6,0.6,15000,"bu","10:42:29",859900
34.6,0.6,500,"bu","10:42:21",844900
34.6,0.6,3000,"bu","10:42:21",834400
34.6,0.6,3000,"bu","10:42:08",831400
34.6,0.6,7300,"bu","10:42:07",828400
34.55,0.55,700,"bu","10:42:07",821100
34.55,0.55,9300,"sd","10:42:05",820400
34.6,0.6,2000,"bu","10:42:03",811100
34.6,0.6,1000,"bu","10:42:02",809100
34.6,0.6,1100,"bu","10:42:01",808100
34.55,0.55,8900,"bu","10:42:01",807000
34.55,0.55,10000,"bu","10:42:00",798100
34.55,0.55,1000,"bu","10:42:00",788100
34.55,0.55,3000,"bu","10:41:59",787100
34.55,0.55,1000,"bu","10:41:59",784100
34.55,0.55,5000,"bu","10:41:58",783100
34.55,0.55,500,"bu","10:41:56",778100
34.55,0.55,1800,"bu","10:41:55",777600
34.55,0.55,5000,"bu","10:41:54",775800
34.55,0.55,2000,"bu","10:41:54",770800
34.55,0.55,500,"bu","10:41:47",768800
34.55,0.55,5000,"bu","10:41:39",768300
34.5,0.5,50400,"bu","10:41:38",763300
34.5,0.5,1000,"bu","10:41:36",712900
34.5,0.5,3000,"bu","10:41:32",711900
34.5,0.5,100,"bu","10:41:29",708900
34.5,0.5,1000,"bu","10:41:28",708800
34.5,0.5,6000,"bu","10:41:21",707800
34.5,0.5,100,"bu","10:41:09",701800
34.5,0.5,700,"bu","10:41:09",701700
34.45,0.45,200,"sd","10:41:05",701000
34.45,0.45,4100,"bu","10:41:04",700800
34.45,0.45,500,"bu","10:41:00",696700
34.45,0.45,2500,"bu","10:40:59",696200
34.4,0.4,100,"sd","10:40:49",693700
34.4,0.4,1300,"bu","10:40:49",693600
34.4,0.4,1000,"bu","10:40:47",692300
34.4,0.4,3200,"bu","10:40:46",691300
34.4,0.4,800,"bu","10:40:45",688100
34.4,0.4,2000,"bu","10:40:44",687300
34.4,0.4,100,"bu","10:40:39",685300
34.4,0.4,1000,"bu","10:40:38",685200
34.4,0.4,500,"bu","10:40:37",684200
34.4,0.4,1000,"bu","10:40:35",683700
34.4,0.4,1000,"bu","10:40:34",682700
34.4,0.4,1600,"bu","10:40:33",681700
34.4,0.4,500,"bu","10:40:29",680100
34.4,0.4,1000,"bu","10:40:25",679600
34.4,0.4,2000,"bu","10:40:08",678600
34.4,0.4,3900,"bu","10:39:56",676600
34.35,0.35,6100,"bu","10:39:56",672700
34.35,0.35,1000,"bu","10:39:54",666600
34.35,0.35,300,"bu","10:39:52",665600
34.35,0.35,5000,"bu","10:39:50",665300
34.35,0.35,700,"bu","10:39:44",660300
34.35,0.35,200,"bu","10:39:42",659600
34.35,0.35,1000,"bu","10:39:30",659400
34.35,0.35,300,"bu","10:39:27",658400
34.35,0.35,1500,"bu","10:39:25",658100
34.3,0.3,1000,"sd","10:39:21",656600
34.35,0.35,500,"bu","10:39:20",655600
34.35,0.35,2000,"bu","10:39:15",655100
34.3,0.3,100,"sd","10:39:14",653100
34.3,0.3,500,"sd","10:38:51",653000
34.3,0.3,1600,"bu","10:37:49",652500
34.3,0.3,1000,"bu","10:37:47",650900
34.25,0.25,500,"sd","10:37:46",649900
34.3,0.3,100,"bu","10:37:43",649400
34.3,0.3,30000,"bu","10:37:42",649300
34.25,0.25,500,"sd","10:37:39",619300
34.25,0.25,400,"sd","10:37:34",618800
34.25,0.25,900,"sd","10:37:26",618400
34.3,0.3,100,"bu","10:37:18",617500
34.3,0.3,5200,"bu","10:36:46",617400
34.3,0.3,500,"bu","10:36:30",612200
34.3,0.3,300,"bu","10:36:06",611700
34.3,0.3,1000,"bu","10:36:02",611400
34.3,0.3,200,"bu","10:35:23",610400
34.3,0.3,1000,"bu","10:35:23",610200
34.3,0.3,500,"bu","10:35:22",609200
34.2,0.2,300,"sd","10:34:56",608700
34.25,0.25,300,"sd","10:34:56",608400
34.3,0.3,500,"bu","10:34:46",608100
34.3,0.3,100,"bu","10:34:32",607600
34.3,0.3,500,"bu","10:34:24",607500
34.25,0.25,900,"bu","10:34:06",607000
34.25,0.25,200,"bu","10:34:01",606100
34.25,0.25,5000,"bu","10:33:44",605900
34.25,0.25,100,"bu","10:33:24",600900
34.25,0.25,100,"bu","10:33:18",600800
34.25,0.25,100,"bu","10:32:51",600700
34.25,0.25,100,"bu","10:32:34",600600
34.25,0.25,100,"bu","10:32:32",600500
34.25,0.25,500,"bu","10:32:27",600400
34.25,0.25,100,"bu","10:32:19",599900
34.25,0.25,1000,"bu","10:32:07",599800
34.25,0.25,2800,"bu","10:31:56",598800
34.25,0.25,100,"bu","10:31:40",596000
34.25,0.25,300,"bu","10:31:31",595900
34.25,0.25,500,"bu","10:31:23",595600
34.2,0.2,300,"sd","10:31:03",595100
34.25,0.25,14500,"sd","10:30:54",594800
34.25,0.25,2300,"sd","10:30:51",580300
34.25,0.25,5000,"sd","10:30:22",578000
34.3,0.3,2000,"bu","10:30:01",573000
34.25,0.25,5000,"sd","10:29:58",571000
34.25,0.25,10000,"sd","10:29:49",566000
34.3,0.3,100,"bu","10:29:28",556000
34.25,0.25,2000,"bu","10:29:22",555900
34.25,0.25,4700,"bu","10:29:21",553900
34.25,0.25,300,"bu","10:29:13",549200
34.25,0.25,13100,"sd","10:29:12",548900
34.25,0.25,100,"sd","10:29:04",535800
34.25,0.25,12000,"sd","10:29:02",535700
34.25,0.25,5000,"sd","10:28:39",523700
34.25,0.25,300,"sd","10:28:14",518700
34.25,0.25,200,"sd","10:27:33",518400
34.3,0.3,100,"bu","10:27:26",518200
34.3,0.3,300,"bu","10:26:58",518100
34.25,0.25,500,"sd","10:26:16",517800
34.25,0.25,100,"sd","10:26:05",517300
34.25,0.25,500,"sd","10:26:03",517200
34.25,0.25,100,"sd","10:24:53",516700
34.25,0.25,4700,"sd","10:24:43",516600
34.3,0.3,2000,"bu","10:23:48",511900
34.3,0.3,1000,"bu","10:22:52",509900
34.3,0.3,100,"bu","10:22:50",508900
34.25,0.25,1300,"sd","10:22:38",508800
34.25,0.25,300,"sd","10:22:18",507500
34.25,0.25,200,"bu","10:21:48",507200
34.25,0.25,1000,"bu","10:21:38",507000
34.25,0.25,1000,"bu","10:21:30",506000
34.25,0.25,100,"bu","10:21:19",505000
34.25,0.25,100,"bu","10:21:11",504900
34.25,0.25,100,"bu","10:21:01",504800
34.25,0.25,600,"bu","10:20:58",504700
34.25,0.25,400,"bu","10:20:52",504100
34.25,0.25,100,"bu","10:20:51",503700
34.25,0.25,100,"bu","10:20:41",503600
34.25,0.25,1700,"bu","10:20:37",503500
34.2,0.2,100,"sd","10:19:27",501800
34.15,0.15,1100,"sd","10:18:48",501700
34.15,0.15,6500,"sd","10:18:47",500600
34.2,0.2,300,"sd","10:18:46",493900
34.2,0.2,100,"bu","10:18:38",493600
34.15,0.15,10000,"sd","10:18:34",493500
34.15,0.15,500,"sd","10:18:22",483500
34.15,0.15,11500,"sd","10:16:19",483000
34.2,0.2,8500,"sd","10:16:19",471500
34.25,0.25,1000,"bu","10:15:54",463000
34.25,0.25,1000,"sd","10:15:18",462000
34.25,0.25,500,"sd","10:15:05",461000
34.25,0.25,4000,"sd","10:15:02",460500
34.25,0.25,500,"sd","10:14:59",456500
34.25,0.25,1000,"sd","10:14:57",456000
34.25,0.25,200,"sd","10:14:37",455000
34.25,0.25,100,"sd","10:14:18",454800
34.25,0.25,400,"sd","10:14:16",454700
34.25,0.25,5000,"sd","10:14:14",454300
34.25,0.25,2000,"sd","10:14:11",449300
34.3,0.3,200,"bu","10:14:09",447300
34.25,0.25,500,"sd","10:13:07",447100
34.25,0.25,500,"sd","10:13:06",446600
34.25,0.25,600,"sd","10:13:04",446100
34.25,0.25,1000,"sd","10:11:20",445500
34.3,0.3,10000,"bu","10:11:17",444500
34.25,0.25,200,"sd","10:09:41",434500
34.25,0.25,1000,"sd","10:09:10",434300
34.25,0.25,200,"sd","10:09:00",433300
34.25,0.25,1400,"sd","10:08:46",433100
34.25,0.25,3000,"sd","10:08:38",431700
34.25,0.25,1600,"sd","10:08:02",428700
34.3,0.3,2500,"bu","10:06:47",427100
34.3,0.3,100,"bu","10:06:26",424600
34.3,0.3,100,"bu","10:06:17",424500
34.3,0.3,10100,"sd","10:06:13",424400
34.3,0.3,600,"sd","10:05:49",414300
34.3,0.3,2800,"bu","10:05:21",413700
34.3,0.3,500,"bu","10:05:21",410900
34.3,0.3,300,"bu","10:05:13",410400
34.3,0.3,1000,"bu","10:05:12",410100
34.3,0.3,5000,"bu","10:05:09",409100
34.3,0.3,100,"bu","10:04:32",404100
34.25,0.25,2000,"sd","10:04:20",404000
34.25,0.25,1500,"sd","10:03:36",402000
34.25,0.25,500,"sd","10:03:31",400500
34.25,0.25,1000,"sd","10:03:17",400000
34.25,0.25,800,"sd","10:02:34",399000
34.25,0.25,500,"sd","10:02:26",398200
34.3,0.3,1000,"bu","10:02:15",397700
34.3,0.3,2000,"bu","10:01:58",396700
34.3,0.3,1000,"bu","10:01:43",394700
34.3,0.3,100,"bu","10:01:29",393700
34.3,0.3,1000,"bu","10:01:19",393600
34.3,0.3,200,"bu","10:01:02",392600
34.3,0.3,2500,"bu","10:00:47",392400
34.3,0.3,200,"bu","09:58:13",389900
34.25,0.25,500,"sd","09:58:02",389700
34.3,0.3,100,"bu","09:57:59",389200
34.3,0.3,500,"bu","09:57:51",389100
34.3,0.3,5000,"bu","09:57:34",388600
34.3,0.3,500,"bu","09:56:18",383600
34.3,0.3,500,"bu","09:54:56",383100
34.3,0.3,2200,"sd","09:54:48",382600
34.3,0.3,600,"bu","09:54:43",380400
34.3,0.3,300,"bu","09:54:24",379800
34.3,0.3,200,"bu","09:54:15",379500
34.3,0.3,1100,"sd","09:54:08",379300
34.3,0.3,1900,"bu","09:54:03",378200
34.25,0.25,2000,"sd","09:54:00",376300
34.25,0.25,2000,"sd","09:53:54",374300
34.25,0.25,300,"sd","09:53:32",372300
34.3,0.3,5000,"bu","09:53:30",372000
34.3,0.3,100,"bu","09:53:25",367000
34.3,0.3,100,"bu","09:52:55",366900
34.3,0.3,500,"bu","09:52:32",366800
34.25,0.25,1000,"sd","09:52:28",366300
34.25,0.25,200,"sd","09:52:17",365300
34.3,0.3,700,"bu","09:52:09",365100
34.3,0.3,500,"bu","09:52:08",364400
34.3,0.3,1300,"bu","09:52:06",363900
34.3,0.3,23900,"sd","09:52:03",362600
34.35,0.35,3000,"bu","09:51:51",338700
34.3,0.3,200,"sd","09:51:45",335700
34.35,0.35,1500,"bu","09:51:42",335500
34.3,0.3,200,"sd","09:51:40",334000
34.3,0.3,100,"sd","09:50:52",333800
34.3,0.3,200,"sd","09:50:34",333700
34.3,0.3,200,"sd","09:50:29",333500
34.3,0.3,200,"sd","09:50:28",333300
34.3,0.3,500,"sd","09:47:57",333100
34.3,0.3,1000,"sd","09:47:19",332600
34.35,0.35,1000,"bu","09:47:06",331600
34.35,0.35,2000,"bu","09:46:32",330600
34.35,0.35,5600,"sd","09:46:02",328600
34.35,0.35,2000,"sd","09:45:59",323000
34.35,0.35,3000,"sd","09:45:44",321000
34.35,0.35,6000,"sd","09:45:39",318000
34.35,0.35,900,"sd","09:45:23",312000
34.4,0.4,4000,"sd","09:44:00",311100
34.45,0.45,500,"bu","09:43:51",307100
34.4,0.4,3000,"sd","09:43:50",306600
34.4,0.4,1500,"sd","09:43:45",303600
34.4,0.4,1000,"sd","09:43:40",302100
34.4,0.4,100,"sd","09:43:34",301100
34.4,0.4,2000,"sd","09:43:07",301000
34.4,0.4,1000,"sd","09:42:34",299000
34.45,0.45,100,"bu","09:42:34",298000
34.45,0.45,1500,"bu","09:42:21",297900
34.4,0.4,2800,"sd","09:42:09",296400
34.4,0.4,200,"sd","09:41:33",293600
34.45,0.45,4500,"sd","09:40:47",293400
34.45,0.45,500,"sd","09:40:39",288900
34.45,0.45,1000,"sd","09:40:37",288400
34.45,0.45,300,"sd","09:40:30",287400
34.45,0.45,600,"sd","09:40:26",287100
34.45,0.45,6000,"sd","09:40:23",286500
34.45,0.45,1400,"sd","09:40:17",280500
34.5,0.5,100,"sd","09:38:56",279100
34.45,0.45,6900,"sd","09:38:22",279000
34.5,0.5,11600,"sd","09:38:22",272100
34.55,0.55,1500,"sd","09:38:22",260500
34.55,0.55,1200,"sd","09:38:17",259000
34.55,0.55,2000,"sd","09:38:12",257800
34.6,0.6,100,"bu","09:38:12",255800
34.55,0.55,1000,"sd","09:38:07",255700
34.55,0.55,200,"sd","09:38:03",254700
34.55,0.55,1000,"sd","09:38:01",254500
34.55,0.55,100,"sd","09:37:56",253500
34.55,0.55,1500,"sd","09:37:55",253400
34.55,0.55,2800,"bu","09:37:52",251900
34.55,0.55,1000,"bu","09:37:51",249100
34.55,0.55,100,"bu","09:37:45",248100
34.55,0.55,2400,"sd","09:37:40",248000
34.6,0.6,100,"bu","09:37:37",245600
34.6,0.6,400,"bu","09:37:07",245500
34.6,0.6,3000,"bu","09:37:05",245100
34.6,0.6,2000,"bu","09:36:51",242100
34.6,0.6,500,"bu","09:36:32",240100
34.6,0.6,9900,"bu","09:36:28",239100
34.6,0.6,100,"bu","09:35:57",229100
34.6,0.6,5000,"bu","09:35:52",229000
34.55,0.55,400,"sd","09:35:38",224000
34.55,0.55,600,"sd","09:35:37",223600
34.6,0.6,500,"bu","09:35:27",223000
34.6,0.6,100,"bu","09:35:24",222500
34.55,0.55,200,"sd","09:35:20",222400
34.6,0.6,2000,"bu","09:35:17",222200
34.55,0.55,1000,"sd","09:35:08",220200
34.55,0.55,1300,"bu","09:35:02",219200
34.55,0.55,1000,"bu","09:35:01",217900
34.55,0.55,1000,"bu","09:35:00",216900
34.5,0.5,100,"sd","09:34:46",215900
34.5,0.5,3600,"bu","09:34:16",215800
34.5,0.5,400,"bu","09:34:11",212200
34.5,0.5,1200,"bu","09:34:01",211800
34.45,0.45,1000,"sd","09:33:58",210600
34.5,0.5,4000,"bu","09:33:57",209600
34.45,0.45,100,"sd","09:33:56",205600
34.45,0.45,100,"sd","09:33:52",205500
34.45,0.45,200,"sd","09:33:36",205400
34.45,0.45,8100,"bu","09:33:35",205200
34.4,0.4,700,"bu","09:33:23",197100
34.4,0.4,1000,"bu","09:33:13",196400
34.4,0.4,900,"bu","09:33:11",195400
34.4,0.4,100,"bu","09:33:00",194500
34.4,0.4,1000,"bu","09:32:58",194400
34.4,0.4,200,"bu","09:32:57",193400
34.4,0.4,4000,"bu","09:32:53",193200
34.35,0.35,2500,"sd","09:32:47",189200
34.4,0.4,1000,"bu","09:32:39",186700
34.4,0.4,5000,"bu","09:32:35",185700
34.4,0.4,30000,"bu","09:32:11",180700
34.35,0.35,400,"sd","09:31:23",150700
34.35,0.35,100,"sd","09:31:21",150300
34.35,0.35,1000,"sd","09:31:09",150200
34.35,0.35,200,"sd","09:30:36",149200
34.35,0.35,10000,"sd","09:30:34",149000
34.35,0.35,500,"sd","09:29:56",139000
34.35,0.35,500,"sd","09:29:48",138500
34.35,0.35,300,"sd","09:29:40",138000
34.35,0.35,200,"sd","09:29:13",137700
34.35,0.35,1500,"sd","09:29:12",137500
34.35,0.35,1000,"sd","09:29:04",136000
34.35,0.35,300,"sd","09:28:51",135000
34.35,0.35,500,"sd","09:28:51",134700
34.35,0.35,2000,"sd","09:28:39",134200
34.35,0.35,300,"sd","09:28:12",132200
34.35,0.35,3000,"sd","09:28:08",131900
34.35,0.35,600,"bu","09:28:04",128900
34.35,0.35,1500,"bu","09:27:53",128300
34.35,0.35,10000,"bu","09:27:48",126800
34.35,0.35,600,"bu","09:27:47",116800
34.35,0.35,3000,"bu","09:27:45",116200
34.35,0.35,100,"bu","09:27:32",113200
34.35,0.35,100,"bu","09:27:14",113100
34.35,0.35,500,"bu","09:26:53",113000
34.3,0.3,100,"sd","09:26:52",112500
34.3,0.3,300,"sd","09:26:32",112400
34.3,0.3,1000,"sd","09:26:17",112100
34.35,0.35,300,"bu","09:25:45",111100
34.35,0.35,5500,"sd","09:25:34",110800
34.35,0.35,600,"sd","09:25:23",105300
34.35,0.35,10000,"sd","09:25:13",104700
34.35,0.35,500,"sd","09:24:56",94700
34.35,0.35,200,"sd","09:24:50",94200
34.35,0.35,1200,"sd","09:24:50",94000
34.35,0.35,1000,"sd","09:24:47",92800
34.35,0.35,500,"sd","09:24:45",91800
34.35,0.35,1000,"sd","09:24:44",91300
34.35,0.35,5000,"sd","09:24:42",90300
34.35,0.35,1000,"sd","09:24:38",85300
34.35,0.35,1000,"sd","09:24:25",84300
34.35,0.35,1500,"sd","09:24:20",83300
34.35,0.35,500,"sd","09:24:09",81800
34.35,0.35,10000,"sd","09:24:03",81300
34.35,0.35,800,"sd","09:23:44",71300
34.35,0.35,1000,"sd","09:23:30",70500
34.35,0.35,5300,"sd","09:22:48",69500
34.4,0.4,1000,"bu","09:21:49",64200
34.4,0.4,6600,"bu","09:21:43",63200
34.4,0.4,3400,"bu","09:21:43",56600
34.4,0.4,100,"bu","09:21:38",53200
34.35,0.35,2000,"sd","09:21:33",53100
34.4,0.4,2000,"bu","09:21:19",51100
34.4,0.4,500,"bu","09:21:06",49100
34.4,0.4,2000,"bu","09:20:52",48600
34.35,0.35,1000,"sd","09:20:43",46600
34.4,0.4,500,"bu","09:20:36",45600
34.35,0.35,3000,"sd","09:20:27",45100
34.4,0.4,1000,"bu","09:20:10",42100
34.35,0.35,7400,"sd","09:20:05",41100
34.4,0.4,300,"sd","09:19:18",33700
34.4,0.4,2000,"sd","09:18:56",33400
34.4,0.4,3000,"sd","09:18:52",30900
34.4,0.4,100,"sd","09:18:47",27900
34.4,0.4,300,"sd","09:18:41",27800
34.4,0.4,200,"sd","09:18:33",27500
34.4,0.4,200,"sd","09:18:29",27300
34.4,0.4,1000,"sd","09:18:23",27100
34.45,0.45,200,"bu","09:18:18",26100
34.4,0.4,200,"sd","09:18:04",25900
34.4,0.4,1000,"sd","09:17:42",25700
34.45,0.45,2000,"bu","09:17:38",24700
34.4,0.4,500,"sd","09:17:10",22700
34.4,0.4,1100,"bu","09:17:05",22200
34.4,0.4,1300,"bu","09:16:57",21100
34.4,0.4,1900,"bu","09:16:55",19800
34.4,0.4,300,"bu","09:16:46",17900
34.4,0.4,600,"sd","09:16:33",17600
34.45,0.45,100,"bu","09:16:32",17000
34.4,0.4,100,"bu","09:16:25",16900
34.4,0.4,100,"sd","09:16:16",16800
34.45,0.45,1000,"bu","09:15:51",16700
34.45,0.45,300,"bu","09:15:47",15700
34.4,0.4,500,"bu","09:15:40",15400
34.45,0.45,100,"bu","09:15:31",14900
34.4,0.4,500,"bu","09:15:31",14800
34.35,0.35,14300,"","09:15:02",14300
