"price","change","match_qtty","side","time","total_vol"
26.6,1.7,13500,"","14:45:13",1055500
26.6,1.7,1200,"sd","14:19:27",1042000
26.6,1.7,500,"sd","14:12:22",1040800
26.6,1.7,30000,"sd","14:08:19",1040300
26.6,1.7,2000,"sd","14:08:16",1010300
26.6,1.7,2000,"sd","14:04:28",1008300
26.6,1.7,5200,"sd","14:04:24",1006300
26.6,1.7,100,"sd","14:04:00",1001100
26.6,1.7,100,"sd","14:03:07",1001000
26.6,1.7,10000,"sd","14:01:50",1000900
26.6,1.7,4000,"sd","13:58:05",990900
26.6,1.7,100,"sd","13:52:54",986900
26.6,1.7,100,"sd","13:52:23",986800
26.6,1.7,100,"sd","13:49:05",986700
26.6,1.7,1200,"sd","13:40:27",986600
26.6,1.7,500,"sd","13:36:24",985400
26.6,1.7,5000,"sd","13:33:55",984900
26.6,1.7,5000,"sd","13:33:35",979900
26.6,1.7,1000,"sd","13:32:09",974900
26.6,1.7,200,"sd","13:31:36",973900
26.6,1.7,1000,"sd","13:31:24",973700
26.6,1.7,100,"sd","13:31:05",972700
26.6,1.7,2000,"sd","13:30:30",972600
26.6,1.7,100,"sd","13:29:48",970600
26.6,1.7,100,"sd","13:27:40",970500
26.6,1.7,1900,"sd","13:25:51",970400
26.6,1.7,1200,"sd","13:24:52",968500
26.6,1.7,500,"sd","13:23:57",967300
26.6,1.7,10000,"sd","13:23:44",966800
26.6,1.7,1800,"sd","13:22:22",956800
26.6,1.7,1000,"sd","13:22:10",955000
26.6,1.7,900,"sd","13:21:56",954000
26.6,1.7,100,"sd","13:21:50",953100
26.6,1.7,900,"sd","13:21:44",953000
26.6,1.7,1200,"sd","13:19:00",952100
26.6,1.7,100,"sd","13:16:45",950900
26.6,1.7,2000,"sd","13:16:44",950800
26.6,1.7,300,"sd","13:16:37",948800
26.6,1.7,100,"sd","13:15:23",948500
26.6,1.7,200,"sd","13:13:37",948400
26.6,1.7,3000,"sd","13:12:57",948200
26.6,1.7,400,"sd","13:06:58",945200
26.6,1.7,300,"sd","13:06:02",944800
26.6,1.7,1000,"sd","13:05:43",944500
26.6,1.7,300,"sd","13:05:41",943500
26.6,1.7,500,"sd","13:05:04",943200
26.6,1.7,300,"sd","13:04:50",942700
26.6,1.7,200,"sd","13:04:36",942400
26.6,1.7,1000,"sd","13:04:05",942200
26.6,1.7,500,"sd","13:03:22",941200
26.6,1.7,1000,"sd","13:02:52",940700
26.6,1.7,8300,"sd","13:01:42",939700
26.6,1.7,500,"sd","13:00:51",931400
26.6,1.7,200,"sd","13:00:38",930900
26.6,1.7,5800,"sd","13:00:37",930700
26.6,1.7,100,"sd","13:00:37",924900
26.6,1.7,300,"sd","13:00:36",924800
26.6,1.7,100,"sd","13:00:35",924500
26.6,1.7,6100,"sd","13:00:32",924400
26.6,1.7,1000,"sd","13:00:32",918300
26.6,1.7,200,"sd","13:00:25",917300
26.6,1.7,500,"sd","13:00:10",917100
26.6,1.7,1800,"sd","13:00:04",916600
26.6,1.7,500,"sd","11:29:38",914800
26.6,1.7,1000,"sd","11:26:10",914300
26.6,1.7,1500,"sd","11:25:58",913300
26.6,1.7,400,"sd","11:22:42",911800
26.6,1.7,100,"sd","11:18:34",911400
26.6,1.7,1000,"sd","11:16:38",911300
26.6,1.7,100,"sd","11:13:34",910300
26.6,1.7,400,"sd","11:08:22",910200
26.6,1.7,100,"sd","11:06:19",909800
26.6,1.7,1000,"sd","11:05:41",909700
26.6,1.7,500,"sd","11:04:23",908700
26.6,1.7,500,"sd","11:04:12",908200
26.6,1.7,300,"sd","11:03:39",907700
26.6,1.7,6400,"sd","11:01:13",907400
26.6,1.7,3000,"sd","11:00:40",901000
26.6,1.7,1000,"sd","10:55:40",898000
26.6,1.7,500,"sd","10:54:09",897000
26.6,1.7,4000,"sd","10:53:27",896500
26.6,1.7,700,"sd","10:53:06",892500
26.6,1.7,4200,"sd","10:52:10",891800
26.6,1.7,200,"sd","10:51:22",887600
26.6,1.7,100,"sd","10:50:43",887400
26.6,1.7,3000,"sd","10:50:16",887300
26.6,1.7,1200,"sd","10:49:52",884300
26.6,1.7,5000,"sd","10:49:19",883100
26.6,1.7,500,"sd","10:48:49",878100
26.6,1.7,200,"sd","10:48:03",877600
26.6,1.7,300,"sd","10:44:25",877400
26.6,1.7,3000,"sd","10:44:06",877100
26.6,1.7,300,"sd","10:43:18",874100
26.6,1.7,1000,"sd","10:43:01",873800
26.6,1.7,500,"sd","10:43:00",872800
26.6,1.7,300,"sd","10:42:43",872300
26.6,1.7,14000,"sd","10:41:59",872000
26.6,1.7,3500,"sd","10:41:36",858000
26.6,1.7,300,"sd","10:41:16",854500
26.6,1.7,3000,"sd","10:41:14",854200
26.6,1.7,7500,"sd","10:41:00",851200
26.6,1.7,600,"sd","10:40:07",843700
26.6,1.7,200,"sd","10:40:01",843100
26.6,1.7,900,"sd","10:39:27",842900
26.6,1.7,500,"sd","10:39:04",842000
26.6,1.7,100,"sd","10:38:41",841500
26.6,1.7,2000,"sd","10:38:05",841400
26.6,1.7,7200,"sd","10:37:46",839400
26.6,1.7,200,"sd","10:37:36",832200
26.6,1.7,200,"sd","10:36:28",832000
26.6,1.7,500,"sd","10:36:19",831800
26.6,1.7,400,"sd","10:36:18",831300
26.6,1.7,100,"sd","10:36:16",830900
26.6,1.7,500,"sd","10:36:10",830800
26.6,1.7,300,"sd","10:35:54",830300
26.6,1.7,500,"sd","10:35:19",830000
26.6,1.7,500,"sd","10:34:54",829500
26.6,1.7,5000,"sd","10:34:45",829000
26.6,1.7,1000,"sd","10:34:37",824000
26.6,1.7,1200,"sd","10:34:33",823000
26.6,1.7,9000,"sd","10:34:19",821800
26.6,1.7,200,"sd","10:34:18",812800
26.6,1.7,1000,"sd","10:34:16",812600
26.6,1.7,3000,"sd","10:34:03",811600
26.6,1.7,500,"sd","10:33:53",808600
26.6,1.7,2600,"sd","10:33:50",808100
26.6,1.7,300,"sd","10:33:46",805500
26.6,1.7,500,"sd","10:33:42",805200
26.6,1.7,1000,"sd","10:33:36",804700
26.6,1.7,300,"sd","10:33:14",803700
26.6,1.7,1000,"sd","10:32:59",803400
26.6,1.7,2500,"sd","10:32:53",802400
26.6,1.7,2000,"sd","10:32:48",799900
26.6,1.7,100,"sd","10:32:45",797900
26.6,1.7,100,"sd","10:32:32",797800
26.6,1.7,70000,"sd","10:32:28",797700
26.6,1.7,2000,"sd","10:32:20",727700
26.6,1.7,1000,"sd","10:31:50",725700
26.6,1.7,500,"sd","10:31:49",724700
26.6,1.7,500,"sd","10:31:45",724200
26.6,1.7,300,"sd","10:31:40",723700
26.6,1.7,200,"sd","10:31:27",723400
26.6,1.7,5000,"sd","10:31:19",723200
26.6,1.7,300,"sd","10:31:15",718200
26.6,1.7,100,"sd","10:31:00",717900
26.6,1.7,1000,"sd","10:30:54",717800
26.6,1.7,2000,"sd","10:30:47",716800
26.6,1.7,300,"sd","10:30:45",714800
26.6,1.7,100,"sd","10:30:41",714500
26.6,1.7,200,"sd","10:30:22",714400
26.6,1.7,500,"sd","10:30:11",714200
26.6,1.7,300,"sd","10:30:09",713700
26.6,1.7,100,"sd","10:29:57",713400
26.6,1.7,500,"sd","10:29:53",713300
26.6,1.7,500,"sd","10:29:45",712800
26.6,1.7,300,"sd","10:29:41",712300
26.6,1.7,100,"sd","10:29:32",712000
26.6,1.7,200,"sd","10:29:30",711900
26.6,1.7,20000,"sd","10:29:23",711700
26.6,1.7,200,"sd","10:29:18",691700
26.6,1.7,300,"sd","10:29:14",691500
26.6,1.7,2600,"sd","10:29:12",691200
26.6,1.7,100,"sd","10:29:07",688600
26.6,1.7,500,"sd","10:29:04",688500
26.6,1.7,500,"sd","10:28:51",688000
26.6,1.7,300,"sd","10:28:40",687500
26.6,1.7,107400,"bu","10:28:31",687200
26.55,1.65,2900,"bu","10:28:31",579800
26.5,1.6,44800,"bu","10:28:31",576900
26.45,1.55,1900,"bu","10:28:28",532100
26.45,1.55,500,"bu","10:28:17",530200
26.4,1.5,2400,"bu","10:28:15",529700
26.3,1.4,300,"sd","10:28:11",527300
26.4,1.5,3000,"bu","10:28:11",527000
26.4,1.5,1000,"bu","10:28:09",524000
26.3,1.4,2500,"bu","10:27:52",523000
26.3,1.4,500,"bu","10:27:45",520500
26.2,1.3,600,"sd","10:27:40",520000
26.3,1.4,5000,"bu","10:27:37",519400
26.3,1.4,20000,"bu","10:27:23",514400
26.2,1.3,2500,"sd","10:27:22",494400
26.2,1.3,2000,"sd","10:27:16",491900
26.2,1.3,700,"bu","10:27:15",489900
26.1,1.2,500,"sd","10:27:02",489200
26.1,1.2,2000,"sd","10:27:00",488700
26.1,1.2,300,"bu","10:26:46",486700
26.1,1.2,1400,"bu","10:26:44",486400
26.2,1.3,1000,"bu","10:26:41",485000
26.2,1.3,9000,"bu","10:26:37",484000
26.1,1.2,5500,"sd","10:26:37",475000
26.1,1.2,500,"bu","10:26:33",469500
26.1,1.2,1000,"bu","10:26:19",469000
26.1,1.2,200,"bu","10:26:16",468000
26.2,1.3,6700,"bu","10:26:06",467800
26.1,1.2,300,"bu","10:26:06",461100
26.1,1.2,5000,"bu","10:25:59",460800
26.1,1.2,5000,"bu","10:25:44",455800
26.1,1.2,1000,"bu","10:25:34",450800
26.1,1.2,200,"bu","10:25:29",449800
26.1,1.2,400,"bu","10:25:19",449600
26.1,1.2,1000,"bu","10:25:05",449200
26.1,1.2,2000,"bu","10:24:50",448200
26.1,1.2,1000,"bu","10:24:41",446200
26.1,1.2,1000,"bu","10:24:35",445200
26.1,1.2,2000,"bu","10:23:21",444200
26,1.1,100,"sd","10:23:18",442200
26.1,1.2,500,"bu","10:23:13",442100
26.2,1.3,1500,"bu","10:23:09",441600
26.15,1.25,200,"bu","10:23:09",440100
26.1,1.2,300,"bu","10:23:09",439900
26.1,1.2,300,"bu","10:23:05",439600
26.1,1.2,2000,"bu","10:22:34",439300
26.1,1.2,2200,"bu","10:22:28",437300
26.1,1.2,1000,"bu","10:22:23",435100
26,1.1,300,"sd","10:22:11",434100
26,1.1,31000,"bu","10:22:10",433800
25.95,1.05,100,"bu","10:22:10",402800
25.9,1,27500,"bu","10:22:10",402700
25.9,1,1000,"bu","10:22:06",375200
25.9,1,2000,"bu","10:21:58",374200
25.9,1,28500,"bu","10:21:55",372200
25.85,0.95,1500,"bu","10:21:55",343700
25.8,0.9,500,"bu","10:21:52",342200
25.8,0.9,400,"bu","10:21:45",341700
25.8,0.9,500,"bu","10:21:24",341300
25.8,0.9,300,"bu","10:21:20",340800
25.8,0.9,17500,"bu","10:21:06",340500
25.75,0.85,2500,"bu","10:21:06",323000
25.65,0.75,300,"bu","10:20:46",320500
25.75,0.85,1800,"bu","10:20:33",320200
25.7,0.8,3200,"bu","10:20:33",318400
25.65,0.75,1300,"bu","10:20:09",315200
25.6,0.7,400,"bu","10:19:03",313900
25.6,0.7,6000,"bu","10:18:54",313500
25.6,0.7,600,"bu","10:18:51",307500
25.6,0.7,20000,"bu","10:18:44",306900
25.55,0.65,500,"bu","10:18:44",286900
25.55,0.65,500,"sd","10:18:01",286400
25.55,0.65,500,"sd","10:17:42",285900
25.6,0.7,4000,"bu","10:17:34",285400
25.6,0.7,10000,"bu","10:17:20",281400
25.55,0.65,100,"bu","10:17:15",271400
25.55,0.65,800,"bu","10:16:49",271300
25.55,0.65,1000,"bu","10:16:44",270500
25.55,0.65,17000,"bu","10:16:30",269500
25.55,0.65,10000,"bu","10:15:58",252500
25.5,0.6,500,"sd","10:15:53",242500
25.5,0.6,600,"bu","10:15:17",242000
25.5,0.6,4000,"bu","10:15:16",241400
25.5,0.6,10000,"bu","10:14:54",237400
25.5,0.6,1100,"bu","10:14:32",227400
25.5,0.6,10000,"bu","10:12:18",226300
25.5,0.6,100,"sd","10:11:47",216300
25.5,0.6,5000,"sd","10:11:41",216200
25.55,0.65,1000,"bu","10:11:31",211200
25.5,0.6,5000,"sd","10:11:27",210200
25.55,0.65,300,"sd","10:10:03",205200
25.55,0.65,200,"bu","10:09:56",204900
25.55,0.65,3000,"bu","10:09:48",204700
25.55,0.65,500,"bu","10:09:27",201700
25.5,0.6,500,"sd","10:09:04",201200
25.5,0.6,1600,"sd","10:08:21",200700
25.55,0.65,500,"sd","10:08:21",199100
25.55,0.65,1000,"sd","10:08:20",198600
25.55,0.65,200,"sd","10:07:59",197600
25.55,0.65,4000,"sd","10:07:38",197400
25.55,0.65,1000,"sd","10:07:27",193400
25.55,0.65,1500,"sd","10:07:20",192400
25.55,0.65,500,"sd","10:07:19",190900
25.55,0.65,1500,"bu","10:06:48",190400
25.5,0.6,37700,"bu","10:06:39",188900
25.45,0.55,200,"sd","10:06:25",151200
25.45,0.55,14400,"bu","10:06:07",151000
25.4,0.5,28400,"bu","10:05:16",136600
25.35,0.45,700,"bu","10:04:10",108200
25.35,0.45,10000,"bu","10:03:42",107500
25.3,0.4,200,"sd","10:03:32",97500
25.3,0.4,4100,"bu","10:03:09",97300
25.3,0.4,3000,"bu","10:02:15",93200
25.3,0.4,1000,"bu","10:01:42",90200
25.3,0.4,100,"bu","09:59:47",89200
25.2,0.3,2900,"bu","09:59:47",89100
25.15,0.25,1600,"sd","09:58:45",86200
25.15,0.25,1500,"bu","09:57:32",84600
25.15,0.25,4500,"sd","09:56:52",83100
25.15,0.25,500,"sd","09:56:08",78600
25.2,0.3,10200,"sd","09:52:30",78100
25.2,0.3,1800,"sd","09:51:55",67900
25.2,0.3,400,"sd","09:51:10",66100
25.2,0.3,500,"sd","09:45:39",65700
25.2,0.3,300,"sd","09:43:58",65200
25.2,0.3,500,"sd","09:43:30",64900
25.2,0.3,5000,"sd","09:43:11",64400
25.3,0.4,2500,"sd","09:42:09",59400
25.3,0.4,1000,"sd","09:41:57",56900
25.3,0.4,100,"sd","09:41:15",55900
25.3,0.4,10000,"sd","09:40:55",55800
25.3,0.4,100,"sd","09:39:48",45800
25.3,0.4,5000,"sd","09:39:23",45700
25.3,0.4,1000,"sd","09:38:36",40700
25.3,0.4,5000,"sd","09:38:20",39700
25.3,0.4,1000,"sd","09:37:21",34700
25.35,0.45,100,"bu","09:35:37",33700
25.3,0.4,2800,"sd","09:35:33",33600
25.35,0.45,800,"sd","09:35:33",30800
25.35,0.45,200,"bu","09:35:24",30000
25.35,0.45,200,"sd","09:34:58",29800
25.35,0.45,500,"sd","09:34:14",29600
25.35,0.45,300,"bu","09:32:51",29100
25.35,0.45,200,"sd","09:32:20",28800
25.35,0.45,1800,"bu","09:32:04",28600
25.35,0.45,400,"sd","09:31:46",26800
25.3,0.4,1000,"sd","09:29:04",26400
25.3,0.4,300,"sd","09:28:29",25400
25.3,0.4,200,"sd","09:27:08",25100
25.4,0.5,200,"bu","09:25:04",24900
25.4,0.5,5000,"bu","09:23:16",24700
25.4,0.5,1000,"bu","09:21:13",19700
25.4,0.5,700,"bu","09:21:09",18700
25.4,0.5,1100,"sd","09:18:44",18000
25.4,0.5,2000,"sd","09:18:37",16900
25.4,0.5,200,"sd","09:17:33",14900
25.4,0.5,6100,"bu","09:16:49",14700
25.35,0.45,600,"bu","09:16:49",8600
25.25,0.35,1100,"bu","09:16:38",8000
25.2,0.3,1400,"bu","09:15:57",6900
25.2,0.3,300,"bu","09:15:23",5500
25.2,0.3,5200,"","09:15:04",5200
