"price","change","match_qtty","side","time","total_vol"
28.35,-0.15,302200,"","14:45:12",13386900
28.35,-0.15,3000,"sd","14:29:59",13084700
28.35,-0.15,4000,"sd","14:29:56",13081700
28.4,-0.1,100,"bu","14:29:56",13077700
28.35,-0.15,1000,"sd","14:29:52",13077600
28.4,-0.1,10000,"bu","14:29:47",13076600
28.3,-0.2,2000,"sd","14:29:41",13066600
28.35,-0.15,500,"sd","14:29:41",13064600
28.35,-0.15,3500,"sd","14:29:40",13064100
28.35,-0.15,1900,"sd","14:29:37",13060600
28.35,-0.15,3500,"sd","14:29:36",13058700
28.35,-0.15,500,"sd","14:29:36",13055200
28.35,-0.15,4400,"sd","14:29:34",13054700
28.35,-0.15,5000,"sd","14:29:32",13050300
28.35,-0.15,9800,"bu","14:29:31",13045300
28.35,-0.15,600,"bu","14:29:28",13035500
28.35,-0.15,1000,"bu","14:29:27",13034900
28.35,-0.15,1000,"bu","14:29:26",13033900
28.35,-0.15,1000,"bu","14:29:24",13032900
28.3,-0.2,400,"sd","14:29:19",13031900
28.35,-0.15,300,"bu","14:29:18",13031500
28.35,-0.15,200,"bu","14:29:17",13031200
28.35,-0.15,100,"bu","14:29:16",13031000
28.35,-0.15,800,"sd","14:29:13",13030900
28.35,-0.15,700,"bu","14:29:08",13030100
28.35,-0.15,2000,"sd","14:29:06",13029400
28.35,-0.15,1100,"sd","14:29:03",13027400
28.35,-0.15,300,"sd","14:28:54",13026300
28.35,-0.15,200,"sd","14:28:50",13026000
28.4,-0.1,1800,"bu","14:28:49",13025800
28.4,-0.1,400,"bu","14:28:48",13024000
28.4,-0.1,300,"bu","14:28:47",13023600
28.35,-0.15,5600,"sd","14:28:45",13023300
28.4,-0.1,2500,"sd","14:28:44",13017700
28.45,-0.05,5100,"bu","14:28:42",13015200
28.4,-0.1,4900,"bu","14:28:42",13010100
28.4,-0.1,1200,"bu","14:28:40",13005200
28.4,-0.1,1000,"bu","14:28:37",13004000
28.4,-0.1,14900,"sd","14:28:33",13003000
28.45,-0.05,2000,"bu","14:28:32",12988100
28.45,-0.05,500,"bu","14:28:30",12986100
28.45,-0.05,2400,"bu","14:28:25",12985600
28.45,-0.05,1000,"bu","14:28:21",12983200
28.4,-0.1,100,"sd","14:28:19",12982200
28.45,-0.05,10400,"sd","14:28:19",12982100
28.45,-0.05,1200,"sd","14:28:18",12971700
28.45,-0.05,4500,"sd","14:28:17",12970500
28.45,-0.05,1000,"sd","14:28:16",12966000
28.45,-0.05,10000,"sd","14:28:15",12965000
28.45,-0.05,100,"sd","14:28:15",12955000
28.45,-0.05,5000,"sd","14:28:14",12954900
28.45,-0.05,500,"sd","14:28:11",12949900
28.45,-0.05,4000,"sd","14:28:09",12949400
28.45,-0.05,500,"sd","14:28:08",12945400
28.5,0,900,"bu","14:28:07",12944900
28.45,-0.05,3000,"sd","14:28:04",12944000
28.5,0,200,"bu","14:27:56",12941000
28.5,0,300,"bu","14:27:52",12940800
28.5,0,5000,"bu","14:27:52",12940500
28.5,0,200,"bu","14:27:50",12935500
28.45,-0.05,12200,"sd","14:27:50",12935300
28.5,0,4400,"sd","14:27:48",12923100
28.5,0,1400,"sd","14:27:48",12918700
28.5,0,5500,"sd","14:27:47",12917300
28.5,0,100,"sd","14:27:46",12911800
28.5,0,2000,"sd","14:27:45",12911700
28.5,0,8700,"sd","14:27:45",12909700
28.5,0,11300,"sd","14:27:44",12901000
28.5,0,14000,"sd","14:27:43",12889700
28.5,0,600,"sd","14:27:43",12875700
28.5,0,300,"sd","14:27:42",12875100
28.5,0,2000,"sd","14:27:37",12874800
28.55,0.05,1000,"bu","14:27:35",12872800
28.5,0,900,"sd","14:27:34",12871800
28.5,0,1000,"sd","14:27:34",12870900
28.5,0,800,"sd","14:27:32",12869900
28.5,0,4800,"sd","14:27:31",12869100
28.55,0.05,900,"bu","14:27:28",12864300
28.55,0.05,5000,"bu","14:27:26",12863400
28.55,0.05,1000,"bu","14:27:22",12858400
28.5,0,10200,"sd","14:27:22",12857400
28.5,0,200,"sd","14:27:14",12847200
28.55,0.05,400,"bu","14:27:12",12847000
28.55,0.05,600,"bu","14:27:11",12846600
28.55,0.05,2700,"bu","14:27:08",12846000
28.55,0.05,9500,"bu","14:27:06",12843300
28.55,0.05,6100,"bu","14:27:02",12833800
28.55,0.05,5600,"bu","14:27:01",12827700
28.55,0.05,1000,"bu","14:27:00",12822100
28.55,0.05,100,"bu","14:27:00",12821100
28.55,0.05,1000,"bu","14:26:59",12821000
28.55,0.05,1000,"bu","14:26:49",12820000
28.55,0.05,8200,"sd","14:26:48",12819000
28.55,0.05,2000,"sd","14:26:44",12810800
28.55,0.05,3400,"bu","14:26:43",12808800
28.55,0.05,2000,"bu","14:26:43",12805400
28.55,0.05,6100,"sd","14:26:42",12803400
28.55,0.05,10000,"sd","14:26:40",12797300
28.55,0.05,33500,"bu","14:26:38",12787300
28.5,0,1000,"sd","14:26:36",12753800
28.55,0.05,200,"bu","14:26:33",12752800
28.55,0.05,2000,"bu","14:26:30",12752600
28.55,0.05,2100,"bu","14:26:28",12750600
28.55,0.05,200,"bu","14:26:25",12748500
28.55,0.05,4200,"sd","14:26:23",12748300
28.55,0.05,500,"sd","14:26:23",12744100
28.6,0.1,2200,"bu","14:26:21",12743600
28.55,0.05,3000,"sd","14:26:21",12741400
28.55,0.05,5000,"sd","14:26:17",12738400
28.55,0.05,5000,"sd","14:26:07",12733400
28.55,0.05,500,"sd","14:26:03",12728400
28.6,0.1,500,"bu","14:26:03",12727900
28.6,0.1,10000,"bu","14:26:02",12727400
28.55,0.05,800,"bu","14:26:02",12717400
28.5,0,700,"sd","14:26:01",12716600
28.55,0.05,2000,"bu","14:26:01",12715900
28.55,0.05,10000,"bu","14:25:57",12713900
28.5,0,15000,"sd","14:25:56",12703900
28.5,0,500,"sd","14:25:55",12688900
28.55,0.05,10000,"bu","14:25:53",12688400
28.55,0.05,2400,"bu","14:25:52",12678400
28.5,0,7000,"sd","14:25:50",12676000
28.55,0.05,100,"bu","14:25:49",12669000
28.55,0.05,1000,"bu","14:25:47",12668900
28.55,0.05,1300,"bu","14:25:45",12667900
28.55,0.05,1000,"bu","14:25:44",12666600
28.5,0,1300,"sd","14:25:44",12665600
28.55,0.05,3000,"bu","14:25:42",12664300
28.55,0.05,300,"bu","14:25:41",12661300
28.5,0,4600,"sd","14:25:39",12661000
28.55,0.05,200,"bu","14:25:36",12656400
28.55,0.05,10000,"bu","14:25:34",12656200
28.5,0,2000,"sd","14:25:30",12646200
28.55,0.05,300,"bu","14:25:30",12644200
28.55,0.05,100,"bu","14:25:29",12643900
28.55,0.05,2000,"bu","14:25:28",12643800
28.55,0.05,21300,"bu","14:25:26",12641800
28.5,0,500,"sd","14:25:19",12620500
28.55,0.05,2200,"bu","14:25:17",12620000
28.5,0,100,"sd","14:25:16",12617800
28.55,0.05,3000,"bu","14:25:16",12617700
28.5,0,200,"sd","14:25:16",12614700
28.5,0,9900,"bu","14:25:15",12614500
28.5,0,5400,"bu","14:25:14",12604600
28.5,0,7000,"bu","14:25:13",12599200
28.5,0,2000,"bu","14:25:11",12592200
28.5,0,1000,"bu","14:25:10",12590200
28.5,0,1400,"bu","14:25:10",12589200
28.5,0,4000,"bu","14:25:09",12587800
28.5,0,24600,"bu","14:25:09",12583800
28.5,0,700,"bu","14:25:08",12559200
28.5,0,200,"bu","14:25:08",12558500
28.5,0,20000,"bu","14:25:07",12558300
28.5,0,1100,"bu","14:25:07",12538300
28.5,0,19000,"bu","14:25:06",12537200
28.5,0,3000,"bu","14:25:04",12518200
28.5,0,100,"bu","14:24:59",12515200
28.5,0,31000,"bu","14:24:58",12515100
28.5,0,25300,"bu","14:24:56",12484100
28.5,0,1000,"bu","14:24:54",12458800
28.5,0,1000,"bu","14:24:51",12457800
28.5,0,700,"bu","14:24:48",12456800
28.5,0,1600,"bu","14:24:43",12456100
28.5,0,500,"bu","14:24:42",12454500
28.5,0,31300,"bu","14:24:40",12454000
28.5,0,4200,"bu","14:24:39",12422700
28.5,0,500,"bu","14:24:38",12418500
28.45,-0.05,400,"sd","14:24:38",12418000
28.5,0,200,"bu","14:24:37",12417600
28.5,0,2200,"bu","14:24:34",12417400
28.5,0,8500,"bu","14:24:31",12415200
28.45,-0.05,200,"sd","14:24:28",12406700
28.45,-0.05,400,"sd","14:24:25",12406500
28.5,0,4900,"bu","14:24:25",12406100
28.5,0,17400,"bu","14:24:24",12401200
28.45,-0.05,1000,"sd","14:24:14",12383800
28.45,-0.05,31700,"bu","14:24:05",12382800
28.45,-0.05,15000,"bu","14:24:04",12351100
28.45,-0.05,3800,"bu","14:24:02",12336100
28.45,-0.05,1000,"bu","14:24:01",12332300
28.4,-0.1,500,"sd","14:24:01",12331300
28.45,-0.05,27800,"bu","14:23:59",12330800
28.45,-0.05,18000,"bu","14:23:58",12303000
28.45,-0.05,500,"bu","14:23:55",12285000
28.45,-0.05,21300,"bu","14:23:53",12284500
28.45,-0.05,1000,"bu","14:23:52",12263200
28.4,-0.1,500,"sd","14:23:45",12262200
28.45,-0.05,3000,"bu","14:23:36",12261700
28.4,-0.1,1600,"sd","14:23:33",12258700
28.4,-0.1,1000,"sd","14:23:30",12257100
28.4,-0.1,54900,"bu","14:23:26",12256100
28.4,-0.1,21300,"bu","14:23:21",12201200
28.4,-0.1,4300,"bu","14:23:14",12179900
28.35,-0.15,10000,"sd","14:23:14",12175600
28.35,-0.15,8700,"bu","14:23:08",12165600
28.35,-0.15,500,"bu","14:22:54",12156900
28.3,-0.2,800,"sd","14:22:51",12156400
28.35,-0.15,21500,"bu","14:22:51",12155600
28.35,-0.15,300,"bu","14:22:33",12134100
28.3,-0.2,1700,"bu","14:22:33",12133800
28.3,-0.2,100,"bu","14:22:29",12132100
28.3,-0.2,4200,"sd","14:22:24",12132000
28.35,-0.15,1000,"bu","14:22:23",12127800
28.35,-0.15,21300,"bu","14:22:20",12126800
28.35,-0.15,10000,"bu","14:22:18",12105500
28.35,-0.15,5000,"bu","14:22:00",12095500
28.35,-0.15,18400,"bu","14:21:49",12090500
28.3,-0.2,2900,"bu","14:21:49",12072100
28.25,-0.25,5900,"sd","14:21:48",12069200
28.3,-0.2,8000,"bu","14:21:47",12063300
28.25,-0.25,200,"bu","14:21:42",12055300
28.25,-0.25,1100,"bu","14:21:38",12055100
28.25,-0.25,600,"bu","14:21:37",12054000
28.25,-0.25,100,"sd","14:21:33",12053400
28.3,-0.2,200,"bu","14:21:31",12053300
28.25,-0.25,10000,"sd","14:21:27",12053100
28.3,-0.2,500,"bu","14:21:25",12043100
28.3,-0.2,200,"bu","14:21:24",12042600
28.3,-0.2,21300,"bu","14:21:18",12042400
28.3,-0.2,600,"bu","14:21:06",12021100
28.3,-0.2,2000,"bu","14:21:01",12020500
28.3,-0.2,100,"bu","14:21:00",12018500
28.3,-0.2,100,"bu","14:20:54",12018400
28.25,-0.25,500,"sd","14:20:54",12018300
28.3,-0.2,300,"bu","14:20:49",12017800
28.3,-0.2,21300,"bu","14:20:48",12017500
28.3,-0.2,200,"bu","14:20:45",11996200
28.3,-0.2,7000,"bu","14:20:38",11996000
28.25,-0.25,1700,"sd","14:20:26",11989000
28.3,-0.2,21300,"bu","14:20:17",11987300
28.25,-0.25,1000,"sd","14:20:09",11966000
28.3,-0.2,200,"bu","14:19:57",11965000
28.3,-0.2,4200,"bu","14:19:46",11964800
28.3,-0.2,17100,"bu","14:19:46",11960600
28.25,-0.25,500,"sd","14:19:36",11943500
28.2,-0.3,400,"sd","14:19:30",11943000
28.25,-0.25,1600,"sd","14:19:30",11942600
28.25,-0.25,200,"sd","14:19:27",11941000
28.3,-0.2,20200,"bu","14:19:14",11940800
28.25,-0.25,1100,"bu","14:19:14",11920600
28.3,-0.2,4400,"bu","14:19:11",11919500
28.25,-0.25,9600,"bu","14:19:11",11915100
28.25,-0.25,1000,"bu","14:19:07",11905500
28.25,-0.25,800,"bu","14:19:03",11904500
28.25,-0.25,7500,"sd","14:19:01",11903700
28.25,-0.25,5500,"bu","14:18:47",11896200
28.25,-0.25,100,"sd","14:18:45",11890700
28.3,-0.2,8500,"bu","14:18:43",11890600
28.25,-0.25,12800,"bu","14:18:43",11882100
28.25,-0.25,3100,"sd","14:18:38",11869300
28.25,-0.25,100,"sd","14:18:32",11866200
28.25,-0.25,500,"sd","14:18:29",11866100
28.3,-0.2,500,"bu","14:18:20",11865600
28.3,-0.2,100,"bu","14:18:15",11865100
28.3,-0.2,200,"bu","14:18:13",11865000
28.3,-0.2,18200,"bu","14:18:12",11864800
28.25,-0.25,3100,"bu","14:18:12",11846600
28.3,-0.2,1700,"bu","14:17:42",11843500
28.25,-0.25,15100,"bu","14:17:42",11841800
28.2,-0.3,4500,"bu","14:17:42",11826700
28.2,-0.3,100,"bu","14:17:40",11822200
28.2,-0.3,200,"bu","14:17:29",11822100
28.15,-0.35,800,"sd","14:17:26",11821900
28.2,-0.3,400,"bu","14:17:24",11821100
28.25,-0.25,10000,"bu","14:17:10",11820700
28.2,-0.3,4500,"bu","14:17:10",11810700
28.15,-0.35,6800,"bu","14:17:10",11806200
28.15,-0.35,7400,"bu","14:17:02",11799400
28.15,-0.35,10000,"bu","14:17:01",11792000
28.1,-0.4,2300,"sd","14:16:49",11782000
28.15,-0.35,1000,"sd","14:16:41",11777000
28.25,-0.25,6900,"bu","14:16:40",11776000
28.2,-0.3,1200,"bu","14:16:40",11769100
28.2,-0.3,13200,"bu","14:16:39",11767900
28.15,-0.35,500,"sd","14:16:36",11754700
28.2,-0.3,100,"bu","14:16:34",11754200
28.2,-0.3,800,"bu","14:16:34",11754100
28.15,-0.35,500,"sd","14:16:23",11753300
28.2,-0.3,100,"bu","14:16:20",11752800
28.1,-0.4,18500,"sd","14:16:12",11752700
28.15,-0.35,500,"sd","14:16:12",11734200
28.2,-0.3,21300,"bu","14:16:09",11733700
28.2,-0.3,100,"bu","14:16:08",11712400
28.2,-0.3,1000,"bu","14:16:02",11712300
28.1,-0.4,500,"sd","14:15:53",11711300
28.1,-0.4,1000,"sd","14:15:43",11710800
28.2,-0.3,3100,"bu","14:15:38",11709800
28.15,-0.35,48200,"bu","14:15:38",11706700
28.1,-0.4,100,"sd","14:15:36",11658500
28.1,-0.4,2000,"sd","14:15:27",11658400
28.1,-0.4,2200,"bu","14:15:23",11656400
28.1,-0.4,3500,"bu","14:15:22",11654200
28.1,-0.4,1000,"bu","14:15:22",11650700
28.1,-0.4,20100,"bu","14:15:21",11649700
28.1,-0.4,400,"bu","14:15:18",11629600
28.1,-0.4,200,"bu","14:15:17",11629200
28.1,-0.4,1900,"bu","14:15:16",11629000
28.1,-0.4,3000,"bu","14:15:15",11627100
28.1,-0.4,6500,"bu","14:15:14",11624100
28.1,-0.4,2000,"bu","14:15:12",11617600
28.1,-0.4,1000,"bu","14:15:11",11615600
28.1,-0.4,1000,"bu","14:15:10",11614600
28.1,-0.4,18000,"bu","14:15:09",11613600
28.1,-0.4,21300,"bu","14:15:07",11595600
28.1,-0.4,2000,"bu","14:14:58",11574300
28.05,-0.45,500,"sd","14:14:57",11572300
28.1,-0.4,100,"bu","14:14:52",11571800
28.1,-0.4,100,"bu","14:14:50",11571700
28.1,-0.4,500,"bu","14:14:48",11571600
28.1,-0.4,100,"bu","14:14:39",11571100
28.1,-0.4,21300,"bu","14:14:35",11571000
28.1,-0.4,500,"bu","14:14:35",11549700
28.1,-0.4,200,"bu","14:14:31",11549200
28.05,-0.45,100,"sd","14:14:28",11549000
28.1,-0.4,21400,"bu","14:14:05",11548900
28.05,-0.45,200,"sd","14:13:55",11527500
28.05,-0.45,2000,"sd","14:13:51",11527300
28.05,-0.45,3800,"bu","14:13:49",11525300
28.05,-0.45,100,"bu","14:13:48",11521500
28.05,-0.45,1000,"bu","14:13:47",11521400
28.05,-0.45,300,"bu","14:13:43",11520400
28.05,-0.45,800,"bu","14:13:42",11520100
28.05,-0.45,200,"bu","14:13:40",11519300
28.05,-0.45,10600,"sd","14:13:39",11519100
28.05,-0.45,400,"sd","14:13:28",11508500
28.05,-0.45,3500,"bu","14:13:27",11508100
28.05,-0.45,100,"bu","14:13:25",11504600
28.05,-0.45,2100,"bu","14:13:23",11504500
28.05,-0.45,13000,"bu","14:13:20",11502400
28.05,-0.45,18000,"bu","14:13:18",11489400
28.05,-0.45,21000,"bu","14:13:16",11471400
28.05,-0.45,500,"bu","14:13:15",11450400
28.05,-0.45,1900,"bu","14:13:14",11449900
28.05,-0.45,400,"bu","14:13:08",11448000
28,-0.5,900,"sd","14:13:07",11447600
28.05,-0.45,100,"bu","14:13:05",11446700
28.05,-0.45,1000,"bu","14:13:05",11446600
28.05,-0.45,100,"bu","14:12:56",11445600
28.05,-0.45,2000,"bu","14:12:54",11445500
28.05,-0.45,54200,"sd","14:12:52",11443500
28.05,-0.45,4000,"sd","14:12:51",11389300
28.05,-0.45,2000,"sd","14:12:49",11385300
28.1,-0.4,300,"bu","14:12:48",11383300
28.05,-0.45,4000,"sd","14:12:47",11383000
28.1,-0.4,15000,"bu","14:12:45",11379000
28.05,-0.45,40000,"sd","14:12:41",11364000
28.05,-0.45,40000,"sd","14:12:39",11324000
28.05,-0.45,100,"sd","14:12:34",11284000
28.05,-0.45,200,"sd","14:12:27",11283900
28.1,-0.4,15000,"bu","14:12:26",11283700
28.05,-0.45,100,"sd","14:12:24",11268700
28.1,-0.4,100,"bu","14:12:21",11268600
28.05,-0.45,20000,"sd","14:12:19",11268500
28.05,-0.45,13000,"sd","14:12:10",11248500
28.1,-0.4,1000,"bu","14:11:59",11235500
28.05,-0.45,100,"sd","14:11:59",11234500
28.1,-0.4,600,"bu","14:11:56",11234400
28.1,-0.4,10000,"bu","14:11:42",11233800
28.05,-0.45,2000,"sd","14:11:40",11223800
28.05,-0.45,2900,"bu","14:11:40",11221800
28.05,-0.45,1300,"bu","14:11:37",11218900
28.05,-0.45,1100,"bu","14:11:36",11217600
28.05,-0.45,20000,"bu","14:11:35",11216500
28.05,-0.45,22000,"bu","14:11:33",11196500
28.05,-0.45,200,"bu","14:11:32",11174500
28.05,-0.45,16000,"bu","14:11:30",11174300
28.05,-0.45,1000,"bu","14:11:30",11158300
28.05,-0.45,500,"bu","14:11:27",11157300
28.05,-0.45,1000,"bu","14:11:26",11156800
28.05,-0.45,10000,"bu","14:11:24",11155800
28.05,-0.45,1800,"bu","14:11:21",11145800
28.05,-0.45,1200,"bu","14:11:16",11144000
28.05,-0.45,1500,"bu","14:11:14",11142800
28,-0.5,9100,"sd","14:11:13",11141300
28,-0.5,400,"sd","14:11:09",11132200
28,-0.5,5000,"sd","14:11:01",11131800
28.05,-0.45,1000,"bu","14:11:00",11126800
28,-0.5,500,"sd","14:10:54",11125800
28.05,-0.45,200,"bu","14:10:47",11125300
28,-0.5,100,"sd","14:10:43",11125100
28.05,-0.45,3000,"bu","14:10:42",11125000
28.05,-0.45,300,"bu","14:10:38",11122000
28,-0.5,700,"sd","14:10:33",11121700
28.05,-0.45,1000,"bu","14:10:25",11121000
28.05,-0.45,500,"bu","14:10:24",11120000
28.05,-0.45,100,"bu","14:10:24",11119500
28,-0.5,3800,"sd","14:10:23",11119400
28.05,-0.45,100,"bu","14:10:22",11115600
28.05,-0.45,400,"bu","14:10:20",11115500
28.05,-0.45,1000,"bu","14:10:19",11115100
28.05,-0.45,3700,"bu","14:10:17",11114100
28.05,-0.45,1000,"bu","14:10:15",11110400
28.05,-0.45,200,"bu","14:10:12",11109400
28,-0.5,100,"sd","14:10:11",11109200
28.05,-0.45,1000,"bu","14:10:09",11109100
28.05,-0.45,100,"bu","14:10:08",11108100
28.05,-0.45,1000,"bu","14:09:55",11108000
28.05,-0.45,10000,"bu","14:09:52",11107000
28,-0.5,200,"sd","14:09:52",11097000
28.05,-0.45,300,"bu","14:09:51",11096800
28.05,-0.45,200,"bu","14:09:50",11096500
28.05,-0.45,3000,"bu","14:09:46",11096300
28.05,-0.45,43700,"sd","14:09:45",11093300
28.05,-0.45,14300,"bu","14:09:42",11049600
28.05,-0.45,3500,"bu","14:09:41",11035300
28.05,-0.45,200,"bu","14:09:40",11031800
28.05,-0.45,5000,"bu","14:09:39",11031600
28.05,-0.45,100,"bu","14:09:38",11026600
28.05,-0.45,500,"bu","14:09:36",11026500
28.05,-0.45,6300,"bu","14:09:35",11026000
28.05,-0.45,10000,"bu","14:09:31",11019700
28.05,-0.45,300,"bu","14:09:25",11009700
28.05,-0.45,100,"bu","14:09:24",11009400
28.05,-0.45,200,"bu","14:09:20",11009300
28.05,-0.45,7900,"bu","14:09:12",11009100
28.05,-0.45,100,"bu","14:09:11",11001200
28,-0.5,1000,"sd","14:09:08",11001100
28.05,-0.45,100,"bu","14:09:02",11000100
28.05,-0.45,100,"bu","14:09:01",11000000
28,-0.5,1100,"sd","14:09:01",10999900
28,-0.5,500,"sd","14:08:55",10998800
28,-0.5,700,"sd","14:08:47",10998300
28.05,-0.45,100,"bu","14:08:47",10997600
28.05,-0.45,200,"bu","14:08:45",10997500
28,-0.5,5000,"sd","14:08:44",10997300
28,-0.5,3000,"sd","14:08:43",10992300
28.05,-0.45,500,"bu","14:08:41",10989300
28,-0.5,3000,"sd","14:08:26",10988800
28.05,-0.45,1000,"bu","14:08:16",10985800
28.05,-0.45,300,"bu","14:08:14",10984800
28.05,-0.45,200,"bu","14:08:13",10984500
28.05,-0.45,100,"bu","14:08:10",10984300
28.05,-0.45,200,"bu","14:08:07",10984200
28,-0.5,2000,"sd","14:08:05",10984000
28,-0.5,200,"sd","14:08:02",10982000
28,-0.5,400,"sd","14:08:01",10981800
28.05,-0.45,100,"bu","14:07:58",10981400
28.05,-0.45,100,"bu","14:07:56",10981300
28.05,-0.45,200,"bu","14:07:54",10981200
28.05,-0.45,10000,"bu","14:07:47",10981000
28,-0.5,500,"sd","14:07:46",10971000
28.05,-0.45,400,"bu","14:07:43",10970500
28,-0.5,1000,"sd","14:07:41",10970100
28.05,-0.45,1000,"bu","14:07:40",10969100
28.05,-0.45,200,"bu","14:07:40",10968100
28.05,-0.45,500,"bu","14:07:38",10967900
28,-0.5,4600,"sd","14:07:29",10967400
28,-0.5,800,"sd","14:07:20",10962800
28.05,-0.45,200,"bu","14:07:17",10962000
28.05,-0.45,200,"bu","14:07:06",10961800
28,-0.5,2000,"sd","14:07:05",10961600
28,-0.5,2000,"sd","14:07:04",10959600
28,-0.5,100,"sd","14:06:54",10957600
28.05,-0.45,200,"bu","14:06:51",10957500
28,-0.5,100,"sd","14:06:49",10957300
28,-0.5,5200,"sd","14:06:47",10957200
28,-0.5,5000,"sd","14:06:46",10952000
28,-0.5,100,"sd","14:06:41",10947000
28,-0.5,2500,"sd","14:06:35",10946900
28.05,-0.45,100,"bu","14:06:35",10944400
28,-0.5,20000,"sd","14:06:32",10944300
28.05,-0.45,200,"bu","14:06:30",10924300
28.05,-0.45,2000,"bu","14:06:28",10924100
28.05,-0.45,500,"bu","14:06:26",10922100
28,-0.5,800,"sd","14:06:23",10921600
28.05,-0.45,3500,"bu","14:06:22",10920800
28.05,-0.45,700,"bu","14:06:18",10917300
28.05,-0.45,2800,"bu","14:06:14",10916600
28.05,-0.45,700,"bu","14:06:13",10913800
28.05,-0.45,400,"bu","14:06:12",10913100
28.05,-0.45,100,"bu","14:06:09",10912700
28,-0.5,2000,"sd","14:06:09",10912600
28.05,-0.45,100,"bu","14:06:00",10910600
28,-0.5,2000,"sd","14:05:59",10910500
28.05,-0.45,100,"bu","14:05:58",10908500
28,-0.5,500,"sd","14:05:54",10908400
28.05,-0.45,100,"bu","14:05:53",10907900
28.05,-0.45,1000,"bu","14:05:50",10907800
28.05,-0.45,3000,"bu","14:05:48",10906800
28.05,-0.45,200,"bu","14:05:46",10903800
28.05,-0.45,200,"bu","14:05:42",10903600
28.05,-0.45,900,"sd","14:05:40",10903400
28.05,-0.45,16100,"sd","14:05:37",10902500
28.05,-0.45,17600,"sd","14:05:37",10886400
28.05,-0.45,11000,"sd","14:05:36",10868800
28.05,-0.45,3000,"sd","14:05:32",10857800
28.05,-0.45,200,"sd","14:05:13",10854800
28.05,-0.45,1000,"sd","14:05:02",10854600
28.05,-0.45,500,"sd","14:04:35",10853600
28.1,-0.4,1200,"bu","14:04:34",10853100
28.1,-0.4,6300,"bu","14:04:26",10851900
28.05,-0.45,700,"bu","14:04:01",10845600
28,-0.5,1000,"sd","14:04:00",10844900
28.05,-0.45,200,"bu","14:03:58",10843900
28.05,-0.45,1500,"bu","14:03:53",10843700
28.05,-0.45,300,"bu","14:03:52",10842200
28.05,-0.45,3000,"bu","14:03:50",10841900
28.05,-0.45,700,"bu","14:03:49",10838900
28.05,-0.45,1300,"sd","14:03:47",10838200
28.1,-0.4,3500,"bu","14:03:46",10836900
28.05,-0.45,1000,"bu","14:03:43",10833400
28.05,-0.45,1000,"bu","14:03:41",10832400
28.05,-0.45,100,"bu","14:03:39",10831400
28.05,-0.45,4600,"bu","14:03:38",10831300
28.05,-0.45,200,"bu","14:03:36",10826700
28.05,-0.45,1000,"bu","14:03:34",10826500
28.05,-0.45,10000,"bu","14:03:33",10825500
28.05,-0.45,500,"bu","14:03:30",10815500
28.05,-0.45,1200,"bu","14:03:28",10815000
28.05,-0.45,200,"bu","14:03:26",10813800
28.05,-0.45,500,"bu","14:03:25",10813600
28.05,-0.45,200,"bu","14:03:24",10813100
28.05,-0.45,100,"bu","14:03:23",10812900
28.05,-0.45,100,"bu","14:03:20",10812800
28.05,-0.45,2000,"bu","14:03:17",10812700
28.05,-0.45,200,"bu","14:03:15",10810700
28.05,-0.45,100,"bu","14:03:12",10810500
28,-0.5,500,"sd","14:03:07",10810400
28.05,-0.45,500,"bu","14:03:07",10809900
28.05,-0.45,500,"bu","14:03:04",10809400
28,-0.5,2600,"sd","14:03:04",10808900
28.05,-0.45,3000,"bu","14:03:00",10806300
28.05,-0.45,400,"bu","14:03:00",10803300
28.05,-0.45,100,"bu","14:02:58",10802900
28.05,-0.45,500,"bu","14:02:56",10802800
28.05,-0.45,500,"bu","14:02:55",10802300
28,-0.5,100,"sd","14:02:50",10801800
28.05,-0.45,300,"sd","14:02:50",10801700
28,-0.5,5000,"sd","14:02:47",10801400
28.1,-0.4,10000,"bu","14:02:46",10796400
28,-0.5,500,"sd","14:02:45",10786400
28.05,-0.45,100,"sd","14:02:44",10785900
28,-0.5,5000,"sd","14:02:42",10785800
28,-0.5,4900,"sd","14:02:24",10780800
28.05,-0.45,100,"sd","14:02:24",10775900
28.1,-0.4,1400,"bu","14:02:17",10775800
28,-0.5,42400,"sd","14:02:16",10774400
28.05,-0.45,57600,"sd","14:02:16",10732000
28.1,-0.4,1000,"bu","14:02:06",10674400
28.1,-0.4,200,"bu","14:02:05",10673400
28.1,-0.4,100,"bu","14:02:03",10673200
28.1,-0.4,1000,"bu","14:02:02",10673100
28.1,-0.4,3500,"bu","14:02:01",10672100
28.1,-0.4,100,"bu","14:01:46",10668600
28.1,-0.4,100,"bu","14:01:39",10668500
28.05,-0.45,100,"sd","14:01:34",10668400
28.1,-0.4,100,"bu","14:01:30",10668300
28.1,-0.4,300,"bu","14:01:27",10668200
28.1,-0.4,5100,"sd","14:01:25",10667900
28.05,-0.45,1300,"sd","14:01:23",10662800
28.1,-0.4,1400,"sd","14:01:23",10661500
28.1,-0.4,1700,"bu","14:01:19",10660100
28.1,-0.4,100,"bu","14:01:14",10658400
28.1,-0.4,200,"bu","14:01:11",10658300
28.1,-0.4,19000,"sd","14:01:08",10658100
28.1,-0.4,17500,"sd","14:01:07",10639100
28.1,-0.4,100,"sd","14:01:03",10621600
28.15,-0.35,100,"bu","14:00:55",10621500
28.1,-0.4,800,"bu","14:00:41",10621400
28.1,-0.4,37200,"bu","14:00:40",10620600
28.1,-0.4,4000,"bu","14:00:36",10583400
28.1,-0.4,100,"bu","14:00:35",10579400
28.1,-0.4,1100,"bu","14:00:33",10579300
28.1,-0.4,500,"bu","14:00:27",10578200
28.1,-0.4,200,"bu","14:00:23",10577700
28.1,-0.4,3000,"bu","14:00:18",10577500
28.1,-0.4,3000,"bu","14:00:15",10574500
28.1,-0.4,2800,"sd","14:00:07",10571500
28.15,-0.35,300,"bu","14:00:04",10568700
28.1,-0.4,10000,"sd","14:00:03",10568400
28.1,-0.4,17300,"sd","14:00:02",10558400
28.1,-0.4,1000,"sd","13:59:59",10541100
28.1,-0.4,500,"sd","13:59:58",10540100
28.15,-0.35,3400,"bu","13:59:57",10539600
28.1,-0.4,26200,"sd","13:59:55",10536200
28.15,-0.35,200,"bu","13:59:46",10510000
28.15,-0.35,9100,"sd","13:59:34",10509800
28.15,-0.35,10000,"sd","13:59:31",10500700
28.15,-0.35,31000,"bu","13:59:29",10490700
28.15,-0.35,100,"bu","13:59:12",10459700
28.15,-0.35,300,"sd","13:59:06",10459600
28.15,-0.35,4100,"sd","13:59:03",10459300
28.15,-0.35,5500,"sd","13:59:00",10455200
28.15,-0.35,1500,"sd","13:58:53",10449700
28.15,-0.35,1000,"sd","13:58:50",10448200
28.15,-0.35,900,"sd","13:58:49",10447200
28.15,-0.35,30000,"sd","13:58:48",10446300
28.15,-0.35,10000,"sd","13:58:47",10416300
28.15,-0.35,1000,"sd","13:58:43",10406300
28.2,-0.3,5000,"bu","13:58:37",10405300
28.2,-0.3,1500,"bu","13:58:31",10400300
28.15,-0.35,4000,"sd","13:58:29",10398800
28.2,-0.3,1000,"bu","13:58:06",10394800
28.15,-0.35,100,"sd","13:57:53",10393800
28.2,-0.3,1000,"bu","13:57:51",10393700
28.2,-0.3,11400,"sd","13:57:51",10392700
28.2,-0.3,7500,"sd","13:57:50",10381300
28.2,-0.3,37900,"sd","13:57:47",10373800
28.2,-0.3,1000,"sd","13:57:46",10335900
28.2,-0.3,1200,"sd","13:57:41",10334900
28.2,-0.3,4000,"sd","13:57:40",10333700
28.2,-0.3,300,"sd","13:57:38",10329700
28.2,-0.3,1700,"sd","13:57:36",10329400
28.2,-0.3,100,"sd","13:57:18",10327700
28.2,-0.3,6400,"sd","13:57:17",10327600
28.2,-0.3,300,"sd","13:57:15",10321200
28.2,-0.3,600,"sd","13:57:11",10320900
28.2,-0.3,4900,"sd","13:57:02",10320300
28.2,-0.3,5000,"sd","13:57:00",10315400
28.25,-0.25,200,"bu","13:56:49",10310400
28.25,-0.25,100,"bu","13:56:48",10310200
28.2,-0.3,3000,"sd","13:56:45",10310100
28.25,-0.25,2000,"bu","13:56:45",10307100
28.2,-0.3,900,"sd","13:56:41",10305100
28.25,-0.25,300,"bu","13:56:38",10304200
28.25,-0.25,3700,"sd","13:56:38",10303900
28.25,-0.25,100,"sd","13:56:37",10300200
28.25,-0.25,1000,"sd","13:56:36",10300100
28.25,-0.25,3000,"sd","13:56:35",10299100
28.25,-0.25,1500,"sd","13:56:32",10296100
28.25,-0.25,1000,"sd","13:56:29",10294600
28.25,-0.25,41100,"sd","13:56:24",10293600
28.3,-0.2,400,"bu","13:56:24",10252500
28.25,-0.25,15200,"bu","13:56:22",10252100
28.25,-0.25,100,"bu","13:56:20",10236900
28.25,-0.25,1000,"bu","13:56:18",10236800
28.2,-0.3,2000,"sd","13:56:17",10235800
28.25,-0.25,1000,"bu","13:56:15",10233800
28.25,-0.25,500,"bu","13:56:14",10232800
28.25,-0.25,600,"bu","13:56:13",10232300
28.2,-0.3,3000,"sd","13:56:13",10231700
28.2,-0.3,900,"sd","13:56:11",10228700
28.25,-0.25,1000,"bu","13:56:11",10227800
28.25,-0.25,200,"bu","13:56:08",10226800
28.25,-0.25,5000,"bu","13:56:05",10226600
28.25,-0.25,2000,"bu","13:56:03",10221600
28.25,-0.25,1000,"bu","13:55:59",10219600
28.2,-0.3,100,"sd","13:55:58",10218600
28.25,-0.25,2000,"bu","13:55:52",10218500
28.2,-0.3,800,"sd","13:55:47",10216500
28.25,-0.25,3000,"bu","13:55:47",10215700
28.25,-0.25,1500,"bu","13:55:43",10212700
28.25,-0.25,300,"bu","13:55:41",10211200
28.25,-0.25,1000,"bu","13:55:35",10210900
28.2,-0.3,2400,"bu","13:55:27",10209900
28.2,-0.3,400,"bu","13:55:26",10207500
28.2,-0.3,900,"bu","13:55:23",10207100
28.2,-0.3,200,"bu","13:55:19",10206200
28.2,-0.3,5000,"bu","13:55:18",10206000
28.2,-0.3,300,"bu","13:55:18",10201000
28.2,-0.3,100,"bu","13:55:17",10200700
28.2,-0.3,1000,"bu","13:55:12",10200600
28.2,-0.3,2000,"bu","13:55:10",10199600
28.2,-0.3,1000,"bu","13:55:07",10197600
28.2,-0.3,4600,"bu","13:55:05",10196600
28.2,-0.3,1000,"bu","13:55:00",10192000
28.2,-0.3,100,"bu","13:55:00",10191000
28.2,-0.3,1000,"bu","13:54:58",10190900
28.15,-0.35,1500,"sd","13:54:54",10189900
28.2,-0.3,30000,"bu","13:54:54",10188400
28.15,-0.35,1000,"sd","13:54:39",10158400
28.15,-0.35,400,"sd","13:54:37",10157400
28.15,-0.35,20100,"sd","13:54:28",10157000
28.15,-0.35,3300,"sd","13:54:17",10136900
28.15,-0.35,1700,"sd","13:54:16",10133600
28.15,-0.35,10000,"sd","13:53:53",10131900
28.15,-0.35,2000,"sd","13:53:46",10121900
28.15,-0.35,700,"sd","13:53:36",10119900
28.2,-0.3,100,"bu","13:53:35",10119200
28.2,-0.3,6000,"bu","13:53:35",10119100
28.15,-0.35,1000,"sd","13:53:31",10113100
28.15,-0.35,4400,"bu","13:53:31",10112100
28.15,-0.35,21000,"bu","13:53:17",10107700
28.15,-0.35,1900,"bu","13:53:16",10086700
28.1,-0.4,300,"sd","13:53:12",10084800
28.15,-0.35,10000,"bu","13:53:12",10084500
28.15,-0.35,1300,"bu","13:53:11",10074500
28.1,-0.4,400,"sd","13:52:58",10073200
28.1,-0.4,100,"sd","13:52:56",10072800
28.15,-0.35,100,"bu","13:52:55",10072700
28.15,-0.35,100,"bu","13:52:48",10072600
28.1,-0.4,4500,"sd","13:52:46",10072500
28.15,-0.35,2000,"bu","13:52:38",10068000
28.1,-0.4,300,"sd","13:52:36",10066000
28.1,-0.4,100,"sd","13:52:31",10065700
28.1,-0.4,100,"sd","13:52:30",10065600
28.1,-0.4,1500,"sd","13:52:25",10065500
28.15,-0.35,200,"bu","13:52:25",10064000
28.1,-0.4,1000,"sd","13:52:23",10063800
28.1,-0.4,21000,"sd","13:52:17",10062800
28.1,-0.4,200,"sd","13:52:07",10041800
28.1,-0.4,5000,"bu","13:52:01",10041600
28.1,-0.4,2000,"bu","13:51:52",10036600
28.05,-0.45,1000,"sd","13:51:50",10034600
28.1,-0.4,2400,"bu","13:51:49",10033600
28.1,-0.4,2300,"bu","13:51:48",10031200
28.05,-0.45,1000,"sd","13:51:42",10028900
28.05,-0.45,800,"bu","13:51:39",10027900
28.05,-0.45,2500,"sd","13:51:35",10027100
28.05,-0.45,3000,"bu","13:51:33",10024600
28.05,-0.45,100,"bu","13:51:31",10021600
28,-0.5,500,"sd","13:51:29",10021500
28.05,-0.45,200,"bu","13:51:24",10021000
28,-0.5,500,"sd","13:51:18",10020800
28,-0.5,5000,"sd","13:51:17",10020300
28,-0.5,500,"sd","13:51:08",10015300
28.1,-0.4,2600,"bu","13:51:07",10014800
28.1,-0.4,700,"bu","13:51:05",10012200
28,-0.5,200,"sd","13:50:54",10011500
28,-0.5,600,"sd","13:50:49",10011300
28,-0.5,5000,"sd","13:50:46",10010700
28,-0.5,1500,"sd","13:50:45",10005700
28,-0.5,300,"sd","13:50:43",10004200
28,-0.5,4200,"bu","13:50:39",10003900
28,-0.5,1100,"bu","13:50:38",9999700
27.95,-0.55,1500,"sd","13:50:37",9998600
28,-0.5,5000,"bu","13:50:35",9997100
28,-0.5,3000,"bu","13:50:34",9992100
28,-0.5,500,"bu","13:50:33",9989100
28,-0.5,5100,"bu","13:50:30",9988600
28,-0.5,200,"bu","13:50:21",9983500
28,-0.5,400,"bu","13:50:19",9983300
28,-0.5,1000,"bu","13:50:09",9982900
28,-0.5,179600,"sd","13:50:07",9981900
28.15,-0.35,2000,"bu","13:50:01",9802300
28.15,-0.35,600,"bu","13:49:58",9800300
28.15,-0.35,100,"bu","13:49:55",9799700
28,-0.5,300,"sd","13:49:54",9788300
28.05,-0.45,160200,"sd","13:49:54",9788000
28.1,-0.4,53300,"sd","13:49:54",9627800
28.15,-0.35,30400,"sd","13:49:46",9574500
28.15,-0.35,300,"sd","13:49:39",9544100
28.15,-0.35,1000,"sd","13:49:38",9543800
28.15,-0.35,200,"sd","13:49:37",9542800
28.15,-0.35,400,"sd","13:49:22",9542600
28.15,-0.35,400,"sd","13:49:09",9542200
28.15,-0.35,100,"sd","13:49:06",9541800
28.15,-0.35,3000,"sd","13:48:53",9541700
28.15,-0.35,4400,"sd","13:48:45",9538700
28.15,-0.35,1000,"sd","13:48:33",9534300
28.15,-0.35,15000,"sd","13:48:29",9533300
28.2,-0.3,500,"bu","13:48:24",9518300
28.2,-0.3,10000,"bu","13:48:21",9517800
28.2,-0.3,500,"bu","13:48:17",9507800
28.2,-0.3,100,"bu","13:48:15",9507300
28.15,-0.35,500,"sd","13:47:45",9507200
28.15,-0.35,1000,"sd","13:47:43",9506700
28.2,-0.3,200,"bu","13:47:42",9505700
28.15,-0.35,300,"sd","13:47:36",9505500
28.15,-0.35,100,"sd","13:47:31",9505200
28.15,-0.35,400,"sd","13:47:17",9505100
28.15,-0.35,100,"sd","13:47:14",9504700
28.15,-0.35,15000,"sd","13:47:06",9504600
28.15,-0.35,200,"sd","13:46:51",9489600
28.2,-0.3,17000,"bu","13:46:47",9489400
28.15,-0.35,7200,"bu","13:46:45",9472400
28.15,-0.35,500,"bu","13:46:43",9465200
28.15,-0.35,12000,"bu","13:46:43",9464700
28.15,-0.35,10000,"bu","13:46:37",9452700
28.1,-0.4,100,"sd","13:46:34",9442700
28.1,-0.4,400,"sd","13:46:30",9442600
28.1,-0.4,13000,"bu","13:46:16",9442200
28.05,-0.45,800,"sd","13:46:15",9429200
28.1,-0.4,3000,"bu","13:46:15",9428400
28.1,-0.4,10000,"bu","13:46:14",9425400
28.1,-0.4,500,"bu","13:46:10",9415400
28.1,-0.4,500,"bu","13:46:05",9414900
28.1,-0.4,500,"bu","13:46:02",9414400
28.1,-0.4,400,"bu","13:46:00",9413900
28.1,-0.4,9300,"sd","13:45:45",9413500
28.1,-0.4,20700,"bu","13:45:44",9404200
28.1,-0.4,1000,"bu","13:45:42",9383500
28.1,-0.4,100,"bu","13:45:40",9382500
28.1,-0.4,1000,"bu","13:45:33",9382400
28.1,-0.4,1000,"bu","13:45:27",9381400
28.05,-0.45,2000,"sd","13:45:25",9380400
28.1,-0.4,100,"bu","13:45:24",9378400
28.05,-0.45,1000,"sd","13:45:22",9378300
28.1,-0.4,100,"bu","13:45:21",9377300
28.1,-0.4,100,"bu","13:45:21",9377200
28.1,-0.4,1000,"bu","13:45:20",9377100
28.1,-0.4,100,"bu","13:45:18",9376100
28.1,-0.4,800,"bu","13:45:14",9376000
28.1,-0.4,500,"bu","13:45:11",9375200
28.05,-0.45,500,"sd","13:45:02",9374700
28.1,-0.4,100,"bu","13:45:01",9374200
28.05,-0.45,2100,"sd","13:44:57",9374100
28.05,-0.45,500,"sd","13:44:48",9372000
28.05,-0.45,200,"sd","13:44:40",9371500
28.05,-0.45,200,"sd","13:44:34",9371300
28.05,-0.45,300,"sd","13:44:21",9371100
28.05,-0.45,500,"sd","13:44:19",9370800
28.05,-0.45,10000,"sd","13:44:14",9370300
28.05,-0.45,200,"sd","13:44:14",9360300
28.05,-0.45,3000,"sd","13:44:12",9360100
28.1,-0.4,1200,"bu","13:44:01",9357100
28.05,-0.45,500,"sd","13:44:00",9355900
28.1,-0.4,1000,"bu","13:43:59",9355400
28.05,-0.45,1000,"sd","13:43:51",9354400
28.05,-0.45,2000,"sd","13:43:47",9353400
28.1,-0.4,500,"bu","13:43:38",9351400
28.1,-0.4,6700,"sd","13:43:33",9350900
28.1,-0.4,500,"sd","13:43:23",9344200
28.1,-0.4,1000,"sd","13:43:21",9343700
28.1,-0.4,11000,"sd","13:43:17",9342700
28.1,-0.4,500,"sd","13:43:15",9331700
28.1,-0.4,4500,"sd","13:43:15",9331200
28.1,-0.4,14100,"sd","13:43:14",9326700
28.1,-0.4,4400,"sd","13:43:11",9312600
28.1,-0.4,500,"sd","13:43:10",9308200
28.1,-0.4,10000,"sd","13:43:08",9307700
28.1,-0.4,8400,"sd","13:43:07",9297700
28.1,-0.4,6000,"sd","13:43:05",9289300
28.1,-0.4,100,"sd","13:42:57",9283300
28.1,-0.4,10400,"sd","13:42:56",9283200
28.1,-0.4,3000,"sd","13:42:54",9272800
28.1,-0.4,20000,"sd","13:42:48",9269800
28.1,-0.4,7000,"sd","13:42:37",9249800
28.1,-0.4,3000,"sd","13:42:28",9242800
28.15,-0.35,500,"bu","13:42:21",9239800
28.15,-0.35,200,"bu","13:42:19",9239300
28.15,-0.35,100,"bu","13:42:03",9239100
28.15,-0.35,500,"bu","13:41:55",9239000
28.15,-0.35,3000,"bu","13:41:47",9238500
28.15,-0.35,1000,"bu","13:41:37",9235500
28.15,-0.35,500,"sd","13:41:27",9234500
28.15,-0.35,100,"sd","13:41:26",9234000
28.15,-0.35,500,"bu","13:41:25",9233900
28.15,-0.35,200,"bu","13:41:24",9233400
28.15,-0.35,100,"bu","13:41:15",9233200
28.15,-0.35,500,"bu","13:41:14",9233100
28.15,-0.35,3800,"sd","13:41:10",9232600
28.15,-0.35,200,"sd","13:41:02",9228800
28.2,-0.3,2300,"sd","13:41:02",9228600
28.2,-0.3,1000,"sd","13:41:01",9226300
28.2,-0.3,10000,"sd","13:40:57",9225300
28.2,-0.3,5100,"sd","13:40:54",9215300
28.2,-0.3,3600,"bu","13:40:52",9210200
28.15,-0.35,2700,"sd","13:40:51",9206600
28.2,-0.3,19000,"bu","13:40:47",9203900
28.15,-0.35,50000,"sd","13:40:42",9184900
28.2,-0.3,14000,"bu","13:40:41",9134900
28.2,-0.3,5000,"bu","13:40:38",9120900
28.2,-0.3,12000,"bu","13:40:35",9115900
28.15,-0.35,1000,"sd","13:40:31",9103900
28.2,-0.3,300,"bu","13:40:27",9102900
28.15,-0.35,800,"sd","13:40:22",9102600
28.2,-0.3,300,"bu","13:40:05",9101800
28.2,-0.3,5000,"bu","13:40:04",9101500
28.15,-0.35,3000,"sd","13:39:57",9096500
28.15,-0.35,500,"sd","13:39:55",9093500
28.2,-0.3,400,"bu","13:39:48",9093000
28.2,-0.3,500,"bu","13:39:44",9092600
28.2,-0.3,300,"bu","13:39:41",9092100
28.2,-0.3,100,"bu","13:39:36",9091800
28.2,-0.3,600,"bu","13:39:30",9091700
28.2,-0.3,1700,"bu","13:39:26",9091100
28.2,-0.3,500,"bu","13:39:21",9089400
28.2,-0.3,5700,"sd","13:39:20",9088900
28.2,-0.3,300,"sd","13:39:17",9083200
28.2,-0.3,5500,"bu","13:39:17",9082900
28.2,-0.3,300,"bu","13:39:15",9077400
28.2,-0.3,1000,"bu","13:39:13",9077100
28.2,-0.3,300,"bu","13:39:10",9076100
28.2,-0.3,1100,"bu","13:39:03",9074800
28.2,-0.3,100,"bu","13:39:03",9073700
28.2,-0.3,2000,"bu","13:38:59",9073600
28.2,-0.3,500,"bu","13:38:57",9071600
28.2,-0.3,1900,"bu","13:38:53",9071100
28.2,-0.3,2800,"bu","13:38:49",9069200
28.2,-0.3,1200,"bu","13:38:48",9066400
28.2,-0.3,4500,"sd","13:38:45",9065200
28.2,-0.3,100,"sd","13:38:44",9060700
28.2,-0.3,500,"sd","13:38:36",9060600
28.2,-0.3,20000,"sd","13:38:36",9060100
28.2,-0.3,100,"sd","13:38:32",9040100
28.2,-0.3,200,"sd","13:38:19",9040000
28.2,-0.3,1000,"sd","13:38:11",9039800
28.2,-0.3,1400,"bu","13:38:09",9038800
28.2,-0.3,200,"bu","13:38:07",9037400
28.15,-0.35,5000,"sd","13:38:06",9037200
28.2,-0.3,1000,"bu","13:38:05",9032200
28.2,-0.3,100,"bu","13:38:04",9031200
28.2,-0.3,200,"bu","13:38:04",9031100
28.2,-0.3,600,"bu","13:38:03",9030900
28.2,-0.3,200,"bu","13:37:57",9030300
28.2,-0.3,1000,"bu","13:37:55",9030100
28.15,-0.35,400,"sd","13:37:52",9029100
28.2,-0.3,500,"bu","13:37:50",9028700
28.15,-0.35,2700,"sd","13:37:48",9028200
28.2,-0.3,300,"bu","13:37:46",9025500
28.15,-0.35,100,"sd","13:37:33",9025200
28.25,-0.25,17100,"bu","13:37:27",9025100
28.2,-0.3,32900,"bu","13:37:27",9008000
28.15,-0.35,100,"sd","13:37:17",8975100
28.15,-0.35,10000,"sd","13:37:05",8975000
28.15,-0.35,13500,"bu","13:37:03",8965000
28.15,-0.35,100,"bu","13:36:59",8951500
28.15,-0.35,2000,"bu","13:36:58",8951400
28.15,-0.35,2000,"bu","13:36:57",8949400
28.15,-0.35,800,"bu","13:36:56",8947400
28.15,-0.35,500,"bu","13:36:55",8946600
28.15,-0.35,100,"bu","13:36:53",8946100
28.15,-0.35,100,"bu","13:36:50",8946000
28.15,-0.35,100,"bu","13:36:48",8945900
28.15,-0.35,500,"bu","13:36:46",8945800
28.15,-0.35,100,"bu","13:36:36",8945300
28.15,-0.35,100,"bu","13:36:33",8945200
28.15,-0.35,1100,"bu","13:36:30",8945100
28.15,-0.35,10000,"bu","13:36:29",8944000
28.15,-0.35,2100,"bu","13:36:27",8934000
28.15,-0.35,300,"bu","13:36:26",8931900
28.15,-0.35,200,"bu","13:36:23",8931600
28.15,-0.35,900,"bu","13:36:21",8931400
28.15,-0.35,400,"bu","13:36:20",8930500
28.15,-0.35,1000,"bu","13:36:19",8930100
28.15,-0.35,100,"bu","13:36:18",8929100
28.15,-0.35,1000,"bu","13:36:16",8929000
28.15,-0.35,2100,"bu","13:36:09",8928000
28.15,-0.35,400,"bu","13:36:07",8925900
28.15,-0.35,1000,"bu","13:36:06",8925500
28.15,-0.35,1000,"bu","13:36:05",8924500
28.15,-0.35,22600,"sd","13:36:04",8923500
28.2,-0.3,500,"bu","13:36:03",8900900
28.2,-0.3,100,"bu","13:35:57",8900400
28.15,-0.35,10300,"sd","13:35:55",8900300
28.2,-0.3,500,"bu","13:35:55",8890000
28.2,-0.3,300,"bu","13:35:53",8889500
28.2,-0.3,1000,"bu","13:35:46",8889200
28.2,-0.3,300,"bu","13:35:45",8888200
28.2,-0.3,10000,"bu","13:35:43",8887900
28.2,-0.3,100,"bu","13:35:41",8877900
28.2,-0.3,400,"bu","13:35:37",8877800
28.2,-0.3,300,"bu","13:35:34",8877400
28.2,-0.3,11000,"bu","13:35:32",8877100
28.2,-0.3,3000,"bu","13:35:26",8866100
28.2,-0.3,500,"bu","13:35:26",8863100
28.2,-0.3,100,"bu","13:35:25",8862600
28.2,-0.3,1000,"bu","13:35:23",8862500
28.2,-0.3,700,"bu","13:35:22",8861500
28.2,-0.3,1100,"sd","13:35:20",8860800
28.25,-0.25,1400,"bu","13:35:19",8859700
28.2,-0.3,2000,"bu","13:35:09",8858300
28.25,-0.25,20000,"bu","13:35:03",8856300
28.15,-0.35,30100,"sd","13:35:01",8836300
28.2,-0.3,2000,"sd","13:34:58",8776300
28.25,-0.25,1000,"bu","13:34:56",8774300
28.2,-0.3,7000,"sd","13:34:55",8773300
28.25,-0.25,1100,"bu","13:34:49",8766300
28.25,-0.25,1000,"bu","13:34:48",8765200
28.2,-0.3,3500,"sd","13:34:47",8764200
28.25,-0.25,300,"bu","13:34:46",8760700
28.2,-0.3,1000,"sd","13:34:46",8760400
28.25,-0.25,1400,"bu","13:34:43",8759400
28.25,-0.25,200,"sd","13:34:42",8758000
28.25,-0.25,13500,"sd","13:34:41",8757800
28.25,-0.25,2000,"sd","13:34:38",8744300
28.25,-0.25,2000,"sd","13:34:27",8742300
28.25,-0.25,1000,"sd","13:34:23",8740300
28.25,-0.25,200,"sd","13:34:22",8739300
28.25,-0.25,16400,"bu","13:34:21",8739100
28.2,-0.3,22000,"sd","13:34:21",8722700
28.25,-0.25,200,"bu","13:34:15",8700700
28.25,-0.25,400,"sd","13:34:15",8700500
28.3,-0.2,5000,"bu","13:34:14",8700100
28.25,-0.25,100,"sd","13:34:06",8695100
28.25,-0.25,1000,"sd","13:34:03",8695000
28.25,-0.25,1000,"sd","13:34:02",8694000
28.25,-0.25,20000,"sd","13:34:00",8693000
28.3,-0.2,1000,"bu","13:33:52",8673000
28.3,-0.2,3000,"bu","13:33:50",8672000
28.25,-0.25,1000,"sd","13:33:48",8669000
28.25,-0.25,1000,"sd","13:33:47",8668000
28.3,-0.2,100,"bu","13:33:43",8667000
28.3,-0.2,200,"bu","13:33:42",8666900
28.3,-0.2,100,"bu","13:33:36",8666700
28.3,-0.2,3000,"bu","13:33:34",8666600
28.3,-0.2,900,"bu","13:33:28",8663600
28.3,-0.2,2000,"bu","13:33:22",8662700
28.3,-0.2,300,"bu","13:33:21",8660700
28.3,-0.2,2000,"bu","13:33:17",8660400
28.3,-0.2,2800,"bu","13:33:12",8658400
28.3,-0.2,200,"bu","13:33:11",8655600
28.3,-0.2,100,"bu","13:33:10",8655400
28.3,-0.2,500,"bu","13:33:09",8655300
28.3,-0.2,1000,"bu","13:33:05",8654800
28.3,-0.2,100,"bu","13:33:04",8653800
28.3,-0.2,500,"bu","13:33:04",8653700
28.3,-0.2,200,"bu","13:33:03",8653200
28.3,-0.2,9400,"sd","13:33:02",8653000
28.35,-0.15,3000,"bu","13:33:01",8643500
28.35,-0.15,5000,"bu","13:32:57",8640500
28.35,-0.15,5000,"bu","13:32:50",8635500
28.35,-0.15,100,"bu","13:32:48",8630500
28.35,-0.15,3000,"bu","13:32:44",8630400
28.3,-0.2,1100,"bu","13:32:36",8627400
28.3,-0.2,1000,"bu","13:32:34",8626300
28.3,-0.2,2000,"bu","13:32:34",8625300
28.3,-0.2,5900,"sd","13:32:32",8623300
28.3,-0.2,45100,"bu","13:32:30",8617400
28.3,-0.2,4200,"bu","13:32:28",8572300
28.25,-0.25,100,"sd","13:32:24",8568100
28.3,-0.2,5000,"bu","13:32:21",8568000
28.25,-0.25,8300,"bu","13:32:14",8563000
28.25,-0.25,1100,"bu","13:32:14",8554700
28.25,-0.25,100,"bu","13:32:13",8553600
28.25,-0.25,2000,"bu","13:32:12",8553500
28.25,-0.25,18900,"bu","13:32:12",8551500
28.25,-0.25,700,"bu","13:32:11",8532600
28.25,-0.25,3500,"bu","13:32:08",8531900
28.25,-0.25,15300,"bu","13:32:06",8528400
28.25,-0.25,100,"bu","13:32:05",8513100
28.25,-0.25,1200,"bu","13:32:03",8513000
28.25,-0.25,200,"bu","13:32:02",8511800
28.25,-0.25,100,"bu","13:31:59",8511600
28.25,-0.25,500,"bu","13:31:58",8511500
28.25,-0.25,200,"bu","13:31:57",8511000
28.2,-0.3,21300,"sd","13:31:55",8510800
28.25,-0.25,1000,"bu","13:31:52",8489500
28.25,-0.25,10000,"bu","13:31:51",8488500
28.25,-0.25,200,"bu","13:31:50",8478500
28.25,-0.25,200,"bu","13:31:49",8478300
28.25,-0.25,3000,"bu","13:31:48",8478100
28.2,-0.3,500,"sd","13:31:45",8475100
28.25,-0.25,1400,"bu","13:31:44",8474600
28.2,-0.3,5600,"bu","13:31:29",8473200
28.2,-0.3,2800,"bu","13:31:28",8467600
28.2,-0.3,9700,"bu","13:31:26",8464800
28.2,-0.3,2300,"bu","13:31:26",8455100
28.2,-0.3,1200,"bu","13:31:23",8452800
28.2,-0.3,500,"bu","13:31:22",8451600
28.2,-0.3,3000,"bu","13:31:20",8451100
28.2,-0.3,1100,"bu","13:31:19",8448100
28.2,-0.3,3000,"bu","13:31:18",8447000
28.2,-0.3,100,"bu","13:31:17",8444000
28.2,-0.3,3900,"bu","13:31:15",8443900
28.2,-0.3,100,"bu","13:31:11",8440000
28.2,-0.3,1500,"bu","13:31:10",8439900
28.2,-0.3,1000,"bu","13:31:10",8438400
28.2,-0.3,3000,"bu","13:31:05",8437400
28.2,-0.3,3000,"bu","13:31:04",8434400
28.2,-0.3,57000,"bu","13:31:04",8431400
28.2,-0.3,700,"bu","13:31:03",8374400
28.2,-0.3,200,"bu","13:31:01",8373700
28.2,-0.3,100,"bu","13:31:00",8373500
28.2,-0.3,600,"bu","13:31:00",8373400
28.2,-0.3,400,"bu","13:30:54",8372800
28.2,-0.3,500,"bu","13:30:47",8372400
28.15,-0.35,300,"sd","13:30:47",8371900
28.15,-0.35,2100,"bu","13:30:45",8371600
28.15,-0.35,1000,"bu","13:30:42",8369500
28.15,-0.35,1100,"bu","13:30:40",8368500
28.15,-0.35,2000,"bu","13:30:38",8367400
28.15,-0.35,30000,"bu","13:30:36",8365400
28.15,-0.35,100,"bu","13:30:34",8335400
28.15,-0.35,200,"bu","13:30:32",8335300
28.15,-0.35,200,"bu","13:30:29",8335100
28.15,-0.35,600,"bu","13:30:26",8334900
28.15,-0.35,6200,"bu","13:30:26",8334300
28.15,-0.35,800,"bu","13:30:25",8328100
28.15,-0.35,1000,"bu","13:30:21",8327300
28.15,-0.35,20000,"bu","13:30:20",8326300
28.15,-0.35,1000,"bu","13:30:19",8306300
28.15,-0.35,900,"bu","13:30:18",8305300
28.15,-0.35,1000,"bu","13:30:17",8304400
28.15,-0.35,5000,"bu","13:30:05",8303400
28.15,-0.35,100,"bu","13:29:56",8298400
28.15,-0.35,300,"bu","13:29:52",8298300
28.15,-0.35,300,"bu","13:29:51",8298000
28.15,-0.35,15000,"bu","13:29:50",8297700
28.15,-0.35,100,"bu","13:29:40",8282700
28.1,-0.4,1200,"sd","13:29:37",8282600
28.1,-0.4,2800,"bu","13:29:33",8281400
28.1,-0.4,500,"bu","13:29:32",8278600
28.1,-0.4,2700,"sd","13:29:31",8278100
28.1,-0.4,1500,"bu","13:29:24",8275400
28.05,-0.45,200,"sd","13:29:22",8273900
28.1,-0.4,400,"bu","13:29:21",8273700
28.1,-0.4,100,"bu","13:29:19",8273300
28.1,-0.4,8000,"bu","13:29:18",8273200
28.1,-0.4,300,"bu","13:29:16",8265200
28.1,-0.4,1200,"bu","13:29:15",8264900
28.1,-0.4,5200,"bu","13:29:13",8263700
28.1,-0.4,200,"bu","13:29:11",8258500
28.1,-0.4,1000,"bu","13:29:08",8258300
28.1,-0.4,400,"bu","13:29:07",8257300
28.1,-0.4,1000,"bu","13:29:06",8256900
28.1,-0.4,2500,"bu","13:29:06",8255900
28.1,-0.4,9800,"bu","13:29:05",8253400
28.1,-0.4,100,"bu","13:29:03",8243600
28.1,-0.4,100,"bu","13:29:01",8243500
28.1,-0.4,2000,"bu","13:28:59",8243400
28.1,-0.4,4100,"bu","13:28:58",8241400
28.1,-0.4,500,"bu","13:28:57",8237300
28.1,-0.4,7000,"bu","13:28:56",8236800
28.1,-0.4,5000,"bu","13:28:53",8229800
28.1,-0.4,500,"bu","13:28:53",8222800
28.1,-0.4,2500,"bu","13:28:52",8222300
28.1,-0.4,100,"bu","13:28:50",8219800
28.1,-0.4,100,"bu","13:28:49",8219700
28.1,-0.4,1100,"bu","13:28:48",8219600
28.1,-0.4,4000,"bu","13:28:47",8218500
28.1,-0.4,500,"bu","13:28:46",8214500
28.1,-0.4,3700,"bu","13:28:46",8214000
28.1,-0.4,1000,"bu","13:28:44",8210300
28.1,-0.4,3000,"bu","13:28:43",8209300
28.1,-0.4,300,"bu","13:28:41",8206300
28.1,-0.4,3400,"bu","13:28:40",8206000
28.1,-0.4,500,"bu","13:28:37",8202600
28.1,-0.4,200,"bu","13:28:36",8202100
28.1,-0.4,10000,"bu","13:28:35",8201900
28.05,-0.45,6000,"sd","13:28:35",8191900
28.1,-0.4,3000,"bu","13:28:34",8185800
28.1,-0.4,2200,"bu","13:28:33",8182800
28.1,-0.4,500,"bu","13:28:30",8180600
28.1,-0.4,800,"bu","13:28:26",8180100
28.1,-0.4,400,"bu","13:28:24",8179300
28.05,-0.45,100,"sd","13:28:24",8178900
28.1,-0.4,1100,"bu","13:28:23",8178800
28.1,-0.4,1000,"bu","13:28:22",8177700
28.1,-0.4,200,"bu","13:28:21",8176700
28.1,-0.4,1000,"bu","13:28:16",8176500
28.1,-0.4,100,"bu","13:28:15",8175500
28.1,-0.4,300,"bu","13:28:13",8175400
28.1,-0.4,3000,"bu","13:28:10",8175100
28.1,-0.4,100,"bu","13:28:08",8172100
28.05,-0.45,6000,"sd","13:28:08",8172000
28.05,-0.45,1700,"sd","13:28:01",8166000
28.1,-0.4,900,"bu","13:28:01",8164300
28.05,-0.45,5100,"sd","13:27:53",8163400
28.05,-0.45,10000,"sd","13:27:50",8158300
28.05,-0.45,2100,"sd","13:27:46",8148300
28.05,-0.45,200,"sd","13:27:44",8146200
28.05,-0.45,1100,"sd","13:27:39",8146000
28.05,-0.45,200,"bu","13:27:25",8144900
28.05,-0.45,100,"bu","13:27:23",8144700
28.05,-0.45,17000,"bu","13:27:22",8144600
28.05,-0.45,15500,"bu","13:27:20",8127600
28.05,-0.45,100,"bu","13:27:14",8112100
28.05,-0.45,5000,"bu","13:27:13",8112000
28.05,-0.45,30600,"sd","13:27:11",8107000
28.05,-0.45,3400,"sd","13:27:11",8076400
28.05,-0.45,700,"sd","13:26:45",8073000
28.05,-0.45,500,"sd","13:26:29",8072300
28.1,-0.4,30000,"bu","13:26:24",8071800
28.05,-0.45,5000,"bu","13:26:24",8041800
28.05,-0.45,3000,"bu","13:26:22",8036800
28.05,-0.45,1000,"bu","13:26:20",8033800
28.05,-0.45,3000,"bu","13:26:19",8032800
28,-0.5,1000,"sd","13:26:16",8029800
28.05,-0.45,100,"bu","13:26:16",8028800
28.05,-0.45,600,"bu","13:26:15",8028700
28.05,-0.45,1800,"bu","13:26:13",8028100
28.05,-0.45,49800,"bu","13:26:12",8026300
28.05,-0.45,2900,"bu","13:25:56",7976500
28.05,-0.45,300,"bu","13:25:47",7973600
28,-0.5,3000,"sd","13:25:46",7973300
28.05,-0.45,100,"bu","13:25:43",7970300
28.05,-0.45,100,"bu","13:25:41",7970200
28.05,-0.45,1000,"bu","13:25:38",7970100
28.05,-0.45,13300,"sd","13:25:37",7969100
28.1,-0.4,1000,"bu","13:25:37",7955800
28.05,-0.45,4000,"sd","13:25:33",7954800
28.05,-0.45,400,"sd","13:25:32",7950800
28.05,-0.45,5000,"sd","13:25:28",7950400
28.1,-0.4,5000,"bu","13:25:28",7945400
28.05,-0.45,20000,"sd","13:25:24",7940400
28.05,-0.45,5000,"sd","13:25:21",7920400
28.05,-0.45,5000,"sd","13:25:19",7915400
28.05,-0.45,2600,"sd","13:25:16",7910400
28.05,-0.45,100,"sd","13:25:15",7907800
28.05,-0.45,2000,"sd","13:25:15",7907700
28.05,-0.45,16500,"sd","13:25:11",7903700
28.05,-0.45,3500,"sd","13:25:10",7887200
28.05,-0.45,500,"sd","13:25:09",7883700
28.05,-0.45,500,"sd","13:25:05",7883200
28.05,-0.45,2000,"sd","13:25:04",7882700
28.05,-0.45,500,"sd","13:25:03",7880700
28.1,-0.4,100,"bu","13:25:00",7880200
28.05,-0.45,100,"sd","13:24:50",7880100
28.05,-0.45,500,"sd","13:24:46",7880000
28.1,-0.4,300,"bu","13:24:46",7879500
28.05,-0.45,200,"sd","13:24:42",7879200
28.05,-0.45,600,"sd","13:24:41",7879000
28.05,-0.45,100,"sd","13:24:40",7878400
28.05,-0.45,100,"sd","13:24:39",7878300
28.05,-0.45,1000,"sd","13:24:33",7878200
28.1,-0.4,1100,"bu","13:24:28",7877200
28.05,-0.45,3000,"sd","13:24:27",7876100
28.05,-0.45,100,"sd","13:24:26",7873100
28.1,-0.4,500,"bu","13:24:21",7873000
28.05,-0.45,100,"sd","13:24:13",7872500
28.1,-0.4,200,"bu","13:24:12",7872400
28.05,-0.45,500,"sd","13:24:11",7872200
28.1,-0.4,100,"bu","13:24:10",7871700
28.05,-0.45,3100,"sd","13:24:09",7871600
28.1,-0.4,2000,"bu","13:24:08",7868500
28.05,-0.45,700,"sd","13:24:08",7866500
28.1,-0.4,2500,"bu","13:24:08",7865800
28.1,-0.4,100,"bu","13:24:07",7863300
28.1,-0.4,100,"bu","13:24:04",7863200
28.05,-0.45,100,"sd","13:24:02",7863100
28.1,-0.4,2000,"bu","13:24:01",7863000
28.05,-0.45,500,"sd","13:23:59",7861000
28.05,-0.45,100,"sd","13:23:58",7860500
28.1,-0.4,300,"bu","13:23:48",7860400
28.1,-0.4,15700,"bu","13:23:45",7860100
28,-0.5,32800,"bu","13:23:45",7832200
28,-0.5,1500,"bu","13:23:44",7799400
28,-0.5,1100,"bu","13:23:43",7797900
28,-0.5,400,"bu","13:23:43",7796800
28,-0.5,1000,"bu","13:23:42",7796400
28,-0.5,30000,"bu","13:23:42",7795400
28,-0.5,3000,"bu","13:23:41",7765400
28,-0.5,100,"bu","13:23:40",7762400
28,-0.5,500,"bu","13:23:39",7762300
28,-0.5,400,"bu","13:23:39",7761800
28,-0.5,400,"bu","13:23:38",7761400
28,-0.5,2300,"bu","13:23:37",7761000
28,-0.5,100,"bu","13:23:37",7758700
28,-0.5,200,"bu","13:23:36",7758600
28,-0.5,1000,"bu","13:23:34",7758400
28,-0.5,19200,"bu","13:23:33",7757400
28,-0.5,3300,"bu","13:23:31",7738200
28,-0.5,200,"bu","13:23:28",7734900
28,-0.5,600,"bu","13:23:27",7734700
28,-0.5,1000,"bu","13:23:25",7734100
28,-0.5,2800,"bu","13:23:24",7733100
28,-0.5,1000,"bu","13:23:22",7730300
28,-0.5,1000,"bu","13:23:21",7729300
28,-0.5,5000,"bu","13:23:19",7728300
27.95,-0.55,600,"sd","13:23:19",7723300
28,-0.5,800,"bu","13:23:19",7722700
27.95,-0.55,1000,"sd","13:23:16",7721900
28,-0.5,500,"bu","13:23:15",7720900
27.95,-0.55,1500,"sd","13:23:12",7720400
27.95,-0.55,100,"sd","13:23:11",7718900
27.95,-0.55,4200,"sd","13:23:10",7718800
27.95,-0.55,1400,"bu","13:23:07",7714600
27.95,-0.55,5000,"bu","13:23:06",7713200
27.95,-0.55,1400,"bu","13:23:05",7708200
27.95,-0.55,3300,"bu","13:23:05",7706800
27.9,-0.6,1500,"sd","13:23:05",7703500
27.95,-0.55,1000,"bu","13:23:03",7702000
27.95,-0.55,1000,"bu","13:23:02",7701000
27.95,-0.55,1500,"bu","13:23:01",7700000
27.95,-0.55,100,"bu","13:22:58",7698500
27.95,-0.55,2000,"bu","13:22:53",7698400
27.9,-0.6,100,"sd","13:22:53",7696400
27.9,-0.6,400,"sd","13:22:45",7696300
27.9,-0.6,2000,"sd","13:22:43",7695900
27.9,-0.6,1300,"bu","13:22:42",7693900
27.9,-0.6,20000,"bu","13:22:42",7692600
27.85,-0.65,300,"sd","13:22:42",7672600
27.9,-0.6,1000,"bu","13:22:40",7672300
27.9,-0.6,200,"bu","13:22:39",7671300
27.9,-0.6,100,"bu","13:22:36",7671100
27.85,-0.65,4500,"sd","13:22:35",7671000
27.9,-0.6,8100,"bu","13:22:34",7666500
27.85,-0.65,1200,"sd","13:22:32",7658400
27.9,-0.6,2100,"bu","13:22:31",7657200
27.85,-0.65,500,"sd","13:22:30",7655100
27.9,-0.6,2000,"bu","13:22:30",7654600
27.9,-0.6,200,"bu","13:22:29",7652600
27.9,-0.6,2000,"bu","13:22:28",7652400
27.85,-0.65,37800,"sd","13:22:28",7650400
27.9,-0.6,200,"bu","13:22:28",7612600
27.85,-0.65,500,"sd","13:22:23",7612400
27.9,-0.6,1000,"bu","13:22:23",7611900
27.85,-0.65,300,"sd","13:22:23",7610900
27.85,-0.65,12000,"sd","13:22:20",7610600
27.85,-0.65,500,"sd","13:22:19",7598600
27.9,-0.6,10000,"bu","13:22:19",7598100
27.85,-0.65,10000,"sd","13:22:18",7588100
27.85,-0.65,7100,"sd","13:22:16",7578100
27.9,-0.6,5000,"bu","13:22:16",7571000
27.85,-0.65,1000,"sd","13:22:16",7566000
27.9,-0.6,12000,"bu","13:22:14",7565000
27.85,-0.65,2100,"sd","13:22:13",7553000
27.85,-0.65,100,"sd","13:22:13",7550900
27.9,-0.6,1000,"bu","13:22:12",7550800
27.85,-0.65,6100,"sd","13:22:11",7549800
27.9,-0.6,100,"bu","13:22:10",7543700
27.85,-0.65,200,"sd","13:22:10",7543600
27.85,-0.65,5000,"sd","13:22:09",7543400
27.85,-0.65,8000,"sd","13:22:08",7538400
27.9,-0.6,100,"bu","13:22:08",7530400
27.85,-0.65,600,"sd","13:22:08",7530300
27.85,-0.65,2000,"sd","13:22:07",7529700
27.9,-0.6,200,"bu","13:22:06",7527700
27.85,-0.65,200,"sd","13:22:06",7527500
27.9,-0.6,1100,"bu","13:22:05",7527300
27.9,-0.6,5000,"bu","13:22:03",7526200
27.9,-0.6,100,"bu","13:22:01",7521200
27.85,-0.65,1000,"sd","13:22:01",7521100
27.85,-0.65,1400,"sd","13:22:00",7520100
27.85,-0.65,2000,"sd","13:21:59",7518700
27.9,-0.6,200,"bu","13:21:58",7516700
27.85,-0.65,300,"sd","13:21:58",7516500
27.85,-0.65,100,"sd","13:21:57",7516200
27.85,-0.65,12000,"sd","13:21:56",7516100
27.85,-0.65,500,"sd","13:21:55",7504100
27.85,-0.65,1200,"sd","13:21:53",7503600
27.9,-0.6,1100,"bu","13:21:53",7502400
27.85,-0.65,1500,"sd","13:21:53",7501300
27.9,-0.6,3500,"bu","13:21:53",7499800
27.85,-0.65,1200,"sd","13:21:52",7496300
27.9,-0.6,400,"bu","13:21:51",7495100
27.9,-0.6,1000,"bu","13:21:50",7494700
27.85,-0.65,400,"sd","13:21:50",7493700
27.85,-0.65,8200,"sd","13:21:49",7493300
27.9,-0.6,600,"bu","13:21:49",7485100
27.85,-0.65,2000,"sd","13:21:49",7484500
27.9,-0.6,1000,"bu","13:21:46",7482500
27.9,-0.6,200,"bu","13:21:45",7481500
27.85,-0.65,300,"sd","13:21:44",7481300
27.9,-0.6,500,"bu","13:21:44",7481000
27.85,-0.65,1600,"sd","13:21:44",7480500
27.9,-0.6,200,"bu","13:21:43",7478900
27.9,-0.6,5000,"sd","13:21:42",7478700
27.95,-0.55,1000,"bu","13:21:42",7473700
27.9,-0.6,1000,"sd","13:21:40",7472700
27.9,-0.6,1400,"sd","13:21:39",7471700
27.9,-0.6,10000,"sd","13:21:39",7470300
27.9,-0.6,8100,"sd","13:21:38",7460300
27.9,-0.6,7100,"sd","13:21:38",7452200
27.95,-0.55,1000,"bu","13:21:37",7445100
27.9,-0.6,10400,"sd","13:21:37",7444100
27.9,-0.6,1900,"sd","13:21:36",7433700
27.9,-0.6,8000,"sd","13:21:35",7431800
27.9,-0.6,10000,"sd","13:21:34",7423800
27.95,-0.55,300,"bu","13:21:34",7413800
27.9,-0.6,50000,"sd","13:21:33",7413500
27.95,-0.55,200,"bu","13:21:33",7363500
27.9,-0.6,2200,"sd","13:21:31",7363300
27.9,-0.6,300,"sd","13:21:30",7361100
27.95,-0.55,1000,"bu","13:21:30",7360800
27.9,-0.6,5900,"sd","13:21:28",7359800
27.9,-0.6,7000,"sd","13:21:28",7353900
27.95,-0.55,1000,"bu","13:21:26",7346900
27.9,-0.6,5000,"sd","13:21:25",7345900
28,-0.5,4900,"bu","13:21:24",7340900
27.95,-0.55,4700,"bu","13:21:24",7336000
27.9,-0.6,1200,"sd","13:21:24",7331300
27.95,-0.55,2100,"bu","13:21:24",7330100
27.9,-0.6,5000,"sd","13:21:23",7328000
27.95,-0.55,1000,"bu","13:21:23",7323000
27.9,-0.6,20000,"sd","13:21:22",7322000
27.9,-0.6,13000,"sd","13:21:21",7302000
27.95,-0.55,2500,"bu","13:21:21",7289000
27.9,-0.6,25200,"sd","13:21:21",7286500
27.95,-0.55,200,"bu","13:21:19",7261300
27.9,-0.6,400,"sd","13:21:18",7261100
27.9,-0.6,8000,"sd","13:21:17",7260700
27.9,-0.6,1000,"sd","13:21:15",7252700
27.9,-0.6,1000,"sd","13:21:14",7251700
28,-0.5,1000,"bu","13:21:14",7250700
28,-0.5,500,"bu","13:21:14",7249700
27.95,-0.55,500,"bu","13:21:14",7249200
27.9,-0.6,1200,"sd","13:21:11",7248700
28,-0.5,1000,"bu","13:21:10",7247500
27.9,-0.6,25300,"sd","13:21:10",7246500
27.95,-0.55,3600,"sd","13:21:08",7153700
27.95,-0.55,13500,"sd","13:21:08",7150100
27.95,-0.55,23000,"sd","13:21:06",7136600
27.95,-0.55,2000,"sd","13:21:06",7113600
28,-0.5,600,"bu","13:21:06",7111600
28,-0.5,1000,"bu","13:21:03",7111000
28,-0.5,1200,"bu","13:21:02",7110000
28,-0.5,8100,"bu","13:21:02",7108800
28,-0.5,1000,"bu","13:21:01",7100700
28,-0.5,300,"bu","13:21:01",7099700
28,-0.5,300,"bu","13:21:00",7099400
27.95,-0.55,1200,"sd","13:21:00",7099100
27.95,-0.55,10000,"sd","13:21:00",7097900
28,-0.5,300,"bu","13:21:00",7087900
27.95,-0.55,1600,"sd","13:20:59",7087600
28,-0.5,23500,"sd","13:20:59",7086000
28,-0.5,12000,"sd","13:20:58",7062500
28,-0.5,8000,"sd","13:20:57",7050500
28,-0.5,500,"sd","13:20:57",7042500
28,-0.5,195400,"sd","13:20:56",7042000
28,-0.5,1400,"sd","13:20:55",6846600
28,-0.5,2000,"sd","13:20:54",6845200
28,-0.5,15000,"sd","13:20:54",6843200
28,-0.5,16400,"sd","13:20:53",6828200
28,-0.5,3000,"sd","13:20:51",6811800
28,-0.5,11200,"sd","13:20:50",6808800
28.05,-0.45,400,"bu","13:20:50",6797600
28.05,-0.45,500,"bu","13:20:49",6797200
28,-0.5,1200,"sd","13:20:48",6796700
28,-0.5,2000,"sd","13:20:47",6795500
28,-0.5,15000,"sd","13:20:47",6793500
28,-0.5,9000,"sd","13:20:46",6778500
28,-0.5,100,"sd","13:20:45",6769500
28.05,-0.45,8000,"bu","13:20:45",6769400
28,-0.5,1000,"sd","13:20:44",6761400
28,-0.5,1000,"sd","13:20:42",6760400
28,-0.5,1000,"sd","13:20:39",6759400
28,-0.5,1000,"sd","13:20:35",6758400
28.05,-0.45,300,"bu","13:20:35",6757400
28,-0.5,12000,"sd","13:20:33",6757100
28.05,-0.45,1300,"bu","13:20:33",6745100
28,-0.5,8000,"sd","13:20:33",6743800
28,-0.5,1000,"sd","13:20:31",6735800
28.05,-0.45,700,"bu","13:20:29",6734800
28.05,-0.45,1900,"bu","13:20:24",6734100
28.05,-0.45,100,"bu","13:20:23",6732200
28.05,-0.45,500,"bu","13:20:22",6732100
28.05,-0.45,3000,"bu","13:20:21",6731600
28.05,-0.45,500,"bu","13:20:20",6728600
28,-0.5,4600,"sd","13:20:19",6728100
28.05,-0.45,500,"bu","13:20:19",6723500
28.05,-0.45,200,"bu","13:20:17",6723000
28.05,-0.45,1200,"bu","13:20:15",6722800
28,-0.5,100,"sd","13:20:15",6721600
28,-0.5,3000,"sd","13:20:14",6721500
28.05,-0.45,1500,"bu","13:20:12",6718500
28.05,-0.45,1000,"bu","13:20:11",6717000
28.05,-0.45,300,"bu","13:20:10",6716000
28,-0.5,10000,"sd","13:20:09",6715700
28.05,-0.45,500,"bu","13:20:07",6705700
28.05,-0.45,500,"bu","13:20:07",6705200
28.05,-0.45,500,"bu","13:20:06",6704700
28.05,-0.45,200,"bu","13:20:05",6704200
28,-0.5,300,"sd","13:20:04",6704000
28.05,-0.45,200,"bu","13:20:04",6703700
28.05,-0.45,100,"bu","13:20:00",6703500
28,-0.5,1000,"sd","13:19:59",6703400
28,-0.5,13700,"sd","13:19:58",6702400
28.05,-0.45,1300,"sd","13:19:58",6688700
28.05,-0.45,200,"bu","13:19:58",6687400
28.05,-0.45,100,"bu","13:19:57",6687200
28.05,-0.45,2200,"bu","13:19:55",6687100
28.05,-0.45,100,"bu","13:19:55",6684900
28.05,-0.45,100,"bu","13:19:54",6684800
28.05,-0.45,300,"bu","13:19:53",6684700
28.05,-0.45,3500,"bu","13:19:53",6684400
28.05,-0.45,400,"bu","13:19:52",6680900
28.05,-0.45,400,"bu","13:19:51",6680500
28.05,-0.45,100,"bu","13:19:51",6680100
28.05,-0.45,1000,"bu","13:19:50",6680000
28.05,-0.45,1000,"bu","13:19:50",6679000
28,-0.5,100,"sd","13:19:49",6678000
28.05,-0.45,2000,"bu","13:19:49",6677900
28.05,-0.45,900,"bu","13:19:47",6675900
28,-0.5,1000,"sd","13:19:46",6675000
28,-0.5,3000,"sd","13:19:43",6674000
28.05,-0.45,100,"bu","13:19:41",6671000
28.05,-0.45,400,"bu","13:19:39",6670900
28,-0.5,200,"sd","13:19:39",6670500
28.05,-0.45,100,"bu","13:19:38",6670300
28.05,-0.45,100,"bu","13:19:37",6670200
28.05,-0.45,3300,"bu","13:19:36",6670100
28,-0.5,10000,"sd","13:19:32",6666800
28.05,-0.45,400,"bu","13:19:31",6656800
28.05,-0.45,800,"bu","13:19:30",6656400
28.05,-0.45,1000,"bu","13:19:30",6655600
28.05,-0.45,100,"bu","13:19:29",6654600
28,-0.5,5500,"sd","13:19:28",6654500
28.05,-0.45,1300,"bu","13:19:27",6649000
28.05,-0.45,500,"bu","13:19:26",6647700
28,-0.5,3000,"sd","13:19:25",6647200
28,-0.5,2000,"sd","13:19:24",6644200
28.05,-0.45,300,"bu","13:19:24",6642200
28.05,-0.45,2000,"bu","13:19:22",6641900
28.05,-0.45,1000,"bu","13:19:21",6639900
28,-0.5,2000,"sd","13:19:21",6638900
28.05,-0.45,300,"bu","13:19:20",6636900
28,-0.5,200,"sd","13:19:17",6636600
28.05,-0.45,6100,"bu","13:19:16",6636400
28,-0.5,1300,"sd","13:19:15",6630300
28.05,-0.45,2000,"bu","13:19:14",6629000
28.05,-0.45,200,"bu","13:19:12",6627000
28,-0.5,1000,"sd","13:19:11",6626800
28,-0.5,10000,"sd","13:19:08",6625800
28,-0.5,3500,"sd","13:19:05",6615800
28.05,-0.45,200,"bu","13:19:02",6612300
28,-0.5,300,"sd","13:19:00",6612100
28.05,-0.45,100,"bu","13:19:00",6611800
28,-0.5,300,"sd","13:19:00",6611700
28.05,-0.45,100,"bu","13:19:00",6611400
28,-0.5,11200,"sd","13:18:59",6611300
28.05,-0.45,24500,"sd","13:18:58",6600100
28.05,-0.45,30000,"sd","13:18:56",6575600
28.05,-0.45,30000,"sd","13:18:50",6545600
28.05,-0.45,17000,"sd","13:18:45",6515600
28.1,-0.4,100,"bu","13:18:45",6498600
28.05,-0.45,500,"sd","13:18:45",6498500
28.1,-0.4,100,"bu","13:18:40",6498000
28.1,-0.4,100,"bu","13:18:40",6497900
28.05,-0.45,5500,"sd","13:18:34",6497800
28.1,-0.4,1000,"bu","13:18:34",6492300
28.05,-0.45,50000,"sd","13:18:34",6491300
28.1,-0.4,900,"bu","13:18:33",6441300
28.1,-0.4,700,"bu","13:18:30",6440400
28.1,-0.4,600,"bu","13:18:30",6439700
28.1,-0.4,1000,"bu","13:18:25",6439100
28.1,-0.4,400,"bu","13:18:23",6438100
28.1,-0.4,100,"bu","13:18:21",6437700
28.1,-0.4,100,"bu","13:18:17",6437600
28.1,-0.4,1200,"bu","13:18:12",6437500
28.1,-0.4,100,"bu","13:18:12",6436300
28.1,-0.4,500,"bu","13:18:10",6436200
28.1,-0.4,10000,"sd","13:18:04",6435700
28.1,-0.4,300,"sd","13:18:03",6425700
28.1,-0.4,1400,"sd","13:18:00",6425400
28.1,-0.4,300,"sd","13:18:00",6424000
28.1,-0.4,3500,"bu","13:17:54",6423700
28.1,-0.4,1900,"sd","13:17:53",6420200
28.1,-0.4,200,"sd","13:17:50",6418300
28.1,-0.4,100,"sd","13:17:47",6418100
28.1,-0.4,400,"sd","13:17:43",6418000
28.1,-0.4,6200,"sd","13:17:43",6417600
28.1,-0.4,2000,"sd","13:17:42",6411400
28.1,-0.4,63700,"sd","13:17:41",6409400
28.1,-0.4,91300,"sd","13:17:40",6345700
28.15,-0.35,500,"bu","13:17:39",6254400
28.1,-0.4,10000,"sd","13:17:39",6253900
28.15,-0.35,1000,"bu","13:17:34",6243900
28.1,-0.4,500,"sd","13:17:33",6242900
28.1,-0.4,100,"sd","13:17:32",6242400
28.1,-0.4,100,"sd","13:17:29",6242300
28.15,-0.35,1000,"bu","13:17:24",6242200
28.1,-0.4,20100,"sd","13:17:20",6241200
28.15,-0.35,300,"bu","13:17:15",6221100
28.1,-0.4,2000,"sd","13:17:14",6220800
28.1,-0.4,40000,"sd","13:17:13",6218800
28.15,-0.35,1000,"bu","13:17:09",6178800
28.15,-0.35,1000,"bu","13:17:03",6177800
28.15,-0.35,500,"bu","13:17:00",6176800
28.15,-0.35,500,"bu","13:16:59",6176300
28.15,-0.35,200,"bu","13:16:56",6175800
28.15,-0.35,700,"bu","13:16:53",6175600
28.1,-0.4,100,"sd","13:16:53",6174900
28.15,-0.35,100,"bu","13:16:52",6174800
28.15,-0.35,500,"bu","13:16:51",6174700
28.15,-0.35,500,"bu","13:16:49",6174200
28.1,-0.4,10000,"sd","13:16:47",6173700
28.15,-0.35,600,"bu","13:16:40",6163700
28.15,-0.35,4200,"bu","13:16:38",6163100
28.15,-0.35,800,"bu","13:16:37",6158900
28.15,-0.35,500,"bu","13:16:35",6158100
28.15,-0.35,1000,"bu","13:16:31",6157600
28.15,-0.35,100,"bu","13:16:30",6156600
28.15,-0.35,100,"bu","13:16:28",6156500
28.15,-0.35,5000,"bu","13:16:27",6156400
28.15,-0.35,2100,"bu","13:16:21",6151400
28.15,-0.35,1000,"bu","13:16:18",6149300
28.15,-0.35,200,"bu","13:16:17",6148300
28.15,-0.35,2100,"sd","13:16:16",6148100
28.15,-0.35,5000,"sd","13:16:15",6146000
28.15,-0.35,3000,"bu","13:16:12",6141000
28.15,-0.35,100,"bu","13:16:11",6138000
28.1,-0.4,900,"sd","13:16:10",6137900
28.15,-0.35,6900,"sd","13:16:10",6137000
28.15,-0.35,5000,"sd","13:16:07",6130100
28.15,-0.35,31400,"sd","13:16:05",6125100
28.15,-0.35,10300,"sd","13:16:00",6093700
28.15,-0.35,200,"sd","13:15:56",6083400
28.2,-0.3,100,"bu","13:15:53",6083200
28.15,-0.35,5500,"sd","13:15:49",6083100
28.15,-0.35,34500,"sd","13:15:49",6077600
28.2,-0.3,100,"bu","13:15:48",6043100
28.2,-0.3,1500,"bu","13:15:47",6043000
28.15,-0.35,100,"sd","13:15:45",6041500
28.15,-0.35,10100,"sd","13:15:44",6041400
28.2,-0.3,800,"bu","13:15:38",6031300
28.2,-0.3,1500,"bu","13:15:32",6030500
28.15,-0.35,1000,"sd","13:15:27",6029000
28.2,-0.3,900,"bu","13:15:27",6028000
28.15,-0.35,100,"sd","13:15:16",6027100
28.2,-0.3,5000,"bu","13:15:08",6027000
28.15,-0.35,100,"sd","13:14:45",6022000
28.15,-0.35,300,"sd","13:14:44",6021900
28.2,-0.3,500,"bu","13:14:43",6021600
28.15,-0.35,300,"sd","13:14:42",6021100
28.2,-0.3,100,"bu","13:14:23",6020800
28.15,-0.35,500,"sd","13:14:21",6020700
28.2,-0.3,1000,"bu","13:14:00",6020200
28.15,-0.35,1000,"sd","13:13:59",6019200
28.15,-0.35,100,"sd","13:13:46",6018200
28.15,-0.35,300,"sd","13:13:42",6018100
28.15,-0.35,3100,"sd","13:13:41",6017800
28.15,-0.35,3000,"sd","13:13:40",6014700
28.15,-0.35,3800,"sd","13:13:37",6011700
28.15,-0.35,300,"sd","13:13:36",6007900
28.15,-0.35,100,"sd","13:13:33",6007600
28.15,-0.35,900,"sd","13:13:32",6007500
28.15,-0.35,1900,"bu","13:13:30",6006600
28.15,-0.35,500,"bu","13:13:29",6004700
28.15,-0.35,8900,"sd","13:13:28",6004200
28.15,-0.35,2400,"sd","13:13:22",5995300
28.15,-0.35,3400,"bu","13:13:17",5992900
28.15,-0.35,200,"bu","13:13:15",5989500
28.15,-0.35,2000,"bu","13:13:15",5989300
28.15,-0.35,1500,"bu","13:13:14",5987300
28.15,-0.35,500,"bu","13:13:13",5985800
28.15,-0.35,9100,"bu","13:13:12",5985300
28.15,-0.35,300,"bu","13:13:10",5976200
28.15,-0.35,4900,"bu","13:13:03",5975900
28.15,-0.35,1300,"bu","13:13:03",5971000
28.1,-0.4,1200,"sd","13:13:02",5969700
28.15,-0.35,2000,"bu","13:13:01",5968500
28.15,-0.35,1500,"bu","13:12:58",5966500
28.1,-0.4,5000,"sd","13:12:57",5965000
28.15,-0.35,500,"bu","13:12:56",5960000
28.15,-0.35,200,"bu","13:12:54",5959500
28.15,-0.35,500,"bu","13:12:54",5959300
28.15,-0.35,5000,"bu","13:12:51",5958800
28.1,-0.4,1600,"sd","13:12:51",5953800
28.15,-0.35,3700,"bu","13:12:50",5952200
28.15,-0.35,300,"bu","13:12:48",5948500
28.15,-0.35,1000,"bu","13:12:47",5948200
28.15,-0.35,8000,"bu","13:12:45",5947200
28.15,-0.35,800,"bu","13:12:44",5939200
28.15,-0.35,200,"bu","13:12:44",5938400
28.15,-0.35,8300,"bu","13:12:43",5938200
28.1,-0.4,1400,"sd","13:12:43",5929900
28.15,-0.35,1600,"bu","13:12:42",5928500
28.15,-0.35,1000,"bu","13:12:40",5926900
28.1,-0.4,1400,"sd","13:12:40",5925900
28.15,-0.35,500,"bu","13:12:38",5924500
28.15,-0.35,11400,"sd","13:12:37",5924000
28.15,-0.35,2300,"sd","13:12:36",5912600
28.15,-0.35,1200,"sd","13:12:35",5910300
28.15,-0.35,17600,"sd","13:12:32",5909100
28.15,-0.35,29600,"sd","13:12:31",5891500
28.15,-0.35,1500,"sd","13:12:28",5861900
28.15,-0.35,1000,"sd","13:12:25",5860400
28.15,-0.35,1100,"sd","13:12:16",5859400
28.15,-0.35,200,"sd","13:12:13",5858300
28.15,-0.35,300,"sd","13:12:10",5858100
28.15,-0.35,10000,"sd","13:12:07",5857800
28.15,-0.35,2400,"bu","13:12:07",5847800
28.15,-0.35,10200,"bu","13:12:06",5845400
28.15,-0.35,500,"bu","13:12:05",5835200
28.15,-0.35,1000,"bu","13:12:03",5834700
28.15,-0.35,1900,"bu","13:12:02",5833700
28.15,-0.35,1000,"bu","13:12:02",5831800
28.15,-0.35,500,"bu","13:12:01",5830800
28.15,-0.35,500,"bu","13:12:00",5830300
28.15,-0.35,100,"bu","13:11:59",5829800
28.15,-0.35,2400,"bu","13:11:58",5829700
28.15,-0.35,1000,"bu","13:11:56",5827300
28.15,-0.35,2500,"bu","13:11:55",5826300
28.15,-0.35,700,"bu","13:11:53",5823800
28.15,-0.35,1000,"bu","13:11:52",5823100
28.15,-0.35,500,"bu","13:11:50",5822100
28.15,-0.35,500,"bu","13:11:48",5821600
28.15,-0.35,2000,"bu","13:11:47",5821100
28.15,-0.35,6100,"bu","13:11:46",5819100
28.15,-0.35,1000,"bu","13:11:40",5813000
28.15,-0.35,100,"bu","13:11:39",5812000
28.1,-0.4,1000,"sd","13:11:38",5811900
28.15,-0.35,500,"bu","13:11:37",5810900
28.15,-0.35,500,"bu","13:11:35",5810400
28.15,-0.35,2000,"bu","13:11:33",5809900
28.15,-0.35,2000,"bu","13:11:30",5807900
28.1,-0.4,13000,"sd","13:11:30",5805900
28.15,-0.35,1000,"bu","13:11:25",5792900
28.15,-0.35,1000,"bu","13:11:25",5791900
28.15,-0.35,2000,"bu","13:11:23",5790900
28.1,-0.4,8000,"sd","13:11:22",5788900
28.15,-0.35,100,"bu","13:11:21",5780900
28.15,-0.35,300,"bu","13:11:20",5780800
28.15,-0.35,500,"bu","13:11:19",5780500
28.15,-0.35,1400,"bu","13:11:19",5780000
28.15,-0.35,500,"bu","13:11:13",5778600
28.15,-0.35,500,"bu","13:11:12",5778100
28.15,-0.35,500,"bu","13:11:12",5777600
28.15,-0.35,200,"bu","13:11:11",5777100
28.1,-0.4,1200,"sd","13:11:10",5776900
28.15,-0.35,200,"bu","13:11:10",5775700
28.15,-0.35,6600,"sd","13:11:08",5775500
28.15,-0.35,5300,"sd","13:11:06",5768900
28.15,-0.35,4700,"sd","13:11:05",5763600
28.15,-0.35,21100,"sd","13:11:01",5758900
28.15,-0.35,1600,"sd","13:10:59",5737800
28.2,-0.3,200,"bu","13:10:58",5736200
28.2,-0.3,50000,"bu","13:10:57",5736000
28.15,-0.35,5900,"sd","13:10:57",5686000
28.15,-0.35,5000,"sd","13:10:55",5680100
28.2,-0.3,200,"bu","13:10:53",5675100
28.15,-0.35,100000,"sd","13:10:52",5674900
28.2,-0.3,100,"bu","13:10:50",5574900
28.15,-0.35,1400,"sd","13:10:49",5574800
28.2,-0.3,900,"bu","13:10:45",5573400
28.15,-0.35,1400,"sd","13:10:42",5572500
28.2,-0.3,200,"bu","13:10:42",5571100
28.15,-0.35,1200,"sd","13:10:38",5570900
28.2,-0.3,100,"bu","13:10:36",5569700
28.15,-0.35,1200,"sd","13:10:34",5569600
28.15,-0.35,13000,"sd","13:10:33",5568400
28.2,-0.3,200,"bu","13:10:31",5555400
28.2,-0.3,900,"bu","13:10:31",5555200
28.2,-0.3,900,"sd","13:10:29",5554300
28.2,-0.3,100,"bu","13:10:28",5553400
28.15,-0.35,1000,"sd","13:10:27",5553300
28.15,-0.35,2400,"sd","13:10:26",5552300
28.2,-0.3,15000,"sd","13:10:24",5544300
28.2,-0.3,3000,"sd","13:10:23",5529300
28.2,-0.3,1200,"sd","13:10:21",5526300
28.2,-0.3,1000,"sd","13:10:20",5525100
28.2,-0.3,5000,"sd","13:10:17",5524100
28.2,-0.3,17200,"sd","13:10:13",5519100
28.2,-0.3,1600,"sd","13:10:12",5501900
28.2,-0.3,6700,"bu","13:10:12",5500300
28.15,-0.35,1400,"sd","13:10:09",5493600
28.15,-0.35,1400,"sd","13:10:07",5492200
28.15,-0.35,1200,"sd","13:10:04",5490800
28.15,-0.35,1200,"sd","13:10:02",5488600
28.2,-0.3,100,"bu","13:10:00",5487400
28.2,-0.3,200,"bu","13:09:59",5487300
28.15,-0.35,1000,"sd","13:09:57",5487100
28.2,-0.3,2500,"bu","13:09:57",5486100
28.2,-0.3,5000,"bu","13:09:56",5483600
28.2,-0.3,1000,"bu","13:09:55",5478600
28.15,-0.35,1000,"sd","13:09:55",5477600
28.2,-0.3,2100,"bu","13:09:53",5476600
28.2,-0.3,2000,"bu","13:09:50",5474500
28.2,-0.3,1000,"bu","13:09:48",5472500
28.2,-0.3,10000,"bu","13:09:46",5471500
28.2,-0.3,500,"bu","13:09:45",5461500
28.2,-0.3,300,"bu","13:09:44",5461000
28.2,-0.3,200,"bu","13:09:44",5460700
28.2,-0.3,100,"bu","13:09:36",5460500
28.2,-0.3,500,"bu","13:09:30",5460400
28.2,-0.3,500,"bu","13:09:19",5459900
28.2,-0.3,1700,"bu","13:09:17",5459400
28.2,-0.3,1100,"sd","13:09:15",5457700
28.2,-0.3,31300,"sd","13:09:14",5456600
28.2,-0.3,100,"sd","13:09:13",5425300
28.2,-0.3,500,"sd","13:09:10",5425200
28.2,-0.3,200,"sd","13:08:58",5424700
28.2,-0.3,6800,"sd","13:08:56",5424500
28.2,-0.3,100,"sd","13:08:52",5417700
28.2,-0.3,2000,"sd","13:08:46",5417600
28.2,-0.3,1700,"sd","13:08:45",5415600
28.2,-0.3,19200,"bu","13:08:43",5413900
28.2,-0.3,500,"bu","13:08:42",5394700
28.2,-0.3,100,"bu","13:08:39",5394200
28.2,-0.3,300,"bu","13:08:37",5394100
28.2,-0.3,1000,"bu","13:08:37",5393800
28.2,-0.3,500,"bu","13:08:31",5392800
28.2,-0.3,1100,"bu","13:08:30",5392300
28.2,-0.3,200,"bu","13:08:25",5391200
28.2,-0.3,6700,"sd","13:08:24",5391000
28.2,-0.3,300,"sd","13:08:20",5384300
28.2,-0.3,5300,"sd","13:08:19",5384000
28.2,-0.3,6000,"sd","13:08:03",5378700
28.2,-0.3,5000,"sd","13:08:00",5372700
28.25,-0.25,100,"bu","13:07:58",5367700
28.2,-0.3,500,"sd","13:07:53",5367600
28.2,-0.3,6700,"sd","13:07:43",5367100
28.2,-0.3,5000,"sd","13:07:41",5360400
28.2,-0.3,100,"sd","13:07:34",5355400
28.2,-0.3,500,"sd","13:07:32",5355300
28.2,-0.3,1100,"bu","13:07:29",5354800
28.2,-0.3,700,"sd","13:07:28",5353700
28.2,-0.3,6600,"sd","13:07:27",5353000
28.2,-0.3,200,"sd","13:07:24",5346400
28.2,-0.3,6000,"sd","13:07:23",5346200
28.2,-0.3,2000,"sd","13:07:10",5340200
28.25,-0.25,700,"bu","13:07:10",5338200
28.25,-0.25,100,"bu","13:06:56",5337500
28.2,-0.3,5100,"sd","13:06:55",5337400
28.2,-0.3,2000,"sd","13:06:54",5332300
28.2,-0.3,7500,"sd","13:06:49",5330300
28.2,-0.3,100,"sd","13:06:48",5322800
28.2,-0.3,2000,"sd","13:06:44",5322700
28.2,-0.3,1000,"sd","13:06:42",5320700
28.2,-0.3,11700,"sd","13:06:34",5319700
28.2,-0.3,2000,"sd","13:06:33",5308000
28.2,-0.3,10000,"sd","13:06:24",5306000
28.2,-0.3,2000,"sd","13:06:22",5296000
28.2,-0.3,3700,"sd","13:06:19",5294000
28.2,-0.3,5000,"sd","13:06:16",5290300
28.25,-0.25,100,"bu","13:06:14",5285300
28.2,-0.3,1800,"sd","13:06:10",5285200
28.2,-0.3,1000,"sd","13:06:09",5283400
28.25,-0.25,700,"bu","13:06:08",5282400
28.2,-0.3,100,"sd","13:06:08",5281700
28.2,-0.3,400,"sd","13:06:03",5281600
28.25,-0.25,3600,"bu","13:06:01",5281200
28.2,-0.3,300,"sd","13:05:58",5277600
28.2,-0.3,200,"sd","13:05:54",5277300
28.2,-0.3,1000,"sd","13:05:49",5277100
28.2,-0.3,4000,"sd","13:05:44",5276100
28.2,-0.3,1200,"sd","13:05:34",5272100
28.2,-0.3,5300,"sd","13:05:31",5270900
28.2,-0.3,1500,"sd","13:05:24",5265600
28.2,-0.3,3500,"bu","13:05:20",5264100
28.2,-0.3,600,"bu","13:05:17",5260600
28.2,-0.3,50000,"bu","13:05:14",5260000
28.2,-0.3,5300,"bu","13:05:12",5210000
28.15,-0.35,500,"sd","13:05:06",5204700
28.2,-0.3,1500,"bu","13:05:03",5204200
28.2,-0.3,400,"bu","13:04:52",5202700
28.2,-0.3,1000,"bu","13:04:44",5202300
28.2,-0.3,500,"bu","13:04:44",5201300
28.2,-0.3,3000,"bu","13:04:43",5200800
28.2,-0.3,5200,"bu","13:04:42",5197800
28.2,-0.3,4700,"sd","13:04:37",5192600
28.2,-0.3,5900,"sd","13:04:32",5187900
28.2,-0.3,400,"sd","13:04:30",5182000
28.2,-0.3,1100,"sd","13:04:22",5181600
28.15,-0.35,18700,"sd","13:04:16",5180500
28.2,-0.3,1300,"sd","13:04:16",5161800
28.2,-0.3,2000,"sd","13:04:14",5160500
28.2,-0.3,200,"sd","13:04:12",5158500
28.2,-0.3,100,"sd","13:04:11",5158300
28.2,-0.3,900,"bu","13:04:04",5158200
28.2,-0.3,100,"bu","13:04:03",5157300
28.2,-0.3,300,"bu","13:04:02",5157200
28.2,-0.3,1000,"bu","13:04:01",5156900
28.2,-0.3,2000,"bu","13:04:00",5155900
28.2,-0.3,11000,"bu","13:04:00",5153900
28.2,-0.3,1000,"bu","13:03:56",5142900
28.2,-0.3,5000,"bu","13:03:55",5141900
28.2,-0.3,100,"bu","13:03:55",5136900
28.2,-0.3,1000,"bu","13:03:54",5136800
28.2,-0.3,1400,"bu","13:03:51",5135800
28.15,-0.35,1800,"sd","13:03:50",5134400
28.2,-0.3,1000,"bu","13:03:48",5132600
28.2,-0.3,500,"bu","13:03:45",5131600
28.15,-0.35,3300,"sd","13:03:45",5131100
28.15,-0.35,1000,"sd","13:03:28",5127800
28.15,-0.35,500,"sd","13:03:21",5126800
28.2,-0.3,200,"bu","13:03:18",5126300
28.15,-0.35,28200,"bu","13:03:16",5126100
28.1,-0.4,200,"sd","13:03:16",5097900
28.15,-0.35,2000,"bu","13:03:16",5097700
28.15,-0.35,1000,"bu","13:03:15",5095700
28.15,-0.35,4000,"bu","13:03:13",5089700
28.1,-0.4,1400,"sd","13:03:13",5085700
28.15,-0.35,400,"bu","13:03:12",5084300
28.15,-0.35,300,"bu","13:03:11",5083900
28.15,-0.35,2000,"bu","13:03:08",5083600
28.15,-0.35,400,"bu","13:03:06",5081600
28.15,-0.35,1000,"bu","13:03:04",5081200
28.15,-0.35,4500,"bu","13:03:03",5080200
28.1,-0.4,2000,"sd","13:03:02",5075700
28.15,-0.35,100,"bu","13:03:01",5073700
28.1,-0.4,9800,"sd","13:03:00",5073600
28.15,-0.35,100,"bu","13:02:59",5063800
28.1,-0.4,10000,"sd","13:02:59",5063700
28.15,-0.35,1000,"bu","13:02:58",5053700
28.1,-0.4,1500,"sd","13:02:57",5052700
28.15,-0.35,5000,"bu","13:02:56",5051200
28.1,-0.4,3000,"sd","13:02:52",5046200
28.1,-0.4,1000,"sd","13:02:48",5043200
28.1,-0.4,1000,"sd","13:02:47",5042200
28.1,-0.4,2900,"sd","13:02:45",5041200
28.1,-0.4,2000,"sd","13:02:37",5038300
28.15,-0.35,1000,"bu","13:02:35",5036300
28.15,-0.35,3400,"bu","13:02:34",5035300
28.15,-0.35,900,"bu","13:02:30",5031900
28.15,-0.35,100,"bu","13:02:26",5031000
28.1,-0.4,100,"sd","13:02:25",5030900
28.1,-0.4,1000,"sd","13:02:25",5030800
28.1,-0.4,1000,"sd","13:02:23",5029800
28.1,-0.4,22400,"sd","13:02:21",5028800
28.1,-0.4,100,"sd","13:02:19",5006400
28.15,-0.35,200,"bu","13:02:18",5006300
28.1,-0.4,8000,"sd","13:02:18",5006100
28.1,-0.4,15500,"sd","13:02:13",4998100
28.15,-0.35,100,"bu","13:02:13",4982600
28.15,-0.35,300,"bu","13:02:12",4982500
28.1,-0.4,2500,"sd","13:02:10",4982200
28.15,-0.35,200,"bu","13:02:09",4979700
28.15,-0.35,5000,"bu","13:02:03",4979500
28.1,-0.4,10000,"sd","13:02:03",4974500
28.1,-0.4,500,"sd","13:02:00",4964500
28.1,-0.4,500,"sd","13:01:58",4964000
28.1,-0.4,7000,"sd","13:01:53",4963500
28.15,-0.35,500,"bu","13:01:51",4956500
28.15,-0.35,1000,"bu","13:01:50",4956000
28.1,-0.4,500,"sd","13:01:49",4955000
28.15,-0.35,4500,"bu","13:01:49",4954500
28.15,-0.35,500,"bu","13:01:49",4950000
28.15,-0.35,2000,"bu","13:01:47",4949500
28.15,-0.35,500,"bu","13:01:46",4947500
28.15,-0.35,2000,"bu","13:01:44",4947000
28.15,-0.35,100,"bu","13:01:39",4945000
28.15,-0.35,3000,"bu","13:01:39",4944900
28.1,-0.4,3000,"sd","13:01:38",4939900
28.15,-0.35,100,"bu","13:01:35",4936900
28.15,-0.35,200,"bu","13:01:29",4936800
28.15,-0.35,100,"bu","13:01:28",4936600
28.15,-0.35,1000,"bu","13:01:22",4936500
28.15,-0.35,100,"bu","13:01:18",4934500
28.15,-0.35,1000,"bu","13:01:17",4934400
28.15,-0.35,2000,"bu","13:01:15",4933400
28.15,-0.35,3000,"bu","13:01:07",4931400
28.1,-0.4,1800,"sd","13:01:07",4928400
28.15,-0.35,2200,"sd","13:01:07",4926600
28.15,-0.35,2000,"sd","13:01:05",4924400
28.15,-0.35,1500,"sd","13:01:05",4922400
28.15,-0.35,1200,"sd","13:01:04",4920900
28.15,-0.35,8200,"sd","13:01:02",4919700
28.15,-0.35,200,"sd","13:01:01",4911500
28.15,-0.35,100,"sd","13:01:00",4911300
28.15,-0.35,800,"sd","13:00:57",4911200
28.15,-0.35,5100,"sd","13:00:57",4910400
28.15,-0.35,400,"sd","13:00:55",4905300
28.15,-0.35,35100,"sd","13:00:53",4904900
28.15,-0.35,7000,"sd","13:00:53",4869800
28.15,-0.35,27700,"sd","13:00:50",4862800
28.15,-0.35,200,"sd","13:00:48",4835100
28.15,-0.35,5100,"sd","13:00:47",4834900
28.15,-0.35,6000,"sd","13:00:44",4829800
28.15,-0.35,9000,"sd","13:00:42",4823800
28.15,-0.35,500,"sd","13:00:41",4814800
28.15,-0.35,5000,"sd","13:00:40",4814300
28.2,-0.3,1000,"bu","13:00:39",4809300
28.15,-0.35,10000,"sd","13:00:39",4808300
28.2,-0.3,2000,"bu","13:00:39",4798300
28.2,-0.3,1100,"bu","13:00:39",4796300
28.15,-0.35,200,"sd","13:00:38",4795200
28.2,-0.3,200,"bu","13:00:38",4795000
28.2,-0.3,100,"bu","13:00:38",4794800
28.15,-0.35,500,"sd","13:00:38",4794700
28.2,-0.3,2600,"bu","13:00:37",4794200
28.2,-0.3,200,"bu","13:00:37",4778000
28.15,-0.35,300,"sd","13:00:37",4777800
28.2,-0.3,2700,"sd","13:00:36",4777500
28.2,-0.3,3400,"sd","13:00:36",4774800
28.25,-0.25,500,"bu","13:00:36",4771400
28.25,-0.25,100,"bu","13:00:35",4768400
28.2,-0.3,300,"sd","13:00:35",4768300
28.2,-0.3,1500,"sd","13:00:35",4768000
28.25,-0.25,1100,"bu","13:00:34",4743500
28.2,-0.3,10500,"sd","13:00:34",4742400
28.2,-0.3,20900,"sd","13:00:32",4731900
28.25,-0.25,600,"bu","13:00:32",4711000
28.2,-0.3,10000,"sd","13:00:32",4710400
28.25,-0.25,300,"bu","13:00:30",4700400
28.2,-0.3,3500,"sd","13:00:29",4700100
28.2,-0.3,43600,"sd","13:00:25",4696600
28.25,-0.25,300,"bu","13:00:22",4653000
28.2,-0.3,2900,"sd","13:00:22",4652700
28.25,-0.25,1000,"bu","13:00:22",4649800
28.2,-0.3,4000,"sd","13:00:22",4648800
28.2,-0.3,200,"sd","13:00:17",4644800
28.2,-0.3,800,"sd","13:00:14",4644600
28.2,-0.3,87300,"sd","13:00:09",4643800
28.25,-0.25,1000,"bu","13:00:09",4556500
28.2,-0.3,15400,"sd","13:00:06",4555500
28.2,-0.3,600,"sd","13:00:03",4540100
28.25,-0.25,300,"bu","13:00:03",4539500
28.2,-0.3,17000,"sd","13:00:02",4539200
28.2,-0.3,25100,"sd","13:00:01",4522200
28.25,-0.25,5000,"bu","13:00:01",4497100
28.25,-0.25,500,"bu","11:29:54",4492100
28.25,-0.25,100,"bu","11:29:53",4491600
28.25,-0.25,500,"bu","11:29:52",4491500
28.25,-0.25,500,"bu","11:29:51",4491000
28.25,-0.25,200,"bu","11:29:49",4490500
28.25,-0.25,400,"bu","11:29:48",4490300
28.25,-0.25,100,"bu","11:29:45",4489400
28.2,-0.3,1000,"sd","11:29:40",4489300
28.25,-0.25,100,"bu","11:29:36",4488300
28.2,-0.3,13000,"sd","11:29:35",4488200
28.2,-0.3,3200,"sd","11:29:30",4475200
28.2,-0.3,4900,"sd","11:29:30",4472000
28.25,-0.25,800,"bu","11:29:29",4467100
28.2,-0.3,13000,"sd","11:29:27",4466300
28.2,-0.3,1200,"sd","11:29:26",4453300
28.2,-0.3,3000,"sd","11:29:25",4452100
28.2,-0.3,8000,"sd","11:29:21",4449100
28.2,-0.3,5000,"sd","11:29:20",4441100
28.2,-0.3,500,"sd","11:29:18",4436100
28.25,-0.25,300,"bu","11:29:16",4435600
28.2,-0.3,400,"sd","11:29:14",4435300
28.2,-0.3,2800,"sd","11:29:13",4434900
28.25,-0.25,1100,"bu","11:29:11",4432100
28.2,-0.3,1400,"sd","11:29:10",4431000
28.2,-0.3,2000,"sd","11:29:09",4429600
28.2,-0.3,5000,"sd","11:29:08",4427600
28.25,-0.25,200,"bu","11:29:05",4421200
28.2,-0.3,1200,"sd","11:29:03",4421000
28.25,-0.25,100,"bu","11:29:03",4419800
28.2,-0.3,1200,"sd","11:29:00",4419700
28.2,-0.3,1600,"sd","11:28:58",4418500
28.25,-0.25,200,"bu","11:28:57",4416900
28.2,-0.3,1000,"sd","11:28:56",4416700
28.25,-0.25,3000,"bu","11:28:53",4415700
28.2,-0.3,2400,"sd","11:28:53",4412700
28.25,-0.25,100,"bu","11:28:52",4410300
28.2,-0.3,100,"sd","11:28:52",4410200
28.2,-0.3,1400,"sd","11:28:48",4410100
28.25,-0.25,100,"bu","11:28:44",4408700
28.2,-0.3,1200,"sd","11:28:41",4408600
28.25,-0.25,1000,"bu","11:28:40",4407400
28.25,-0.25,100,"bu","11:28:38",4406400
28.2,-0.3,1200,"sd","11:28:36",4406300
28.25,-0.25,300,"bu","11:28:30",4405100
28.25,-0.25,33600,"sd","11:28:26",4404800
28.25,-0.25,1000,"sd","11:28:25",4371200
28.25,-0.25,1000,"sd","11:28:24",4370200
28.25,-0.25,1000,"sd","11:28:20",4369200
28.25,-0.25,37500,"sd","11:28:19",4368200
28.25,-0.25,200,"sd","11:28:17",4330700
28.25,-0.25,13000,"sd","11:28:13",4330500
28.25,-0.25,8000,"sd","11:28:06",4317500
28.25,-0.25,5000,"sd","11:28:03",4309500
28.25,-0.25,1200,"sd","11:27:59",4304500
28.25,-0.25,300,"sd","11:27:53",4303300
28.25,-0.25,5000,"sd","11:27:52",4303000
28.25,-0.25,1600,"sd","11:27:44",4298000
28.25,-0.25,1400,"sd","11:27:41",4296400
28.25,-0.25,1400,"sd","11:27:36",4295000
28.25,-0.25,800,"sd","11:27:32",4293600
28.3,-0.2,400,"sd","11:27:32",4292800
28.3,-0.2,100,"sd","11:27:29",4292400
28.3,-0.2,800,"sd","11:27:28",4292300
28.3,-0.2,200,"sd","11:27:26",4291500
28.3,-0.2,8400,"sd","11:27:21",4291300
28.3,-0.2,1000,"sd","11:27:14",4282900
28.3,-0.2,200,"sd","11:27:01",4281900
28.3,-0.2,1200,"sd","11:26:52",4281700
28.3,-0.2,1000,"sd","11:26:45",4280500
28.3,-0.2,1000,"sd","11:26:41",4279500
28.3,-0.2,3400,"bu","11:26:28",4278500
28.3,-0.2,10500,"bu","11:26:27",4275100
28.3,-0.2,600,"bu","11:26:21",4264600
28.3,-0.2,800,"bu","11:26:15",4264000
28.3,-0.2,300,"bu","11:26:10",4263200
28.3,-0.2,4000,"bu","11:26:05",4262900
28.3,-0.2,300,"bu","11:26:01",4258900
28.3,-0.2,2000,"bu","11:25:58",4258600
28.3,-0.2,1000,"bu","11:25:57",4256600
28.3,-0.2,200,"bu","11:25:55",4255600
28.3,-0.2,700,"bu","11:25:46",4255400
28.3,-0.2,100,"bu","11:25:40",4254700
28.3,-0.2,300,"bu","11:25:39",4254600
28.3,-0.2,100,"bu","11:25:34",4254300
28.3,-0.2,300,"bu","11:25:30",4254200
28.3,-0.2,200,"bu","11:25:27",4253900
28.3,-0.2,100,"bu","11:25:24",4253700
28.3,-0.2,5400,"sd","11:25:24",4253600
28.3,-0.2,19100,"sd","11:25:18",4248200
28.3,-0.2,5000,"sd","11:25:17",4229100
28.3,-0.2,18800,"bu","11:25:12",4224100
28.3,-0.2,1200,"bu","11:25:05",4205300
28.3,-0.2,100,"bu","11:25:04",4204100
28.25,-0.25,500,"sd","11:25:02",4204000
28.3,-0.2,200,"bu","11:25:01",4203500
28.3,-0.2,1000,"bu","11:24:59",4203300
28.3,-0.2,100,"bu","11:24:57",4202300
28.3,-0.2,30000,"bu","11:24:55",4202200
28.3,-0.2,3900,"bu","11:24:51",4172200
28.3,-0.2,200,"bu","11:24:51",4168300
28.3,-0.2,100,"bu","11:24:49",4168100
28.3,-0.2,2000,"bu","11:24:46",4168000
28.3,-0.2,2000,"bu","11:24:44",4166000
28.3,-0.2,800,"bu","11:24:36",4164000
28.3,-0.2,200,"bu","11:24:35",4163200
28.3,-0.2,100,"bu","11:24:29",4163000
28.3,-0.2,400,"bu","11:24:27",4162900
28.3,-0.2,2900,"bu","11:24:24",4162500
28.3,-0.2,4000,"bu","11:24:21",4159600
28.3,-0.2,800,"bu","11:24:18",4155600
28.3,-0.2,3300,"bu","11:24:10",4154800
28.3,-0.2,200,"bu","11:24:08",4151500
28.3,-0.2,1600,"bu","11:24:06",4151300
28.3,-0.2,2000,"bu","11:24:00",4149700
28.3,-0.2,100,"bu","11:23:44",4147700
28.25,-0.25,5000,"sd","11:23:30",4147600
28.25,-0.25,100,"sd","11:23:20",4142600
28.25,-0.25,1000,"sd","11:23:19",4142500
28.25,-0.25,1000,"sd","11:23:17",4141500
28.25,-0.25,200,"sd","11:23:05",4140500
28.3,-0.2,2000,"bu","11:22:54",4140300
28.3,-0.2,2000,"bu","11:22:30",4138300
28.25,-0.25,300,"sd","11:22:28",4136300
28.3,-0.2,1000,"bu","11:22:26",4136000
28.3,-0.2,500,"bu","11:22:13",4135000
28.25,-0.25,1000,"sd","11:22:07",4134500
28.25,-0.25,2000,"bu","11:22:04",4133500
28.25,-0.25,200,"bu","11:22:03",4131500
28.25,-0.25,1400,"bu","11:22:02",4131300
28.25,-0.25,1000,"bu","11:22:00",4129900
28.25,-0.25,600,"bu","11:21:57",4128900
28.25,-0.25,48000,"sd","11:21:54",4128300
28.25,-0.25,2000,"sd","11:21:51",4080300
28.3,-0.2,1500,"bu","11:21:49",4078300
28.25,-0.25,20000,"sd","11:21:47",4076800
28.25,-0.25,1000,"sd","11:21:30",4056800
28.3,-0.2,700,"bu","11:21:30",4055800
28.25,-0.25,2000,"sd","11:21:28",4055100
28.25,-0.25,500,"sd","11:21:26",4053100
28.25,-0.25,2000,"sd","11:21:24",4052600
28.25,-0.25,200,"sd","11:21:23",4050600
28.3,-0.2,100,"bu","11:21:19",4050400
28.25,-0.25,2000,"sd","11:21:12",4050300
28.3,-0.2,200,"bu","11:21:11",4048300
28.25,-0.25,500,"sd","11:21:09",4048100
28.25,-0.25,500,"sd","11:21:09",4047600
28.25,-0.25,500,"sd","11:21:07",4047100
28.25,-0.25,20100,"sd","11:21:03",4046600
28.3,-0.2,500,"bu","11:21:02",4026500
28.25,-0.25,40000,"sd","11:21:01",4026000
28.3,-0.2,5100,"bu","11:20:57",3986000
28.3,-0.2,11600,"bu","11:20:45",3980900
28.3,-0.2,38600,"sd","11:20:43",3969300
28.3,-0.2,35600,"sd","11:20:40",3930700
28.3,-0.2,33000,"sd","11:20:34",3895100
28.3,-0.2,16000,"sd","11:20:29",3862100
28.3,-0.2,14000,"sd","11:20:25",3846000
28.3,-0.2,100,"sd","11:20:21",3832000
28.3,-0.2,15200,"sd","11:20:20",3831900
28.3,-0.2,12000,"sd","11:20:17",3816700
28.3,-0.2,24800,"sd","11:20:09",3804700
28.3,-0.2,8500,"sd","11:20:07",3779900
28.3,-0.2,17300,"sd","11:20:07",3771400
28.35,-0.15,1000,"sd","11:20:07",3754100
28.4,-0.1,2200,"sd","11:20:07",3753100
28.35,-0.15,61700,"sd","11:20:07",3750900
28.35,-0.15,14000,"sd","11:20:04",3689200
28.35,-0.15,40500,"sd","11:20:00",3675200
28.35,-0.15,13000,"sd","11:19:54",3634700
28.4,-0.1,20900,"sd","11:19:52",3621700
28.4,-0.1,25000,"sd","11:19:50",3600800
28.4,-0.1,1500,"sd","11:19:49",3575800
28.4,-0.1,2000,"sd","11:19:47",3574300
28.4,-0.1,600,"sd","11:19:35",3572300
28.4,-0.1,300,"sd","11:19:30",3571700
28.4,-0.1,200,"sd","11:19:19",3571400
28.4,-0.1,5000,"sd","11:19:11",3571200
28.45,-0.05,1900,"bu","11:18:47",3566200
28.4,-0.1,500,"sd","11:18:36",3564300
28.4,-0.1,300,"sd","11:18:18",3563800
28.45,-0.05,2000,"bu","11:18:13",3563500
28.4,-0.1,400,"sd","11:18:04",3561500
28.4,-0.1,100,"sd","11:18:00",3561100
28.4,-0.1,3000,"sd","11:17:56",3561000
28.4,-0.1,1000,"sd","11:17:35",3558000
28.4,-0.1,1000,"sd","11:17:34",3557000
28.45,-0.05,1500,"bu","11:17:26",3556000
28.4,-0.1,3000,"sd","11:17:17",3554500
28.4,-0.1,10000,"sd","11:17:05",3551500
28.45,-0.05,700,"bu","11:17:03",3541500
28.4,-0.1,50000,"sd","11:16:46",3540800
28.45,-0.05,100,"bu","11:16:42",3490800
28.45,-0.05,10000,"bu","11:16:36",3490700
28.45,-0.05,200,"bu","11:16:15",3480700
28.45,-0.05,500,"bu","11:15:59",3480500
28.4,-0.1,200,"sd","11:15:41",3480000
28.45,-0.05,400,"bu","11:15:27",3479800
28.4,-0.1,500,"sd","11:15:25",3479400
28.45,-0.05,6700,"sd","11:15:09",3478900
28.45,-0.05,500,"sd","11:15:07",3472200
28.45,-0.05,16100,"sd","11:15:01",3471700
28.45,-0.05,10000,"sd","11:14:52",3455600
28.45,-0.05,2500,"sd","11:14:43",3445600
28.45,-0.05,20000,"sd","11:14:25",3443100
28.45,-0.05,20000,"sd","11:14:17",3423100
28.45,-0.05,20000,"sd","11:14:13",3403100
28.5,0,700,"bu","11:13:36",3383100
28.5,0,300,"bu","11:13:25",3382400
28.5,0,900,"bu","11:13:01",3382100
28.5,0,5000,"bu","11:12:58",3381200
28.5,0,200,"bu","11:11:58",3376200
28.45,-0.05,300,"sd","11:11:41",3376000
28.45,-0.05,100,"sd","11:11:18",3375700
28.45,-0.05,3000,"bu","11:10:44",3375600
28.45,-0.05,500,"bu","11:10:36",3372600
28.45,-0.05,200,"bu","11:10:35",3372100
28.45,-0.05,100,"bu","11:10:06",3371900
28.45,-0.05,100,"bu","11:10:02",3371800
28.45,-0.05,500,"bu","11:09:57",3371700
28.45,-0.05,100,"bu","11:09:54",3371200
28.45,-0.05,200,"bu","11:09:52",3371100
28.45,-0.05,1000,"bu","11:09:50",3370900
28.45,-0.05,14000,"bu","11:09:48",3369900
28.45,-0.05,1000,"bu","11:09:47",3355900
28.45,-0.05,12000,"bu","11:09:41",3354900
28.45,-0.05,10000,"bu","11:09:34",3342900
28.45,-0.05,300,"bu","11:08:57",3332900
28.45,-0.05,100,"bu","11:08:40",3332600
28.45,-0.05,300,"bu","11:08:29",3332500
28.4,-0.1,100,"sd","11:07:27",3332200
28.4,-0.1,500,"sd","11:07:19",3332100
28.45,-0.05,100,"bu","11:07:13",3331600
28.45,-0.05,5000,"bu","11:07:12",3331500
28.45,-0.05,200,"bu","11:07:10",3326500
28.45,-0.05,100,"bu","11:06:53",3326300
28.45,-0.05,700,"bu","11:06:40",3326100
28.45,-0.05,1000,"bu","11:06:38",3325400
28.45,-0.05,4200,"sd","11:06:20",3324400
28.45,-0.05,4300,"sd","11:06:20",3320200
28.5,0,10000,"bu","11:06:14",3315900
28.5,0,18700,"bu","11:06:09",3305900
28.45,-0.05,800,"sd","11:06:07",3287200
28.45,-0.05,60000,"sd","11:06:06",3286400
28.45,-0.05,2000,"sd","11:05:59",3226400
28.5,0,1700,"bu","11:05:55",3224400
28.5,0,1700,"bu","11:05:51",3222700
28.5,0,1500,"bu","11:05:47",3221000
28.5,0,1500,"bu","11:05:43",3219500
28.45,-0.05,100,"sd","11:05:40",3218000
28.5,0,4300,"bu","11:05:39",3217900
28.5,0,1300,"bu","11:05:34",3213600
28.5,0,700,"bu","11:05:30",3212300
28.5,0,1700,"bu","11:05:26",3211600
28.45,-0.05,1500,"sd","11:05:25",3209900
28.5,0,1700,"bu","11:05:23",3208400
28.5,0,6700,"bu","11:05:20",3206700
28.5,0,1500,"bu","11:05:19",3200000
28.45,-0.05,400,"sd","11:05:16",3198500
28.5,0,1500,"bu","11:05:15",3198100
28.45,-0.05,5000,"sd","11:05:12",3196600
28.5,0,1300,"bu","11:05:10",3191600
28.5,0,1300,"bu","11:05:05",3190300
28.5,0,1700,"bu","11:04:56",3189000
28.5,0,1700,"bu","11:04:52",3187300
28.5,0,1500,"bu","11:04:47",3185600
28.5,0,1500,"bu","11:04:43",3184100
28.5,0,2000,"bu","11:04:42",3182600
28.5,0,1000,"bu","11:04:38",3180600
28.5,0,1300,"bu","11:04:32",3179600
28.5,0,1300,"bu","11:04:28",3178300
28.45,-0.05,1000,"sd","11:04:16",3177000
28.45,-0.05,200,"sd","11:03:27",3176000
28.5,0,2200,"bu","11:03:15",3175800
28.5,0,100,"bu","11:03:11",3173600
28.5,0,200,"bu","11:03:10",3173500
28.45,-0.05,100,"sd","11:03:03",3173300
28.45,-0.05,200,"sd","11:03:02",3173200
28.5,0,100,"bu","11:02:42",3173000
28.5,0,1000,"bu","11:02:30",3172900
28.5,0,1000,"bu","11:02:06",3171900
28.5,0,100,"bu","11:01:59",3170900
28.5,0,10000,"bu","11:01:45",3170800
28.5,0,1000,"bu","11:01:32",3160800
28.5,0,100,"bu","11:01:07",3159800
28.5,0,100,"bu","11:00:55",3159700
28.45,-0.05,500,"sd","11:00:48",3159600
28.5,0,100,"bu","11:00:48",3159100
28.45,-0.05,1000,"sd","11:00:37",3159000
28.45,-0.05,9600,"sd","10:59:46",3158000
28.5,0,500,"bu","10:59:34",3148400
28.5,0,100,"bu","10:59:31",3147900
28.5,0,500,"bu","10:59:19",3147800
28.5,0,2000,"bu","10:59:14",3147300
28.5,0,14000,"bu","10:59:03",3145300
28.45,-0.05,500,"sd","10:59:01",3131300
28.5,0,20000,"bu","10:58:27",3130800
28.5,0,200,"bu","10:58:16",3110800
28.5,0,800,"bu","10:58:04",3110600
28.5,0,20000,"bu","10:57:56",3109800
28.5,0,300,"sd","10:57:24",3089800
28.5,0,700,"bu","10:57:22",3089500
28.5,0,16500,"sd","10:57:18",3088800
28.5,0,2000,"sd","10:57:13",3072300
28.5,0,1000,"sd","10:57:07",3070300
28.55,0.05,100,"bu","10:57:02",3069300
28.55,0.05,22000,"bu","10:56:20",3069200
28.5,0,500,"sd","10:56:15",3047200
28.5,0,100,"sd","10:55:59",3046700
28.5,0,200,"sd","10:55:58",3046600
28.5,0,3000,"sd","10:55:30",3046400
28.5,0,1400,"sd","10:55:25",3043400
28.5,0,10900,"sd","10:55:20",3042000
28.5,0,12800,"sd","10:54:29",3031100
28.5,0,2000,"sd","10:54:28",3018300
28.55,0.05,16000,"bu","10:54:16",3016300
28.5,0,1000,"sd","10:54:14",3000300
28.55,0.05,100,"bu","10:53:52",2999300
28.5,0,100,"sd","10:53:49",2999200
28.5,0,300,"sd","10:53:37",2999100
28.5,0,5000,"bu","10:53:28",2998800
28.5,0,2000,"bu","10:53:28",2993800
28.5,0,10000,"bu","10:53:20",2991800
28.5,0,100,"bu","10:53:16",2981800
28.5,0,500,"bu","10:53:11",2981700
28.5,0,3400,"sd","10:53:09",2981200
28.5,0,20000,"sd","10:53:04",2977800
28.5,0,2000,"sd","10:53:00",2957800
28.5,0,1000,"sd","10:52:49",2955800
28.55,0.05,500,"bu","10:52:44",2954800
28.55,0.05,100,"bu","10:52:33",2954300
28.55,0.05,100,"bu","10:52:27",2954200
28.55,0.05,1400,"bu","10:52:22",2954100
28.55,0.05,900,"bu","10:52:20",2952700
28.55,0.05,3000,"sd","10:52:17",2951800
28.55,0.05,11600,"sd","10:52:12",2948800
28.6,0.1,100,"bu","10:52:10",2936800
28.6,0.1,3500,"sd","10:52:02",2936700
28.6,0.1,2000,"sd","10:51:54",2933200
28.6,0.1,20000,"sd","10:51:46",2931200
28.65,0.15,10000,"bu","10:51:42",2911200
28.65,0.15,3600,"bu","10:51:34",2901200
28.6,0.1,5000,"sd","10:51:34",2897600
28.65,0.15,100,"bu","10:51:28",2892600
28.6,0.1,1000,"sd","10:51:22",2892500
28.65,0.15,1200,"bu","10:51:00",2891500
28.65,0.15,1800,"sd","10:50:56",2890300
28.7,0.2,1600,"bu","10:50:56",2888500
28.65,0.15,5000,"sd","10:50:56",2886900
28.7,0.2,1000,"bu","10:50:52",2881900
28.7,0.2,1400,"bu","10:50:48",2880900
28.65,0.15,100,"sd","10:50:47",2879500
28.7,0.2,1400,"bu","10:50:42",2879400
28.7,0.2,1200,"bu","10:50:37",2878000
28.65,0.15,200,"sd","10:50:36",2876800
28.7,0.2,100,"bu","10:50:35",2876600
28.7,0.2,1200,"bu","10:50:34",2876500
28.65,0.15,3500,"sd","10:50:32",2875300
28.65,0.15,500,"sd","10:50:27",2871800
28.7,0.2,1000,"bu","10:50:25",2871300
28.65,0.15,100,"sd","10:50:25",2870300
28.65,0.15,800,"sd","10:50:23",2870200
28.65,0.15,100,"sd","10:50:22",2869400
28.7,0.2,1000,"bu","10:50:22",2869300
28.65,0.15,100,"sd","10:50:20",2868300
28.65,0.15,200,"sd","10:50:17",2868200
28.65,0.15,200,"sd","10:50:17",2868000
28.65,0.15,5000,"sd","10:50:14",2867800
28.65,0.15,5000,"sd","10:50:11",2862800
28.65,0.15,100,"sd","10:50:07",2857800
28.65,0.15,100,"sd","10:49:54",2857700
28.7,0.2,200,"bu","10:49:53",2857600
28.7,0.2,100,"bu","10:49:19",2857400
28.7,0.2,100,"bu","10:49:18",2857300
28.65,0.15,100,"sd","10:49:16",2857200
28.7,0.2,1000,"bu","10:48:49",2857100
28.65,0.15,1000,"sd","10:48:47",2856100
28.7,0.2,1000,"bu","10:48:42",2855100
28.7,0.2,100200,"bu","10:48:34",2854100
28.7,0.2,300,"bu","10:48:27",2753900
28.65,0.15,2000,"sd","10:48:25",2753600
28.7,0.2,200,"bu","10:48:22",2751600
28.7,0.2,100,"bu","10:48:21",2751400
28.7,0.2,200,"bu","10:48:13",2751300
28.7,0.2,300,"bu","10:47:57",2751100
28.7,0.2,2000,"bu","10:47:56",2750800
28.7,0.2,900,"bu","10:47:55",2748800
28.7,0.2,300,"bu","10:47:52",2747900
28.7,0.2,400,"bu","10:47:37",2747600
28.65,0.15,300,"bu","10:47:36",2747200
28.65,0.15,500,"bu","10:47:34",2746900
28.65,0.15,3000,"bu","10:47:32",2746400
28.65,0.15,500,"bu","10:47:31",2743400
28.65,0.15,500,"bu","10:47:29",2742900
28.65,0.15,10300,"bu","10:47:28",2742400
28.65,0.15,2000,"bu","10:47:26",2732100
28.65,0.15,3000,"bu","10:47:22",2730100
28.65,0.15,20000,"bu","10:47:21",2727100
28.65,0.15,500,"bu","10:47:18",2707100
28.65,0.15,5000,"bu","10:47:15",2706600
28.65,0.15,200,"bu","10:47:11",2701600
28.65,0.15,10000,"bu","10:47:01",2701400
28.65,0.15,1000,"bu","10:47:00",2691400
28.65,0.15,200,"bu","10:46:57",2690400
28.65,0.15,200,"bu","10:46:53",2690200
28.65,0.15,4100,"bu","10:46:52",2690000
28.65,0.15,3900,"bu","10:46:50",2685900
28.65,0.15,500,"bu","10:46:36",2682000
28.65,0.15,100,"bu","10:46:36",2681500
28.65,0.15,100,"bu","10:46:28",2681400
28.65,0.15,2000,"bu","10:46:18",2681300
28.65,0.15,10000,"bu","10:46:15",2679300
28.6,0.1,500,"sd","10:46:13",2669300
28.65,0.15,500,"bu","10:45:56",2668800
28.65,0.15,5000,"bu","10:45:52",2668300
28.65,0.15,1000,"bu","10:45:48",2663300
28.65,0.15,100,"bu","10:45:45",2662300
28.65,0.15,1300,"bu","10:45:42",2662200
28.65,0.15,2500,"bu","10:45:32",2660900
28.65,0.15,100,"bu","10:45:30",2658400
28.65,0.15,1000,"bu","10:45:21",2658300
28.6,0.1,700,"bu","10:45:18",2657300
28.6,0.1,300,"bu","10:45:17",2656600
28.6,0.1,18000,"bu","10:45:13",2656300
28.6,0.1,500,"bu","10:45:10",2638300
28.55,0.05,100,"sd","10:45:07",2637800
28.6,0.1,4600,"bu","10:45:05",2637700
28.6,0.1,1200,"bu","10:45:05",2633100
28.6,0.1,12600,"bu","10:45:01",2631900
28.6,0.1,25600,"bu","10:45:01",2619300
28.55,0.05,500,"sd","10:44:42",2593700
28.6,0.1,1000,"bu","10:44:37",2593200
28.55,0.05,100,"sd","10:44:12",2592200
28.6,0.1,6900,"bu","10:44:11",2592100
28.55,0.05,5000,"sd","10:44:01",2585200
28.55,0.05,1000,"sd","10:43:58",2580200
28.55,0.05,500,"sd","10:43:54",2579200
28.55,0.05,500,"sd","10:43:49",2578700
28.55,0.05,200,"sd","10:43:44",2578200
28.55,0.05,10000,"bu","10:43:36",2578000
28.55,0.05,1700,"bu","10:43:36",2568000
28.55,0.05,8400,"bu","10:43:33",2566300
28.55,0.05,200,"bu","10:43:32",2557900
28.5,0,500,"sd","10:43:31",2557700
28.55,0.05,100,"bu","10:43:30",2557200
28.55,0.05,200,"bu","10:43:29",2557100
28.55,0.05,3000,"bu","10:43:25",2556900
28.55,0.05,600,"bu","10:43:23",2553900
28.55,0.05,1000,"bu","10:43:21",2553300
28.55,0.05,2700,"bu","10:43:14",2552300
28.55,0.05,1000,"bu","10:43:12",2549600
28.55,0.05,300,"sd","10:43:00",2548600
28.55,0.05,7000,"sd","10:42:52",2548300
28.6,0.1,200,"bu","10:42:51",2541300
28.6,0.1,200,"bu","10:42:46",2541100
28.6,0.1,2000,"bu","10:42:45",2540900
28.6,0.1,5400,"bu","10:42:38",2538900
28.6,0.1,200,"bu","10:42:31",2533400
28.55,0.05,1000,"sd","10:42:29",2533200
28.55,0.05,600,"bu","10:42:11",2532200
28.55,0.05,1000,"bu","10:42:10",2531600
28.55,0.05,100,"bu","10:42:03",2530600
28.55,0.05,14500,"bu","10:41:58",2530500
28.55,0.05,1000,"bu","10:41:54",2516000
28.55,0.05,1000,"bu","10:41:50",2515000
28.55,0.05,100,"bu","10:41:43",2514000
28.55,0.05,700,"bu","10:41:34",2513900
28.55,0.05,3600,"bu","10:41:33",2513200
28.55,0.05,100,"bu","10:41:28",2509600
28.55,0.05,3000,"bu","10:41:17",2509500
28.5,0,44000,"bu","10:40:57",2506500
28.5,0,30000,"bu","10:40:54",2462500
28.5,0,400,"bu","10:40:54",2432500
28.5,0,200,"bu","10:40:46",2432100
28.5,0,200,"bu","10:40:33",2431900
28.45,-0.05,500,"sd","10:40:32",2431700
28.5,0,5000,"bu","10:40:29",2431200
28.5,0,100,"bu","10:40:25",2426200
28.45,-0.05,400,"sd","10:40:21",2426100
28.5,0,500,"bu","10:40:16",2425700
28.5,0,100,"bu","10:40:09",2425200
28.5,0,100,"bu","10:40:05",2425100
28.5,0,1200,"bu","10:39:55",2425000
28.5,0,800,"bu","10:39:54",2423800
28.5,0,100,"bu","10:39:47",2423000
28.5,0,500,"bu","10:39:45",2422900
28.5,0,500,"bu","10:39:40",2422400
28.5,0,100,"bu","10:39:32",2421900
28.5,0,500,"bu","10:38:54",2421800
28.45,-0.05,10600,"sd","10:38:43",2421300
28.45,-0.05,1800,"sd","10:38:31",2410700
28.45,-0.05,500,"sd","10:38:27",2408900
28.45,-0.05,100,"sd","10:38:26",2408400
28.45,-0.05,100,"sd","10:38:01",2408300
28.45,-0.05,100,"sd","10:37:46",2408200
28.45,-0.05,300,"sd","10:37:31",2408100
28.45,-0.05,100,"sd","10:37:21",2407800
28.45,-0.05,5000,"sd","10:37:20",2407700
28.45,-0.05,1400,"bu","10:36:48",2402700
28.45,-0.05,3000,"bu","10:36:47",2401300
28.45,-0.05,1000,"bu","10:36:45",2398300
28.45,-0.05,1600,"bu","10:36:44",2397300
28.45,-0.05,400,"bu","10:36:42",2395700
28.45,-0.05,100,"bu","10:36:40",2395300
28.45,-0.05,200,"bu","10:36:33",2395200
28.45,-0.05,600,"bu","10:36:29",2395000
28.45,-0.05,10500,"bu","10:36:25",2394400
28.4,-0.1,600,"sd","10:36:18",2383900
28.45,-0.05,500,"bu","10:36:17",2383300
28.45,-0.05,1500,"bu","10:36:11",2382800
28.45,-0.05,100,"bu","10:35:59",2381300
28.45,-0.05,100,"bu","10:35:53",2381200
28.45,-0.05,700,"bu","10:35:44",2381100
28.45,-0.05,300,"bu","10:35:19",2380400
28.45,-0.05,200,"bu","10:35:10",2380100
28.45,-0.05,200,"bu","10:34:59",2379900
28.45,-0.05,200,"bu","10:34:56",2379700
28.45,-0.05,200,"bu","10:34:44",2379500
28.45,-0.05,200,"bu","10:34:39",2379300
28.45,-0.05,200,"bu","10:34:38",2379100
28.45,-0.05,5000,"bu","10:34:32",2378900
28.45,-0.05,500,"bu","10:34:31",2373900
28.4,-0.1,2500,"sd","10:34:28",2373400
28.45,-0.05,800,"bu","10:34:10",2370900
28.45,-0.05,1000,"bu","10:33:58",2370100
28.45,-0.05,100,"bu","10:33:37",2369100
28.45,-0.05,1000,"bu","10:33:10",2369000
28.4,-0.1,1000,"sd","10:33:00",2368000
28.4,-0.1,700,"sd","10:32:45",2367000
28.4,-0.1,3300,"sd","10:32:40",2366300
28.4,-0.1,700,"sd","10:32:37",2363000
28.45,-0.05,1000,"bu","10:32:21",2362300
28.4,-0.1,200,"sd","10:32:13",2361300
28.45,-0.05,100,"bu","10:32:11",2361100
28.4,-0.1,100,"sd","10:32:11",2361000
28.4,-0.1,1000,"sd","10:32:06",2360900
28.4,-0.1,200,"sd","10:31:55",2359900
28.45,-0.05,100,"bu","10:31:28",2359700
28.4,-0.1,100,"sd","10:31:22",2359600
28.45,-0.05,300,"bu","10:31:19",2359500
28.45,-0.05,1000,"bu","10:31:08",2359200
28.45,-0.05,1000,"bu","10:31:06",2358200
28.45,-0.05,1000,"bu","10:31:00",2357200
28.45,-0.05,500,"bu","10:30:56",2356200
28.4,-0.1,100,"sd","10:30:52",2355700
28.4,-0.1,100,"sd","10:30:46",2355600
28.45,-0.05,500,"bu","10:30:29",2355500
28.45,-0.05,500,"bu","10:30:15",2355000
28.45,-0.05,200,"bu","10:30:01",2354500
28.45,-0.05,1800,"bu","10:29:56",2354300
28.45,-0.05,1000,"bu","10:29:51",2352500
28.4,-0.1,20000,"sd","10:29:50",2351500
28.45,-0.05,2500,"sd","10:29:45",2331500
28.45,-0.05,900,"sd","10:29:35",2329000
28.45,-0.05,300,"sd","10:29:21",2328100
28.45,-0.05,400,"bu","10:29:12",2327800
28.45,-0.05,1000,"bu","10:29:11",2327400
28.4,-0.1,100,"sd","10:29:06",2326400
28.45,-0.05,6400,"bu","10:28:55",2326300
28.45,-0.05,2000,"bu","10:28:54",2319900
28.4,-0.1,100,"sd","10:28:53",2317900
28.4,-0.1,1000,"sd","10:28:16",2317800
28.45,-0.05,5000,"bu","10:28:10",2316800
28.45,-0.05,1000,"bu","10:27:49",2311800
28.4,-0.1,1100,"sd","10:27:40",2310800
28.4,-0.1,800,"sd","10:27:34",2309700
28.4,-0.1,200,"sd","10:27:31",2308900
28.4,-0.1,200,"sd","10:27:19",2308700
28.45,-0.05,100,"bu","10:26:45",2308500
