"price","change","match_qtty","side","time","total_vol"
2.8,0.1,300,"bu","14:59:52",713400
2.7,0,20000,"sd","14:57:32",713100
2.7,0,100,"sd","14:51:17",693100
2.8,0.1,100,"bu","14:46:37",693000
2.7,0,100,"sd","14:39:14",692900
2.8,0.1,100,"bu","14:38:49",692800
2.7,0,100,"sd","14:37:22",692700
2.8,0.1,2000,"bu","14:31:48",692600
2.7,0,3500,"bu","14:29:11",690600
2.7,0,5000,"bu","14:29:07",687100
2.7,0,7500,"sd","14:28:43",682100
2.7,0,1000,"sd","14:28:40",674600
2.7,0,5000,"bu","14:28:39",673600
2.7,0,4000,"bu","14:28:36",668600
2.7,0,10000,"bu","14:28:19",664600
2.7,0,5000,"bu","14:28:12",654600
2.7,0,100,"bu","14:28:11",649600
2.7,0,11000,"bu","14:28:07",649500
2.7,0,1000,"bu","14:27:25",638500
2.7,0,4700,"bu","14:27:24",637500
2.7,0,1000,"bu","14:26:55",632800
2.7,0,1000,"bu","14:23:20",631800
2.7,0,200,"bu","14:18:13",630800
2.7,0,100,"bu","14:17:54",630600
2.7,0,5000,"bu","14:17:48",630500
2.7,0,300,"bu","14:17:38",625500
2.7,0,100,"bu","14:17:37",625200
2.7,0,200,"bu","14:17:34",625100
2.7,0,14000,"bu","14:17:31",624900
2.7,0,3000,"bu","14:16:29",610900
2.7,0,5800,"bu","14:16:02",607900
2.7,0,100,"bu","14:16:01",602100
2.7,0,100,"bu","14:15:24",602000
2.7,0,4100,"bu","14:15:06",601900
2.7,0,100,"bu","14:14:52",597800
2.7,0,14600,"bu","14:14:29",597700
2.7,0,1100,"bu","14:14:25",583100
2.7,0,400,"bu","14:14:24",582000
2.7,0,5000,"bu","14:13:55",581600
2.7,0,10000,"bu","14:12:40",576600
2.7,0,400,"bu","14:12:38",566600
2.7,0,1400,"bu","14:11:29",566200
2.7,0,100,"bu","14:08:49",564800
2.7,0,1000,"bu","14:03:09",564700
2.7,0,5000,"bu","14:03:00",563700
2.7,0,100,"bu","14:00:37",558700
2.7,0,3000,"bu","13:59:15",558600
2.7,0,1000,"bu","13:58:31",555600
2.7,0,500,"bu","13:58:05",554600
2.7,0,10000,"bu","13:57:36",554100
2.7,0,600,"bu","13:56:22",544100
2.7,0,100,"bu","13:56:10",543500
2.7,0,23700,"bu","13:55:20",543400
2.7,0,1000,"sd","13:55:04",519700
2.7,0,1000,"sd","13:54:52",518700
2.7,0,1000,"sd","13:54:06",517700
2.7,0,10000,"sd","13:52:34",516700
2.7,0,12500,"sd","13:47:48",506700
2.7,0,600,"sd","13:47:06",494200
2.7,0,100,"sd","13:45:16",493600
2.7,0,100,"sd","13:43:21",493500
2.7,0,2300,"sd","13:39:03",493400
2.7,0,1000,"bu","13:39:00",491100
2.7,0,10000,"bu","13:38:58",490100
2.7,0,20000,"bu","13:38:54",480100
2.7,0,15300,"bu","13:38:39",460100
2.7,0,9900,"bu","13:38:35",444800
2.7,0,5000,"bu","13:38:33",434900
2.7,0,5000,"bu","13:38:16",429900
2.7,0,5000,"bu","13:38:10",424900
2.7,0,200,"bu","13:37:54",419900
2.7,0,5000,"bu","13:37:50",419700
2.7,0,20000,"bu","13:37:46",414700
2.7,0,100,"bu","13:37:20",394700
2.7,0,5000,"bu","13:37:17",394600
2.7,0,5000,"bu","13:36:56",389600
2.7,0,10000,"bu","13:36:46",384600
2.7,0,5000,"bu","13:36:30",374600
2.7,0,5000,"bu","13:36:08",369600
2.7,0,2000,"bu","13:35:54",364600
2.7,0,400,"bu","13:35:45",362600
2.7,0,20000,"bu","13:35:25",362200
2.6,-0.1,1000,"sd","13:35:04",342200
2.6,-0.1,200,"sd","13:33:37",341200
2.7,0,10000,"bu","13:29:32",341000
2.7,0,100,"bu","13:28:14",331000
2.6,-0.1,25500,"sd","13:27:08",330900
2.7,0,2900,"bu","13:26:01",305400
2.7,0,1000,"bu","13:24:39",302500
2.7,0,100,"bu","13:24:00",301500
2.7,0,2000,"bu","13:18:51",301400
2.7,0,200,"bu","13:17:10",299400
2.7,0,10000,"bu","13:15:33",299200
2.7,0,200,"bu","13:12:52",289200
2.7,0,100,"bu","13:12:48",289000
2.7,0,20000,"bu","13:11:39",288900
2.7,0,100,"bu","13:09:31",268900
2.7,0,200,"bu","13:06:38",268800
2.7,0,200,"bu","13:05:49",268600
2.7,0,10000,"bu","13:05:32",268400
2.7,0,8900,"bu","13:02:02",258400
2.7,0,30000,"sd","13:01:53",249500
2.7,0,22700,"sd","13:00:32",219500
2.7,0,35000,"sd","13:00:11",196800
2.7,0,1000,"sd","13:00:05",161800
2.7,0,38000,"sd","13:00:03",160800
2.7,0,200,"sd","13:00:01",122800
2.7,0,3000,"sd","11:28:37",122600
2.7,0,10000,"sd","11:22:38",119600
2.7,0,7600,"sd","11:21:22",109600
2.7,0,300,"sd","11:18:02",102000
2.7,0,2500,"sd","11:09:51",101700
2.7,0,10000,"sd","11:04:05",99200
2.7,0,2600,"sd","10:55:05",89200
2.7,0,100,"sd","10:49:37",86600
2.7,0,8500,"sd","10:48:52",86500
2.7,0,500,"sd","10:40:53",78000
2.7,0,10000,"sd","10:36:56",77500
2.7,0,2200,"sd","10:31:41",67500
2.8,0.1,100,"bu","10:29:07",65300
2.8,0.1,100,"bu","10:27:28",65200
2.7,0,1400,"sd","10:19:55",65100
2.8,0.1,100,"bu","10:14:29",63700
2.7,0,900,"sd","10:11:31",63600
2.7,0,2000,"sd","10:04:23",62700
2.7,0,500,"sd","10:02:49",60700
2.7,0,1000,"sd","10:02:27",60200
2.7,0,26000,"sd","09:56:03",59200
2.7,0,500,"sd","09:53:16",33200
2.7,0,10000,"sd","09:50:55",32700
2.7,0,10000,"sd","09:41:52",22700
2.7,0,300,"sd","09:41:14",12700
2.7,0,300,"sd","09:35:19",12400
2.8,0.1,500,"bu","09:35:16",12100
2.7,0,1000,"sd","09:34:37",11600
2.7,0,1000,"sd","09:34:25",10600
2.7,0,2000,"sd","09:34:17",9600
2.7,0,2200,"sd","09:33:47",7600
2.7,0,100,"sd","09:20:47",5400
2.8,0.1,100,"bu","09:11:35",5300
2.8,0.1,5000,"bu","09:10:05",5200
2.7,0,100,"sd","09:09:03",200
2.8,0.1,100,"bu","09:08:53",100
