"price","change","match_qtty","side","time","total_vol"
30.25,-0.1,500,"bu","14:30:51",321100
30.2,-0.15,1500,"bu","14:30:51",320600
30.2,-0.15,500,"sd","14:31:34",321600
30.3,-0.05,100,"sd","14:24:58",309200
30.3,-0.05,3200,"sd","14:28:26",312400
30.3,-0.05,300,"sd","14:28:34",312700
30.25,-0.1,500,"sd","14:28:43",313200
30.2,-0.15,3500,"sd","14:29:57",318900
30.3,-0.05,2200,"bu","14:29:33",315400
30.3,-0.05,900,"sd","14:23:55",309100
30.35,0,200,"bu","14:22:18",306900
30.35,0,1000,"bu","14:21:58",306700
30.35,0,4000,"bu","14:15:09",275700
30.3,-0.05,100,"sd","14:16:05",282300
30.3,-0.05,1500,"sd","14:16:10",284000
30.35,0,900,"sd","14:15:39",276600
30.35,0,10000,"sd","14:14:55",270700
30.35,0,200,"bu","14:15:44",281900
30.35,0,1000,"bu","14:15:03",271700
30.4,0.05,1000,"bu","14:14:53",260700
30.3,-0.05,200,"sd","14:16:08",282500
30.3,-0.05,300,"sd","14:16:02",282200
30.35,0,5100,"sd","14:15:41",281700
30,-0.35,37600,"","14:45:20",372600
30.2,-0.15,1000,"bu","14:31:43",322600
30.45,0.1,3100,"sd","14:08:26",250600
30.45,0.1,1000,"sd","14:07:53",247500
30.4,0.05,100,"sd","14:08:58",251700
30.45,0.1,1000,"bu","14:08:38",251600
30.35,0,100,"bu","14:21:05",302800
30.35,0,2000,"bu","14:21:51",305700
30.35,0,500,"bu","14:19:47",300800
30.35,0,1000,"bu","14:19:46",300300
30.35,0,4000,"bu","14:19:43",299300
30.35,0,800,"sd","14:20:52",302700
30.35,0,900,"bu","14:21:39",303700
30.35,0,1000,"sd","14:20:44",301900
30.4,0.05,100,"bu","14:20:41",300900
30.4,0.05,2100,"sd","14:09:27",253800
30.4,0.05,100,"sd","14:11:21",257900
30.4,0.05,1900,"sd","14:10:17",255700
30.45,0.1,200,"sd","14:07:11",246200
30.5,0.15,100,"sd","13:57:28",216200
30.4,0.05,1700,"sd","14:11:41",259600
30.45,0.1,100,"sd","14:06:21",246000
30.5,0.15,300,"sd","14:05:49",245900
30.5,0.15,1000,"sd","14:05:48",245600
30.4,0.05,100,"bu","14:10:42",257800
30.4,0.05,1900,"sd","14:10:30",257700
30.5,0.15,1000,"sd","13:56:55",216100
30.45,0.1,100,"sd","13:59:35",234200
30.6,0.25,100,"sd","13:32:54",203500
30.65,0.3,300,"sd","13:25:28",201900
30.6,0.25,200,"sd","13:33:18",204100
30.65,0.3,400,"bu","13:33:04",203900
30.5,0.15,17700,"sd","13:59:01",234100
30.5,0.15,100,"sd","13:58:49",216400
30.6,0.25,1500,"sd","13:35:43",206900
30.6,0.25,500,"sd","13:35:28",205400
30.6,0.25,100,"sd","13:34:59",204200
30.65,0.3,100,"bu","13:21:21",200900
30.6,0.25,700,"sd","13:35:13",204900
30.65,0.3,200,"sd","13:23:57",201600
30.35,0,1300,"sd","14:22:46",308200
30.35,0,2000,"bu","14:19:39",295300
30.5,0.15,100,"sd","13:54:16",215100
30.15,-0.2,1600,"sd","14:32:24",335000
30.1,-0.25,1000,"sd","14:32:12",333400
30.55,0.2,2000,"sd","13:37:31",208900
30.6,0.25,4000,"bu","13:17:34",200700
30.65,0.3,200,"bu","13:22:04",201100
30.6,0.25,5000,"bu","13:17:23",196700
30.6,0.25,2000,"bu","13:17:10",191700
30.65,0.3,100,"bu","13:22:51",201200
30.6,0.25,100,"sd","13:18:02",200800
30.65,0.3,200,"bu","13:23:26",201400
30.6,0.25,3000,"bu","13:16:55",189700
30.55,0.2,4000,"sd","13:07:19",185300
30.6,0.25,100,"sd","13:05:15",181300
30.6,0.25,500,"bu","13:04:43",181100
30.6,0.25,100,"bu","13:02:43",174700
30.6,0.25,100,"sd","13:04:54",181200
30.6,0.25,500,"sd","13:03:58",180600
30.6,0.25,400,"bu","13:11:23",186200
30.6,0.25,300,"sd","13:42:25",210000
30.6,0.25,100,"sd","13:42:11",209700
30.6,0.25,500,"bu","13:41:17",209500
30.6,0.25,100,"sd","13:41:59",209600
30.5,0.15,100,"sd","13:52:53",215000
30.55,0.2,100,"sd","13:40:58",209000
30.5,0.15,100,"sd","13:51:43",214900
30.6,0.25,9300,"bu","13:01:35",173600
30.55,0.2,3000,"sd","13:01:26",163900
30.55,0.2,500,"sd","13:10:10",185800
30.6,0.25,400,"bu","13:01:30",164300
30.6,0.25,1000,"bu","13:01:39",174600
30.55,0.2,1400,"sd","13:02:51",180100
30.6,0.25,600,"sd","13:02:51",178700
30.6,0.25,3400,"bu","13:02:49",178100
30.6,0.25,24100,"bu","13:00:59",160900
30.6,0.25,500,"bu","13:14:21",186700
30.5,0.15,1900,"sd","13:49:39",214700
30.55,0.2,100,"sd","13:49:39",212800
30.55,0.2,100,"sd","13:48:18",212600
30.6,0.25,100,"bu","13:46:25",212500
30.5,0.15,100,"sd","13:50:33",214800
30.6,0.25,2000,"bu","13:44:52",212400
30.55,0.2,100,"sd","13:44:47",210400
30.55,0.2,300,"sd","13:43:47",210300
30.15,-0.2,4100,"sd","14:32:06",326800
30.7,0.35,100,"sd","11:09:04",114100
30.15,-0.2,200,"sd","14:30:26",319100
30.15,-0.2,900,"bu","14:32:10",327700
30.55,0.2,1000,"sd","11:14:34",134600
30.4,0.05,100,"sd","14:10:25",255800
30.6,0.25,9300,"bu","11:13:58",133600
30.35,0,100,"bu","14:19:23",293300
30.1,-0.25,4700,"sd","14:32:10",332400
30.2,-0.15,100,"bu","14:31:50",322700
30.8,0.45,4000,"bu","10:55:37",102700
30.8,0.45,100,"bu","10:56:01",102800
30.8,0.45,200,"bu","10:56:24",103000
30.7,0.35,1000,"bu","10:49:29",95200
30.7,0.35,900,"bu","10:49:38",96100
30.8,0.45,300,"bu","10:49:38",96400
30.7,0.35,1700,"bu","10:48:52",94200
30.7,0.35,200,"bu","10:47:30",72500
30.6,0.25,300,"sd","11:24:13",134900
30.7,0.35,20000,"bu","10:48:51",92500
30.3,-0.05,100,"sd","14:17:41",288300
30.6,0.25,1500,"sd","13:26:52",203400
30.45,0.1,100,"sd","14:00:45",235300
30.75,0.4,700,"sd","10:53:54",97700
30.7,0.35,100,"bu","10:46:51",72300
30.75,0.4,600,"bu","10:53:42",97000
30.3,-0.05,100,"sd","14:18:02",293200
30.45,0.1,1000,"sd","14:00:03",235200
30.3,-0.05,800,"sd","14:18:01",293100
30.3,-0.05,4000,"sd","14:17:53",292300
30.6,0.25,300,"sd","10:34:52",71800
30.6,0.25,200,"sd","10:36:52",72100
30.65,0.3,100,"sd","10:36:52",71900
30.6,0.25,3400,"bu","10:34:41",71500
30.5,0.15,200,"sd","10:29:29",68100
30.6,0.25,700,"sd","11:12:56",124300
30.7,0.35,100,"bu","11:25:47",135000
30.5,0.15,100,"sd","10:24:21",67600
30.5,0.15,100,"sd","10:24:02",67500
30.5,0.15,100,"sd","10:24:01",67400
30.5,0.15,200,"sd","10:23:45",67300
30.5,0.15,4500,"sd","10:15:54",65600
30.55,0.2,500,"sd","10:15:54",61100
30.6,0.25,300,"bu","10:21:19",66200
30.55,0.2,100,"sd","10:17:50",65700
30.55,0.2,200,"sd","10:15:41",60600
30.55,0.2,300,"sd","10:15:30",60400
30.6,0.25,100,"bu","10:20:52",65900
30.5,0.15,300,"sd","10:24:48",67900
30.55,0.2,1000,"sd","10:10:29",60100
30.6,0.25,100,"sd","10:00:54",46900
30.6,0.25,300,"bu","10:10:12",59100
30.6,0.25,800,"sd","10:00:46",46800
30.55,0.2,100,"sd","10:19:43",65800
30.7,0.35,4400,"sd","11:03:15",114000
30.4,0.05,100,"sd","14:12:20",259700
30.35,0,100,"bu","14:16:27",284100
30.3,-0.05,100,"sd","14:17:06",288200
30.3,-0.05,2000,"sd","14:16:50",288100
30.35,0,2000,"bu","14:16:34",286100
30.55,0.2,100,"sd","13:48:55",212700
30.6,0.25,1700,"sd","11:29:23",136800
30.7,0.35,100,"bu","11:28:48",135100
30.8,0.45,100,"bu","10:05:09",52600
30.6,0.25,700,"bu","10:06:53",58800
30.6,0.25,7800,"sd","11:09:56",123600
30.65,0.3,1700,"sd","11:09:56",115800
30.6,0.25,300,"sd","10:06:43",58100
30.7,0.35,200,"sd","10:05:33",52800
30.5,0.15,8200,"bu","14:03:09",244600
30.5,0.15,300,"bu","14:07:20",246500
30.75,0.4,200,"sd","10:54:10",98000
30.75,0.4,100,"sd","10:54:09",97800
30.5,0.15,100,"bu","14:01:47",236400
30.5,0.15,100,"sd","13:58:11",216300
30.45,0.1,1000,"sd","14:01:40",236300
30.75,0.4,700,"sd","10:54:37",98700
30.6,0.25,100,"sd","10:41:35",72200
30.6,0.25,5700,"bu","09:42:26",28600
30.6,0.25,100,"bu","09:42:24",22900
30.7,0.35,500,"sd","10:03:55",50000
30.75,0.4,300,"bu","10:03:50",49500
30.8,0.45,300,"sd","10:04:40",52400
30.7,0.35,500,"bu","10:03:42",49200
30.8,0.45,1600,"bu","10:04:33",52100
30.7,0.35,800,"bu","10:03:34",48700
30.8,0.45,200,"bu","10:04:20",50500
30.7,0.35,300,"bu","10:04:19",50300
30.65,0.3,1000,"bu","10:02:57",47900
30.6,0.25,300,"bu","09:24:29",17800
30.75,0.4,100,"sd","11:01:43",106600
30.7,0.35,2600,"sd","11:02:11",109600
30.75,0.4,400,"sd","11:02:11",107000
30.8,0.45,1000,"bu","10:59:06",104500
30.75,0.4,200,"sd","10:57:16",103400
30.8,0.45,200,"bu","10:57:13",103200
30.8,0.45,1000,"bu","10:59:27",106500
30.75,0.4,100,"sd","10:57:33",103500
30.5,0.15,900,"sd","10:21:55",67100
30.55,0.2,1000,"bu","09:58:57",44100
30.6,0.25,3900,"sd","10:06:11",57800
30.6,0.25,200,"sd","10:06:11",53900
30.7,0.35,500,"sd","10:06:11",53700
30.75,0.4,400,"sd","10:06:11",53200
30.6,0.25,1900,"bu","09:59:38",46000
30.8,0.45,100,"sd","10:04:50",52500
30.55,0.2,300,"sd","09:51:47",39300
30.55,0.2,1800,"bu","09:50:32",37700
30.55,0.2,1200,"sd","09:49:28",35900
30.55,0.2,1100,"bu","09:50:55",38900
30.55,0.2,500,"sd","09:52:02",39800
30.55,0.2,100,"bu","09:50:40",37800
30.55,0.2,2700,"sd","09:58:17",43100
30.55,0.2,800,"sd","09:30:24",20600
30.6,0.25,800,"sd","09:28:07",19800
30.6,0.25,200,"bu","09:27:59",19000
30.6,0.25,700,"sd","09:26:20",18800
30.6,0.25,300,"bu","09:26:00",18100
30.6,0.25,500,"bu","09:42:15",22800
30.5,0.15,200,"sd","09:45:35",33900
30.6,0.25,600,"sd","09:43:11",29200
30.6,0.25,200,"bu","09:33:22",21100
30.55,0.2,200,"sd","09:32:40",20900
30.6,0.25,1000,"bu","09:33:31",22100
30.5,0.15,1800,"bu","09:15:26",13600
30.5,0.15,1000,"bu","09:15:25",11800
30.5,0.15,200,"bu","09:15:16",10800
30.55,0.2,600,"sd","09:53:34",40400
30.45,0.1,10600,"","09:15:01",10600
30.55,0.2,100,"sd","09:31:39",20700
30.6,0.25,100,"bu","09:51:05",39000
30.55,0.2,500,"bu","09:48:09",34400
30.5,0.15,500,"sd","09:44:51",33700
30.55,0.2,300,"sd","09:48:20",34700
30.55,0.2,4000,"sd","09:44:01",33200
30.6,0.25,200,"bu","09:34:43",22300
30.6,0.25,100,"bu","09:17:55",14000
30.55,0.2,100,"bu","09:17:55",13900
30.5,0.15,200,"sd","09:16:43",13800
30.6,0.25,1000,"bu","09:21:37",17500
30.6,0.25,600,"sd","09:19:29",15600
30.6,0.25,400,"bu","09:19:51",16500
30.6,0.25,500,"bu","09:19:48",16100
30.6,0.25,1000,"bu","09:18:47",15000
