"price","change","match_qtty","side","time","total_vol"
4.58,0.01,100,"sd","14:31:19",2641900
4.57,0,1000,"sd","14:31:11",2638800
4.58,0.01,4000,"sd","14:31:11",2637800
4.58,0.01,4200,"bu","14:31:00",2632700
4.57,0,100,"sd","14:31:42",2649700
4.58,0.01,700,"sd","14:31:42",2649600
4.58,0.01,6000,"sd","14:31:33",2647900
4.58,0.01,3000,"bu","14:31:18",2641800
4.58,0.01,1000,"sd","14:31:08",2633800
4.58,0.01,1000,"sd","14:31:35",2648900
4.57,0,100,"sd","14:31:02",2632800
4.57,0,100,"sd","14:28:54",2539300
4.58,0.01,2000,"sd","14:28:42",2498200
4.57,0,100,"sd","14:29:12",2544700
4.58,0.01,13800,"sd","14:28:48",2528300
4.59,0.02,300,"bu","14:28:48",2514500
4.58,0.01,100,"sd","14:25:43",2483200
4.57,0,5000,"sd","14:29:11",2544600
4.58,0.01,1000,"sd","14:28:46",2514200
4.58,0.01,10000,"sd","14:28:36",2496200
4.58,0.01,200,"bu","14:29:24",2548900
4.58,0.01,15000,"sd","14:28:44",2513200
4.58,0.01,300,"bu","14:29:05",2539600
4.58,0.01,2000,"bu","14:29:23",2548700
4.58,0.01,10900,"sd","14:28:52",2539200
4.6,0.03,3200,"sd","14:29:42",2618900
4.58,0.01,2000,"bu","14:29:20",2546700
4.57,0,5000,"sd","14:30:06",2626500
4.6,0.03,10000,"sd","14:29:36",2615700
4.57,0,2000,"sd","14:30:39",2628500
4.6,0.03,100,"sd","14:29:30",2605700
4.57,0,2500,"sd","14:30:00",2621500
4.57,0,100,"sd","14:29:47",2619000
4.6,0.03,21200,"bu","14:29:28",2605600
4.59,0.02,9000,"bu","14:29:28",2584400
4.58,0.01,6500,"bu","14:29:28",2575400
4.57,0,20000,"sd","14:29:28",2568900
4.59,0.02,26200,"sd","14:25:24",2483100
4.61,0.04,1400,"bu","14:18:54",2350000
4.6,0.03,600,"bu","14:18:54",2348600
4.6,0.03,50000,"sd","14:24:02",2454000
4.6,0.03,500,"sd","14:24:00",2404000
4.6,0.03,500,"bu","14:18:54",2348000
4.6,0.03,200,"sd","14:23:55",2403500
4.61,0.04,7400,"bu","14:22:02",2382600
4.6,0.03,6000,"sd","14:23:34",2403300
4.6,0.03,300,"sd","14:23:22",2397300
4.6,0.03,100,"sd","14:23:15",2397000
4.6,0.03,200,"sd","14:23:14",2396900
4.6,0.03,100,"sd","14:22:54",2396700
4.61,0.04,13900,"sd","14:22:51",2396600
4.6,0.03,1800,"sd","14:24:20",2456800
4.6,0.03,1000,"sd","14:24:19",2455000
4.59,0.02,100,"sd","14:24:24",2456900
4.6,0.03,100,"sd","14:19:16",2355200
4.6,0.03,5000,"sd","14:19:15",2355100
4.59,0.02,100,"sd","14:18:58",2350100
4.61,0.04,1000,"sd","14:15:57",2183100
4.62,0.05,10000,"sd","14:15:08",2067400
4.6,0.03,7000,"sd","14:16:11",2208400
4.6,0.03,1600,"sd","14:16:05",2194700
4.61,0.04,200,"sd","14:15:40",2123300
4.62,0.05,100,"sd","14:15:08",2057400
4.6,0.03,600,"sd","14:16:11",2201400
4.61,0.04,4700,"sd","14:16:05",2193100
4.61,0.04,300,"sd","14:16:04",2188400
4.61,0.04,3700,"sd","14:15:36",2121900
4.63,0.06,100,"sd","14:14:55",2056000
4.63,0.06,1900,"sd","14:14:50",2055600
4.61,0.04,100,"sd","14:15:45",2130400
4.61,0.04,100,"sd","14:15:39",2123100
4.61,0.04,100,"sd","14:15:35",2118200
4.63,0.06,200,"bu","14:15:06",2057300
4.63,0.06,600,"sd","14:15:05",2057100
4.63,0.06,300,"sd","14:14:49",2053700
4.62,0.05,1800,"bu","14:15:32",2118100
4.61,0.04,100,"sd","14:15:16",2104100
4.64,0.07,100,"sd","14:14:55",2055900
4.63,0.06,200,"sd","14:14:55",2055800
4.6,0.03,2100,"sd","14:16:18",2218500
4.61,0.04,800,"bu","14:16:17",2216400
4.6,0.03,100,"sd","14:16:10",2200800
4.61,0.04,8000,"sd","14:15:52",2182100
4.62,0.05,100,"bu","14:15:31",2116300
4.61,0.04,5000,"sd","14:15:21",2109900
4.62,0.05,1000,"bu","14:15:13",2104000
4.61,0.04,5000,"sd","14:16:03",2188100
4.63,0.06,500,"sd","14:15:03",2056500
4.61,0.04,100,"bu","14:16:16",2215600
4.6,0.03,7000,"sd","14:16:16",2215500
4.61,0.04,6000,"bu","14:16:08",2200700
4.61,0.04,20000,"sd","14:15:48",2174100
4.61,0.04,5000,"sd","14:15:48",2154100
4.61,0.04,8700,"sd","14:15:47",2149100
4.62,0.05,500,"bu","14:15:42",2130300
4.62,0.05,100,"bu","14:15:38",2123000
4.61,0.04,1000,"sd","14:15:38",2122900
4.61,0.04,4500,"sd","14:15:28",2116200
4.62,0.05,35600,"sd","14:15:10",2103000
4.63,0.06,100,"sd","14:13:38",2053000
4.64,0.07,400,"bu","14:14:34",2053400
4.61,0.04,100,"bu","14:16:13",2208500
4.61,0.04,10000,"sd","14:15:46",2140400
4.61,0.04,6400,"sd","14:15:41",2129800
4.62,0.05,100,"bu","14:15:41",2123400
4.61,0.04,1800,"sd","14:15:26",2111700
4.61,0.04,800,"sd","14:15:18",2104900
4.5,-0.07,418100,"","14:45:32",3225200
4.56,-0.01,5300,"sd","14:31:45",2673500
4.57,0,8500,"sd","14:31:45",2668200
4.57,0,10000,"sd","14:31:44",2659700
4.64,0.07,18600,"bu","14:09:00",2000800
4.64,0.07,100,"sd","14:07:52",1963400
4.63,0.06,100,"sd","14:08:26",1971100
4.64,0.07,1000,"bu","14:10:08",2010200
4.63,0.06,6000,"sd","14:08:54",1982200
4.64,0.07,1000,"bu","14:08:24",1971000
4.64,0.07,5000,"bu","14:08:19",1970000
4.63,0.06,100,"sd","14:08:45",1976200
4.64,0.07,5000,"bu","14:08:42",1976100
4.63,0.06,100,"sd","14:08:09",1965000
4.64,0.07,1500,"sd","14:07:30",1963300
4.63,0.06,100,"sd","14:08:03",1964900
4.64,0.07,1400,"sd","14:07:59",1964800
4.64,0.07,1000,"bu","14:07:26",1961800
4.58,0.01,3000,"sd","14:27:27",2486200
4.61,0.04,200,"sd","14:20:37",2371200
4.61,0.04,4100,"bu","14:20:00",2359300
4.6,0.03,100,"sd","14:20:58",2375200
4.61,0.04,100,"bu","14:20:21",2371000
4.61,0.04,3800,"sd","14:20:52",2375100
4.61,0.04,5500,"bu","14:20:18",2370900
4.61,0.04,600,"bu","14:20:17",2365400
4.6,0.03,100,"sd","14:20:14",2364800
4.61,0.04,5000,"bu","14:20:13",2364700
4.61,0.04,300,"bu","14:20:09",2359700
4.6,0.03,100,"sd","14:20:08",2359400
4.61,0.04,100,"sd","14:20:42",2371300
4.65,0.08,100,"sd","13:57:45",1805900
4.64,0.07,100,"sd","14:11:56",2048000
4.64,0.07,10600,"sd","13:58:07",1830900
4.65,0.08,3300,"sd","13:58:07",1820300
4.65,0.08,100,"sd","13:57:44",1805800
4.62,0.05,100,"sd","14:11:23",2042900
4.65,0.08,100,"sd","13:58:03",1817000
4.64,0.07,100,"sd","14:11:55",2047900
4.64,0.07,100,"sd","14:11:55",2047800
4.63,0.06,200,"sd","14:07:15",1960800
4.65,0.08,100,"sd","13:57:59",1816900
4.65,0.08,600,"sd","13:57:58",1816800
4.65,0.08,100,"sd","13:57:40",1805700
4.63,0.06,100,"sd","14:10:16",2010300
4.65,0.08,100,"sd","13:57:54",1816200
4.65,0.08,100,"sd","13:57:32",1805600
4.65,0.08,100,"sd","13:57:51",1816100
4.65,0.08,5000,"sd","13:57:29",1805500
4.63,0.06,1900,"sd","14:09:56",2009200
4.65,0.08,100,"sd","13:57:47",1816000
4.64,0.07,10000,"bu","14:06:35",1960500
4.63,0.06,4800,"bu","14:11:38",2047700
4.63,0.06,100,"sd","14:06:45",1960600
4.63,0.06,100,"sd","14:09:37",2007300
4.64,0.07,6400,"sd","14:09:34",2007200
4.65,0.08,10000,"sd","13:57:46",1815900
4.64,0.07,2500,"bu","14:05:49",1950400
4.64,0.07,10000,"sd","13:52:05",1786500
4.63,0.06,100,"sd","14:05:42",1947900
4.64,0.07,200,"bu","14:05:31",1947800
4.63,0.06,400,"sd","14:05:17",1947600
4.63,0.06,100,"sd","14:05:52",1950500
4.62,0.05,9000,"sd","13:59:27",1916300
4.62,0.05,1000,"sd","13:59:26",1907300
4.63,0.06,20000,"sd","14:10:48",2032200
4.63,0.06,100,"sd","14:10:47",2012200
4.64,0.07,100,"bu","14:10:45",2012100
4.63,0.06,1000,"sd","14:10:44",2012000
4.65,0.08,100,"sd","13:56:21",1796100
4.65,0.08,100,"sd","13:56:16",1796000
4.65,0.08,100,"sd","13:57:05",1800500
4.65,0.08,100,"sd","13:56:10",1795900
4.63,0.06,100,"sd","14:10:30",2011000
4.62,0.05,100,"sd","13:59:54",1931600
4.65,0.08,100,"sd","13:57:00",1800400
4.65,0.08,4000,"sd","13:56:59",1800300
4.65,0.08,100,"sd","13:56:08",1795800
4.64,0.07,600,"bu","14:10:26",2010900
4.62,0.05,100,"sd","13:59:49",1931500
4.65,0.08,100,"sd","13:56:05",1795700
4.62,0.05,100,"sd","14:11:06",2038800
4.63,0.06,2900,"sd","14:11:04",2038700
4.65,0.08,100,"sd","13:56:57",1796300
4.65,0.08,100,"sd","13:55:59",1795600
4.63,0.06,100,"bu","13:59:45",1931400
4.62,0.05,15000,"sd","13:59:43",1931300
4.65,0.08,100,"sd","13:56:52",1796200
4.63,0.06,4000,"bu","14:11:19",2042800
4.65,0.08,100,"bu","13:55:52",1795500
4.64,0.07,3600,"bu","14:11:03",2035800
4.65,0.08,3000,"bu","13:34:28",1548200
4.64,0.07,100,"sd","13:32:06",1538000
4.64,0.07,400,"sd","13:32:36",1539400
4.62,0.05,1000,"sd","13:25:33",1466200
4.65,0.08,4500,"bu","13:32:01",1537900
4.64,0.07,3500,"bu","13:32:01",1533400
4.64,0.07,100,"sd","13:32:30",1539000
4.63,0.06,100,"sd","13:31:59",1529900
4.62,0.05,100,"sd","13:27:13",1521300
4.63,0.06,1000,"sd","13:27:12",1521200
4.64,0.07,100,"bu","13:34:15",1545200
4.63,0.06,100,"sd","13:32:46",1541500
4.64,0.07,4000,"bu","13:31:55",1529800
4.63,0.06,100,"sd","13:31:55",1525800
4.63,0.06,100,"sd","13:27:11",1520200
4.63,0.06,1000,"sd","13:27:10",1520100
4.63,0.06,500,"sd","13:33:47",1545100
4.64,0.07,2000,"sd","13:32:45",1541400
4.65,0.08,500,"bu","13:32:26",1538900
4.63,0.06,100,"sd","13:31:50",1525700
4.64,0.07,100,"sd","13:32:24",1538400
4.64,0.07,100,"sd","13:32:23",1538300
4.63,0.06,100,"sd","13:27:07",1519100
4.63,0.06,100,"sd","13:33:10",1544600
4.62,0.05,10000,"sd","13:26:17",1476200
4.64,0.07,100,"sd","13:35:56",1561700
4.64,0.07,3000,"bu","13:33:04",1544500
4.64,0.07,10000,"sd","13:36:02",1571700
4.64,0.07,100,"sd","13:35:53",1561600
4.64,0.07,100,"sd","13:35:49",1561500
4.64,0.07,100,"sd","13:32:11",1538200
4.64,0.07,100,"sd","13:35:36",1561300
4.64,0.07,100,"sd","13:35:29",1560800
4.62,0.05,20000,"sd","13:58:46",1906300
4.64,0.07,100,"sd","13:35:41",1561400
4.64,0.07,400,"sd","13:35:36",1561200
4.64,0.07,5000,"sd","13:35:26",1560700
4.64,0.07,100,"sd","13:35:26",1555700
4.64,0.07,100,"sd","13:35:24",1555600
4.64,0.07,1000,"sd","13:35:07",1555000
4.64,0.07,100,"sd","13:34:41",1548300
4.64,0.07,100,"sd","13:36:23",1572100
4.64,0.07,100,"sd","13:35:22",1555500
4.64,0.07,5700,"bu","13:35:05",1554000
4.62,0.05,28000,"sd","13:58:27",1886300
4.63,0.06,27300,"sd","13:58:26",1858300
4.64,0.07,300,"sd","13:36:13",1572000
4.64,0.07,100,"sd","13:35:20",1555400
4.64,0.07,100,"sd","13:35:18",1555300
4.64,0.07,100,"sd","13:36:24",1572200
4.64,0.07,100,"sd","13:32:09",1538100
4.64,0.07,100,"sd","13:35:16",1555200
4.62,0.05,100,"sd","13:21:23",1442200
4.56,-0.01,4800,"bu","14:32:21",2773500
4.55,-0.02,9000,"sd","14:32:21",2768700
4.64,0.07,100,"sd","13:35:14",1555100
4.62,0.05,6000,"sd","13:23:59",1457200
4.62,0.05,100,"sd","13:21:19",1442100
4.56,-0.01,1300,"sd","14:32:12",2759500
4.63,0.06,100,"sd","13:37:20",1581300
4.63,0.06,200,"sd","13:30:04",1522300
4.64,0.07,700,"sd","13:37:17",1581200
4.64,0.07,100,"sd","13:37:16",1580500
4.64,0.07,100,"sd","13:37:13",1580400
4.64,0.07,100,"bu","13:28:25",1521400
4.61,0.04,100,"sd","14:22:47",2382700
4.64,0.07,100,"sd","13:37:11",1580300
4.62,0.05,5000,"sd","13:24:15",1462200
4.63,0.06,5000,"sd","13:37:57",1586900
4.64,0.07,6600,"sd","13:37:07",1580200
4.64,0.07,100,"sd","13:37:04",1573600
4.62,0.05,100,"sd","13:21:35",1442300
4.64,0.07,100,"sd","13:37:02",1573500
4.64,0.07,100,"sd","13:53:26",1795400
4.64,0.07,100,"sd","13:36:59",1573400
4.62,0.05,100,"sd","13:29:02",1521500
4.56,-0.01,200,"bu","14:32:15",2759700
4.66,0.09,1800,"bu","13:53:22",1795300
4.65,0.08,1200,"bu","13:53:22",1793500
4.63,0.06,100,"sd","13:37:50",1581900
4.64,0.07,100,"sd","13:36:57",1573300
4.62,0.05,100,"sd","13:23:49",1451200
4.62,0.05,100,"sd","13:21:16",1442000
4.62,0.05,4100,"sd","13:21:13",1441900
4.55,-0.02,800,"sd","14:32:25",2807100
4.55,-0.02,32600,"sd","14:32:24",2806300
4.56,-0.01,200,"sd","14:32:24",2773700
4.64,0.07,100,"sd","13:36:49",1573200
4.63,0.06,500,"sd","13:37:31",1581800
4.64,0.07,400,"sd","13:36:44",1573100
4.62,0.05,3000,"sd","13:25:02",1465200
4.64,0.07,100,"sd","13:36:43",1572700
4.63,0.06,100,"bu","13:17:37",1399100
4.62,0.05,6000,"sd","13:07:13",1230600
4.62,0.05,100,"sd","13:06:36",1224100
4.61,0.04,100,"sd","13:05:25",1197400
4.62,0.05,100,"sd","13:16:49",1389900
4.62,0.05,100,"sd","13:16:46",1389800
4.62,0.05,100,"sd","13:22:15",1444600
4.62,0.05,1000,"sd","13:22:14",1444500
4.61,0.04,100,"sd","13:20:02",1410400
4.62,0.05,100,"sd","13:17:49",1399400
4.62,0.05,100,"sd","13:07:08",1224600
4.62,0.05,100,"sd","13:22:11",1443500
4.62,0.05,100,"sd","13:17:46",1399300
4.62,0.05,100,"sd","13:16:42",1389700
4.62,0.05,100,"sd","13:16:40",1389600
4.62,0.05,100,"sd","13:07:04",1224500
4.62,0.05,100,"sd","13:06:23",1224000
4.62,0.05,100,"sd","13:06:22",1223900
4.62,0.05,100,"sd","13:22:09",1443400
4.62,0.05,1000,"sd","13:22:08",1443300
4.62,0.05,100,"sd","13:16:37",1389500
4.62,0.05,100,"sd","13:06:19",1223800
4.62,0.05,100,"sd","13:06:17",1223700
4.62,0.05,28700,"sd","13:07:38",1260300
4.62,0.05,100,"sd","13:07:00",1224400
4.61,0.04,100,"sd","13:18:36",1406000
4.62,0.05,1000,"sd","13:07:37",1231600
4.62,0.05,100,"sd","13:06:55",1224300
4.62,0.05,100,"sd","13:06:12",1223600
4.62,0.05,6600,"bu","13:06:06",1223500
4.62,0.05,100,"sd","13:21:12",1437800
4.62,0.05,100,"sd","13:20:29",1437600
4.61,0.04,100,"sd","13:18:26",1405900
4.62,0.05,6000,"bu","13:05:36",1203400
4.62,0.05,100,"sd","13:20:27",1437500
4.62,0.05,100,"sd","13:20:26",1437400
4.62,0.05,700,"sd","13:22:34",1448700
4.62,0.05,100,"sd","13:06:42",1224200
4.62,0.05,500,"sd","13:20:22",1437300
4.62,0.05,26400,"bu","13:20:22",1436800
4.62,0.05,500,"bu","13:18:19",1405800
4.62,0.05,900,"sd","13:16:33",1389400
4.63,0.06,1900,"bu","13:23:18",1450900
4.62,0.05,4000,"sd","13:16:58",1399000
4.62,0.05,300,"sd","13:23:11",1449000
4.61,0.04,100,"sd","13:18:04",1405300
4.62,0.05,100,"sd","13:23:28",1451100
4.62,0.05,100,"sd","13:23:26",1451000
4.62,0.05,5100,"sd","13:16:57",1395000
4.62,0.05,400,"sd","13:22:24",1448000
4.63,0.06,3000,"bu","13:22:24",1447600
4.62,0.05,5800,"sd","13:18:00",1405200
4.62,0.05,100,"sd","13:17:43",1399200
4.61,0.04,1000,"sd","13:04:51",1192000
4.61,0.04,100,"sd","13:03:26",1177300
4.61,0.04,2000,"sd","13:04:46",1191000
4.61,0.04,100,"sd","13:03:25",1177200
4.61,0.04,100,"sd","13:03:12",1176600
4.61,0.04,100,"sd","13:03:11",1176500
4.61,0.04,100,"sd","13:03:09",1176400
4.61,0.04,1000,"sd","13:04:44",1189000
4.61,0.04,500,"sd","13:03:20",1177100
4.61,0.04,100,"sd","13:02:32",1172200
4.61,0.04,1100,"sd","13:03:04",1176300
4.62,0.05,600,"sd","13:00:24",1079000
4.62,0.05,1200,"bu","13:05:16",1197300
4.61,0.04,100,"sd","13:04:59",1196100
4.62,0.05,4000,"bu","13:04:54",1196000
4.62,0.05,100,"sd","13:00:03",1078400
4.63,0.06,100,"bu","13:00:03",1078300
4.62,0.05,1000,"bu","13:10:13",1320700
4.62,0.05,100,"sd","13:08:21",1272500
4.61,0.04,1000,"sd","13:03:56",1185900
4.61,0.04,100,"sd","13:03:55",1184900
4.62,0.05,100,"sd","13:15:29",1387900
4.62,0.05,100,"sd","13:11:51",1332400
4.62,0.05,5000,"sd","13:08:20",1272400
4.62,0.05,100,"sd","13:08:18",1267400
4.61,0.04,1100,"sd","13:03:54",1184800
4.61,0.04,300,"sd","13:15:38",1388500
4.62,0.05,200,"sd","13:15:38",1388200
4.62,0.05,100,"sd","13:15:37",1388000
4.62,0.05,100,"sd","13:15:25",1387800
4.62,0.05,100,"sd","13:11:46",1332300
4.61,0.04,100,"sd","13:09:53",1319700
4.62,0.05,20000,"bu","13:09:52",1319600
4.62,0.05,100,"sd","13:08:14",1267300
4.62,0.05,300,"bu","13:05:42",1209700
4.62,0.05,1000,"sd","13:15:20",1387700
4.62,0.05,100,"sd","13:12:07",1332800
4.62,0.05,100,"sd","13:11:42",1332200
4.62,0.05,100,"sd","13:08:11",1267200
4.62,0.05,100,"sd","13:08:10",1267100
4.62,0.05,6000,"bu","13:05:38",1209400
4.61,0.04,100,"sd","13:03:44",1183700
4.62,0.05,100,"sd","13:12:03",1332700
4.62,0.05,100,"sd","13:12:02",1332600
4.61,0.04,100,"sd","13:09:46",1299600
4.62,0.05,200,"sd","13:08:07",1267000
4.62,0.05,300,"bu","13:08:06",1266800
4.61,0.04,100,"sd","13:08:06",1266500
4.61,0.04,100,"sd","13:03:40",1183600
4.61,0.04,100,"sd","13:03:38",1183500
4.61,0.04,5000,"sd","13:08:04",1266400
4.61,0.04,100,"sd","13:03:37",1183400
4.61,0.04,1000,"sd","13:03:35",1183300
4.62,0.05,100,"sd","13:11:31",1332100
4.61,0.04,100,"sd","13:09:40",1299500
4.61,0.04,100,"sd","13:09:38",1299400
4.62,0.05,1000,"bu","13:08:02",1261400
4.61,0.04,5000,"sd","13:03:31",1182300
4.62,0.05,100,"sd","13:11:30",1332000
4.62,0.05,100,"sd","13:11:28",1331900
4.62,0.05,6900,"sd","13:09:37",1299300
4.63,0.06,400,"sd","11:25:06",1066800
4.62,0.05,9300,"bu","13:11:25",1331800
4.62,0.05,10000,"sd","13:08:43",1287400
4.62,0.05,200,"sd","13:08:42",1277400
4.61,0.04,100,"sd","13:11:23",1322500
4.61,0.04,100,"sd","13:04:18",1188000
4.61,0.04,100,"sd","13:04:17",1187900
4.62,0.05,1000,"bu","13:11:18",1322400
4.62,0.05,1500,"bu","13:04:12",1187700
4.61,0.04,100,"sd","13:04:15",1187800
4.61,0.04,400,"sd","13:10:27",1321400
4.62,0.05,4700,"sd","13:08:32",1277200
4.61,0.04,100,"sd","13:07:41",1260400
4.61,0.04,100,"sd","13:10:21",1321000
4.62,0.05,6000,"bu","13:05:57",1215800
4.61,0.04,300,"sd","13:04:03",1186200
4.62,0.05,100,"sd","13:11:58",1332500
4.61,0.04,100,"sd","13:10:17",1320900
4.61,0.04,100,"sd","13:10:16",1320800
4.62,0.05,5000,"sd","13:09:14",1292400
4.61,0.04,100,"sd","13:05:52",1209800
4.63,0.06,100,"sd","13:43:32",1626500
4.62,0.05,100,"sd","13:41:37",1606900
4.63,0.06,2000,"bu","13:41:37",1606800
4.64,0.07,1000,"sd","11:21:02",1054500
4.64,0.07,100,"sd","11:17:57",1050300
4.64,0.07,600,"bu","11:17:01",1050000
4.64,0.07,100,"sd","11:16:13",1049200
4.64,0.07,100,"sd","11:16:10",1049100
4.63,0.06,100,"sd","13:43:28",1626400
4.63,0.06,100,"sd","13:43:26",1626300
4.63,0.06,900,"sd","13:41:34",1604800
4.64,0.07,1000,"sd","11:21:00",1053500
4.63,0.06,100,"sd","13:43:24",1626200
4.63,0.06,100,"sd","13:41:31",1603900
4.63,0.06,3100,"sd","13:40:35",1593000
4.64,0.07,500,"bu","11:18:50",1051200
4.63,0.06,7500,"bu","13:43:20",1626100
4.64,0.07,100,"bu","13:41:29",1603800
4.63,0.06,100,"sd","13:39:27",1589200
4.63,0.06,100,"sd","11:21:38",1056000
4.63,0.06,1000,"sd","11:21:32",1055900
4.64,0.07,100,"sd","11:20:46",1052500
4.64,0.07,100,"sd","11:20:42",1052400
4.64,0.07,100,"sd","11:20:40",1052300
4.64,0.07,100,"sd","11:19:42",1051900
4.64,0.07,100,"sd","11:19:40",1051800
4.63,0.06,100,"sd","11:18:45",1050700
4.62,0.05,100,"sd","13:42:15",1614900
4.63,0.06,7000,"bu","13:42:15",1614800
4.63,0.06,100,"sd","13:41:26",1603700
4.64,0.07,100,"sd","11:20:38",1052200
4.64,0.07,100,"bu","11:20:33",1052100
4.64,0.07,100,"sd","11:19:34",1051700
4.64,0.07,100,"bu","11:17:38",1050200
4.62,0.05,100,"sd","13:43:09",1618600
4.62,0.05,100,"sd","13:42:10",1607800
4.63,0.06,100,"sd","13:41:22",1603600
4.64,0.07,100,"sd","11:19:32",1051600
4.63,0.06,100,"sd","11:17:31",1050100
4.62,0.05,100,"sd","13:43:05",1618500
4.63,0.06,100,"sd","11:22:06",1056300
4.63,0.06,100,"sd","13:39:20",1589100
4.63,0.06,100,"sd","11:21:19",1054900
4.64,0.07,100,"bu","11:19:25",1051500
4.63,0.06,100,"sd","11:18:19",1050500
4.62,0.05,100,"sd","13:42:06",1607700
4.63,0.06,100,"sd","13:41:16",1603500
4.63,0.06,100,"sd","13:39:18",1589000
4.64,0.07,100,"sd","11:21:14",1054800
4.63,0.06,100,"sd","11:19:21",1051400
4.63,0.06,100,"sd","13:41:12",1603400
4.63,0.06,100,"sd","13:41:10",1603300
4.63,0.06,100,"sd","11:21:59",1056200
4.64,0.07,100,"sd","11:21:12",1054700
4.63,0.06,100,"sd","11:20:13",1052000
4.63,0.06,100,"sd","11:16:20",1049400
4.64,0.07,100,"sd","11:16:15",1049300
4.62,0.05,100,"sd","13:42:58",1618400
4.62,0.05,3100,"sd","13:42:54",1618300
4.62,0.05,100,"sd","13:42:52",1615200
4.63,0.06,600,"bu","13:41:54",1607600
4.63,0.06,100,"sd","13:39:59",1589400
4.64,0.07,2000,"bu","13:39:09",1588900
4.64,0.07,100,"sd","13:45:48",1732300
4.63,0.06,100,"bu","13:41:52",1607000
4.63,0.06,100,"sd","13:41:01",1603200
4.63,0.06,100,"sd","13:41:00",1603100
4.65,0.08,20000,"bu","13:51:59",1776500
4.62,0.05,100,"sd","13:42:46",1615100
4.63,0.06,100,"sd","13:39:52",1589300
4.65,0.08,3200,"sd","13:45:02",1729300
4.65,0.08,100,"sd","13:45:02",1726100
4.63,0.06,10000,"sd","13:40:56",1603000
4.64,0.07,100,"sd","13:53:09",1792300
4.64,0.07,100,"sd","13:45:52",1732400
4.63,0.06,100,"sd","13:43:38",1626600
4.64,0.07,4900,"bu","13:51:20",1756500
4.64,0.07,100,"sd","13:53:04",1792200
4.64,0.07,5600,"sd","13:52:57",1792100
4.63,0.06,100,"sd","11:21:58",1056100
4.64,0.07,100,"sd","11:21:10",1054600
4.63,0.06,100,"sd","11:18:02",1050400
4.61,0.04,100,"sd","13:19:15",1408200
4.62,0.05,9700,"sd","13:02:25",1171900
4.62,0.05,100,"sd","13:02:24",1162200
4.62,0.05,100,"sd","13:01:29",1124700
4.62,0.05,10100,"sd","13:01:28",1124600
4.63,0.06,200,"bu","13:00:50",1079300
4.61,0.04,100,"sd","13:19:12",1408100
4.62,0.05,1000,"bu","13:19:08",1408000
4.62,0.05,100,"sd","13:02:22",1162100
4.62,0.05,1000,"sd","13:01:36",1135300
4.62,0.05,100,"sd","13:20:30",1437700
4.62,0.05,100,"sd","13:02:18",1162000
4.62,0.05,1000,"sd","13:01:28",1114500
4.62,0.05,2100,"sd","13:02:14",1161900
4.62,0.05,29600,"sd","13:01:27",1113500
4.63,0.06,1500,"sd","13:01:27",1083900
4.63,0.06,100,"sd","13:01:26",1082400
4.61,0.04,1000,"sd","13:19:01",1407000
4.62,0.05,100,"sd","13:02:12",1159800
4.62,0.05,100,"sd","13:01:33",1134300
4.62,0.05,5000,"sd","13:02:09",1159700
4.62,0.05,1000,"sd","13:02:07",1154700
4.62,0.05,300,"sd","13:01:33",1134200
4.62,0.05,1100,"sd","13:01:32",1133900
4.63,0.06,1600,"sd","13:01:26",1082300
4.63,0.06,100,"bu","13:00:27",1079100
4.62,0.05,10000,"sd","13:02:02",1153700
4.62,0.05,2000,"sd","13:01:58",1143700
4.62,0.05,100,"sd","13:01:32",1132800
4.63,0.06,100,"sd","11:19:05",1051300
4.62,0.05,5200,"sd","13:01:31",1132700
4.62,0.05,300,"sd","13:01:30",1127500
4.61,0.04,100,"sd","13:19:28",1410300
4.62,0.05,100,"sd","13:01:44",1141700
4.61,0.04,3000,"sd","13:02:59",1175200
4.63,0.06,1400,"sd","13:01:24",1080700
4.62,0.05,1800,"bu","13:19:24",1410200
4.62,0.05,100,"sd","13:01:41",1141600
4.62,0.05,100,"sd","13:01:40",1141500
4.62,0.05,100,"sd","13:01:30",1127200
4.63,0.06,2200,"bu","13:01:30",1127100
4.62,0.05,200,"sd","13:01:30",1124900
4.61,0.04,200,"sd","13:19:20",1408400
4.62,0.05,300,"sd","13:01:40",1141400
4.62,0.05,5600,"sd","13:01:39",1141100
4.61,0.04,100,"sd","13:02:29",1172100
4.61,0.04,100,"sd","13:02:28",1172000
4.62,0.05,100,"sd","13:01:37",1135500
4.62,0.05,100,"sd","13:01:36",1135400
4.62,0.05,100,"sd","13:14:27",1386000
4.62,0.05,26000,"bu","13:14:26",1385900
4.63,0.06,100,"sd","13:49:41",1746000
4.64,0.07,100,"sd","13:45:24",1729800
4.65,0.08,100,"sd","13:44:17",1704600
4.62,0.05,100,"sd","13:15:02",1386600
4.62,0.05,800,"bu","13:12:32",1353500
4.64,0.07,2000,"sd","13:49:36",1745900
4.63,0.06,100,"sd","13:46:33",1733100
4.64,0.07,100,"sd","13:45:20",1729700
4.66,0.09,1400,"bu","13:44:12",1704500
4.62,0.05,100,"sd","13:14:59",1386500
4.64,0.07,100,"sd","13:49:34",1743900
4.64,0.07,100,"bu","13:46:28",1733000
4.64,0.07,100,"sd","13:45:16",1729600
4.65,0.08,100,"sd","13:44:07",1703100
4.63,0.06,300,"sd","13:29:51",1522100
4.62,0.05,1900,"bu","13:14:13",1359900
4.65,0.08,3000,"bu","13:49:29",1743800
4.64,0.07,100,"sd","13:45:14",1729500
4.64,0.07,100,"sd","13:45:11",1729400
4.65,0.08,100,"sd","13:44:05",1703000
4.63,0.06,100,"sd","13:31:25",1525600
4.62,0.05,100,"bu","13:14:11",1358000
4.63,0.06,100,"sd","13:50:42",1751500
4.64,0.07,100,"sd","13:50:41",1751400
4.64,0.07,1900,"sd","13:49:28",1740800
4.63,0.06,100,"sd","13:47:07",1734200
4.65,0.08,100,"sd","13:44:59",1726000
4.61,0.04,900,"sd","13:13:16",1357900
4.61,0.04,100,"sd","13:12:14",1352700
4.64,0.07,400,"sd","13:48:01",1736100
4.65,0.08,100,"sd","13:44:57",1725900
4.65,0.08,100,"sd","13:44:54",1725800
4.63,0.06,100,"sd","13:31:21",1525500
4.62,0.05,19800,"sd","13:12:14",1352600
4.64,0.07,200,"sd","13:50:36",1751300
4.64,0.07,1000,"sd","13:49:19",1738900
4.64,0.07,1000,"bu","13:47:02",1734100
4.65,0.08,500,"sd","13:44:52",1725700
4.62,0.05,100,"sd","13:14:44",1386400
4.64,0.07,2000,"sd","13:50:33",1751100
4.64,0.07,100,"sd","13:47:53",1735700
4.65,0.08,100,"sd","13:44:50",1725200
4.65,0.08,100,"sd","13:44:47",1725100
4.65,0.08,1000,"bu","13:47:51",1735600
4.64,0.07,100,"sd","13:47:49",1734600
4.63,0.06,100,"sd","13:46:09",1732900
4.65,0.08,100,"sd","13:44:45",1725000
4.65,0.08,500,"sd","13:43:48",1702900
4.65,0.08,5000,"sd","13:43:47",1702400
4.62,0.05,100,"sd","11:28:19",1076900
4.64,0.07,400,"sd","13:46:05",1732800
4.65,0.08,100,"sd","13:44:43",1724900
4.65,0.08,64800,"bu","13:43:42",1697400
4.64,0.07,6000,"bu","13:43:42",1632600
4.63,0.06,100,"sd","13:31:11",1525400
4.63,0.06,300,"sd","13:29:24",1521800
4.61,0.04,200,"sd","13:12:57",1357000
4.64,0.07,2700,"bu","13:50:22",1749100
4.64,0.07,200,"sd","13:48:47",1736300
4.64,0.07,100,"sd","13:47:45",1734500
4.64,0.07,800,"bu","13:45:45",1732200
4.65,0.08,4200,"sd","13:44:39",1724800
4.65,0.08,100,"sd","13:44:37",1720600
4.62,0.05,100,"sd","13:14:38",1386300
4.61,0.04,100,"sd","13:12:53",1356800
4.63,0.06,100,"sd","13:51:03",1751600
4.64,0.07,100,"bu","13:47:42",1734400
4.63,0.06,100,"sd","13:45:43",1731400
4.65,0.08,5000,"sd","13:44:36",1720500
4.65,0.08,100,"sd","13:44:34",1715500
4.64,0.07,3000,"bu","13:31:06",1525300
4.62,0.05,100,"sd","13:14:33",1386200
4.62,0.05,3000,"bu","13:12:49",1356700
4.64,0.07,300,"bu","13:50:16",1746400
4.64,0.07,1200,"sd","13:45:39",1731300
4.64,0.07,100,"sd","13:45:37",1730100
4.65,0.08,100,"sd","13:44:29",1715400
4.63,0.06,400,"sd","13:40:09",1589900
4.61,0.04,100,"sd","13:12:43",1353700
4.64,0.07,100,"sd","13:45:33",1730000
4.65,0.08,10000,"sd","13:44:27",1715300
4.65,0.08,500,"sd","13:44:26",1705300
4.63,0.06,100,"sd","13:49:51",1746100
4.65,0.08,100,"sd","13:44:24",1704800
4.62,0.05,100,"sd","13:15:09",1386700
4.62,0.05,100,"sd","13:14:30",1386100
4.61,0.04,100,"sd","13:12:38",1353600
4.64,0.07,100,"bu","13:47:26",1734300
4.64,0.07,100,"sd","13:45:27",1729900
4.65,0.08,100,"sd","13:44:20",1704700
4.63,0.06,100,"sd","13:40:01",1589500
4.56,-0.01,8000,"sd","14:31:55",2689300
4.56,-0.01,2000,"sd","14:31:50",2675500
4.57,0,1000,"bu","14:32:06",2742700
4.55,-0.02,900,"sd","14:32:06",2741700
4.55,-0.02,4000,"sd","14:32:01",2730400
4.56,-0.01,2000,"sd","14:32:01",2726400
4.64,0.07,100,"bu","11:15:40",1048500
4.63,0.06,100,"sd","11:07:23",1041300
4.59,0.02,4700,"sd","14:18:34",2347500
4.6,0.03,5300,"sd","14:18:34",2342800
4.56,-0.01,6000,"sd","14:32:09",2757200
4.56,-0.01,3000,"bu","14:32:00",2724400
4.56,-0.01,1000,"bu","14:31:59",2721400
4.63,0.06,100,"sd","11:12:48",1045700
4.63,0.06,100,"sd","11:12:46",1045600
4.63,0.06,100,"sd","11:07:18",1041200
4.57,0,5000,"bu","14:32:04",2735700
4.63,0.06,100,"sd","11:08:53",1041800
4.63,0.06,100,"sd","11:08:51",1041700
4.63,0.06,200,"sd","11:07:13",1041100
4.63,0.06,100,"sd","11:07:13",1040900
4.63,0.06,100,"sd","11:07:11",1040800
4.56,-0.01,4000,"sd","14:31:53",2681300
4.57,0,5000,"bu","14:32:08",2751200
4.63,0.06,100,"bu","11:07:49",1041500
4.56,-0.01,1000,"bu","14:31:58",2720400
4.55,-0.02,6800,"sd","14:31:58",2719400
4.56,-0.01,1800,"sd","14:31:52",2677300
4.64,0.07,1000,"bu","11:14:07",1047900
4.57,0,100,"bu","14:32:03",2730700
4.57,0,300,"bu","14:31:57",2712600
4.56,-0.01,200,"sd","14:32:01",2730600
4.55,-0.02,12000,"sd","14:31:56",2712300
4.56,-0.01,11000,"sd","14:31:56",2700300
4.63,0.06,100,"sd","11:14:18",1048200
4.56,-0.01,1000,"sd","14:32:11",2758200
4.57,0,3500,"bu","14:32:07",2746200
4.63,0.06,100,"sd","11:14:16",1048100
4.63,0.06,100,"sd","11:22:08",1056400
4.63,0.06,100,"sd","11:14:12",1048000
4.56,-0.01,5100,"sd","14:32:06",2740800
4.64,0.07,300,"bu","11:15:55",1048800
4.63,0.06,100,"sd","11:08:26",1041600
4.62,0.05,100,"sd","11:07:33",1041400
4.62,0.05,100,"sd","11:05:38",1033300
4.63,0.06,4000,"bu","11:05:42",1037300
4.62,0.05,100,"sd","11:05:43",1037400
4.63,0.06,2000,"bu","11:05:32",1033200
4.62,0.05,100,"sd","11:05:17",1031200
4.62,0.05,1000,"sd","11:05:12",1031100
4.63,0.06,100,"sd","11:06:45",1040700
4.63,0.06,100,"sd","11:06:44",1040600
4.63,0.06,200,"bu","11:03:04",1029500
4.63,0.06,1200,"sd","11:02:57",1029300
4.66,0.09,100,"sd","10:55:24",955800
4.66,0.09,100,"sd","10:55:54",961900
4.66,0.09,100,"sd","10:55:13",955700
4.67,0.1,6000,"bu","10:55:46",961800
4.66,0.09,100,"sd","10:56:03",962000
4.63,0.06,100,"sd","11:13:07",1046900
4.63,0.06,100,"sd","11:13:04",1046800
4.65,0.08,3100,"sd","10:59:59",999500
4.62,0.05,5000,"bu","10:49:25",673400
4.62,0.05,1000,"bu","10:50:12",761800
4.62,0.05,32000,"bu","10:50:09",760800
4.62,0.05,23000,"bu","10:49:25",668400
4.61,0.04,10000,"bu","10:48:06",642400
4.62,0.05,15000,"bu","10:50:02",720800
4.62,0.05,30000,"bu","10:50:01",705800
4.61,0.04,4200,"bu","10:48:00",628000
4.61,0.04,1000,"bu","10:47:59",623800
4.61,0.04,5000,"bu","10:47:58",622800
4.62,0.05,1000,"bu","10:49:13",645400
4.61,0.04,1000,"bu","10:47:54",617800
4.61,0.04,100,"bu","10:47:54",616800
4.62,0.05,1500,"bu","10:49:54",675800
4.61,0.04,7800,"bu","10:47:52",616700
4.62,0.05,900,"bu","10:49:48",674300
4.61,0.04,2000,"bu","10:47:48",608900
4.61,0.04,10000,"bu","10:47:47",606900
4.61,0.04,500,"bu","10:47:45",596900
4.61,0.04,2000,"bu","10:47:38",596400
4.61,0.04,100,"bu","10:47:38",594400
4.64,0.07,2000,"bu","10:50:53",831100
4.63,0.06,17100,"bu","10:50:41",828900
4.63,0.06,10000,"bu","10:50:41",811800
4.62,0.05,100,"sd","10:50:31",801800
4.62,0.05,100,"sd","10:50:29",801700
4.63,0.06,100,"sd","10:50:49",829100
4.63,0.06,100,"sd","10:50:48",829000
4.63,0.06,300,"sd","11:22:59",1061400
4.62,0.05,18300,"bu","10:50:21",801600
4.63,0.06,4500,"sd","11:22:44",1061100
4.63,0.06,100,"sd","11:22:19",1056600
4.63,0.06,5000,"sd","11:24:09",1066400
4.63,0.06,100,"sd","11:22:13",1056500
4.64,0.07,1300,"bu","10:51:00",832400
4.61,0.04,1500,"sd","10:50:20",783300
4.62,0.05,20000,"bu","10:50:18",781800
4.62,0.05,2000,"bu","10:48:14",644400
4.6,0.03,100,"sd","10:42:30",572900
4.6,0.03,500,"sd","10:42:10",572800
4.61,0.04,600,"bu","10:44:03",573700
4.6,0.03,100,"sd","10:43:22",573000
4.6,0.03,100,"sd","10:43:49",573100
4.61,0.04,100,"bu","10:40:04",566000
4.61,0.04,1200,"bu","10:46:02",593500
4.6,0.03,12200,"sd","10:46:01",592300
4.61,0.04,800,"bu","10:47:10",594300
4.61,0.04,400,"bu","10:44:59",580100
4.6,0.03,1000,"sd","10:44:56",579700
4.61,0.04,5000,"bu","10:44:52",578700
4.63,0.06,100,"sd","13:27:02",1519000
4.62,0.05,100,"sd","11:28:04",1076500
4.64,0.07,100,"bu","11:09:45",1041900
4.66,0.09,100,"sd","10:53:00",934900
4.64,0.07,100,"sd","10:51:49",866100
4.64,0.07,100,"sd","10:51:47",866000
4.6,0.03,700,"bu","14:17:42",2298800
4.59,0.02,100,"sd","14:17:32",2298100
4.63,0.06,100,"sd","13:27:01",1518900
4.66,0.09,100,"sd","10:52:55",934800
4.64,0.07,17700,"bu","10:51:43",865900
4.63,0.06,100,"sd","10:51:14",832500
4.63,0.06,100,"sd","13:26:58",1518800
4.68,0.11,500,"bu","10:54:05",939500
4.66,0.09,100,"sd","10:52:54",934700
4.63,0.06,100,"sd","10:51:40",848200
4.64,0.07,5000,"bu","10:51:37",848100
4.65,0.08,13600,"bu","13:26:53",1518700
4.64,0.07,6400,"bu","13:26:53",1505100
4.66,0.09,100,"sd","10:52:50",934600
4.66,0.09,100,"sd","10:52:49",934500
4.63,0.06,100,"sd","10:51:33",843100
4.61,0.04,3100,"bu","10:48:02",631100
4.62,0.05,7000,"sd","14:00:45",1939000
4.68,0.11,500,"bu","10:53:57",939000
4.66,0.09,10000,"bu","10:52:45",934400
4.65,0.08,100,"sd","10:52:43",924400
4.66,0.09,1700,"bu","10:52:42",924300
4.64,0.07,500,"bu","10:51:30",843000
4.62,0.05,100,"sd","14:00:43",1932000
4.66,0.09,100,"bu","10:52:40",922600
4.64,0.07,4900,"sd","14:12:58",2052900
4.62,0.05,100,"sd","14:00:40",1931900
4.63,0.06,200,"bu","14:00:38",1931800
4.63,0.06,17500,"bu","13:26:43",1498700
4.67,0.1,100,"sd","10:53:44",938500
4.6,0.03,5000,"bu","14:18:09",2326100
4.65,0.08,100,"sd","10:52:30",922500
4.65,0.08,2900,"sd","10:52:25",922400
4.59,0.02,100,"sd","14:18:06",2321100
4.62,0.05,5000,"sd","13:26:38",1481200
4.67,0.1,100,"sd","10:53:33",938400
4.65,0.08,100,"sd","10:52:18",919500
4.65,0.08,100,"sd","10:52:17",919400
4.6,0.03,1000,"bu","14:18:06",2321000
4.6,0.03,5000,"bu","14:18:04",2320000
4.6,0.03,10000,"sd","14:18:29",2337500
4.67,0.1,100,"sd","10:53:29",938300
4.6,0.03,100,"sd","14:18:24",2327500
4.59,0.02,100,"sd","14:18:02",2311000
4.6,0.03,1000,"bu","14:18:02",2310900
4.61,0.04,400,"bu","14:18:20",2327400
4.67,0.1,1000,"sd","10:53:21",938200
4.67,0.1,100,"sd","10:53:18",937200
4.65,0.08,53000,"bu","10:52:08",919300
4.61,0.04,100,"sd","13:06:02",1216900
4.62,0.05,1000,"bu","13:06:02",1216800
4.67,0.1,100,"sd","10:53:16",937100
4.6,0.03,900,"sd","14:18:12",2327000
4.6,0.03,700,"bu","14:17:58",2309900
4.59,0.02,300,"sd","14:17:58",2309200
4.59,0.02,10100,"sd","14:17:48",2308900
4.67,0.1,1800,"bu","10:53:12",937000
4.66,0.09,100,"sd","10:53:10",935200
4.64,0.07,100,"sd","10:51:56",866300
4.6,0.03,4000,"bu","14:18:03",2315000
4.62,0.05,100,"sd","11:28:10",1076700
4.62,0.05,100,"sd","11:28:06",1076600
4.66,0.09,100,"sd","10:53:08",935100
4.67,0.1,100,"bu","10:53:04",935000
4.64,0.07,100,"sd","10:51:52",866200
4.64,0.07,10000,"bu","10:51:20",842500
4.6,0.03,6600,"sd","10:37:50",548400
4.6,0.03,100,"sd","10:37:47",541800
4.6,0.03,1000,"sd","10:36:10",531300
4.6,0.03,100,"sd","10:37:44",541700
4.6,0.03,100,"sd","10:37:42",541600
4.6,0.03,10000,"sd","10:37:37",541500
4.6,0.03,100,"sd","10:37:20",531500
4.6,0.03,100,"sd","10:36:31",531400
4.6,0.03,100,"sd","10:34:20",530300
4.6,0.03,1100,"sd","10:34:19",530200
4.59,0.02,22900,"sd","10:28:11",513600
4.6,0.03,5000,"bu","10:25:34",490700
4.64,0.07,100,"bu","11:18:26",1050600
4.64,0.07,100,"sd","11:16:04",1049000
4.6,0.03,5200,"sd","10:24:34",485700
4.64,0.07,1000,"bu","11:12:58",1046700
4.6,0.03,300,"sd","10:24:16",480500
4.62,0.05,100,"sd","11:27:53",1076400
4.6,0.03,5000,"sd","10:20:37",469800
4.6,0.03,100,"sd","10:19:59",464600
4.6,0.03,2000,"bu","10:15:58",450400
4.61,0.04,500,"bu","10:21:17",470300
4.6,0.03,1000,"bu","10:15:45",448400
4.61,0.04,1000,"bu","10:17:52",462500
4.6,0.03,4000,"sd","10:17:49",461500
4.6,0.03,1000,"bu","10:15:33",447400
4.6,0.03,1100,"bu","10:17:27",457500
4.6,0.03,3000,"sd","10:08:57",419800
4.6,0.03,2000,"sd","10:08:56",416800
4.6,0.03,3000,"sd","10:08:54",414800
4.6,0.03,100,"sd","10:12:50",433200
4.6,0.03,1000,"sd","10:08:51",411800
4.6,0.03,1400,"sd","10:12:47",433100
4.6,0.03,2000,"sd","10:12:42",431700
4.6,0.03,4000,"sd","10:13:31",442800
4.6,0.03,5000,"sd","10:13:28",438800
4.6,0.03,100,"sd","10:13:25",433800
4.59,0.02,5500,"sd","10:17:07",456400
4.6,0.03,30000,"sd","10:08:28",410800
4.6,0.03,1000,"sd","10:08:24",380800
4.6,0.03,100,"sd","10:09:00",419900
4.6,0.03,500,"sd","10:13:00",433700
4.61,0.04,600,"bu","10:00:14",374200
4.6,0.03,100,"bu","10:09:48",420000
4.6,0.03,100,"sd","10:10:15",423100
4.6,0.03,3000,"bu","10:10:10",423000
4.61,0.04,1200,"bu","10:00:21",375400
4.6,0.03,500,"sd","10:33:22",529000
4.6,0.03,100,"sd","10:33:29",529100
4.6,0.03,2000,"sd","10:18:08",464500
4.63,0.06,100,"sd","11:06:16",1040500
4.6,0.03,100,"sd","10:33:04",528500
4.6,0.03,100,"sd","10:32:59",528400
4.6,0.03,100,"sd","10:32:58",528300
4.62,0.05,8000,"bu","10:50:06",728800
4.61,0.04,800,"bu","10:48:04",632400
4.61,0.04,500,"bu","10:48:03",631600
4.6,0.03,2500,"bu","14:16:57",2292500
4.6,0.03,10000,"sd","14:16:39",2264900
4.59,0.02,100,"sd","14:16:54",2290000
4.6,0.03,1000,"bu","14:16:54",2289900
4.6,0.03,10000,"sd","14:16:38",2254900
4.6,0.03,10000,"sd","14:16:27",2228500
4.6,0.03,2800,"sd","14:17:08",2295300
4.6,0.03,300,"bu","14:17:31",2298000
4.6,0.03,700,"bu","14:16:51",2288900
4.64,0.07,100,"sd","13:49:03",1737900
4.6,0.03,2300,"bu","14:17:31",2297700
4.6,0.03,100,"bu","14:16:48",2288200
4.65,0.08,1500,"bu","13:49:01",1737800
4.6,0.03,3000,"bu","14:16:46",2288100
4.59,0.02,100,"sd","14:17:30",2295400
4.6,0.03,10000,"sd","14:16:34",2244900
4.6,0.03,6700,"sd","14:16:42",2285100
4.6,0.03,5800,"sd","14:16:34",2234900
4.6,0.03,300,"sd","14:16:33",2229100
4.6,0.03,11000,"sd","14:16:41",2278400
4.6,0.03,2500,"sd","14:16:40",2267400
4.6,0.03,300,"sd","14:16:33",2228800
4.62,0.05,100,"sd","11:28:40",1077300
4.62,0.05,100,"sd","11:28:38",1077200
4.62,0.05,100,"sd","11:30:01",1078200
4.63,0.06,100,"bu","11:28:34",1077100
4.62,0.05,100,"sd","11:29:59",1078100
4.62,0.05,100,"sd","11:29:58",1078000
4.62,0.05,100,"sd","11:28:24",1077000
4.62,0.05,100,"sd","11:28:17",1076800
4.63,0.06,9500,"sd","11:27:26",1076300
4.63,0.06,100,"sd","11:15:58",1048900
4.63,0.06,100,"sd","11:15:10",1048400
4.62,0.05,100,"sd","11:28:58",1077900
4.63,0.06,100,"sd","11:15:08",1048300
4.62,0.05,500,"sd","11:28:48",1077800
4.64,0.07,1000,"bu","11:11:45",1043300
4.63,0.06,100,"sd","11:11:55",1045500
4.63,0.06,100,"sd","11:10:02",1042200
4.64,0.07,2000,"bu","11:11:53",1045400
4.63,0.06,100,"sd","11:11:51",1043400
4.63,0.06,100,"sd","11:09:57",1042100
4.63,0.06,100,"sd","11:09:53",1042000
4.64,0.07,100,"bu","11:11:14",1042300
4.64,0.07,1200,"bu","14:03:00",1946300
4.64,0.07,200,"bu","14:02:59",1945100
4.63,0.06,100,"sd","14:03:38",1947200
4.64,0.07,400,"sd","14:03:26",1947100
4.64,0.07,100,"sd","14:03:19",1946700
4.64,0.07,100,"sd","14:03:10",1946600
4.64,0.07,100,"sd","14:03:10",1946500
4.64,0.07,100,"sd","14:03:09",1946400
4.67,0.1,900,"sd","10:54:27",953000
4.67,0.1,100,"sd","10:54:16",949700
4.67,0.1,10000,"sd","10:54:13",949600
4.67,0.1,2000,"sd","10:54:25",952100
4.67,0.1,400,"sd","10:54:24",950100
4.62,0.05,200,"sd","14:01:48",1939300
4.67,0.1,100,"sd","10:54:08",939600
4.66,0.09,1000,"sd","10:57:03",967600
4.63,0.06,100,"sd","13:58:14",1831000
4.66,0.09,1000,"sd","10:57:02",966600
4.62,0.05,100,"sd","14:01:47",1939100
4.62,0.05,100,"sd","13:42:45",1615000
4.66,0.09,3600,"sd","10:56:55",965600
4.63,0.06,3500,"sd","14:02:25",1944900
4.64,0.07,100,"sd","13:36:38",1572600
4.63,0.06,100,"bu","14:02:21",1941400
4.64,0.07,100,"sd","13:36:37",1572500
4.64,0.07,100,"sd","13:36:31",1572400
4.64,0.07,2000,"bu","14:02:16",1941300
4.64,0.07,100,"sd","13:36:28",1572300
4.67,0.1,1200,"bu","10:55:02",955600
4.66,0.09,100,"sd","10:54:44",954400
4.67,0.1,1000,"bu","10:54:43",954300
4.66,0.09,300,"sd","10:54:36",953300
4.6,0.03,1300,"bu","10:31:20",527900
4.6,0.03,5000,"bu","10:31:20",526600
4.6,0.03,100,"bu","10:32:27",528200
4.6,0.03,100,"sd","10:41:22",572300
4.61,0.04,1000,"bu","10:41:12",572200
4.6,0.03,100,"sd","10:40:18",571100
4.61,0.04,3000,"bu","10:38:57",565900
4.61,0.04,5000,"bu","10:40:13",571000
4.6,0.03,1000,"sd","10:38:51",562900
4.6,0.03,100,"sd","10:31:35",528100
4.6,0.03,100,"sd","10:31:32",528000
4.6,0.03,13500,"bu","10:38:45",561900
4.6,0.03,100,"sd","10:40:50",571200
4.61,0.04,100,"sd","09:55:02",360200
4.61,0.04,2000,"sd","09:54:57",360100
4.6,0.03,1900,"sd","09:54:05",357200
4.61,0.04,5000,"bu","09:54:04",355300
4.6,0.03,7000,"bu","10:30:51",521600
4.59,0.02,500,"sd","10:16:12",450900
4.61,0.04,100,"sd","09:54:35",358100
4.61,0.04,800,"bu","09:54:30",358000
4.61,0.04,100,"sd","09:55:15",360400
4.61,0.04,100,"sd","09:55:04",360300
4.59,0.02,1000,"sd","10:30:26",514600
4.62,0.05,100,"sd","09:46:34",263000
4.62,0.05,7000,"sd","09:47:06",270000
4.6,0.03,100,"sd","09:40:44",252100
4.62,0.05,1000,"sd","09:46:17",262900
4.61,0.04,1000,"bu","09:41:30",253100
4.6,0.03,100,"sd","10:11:12",426000
4.6,0.03,2000,"bu","10:14:13",444800
4.6,0.03,2800,"sd","10:11:09",425900
4.6,0.03,100,"bu","10:14:38",446400
4.6,0.03,100,"sd","10:12:19",429700
4.6,0.03,500,"bu","10:14:18",445300
4.6,0.03,3000,"sd","10:12:15",429600
4.6,0.03,1000,"bu","10:14:30",446300
4.6,0.03,600,"sd","10:11:24",426600
4.63,0.06,2500,"bu","11:05:58",1040000
4.62,0.05,100,"sd","11:05:56",1037500
4.62,0.05,100,"sd","11:04:49",1030100
4.62,0.05,100,"sd","11:04:45",1030000
4.63,0.06,100,"sd","11:06:13",1040400
4.63,0.06,100,"sd","11:06:08",1040300
4.63,0.06,100,"sd","11:06:03",1040200
4.63,0.06,100,"sd","11:06:01",1040100
4.63,0.06,400,"bu","09:24:28",88400
4.65,0.08,300,"bu","11:00:51",1014700
4.62,0.05,1800,"sd","09:21:13",52400
4.62,0.05,100,"sd","11:04:43",1029900
4.65,0.08,2700,"sd","11:00:31",1014400
4.62,0.05,100,"sd","11:03:15",1029600
4.65,0.08,500,"sd","11:00:28",1011700
4.63,0.06,100,"sd","11:01:42",1018100
4.63,0.06,100,"sd","11:01:40",1018000
4.64,0.07,100,"sd","11:01:39",1017900
4.64,0.07,1000,"sd","11:01:37",1017800
4.64,0.07,2000,"sd","11:01:27",1016800
4.65,0.08,7800,"sd","11:00:12",1011200
4.64,0.07,100,"sd","11:01:17",1014800
4.65,0.08,3900,"sd","11:00:02",1003400
4.63,0.06,10000,"sd","11:02:02",1028100
4.62,0.05,100,"sd","11:03:59",1029800
4.62,0.05,100,"sd","11:03:56",1029700
4.6,0.03,200,"sd","10:20:28",464800
4.6,0.03,100,"sd","10:22:49",479200
4.65,0.08,100,"sd","10:59:21",995600
4.66,0.09,1000,"sd","10:57:28",984200
4.66,0.09,1000,"sd","10:57:24",983200
4.66,0.09,6500,"sd","10:57:20",982200
4.66,0.09,5100,"sd","10:57:16",975700
4.6,0.03,3800,"sd","10:22:29",479100
4.66,0.09,1000,"sd","10:57:11",970600
4.66,0.09,1000,"sd","10:57:09",969600
4.66,0.09,1000,"sd","10:57:08",968600
4.66,0.09,300,"sd","10:57:53",995500
4.66,0.09,1000,"sd","10:57:52",995200
4.6,0.03,1000,"sd","10:23:18",480200
4.65,0.08,500,"sd","10:59:33",996400
4.66,0.09,1000,"sd","10:57:49",994200
4.66,0.09,1000,"sd","10:57:46",993200
4.66,0.09,1000,"sd","10:57:44",992200
4.66,0.09,5000,"sd","10:57:41",991200
4.65,0.08,100,"sd","10:59:28",995900
4.65,0.08,100,"sd","10:59:27",995800
4.66,0.09,1000,"sd","10:57:35",986200
4.65,0.08,100,"sd","10:59:26",995700
4.66,0.09,1000,"sd","10:57:32",985200
4.6,0.03,5000,"sd","10:21:55",475300
4.6,0.03,2000,"sd","10:07:22",379700
4.6,0.03,100,"sd","10:07:17",377700
4.6,0.03,800,"sd","10:07:13",377600
4.6,0.03,500,"sd","10:06:14",376800
4.61,0.04,300,"bu","09:59:46",373600
4.6,0.03,500,"sd","10:06:04",376300
4.61,0.04,6400,"sd","09:59:26",373300
4.6,0.03,100,"sd","10:07:44",379800
4.61,0.04,400,"bu","10:02:24",375800
4.61,0.04,10000,"bu","09:51:46",344000
4.61,0.04,15900,"sd","09:50:32",313900
4.62,0.05,2000,"bu","09:58:27",366900
4.61,0.04,100,"sd","09:50:25",298000
4.61,0.04,5000,"sd","09:50:20",297900
4.61,0.04,1000,"sd","09:50:17",292900
4.6,0.03,100,"sd","09:50:58",334000
4.62,0.05,1000,"bu","09:49:15",287600
4.62,0.05,100,"sd","09:46:04",261900
4.62,0.05,1000,"bu","09:58:20",364900
4.61,0.04,100,"sd","09:50:05",291900
4.61,0.04,2200,"sd","09:50:03",291800
4.62,0.05,500,"sd","09:45:57",261800
4.61,0.04,100,"sd","09:49:51",287700
4.6,0.03,20000,"sd","09:50:37",333900
4.58,0.01,1000,"bu","09:28:46",207000
4.61,0.04,100,"sd","09:57:18",363500
4.58,0.01,400,"bu","09:28:54",207500
4.58,0.01,23800,"sd","09:27:55",200000
4.59,0.02,11100,"sd","09:27:55",176200
4.6,0.03,17700,"sd","09:27:55",165100
4.61,0.04,700,"sd","09:27:55",147400
4.61,0.04,1000,"sd","09:57:17",363400
4.58,0.01,3000,"bu","09:28:40",206000
4.58,0.01,1000,"bu","09:28:38",203000
4.62,0.05,100,"bu","09:58:13",363900
4.58,0.01,100,"bu","09:28:34",202000
4.58,0.01,200,"bu","09:28:27",201900
4.58,0.01,400,"bu","09:28:25",201700
4.58,0.01,100,"bu","09:28:23",201300
4.58,0.01,100,"bu","09:28:20",201200
4.58,0.01,100,"bu","09:28:16",201100
4.61,0.04,300,"sd","09:57:38",363800
4.58,0.01,1000,"bu","09:27:59",201000
4.58,0.01,500,"bu","09:28:55",208000
4.58,0.01,100,"bu","09:28:48",207100
4.61,0.04,18500,"sd","09:26:35",131400
4.62,0.05,1500,"sd","09:26:35",112900
4.62,0.05,100,"sd","09:26:34",111400
4.62,0.05,100,"sd","09:26:24",111300
4.62,0.05,4300,"bu","09:26:20",111200
4.62,0.05,100,"sd","09:25:32",89900
4.61,0.04,100,"sd","09:27:39",146700
4.62,0.05,10700,"sd","09:26:17",106900
4.62,0.05,100,"sd","09:26:17",96200
4.62,0.05,5300,"sd","09:26:14",96100
4.62,0.05,1000,"sd","09:25:18",89800
4.63,0.06,400,"bu","09:24:31",88800
4.62,0.05,100,"sd","09:26:06",90800
4.62,0.05,100,"sd","09:26:00",90700
4.63,0.06,12700,"bu","09:22:01",69300
4.61,0.04,7200,"sd","09:26:46",138600
4.6,0.03,7800,"sd","09:26:46",146400
4.62,0.05,400,"sd","09:25:54",90600
4.63,0.06,100,"bu","09:25:51",90200
4.63,0.06,200,"bu","09:25:50",90100
4.62,0.05,100,"sd","09:43:04",260000
4.62,0.05,2000,"bu","09:42:08",259900
4.62,0.05,400,"bu","09:42:02",257900
4.62,0.05,4400,"bu","09:41:49",257500
4.6,0.03,300,"sd","09:38:03",251100
4.63,0.06,1000,"bu","09:45:05",261300
4.6,0.03,2000,"sd","09:37:53",250800
4.6,0.03,400,"bu","09:37:52",248800
4.6,0.03,400,"bu","09:37:30",248400
4.6,0.03,500,"sd","09:37:29",248000
4.6,0.03,300,"bu","09:31:30",210700
4.59,0.02,400,"sd","09:30:07",210400
4.59,0.02,2000,"sd","09:30:03",210000
4.61,0.04,100,"bu","09:27:25",146600
4.6,0.03,100,"sd","09:27:10",146500
4.64,0.07,29600,"","09:15:06",29600
4.61,0.04,2000,"sd","09:57:06",362400
4.61,0.04,1000,"bu","09:53:36",345300
4.61,0.04,100,"bu","09:32:21",229600
4.6,0.03,100,"sd","09:53:30",344300
4.61,0.04,500,"sd","09:34:03",230100
4.61,0.04,200,"bu","09:52:24",344200
4.61,0.04,5000,"bu","09:53:46",350300
4.63,0.06,1000,"bu","09:21:12",50600
4.62,0.05,100,"sd","09:21:06",49600
4.62,0.05,1000,"sd","09:20:59",49500
4.63,0.06,100,"bu","09:20:49",48500
4.6,0.03,18800,"bu","09:32:12",229500
4.61,0.04,100,"sd","09:48:51",286600
4.62,0.05,100,"sd","09:47:23",270100
4.62,0.05,8800,"sd","09:48:02",285000
4.61,0.04,1500,"sd","09:48:39",286500
4.62,0.05,100,"sd","09:47:46",276200
4.62,0.05,100,"bu","09:49:59",289600
4.62,0.05,1800,"bu","09:49:59",289500
4.62,0.05,6000,"sd","09:47:39",276100
4.63,0.06,300,"bu","09:43:31",260300
4.6,0.03,100,"sd","09:36:30",247500
4.6,0.03,1900,"bu","09:36:00",247400
4.61,0.04,200,"bu","09:34:56",237400
4.6,0.03,900,"sd","09:39:38",252000
4.6,0.03,8100,"sd","09:35:47",245500
4.61,0.04,1000,"bu","09:34:42",237200
4.63,0.06,500,"bu","09:17:08",31600
4.61,0.04,500,"sd","09:17:01",31100
4.61,0.04,2400,"sd","09:18:06",39000
4.63,0.06,5000,"sd","09:17:14",36600
4.63,0.06,1000,"bu","09:16:44",30600
4.62,0.05,5000,"sd","09:23:43",87400
4.63,0.06,1000,"bu","09:22:48",80000
4.63,0.06,1000,"bu","09:22:45",79000
4.63,0.06,400,"bu","09:22:42",78000
4.61,0.04,4600,"sd","09:34:16",236200
4.61,0.04,1500,"sd","09:34:16",231600
4.63,0.06,300,"sd","09:22:38",77600
4.62,0.05,100,"sd","09:21:50",56600
4.63,0.06,7000,"sd","09:22:32",77300
4.64,0.07,1000,"bu","09:22:30",70300
4.62,0.05,4000,"sd","09:21:44",56500
4.63,0.06,500,"bu","09:24:07",88000
4.62,0.05,300,"sd","09:23:13",82400
4.63,0.06,1100,"bu","09:23:12",82100
4.62,0.05,100,"sd","09:21:38",52500
4.62,0.05,100,"sd","09:23:48",87500
4.63,0.06,1000,"bu","09:23:01",81000
4.62,0.05,100,"sd","09:19:59",48400
4.63,0.06,500,"bu","09:19:27",46700
4.62,0.05,100,"sd","09:19:45",48300
4.62,0.05,1500,"sd","09:19:39",48200
4.62,0.05,100,"sd","09:19:16",46200
4.62,0.05,2100,"bu","09:19:13",46100
4.61,0.04,4400,"bu","09:18:39",44000
4.61,0.04,600,"bu","09:18:35",39600
