"price","change","match_qtty","side","time","total_vol"
9.54,-0.09,700,"sd","14:31:12",797600
9.51,-0.12,3000,"sd","14:31:39",804800
9.52,-0.11,1500,"sd","14:31:33",801700
9.53,-0.1,2500,"sd","14:31:33",800200
9.54,-0.09,2000,"sd","14:30:58",796900
9.52,-0.11,100,"bu","14:31:36",801800
9.53,-0.1,100,"sd","14:31:25",797700
9.5,-0.13,8500,"sd","14:31:41",819300
9.51,-0.12,6000,"sd","14:31:41",810800
9.56,-0.07,2300,"sd","14:28:28",769300
9.6,-0.03,200,"bu","14:25:38",767000
9.55,-0.08,10000,"sd","14:28:45",780300
9.56,-0.07,1000,"sd","14:28:34",770300
9.54,-0.09,1000,"sd","14:29:20",786500
9.54,-0.09,1800,"sd","14:29:17",785500
9.54,-0.09,1800,"sd","14:29:47",794900
9.55,-0.08,200,"sd","14:29:47",793100
9.55,-0.08,300,"bu","14:29:27",786800
9.55,-0.08,800,"bu","14:29:40",792900
9.54,-0.09,5300,"sd","14:29:39",792100
9.55,-0.08,3400,"sd","14:28:54",783700
9.6,-0.03,5300,"bu","14:19:07",749900
9.58,-0.05,800,"bu","14:19:07",744600
9.6,-0.03,1000,"bu","14:22:19",762800
9.6,-0.03,1000,"sd","14:21:59",761800
9.58,-0.05,200,"sd","14:19:04",743800
9.56,-0.07,1600,"sd","14:23:55",766800
9.58,-0.05,200,"bu","14:18:58",743600
9.58,-0.05,1000,"bu","14:18:40",743400
9.6,-0.03,1000,"bu","14:23:24",765200
9.58,-0.05,400,"sd","14:23:03",764200
9.58,-0.05,1000,"sd","14:22:50",763800
9.57,-0.06,3500,"sd","14:15:46",727900
9.59,-0.04,1900,"bu","14:15:36",719200
9.58,-0.05,2000,"sd","14:15:17",716200
9.59,-0.04,100,"bu","14:15:06",714200
9.59,-0.04,100,"bu","14:15:35",717300
9.58,-0.05,200,"sd","14:16:04",728900
9.59,-0.04,1500,"sd","14:15:39",721700
9.57,-0.06,1000,"sd","14:16:09",730700
9.58,-0.05,500,"sd","14:14:54",714100
9.56,-0.07,2000,"sd","14:16:17",732900
9.59,-0.04,200,"bu","14:15:45",724400
9.58,-0.05,900,"sd","14:15:44",724200
9.59,-0.04,1000,"sd","14:15:38",720200
9.59,-0.04,1000,"bu","14:15:20",717200
9.56,-0.07,200,"sd","14:16:16",730900
9.58,-0.05,800,"bu","14:16:06",729700
9.58,-0.05,800,"bu","14:15:47",728700
9.59,-0.04,1600,"sd","14:15:41",723300
9.4,-0.23,90300,"","14:45:32",935900
9.45,-0.18,1000,"sd","14:31:46",820300
9.57,-0.06,7600,"sd","14:08:24",709800
9.58,-0.05,2400,"sd","14:08:24",702200
9.6,-0.03,100,"bu","14:20:01",751900
9.6,-0.03,900,"bu","14:21:04",755800
9.6,-0.03,5000,"sd","14:21:44",760800
9.6,-0.03,2000,"bu","14:20:45",754900
9.6,-0.03,1000,"bu","14:20:06",752900
9.6,-0.03,100,"bu","14:11:21",711200
9.58,-0.05,2400,"sd","14:11:56",713600
9.57,-0.06,1700,"sd","13:57:37",595100
9.58,-0.05,2300,"sd","13:57:37",593400
9.61,-0.02,100,"bu","13:57:32",591100
9.58,-0.05,100,"sd","14:06:34",699800
9.59,-0.04,100,"sd","14:06:14",699700
9.57,-0.06,4600,"sd","13:59:14",620500
9.58,-0.05,5400,"sd","13:59:14",615900
9.62,-0.01,5000,"bu","13:56:22",588100
9.58,-0.05,2800,"sd","13:57:03",591000
9.6,-0.03,100,"sd","13:57:03",588200
9.58,-0.05,1300,"sd","14:11:15",711100
9.61,-0.02,4000,"bu","13:59:38",624500
9.66,0.03,1000,"bu","13:32:06",382500
9.64,0.01,100,"sd","13:34:26",418500
9.64,0.01,100,"sd","13:33:30",418300
9.66,0.03,500,"bu","13:27:13",361500
9.65,0.02,1400,"bu","13:33:18",418200
9.65,0.02,8700,"sd","13:32:28",391200
9.63,0,25000,"sd","13:33:16",416800
9.65,0.02,100,"bu","13:33:39",418400
9.64,0.01,100,"bu","13:33:07",391800
9.58,-0.05,4400,"sd","13:59:01",610500
9.65,0.02,100,"bu","13:35:52",427500
9.65,0.02,2000,"bu","13:35:45",427400
9.65,0.02,100,"bu","13:35:28",425400
9.58,-0.05,1000,"sd","13:58:32",606100
9.6,-0.03,10000,"sd","13:58:32",605100
9.65,0.02,500,"bu","13:36:21",428400
9.64,0.01,100,"sd","13:34:35",418600
9.65,0.02,400,"bu","13:36:12",427900
9.65,0.02,500,"bu","13:32:40",391700
9.66,0.03,700,"bu","13:21:21",359900
9.65,0.02,6700,"bu","13:35:14",425300
9.62,-0.01,4300,"bu","13:54:49",583100
9.61,-0.02,900,"bu","13:54:49",578800
9.58,-0.05,3700,"sd","13:54:41",577900
9.6,-0.03,1300,"sd","13:54:41",574200
9.6,-0.03,2800,"bu","13:54:32",572900
9.66,0.03,100,"bu","13:28:19",377600
9.61,-0.02,2700,"sd","13:53:29",569600
9.66,0.03,100,"bu","13:24:10",360500
9.6,-0.03,300,"bu","13:53:27",559900
9.61,-0.02,7000,"bu","13:53:27",566900
9.66,0.03,1500,"bu","13:29:02",379400
9.66,0.03,11000,"bu","13:28:08",377500
9.63,0,500,"bu","14:19:36",751800
9.62,-0.01,300,"bu","14:19:36",751300
9.61,-0.02,100,"bu","14:19:36",751000
9.66,0.03,200,"bu","13:23:44",360400
9.5,-0.13,500,"bu","14:32:25",845600
9.5,-0.13,20000,"bu","14:32:12",845100
9.6,-0.03,500,"bu","13:54:11",570100
9.57,-0.06,1600,"sd","13:52:12",559600
9.58,-0.05,2400,"sd","13:52:12",558000
9.66,0.03,300,"bu","13:28:46",377900
9.66,0.03,5000,"bu","13:27:53",366500
9.66,0.03,1500,"bu","13:20:03",357200
9.66,0.03,100,"bu","13:22:10",360000
9.65,0.02,10000,"sd","13:16:37",336800
9.66,0.03,10000,"bu","13:17:07",347300
9.66,0.03,2000,"bu","13:18:08",349300
9.66,0.03,200,"bu","13:22:53",360200
9.66,0.03,500,"bu","13:16:55",337300
9.63,0,8000,"sd","13:00:24",296800
9.64,0.01,100,"sd","13:02:40",297900
9.66,0.03,10000,"bu","13:15:39",326600
9.68,0.05,5000,"bu","13:10:00",310800
9.65,0.02,1000,"sd","13:05:01",300800
9.64,0.01,1900,"sd","13:03:32",299800
9.68,0.05,2000,"bu","13:09:34",305800
9.68,0.05,3000,"bu","13:07:56",303800
9.65,0.02,200,"sd","13:15:53",326800
9.59,-0.04,5200,"sd","13:42:28",488300
9.6,-0.03,100,"sd","11:19:07",271400
9.62,-0.01,4200,"bu","13:41:30",469200
9.64,0.01,100,"sd","13:39:33",430800
9.62,-0.01,24700,"sd","13:40:35",465000
9.64,0.01,1000,"sd","13:39:28",430700
9.63,0,2000,"sd","11:21:32",273400
9.63,0,100,"bu","13:40:28",440300
9.6,-0.03,1200,"sd","11:18:37",271300
9.63,0,700,"sd","11:18:37",270100
9.64,0.01,600,"sd","11:18:37",269400
9.7,0.07,3000,"sd","11:18:37",268800
9.71,0.08,200,"sd","11:18:37",265800
9.72,0.09,500,"sd","11:18:37",265600
9.73,0.1,200,"sd","11:18:37",265100
9.74,0.11,600,"sd","11:18:37",264900
9.75,0.12,2700,"sd","11:18:37",264300
9.56,-0.07,1400,"sd","13:43:02",496100
9.58,-0.05,600,"sd","13:43:02",494700
9.6,-0.03,100,"bu","13:42:05",483100
9.59,-0.04,800,"sd","13:43:00",494100
9.6,-0.03,5000,"bu","13:42:59",493300
9.64,0.01,900,"sd","13:39:43",431700
9.6,-0.03,9900,"sd","13:41:52",483000
9.61,-0.02,3200,"sd","13:41:52",473100
9.62,-0.01,700,"bu","13:41:46",469900
9.63,0,5000,"sd","13:39:46",436700
9.66,0.03,500,"bu","13:20:32",357700
9.64,0.01,1000,"sd","13:01:28",297800
9.66,0.03,2200,"bu","13:19:57",355700
9.65,0.02,500,"sd","13:19:57",353500
9.64,0.01,300,"sd","13:38:32",428700
9.65,0.02,1400,"sd","13:21:10",359200
9.66,0.03,100,"bu","13:21:07",357800
9.66,0.03,3700,"bu","13:19:43",353000
9.68,0.05,2400,"bu","13:10:06",314100
9.68,0.05,900,"bu","13:10:04",311700
9.64,0.01,1000,"sd","13:38:51",429700
9.57,-0.06,3200,"sd","13:48:23",531800
9.66,0.03,400,"bu","13:14:24",316500
9.57,-0.06,500,"sd","13:45:18",497100
9.58,-0.05,500,"sd","13:45:18",496600
9.66,0.03,500,"bu","13:30:50",381000
9.66,0.03,1100,"bu","13:30:48",380500
9.66,0.03,1000,"sd","13:13:20",316100
9.57,-0.06,600,"bu","13:49:32",543600
9.66,0.03,100,"bu","13:14:51",316600
9.57,-0.06,300,"sd","13:47:08",528600
9.57,-0.06,3500,"sd","13:46:24",511700
9.58,-0.05,100,"sd","13:46:24",508200
9.57,-0.06,500,"sd","13:47:03",528300
9.57,-0.06,3000,"sd","13:50:34",555600
9.57,-0.06,500,"bu","13:49:13",543000
9.66,0.03,500,"bu","13:31:14",381500
9.58,-0.05,5000,"sd","13:47:00",527800
9.59,-0.04,1000,"sd","13:47:00",522800
9.62,-0.01,10000,"bu","13:46:59",521800
9.57,-0.06,100,"bu","13:48:46",532800
9.59,-0.04,100,"sd","13:46:58",511800
9.57,-0.06,600,"sd","13:45:41",508100
9.6,-0.03,400,"sd","13:45:41",507500
9.68,0.05,1000,"bu","13:12:49",315100
9.57,-0.06,800,"bu","13:48:39",532700
9.6,-0.03,10000,"bu","13:45:38",507100
9.57,-0.06,5700,"sd","13:50:12",552600
9.58,-0.05,3300,"sd","13:50:12",546900
9.57,-0.06,100,"bu","13:48:37",531900
9.63,0,1500,"sd","13:40:09",440200
9.63,0,2000,"sd","13:40:08",438700
9.45,-0.18,400,"bu","14:31:55",821700
9.45,-0.18,200,"bu","14:31:59",823100
9.45,-0.18,900,"bu","14:32:09",825100
9.44,-0.19,100,"bu","14:32:09",824200
9.45,-0.18,1000,"bu","14:32:04",824100
9.79,0.16,4500,"bu","11:07:43",261300
9.78,0.15,500,"bu","11:07:43",256800
9.63,0,1400,"bu","11:24:47",276400
9.45,-0.18,1000,"bu","14:31:52",821300
9.63,0,300,"bu","11:24:39",275000
9.45,-0.18,900,"bu","14:31:57",822900
9.44,-0.19,100,"bu","14:31:57",822000
9.61,-0.02,1000,"bu","14:19:21",750900
9.45,-0.18,200,"bu","14:31:56",821900
9.76,0.13,700,"sd","11:05:13",256200
9.8,0.17,1000,"sd","10:55:58",225400
9.78,0.15,300,"bu","11:13:33",261600
9.8,0.17,100,"sd","10:56:31",225500
9.63,0,1300,"sd","11:24:16",274700
9.76,0.13,300,"sd","10:42:24",218800
9.82,0.19,100,"bu","10:51:46",224400
9.82,0.19,500,"bu","10:45:31",219300
9.57,-0.06,200,"sd","14:00:44",634700
9.8,0.17,100,"bu","10:38:39",209000
9.82,0.19,5000,"bu","10:46:35",224300
9.57,-0.06,10000,"sd","14:00:30",634500
9.66,0.03,500,"bu","13:26:30",361000
9.55,-0.08,400,"sd","14:18:27",742400
9.55,-0.08,3000,"sd","14:17:55",742000
9.56,-0.07,10000,"sd","14:01:01",644700
9.77,0.14,1800,"sd","10:36:58",208900
9.77,0.14,100,"sd","10:34:32",205400
9.64,0.01,10000,"sd","11:26:57",286700
9.69,0.06,100,"bu","11:27:57",286800
9.63,0,300,"sd","11:25:28",276700
9.75,0.12,500,"sd","10:19:54",201000
9.76,0.13,500,"sd","10:19:54",200500
9.76,0.13,200,"sd","10:21:09",203200
9.78,0.15,2000,"sd","10:17:29",200000
9.79,0.16,500,"sd","10:15:26",198000
9.79,0.16,200,"bu","10:13:51",197500
9.81,0.18,1000,"sd","10:08:08",138200
9.81,0.18,2000,"sd","10:08:32",140200
9.79,0.16,20000,"sd","10:11:43",191000
9.79,0.16,2000,"sd","10:11:42",171000
9.8,0.17,1800,"sd","10:10:03",152000
9.81,0.18,1000,"sd","10:08:57",141200
9.8,0.17,7200,"sd","10:09:48",150200
9.81,0.18,800,"sd","10:09:00",142000
9.8,0.17,1000,"sd","10:09:38",143000
9.79,0.16,20000,"sd","10:57:07",245500
9.8,0.17,10000,"sd","10:10:10",162000
9.77,0.14,1100,"sd","10:38:44",210100
9.79,0.16,1700,"bu","10:34:54",207100
9.56,-0.07,3100,"sd","14:16:24",737000
9.55,-0.08,100,"sd","14:16:39",739000
9.56,-0.07,1000,"sd","14:16:24",733900
9.56,-0.07,1900,"bu","14:16:28",738900
9.57,-0.06,9700,"bu","13:48:56",542500
9.63,0,2000,"sd","11:28:41",288800
9.81,0.18,100,"sd","10:01:49",92700
9.81,0.18,5000,"sd","10:06:28",125800
9.82,0.19,400,"bu","10:05:27",118800
9.82,0.19,100,"bu","10:04:59",118400
9.82,0.19,1000,"bu","10:06:01",120800
9.81,0.18,5200,"bu","10:06:58",137200
9.81,0.18,500,"sd","10:05:46",119800
9.82,0.19,500,"bu","10:05:43",119300
9.81,0.18,6200,"sd","10:06:35",132000
9.54,-0.09,6200,"sd","14:04:12",699600
9.55,-0.08,3800,"sd","14:04:12",693400
9.55,-0.08,2700,"sd","14:03:38",689300
9.56,-0.07,2300,"sd","14:03:38",686600
9.55,-0.08,300,"sd","14:03:59",689600
9.57,-0.06,10000,"bu","14:03:13",684300
9.57,-0.06,200,"bu","14:02:31",672800
9.55,-0.08,1500,"sd","14:01:47",665600
9.55,-0.08,6000,"sd","14:01:38",664100
9.57,-0.06,2000,"bu","14:02:20",672600
9.57,-0.06,1400,"bu","14:01:28",658100
9.56,-0.07,600,"sd","14:02:41",674300
9.55,-0.08,5000,"sd","14:01:18",656700
9.56,-0.07,7000,"sd","14:01:18",651700
9.57,-0.06,900,"bu","14:02:33",673700
9.55,-0.08,5000,"sd","14:01:56",670600
9.75,0.12,7600,"sd","10:38:44",218500
9.76,0.13,200,"sd","10:38:44",210900
9.77,0.14,600,"sd","10:38:44",210700
9.8,0.17,100,"sd","09:54:07",90600
9.81,0.18,100,"sd","09:54:07",90500
9.82,0.19,1000,"bu","09:52:22",87400
9.77,0.14,2000,"bu","10:29:44",205300
9.75,0.12,5300,"bu","09:40:06",62200
9.8,0.17,600,"bu","09:46:13",71800
9.75,0.12,4700,"bu","09:40:21",66900
9.79,0.16,2800,"sd","10:12:29",197300
9.8,0.17,500,"sd","09:56:14",91600
9.81,0.18,500,"sd","09:56:14",91100
9.79,0.16,2500,"sd","10:12:20",194500
9.79,0.16,1000,"sd","10:12:05",192000
9.83,0.2,200,"bu","10:11:14",169000
9.82,0.19,3000,"bu","10:11:14",168800
9.8,0.17,1800,"bu","10:11:14",165800
9.79,0.16,2000,"sd","10:11:14",164000
9.82,0.19,2500,"sd","10:04:48",118300
9.83,0.2,4000,"sd","10:03:39",113100
9.83,0.2,5000,"bu","10:03:20",109100
9.83,0.2,5000,"bu","10:03:14",104100
9.82,0.19,2700,"sd","10:04:00",115800
9.78,0.15,100,"bu","11:06:13",256300
9.79,0.16,8700,"sd","11:00:23",255500
9.76,0.13,1400,"sd","10:20:26",202400
9.77,0.14,100,"bu","10:22:43",203300
9.79,0.16,200,"sd","10:59:36",246800
9.79,0.16,1100,"sd","10:59:06",246600
9.76,0.13,600,"bu","10:20:32",203000
9.81,0.18,100,"bu","09:59:02",92600
9.82,0.19,6200,"bu","10:02:07",99000
9.81,0.18,100,"sd","10:02:06",92800
9.82,0.19,100,"sd","10:02:22",99100
9.79,0.16,200,"sd","09:45:44",71200
9.8,0.17,1000,"bu","09:49:44",78700
9.8,0.17,3000,"bu","09:45:43",71000
9.79,0.16,2900,"sd","09:49:43",77700
9.82,0.19,1000,"bu","09:51:46",86400
9.81,0.18,1000,"bu","09:51:46",85400
9.81,0.18,100,"bu","09:51:44",84400
9.8,0.17,4000,"bu","09:50:29",83300
9.8,0.17,100,"bu","09:50:29",79300
9.79,0.16,1000,"sd","09:49:33",74800
9.8,0.17,100,"sd","09:50:53",84200
9.8,0.17,700,"bu","09:50:51",84100
9.79,0.16,200,"sd","09:50:01",79200
9.79,0.16,300,"sd","09:49:51",79000
9.79,0.16,100,"sd","09:50:38",83400
9.75,0.12,300,"bu","09:28:37",49000
9.8,0.17,500,"sd","09:57:48",92300
9.81,0.18,200,"bu","09:58:09",92500
9.8,0.17,3200,"bu","09:28:13",48700
9.79,0.16,500,"bu","09:28:13",45500
9.78,0.15,200,"bu","09:28:13",45000
9.77,0.14,100,"bu","09:28:13",44800
9.7,0.07,9800,"sd","09:26:28",43000
9.71,0.08,200,"sd","09:26:28",33200
9.77,0.14,200,"bu","09:24:48",32000
9.7,0.07,100,"sd","09:27:38",44700
9.7,0.07,400,"bu","09:26:56",44600
9.71,0.08,800,"sd","09:25:16",33000
9.76,0.13,200,"sd","09:25:16",32200
9.7,0.07,200,"sd","09:26:43",44200
9.71,0.08,1000,"sd","09:26:43",44000
9.75,0.12,1100,"bu","09:39:18",56700
9.75,0.12,500,"bu","09:39:14",55600
9.75,0.12,1900,"sd","09:39:10",55100
9.79,0.16,500,"bu","09:38:19",53000
9.78,0.15,200,"bu","09:38:42",53200
9.79,0.16,300,"bu","09:43:08",67200
9.79,0.16,200,"bu","09:37:29",52500
9.7,0.07,200,"sd","09:30:15",49200
9.72,0.09,1000,"sd","09:33:16",51200
9.79,0.16,500,"bu","09:37:05",52300
9.85,0.22,1900,"bu","09:16:22",19400
9.84,0.21,1100,"bu","09:16:22",17500
9.85,0.22,200,"bu","09:15:15",16400
9.86,0.23,16200,"","09:15:06",16200
9.81,0.18,500,"sd","09:52:36",87900
9.8,0.17,200,"sd","09:56:26",91800
9.8,0.17,2500,"sd","09:53:48",90400
9.8,0.17,100,"bu","09:20:35",30800
9.8,0.17,2000,"bu","09:20:11",30700
9.71,0.08,1000,"sd","09:31:35",50200
9.79,0.16,2000,"sd","09:47:36",73800
9.8,0.17,100,"sd","09:51:05",84300
9.79,0.16,800,"bu","09:43:47",68000
9.79,0.16,400,"bu","09:34:59",51700
9.79,0.16,100,"bu","09:36:00",51800
9.75,0.12,200,"bu","09:39:37",56900
9.79,0.16,100,"bu","09:34:41",51300
9.75,0.12,4000,"sd","09:17:35",23400
9.75,0.12,100,"bu","09:18:01",23700
9.75,0.12,200,"bu","09:17:59",23600
9.77,0.14,1000,"sd","09:22:36",31800
9.8,0.17,5000,"bu","09:18:58",28700
