"price","change","match_qtty","side","time","total_vol"
30.65,-0.3,1500,"sd","14:31:34",2527700
30.65,-0.3,10000,"sd","14:30:47",2526200
30.7,-0.25,3000,"bu","14:25:23",2426400
30.7,-0.25,300,"sd","14:29:16",2487500
30.75,-0.2,5000,"bu","14:28:54",2478000
30.7,-0.25,4200,"sd","14:29:13",2487200
30.65,-0.3,5500,"sd","14:28:40",2455400
30.65,-0.3,1500,"sd","14:28:29",2448300
30.7,-0.25,5000,"bu","14:28:29",2446800
30.65,-0.3,10000,"sd","14:28:28",2441800
30.65,-0.3,4200,"sd","14:26:48",2431800
30.7,-0.25,4200,"sd","14:28:48",2473000
30.65,-0.3,1600,"sd","14:28:38",2449900
30.65,-0.3,200,"sd","14:25:38",2427600
30.7,-0.25,11400,"bu","14:28:44",2468800
30.65,-0.3,1000,"sd","14:25:31",2427400
30.65,-0.3,7700,"sd","14:29:49",2516200
30.7,-0.25,1100,"sd","14:29:49",2508500
30.7,-0.25,400,"sd","14:29:18",2487900
30.7,-0.25,10000,"sd","14:29:34",2504900
30.7,-0.25,2500,"sd","14:29:39",2507400
30.75,-0.2,5000,"bu","14:29:26",2492900
30.7,-0.25,2000,"sd","14:29:27",2494900
30.7,-0.25,2000,"bu","14:28:42",2457400
30.7,-0.25,200,"sd","14:22:28",2362800
30.65,-0.3,500,"sd","14:19:12",2228400
30.7,-0.25,3000,"bu","14:23:58",2400000
30.65,-0.3,20100,"sd","14:18:54",2221100
30.7,-0.25,300,"bu","14:18:53",2201000
30.65,-0.3,6200,"sd","14:23:55",2397000
30.7,-0.25,500,"bu","14:19:07",2227900
30.65,-0.3,100,"sd","14:23:42",2387700
30.65,-0.3,4200,"sd","14:22:04",2362200
30.65,-0.3,1100,"sd","14:22:02",2358000
30.65,-0.3,100,"sd","14:23:47",2387800
30.65,-0.3,4700,"sd","14:19:05",2227400
30.7,-0.25,1000,"bu","14:18:49",2200700
30.65,-0.3,20000,"sd","14:23:35",2383700
30.7,-0.25,3000,"bu","14:23:53",2390800
30.65,-0.3,1600,"sd","14:19:03",2222700
30.7,-0.25,100,"bu","14:18:43",2199700
30.65,-0.3,400,"sd","14:22:12",2362600
30.65,-0.3,3900,"sd","14:23:40",2387600
30.65,-0.3,4200,"sd","14:24:16",2404200
30.7,-0.25,500,"bu","14:23:15",2363700
30.7,-0.25,100,"bu","14:23:04",2363200
30.65,-0.3,4200,"sd","14:24:26",2423400
30.7,-0.25,15000,"bu","14:24:22",2419200
30.65,-0.3,100,"sd","14:22:33",2362900
30.65,-0.3,10000,"sd","14:16:12",2156400
30.7,-0.25,100,"bu","14:15:57",2146200
30.65,-0.3,20000,"sd","14:15:47",2144400
30.7,-0.25,1000,"bu","14:15:46",2124400
30.7,-0.25,800,"sd","14:15:08",2014300
30.7,-0.25,100,"sd","14:14:52",2006300
30.7,-0.25,27500,"sd","14:15:36",2118900
30.65,-0.3,100,"sd","14:15:55",2146100
30.7,-0.25,100,"bu","14:15:40",2122800
30.7,-0.25,4500,"sd","14:15:23",2089900
30.7,-0.25,3500,"bu","14:16:22",2160900
30.7,-0.25,100,"bu","14:16:11",2146400
30.7,-0.25,100,"sd","14:15:36",2091400
30.7,-0.25,500,"sd","14:15:35",2091300
30.7,-0.25,300,"sd","14:15:17",2018900
30.75,-0.2,100,"bu","14:15:06",2013500
30.7,-0.25,100,"bu","14:16:05",2146300
30.65,-0.3,1200,"sd","14:15:39",2122700
30.7,-0.25,400,"sd","14:15:32",2090800
30.7,-0.25,400,"sd","14:15:03",2013400
30.7,-0.25,500,"bu","14:15:44",2123400
30.7,-0.25,5200,"sd","14:15:03",2013000
30.7,-0.25,50000,"sd","14:15:21",2085400
30.7,-0.25,4200,"sd","14:15:11",2018600
30.7,-0.25,500,"sd","14:14:54",2006800
30.7,-0.25,200,"bu","14:16:16",2157400
30.7,-0.25,6900,"sd","14:15:20",2035400
30.75,-0.2,1000,"bu","14:15:02",2007800
30.75,-0.2,26300,"sd","14:13:36",2004000
30.65,-0.3,1600,"sd","14:15:47",2146000
30.65,-0.3,100,"sd","14:15:42",2122900
30.7,-0.25,100,"bu","14:15:38",2121500
30.65,-0.3,100,"sd","14:15:38",2121400
30.7,-0.25,200,"bu","14:15:38",2121300
30.7,-0.25,9600,"sd","14:15:18",2028500
30.65,-0.3,800,"sd","14:16:13",2157200
30.65,-0.3,2200,"sd","14:15:38",2121100
30.7,-0.25,500,"sd","14:15:25",2090400
30.7,-0.25,100,"sd","14:15:09",2014400
30.7,-0.25,2200,"sd","14:14:26",2006200
30.4,-0.55,597400,"","14:45:32",3280100
30.8,-0.15,1000,"sd","14:08:59",1846400
30.85,-0.1,1000,"bu","14:08:23",1844400
30.85,-0.1,1000,"bu","14:07:40",1843400
30.8,-0.15,100,"bu","14:10:02",1906100
30.75,-0.2,1600,"sd","14:10:02",1906000
30.8,-0.15,1000,"sd","14:08:42",1845400
30.7,-0.25,300,"sd","14:21:12",2284100
30.65,-0.3,200,"sd","14:20:03",2251900
30.65,-0.3,200,"sd","14:20:02",2251700
30.7,-0.25,3000,"bu","14:20:00",2251500
30.7,-0.25,4500,"sd","14:21:33",2294400
30.7,-0.25,4200,"sd","14:21:05",2283800
30.65,-0.3,14800,"sd","14:21:53",2356900
30.65,-0.3,1400,"sd","14:21:50",2342100
30.7,-0.25,2800,"sd","14:21:50",2340700
30.7,-0.25,200,"sd","14:21:33",2289900
30.7,-0.25,500,"bu","14:20:33",2263900
30.7,-0.25,300,"bu","14:20:31",2263400
30.7,-0.25,17200,"bu","14:21:50",2337900
30.7,-0.25,400,"sd","14:21:22",2289700
30.7,-0.25,200,"bu","14:20:27",2263100
30.65,-0.3,600,"sd","14:19:43",2248500
30.65,-0.3,1900,"sd","14:21:44",2320700
30.65,-0.3,11400,"sd","14:21:44",2318800
30.7,-0.25,1100,"sd","14:20:52",2279600
30.7,-0.25,5200,"sd","14:21:20",2289300
30.7,-0.25,9400,"bu","14:20:49",2278500
30.65,-0.3,800,"sd","14:20:12",2262900
30.65,-0.3,8400,"sd","14:21:41",2307400
30.65,-0.3,4200,"sd","14:20:48",2269100
30.7,-0.25,1000,"bu","14:20:45",2264900
30.65,-0.3,3700,"sd","14:21:35",2299000
30.7,-0.25,900,"sd","14:21:35",2295300
30.7,-0.25,800,"bu","14:20:05",2262100
30.65,-0.3,9400,"sd","14:20:04",2261300
30.75,-0.2,7300,"sd","14:11:29",1923200
30.8,-0.15,15000,"sd","14:09:32",1861400
30.75,-0.2,5000,"sd","14:12:02",1971400
30.8,-0.15,200,"sd","13:58:08",1736600
30.8,-0.15,7200,"sd","13:57:45",1720900
30.75,-0.2,11400,"sd","14:11:56",1966400
30.75,-0.2,1700,"sd","14:11:56",1955000
30.75,-0.2,7200,"sd","14:11:55",1953300
30.75,-0.2,200,"sd","14:11:23",1915900
30.75,-0.2,3100,"sd","14:11:21",1915700
30.8,-0.15,5000,"sd","13:58:02",1736400
30.8,-0.15,300,"sd","13:57:40",1713700
30.75,-0.2,10000,"sd","14:11:53",1946100
30.75,-0.2,100,"sd","14:10:13",1906200
30.75,-0.2,4200,"sd","14:11:44",1936100
30.8,-0.15,400,"sd","13:57:49",1731400
30.8,-0.15,400,"sd","13:57:25",1706200
30.75,-0.2,600,"sd","14:11:43",1931900
30.8,-0.15,20000,"sd","14:09:54",1904400
30.8,-0.15,200,"sd","14:09:53",1884400
30.8,-0.15,10100,"sd","13:57:46",1731000
30.75,-0.2,7500,"sd","14:11:39",1931300
30.8,-0.15,2800,"sd","14:09:42",1884200
30.85,-0.1,1000,"bu","14:06:26",1842300
30.75,-0.2,600,"sd","14:11:36",1923800
30.8,-0.15,20000,"sd","14:09:40",1881400
30.75,-0.2,300,"sd","14:12:13",1971700
30.85,-0.1,100,"bu","14:06:42",1842400
30.8,-0.15,100,"sd","14:05:41",1841300
30.8,-0.15,100,"sd","14:04:38",1837000
30.85,-0.1,2900,"bu","14:04:35",1836900
30.8,-0.15,300,"sd","14:05:27",1841200
30.8,-0.15,6200,"bu","14:04:28",1834000
30.8,-0.15,3000,"bu","14:04:25",1827800
30.8,-0.15,1000,"bu","14:04:23",1824800
30.75,-0.2,700,"sd","14:04:22",1823800
30.8,-0.15,7200,"bu","14:04:22",1823100
30.8,-0.15,500,"bu","14:04:21",1815900
30.75,-0.2,700,"sd","14:04:19",1815400
30.8,-0.15,7900,"bu","14:04:17",1814700
30.8,-0.15,200,"bu","13:59:20",1752100
30.8,-0.15,100,"bu","14:10:43",1906300
30.8,-0.15,100,"bu","13:59:13",1751900
30.8,-0.15,7200,"sd","13:57:38",1713400
30.8,-0.15,7200,"sd","13:57:03",1705800
30.8,-0.15,100,"sd","13:56:09",1686200
30.8,-0.15,5000,"sd","13:56:59",1698600
30.8,-0.15,2500,"sd","13:56:06",1686100
30.75,-0.2,5900,"sd","14:11:06",1912200
30.8,-0.15,200,"sd","13:56:48",1693600
30.75,-0.2,400,"sd","14:11:13",1912600
30.8,-0.15,100,"sd","14:04:58",1840900
30.8,-0.15,3800,"sd","14:04:56",1840800
30.8,-0.15,7200,"sd","13:56:45",1693400
30.9,-0.05,8000,"bu","13:32:39",1497000
30.85,-0.1,9100,"sd","13:32:07",1486600
30.85,-0.1,100,"sd","13:31:34",1477000
30.85,-0.1,1000,"sd","13:33:56",1499600
30.85,-0.1,100,"sd","13:25:28",1455300
30.85,-0.1,300,"sd","13:32:48",1497400
30.85,-0.1,4000,"bu","13:25:23",1455200
30.85,-0.1,1000,"sd","13:34:13",1500600
30.85,-0.1,100,"sd","13:25:41",1455400
30.85,-0.1,200,"sd","13:33:05",1497600
30.85,-0.1,100,"bu","13:32:16",1489000
30.85,-0.1,1100,"sd","13:32:13",1488900
30.85,-0.1,100,"sd","13:34:46",1501700
30.85,-0.1,900,"bu","13:32:11",1487800
30.8,-0.15,1800,"bu","13:58:50",1751500
30.85,-0.1,1000,"sd","13:34:42",1501600
30.9,-0.05,300,"bu","13:35:37",1502100
30.75,-0.2,500,"sd","13:58:22",1749700
30.8,-0.15,300,"bu","13:58:56",1751800
30.8,-0.15,11600,"sd","13:58:22",1749200
30.85,-0.1,100,"sd","13:32:41",1497100
30.8,-0.15,300,"sd","13:32:09",1486900
30.85,-0.1,500,"sd","13:31:36",1477500
30.8,-0.15,400,"sd","13:25:08",1451200
30.6,-0.35,18700,"sd","14:32:13",2654800
30.65,-0.3,100,"bu","14:32:13",2636100
30.85,-0.1,100,"sd","13:37:29",1506700
30.85,-0.1,100,"sd","13:37:28",1506600
30.85,-0.1,100,"sd","13:35:16",1501800
30.85,-0.1,3000,"bu","13:24:02",1438900
30.85,-0.1,400,"sd","13:38:19",1534300
30.6,-0.35,100,"sd","14:32:21",2666300
30.85,-0.1,4200,"sd","13:37:23",1506500
30.65,-0.3,10400,"sd","14:31:43",2549500
30.85,-0.1,10000,"sd","13:38:11",1533900
30.6,-0.35,11400,"sd","14:32:18",2666200
30.65,-0.3,11400,"sd","14:31:42",2539100
30.85,-0.1,100,"bu","13:53:40",1679900
30.85,-0.1,100,"sd","13:28:27",1460700
30.85,-0.1,500,"bu","13:27:32",1458100
30.8,-0.15,800,"sd","13:53:39",1679800
30.85,-0.1,200,"sd","13:37:09",1502300
30.7,-0.25,200,"bu","14:22:46",2363100
30.8,-0.15,500,"sd","13:53:36",1679000
30.8,-0.15,300,"sd","13:53:29",1678500
30.85,-0.1,400,"sd","13:37:56",1523900
30.85,-0.1,100,"sd","13:29:04",1460800
30.55,-0.4,7600,"sd","14:32:25",2682700
30.6,-0.35,8800,"sd","14:32:25",2675100
30.7,-0.25,2700,"bu","14:19:33",2241900
30.7,-0.25,5000,"bu","14:19:37",2247900
30.8,-0.15,100,"sd","13:54:18",1683600
30.8,-0.15,2000,"sd","13:53:25",1678200
30.85,-0.1,600,"sd","13:37:48",1523500
30.85,-0.1,2200,"bu","13:28:10",1460600
30.85,-0.1,100,"bu","13:23:49",1435900
30.7,-0.25,1000,"bu","14:19:36",2242900
30.85,-0.1,3600,"bu","13:54:16",1683500
30.85,-0.1,15000,"sd","13:37:39",1522900
30.85,-0.1,100,"bu","13:28:04",1458400
30.9,-0.05,1000,"bu","13:37:39",1507900
30.85,-0.1,200,"bu","13:28:02",1458300
30.85,-0.1,10000,"bu","13:25:01",1450800
30.8,-0.15,1800,"sd","13:25:00",1440800
30.85,-0.1,200,"sd","13:37:31",1506900
30.8,-0.15,100,"sd","13:24:09",1439000
30.85,-0.1,100,"bu","13:21:25",1390500
30.85,-0.1,5000,"bu","13:17:39",1373800
30.8,-0.15,1400,"sd","13:22:18",1429000
30.8,-0.15,300,"sd","13:16:49",1366600
30.85,-0.1,100,"bu","13:16:46",1366300
30.85,-0.1,35000,"bu","13:22:16",1427600
30.8,-0.15,200,"sd","13:17:48",1376200
30.85,-0.1,100,"bu","13:22:09",1392600
30.85,-0.1,7600,"bu","13:16:38",1366200
30.85,-0.1,2000,"bu","13:22:08",1392500
30.85,-0.1,1000,"bu","13:17:17",1368800
30.8,-0.15,200,"sd","13:21:11",1390400
30.8,-0.15,100,"sd","13:22:39",1432100
30.85,-0.1,2000,"bu","13:22:37",1432000
30.8,-0.15,500,"sd","13:17:08",1367800
30.85,-0.1,200,"bu","13:22:51",1434300
30.85,-0.1,1000,"bu","13:22:31",1430000
30.85,-0.1,100,"bu","13:23:19",1435800
30.8,-0.15,200,"sd","13:23:18",1435700
30.85,-0.1,500,"bu","13:23:15",1435500
30.85,-0.1,2000,"bu","13:22:46",1434100
30.8,-0.15,500,"sd","13:20:17",1378800
30.85,-0.1,200,"bu","13:23:12",1435000
30.8,-0.15,700,"sd","13:16:55",1367300
30.85,-0.1,500,"bu","13:23:00",1434800
30.8,-0.15,2200,"sd","13:17:42",1376000
30.8,-0.15,1000,"sd","13:02:33",1272400
30.85,-0.1,200,"bu","13:12:07",1277200
30.85,-0.1,2000,"bu","13:12:03",1277000
30.85,-0.1,500,"bu","13:11:30",1275000
30.85,-0.1,200,"bu","13:10:37",1274500
30.85,-0.1,100,"bu","13:09:29",1273700
30.8,-0.15,400,"sd","13:04:15",1272800
30.8,-0.15,400,"sd","13:16:03",1358600
30.8,-0.15,800,"sd","13:09:23",1273600
30.85,-0.1,500,"bu","13:10:22",1274300
30.85,-0.1,500,"bu","11:19:56",1193000
30.8,-0.15,7200,"sd","13:39:33",1563100
30.8,-0.15,1000,"sd","11:19:53",1192500
30.8,-0.15,100,"sd","11:18:56",1191500
30.8,-0.15,100,"sd","11:18:49",1191400
30.85,-0.1,200,"bu","11:16:51",1183200
30.85,-0.1,2000,"bu","11:16:49",1183000
30.8,-0.15,400,"sd","11:18:43",1191300
30.8,-0.15,3800,"sd","11:18:42",1190900
30.8,-0.15,100,"sd","11:17:39",1187000
30.85,-0.1,600,"bu","11:17:37",1186900
30.85,-0.1,2400,"bu","11:17:37",1186300
30.85,-0.1,2000,"bu","13:41:21",1579600
30.8,-0.15,100,"sd","13:39:19",1555900
30.85,-0.1,1000,"bu","13:42:05",1580800
30.8,-0.15,200,"sd","11:20:22",1193200
30.85,-0.1,700,"bu","11:17:20",1183900
30.85,-0.1,600,"bu","11:16:22",1181000
30.85,-0.1,2000,"bu","13:41:13",1577600
30.8,-0.15,200,"sd","11:22:00",1193400
30.85,-0.1,200,"bu","13:41:09",1575600
30.8,-0.15,200,"sd","13:39:38",1563300
30.85,-0.1,2500,"bu","13:51:34",1609800
30.85,-0.1,100,"bu","13:41:54",1579800
30.8,-0.15,400,"sd","13:39:58",1575300
30.8,-0.15,4200,"sd","13:39:10",1555800
30.8,-0.15,200,"sd","13:39:09",1551600
30.8,-0.15,2000,"sd","13:51:58",1661900
30.85,-0.1,1000,"bu","13:51:31",1607300
30.8,-0.15,11600,"sd","13:39:53",1574900
30.8,-0.15,7200,"sd","13:39:07",1551400
30.8,-0.15,50000,"sd","13:51:54",1659900
30.8,-0.15,100,"sd","13:45:02",1582500
30.85,-0.1,6000,"bu","13:53:19",1676200
30.8,-0.15,300,"sd","13:53:18",1670200
30.8,-0.15,1000,"sd","13:53:17",1669900
30.8,-0.15,100,"sd","13:51:38",1609900
30.85,-0.1,2400,"bu","13:51:25",1606300
30.85,-0.1,100,"bu","13:41:42",1579700
30.8,-0.15,100,"sd","13:39:00",1544200
30.8,-0.15,3000,"sd","13:53:12",1668900
30.8,-0.15,4000,"sd","13:53:10",1665900
30.85,-0.1,1000,"sd","13:38:41",1539500
30.85,-0.1,4200,"sd","13:38:40",1538500
30.8,-0.15,1000,"sd","13:01:27",1269800
30.85,-0.1,100,"bu","13:19:48",1378300
30.8,-0.15,500,"sd","13:21:08",1390200
30.8,-0.15,400,"sd","13:20:59",1389700
30.8,-0.15,10000,"sd","13:20:58",1389300
30.85,-0.1,100,"bu","13:10:06",1273800
30.8,-0.15,600,"sd","13:01:31",1271400
30.8,-0.15,1000,"sd","13:01:30",1270800
30.8,-0.15,200,"sd","13:01:24",1268800
30.8,-0.15,3300,"sd","13:38:56",1544100
30.85,-0.1,900,"sd","13:38:56",1540800
30.8,-0.15,500,"sd","13:20:46",1379300
30.85,-0.1,200,"sd","13:38:48",1539900
30.85,-0.1,200,"sd","13:38:48",1539700
30.8,-0.15,200,"sd","13:15:08",1358200
30.8,-0.15,13000,"sd","13:13:31",1337700
30.85,-0.1,1000,"sd","13:30:52",1476200
30.8,-0.15,27000,"sd","13:13:31",1324700
30.85,-0.1,300,"sd","13:31:29",1476900
30.8,-0.15,5000,"sd","13:15:00",1358000
30.85,-0.1,300,"bu","13:13:25",1297700
30.8,-0.15,100,"sd","13:12:29",1283900
30.8,-0.15,100,"sd","13:12:28",1283800
30.8,-0.15,200,"sd","13:50:48",1603800
30.85,-0.1,5000,"bu","13:12:24",1283700
30.8,-0.15,5700,"sd","13:50:45",1603600
30.85,-0.1,1000,"bu","13:46:25",1583500
30.9,-0.05,11400,"bu","13:30:48",1475200
30.9,-0.05,700,"bu","13:30:46",1463800
30.85,-0.1,100,"sd","13:30:46",1463100
30.8,-0.15,500,"sd","13:13:18",1297400
30.85,-0.1,1000,"bu","13:49:27",1589000
30.85,-0.1,2200,"sd","13:29:41",1463000
30.85,-0.1,1000,"bu","13:12:19",1278700
30.85,-0.1,500,"bu","13:12:16",1277700
30.8,-0.15,100,"sd","13:43:59",1580900
30.8,-0.15,13000,"sd","13:13:13",1296900
30.85,-0.1,100,"bu","13:49:18",1588000
30.8,-0.15,200,"sd","13:50:29",1597900
30.85,-0.1,3100,"bu","13:50:27",1597700
30.85,-0.1,500,"bu","13:50:25",1594600
30.8,-0.15,100,"sd","13:13:49",1342400
30.85,-0.1,100,"bu","13:51:07",1603900
30.85,-0.1,2000,"bu","13:50:24",1594100
30.85,-0.1,1200,"bu","13:50:12",1591000
30.8,-0.15,500,"sd","13:47:45",1584300
30.85,-0.1,300,"bu","13:47:43",1583800
30.8,-0.15,400,"sd","13:14:38",1353000
30.8,-0.15,1300,"sd","13:14:37",1352600
30.8,-0.15,8900,"sd","13:14:35",1351300
30.85,-0.1,100,"bu","13:50:18",1592100
30.8,-0.15,1000,"sd","13:50:18",1592000
30.85,-0.1,2700,"bu","13:13:39",1342300
30.8,-0.15,1600,"sd","13:13:38",1339600
30.8,-0.15,200,"sd","13:48:33",1584500
30.85,-0.1,1500,"bu","13:44:25",1582400
30.85,-0.1,100,"bu","13:40:05",1575400
30.85,-0.1,400,"sd","13:30:58",1476600
30.85,-0.1,300,"bu","13:13:38",1338000
30.85,-0.1,800,"bu","13:49:43",1589800
30.6,-0.35,7200,"sd","14:31:50",2568700
30.6,-0.35,600,"sd","14:31:49",2561500
30.7,-0.25,200,"bu","14:18:37",2199600
30.65,-0.3,1000,"sd","14:18:36",2199400
30.6,-0.35,7600,"sd","14:32:09",2624600
30.6,-0.35,5000,"sd","14:31:48",2560900
30.65,-0.3,6400,"sd","14:31:48",2555900
30.85,-0.1,200,"bu","11:07:14",1130900
30.85,-0.1,1700,"bu","11:11:22",1153900
30.8,-0.15,200,"sd","11:11:20",1152200
30.85,-0.1,2500,"bu","11:07:56",1133400
30.85,-0.1,1000,"bu","11:07:06",1130700
30.85,-0.1,1000,"bu","11:07:04",1129700
30.85,-0.1,500,"bu","11:25:02",1237100
30.6,-0.35,10000,"sd","14:32:08",2617000
30.75,-0.2,5000,"bu","14:28:58",2483000
30.6,-0.35,800,"sd","14:31:52",2569500
30.8,-0.15,100,"sd","11:14:29",1180400
30.65,-0.3,26100,"bu","14:32:02",2595600
30.8,-0.15,4800,"sd","11:14:26",1180300
30.6,-0.35,7500,"sd","14:32:07",2607000
30.65,-0.3,3900,"sd","14:32:07",2599500
30.8,-0.15,500,"sd","11:13:59",1175500
30.8,-0.15,14400,"sd","11:13:58",1175000
30.65,-0.3,800,"sd","14:19:22",2239200
30.8,-0.15,1000,"sd","11:24:27",1236600
30.7,-0.25,10000,"bu","14:19:21",2238400
30.8,-0.15,200,"sd","11:13:49",1160600
30.8,-0.15,4200,"sd","11:13:47",1160400
30.6,-0.35,11400,"sd","14:32:10",2636000
30.85,-0.1,100,"bu","11:22:08",1193500
30.8,-0.15,2000,"sd","11:08:24",1135400
30.85,-0.1,500,"bu","11:06:49",1128700
30.8,-0.15,300,"sd","11:03:03",1101200
30.85,-0.1,2000,"bu","11:13:44",1156200
30.85,-0.1,14400,"sd","10:55:42",1051600
30.85,-0.1,5000,"sd","10:55:41",1037200
30.85,-0.1,200,"bu","11:13:08",1154200
30.85,-0.1,1000,"sd","10:56:12",1053500
30.85,-0.1,100,"sd","10:59:56",1076100
30.85,-0.1,2600,"sd","10:59:53",1076000
30.85,-0.1,1000,"sd","10:55:23",1032200
30.85,-0.1,900,"sd","10:55:46",1052500
30.85,-0.1,1500,"sd","10:55:04",1031200
30.85,-0.1,10200,"sd","10:59:59",1086300
30.85,-0.1,100,"bu","10:47:23",1006200
30.85,-0.1,1300,"bu","10:47:20",1006100
30.85,-0.1,200,"bu","10:48:00",1008600
30.85,-0.1,200,"bu","10:47:45",1008400
30.85,-0.1,5900,"bu","10:48:17",1015300
30.85,-0.1,2000,"bu","10:47:34",1008200
30.8,-0.15,24000,"sd","11:22:59",1218600
30.85,-0.1,200,"sd","10:50:44",1016900
30.85,-0.1,100,"bu","11:23:11",1219600
30.8,-0.15,1300,"sd","11:24:15",1235600
30.8,-0.15,900,"sd","11:23:09",1219500
30.8,-0.15,1000,"sd","11:23:54",1234300
30.85,-0.1,1000,"bu","11:22:40",1194600
30.85,-0.1,100,"bu","11:22:21",1193600
30.8,-0.15,500,"sd","11:23:49",1233300
30.8,-0.15,13200,"sd","11:23:43",1232800
30.85,-0.1,300,"sd","10:49:33",1016700
30.85,-0.1,1100,"sd","10:48:51",1016400
30.85,-0.1,500,"bu","10:48:15",1009400
30.85,-0.1,100,"bu","10:48:14",1008900
30.85,-0.1,3000,"bu","10:44:22",995100
30.85,-0.1,300,"bu","10:44:17",992100
30.85,-0.1,100,"bu","10:42:23",966600
30.85,-0.1,1000,"bu","10:43:19",967800
30.85,-0.1,21000,"bu","10:43:57",991800
30.85,-0.1,300,"bu","10:45:54",1002400
30.85,-0.1,200,"bu","10:45:07",998900
30.8,-0.15,100,"sd","10:44:56",998700
30.85,-0.1,500,"bu","10:44:39",995600
30.85,-0.1,3000,"bu","10:44:42",998600
30.85,-0.1,3000,"bu","10:43:47",970800
30.85,-0.1,200,"bu","10:42:37",966800
30.7,-0.25,500,"bu","14:17:33",2189300
30.85,-0.1,500,"bu","10:45:34",999500
30.9,-0.05,700,"bu","10:51:46",1017600
30.85,-0.1,100,"bu","10:45:33",999000
30.8,-0.15,5000,"bu","14:00:49",1757100
30.9,-0.05,300,"bu","10:52:48",1023200
30.7,-0.25,1000,"bu","14:18:13",2195500
30.85,-0.1,200,"bu","10:48:01",1008800
30.75,-0.2,1800,"sd","14:13:02",1977700
30.9,-0.05,200,"bu","10:52:37",1022900
30.7,-0.25,100,"bu","14:18:10",2194100
30.85,-0.1,100,"bu","10:46:44",1004800
30.7,-0.25,200,"bu","14:18:08",2194000
30.7,-0.25,500,"bu","14:18:08",2193800
30.85,-0.1,2200,"sd","13:26:40",1457600
30.85,-0.1,100,"bu","10:46:43",1004700
30.85,-0.1,1100,"bu","10:46:39",1004600
30.7,-0.25,2000,"bu","14:18:06",2193300
30.9,-0.05,100,"bu","10:52:24",1022700
30.9,-0.05,5000,"bu","10:52:22",1022600
30.7,-0.25,1000,"bu","14:18:04",2191300
30.8,-0.15,1600,"bu","14:01:12",1758900
30.85,-0.1,1000,"bu","10:46:33",1003500
30.85,-0.1,100,"bu","10:46:30",1002500
30.65,-0.3,300,"sd","14:18:24",2198400
30.7,-0.25,1500,"bu","14:18:23",2198100
30.65,-0.3,1000,"sd","14:18:23",2196600
30.7,-0.25,100,"bu","14:18:15",2195600
30.85,-0.1,600,"bu","10:45:48",1002100
30.65,-0.3,200,"sd","14:18:12",2194500
30.7,-0.25,200,"bu","14:18:11",2194300
30.85,-0.1,2000,"bu","10:45:43",1001500
30.7,-0.25,100,"bu","14:17:41",2189800
30.75,-0.2,200,"sd","14:00:58",1757300
30.7,-0.25,500,"bu","14:17:54",2190300
30.7,-0.25,400,"bu","14:17:34",2189700
30.8,-0.15,500,"bu","10:35:25",915900
30.8,-0.15,100,"bu","10:38:02",949200
30.8,-0.15,100,"bu","10:37:56",949100
30.8,-0.15,200,"bu","10:37:55",949000
30.8,-0.15,100,"bu","10:36:08",918300
30.8,-0.15,200,"bu","10:36:51",941900
30.8,-0.15,800,"sd","10:37:36",948800
30.8,-0.15,700,"bu","10:37:22",948000
30.8,-0.15,100,"bu","10:37:18",947300
30.8,-0.15,700,"bu","10:36:47",941700
30.8,-0.15,200,"bu","10:36:44",941000
30.8,-0.15,200,"bu","10:36:42",940800
30.8,-0.15,6800,"bu","10:36:41",940600
30.8,-0.15,10000,"bu","10:36:39",933800
30.8,-0.15,300,"bu","10:37:02",947200
30.8,-0.15,5000,"bu","10:36:59",946900
30.8,-0.15,500,"bu","10:36:28",923800
30.8,-0.15,5000,"bu","10:36:27",923300
30.8,-0.15,1000,"bu","10:34:13",915400
30.85,-0.1,100,"bu","10:29:02",740100
30.85,-0.1,20000,"bu","10:27:55",728000
30.85,-0.1,2000,"bu","10:26:41",705600
30.8,-0.15,2300,"sd","10:27:52",708000
30.85,-0.1,100,"bu","10:26:36",703600
30.85,-0.1,100,"bu","10:28:53",740000
30.85,-0.1,600,"bu","10:26:30",703500
30.8,-0.15,300,"bu","10:35:51",917100
30.85,-0.1,1000,"bu","10:28:52",739900
30.85,-0.1,100,"bu","10:27:37",705700
30.85,-0.1,200,"bu","10:28:50",738900
30.85,-0.1,100,"bu","10:28:42",738700
30.8,-0.15,900,"bu","10:35:44",916800
30.8,-0.15,100,"bu","10:29:32",873200
30.8,-0.15,100,"bu","10:29:26",873100
30.85,-0.1,100,"bu","10:28:22",738600
30.85,-0.1,100,"bu","10:28:21",738500
30.8,-0.15,100,"bu","10:35:58",918200
30.8,-0.15,1000,"bu","10:35:53",918100
30.85,-0.1,10000,"bu","10:28:13",738400
30.8,-0.15,200,"bu","10:29:22",873000
30.85,-0.1,100,"bu","10:28:11",728400
30.8,-0.15,62900,"sd","10:29:20",872800
30.8,-0.15,67300,"sd","10:29:19",809900
30.85,-0.1,1000,"bu","10:29:17",741100
30.85,-0.1,1500,"bu","10:29:18",742600
30.85,-0.1,300,"bu","10:28:05",728300
30.85,-0.1,500,"bu","10:25:02",698500
30.8,-0.15,100,"sd","11:18:31",1187100
30.85,-0.1,100,"bu","10:25:27",699700
30.85,-0.1,20000,"sd","10:24:28",695100
30.85,-0.1,100,"sd","10:24:26",675100
30.8,-0.15,200,"sd","10:26:12",702900
30.85,-0.1,2000,"bu","10:26:11",702700
30.85,-0.1,30000,"sd","10:23:59",675000
30.85,-0.1,500,"sd","10:25:47",700700
30.85,-0.1,500,"bu","10:25:38",700200
30.9,-0.05,200,"bu","10:20:01",603000
30.9,-0.05,300,"bu","10:17:10",582200
30.9,-0.05,100,"bu","10:19:54",602800
30.85,-0.1,20000,"sd","10:18:00",602700
30.9,-0.05,500,"bu","10:15:33",571900
30.85,-0.1,300,"sd","10:17:34",582700
30.9,-0.05,200,"bu","10:15:27",571400
30.85,-0.1,400,"sd","10:20:48",645000
30.85,-0.1,200,"sd","10:17:23",582400
30.9,-0.05,100,"bu","10:12:56",570400
30.95,0,100,"bu","10:08:52",540600
30.85,-0.1,2900,"sd","10:25:01",698000
30.9,-0.05,100,"bu","10:13:31",570700
30.85,-0.1,100,"bu","10:25:18",699600
30.85,-0.1,1000,"bu","10:25:16",699500
30.9,-0.05,200,"bu","10:13:07",570600
30.9,-0.05,20000,"sd","10:10:00",561600
30.9,-0.05,1000,"sd","10:09:56",541600
30.95,0,1000,"bu","10:00:23",522400
30.75,-0.2,4200,"sd","14:12:38",1975900
30.9,-0.05,400,"sd","10:10:30",562000
30.8,-0.15,100,"bu","10:33:44",914300
30.8,-0.15,500,"bu","10:33:44",914200
30.8,-0.15,1000,"bu","10:33:37",913700
30.8,-0.15,300,"bu","10:33:37",912700
30.8,-0.15,100,"bu","10:33:35",912400
30.8,-0.15,1000,"bu","10:33:19",912200
30.8,-0.15,100,"bu","10:33:19",911200
30.8,-0.15,2000,"bu","10:33:17",911100
30.8,-0.15,1000,"bu","10:33:13",909100
30.8,-0.15,5300,"bu","10:33:11",908100
30.85,-0.1,10000,"bu","10:41:48",966500
30.85,-0.1,1000,"bu","11:06:36",1128200
30.8,-0.15,900,"bu","10:32:59",902800
30.85,-0.1,300,"bu","11:06:19",1127200
30.8,-0.15,4200,"bu","10:32:45",901800
30.8,-0.15,100,"bu","10:32:46",901900
30.8,-0.15,800,"bu","10:32:44",897600
30.8,-0.15,100,"bu","10:33:53",914400
30.8,-0.15,1000,"bu","10:32:38",896800
30.8,-0.15,100,"bu","10:33:29",912300
30.7,-0.25,500,"bu","14:16:39",2187600
30.65,-0.3,900,"sd","14:16:27",2162200
30.65,-0.3,100,"sd","14:16:38",2187100
30.7,-0.25,500,"bu","14:16:50",2188600
30.8,-0.15,100,"sd","13:49:00",1587900
30.85,-0.1,3100,"bu","13:48:56",1587800
30.8,-0.15,200,"sd","13:48:53",1584700
30.65,-0.3,1800,"sd","14:16:34",2187000
30.7,-0.25,5000,"bu","14:16:34",2185200
30.7,-0.25,200,"bu","14:17:03",2188800
30.65,-0.3,400,"sd","14:16:24",2161300
30.65,-0.3,18000,"sd","14:16:29",2180200
30.7,-0.25,500,"bu","14:16:40",2188100
30.85,-0.1,100,"bu","11:12:08",1154000
30.85,-0.1,200,"bu","11:28:40",1237300
30.85,-0.1,2000,"bu","13:18:08",1378200
30.8,-0.15,100,"sd","11:29:21",1268600
30.8,-0.15,1200,"sd","11:28:59",1268500
30.8,-0.15,30000,"sd","11:28:54",1267300
30.95,0,2000,"bu","10:05:18",528700
30.8,-0.15,400,"sd","11:10:29",1151000
30.85,-0.1,5000,"bu","11:10:24",1150600
30.85,-0.1,5000,"bu","11:10:23",1145600
30.95,0,3500,"bu","10:06:54",538600
30.8,-0.15,200,"sd","11:10:19",1140600
30.85,-0.1,5000,"bu","11:10:15",1140400
30.95,0,400,"bu","10:05:48",529100
30.95,0,100,"bu","10:07:06",538700
30.85,-0.1,1000,"bu","11:11:05",1152000
30.8,-0.15,500,"bu","14:03:44",1779600
30.8,-0.15,3000,"bu","14:04:12",1806800
30.75,-0.2,5000,"sd","14:03:42",1779100
30.8,-0.15,5000,"bu","14:04:10",1803800
30.8,-0.15,100,"bu","14:03:39",1774100
30.8,-0.15,100,"bu","14:02:59",1767900
30.75,-0.2,3500,"sd","14:04:09",1798800
30.75,-0.2,2300,"sd","14:02:58",1767800
30.8,-0.15,7500,"bu","14:04:00",1795300
30.8,-0.15,700,"bu","14:03:56",1787800
30.75,-0.2,200,"sd","14:03:19",1774000
30.75,-0.2,5900,"sd","14:03:13",1773800
30.75,-0.2,500,"sd","14:03:50",1787100
30.8,-0.15,7000,"bu","14:03:48",1786600
30.9,-0.05,100,"bu","10:54:29",1023600
30.9,-0.05,300,"bu","10:54:27",1023500
30.8,-0.15,1000,"sd","13:58:10",1737600
30.75,-0.2,200,"sd","14:01:38",1764100
30.8,-0.15,5000,"bu","14:01:34",1763900
30.85,-0.1,100,"sd","10:54:56",1029700
30.85,-0.1,1000,"sd","13:33:22",1498600
30.85,-0.1,3800,"sd","10:54:56",1029600
30.9,-0.05,100,"bu","10:54:39",1025800
30.85,-0.1,100,"sd","10:54:36",1025700
30.9,-0.05,2000,"bu","10:54:34",1025600
30.75,-0.2,1400,"sd","14:01:57",1765500
30.8,-0.15,200,"bu","10:32:32",894700
30.8,-0.15,200,"bu","10:32:30",894500
30.8,-0.15,10000,"bu","10:31:21",892500
30.8,-0.15,100,"bu","10:32:27",894300
30.85,-0.1,100,"bu","10:39:41",950600
30.8,-0.15,100,"bu","10:32:19",894200
30.8,-0.15,100,"bu","10:32:12",894100
30.85,-0.1,200,"bu","10:39:29",950500
30.8,-0.15,300,"bu","10:32:01",894000
30.85,-0.1,100,"bu","10:39:20",950300
30.8,-0.15,500,"sd","10:40:26",956100
30.85,-0.1,5000,"bu","10:40:18",955600
30.85,-0.1,1000,"bu","10:38:57",950200
30.8,-0.15,900,"bu","10:31:36",893700
30.8,-0.15,100,"bu","10:32:33",895800
30.8,-0.15,1000,"bu","10:32:33",895700
30.8,-0.15,300,"bu","10:31:26",892800
30.8,-0.15,400,"sd","10:40:54",956500
30.8,-0.15,3000,"bu","10:30:21",880500
30.8,-0.15,2000,"bu","10:30:19",877500
30.9,-0.05,900,"bu","09:54:59",511900
30.8,-0.15,1000,"bu","10:30:13",875500
30.9,-0.05,100,"bu","09:54:48",511000
30.8,-0.15,1000,"bu","10:31:07",882500
30.8,-0.15,300,"bu","10:30:51",881100
30.8,-0.15,200,"bu","10:30:50",880800
30.8,-0.15,300,"bu","10:29:46",874500
30.8,-0.15,400,"bu","10:31:00",881500
30.9,-0.05,10000,"bu","10:16:15",581900
30.8,-0.15,1000,"bu","10:29:35",874200
30.8,-0.15,100,"bu","10:30:33",880600
30.85,-0.1,1000,"sd","09:54:19",510900
30.95,0,3300,"bu","09:41:07",345000
30.95,0,4100,"sd","09:41:03",341700
30.95,0,200,"bu","09:46:56",406900
30.9,-0.05,100,"sd","09:46:49",406700
30.95,0,2000,"bu","09:47:15",408900
30.95,0,1500,"bu","09:41:25",346500
30.95,0,1000,"bu","09:46:45",406600
30.9,-0.05,1000,"sd","09:46:44",405600
30.9,-0.05,300,"sd","09:55:38",512200
30.9,-0.05,1400,"bu","09:55:48",513600
30.9,-0.05,500,"bu","10:14:36",571200
30.9,-0.05,500,"sd","10:11:26",569200
30.9,-0.05,1100,"bu","10:12:35",570300
30.9,-0.05,6700,"sd","10:11:21",568700
30.95,0,100,"bu","10:03:32",526500
30.95,0,200,"bu","10:04:21",526700
30.8,-0.15,1200,"sd","11:04:56",1126900
30.8,-0.15,22000,"sd","11:04:55",1125700
30.85,-0.1,2000,"bu","11:04:51",1103700
31,0.05,1900,"bu","09:24:28",170200
30.85,-0.1,100,"bu","11:03:46",1101400
30.8,-0.15,200,"sd","11:00:36",1095600
30.8,-0.15,100,"sd","11:01:56",1100900
30.8,-0.15,4200,"sd","11:00:30",1095400
30.85,-0.1,100,"bu","11:03:15",1101300
30.85,-0.1,2000,"bu","11:01:48",1100800
30.85,-0.1,200,"bu","11:04:23",1101700
30.85,-0.1,100,"bu","11:04:20",1101500
30.85,-0.1,100,"bu","11:01:42",1098800
30.8,-0.15,200,"sd","11:00:16",1091200
30.8,-0.15,4200,"sd","11:00:14",1091000
30.8,-0.15,500,"sd","11:00:06",1086800
30.8,-0.15,100,"sd","11:01:16",1098700
30.85,-0.1,3000,"bu","11:01:11",1098600
30.85,-0.1,8000,"sd","10:20:27",644600
30.85,-0.1,33600,"sd","10:20:25",636600
30.85,-0.1,2700,"sd","10:59:37",1063900
30.85,-0.1,100,"sd","10:59:36",1061200
30.9,-0.05,1000,"bu","10:57:16",1058900
30.85,-0.1,200,"sd","10:57:16",1057900
30.85,-0.1,500,"sd","10:59:46",1073400
30.85,-0.1,4200,"sd","10:57:10",1057700
30.85,-0.1,1100,"sd","10:59:41",1072900
30.85,-0.1,7900,"sd","10:59:41",1071800
30.85,-0.1,2200,"sd","10:59:33",1061100
30.9,-0.05,500,"bu","09:59:04",517600
30.95,0,1000,"bu","09:59:54",521400
30.9,-0.05,500,"bu","09:59:00",517100
30.95,0,2800,"bu","09:59:46",520400
30.9,-0.05,6000,"sd","10:06:15",535100
30.9,-0.05,200,"sd","10:07:48",540500
30.95,0,3000,"bu","10:01:27",526400
30.95,0,1000,"bu","10:01:23",523400
30.9,-0.05,1600,"sd","10:07:27",540300
30.9,-0.05,10000,"sd","09:45:43",383600
30.9,-0.05,200,"bu","09:51:45",504900
30.9,-0.05,2000,"sd","09:58:27",516600
30.95,0,1000,"bu","09:49:23",429600
30.9,-0.05,300,"sd","09:51:03",432900
30.9,-0.05,400,"sd","09:50:17",432600
30.9,-0.05,2600,"sd","09:50:13",432200
30.9,-0.05,1000,"sd","09:46:08",404600
30.9,-0.05,20000,"sd","09:45:49",403600
30.9,-0.05,100,"sd","09:29:38",198500
30.9,-0.05,600,"sd","09:28:31",196000
30.9,-0.05,100,"sd","09:30:33",198600
30.9,-0.05,2000,"sd","09:29:04",198400
30.95,0,400,"bu","09:29:01",196400
30.95,0,200,"bu","09:25:01",189400
30.95,0,100,"bu","09:26:34",195400
30.9,-0.05,5600,"sd","09:25:46",195100
30.9,-0.05,200,"sd","09:26:18",195300
30.95,0,1000,"bu","09:24:43",189200
30.95,0,100,"bu","09:24:39",188200
30.95,0,7900,"sd","09:24:38",188100
31,0.05,10000,"bu","09:24:38",180200
31.05,0.1,100,"sd","09:22:00",141500
30.95,0,100,"bu","09:25:09",189500
30.95,0,1000,"sd","09:39:22",321400
31,0.05,100,"bu","09:38:31",314500
30.95,0,4800,"sd","09:39:17",320400
30.95,0,300,"bu","09:42:06",346800
30.95,0,500,"bu","09:45:19",373600
31,0.05,6000,"bu","09:38:17",314400
30.95,0,100,"sd","09:39:00",315600
30.95,0,1000,"sd","09:38:44",315500
30.95,0,100,"bu","09:43:08",346900
30.95,0,1000,"bu","09:33:23",266200
30.95,0,700,"bu","09:33:21",265200
30.9,-0.05,1000,"sd","09:30:40",199600
30.95,0,300,"bu","09:32:40",261400
30.95,0,2000,"bu","09:31:27",201700
30.95,0,2100,"bu","09:33:07",264500
30.95,0,100,"bu","09:31:18",199700
30.9,-0.05,1000,"sd","09:32:57",262400
30.95,0,10000,"bu","09:33:32",276200
30.9,-0.05,1000,"sd","09:56:38",514600
31.2,0.25,100,"sd","09:16:27",47000
31.2,0.25,1100,"sd","09:16:25",46900
31.25,0.3,18900,"sd","09:16:25",45800
31.25,0.3,4100,"bu","09:16:21",26900
31.2,0.25,3800,"bu","09:16:17",22800
31.2,0.25,1000,"bu","09:15:29",18200
31.1,0.15,300,"sd","09:15:30",18500
31.2,0.25,500,"bu","09:15:53",19000
31.2,0.25,17200,"","09:15:06",17200
30.95,0,300,"bu","09:32:19",261000
30.9,-0.05,1000,"bu","09:52:45",506400
30.9,-0.05,1000,"bu","09:53:54",508900
30.95,0,1000,"bu","09:34:03",279800
30.95,0,1000,"bu","09:34:02",278800
30.9,-0.05,500,"bu","09:53:18",507900
30.9,-0.05,500,"bu","09:52:34",505400
30.9,-0.05,100,"sd","09:33:56",277800
30.95,0,1500,"bu","09:33:52",277700
30.9,-0.05,1000,"bu","09:53:15",507400
30.9,-0.05,1000,"bu","09:53:59",509900
30.95,0,600,"bu","09:35:11",290300
30.95,0,100,"bu","09:32:32",261100
31.1,0.15,100,"bu","09:20:26",100300
31,0.05,12100,"sd","09:21:04",130900
31,0.05,17700,"sd","09:21:03",118800
31.05,0.1,200,"sd","09:21:03",101100
31.1,0.15,400,"bu","09:20:22",100200
31.1,0.15,22700,"sd","09:20:21",99800
30.95,0,500,"bu","09:32:07",207700
31.05,0.1,500,"sd","09:20:55",100900
30.95,0,5000,"bu","09:31:55",207200
31.1,0.15,100,"sd","09:20:07",77100
30.9,-0.05,50000,"sd","09:32:12",260700
30.95,0,3000,"bu","09:32:11",210700
31,0.05,100,"sd","09:20:45",100400
30.95,0,500,"bu","09:31:40",202200
30.95,0,200,"bu","09:44:30",364700
30.9,-0.05,500,"sd","09:51:07",483400
30.9,-0.05,50000,"sd","09:51:06",482900
30.95,0,5000,"bu","09:47:26",415900
30.95,0,2000,"bu","09:47:24",410900
30.95,0,200,"bu","09:48:46",428600
30.9,-0.05,400,"bu","09:51:14",504600
30.85,-0.1,20700,"sd","09:51:12",504200
30.9,-0.05,100,"sd","09:51:29",504700
30.95,0,200,"bu","09:48:33",428400
30.95,0,8000,"bu","09:44:44",373100
30.9,-0.05,100,"bu","09:51:11",483500
30.95,0,10000,"bu","09:47:49",427900
30.9,-0.05,400,"sd","09:44:43",365100
30.95,0,2000,"bu","09:47:45",417900
30.95,0,300,"bu","09:48:21",428200
30.9,-0.05,16400,"sd","09:43:33",363300
31,0.05,4000,"bu","09:35:40",300500
31,0.05,200,"bu","09:36:30",308400
30.9,-0.05,2000,"sd","09:34:35",288000
31,0.05,1600,"bu","09:35:32",296500
30.95,0,3400,"bu","09:35:32",294900
30.95,0,4000,"bu","09:34:31",286000
31,0.05,100,"bu","09:36:20",308200
31,0.05,100,"bu","09:36:12",308100
30.95,0,500,"bu","09:35:20",291500
30.95,0,600,"bu","09:39:59",337600
30.9,-0.05,200,"sd","09:35:16",291000
31,0.05,900,"bu","09:36:04",308000
30.95,0,500,"bu","09:35:14",290800
30.95,0,100,"bu","09:35:00",289700
30.95,0,400,"sd","09:39:54",337000
31,0.05,6600,"bu","09:35:54",307100
30.95,0,1600,"bu","09:34:50",289600
30.95,0,100,"bu","09:43:40",364500
30.95,0,100,"bu","09:39:39",336600
30.95,0,15100,"sd","09:39:38",336500
30.95,0,1100,"bu","09:43:35",364400
31.2,0.25,500,"sd","09:17:38",60100
31.2,0.25,900,"bu","09:17:37",59600
30.95,0,100,"bu","09:34:29",282000
30.9,-0.05,2000,"sd","09:34:28",281900
31.2,0.25,1100,"sd","09:17:33",58700
31.2,0.25,1000,"sd","09:17:30",57600
31.2,0.25,2000,"sd","09:17:26",56600
31.2,0.25,4500,"bu","09:16:57",51900
31.3,0.35,2700,"bu","09:17:26",54600
31.2,0.25,400,"bu","09:16:53",47400
31.2,0.25,2000,"sd","09:17:54",62100
31.05,0.1,100,"bu","09:22:59",150700
31.05,0.1,9100,"sd","09:22:18",150600
31.05,0.1,9000,"sd","09:21:29",139900
30.95,0,8900,"sd","09:23:32",167200
30.95,0,100,"bu","09:34:17",279900
31,0.05,7600,"sd","09:23:18",158300
31.05,0.1,100,"sd","09:21:44",141400
31.1,0.15,400,"bu","09:21:41",141300
30.95,0,500,"bu","09:23:58",168300
30.95,0,100,"bu","09:23:51",167800
31.05,0.1,1000,"bu","09:21:37",140900
30.95,0,500,"bu","09:23:46",167700
31.2,0.25,500,"bu","09:19:23",77000
31.2,0.25,7200,"sd","09:18:53",76500
31.2,0.25,2000,"sd","09:18:23",64100
31.2,0.25,4000,"sd","09:18:42",69300
31.2,0.25,1000,"sd","09:18:36",65300
31.2,0.25,200,"sd","09:18:29",64300
