"price","change","match_qtty","side","time","total_vol"
8.06,-0.04,500,"sd","14:30:57",478100
8.06,-0.04,1100,"sd","14:21:59",465000
8.05,-0.05,6500,"sd","14:22:31",476500
8.06,-0.04,1100,"sd","14:22:50",477600
8.05,-0.05,5000,"sd","14:22:30",470000
8.09,-0.01,100,"bu","14:16:08",451300
8.07,-0.03,100,"sd","14:16:17",451400
8.09,-0.01,500,"sd","14:15:02",446100
8.09,-0.01,100,"bu","14:15:42",451200
8.07,-0.03,4400,"sd","14:15:26",451100
8.08,-0.02,600,"sd","14:15:26",446700
8.13,0.03,52700,"","14:45:32",534100
8.1,0,200,"sd","14:08:27",445000
8.1,0,400,"bu","14:08:08",444800
8.1,0,200,"bu","14:08:07",444400
8.06,-0.04,4200,"sd","14:21:28",463900
8.07,-0.03,100,"sd","14:21:28",459700
8.11,0.01,100,"bu","13:57:07",437800
8.09,-0.01,600,"sd","14:09:37",445600
8.08,-0.02,2200,"sd","14:04:48",442800
8.09,-0.01,300,"sd","14:04:48",440600
8.1,0,400,"sd","13:56:41",437000
8.11,0.01,100,"bu","13:56:21",436600
8.1,0,100,"sd","13:39:41",431700
8.1,0,700,"bu","13:56:55",437700
8.1,0,1000,"bu","13:55:58",436500
8.1,0,400,"bu","14:04:56",444200
8.1,0,1000,"bu","14:04:54",443800
8.11,0.01,100,"bu","13:59:33",437900
8.1,0,900,"bu","13:32:06",431600
8.1,0,1100,"bu","13:26:03",416100
8.1,0,1900,"bu","13:31:55",430700
8.1,0,400,"bu","13:24:39",415000
8.1,0,2000,"sd","13:28:35",421600
8.09,-0.01,100,"bu","14:32:15",481200
8.1,0,200,"bu","14:32:15",481400
8.1,0,3000,"sd","13:28:50",424600
8.1,0,500,"sd","13:18:46",389100
8.1,0,900,"bu","13:17:12",388100
8.1,0,11600,"bu","13:17:11",387200
8.1,0,500,"bu","13:18:20",388600
8.09,-0.01,6500,"bu","13:16:36",375600
8.09,-0.01,3200,"bu","13:16:27",369100
8.09,-0.01,200,"bu","13:15:17",353600
8.09,-0.01,2000,"bu","13:15:23",355600
8.09,-0.01,10000,"bu","13:16:16",365900
8.09,-0.01,300,"sd","13:15:47",355900
8.09,-0.01,100,"sd","11:21:47",345500
8.1,0,1000,"bu","11:21:43",345400
8.08,-0.02,3200,"sd","13:42:10",435500
8.09,-0.01,600,"sd","13:42:10",432300
8.09,-0.01,600,"bu","13:01:28",350800
8.1,0,20000,"bu","13:18:58",409100
8.09,-0.01,100,"bu","13:02:55",350900
8.1,0,5500,"bu","13:19:16",414600
8.09,-0.01,200,"bu","13:12:34",351100
8.1,0,2000,"bu","13:29:52",426600
8.1,0,1000,"bu","13:31:26",428800
8.09,-0.01,300,"bu","13:14:53",353400
8.09,-0.01,2000,"bu","13:14:43",353100
8.1,0,200,"bu","13:31:14",427800
8.1,0,1000,"bu","13:31:08",427600
8.04,-0.06,1700,"sd","14:32:06",481100
8.05,-0.05,1100,"sd","14:31:59",479400
8.06,-0.04,5300,"sd","14:19:26",459600
8.07,-0.03,2700,"sd","14:19:26",454300
8.06,-0.04,200,"sd","14:31:51",478300
8.1,0,3200,"bu","10:59:57",336100
8.11,0.01,1000,"bu","10:42:42",314100
8.1,0,400,"sd","10:43:08",315500
8.11,0.01,1000,"bu","10:43:04",315100
8.1,0,3500,"bu","13:27:03",419600
8.1,0,1800,"bu","14:00:51",439900
8.11,0.01,2400,"bu","10:51:10",322000
8.11,0.01,1000,"sd","10:51:34",323000
8.11,0.01,4000,"bu","10:48:03",319600
8.1,0,1000,"bu","10:38:37",312100
8.11,0.01,200,"sd","14:00:36",438100
8.09,-0.01,100,"bu","14:17:48",451600
8.11,0.01,2000,"sd","10:51:58",325000
8.1,0,100,"bu","10:45:41",315600
8.07,-0.03,200,"bu","10:23:49",297100
8.07,-0.03,300,"bu","10:23:21",296900
8.07,-0.03,100,"sd","10:18:06",291000
8.1,0,500,"bu","10:08:07",286300
8.07,-0.03,1900,"bu","10:24:57",299100
8.07,-0.03,100,"bu","10:24:55",297200
8.1,0,1000,"bu","10:09:12",287300
8.09,-0.01,500,"sd","10:09:49",287800
8.1,0,300,"sd","10:01:08",248700
8.07,-0.03,2100,"sd","10:10:18",290900
8.08,-0.02,1000,"sd","10:10:18",288800
8.1,0,1000,"sd","10:33:42",311100
8.07,-0.03,100,"bu","10:19:05",294100
8.07,-0.03,3000,"bu","10:18:57",294000
8.09,-0.01,100,"bu","14:16:38",451500
8.09,-0.01,200,"bu","11:12:15",344400
8.09,-0.01,3000,"bu","11:29:48",350200
8.09,-0.01,1700,"sd","11:27:12",347200
8.1,0,1000,"sd","10:05:21",252600
8.1,0,20000,"bu","10:07:00",272800
8.1,0,200,"sd","10:06:42",252800
8.1,0,1000,"sd","10:05:12",251600
8.1,0,400,"sd","14:02:58",440300
8.11,0.01,100,"sd","10:56:53",325100
8.11,0.01,1000,"bu","10:32:30",310100
8.1,0,1000,"sd","10:40:30",313100
8.1,0,100,"bu","09:54:12",248400
8.11,0.01,8100,"bu","10:29:55",309100
8.1,0,1900,"bu","10:29:55",301000
8.1,0,2000,"bu","09:46:32",232300
8.1,0,2700,"bu","09:40:52",171000
8.1,0,50000,"bu","09:46:21",230300
8.1,0,2000,"bu","09:40:43",168300
8.1,0,8600,"bu","09:46:48",240900
8.14,0.04,100,"sd","09:41:27",171900
8.14,0.04,800,"bu","09:41:17",171800
8.1,0,1800,"sd","10:04:13",250500
8.1,0,100,"sd","10:04:14",250600
8.09,-0.01,1000,"sd","09:24:28",108100
8.1,0,5200,"bu","11:03:17",343900
8.1,0,300,"bu","11:04:02",344200
8.1,0,2600,"sd","11:01:04",338700
8.1,0,500,"sd","09:36:47",115600
8.1,0,600,"sd","10:59:23",326200
8.07,-0.03,2500,"sd","10:22:40",296600
8.11,0.01,500,"sd","10:57:12",325600
8.1,0,2200,"sd","10:59:27",332900
8.11,0.01,100,"sd","10:59:27",330700
8.1,0,4400,"bu","10:59:24",330600
8.1,0,3000,"bu","10:07:11",275800
8.1,0,2000,"sd","10:07:36",284100
8.1,0,4500,"sd","10:07:34",282100
8.1,0,1700,"sd","10:07:45",285800
8.1,0,1800,"bu","10:07:23",277600
8.08,-0.02,100,"sd","09:26:35",108200
8.06,-0.04,300,"sd","09:27:50",109800
8.07,-0.03,100,"sd","09:27:50",109500
8.08,-0.02,1100,"sd","09:27:50",109400
8.08,-0.02,100,"sd","09:27:50",108300
8.1,0,8300,"sd","09:22:34",105400
8.1,0,48800,"bu","09:37:50",164400
8.1,0,7400,"sd","09:45:31",180300
8.11,0.01,1000,"sd","09:43:12",172900
8.1,0,3700,"bu","09:33:06",113500
8.1,0,4000,"bu","09:15:47",39600
8.1,0,100,"bu","09:15:47",35600
8.09,-0.01,1300,"sd","09:16:04",40900
8.09,-0.01,35500,"","09:15:06",35500
8.1,0,5400,"sd","09:52:43",248300
8.1,0,1300,"sd","09:33:43",114800
8.1,0,600,"bu","09:47:48",242900
8.1,0,1400,"sd","09:47:38",242300
8.14,0.04,300,"bu","09:36:02",115100
8.1,0,1900,"bu","09:39:47",166300
8.1,0,100,"sd","09:17:45",46900
8.1,0,200,"sd","09:18:07",47100
8.1,0,4900,"bu","09:17:24",46800
8.1,0,1000,"bu","09:17:14",41900
8.09,-0.01,700,"sd","09:22:41",106100
8.09,-0.01,1000,"bu","09:23:07",107100
8.1,0,100,"sd","09:19:42",47200
8.1,0,49900,"bu","09:19:56",97100
