"Stockcode","Package","TradingDate","Price","Vol","TotalVol","TotalVal","Change","IsBuy","PerChange"
"HDG",144419,"/Date(1701675900000)/",27900,88800,1415500,39652000000,550,false,2.01
"HDG",142916,"/Date(1701674998000)/",28000,100,1326700,37174000000,650,true,2.38
"HDG",142916,"/Date(1701674998000)/",28000,200,1326600,37171000000,650,true,2.38
"HDG",142910,"/Date(1701674990000)/",28000,1000,1326400,37166000000,650,true,2.38
"HDG",142831,"/Date(1701674953000)/",28000,800,1325400,37138000000,650,false,2.38
"HDG",142831,"/Date(1701674953000)/",28000,1000,1324600,37115000000,650,false,2.38
"HDG",142831,"/Date(1701674953000)/",28000,4000,1323600,37087000000,650,false,2.38
"HDG",142831,"/Date(1701674953000)/",28000,1000,1319600,36975000000,650,false,2.38
"HDG",142825,"/Date(1701674946000)/",28000,500,1318600,36947000000,650,false,2.38
"HDG",142809,"/Date(1701674930000)/",28000,200,1318100,36933000000,650,false,2.38
"HDG",142803,"/Date(1701674925000)/",28000,800,1317900,36928000000,650,true,2.38
"HDG",142803,"/Date(1701674923000)/",28050,200,1317100,36905000000,700,false,2.56
"HDG",142756,"/Date(1701674918000)/",28000,200,1316900,36900000000,650,true,2.38
"HDG",142756,"/Date(1701674918000)/",28000,100,1316700,36894000000,650,true,2.38
"HDG",142753,"/Date(1701674915000)/",28050,1100,1316600,36891000000,700,false,2.56
"HDG",142743,"/Date(1701674904000)/",28050,8000,1315500,36861000000,700,true,2.56
"HDG",142734,"/Date(1701674894000)/",28050,900,1307500,36636000000,700,true,2.56
"HDG",142734,"/Date(1701674894000)/",28050,100,1306600,36611000000,700,true,2.56
"HDG",142731,"/Date(1701674892000)/",28050,300,1306500,36608000000,700,true,2.56
"HDG",142731,"/Date(1701674892000)/",28100,100,1306200,36600000000,750,true,2.74
"HDG",142702,"/Date(1701674861000)/",28050,600,1306100,36597000000,700,true,2.56
"HDG",142702,"/Date(1701674861000)/",28100,400,1305500,36580000000,750,false,2.74
"HDG",142655,"/Date(1701674856000)/",28100,100,1305100,36569000000,750,true,2.74
"HDG",142655,"/Date(1701674856000)/",28100,300,1305000,36566000000,750,true,2.74
"HDG",142649,"/Date(1701674851000)/",28100,300,1304700,36558000000,750,true,2.74
"HDG",142649,"/Date(1701674851000)/",28100,100,1304400,36549000000,750,true,2.74
"HDG",142649,"/Date(1701674851000)/",28100,300,1304300,36546000000,750,true,2.74
"HDG",142620,"/Date(1701674820000)/",28100,700,1304000,36538000000,750,true,2.74
"HDG",142620,"/Date(1701674820000)/",28100,1800,1303300,36518000000,750,true,2.74
"HDG",142620,"/Date(1701674820000)/",28100,2500,1301500,36468000000,750,true,2.74
"HDG",142607,"/Date(1701674808000)/",28100,500,1299000,36397000000,750,true,2.74
"HDG",142601,"/Date(1701674802000)/",28200,300,1298500,36383000000,850,false,3.11
"HDG",142548,"/Date(1701674788000)/",28100,2000,1298200,36375000000,750,true,2.74
"HDG",142532,"/Date(1701674774000)/",28200,100,1296200,36319000000,850,true,3.11
"HDG",142532,"/Date(1701674774000)/",28200,5000,1296100,36316000000,850,true,3.11
"HDG",142532,"/Date(1701674774000)/",28200,100,1291100,36175000000,850,true,3.11
"HDG",142532,"/Date(1701674774000)/",28200,100,1291000,36172000000,850,true,3.11
"HDG",142532,"/Date(1701674774000)/",28200,5000,1290900,36169000000,850,true,3.11
"HDG",142532,"/Date(1701674774000)/",28200,500,1285900,36028000000,850,true,3.11
"HDG",142532,"/Date(1701674774000)/",28200,3700,1285400,36014000000,850,true,3.11
"HDG",142532,"/Date(1701674774000)/",28300,1900,1281700,35910000000,950,true,3.47
"HDG",142522,"/Date(1701674765000)/",28250,1000,1279800,35856000000,900,false,3.29
"HDG",142519,"/Date(1701674759000)/",28250,1000,1278800,35828000000,900,true,3.29
"HDG",142516,"/Date(1701674758000)/",28250,1000,1277800,35800000000,900,true,3.29
"HDG",142359,"/Date(1701674680000)/",28350,1500,1276800,35771000000,1000,false,3.66
"HDG",142340,"/Date(1701674659000)/",28400,1700,1275300,35729000000,1050,false,3.84
"HDG",142330,"/Date(1701674652000)/",28200,1300,1273600,35680000000,850,true,3.11
"HDG",142330,"/Date(1701674652000)/",28250,500,1272300,35644000000,900,true,3.29
"HDG",142330,"/Date(1701674652000)/",28250,500,1271800,35630000000,900,true,3.29
"HDG",142330,"/Date(1701674652000)/",28250,1000,1271300,35616000000,900,true,3.29
"HDG",142330,"/Date(1701674652000)/",28300,500,1270300,35587000000,950,true,3.47
"HDG",142330,"/Date(1701674652000)/",28300,400,1269800,35573000000,950,true,3.47
"HDG",142330,"/Date(1701674652000)/",28300,800,1269400,35562000000,950,true,3.47
"HDG",142327,"/Date(1701674647000)/",28350,1800,1268600,35539000000,1000,false,3.66
"HDG",142327,"/Date(1701674646000)/",28300,2000,1266800,35488000000,950,true,3.47
"HDG",142327,"/Date(1701674646000)/",28300,500,1264800,35432000000,950,true,3.47
"HDG",142324,"/Date(1701674645000)/",28350,100,1264300,35417000000,1000,true,3.66
"HDG",142324,"/Date(1701674645000)/",28350,500,1264200,35415000000,1000,true,3.66
"HDG",142324,"/Date(1701674645000)/",28350,47600,1263700,35400000000,1000,true,3.66
"HDG",142321,"/Date(1701674640000)/",28400,800,1216100,34051000000,1050,false,3.84
"HDG",142317,"/Date(1701674639000)/",28400,800,1215300,34028000000,1050,false,3.84
"HDG",142311,"/Date(1701674633000)/",28350,500,1214500,34006000000,1000,true,3.66
"HDG",142311,"/Date(1701674631000)/",28350,200,1214000,33991000000,1000,true,3.66
"HDG",142305,"/Date(1701674626000)/",28400,700,1213800,33986000000,1050,false,3.84
"HDG",142305,"/Date(1701674624000)/",28400,500,1213100,33966000000,1050,false,3.84
"HDG",142301,"/Date(1701674620000)/",28400,100,1212600,33952000000,1050,false,3.84
"HDG",142301,"/Date(1701674620000)/",28400,1000,1212500,33949000000,1050,false,3.84
"HDG",142301,"/Date(1701674620000)/",28400,1300,1211500,33920000000,1050,false,3.84
"HDG",142255,"/Date(1701674616000)/",28400,3500,1210200,33883000000,1050,false,3.84
"HDG",142252,"/Date(1701674611000)/",28400,1100,1206700,33784000000,1050,false,3.84
"HDG",142245,"/Date(1701674607000)/",28400,1100,1205600,33753000000,1050,false,3.84
"HDG",142245,"/Date(1701674607000)/",28400,1000,1204500,33722000000,1050,false,3.84
"HDG",142245,"/Date(1701674607000)/",28400,2500,1203500,33693000000,1050,false,3.84
"HDG",142245,"/Date(1701674607000)/",28400,600,1201000,33622000000,1050,false,3.84
"HDG",142239,"/Date(1701674600000)/",28400,900,1200400,33605000000,1050,true,3.84
"HDG",142233,"/Date(1701674594000)/",28400,400,1199500,33580000000,1050,true,3.84
"HDG",142233,"/Date(1701674594000)/",28400,200,1199100,33568000000,1050,true,3.84
"HDG",142233,"/Date(1701674594000)/",28400,1100,1198900,33563000000,1050,true,3.84
"HDG",142233,"/Date(1701674594000)/",28400,800,1197800,33531000000,1050,true,3.84
"HDG",142233,"/Date(1701674594000)/",28400,1400,1197000,33509000000,1050,true,3.84
"HDG",142233,"/Date(1701674594000)/",28400,1600,1195600,33469000000,1050,true,3.84
"HDG",142233,"/Date(1701674594000)/",28400,200,1194000,33423000000,1050,true,3.84
"HDG",142233,"/Date(1701674594000)/",28400,200,1193800,33418000000,1050,true,3.84
"HDG",142233,"/Date(1701674594000)/",28400,8200,1193600,33412000000,1050,true,3.84
"HDG",142233,"/Date(1701674594000)/",28400,300,1185400,33179000000,1050,true,3.84
"HDG",142233,"/Date(1701674594000)/",28400,300,1185100,33171000000,1050,true,3.84
"HDG",142233,"/Date(1701674594000)/",28400,500,1184800,33162000000,1050,true,3.84
"HDG",142233,"/Date(1701674594000)/",28400,500,1184300,33148000000,1050,true,3.84
"HDG",142233,"/Date(1701674594000)/",28400,200,1183800,33134000000,1050,true,3.84
"HDG",142233,"/Date(1701674594000)/",28400,3700,1183600,33128000000,1050,true,3.84
"HDG",142229,"/Date(1701674589000)/",28400,600,1179900,33023000000,1050,true,3.84
"HDG",142226,"/Date(1701674585000)/",28400,2000,1179300,33006000000,1050,true,3.84
"HDG",142226,"/Date(1701674585000)/",28400,100,1177300,32949000000,1050,true,3.84
"HDG",142216,"/Date(1701674576000)/",28400,3000,1177200,32946000000,1050,true,3.84
"HDG",142210,"/Date(1701674569000)/",28400,100,1174200,32861000000,1050,true,3.84
"HDG",142157,"/Date(1701674558000)/",28400,100,1174100,32858000000,1050,true,3.84
"HDG",142151,"/Date(1701674551000)/",28400,1700,1174000,32855000000,1050,true,3.84
"HDG",142148,"/Date(1701674549000)/",28400,4000,1172300,32807000000,1050,true,3.84
"HDG",142148,"/Date(1701674549000)/",28400,700,1168300,32693000000,1050,true,3.84
"HDG",142148,"/Date(1701674549000)/",28400,300,1167600,32674000000,1050,true,3.84
"HDG",142144,"/Date(1701674546000)/",28400,100,1167300,32665000000,1050,true,3.84
"HDG",142144,"/Date(1701674546000)/",28400,700,1167200,32662000000,1050,true,3.84
"HDG",142144,"/Date(1701674546000)/",28400,1000,1166500,32642000000,1050,true,3.84
"HDG",142144,"/Date(1701674546000)/",28400,200,1165500,32614000000,1050,true,3.84
"HDG",142138,"/Date(1701674539000)/",28400,800,1165300,32608000000,1050,true,3.84
"HDG",142138,"/Date(1701674539000)/",28400,2200,1164500,32586000000,1050,true,3.84
"HDG",142138,"/Date(1701674538000)/",28400,9500,1162300,32523000000,1050,true,3.84
"HDG",142138,"/Date(1701674538000)/",28400,500,1152800,32253000000,1050,true,3.84
"HDG",142135,"/Date(1701674535000)/",28400,200,1152300,32239000000,1050,true,3.84
"HDG",142128,"/Date(1701674528000)/",28400,1700,1152100,32233000000,1050,true,3.84
"HDG",142128,"/Date(1701674528000)/",28400,1300,1150400,32185000000,1050,true,3.84
"HDG",142125,"/Date(1701674526000)/",28450,200,1149100,32148000000,1100,false,4.02
"HDG",142112,"/Date(1701674514000)/",28400,100,1148900,32142000000,1050,true,3.84
"HDG",142109,"/Date(1701674511000)/",28400,800,1148800,32140000000,1050,true,3.84
"HDG",142109,"/Date(1701674511000)/",28400,200,1148000,32117000000,1050,true,3.84
"HDG",142109,"/Date(1701674511000)/",28400,700,1147800,32111000000,1050,true,3.84
"HDG",142109,"/Date(1701674511000)/",28400,300,1147100,32091000000,1050,true,3.84
"HDG",142100,"/Date(1701674501000)/",28400,3000,1146800,32083000000,1050,true,3.84
"HDG",142053,"/Date(1701674494000)/",28400,100,1143800,31998000000,1050,true,3.84
"HDG",142050,"/Date(1701674492000)/",28400,100,1143700,31995000000,1050,true,3.84
"HDG",142050,"/Date(1701674492000)/",28400,2900,1143600,31992000000,1050,true,3.84
"HDG",142050,"/Date(1701674491000)/",28400,300,1140700,31910000000,1050,true,3.84
"HDG",142050,"/Date(1701674489000)/",28450,100,1140400,31901000000,1100,false,4.02
"HDG",142040,"/Date(1701674481000)/",28400,100,1140300,31898000000,1050,true,3.84
"HDG",142028,"/Date(1701674468000)/",28400,500,1140200,31895000000,1050,true,3.84
"HDG",142021,"/Date(1701674461000)/",28400,1400,1139700,31881000000,1050,true,3.84
"HDG",142021,"/Date(1701674461000)/",28400,200,1138300,31841000000,1050,true,3.84
"HDG",142021,"/Date(1701674461000)/",28400,200,1138100,31836000000,1050,true,3.84
"HDG",142021,"/Date(1701674461000)/",28400,200,1137900,31830000000,1050,true,3.84
"HDG",142018,"/Date(1701674460000)/",28400,600,1137700,31824000000,1050,true,3.84
"HDG",142018,"/Date(1701674460000)/",28400,400,1137100,31807000000,1050,true,3.84
"HDG",142018,"/Date(1701674457000)/",28400,1000,1136700,31796000000,1050,true,3.84
"HDG",142018,"/Date(1701674457000)/",28450,500,1135700,31768000000,1100,false,4.02
"HDG",142015,"/Date(1701674455000)/",28400,200,1135200,31753000000,1050,true,3.84
"HDG",142015,"/Date(1701674455000)/",28400,2800,1135000,31748000000,1050,true,3.84
"HDG",142015,"/Date(1701674454000)/",28400,2000,1132200,31668000000,1050,true,3.84
"HDG",142005,"/Date(1701674446000)/",28400,3400,1130200,31611000000,1050,true,3.84
"HDG",142005,"/Date(1701674446000)/",28400,400,1126800,31515000000,1050,true,3.84
"HDG",142005,"/Date(1701674446000)/",28400,1000,1126400,31503000000,1050,true,3.84
"HDG",142005,"/Date(1701674446000)/",28400,600,1125400,31475000000,1050,true,3.84
"HDG",142005,"/Date(1701674446000)/",28400,2400,1124800,31458000000,1050,true,3.84
"HDG",142005,"/Date(1701674446000)/",28400,200,1122400,31390000000,1050,true,3.84
"HDG",142002,"/Date(1701674441000)/",28400,800,1122200,31384000000,1050,true,3.84
"HDG",142002,"/Date(1701674441000)/",28400,200,1121400,31361000000,1050,true,3.84
"HDG",141955,"/Date(1701674436000)/",28400,800,1121200,31356000000,1050,true,3.84
"HDG",141955,"/Date(1701674436000)/",28400,1200,1120400,31333000000,1050,true,3.84
"HDG",141946,"/Date(1701674426000)/",28400,3000,1119200,31299000000,1050,true,3.84
"HDG",141940,"/Date(1701674420000)/",28400,200,1116200,31214000000,1050,true,3.84
"HDG",141917,"/Date(1701674399000)/",28450,700,1116000,31208000000,1100,false,4.02
"HDG",141914,"/Date(1701674395000)/",28400,1600,1115300,31188000000,1050,true,3.84
"HDG",141914,"/Date(1701674395000)/",28450,1000,1113700,31143000000,1100,true,4.02
"HDG",141914,"/Date(1701674395000)/",28450,400,1112700,31114000000,1100,true,4.02
"HDG",141911,"/Date(1701674391000)/",28450,700,1112300,31103000000,1100,true,4.02
"HDG",141901,"/Date(1701674380000)/",28450,1100,1111600,31083000000,1100,true,4.02
"HDG",141901,"/Date(1701674380000)/",28450,200,1110500,31052000000,1100,true,4.02
"HDG",141858,"/Date(1701674379000)/",28450,200,1110300,31046000000,1100,true,4.02
"HDG",141848,"/Date(1701674369000)/",28450,500,1110100,31040000000,1100,true,4.02
"HDG",141848,"/Date(1701674367000)/",28450,4100,1109600,31026000000,1100,true,4.02
"HDG",141848,"/Date(1701674367000)/",28450,1300,1105500,30909000000,1100,true,4.02
"HDG",141848,"/Date(1701674367000)/",28450,1800,1104200,30872000000,1100,true,4.02
"HDG",141848,"/Date(1701674367000)/",28450,2800,1102400,30821000000,1100,true,4.02
"HDG",141842,"/Date(1701674363000)/",28450,200,1099600,30742000000,1100,true,4.02
"HDG",141842,"/Date(1701674361000)/",28450,1000,1099400,30736000000,1100,true,4.02
"HDG",141842,"/Date(1701674361000)/",28450,100,1098400,30707000000,1100,true,4.02
"HDG",141835,"/Date(1701674356000)/",28450,10000,1098300,30705000000,1100,true,4.02
"HDG",141813,"/Date(1701674334000)/",28450,200,1088300,30420000000,1100,true,4.02
"HDG",141810,"/Date(1701674330000)/",28450,200,1088100,30414000000,1100,true,4.02
"HDG",141810,"/Date(1701674329000)/",28450,500,1087900,30409000000,1100,true,4.02
"HDG",141803,"/Date(1701674322000)/",28450,100,1087400,30395000000,1100,true,4.02
"HDG",141803,"/Date(1701674322000)/",28450,200,1087300,30392000000,1100,true,4.02
"HDG",141800,"/Date(1701674320000)/",28450,800,1087100,30386000000,1100,false,4.02
"HDG",141800,"/Date(1701674320000)/",28450,100,1086300,30363000000,1100,false,4.02
"HDG",141800,"/Date(1701674320000)/",28450,300,1086200,30360000000,1100,false,4.02
"HDG",141800,"/Date(1701674320000)/",28450,500,1085900,30352000000,1100,false,4.02
"HDG",141800,"/Date(1701674320000)/",28450,100,1085400,30338000000,1100,false,4.02
"HDG",141800,"/Date(1701674320000)/",28450,600,1085300,30335000000,1100,false,4.02
"HDG",141744,"/Date(1701674303000)/",28450,2400,1084700,30318000000,1100,false,4.02
"HDG",141744,"/Date(1701674303000)/",28450,1000,1082300,30249000000,1100,false,4.02
"HDG",141744,"/Date(1701674303000)/",28450,200,1081300,30221000000,1100,false,4.02
"HDG",141744,"/Date(1701674303000)/",28450,200,1081100,30215000000,1100,false,4.02
"HDG",141744,"/Date(1701674303000)/",28450,800,1080900,30210000000,1100,false,4.02
"HDG",141744,"/Date(1701674303000)/",28450,7100,1080100,30187000000,1100,false,4.02
"HDG",141741,"/Date(1701674302000)/",28400,200,1073000,29985000000,1050,true,3.84
"HDG",141731,"/Date(1701674293000)/",28450,1500,1072800,29979000000,1100,false,4.02
"HDG",141659,"/Date(1701674258000)/",28450,1400,1071300,29936000000,1100,false,4.02
"HDG",141656,"/Date(1701674256000)/",28400,1000,1069900,29897000000,1050,false,3.84
"HDG",141656,"/Date(1701674256000)/",28400,200,1068900,29868000000,1050,false,3.84
"HDG",141656,"/Date(1701674256000)/",28400,300,1068700,29863000000,1050,false,3.84
"HDG",141656,"/Date(1701674256000)/",28400,300,1068400,29854000000,1050,false,3.84
"HDG",141653,"/Date(1701674254000)/",28400,200,1068100,29846000000,1050,false,3.84
"HDG",141643,"/Date(1701674244000)/",28400,4600,1067900,29840000000,1050,false,3.84
"HDG",141637,"/Date(1701674237000)/",28400,1500,1063300,29709000000,1050,false,3.84
"HDG",141637,"/Date(1701674236000)/",28400,500,1061800,29667000000,1050,false,3.84
"HDG",141634,"/Date(1701674232000)/",28400,2900,1061300,29652000000,1050,false,3.84
"HDG",141634,"/Date(1701674232000)/",28400,5000,1058400,29570000000,1050,false,3.84
"HDG",141634,"/Date(1701674232000)/",28400,100,1053400,29428000000,1050,false,3.84
"HDG",141634,"/Date(1701674232000)/",28400,2000,1053300,29425000000,1050,false,3.84
"HDG",141631,"/Date(1701674230000)/",28400,500,1051300,29368000000,1050,false,3.84
"HDG",141621,"/Date(1701674222000)/",28400,1000,1050800,29354000000,1050,false,3.84
"HDG",141618,"/Date(1701674216000)/",28400,400,1049800,29326000000,1050,false,3.84
"HDG",141615,"/Date(1701674215000)/",28400,1100,1049400,29314000000,1050,false,3.84
"HDG",141615,"/Date(1701674215000)/",28400,100,1048300,29283000000,1050,false,3.84
"HDG",141615,"/Date(1701674215000)/",28400,100,1048200,29280000000,1050,false,3.84
"HDG",141615,"/Date(1701674215000)/",28400,100,1048100,29278000000,1050,false,3.84
"HDG",141615,"/Date(1701674215000)/",28400,1000,1048000,29275000000,1050,false,3.84
"HDG",141615,"/Date(1701674215000)/",28400,100,1047000,29246000000,1050,false,3.84
"HDG",141615,"/Date(1701674215000)/",28400,300,1046900,29243000000,1050,false,3.84
"HDG",141615,"/Date(1701674215000)/",28400,100,1046600,29235000000,1050,false,3.84
"HDG",141615,"/Date(1701674215000)/",28400,200,1046500,29232000000,1050,false,3.84
"HDG",141615,"/Date(1701674215000)/",28400,100,1046300,29226000000,1050,false,3.84
"HDG",141615,"/Date(1701674215000)/",28400,500,1046200,29224000000,1050,false,3.84
"HDG",141615,"/Date(1701674215000)/",28400,200,1045700,29209000000,1050,false,3.84
"HDG",141615,"/Date(1701674215000)/",28400,1400,1045500,29204000000,1050,false,3.84
"HDG",141611,"/Date(1701674212000)/",28400,500,1044100,29164000000,1050,false,3.84
"HDG",141611,"/Date(1701674211000)/",28350,100,1043600,29150000000,1000,true,3.66
"HDG",141602,"/Date(1701674203000)/",28350,1000,1043500,29147000000,1000,true,3.66
"HDG",141555,"/Date(1701674194000)/",28400,100,1042500,29119000000,1050,false,3.84
"HDG",141555,"/Date(1701674194000)/",28400,400,1042400,29116000000,1050,false,3.84
"HDG",141555,"/Date(1701674194000)/",28400,200,1042000,29104000000,1050,false,3.84
"HDG",141555,"/Date(1701674194000)/",28400,2000,1041800,29099000000,1050,false,3.84
"HDG",141555,"/Date(1701674194000)/",28400,1000,1039800,29042000000,1050,false,3.84
"HDG",141546,"/Date(1701674185000)/",28350,600,1038800,29013000000,1000,false,3.66
"HDG",141527,"/Date(1701674166000)/",28350,400,1038200,28996000000,1000,true,3.66
"HDG",141527,"/Date(1701674165000)/",28350,1000,1037800,28985000000,1000,true,3.66
"HDG",141514,"/Date(1701674153000)/",28350,100,1036800,28957000000,1000,true,3.66
"HDG",141514,"/Date(1701674153000)/",28350,400,1036700,28954000000,1000,true,3.66
"HDG",141458,"/Date(1701674137000)/",28350,800,1036300,28943000000,1000,true,3.66
"HDG",141445,"/Date(1701674126000)/",28350,600,1035500,28920000000,1000,true,3.66
"HDG",141445,"/Date(1701674126000)/",28350,2400,1034900,28903000000,1000,true,3.66
"HDG",141439,"/Date(1701674117000)/",28350,1800,1032500,28835000000,1000,true,3.66
"HDG",141357,"/Date(1701674077000)/",28350,100,1030700,28784000000,1000,true,3.66
"HDG",141354,"/Date(1701674073000)/",28350,200,1030600,28781000000,1000,true,3.66
"HDG",141347,"/Date(1701674067000)/",28350,100,1030400,28775000000,1000,false,3.66
"HDG",141347,"/Date(1701674067000)/",28350,400,1030300,28772000000,1000,false,3.66
"HDG",141338,"/Date(1701674058000)/",28350,2600,1029900,28761000000,1000,false,3.66
"HDG",141338,"/Date(1701674058000)/",28350,200,1027300,28687000000,1000,false,3.66
"HDG",141338,"/Date(1701674058000)/",28350,200,1027100,28682000000,1000,false,3.66
"HDG",141338,"/Date(1701674057000)/",28350,100,1026900,28676000000,1000,false,3.66
"HDG",141325,"/Date(1701674046000)/",28350,100,1026800,28673000000,1000,false,3.66
"HDG",141325,"/Date(1701674045000)/",28350,1600,1026700,28670000000,1000,false,3.66
"HDG",141325,"/Date(1701674045000)/",28350,3000,1025100,28625000000,1000,false,3.66
"HDG",141325,"/Date(1701674045000)/",28350,2700,1022100,28540000000,1000,false,3.66
"HDG",141325,"/Date(1701674045000)/",28350,2700,1019400,28463000000,1000,false,3.66
"HDG",141322,"/Date(1701674042000)/",28350,100,1016700,28387000000,1000,false,3.66
"HDG",141309,"/Date(1701674030000)/",28350,7200,1016600,28384000000,1000,false,3.66
"HDG",141309,"/Date(1701674030000)/",28350,500,1009400,28180000000,1000,false,3.66
"HDG",141309,"/Date(1701674030000)/",28350,100,1008900,28166000000,1000,false,3.66
"HDG",141309,"/Date(1701674030000)/",28350,100,1008800,28163000000,1000,false,3.66
"HDG",141309,"/Date(1701674030000)/",28350,1000,1008700,28160000000,1000,false,3.66
"HDG",141309,"/Date(1701674030000)/",28350,500,1007700,28132000000,1000,false,3.66
"HDG",141309,"/Date(1701674030000)/",28350,500,1007200,28118000000,1000,false,3.66
"HDG",141309,"/Date(1701674030000)/",28350,100,1006700,28103000000,1000,false,3.66
"HDG",141306,"/Date(1701674027000)/",28300,900,1006600,28101000000,950,true,3.47
"HDG",141247,"/Date(1701674006000)/",28300,400,1005700,28075000000,950,true,3.47
"HDG",141244,"/Date(1701674003000)/",28300,1100,1005300,28064000000,950,true,3.47
"HDG",141225,"/Date(1701673983000)/",28300,1700,1004200,28033000000,950,false,3.47
"HDG",141221,"/Date(1701673981000)/",28300,200,1002500,27985000000,950,true,3.47
"HDG",141221,"/Date(1701673981000)/",28300,400,1002300,27979000000,950,true,3.47
"HDG",141221,"/Date(1701673981000)/",28300,100,1001900,27968000000,950,true,3.47
"HDG",141221,"/Date(1701673981000)/",28300,600,1001800,27965000000,950,true,3.47
"HDG",141209,"/Date(1701673968000)/",28300,500,1001200,27948000000,950,false,3.47
"HDG",141209,"/Date(1701673968000)/",28300,600,1000700,27934000000,950,false,3.47
"HDG",141205,"/Date(1701673966000)/",28300,400,1000100,27917000000,950,false,3.47
"HDG",141202,"/Date(1701673962000)/",28300,500,999700,27905000000,950,false,3.47
"HDG",141202,"/Date(1701673962000)/",28300,100,999200,27891000000,950,false,3.47
"HDG",141202,"/Date(1701673962000)/",28300,1200,999100,27888000000,950,false,3.47
"HDG",141202,"/Date(1701673960000)/",28300,500,997900,27854000000,950,false,3.47
"HDG",141156,"/Date(1701673954000)/",28300,500,997400,27840000000,950,false,3.47
"HDG",141156,"/Date(1701673954000)/",28300,800,996900,27826000000,950,false,3.47
"HDG",141149,"/Date(1701673949000)/",28300,700,996100,27803000000,950,false,3.47
"HDG",141146,"/Date(1701673946000)/",28300,6300,995400,27784000000,950,false,3.47
"HDG",141146,"/Date(1701673946000)/",28300,100,989100,27605000000,950,false,3.47
"HDG",141146,"/Date(1701673946000)/",28300,1000,989000,27603000000,950,false,3.47
"HDG",141146,"/Date(1701673946000)/",28300,1000,988000,27574000000,950,false,3.47
"HDG",141146,"/Date(1701673946000)/",28300,1000,987000,27546000000,950,false,3.47
"HDG",141146,"/Date(1701673946000)/",28300,10600,986000,27518000000,950,false,3.47
"HDG",141143,"/Date(1701673944000)/",28300,200,975400,27218000000,950,false,3.47
"HDG",141143,"/Date(1701673943000)/",28300,700,975200,27212000000,950,false,3.47
"HDG",141140,"/Date(1701673938000)/",28250,500,974500,27192000000,900,true,3.29
"HDG",141136,"/Date(1701673937000)/",28300,1000,974000,27178000000,950,false,3.47
"HDG",141133,"/Date(1701673931000)/",28300,1400,973000,27150000000,950,false,3.47
"HDG",141133,"/Date(1701673931000)/",28300,200,971600,27110000000,950,false,3.47
"HDG",141127,"/Date(1701673925000)/",28300,500,971400,27104000000,950,false,3.47
"HDG",141108,"/Date(1701673908000)/",28300,3800,970900,27090000000,950,false,3.47
"HDG",141036,"/Date(1701673876000)/",28250,1000,967100,26983000000,900,true,3.29
"HDG",141007,"/Date(1701673845000)/",28250,500,966100,26955000000,900,true,3.29
"HDG",141007,"/Date(1701673845000)/",28250,500,965600,26940000000,900,true,3.29
"HDG",141007,"/Date(1701673845000)/",28250,300,965100,26926000000,900,true,3.29
"HDG",141007,"/Date(1701673845000)/",28250,400,964800,26918000000,900,true,3.29
"HDG",140954,"/Date(1701673834000)/",28200,1100,964400,26906000000,850,true,3.11
"HDG",140951,"/Date(1701673829000)/",28250,1600,963300,26875000000,900,false,3.29
"HDG",140951,"/Date(1701673829000)/",28250,1400,961700,26830000000,900,false,3.29
"HDG",140941,"/Date(1701673822000)/",28250,200,960300,26791000000,900,false,3.29
"HDG",140932,"/Date(1701673811000)/",28250,100,960100,26785000000,900,false,3.29
"HDG",140932,"/Date(1701673811000)/",28250,100,960000,26782000000,900,false,3.29
"HDG",140906,"/Date(1701673785000)/",28250,100,959900,26779000000,900,true,3.29
"HDG",140900,"/Date(1701673781000)/",28250,300,959800,26777000000,900,true,3.29
"HDG",140900,"/Date(1701673781000)/",28250,1200,959500,26768000000,900,true,3.29
"HDG",140847,"/Date(1701673767000)/",28250,1000,958300,26734000000,900,true,3.29
"HDG",140837,"/Date(1701673758000)/",28250,1000,957300,26706000000,900,true,3.29
"HDG",140821,"/Date(1701673742000)/",28250,500,956300,26678000000,900,true,3.29
"HDG",140818,"/Date(1701673736000)/",28250,1300,955800,26664000000,900,true,3.29
"HDG",140818,"/Date(1701673736000)/",28250,500,954500,26627000000,900,true,3.29
"HDG",140818,"/Date(1701673736000)/",28250,200,954000,26613000000,900,true,3.29
"HDG",140802,"/Date(1701673722000)/",28300,1600,953800,26607000000,950,false,3.47
"HDG",140802,"/Date(1701673722000)/",28300,1000,952200,26562000000,950,false,3.47
"HDG",140802,"/Date(1701673722000)/",28300,100,951200,26534000000,950,false,3.47
"HDG",140802,"/Date(1701673722000)/",28300,1000,951100,26531000000,950,false,3.47
"HDG",140802,"/Date(1701673722000)/",28300,600,950100,26502000000,950,false,3.47
"HDG",140649,"/Date(1701673646000)/",28300,200,949500,26485000000,950,false,3.47
"HDG",140642,"/Date(1701673641000)/",28300,200,949300,26480000000,950,false,3.47
"HDG",140642,"/Date(1701673641000)/",28300,500,949100,26474000000,950,false,3.47
"HDG",140642,"/Date(1701673641000)/",28300,100,948600,26460000000,950,false,3.47
"HDG",140642,"/Date(1701673641000)/",28300,4200,948500,26457000000,950,false,3.47
"HDG",140551,"/Date(1701673591000)/",28300,100,944300,26338000000,950,true,3.47
"HDG",140551,"/Date(1701673591000)/",28300,700,944200,26335000000,950,true,3.47
"HDG",140548,"/Date(1701673586000)/",28300,400,943500,26316000000,950,true,3.47
"HDG",140548,"/Date(1701673586000)/",28300,100,943100,26304000000,950,true,3.47
"HDG",140503,"/Date(1701673543000)/",28350,1600,943000,26301000000,1000,false,3.66
"HDG",140503,"/Date(1701673543000)/",28300,1000,941400,26256000000,950,false,3.47
"HDG",140441,"/Date(1701673520000)/",28300,500,940400,26228000000,950,true,3.47
"HDG",140441,"/Date(1701673520000)/",28300,100,939900,26214000000,950,true,3.47
"HDG",140441,"/Date(1701673520000)/",28300,5000,939800,26211000000,950,true,3.47
"HDG",140441,"/Date(1701673520000)/",28300,200,934800,26069000000,950,true,3.47
"HDG",140441,"/Date(1701673520000)/",28350,1200,934600,26064000000,1000,false,3.66
"HDG",140441,"/Date(1701673519000)/",28350,1800,933400,26030000000,1000,false,3.66
"HDG",140441,"/Date(1701673519000)/",28350,6600,931600,25979000000,1000,false,3.66
"HDG",140425,"/Date(1701673504000)/",28350,1600,925000,25792000000,1000,false,3.66
"HDG",140425,"/Date(1701673504000)/",28350,100,923400,25746000000,1000,false,3.66
"HDG",140425,"/Date(1701673504000)/",28350,1500,923300,25743000000,1000,false,3.66
"HDG",140425,"/Date(1701673504000)/",28350,1000,921800,25701000000,1000,false,3.66
"HDG",140425,"/Date(1701673504000)/",28350,2000,920800,25672000000,1000,false,3.66
"HDG",140425,"/Date(1701673504000)/",28350,2000,918800,25616000000,1000,false,3.66
"HDG",140425,"/Date(1701673504000)/",28350,100,916800,25559000000,1000,false,3.66
"HDG",140425,"/Date(1701673504000)/",28350,100,916700,25556000000,1000,false,3.66
"HDG",140425,"/Date(1701673504000)/",28350,100,916600,25553000000,1000,false,3.66
"HDG",140425,"/Date(1701673504000)/",28350,400,916500,25551000000,1000,false,3.66
"HDG",140425,"/Date(1701673504000)/",28350,1100,916100,25539000000,1000,false,3.66
"HDG",140415,"/Date(1701673496000)/",28350,1400,915000,25508000000,1000,false,3.66
"HDG",140409,"/Date(1701673487000)/",28350,1000,913600,25468000000,1000,false,3.66
"HDG",140343,"/Date(1701673462000)/",28350,500,912600,25440000000,1000,false,3.66
"HDG",140321,"/Date(1701673439000)/",28300,100,912100,25426000000,950,true,3.47
"HDG",140308,"/Date(1701673427000)/",28300,1000,912000,25423000000,950,true,3.47
"HDG",140207,"/Date(1701673367000)/",28350,100,911000,25395000000,1000,true,3.66
"HDG",140201,"/Date(1701673360000)/",28350,100,910900,25392000000,1000,false,3.66
"HDG",140201,"/Date(1701673360000)/",28350,800,910800,25389000000,1000,false,3.66
"HDG",140155,"/Date(1701673354000)/",28350,200,910000,25366000000,1000,false,3.66
"HDG",140155,"/Date(1701673354000)/",28350,2000,909800,25361000000,1000,false,3.66
"HDG",140155,"/Date(1701673354000)/",28350,1000,907800,25304000000,1000,false,3.66
"HDG",140155,"/Date(1701673354000)/",28350,200,906800,25276000000,1000,false,3.66
"HDG",140155,"/Date(1701673354000)/",28350,300,906600,25270000000,1000,false,3.66
"HDG",140155,"/Date(1701673354000)/",28350,100,906300,25261000000,1000,false,3.66
"HDG",140155,"/Date(1701673354000)/",28350,200,906200,25259000000,1000,false,3.66
"HDG",140135,"/Date(1701673333000)/",28300,200,906000,25253000000,950,false,3.47
"HDG",140135,"/Date(1701673333000)/",28300,200,905800,25247000000,950,false,3.47
"HDG",140135,"/Date(1701673333000)/",28300,100,905600,25242000000,950,false,3.47
"HDG",140135,"/Date(1701673333000)/",28300,200,905500,25239000000,950,false,3.47
"HDG",140135,"/Date(1701673333000)/",28300,400,905300,25233000000,950,false,3.47
"HDG",140126,"/Date(1701673323000)/",28300,1100,904900,25222000000,950,false,3.47
"HDG",140107,"/Date(1701673307000)/",28300,100,903800,25191000000,950,false,3.47
"HDG",140107,"/Date(1701673307000)/",28300,300,903700,25188000000,950,false,3.47
"HDG",140107,"/Date(1701673307000)/",28300,100,903400,25179000000,950,false,3.47
"HDG",140107,"/Date(1701673304000)/",28300,100,903300,25176000000,950,false,3.47
"HDG",140107,"/Date(1701673304000)/",28300,3000,903200,25174000000,950,false,3.47
"HDG",140107,"/Date(1701673304000)/",28300,400,900200,25089000000,950,false,3.47
"HDG",140107,"/Date(1701673304000)/",28300,500,899800,25077000000,950,false,3.47
"HDG",140107,"/Date(1701673304000)/",28300,1500,899300,25063000000,950,false,3.47
"HDG",140107,"/Date(1701673304000)/",28300,400,897800,25021000000,950,false,3.47
"HDG",140107,"/Date(1701673304000)/",28300,100,897400,25010000000,950,false,3.47
"HDG",140048,"/Date(1701673286000)/",28300,100,897300,25007000000,950,false,3.47
"HDG",140048,"/Date(1701673286000)/",28300,100,897200,25004000000,950,false,3.47
"HDG",140048,"/Date(1701673286000)/",28300,2000,897100,25001000000,950,false,3.47
"HDG",140048,"/Date(1701673286000)/",28300,800,895100,24944000000,950,false,3.47
"HDG",140032,"/Date(1701673270000)/",28300,200,894300,24922000000,950,false,3.47
"HDG",140032,"/Date(1701673270000)/",28300,100,894100,24916000000,950,false,3.47
"HDG",140032,"/Date(1701673270000)/",28300,1000,894000,24913000000,950,false,3.47
"HDG",140032,"/Date(1701673270000)/",28250,200,893000,24885000000,900,false,3.29
"HDG",140016,"/Date(1701673254000)/",28250,1500,892800,24879000000,900,true,3.29
"HDG",140006,"/Date(1701673246000)/",28250,100,891300,24837000000,900,false,3.29
"HDG",140003,"/Date(1701673240000)/",28250,100,891200,24834000000,900,false,3.29
"HDG",135950,"/Date(1701673229000)/",28250,300,891100,24831000000,900,false,3.29
"HDG",135950,"/Date(1701673229000)/",28250,100,890800,24823000000,900,false,3.29
"HDG",135937,"/Date(1701673214000)/",28250,100,890700,24820000000,900,true,3.29
"HDG",135931,"/Date(1701673210000)/",28250,200,890600,24817000000,900,true,3.29
"HDG",135931,"/Date(1701673210000)/",28250,800,890400,24812000000,900,true,3.29
"HDG",135918,"/Date(1701673197000)/",28250,100,889600,24789000000,900,true,3.29
"HDG",135915,"/Date(1701673193000)/",28250,100,889500,24786000000,900,true,3.29
"HDG",135905,"/Date(1701673184000)/",28250,200,889400,24783000000,900,true,3.29
"HDG",135859,"/Date(1701673177000)/",28250,100,889200,24778000000,900,true,3.29
"HDG",135849,"/Date(1701673168000)/",28250,200,889100,24775000000,900,false,3.29
"HDG",135836,"/Date(1701673155000)/",28250,100,888900,24769000000,900,false,3.29
"HDG",135833,"/Date(1701673150000)/",28250,500,888800,24766000000,900,false,3.29
"HDG",135833,"/Date(1701673150000)/",28250,200,888300,24752000000,900,false,3.29
"HDG",135833,"/Date(1701673150000)/",28250,100,888100,24747000000,900,false,3.29
"HDG",135833,"/Date(1701673150000)/",28250,100,888000,24744000000,900,false,3.29
"HDG",135814,"/Date(1701673134000)/",28250,200,887900,24741000000,900,false,3.29
"HDG",135814,"/Date(1701673134000)/",28250,800,887700,24735000000,900,false,3.29
"HDG",135808,"/Date(1701673127000)/",28250,200,886900,24713000000,900,true,3.29
"HDG",135804,"/Date(1701673122000)/",28250,1000,886700,24707000000,900,false,3.29
"HDG",135804,"/Date(1701673122000)/",28250,200,885700,24679000000,900,false,3.29
"HDG",135804,"/Date(1701673122000)/",28250,100,885500,24673000000,900,false,3.29
"HDG",135752,"/Date(1701673109000)/",28200,500,885400,24670000000,850,false,3.11
"HDG",135752,"/Date(1701673109000)/",28200,1400,884900,24656000000,850,false,3.11
"HDG",135745,"/Date(1701673104000)/",28200,3600,883500,24617000000,850,false,3.11
"HDG",135745,"/Date(1701673104000)/",28200,100,879900,24515000000,850,false,3.11
"HDG",135745,"/Date(1701673104000)/",28200,500,879800,24512000000,850,false,3.11
"HDG",135745,"/Date(1701673104000)/",28200,1000,879300,24498000000,850,false,3.11
"HDG",135745,"/Date(1701673104000)/",28200,100,878300,24470000000,850,false,3.11
"HDG",135745,"/Date(1701673104000)/",28200,200,878200,24467000000,850,false,3.11
"HDG",135745,"/Date(1701673104000)/",28200,100,878000,24462000000,850,false,3.11
"HDG",135745,"/Date(1701673104000)/",28200,500,877900,24459000000,850,false,3.11
"HDG",135745,"/Date(1701673104000)/",28200,1000,877400,24445000000,850,false,3.11
"HDG",135745,"/Date(1701673104000)/",28200,100,876400,24417000000,850,false,3.11
"HDG",135745,"/Date(1701673104000)/",28200,200,876300,24414000000,850,false,3.11
"HDG",135745,"/Date(1701673104000)/",28200,500,876100,24408000000,850,false,3.11
"HDG",135745,"/Date(1701673104000)/",28200,1000,875600,24394000000,850,false,3.11
"HDG",135745,"/Date(1701673104000)/",28200,2000,874600,24366000000,850,false,3.11
"HDG",135745,"/Date(1701673104000)/",28200,300,872600,24309000000,850,false,3.11
"HDG",135745,"/Date(1701673104000)/",28200,1100,872300,24301000000,850,false,3.11
"HDG",135745,"/Date(1701673104000)/",28200,300,871200,24270000000,850,false,3.11
"HDG",135745,"/Date(1701673104000)/",28200,100,870900,24261000000,850,false,3.11
"HDG",135745,"/Date(1701673104000)/",28200,1500,870800,24259000000,850,false,3.11
"HDG",135745,"/Date(1701673104000)/",28200,2000,869300,24216000000,850,false,3.11
"HDG",135745,"/Date(1701673104000)/",28200,500,867300,24160000000,850,false,3.11
"HDG",135745,"/Date(1701673104000)/",28200,1000,866800,24146000000,850,false,3.11
"HDG",135745,"/Date(1701673104000)/",28200,1000,865800,24118000000,850,false,3.11
"HDG",135729,"/Date(1701673088000)/",28150,300,864800,24089000000,800,true,2.93
"HDG",135723,"/Date(1701673080000)/",28150,100,864500,24081000000,800,false,2.93
"HDG",135717,"/Date(1701673076000)/",28150,2000,864400,24078000000,800,false,2.93
"HDG",135717,"/Date(1701673076000)/",28150,1000,862400,24022000000,800,false,2.93
"HDG",135717,"/Date(1701673076000)/",28150,300,861400,23994000000,800,false,2.93
"HDG",135717,"/Date(1701673076000)/",28150,100,861100,23985000000,800,false,2.93
"HDG",135717,"/Date(1701673076000)/",28150,1000,861000,23982000000,800,false,2.93
"HDG",135717,"/Date(1701673076000)/",28150,2800,860000,23954000000,800,false,2.93
"HDG",135713,"/Date(1701673072000)/",28150,200,857200,23875000000,800,false,2.93
"HDG",135713,"/Date(1701673072000)/",28150,200,857000,23870000000,800,false,2.93
"HDG",135713,"/Date(1701673072000)/",28150,100,856800,23864000000,800,false,2.93
"HDG",135713,"/Date(1701673072000)/",28150,3400,856700,23861000000,800,false,2.93
"HDG",135700,"/Date(1701673059000)/",28150,600,853300,23766000000,800,false,2.93
"HDG",135622,"/Date(1701673019000)/",28100,1000,852700,23749000000,750,true,2.74
"HDG",135616,"/Date(1701673013000)/",28100,100,851700,23721000000,750,false,2.74
"HDG",135616,"/Date(1701673013000)/",28100,200,851600,23718000000,750,false,2.74
"HDG",135616,"/Date(1701673013000)/",28100,1000,851400,23712000000,750,false,2.74
"HDG",135616,"/Date(1701673013000)/",28100,500,850400,23684000000,750,false,2.74
"HDG",135616,"/Date(1701673013000)/",28100,1000,849900,23670000000,750,false,2.74
"HDG",135616,"/Date(1701673013000)/",28100,500,848900,23642000000,750,false,2.74
"HDG",135616,"/Date(1701673013000)/",28100,300,848400,23628000000,750,false,2.74
"HDG",135616,"/Date(1701673013000)/",28100,100,848100,23620000000,750,false,2.74
"HDG",135616,"/Date(1701673013000)/",28100,100,848000,23617000000,750,false,2.74
"HDG",135616,"/Date(1701673013000)/",28100,500,847900,23614000000,750,false,2.74
"HDG",135616,"/Date(1701673013000)/",28100,1000,847400,23600000000,750,false,2.74
"HDG",135616,"/Date(1701673013000)/",28100,100,846400,23572000000,750,false,2.74
"HDG",135616,"/Date(1701673013000)/",28100,100,846300,23569000000,750,false,2.74
"HDG",135616,"/Date(1701673013000)/",28100,5000,846200,23566000000,750,false,2.74
"HDG",135616,"/Date(1701673013000)/",28100,200,841200,23426000000,750,false,2.74
"HDG",135616,"/Date(1701673013000)/",28100,900,841000,23420000000,750,false,2.74
"HDG",135616,"/Date(1701673013000)/",28100,100,840100,23395000000,750,false,2.74
"HDG",135616,"/Date(1701673013000)/",28100,200,840000,23392000000,750,false,2.74
"HDG",135616,"/Date(1701673013000)/",28100,1000,839800,23386000000,750,false,2.74
"HDG",135616,"/Date(1701673013000)/",28100,100,838800,23358000000,750,false,2.74
"HDG",135616,"/Date(1701673013000)/",28100,1000,838700,23355000000,750,false,2.74
"HDG",135616,"/Date(1701673013000)/",28100,100,837700,23327000000,750,false,2.74
"HDG",135616,"/Date(1701673013000)/",28050,2000,837600,23324000000,700,false,2.56
"HDG",135612,"/Date(1701673010000)/",28050,1100,835600,23268000000,700,false,2.56
"HDG",135612,"/Date(1701673010000)/",28050,2000,834500,23238000000,700,false,2.56
"HDG",135612,"/Date(1701673010000)/",28050,1600,832500,23181000000,700,false,2.56
"HDG",135528,"/Date(1701672966000)/",28050,100,830900,23137000000,700,true,2.56
"HDG",135521,"/Date(1701672960000)/",28050,300,830800,23134000000,700,true,2.56
"HDG",135512,"/Date(1701672949000)/",28050,700,830500,23125000000,700,true,2.56
"HDG",135509,"/Date(1701672946000)/",28050,300,829800,23106000000,700,true,2.56
"HDG",135502,"/Date(1701672940000)/",28050,2000,829500,23097000000,700,true,2.56
"HDG",135459,"/Date(1701672935000)/",28050,100,827500,23041000000,700,true,2.56
"HDG",135446,"/Date(1701672924000)/",28050,4900,827400,23038000000,700,true,2.56
"HDG",135446,"/Date(1701672924000)/",28050,100,822500,22901000000,700,true,2.56
"HDG",135424,"/Date(1701672903000)/",28050,200,822400,22898000000,700,false,2.56
"HDG",135424,"/Date(1701672903000)/",28050,4000,822200,22892000000,700,false,2.56
"HDG",135424,"/Date(1701672903000)/",28050,16600,818200,22780000000,700,false,2.56
"HDG",135424,"/Date(1701672903000)/",28050,3000,801600,22315000000,700,false,2.56
"HDG",135424,"/Date(1701672903000)/",28050,1000,798600,22231000000,700,false,2.56
"HDG",135424,"/Date(1701672903000)/",28050,500,797600,22202000000,700,false,2.56
"HDG",135424,"/Date(1701672903000)/",28050,1000,797100,22188000000,700,false,2.56
"HDG",135424,"/Date(1701672903000)/",28050,800,796100,22160000000,700,false,2.56
"HDG",135424,"/Date(1701672903000)/",28050,100,795300,22138000000,700,false,2.56
"HDG",135424,"/Date(1701672903000)/",28050,300,795200,22135000000,700,false,2.56
"HDG",135424,"/Date(1701672903000)/",28050,100,794900,22127000000,700,false,2.56
"HDG",135424,"/Date(1701672903000)/",28050,400,794800,22124000000,700,false,2.56
"HDG",135424,"/Date(1701672903000)/",28050,200,794400,22113000000,700,false,2.56
"HDG",135424,"/Date(1701672903000)/",28050,200,794200,22107000000,700,false,2.56
"HDG",135424,"/Date(1701672903000)/",28050,10000,794000,22101000000,700,false,2.56
"HDG",135424,"/Date(1701672903000)/",28050,100,784000,21821000000,700,false,2.56
"HDG",135424,"/Date(1701672903000)/",28050,500,783900,21818000000,700,false,2.56
"HDG",135424,"/Date(1701672903000)/",28050,1000,783400,21804000000,700,false,2.56
"HDG",135424,"/Date(1701672903000)/",28050,100,782400,21776000000,700,false,2.56
"HDG",135358,"/Date(1701672875000)/",28000,200,782300,21773000000,650,false,2.38
"HDG",135358,"/Date(1701672875000)/",28000,100,782100,21768000000,650,false,2.38
"HDG",135358,"/Date(1701672875000)/",28000,600,782000,21765000000,650,false,2.38
"HDG",135358,"/Date(1701672875000)/",28000,5000,781400,21748000000,650,false,2.38
"HDG",135358,"/Date(1701672875000)/",28000,1000,776400,21608000000,650,false,2.38
"HDG",135358,"/Date(1701672875000)/",28000,200,775400,21580000000,650,false,2.38
"HDG",135358,"/Date(1701672875000)/",28000,100,775200,21574000000,650,false,2.38
"HDG",135358,"/Date(1701672875000)/",28000,500,775100,21572000000,650,false,2.38
"HDG",135358,"/Date(1701672875000)/",28000,200,774600,21558000000,650,false,2.38
"HDG",135358,"/Date(1701672875000)/",28000,500,774400,21552000000,650,false,2.38
"HDG",135358,"/Date(1701672875000)/",28000,500,773900,21538000000,650,false,2.38
"HDG",135358,"/Date(1701672875000)/",28000,1300,773400,21524000000,650,false,2.38
"HDG",135326,"/Date(1701672844000)/",27950,100,772100,21488000000,600,true,2.19
"HDG",135254,"/Date(1701672811000)/",28000,500,772000,21485000000,650,false,2.38
"HDG",135235,"/Date(1701672793000)/",27950,200,771500,21471000000,600,true,2.19
"HDG",135157,"/Date(1701672754000)/",28000,500,771300,21465000000,650,false,2.38
"HDG",134936,"/Date(1701672612000)/",27950,2000,770800,21451000000,600,false,2.19
"HDG",134936,"/Date(1701672612000)/",27950,1400,768800,21395000000,600,false,2.19
"HDG",134936,"/Date(1701672612000)/",27950,3000,767400,21356000000,600,false,2.19
"HDG",134923,"/Date(1701672601000)/",27950,500,764400,21272000000,600,false,2.19
"HDG",134923,"/Date(1701672600000)/",27950,2400,763900,21258000000,600,false,2.19
"HDG",134920,"/Date(1701672596000)/",27950,100,761500,21191000000,600,false,2.19
"HDG",134914,"/Date(1701672592000)/",27950,1600,761400,21189000000,600,false,2.19
"HDG",134914,"/Date(1701672592000)/",27950,100,759800,21144000000,600,false,2.19
"HDG",134914,"/Date(1701672592000)/",27950,300,759700,21141000000,600,false,2.19
"HDG",134907,"/Date(1701672584000)/",27950,5000,759400,21133000000,600,false,2.19
"HDG",134904,"/Date(1701672583000)/",27900,1000,754400,20993000000,550,true,2.01
"HDG",134851,"/Date(1701672567000)/",27900,300,753400,20965000000,550,true,2.01
"HDG",134851,"/Date(1701672567000)/",27900,200,753100,20957000000,550,true,2.01
"HDG",134803,"/Date(1701672522000)/",27900,2000,752900,20951000000,550,true,2.01
"HDG",134803,"/Date(1701672522000)/",27900,3600,750900,20895000000,550,true,2.01
"HDG",134747,"/Date(1701672504000)/",27900,700,747300,20795000000,550,false,2.01
"HDG",134741,"/Date(1701672497000)/",27900,1000,746600,20775000000,550,false,2.01
"HDG",134722,"/Date(1701672479000)/",27900,1000,745600,20747000000,550,false,2.01
"HDG",134653,"/Date(1701672451000)/",27900,1000,744600,20720000000,550,false,2.01
"HDG",134634,"/Date(1701672431000)/",27900,700,743600,20692000000,550,false,2.01
"HDG",134615,"/Date(1701672411000)/",27900,1000,742900,20672000000,550,false,2.01
"HDG",134608,"/Date(1701672405000)/",27900,100,741900,20644000000,550,false,2.01
"HDG",134549,"/Date(1701672387000)/",27850,2000,741800,20641000000,500,true,1.83
"HDG",134549,"/Date(1701672387000)/",27850,100,739800,20586000000,500,true,1.83
"HDG",134549,"/Date(1701672387000)/",27850,4900,739700,20583000000,500,true,1.83
"HDG",134536,"/Date(1701672373000)/",27850,100,734800,20446000000,500,true,1.83
"HDG",134452,"/Date(1701672328000)/",27900,800,734700,20444000000,550,true,2.01
"HDG",134452,"/Date(1701672328000)/",27900,100,733900,20421000000,550,true,2.01
"HDG",134452,"/Date(1701672328000)/",27950,400,733800,20419000000,600,false,2.19
"HDG",134325,"/Date(1701672242000)/",27950,1300,733400,20407000000,600,true,2.19
"HDG",134303,"/Date(1701672219000)/",27950,200,732100,20371000000,600,true,2.19
"HDG",134228,"/Date(1701672186000)/",27950,500,731900,20365000000,600,true,2.19
"HDG",134140,"/Date(1701672138000)/",28000,1000,731400,20351000000,650,false,2.38
"HDG",134124,"/Date(1701672121000)/",28000,700,730400,20323000000,650,false,2.38
"HDG",134124,"/Date(1701672121000)/",28000,200,729700,20304000000,650,false,2.38
"HDG",134124,"/Date(1701672121000)/",28000,1600,729500,20298000000,650,false,2.38
"HDG",134124,"/Date(1701672121000)/",28000,100,727900,20253000000,650,false,2.38
"HDG",134124,"/Date(1701672121000)/",28000,300,727800,20251000000,650,false,2.38
"HDG",134124,"/Date(1701672121000)/",28000,1000,727500,20242000000,650,false,2.38
"HDG",134124,"/Date(1701672121000)/",28000,200,726500,20214000000,650,false,2.38
"HDG",134124,"/Date(1701672121000)/",28000,500,726300,20209000000,650,false,2.38
"HDG",134124,"/Date(1701672121000)/",28000,2000,725800,20195000000,650,false,2.38
"HDG",134124,"/Date(1701672121000)/",28000,300,723800,20139000000,650,false,2.38
"HDG",134124,"/Date(1701672121000)/",28000,1000,723500,20130000000,650,false,2.38
"HDG",134124,"/Date(1701672121000)/",28000,1100,722500,20102000000,650,false,2.38
"HDG",134124,"/Date(1701672121000)/",28000,800,721400,20071000000,650,false,2.38
"HDG",134124,"/Date(1701672121000)/",28000,200,720600,20049000000,650,false,2.38
"HDG",134121,"/Date(1701672118000)/",27950,100,720400,20043000000,600,true,2.19
"HDG",134114,"/Date(1701672110000)/",27950,200,720300,20041000000,600,false,2.19
"HDG",134111,"/Date(1701672106000)/",27950,300,720100,20035000000,600,false,2.19
"HDG",134111,"/Date(1701672106000)/",27950,200,719800,20027000000,600,false,2.19
"HDG",134052,"/Date(1701672089000)/",27900,1800,719600,20021000000,550,true,2.01
"HDG",134042,"/Date(1701672078000)/",27900,1000,717800,19971000000,550,true,2.01
"HDG",134042,"/Date(1701672078000)/",27900,100,716800,19943000000,550,true,2.01
"HDG",134030,"/Date(1701672067000)/",27900,2000,716700,19940000000,550,false,2.01
"HDG",133958,"/Date(1701672034000)/",27900,900,714700,19884000000,550,false,2.01
"HDG",133958,"/Date(1701672034000)/",27900,100,713800,19859000000,550,false,2.01
"HDG",133958,"/Date(1701672034000)/",27900,1000,713700,19856000000,550,false,2.01
"HDG",133954,"/Date(1701672030000)/",27900,400,712700,19829000000,550,false,2.01
"HDG",133954,"/Date(1701672030000)/",27900,1600,712300,19817000000,550,false,2.01
"HDG",133844,"/Date(1701671961000)/",27850,300,710700,19773000000,500,true,1.83
"HDG",133841,"/Date(1701671956000)/",27900,400,710400,19764000000,550,false,2.01
"HDG",133841,"/Date(1701671956000)/",27900,600,710000,19753000000,550,false,2.01
"HDG",133825,"/Date(1701671941000)/",27850,1000,709400,19737000000,500,true,1.83
"HDG",133825,"/Date(1701671941000)/",27850,4400,708400,19709000000,500,true,1.83
"HDG",133747,"/Date(1701671904000)/",27850,3000,704000,19586000000,500,false,1.83
"HDG",133718,"/Date(1701671875000)/",27850,1000,701000,19503000000,500,false,1.83
"HDG",133507,"/Date(1701671742000)/",27850,400,700000,19475000000,500,true,1.83
"HDG",133451,"/Date(1701671726000)/",27850,100,699600,19464000000,500,true,1.83
"HDG",133441,"/Date(1701671716000)/",27850,500,699500,19461000000,500,true,1.83
"HDG",133435,"/Date(1701671712000)/",27850,2000,699000,19447000000,500,true,1.83
"HDG",133435,"/Date(1701671712000)/",27850,400,697000,19391000000,500,true,1.83
"HDG",133334,"/Date(1701671649000)/",27850,2000,696600,19380000000,500,true,1.83
"HDG",133321,"/Date(1701671637000)/",27850,10000,694600,19324000000,500,true,1.83
"HDG",133208,"/Date(1701671565000)/",27900,400,684600,19046000000,550,true,2.01
"HDG",133026,"/Date(1701671461000)/",27850,1600,684200,19035000000,500,true,1.83
"HDG",133026,"/Date(1701671461000)/",27900,1000,682600,18990000000,550,true,2.01
"HDG",133026,"/Date(1701671461000)/",27900,1400,681600,18962000000,550,true,2.01
"HDG",133006,"/Date(1701671442000)/",27900,200,680200,18923000000,550,false,2.01
"HDG",133006,"/Date(1701671442000)/",27900,200,680000,18918000000,550,false,2.01
"HDG",133006,"/Date(1701671442000)/",27900,200,679800,18912000000,550,false,2.01
"HDG",133006,"/Date(1701671442000)/",27900,2400,679600,18906000000,550,false,2.01
"HDG",132915,"/Date(1701671390000)/",27800,500,677200,18839000000,450,true,1.65
"HDG",132824,"/Date(1701671340000)/",27850,1000,676700,18826000000,500,false,1.83
"HDG",132708,"/Date(1701671264000)/",27800,400,675700,18798000000,450,true,1.65
"HDG",132708,"/Date(1701671264000)/",27800,100,675300,18787000000,450,true,1.65
"HDG",132708,"/Date(1701671264000)/",27800,500,675200,18784000000,450,true,1.65
"HDG",132642,"/Date(1701671237000)/",27800,100,674700,18770000000,450,true,1.65
"HDG",132642,"/Date(1701671237000)/",27800,200,674600,18767000000,450,true,1.65
"HDG",132642,"/Date(1701671237000)/",27850,100,674400,18762000000,500,false,1.83
"HDG",132642,"/Date(1701671237000)/",27850,100,674300,18759000000,500,false,1.83
"HDG",132623,"/Date(1701671217000)/",27850,2000,674200,18756000000,500,true,1.83
"HDG",132610,"/Date(1701671204000)/",27850,500,672200,18700000000,500,true,1.83
"HDG",132535,"/Date(1701671172000)/",27850,400,671700,18686000000,500,true,1.83
"HDG",132535,"/Date(1701671172000)/",27850,1000,671300,18675000000,500,true,1.83
"HDG",132428,"/Date(1701671104000)/",27900,100,670300,18647000000,550,false,2.01
"HDG",132415,"/Date(1701671090000)/",27900,100,670200,18645000000,550,false,2.01
"HDG",132340,"/Date(1701671055000)/",27900,200,670100,18642000000,550,false,2.01
"HDG",132337,"/Date(1701671051000)/",27850,200,669900,18636000000,500,true,1.83
"HDG",132337,"/Date(1701671051000)/",27850,2000,669700,18631000000,500,true,1.83
"HDG",132337,"/Date(1701671051000)/",27850,800,667700,18575000000,500,true,1.83
"HDG",132315,"/Date(1701671031000)/",27900,8000,666900,18553000000,550,false,2.01
"HDG",132249,"/Date(1701671003000)/",27900,2000,658900,18329000000,550,false,2.01
"HDG",132104,"/Date(1701670898000)/",27900,100,656900,18274000000,550,true,2.01
"HDG",132104,"/Date(1701670898000)/",27900,1000,656800,18271000000,550,true,2.01
"HDG",132101,"/Date(1701670895000)/",28000,4800,655800,18243000000,650,true,2.38
"HDG",132054,"/Date(1701670889000)/",28000,200,651000,18109000000,650,true,2.38
"HDG",132054,"/Date(1701670889000)/",28000,2300,650800,18103000000,650,true,2.38
"HDG",132038,"/Date(1701670872000)/",28000,1000,648500,18039000000,650,true,2.38
"HDG",132038,"/Date(1701670872000)/",28000,100,647500,18011000000,650,true,2.38
"HDG",132038,"/Date(1701670872000)/",28000,400,647400,18008000000,650,true,2.38
"HDG",132038,"/Date(1701670872000)/",28000,500,647000,17997000000,650,true,2.38
"HDG",132038,"/Date(1701670872000)/",28000,1700,646500,17983000000,650,true,2.38
"HDG",132006,"/Date(1701670843000)/",28000,100,644800,17935000000,650,false,2.38
"HDG",132006,"/Date(1701670843000)/",28000,900,644700,17932000000,650,false,2.38
"HDG",132000,"/Date(1701670835000)/",28000,800,643800,17907000000,650,false,2.38
"HDG",132000,"/Date(1701670834000)/",27850,1200,643000,17885000000,500,true,1.83
"HDG",132000,"/Date(1701670834000)/",27850,100,641800,17851000000,500,true,1.83
"HDG",132000,"/Date(1701670834000)/",27850,1000,641700,17848000000,500,true,1.83
"HDG",132000,"/Date(1701670834000)/",27900,1500,640700,17821000000,550,true,2.01
"HDG",132000,"/Date(1701670834000)/",27900,200,639200,17779000000,550,true,2.01
"HDG",132000,"/Date(1701670834000)/",27900,100,639000,17773000000,550,true,2.01
"HDG",132000,"/Date(1701670834000)/",27900,200,638900,17770000000,550,true,2.01
"HDG",132000,"/Date(1701670834000)/",27900,200,638700,17765000000,550,true,2.01
"HDG",132000,"/Date(1701670834000)/",27950,300,638500,17759000000,600,true,2.19
"HDG",132000,"/Date(1701670834000)/",27950,500,638200,17751000000,600,true,2.19
"HDG",131934,"/Date(1701670810000)/",28000,500,637700,17737000000,650,false,2.38
"HDG",131931,"/Date(1701670805000)/",28000,500,637200,17723000000,650,true,2.38
"HDG",131931,"/Date(1701670805000)/",28000,300,636700,17709000000,650,true,2.38
"HDG",131837,"/Date(1701670752000)/",28000,300,636400,17700000000,650,false,2.38
"HDG",131837,"/Date(1701670752000)/",28000,200,636100,17692000000,650,false,2.38
"HDG",131837,"/Date(1701670752000)/",28000,400,635900,17686000000,650,false,2.38
"HDG",131837,"/Date(1701670752000)/",28000,100,635500,17675000000,650,false,2.38
"HDG",131837,"/Date(1701670752000)/",28000,100,635400,17672000000,650,false,2.38
"HDG",131837,"/Date(1701670752000)/",28000,200,635300,17670000000,650,false,2.38
"HDG",131837,"/Date(1701670752000)/",28000,400,635100,17664000000,650,false,2.38
"HDG",131815,"/Date(1701670729000)/",28000,100,634700,17653000000,650,false,2.38
"HDG",131733,"/Date(1701670688000)/",28000,500,634600,17650000000,650,false,2.38
"HDG",131714,"/Date(1701670669000)/",28000,5000,634100,17636000000,650,true,2.38
"HDG",131714,"/Date(1701670669000)/",28000,100,629100,17496000000,650,true,2.38
"HDG",131714,"/Date(1701670669000)/",28000,100,629000,17493000000,650,true,2.38
"HDG",131714,"/Date(1701670669000)/",28000,3800,628900,17490000000,650,true,2.38
"HDG",131616,"/Date(1701670610000)/",28000,1000,625100,17384000000,650,true,2.38
"HDG",131604,"/Date(1701670598000)/",28050,100,624100,17356000000,700,false,2.56
"HDG",131548,"/Date(1701670584000)/",28050,500,624000,17353000000,700,false,2.56
"HDG",131548,"/Date(1701670584000)/",28050,1000,623500,17339000000,700,false,2.56
"HDG",131548,"/Date(1701670584000)/",28050,200,622500,17311000000,700,false,2.56
"HDG",131544,"/Date(1701670581000)/",28000,200,622300,17306000000,650,true,2.38
"HDG",131544,"/Date(1701670578000)/",28000,1800,622100,17300000000,650,true,2.38
"HDG",131541,"/Date(1701670575000)/",28000,100,620300,17250000000,650,false,2.38
"HDG",131541,"/Date(1701670575000)/",28000,300,620200,17247000000,650,false,2.38
"HDG",131541,"/Date(1701670575000)/",28000,2800,619900,17238000000,650,false,2.38
"HDG",131538,"/Date(1701670572000)/",28000,100,617100,17160000000,650,false,2.38
"HDG",131535,"/Date(1701670570000)/",28000,100,617000,17157000000,650,false,2.38
"HDG",131535,"/Date(1701670570000)/",28000,300,616900,17154000000,650,false,2.38
"HDG",131535,"/Date(1701670570000)/",28000,100,616600,17146000000,650,false,2.38
"HDG",131535,"/Date(1701670570000)/",28000,200,616500,17143000000,650,false,2.38
"HDG",131535,"/Date(1701670570000)/",28000,100,616300,17138000000,650,false,2.38
"HDG",131535,"/Date(1701670570000)/",28000,200,616200,17135000000,650,false,2.38
"HDG",131535,"/Date(1701670570000)/",28000,1000,616000,17129000000,650,false,2.38
"HDG",131535,"/Date(1701670570000)/",28000,1500,615000,17101000000,650,false,2.38
"HDG",131535,"/Date(1701670570000)/",28000,100,613500,17059000000,650,false,2.38
"HDG",131535,"/Date(1701670570000)/",28000,100,613400,17056000000,650,false,2.38
"HDG",131535,"/Date(1701670570000)/",28000,100,613300,17054000000,650,false,2.38
"HDG",131535,"/Date(1701670570000)/",28000,200,613200,17051000000,650,false,2.38
"HDG",131535,"/Date(1701670570000)/",28000,4000,613000,17045000000,650,false,2.38
"HDG",131535,"/Date(1701670570000)/",28000,500,609000,16933000000,650,false,2.38
"HDG",131535,"/Date(1701670570000)/",28000,400,608500,16919000000,650,false,2.38
"HDG",131535,"/Date(1701670570000)/",28000,100,608100,16908000000,650,false,2.38
"HDG",131535,"/Date(1701670570000)/",28000,500,608000,16905000000,650,false,2.38
"HDG",131535,"/Date(1701670570000)/",28000,500,607500,16891000000,650,false,2.38
"HDG",131500,"/Date(1701670535000)/",28000,3200,607000,16877000000,650,false,2.38
"HDG",131450,"/Date(1701670526000)/",28000,1300,603800,16788000000,650,false,2.38
"HDG",131450,"/Date(1701670526000)/",28000,500,602500,16751000000,650,false,2.38
"HDG",131450,"/Date(1701670526000)/",28000,500,602000,16737000000,650,false,2.38
"HDG",131450,"/Date(1701670526000)/",28000,200,601500,16723000000,650,false,2.38
"HDG",131450,"/Date(1701670526000)/",28000,100,601300,16718000000,650,false,2.38
"HDG",131450,"/Date(1701670526000)/",28000,100,601200,16715000000,650,false,2.38
"HDG",131450,"/Date(1701670526000)/",28000,2000,601100,16712000000,650,false,2.38
"HDG",131450,"/Date(1701670526000)/",28000,300,599100,16656000000,650,false,2.38
"HDG",131415,"/Date(1701670491000)/",27950,100,598800,16648000000,600,true,2.19
"HDG",131415,"/Date(1701670491000)/",27950,400,598700,16645000000,600,true,2.19
"HDG",131327,"/Date(1701670440000)/",27950,2500,598300,16634000000,600,true,2.19
"HDG",131324,"/Date(1701670439000)/",28000,200,595800,16564000000,650,false,2.38
"HDG",131324,"/Date(1701670439000)/",28000,400,595600,16558000000,650,false,2.38
"HDG",131308,"/Date(1701670421000)/",27950,100,595200,16547000000,600,false,2.19
"HDG",131302,"/Date(1701670415000)/",27950,300,595100,16544000000,600,false,2.19
"HDG",131302,"/Date(1701670415000)/",27950,100,594800,16536000000,600,false,2.19
"HDG",131249,"/Date(1701670403000)/",27950,5000,594700,16533000000,600,false,2.19
"HDG",131246,"/Date(1701670400000)/",27950,1600,589700,16393000000,600,false,2.19
"HDG",131246,"/Date(1701670398000)/",27950,100,588100,16348000000,600,false,2.19
"HDG",131217,"/Date(1701670372000)/",27950,1000,588000,16346000000,600,false,2.19
"HDG",131217,"/Date(1701670371000)/",27900,2100,587000,16318000000,550,true,2.01
"HDG",131217,"/Date(1701670371000)/",27900,100,584900,16259000000,550,true,2.01
"HDG",131204,"/Date(1701670358000)/",27950,100,584800,16256000000,600,true,2.19
"HDG",131204,"/Date(1701670358000)/",27950,6100,584700,16254000000,600,true,2.19
"HDG",131152,"/Date(1701670345000)/",27950,500,578600,16083000000,600,true,2.19
"HDG",131139,"/Date(1701670332000)/",27950,1000,578100,16069000000,600,true,2.19
"HDG",131117,"/Date(1701670310000)/",27950,100,577100,16041000000,600,true,2.19
"HDG",131110,"/Date(1701670305000)/",28000,1500,577000,16038000000,650,false,2.38
"HDG",131110,"/Date(1701670303000)/",28000,100,575500,15996000000,650,false,2.38
"HDG",131057,"/Date(1701670291000)/",28000,200,575400,15993000000,650,false,2.38
"HDG",131038,"/Date(1701670273000)/",27950,500,575200,15988000000,600,true,2.19
"HDG",131035,"/Date(1701670269000)/",27950,100,574700,15974000000,600,true,2.19
"HDG",131019,"/Date(1701670254000)/",27950,10000,574600,15971000000,600,true,2.19
"HDG",131013,"/Date(1701670248000)/",27950,200,564600,15692000000,600,true,2.19
"HDG",131013,"/Date(1701670248000)/",27950,1100,564400,15686000000,600,true,2.19
"HDG",131013,"/Date(1701670248000)/",27950,4700,563300,15655000000,600,true,2.19
"HDG",131013,"/Date(1701670248000)/",27950,2000,558600,15524000000,600,true,2.19
"HDG",131013,"/Date(1701670248000)/",27950,100,556600,15468000000,600,true,2.19
"HDG",131013,"/Date(1701670248000)/",27950,3600,556500,15465000000,600,true,2.19
"HDG",131010,"/Date(1701670244000)/",27950,1100,552900,15365000000,600,false,2.19
"HDG",131010,"/Date(1701670244000)/",27900,200,551800,15334000000,550,false,2.01
"HDG",131010,"/Date(1701670244000)/",27900,1000,551600,15328000000,550,false,2.01
"HDG",131010,"/Date(1701670244000)/",27900,100,550600,15300000000,550,false,2.01
"HDG",131010,"/Date(1701670244000)/",27900,1700,550500,15298000000,550,false,2.01
"HDG",131010,"/Date(1701670244000)/",27900,200,548800,15250000000,550,false,2.01
"HDG",131010,"/Date(1701670244000)/",27900,500,548600,15245000000,550,false,2.01
"HDG",131010,"/Date(1701670244000)/",27900,200,548100,15231000000,550,false,2.01
"HDG",130954,"/Date(1701670227000)/",27900,2800,547900,15225000000,550,false,2.01
"HDG",130954,"/Date(1701670227000)/",27900,100,545100,15147000000,550,false,2.01
"HDG",130954,"/Date(1701670227000)/",27900,100,545000,15144000000,550,false,2.01
"HDG",130954,"/Date(1701670227000)/",27850,200,544900,15141000000,500,false,1.83
"HDG",130954,"/Date(1701670227000)/",27850,1400,544700,15136000000,500,false,1.83
"HDG",130931,"/Date(1701670206000)/",27850,100,543300,15097000000,500,false,1.83
"HDG",130925,"/Date(1701670198000)/",27850,700,543200,15094000000,500,false,1.83
"HDG",130925,"/Date(1701670198000)/",27850,300,542500,15075000000,500,false,1.83
"HDG",130922,"/Date(1701670194000)/",27850,1500,542200,15066000000,500,false,1.83
"HDG",130815,"/Date(1701670128000)/",27800,200,540700,15024000000,450,true,1.65
"HDG",130730,"/Date(1701670085000)/",27800,100,540500,15019000000,450,true,1.65
"HDG",130724,"/Date(1701670077000)/",27850,200,540400,15016000000,500,false,1.83
"HDG",130724,"/Date(1701670077000)/",27850,1000,540200,15010000000,500,false,1.83
"HDG",130724,"/Date(1701670077000)/",27850,1800,539200,14983000000,500,false,1.83
"HDG",130714,"/Date(1701670069000)/",27800,100,537400,14932000000,450,false,1.65
"HDG",130714,"/Date(1701670069000)/",27800,1200,537300,14930000000,450,false,1.65
"HDG",130714,"/Date(1701670068000)/",27800,500,536100,14896000000,450,false,1.65
"HDG",130708,"/Date(1701670061000)/",27800,1000,535600,14882000000,450,false,1.65
"HDG",130510,"/Date(1701669944000)/",27750,200,534600,14855000000,400,true,1.46
"HDG",130500,"/Date(1701669934000)/",27750,400,534400,14849000000,400,true,1.46
"HDG",130500,"/Date(1701669934000)/",27750,2000,534000,14838000000,400,true,1.46
"HDG",130435,"/Date(1701669907000)/",27750,500,532000,14783000000,400,true,1.46
"HDG",130435,"/Date(1701669907000)/",27750,200,531500,14769000000,400,true,1.46
"HDG",130435,"/Date(1701669907000)/",27750,1000,531300,14763000000,400,true,1.46
"HDG",130435,"/Date(1701669907000)/",27750,200,530300,14735000000,400,true,1.46
"HDG",130435,"/Date(1701669907000)/",27750,100,530100,14730000000,400,true,1.46
"HDG",130432,"/Date(1701669905000)/",27750,200,530000,14727000000,400,true,1.46
"HDG",130432,"/Date(1701669905000)/",27750,300,529800,14721000000,400,true,1.46
"HDG",130400,"/Date(1701669875000)/",27800,200,529500,14713000000,450,false,1.65
"HDG",130357,"/Date(1701669870000)/",27800,2000,529300,14708000000,450,false,1.65
"HDG",130347,"/Date(1701669860000)/",27800,1000,527300,14652000000,450,false,1.65
"HDG",130331,"/Date(1701669845000)/",27800,300,526300,14624000000,450,false,1.65
"HDG",130328,"/Date(1701669841000)/",27750,500,526000,14616000000,400,true,1.46
"HDG",130302,"/Date(1701669814000)/",27750,400,525500,14602000000,400,true,1.46
"HDG",130236,"/Date(1701669790000)/",27750,800,525100,14591000000,400,true,1.46
"HDG",130236,"/Date(1701669790000)/",27750,100,524300,14569000000,400,true,1.46
"HDG",130236,"/Date(1701669790000)/",27750,500,524200,14566000000,400,true,1.46
"HDG",130236,"/Date(1701669790000)/",27750,500,523700,14552000000,400,true,1.46
"HDG",130236,"/Date(1701669790000)/",27750,100,523200,14538000000,400,true,1.46
"HDG",130152,"/Date(1701669745000)/",27750,100,523100,14535000000,400,true,1.46
"HDG",130129,"/Date(1701669722000)/",27800,1000,523000,14533000000,450,false,1.65
"HDG",130123,"/Date(1701669715000)/",27800,100,522000,14505000000,450,false,1.65
"HDG",130117,"/Date(1701669709000)/",27800,300,521900,14502000000,450,false,1.65
"HDG",130113,"/Date(1701669708000)/",27800,200,521600,14494000000,450,true,1.65
"HDG",130113,"/Date(1701669708000)/",27800,100,521400,14488000000,450,true,1.65
"HDG",130113,"/Date(1701669708000)/",27800,100,521300,14485000000,450,true,1.65
"HDG",130113,"/Date(1701669708000)/",27800,1000,521200,14483000000,450,true,1.65
"HDG",130113,"/Date(1701669708000)/",27800,1000,520200,14455000000,450,true,1.65
"HDG",130054,"/Date(1701669686000)/",27850,100,519200,14427000000,500,false,1.83
"HDG",130016,"/Date(1701669649000)/",27850,200,519100,14424000000,500,false,1.83
"HDG",125957,"/Date(1701669614000)/",27850,200,518900,14419000000,500,false,1.83
"HDG",125957,"/Date(1701669613000)/",27800,300,518700,14413000000,450,true,1.65
"HDG",125954,"/Date(1701669608000)/",27850,500,518400,14405000000,500,false,1.83
"HDG",125951,"/Date(1701669606000)/",27850,100,517900,14391000000,500,true,1.83
"HDG",125951,"/Date(1701669606000)/",27850,100,517800,14388000000,500,true,1.83
"HDG",125947,"/Date(1701669603000)/",27850,1900,517700,14385000000,500,false,1.83
"HDG",125941,"/Date(1701669601000)/",27850,100,515800,14332000000,500,false,1.83
"HDG",125938,"/Date(1701669601000)/",27800,1700,515700,14329000000,450,true,1.65
"HDG",125938,"/Date(1701669601000)/",27800,2000,514000,14282000000,450,true,1.65
"HDG",125938,"/Date(1701669601000)/",27800,10000,512000,14227000000,450,true,1.65
"HDG",125938,"/Date(1701669601000)/",27800,1000,502000,13949000000,450,true,1.65
"HDG",125938,"/Date(1701669601000)/",27850,2000,501000,13921000000,500,true,1.83
"HDG",125938,"/Date(1701669601000)/",27850,2000,499000,13865000000,500,true,1.83
"HDG",125938,"/Date(1701669601000)/",27850,1300,497000,13809000000,500,true,1.83
"HDG",112933,"/Date(1701664196000)/",27850,300,495700,13773000000,500,true,1.83
"HDG",112858,"/Date(1701664164000)/",27850,100,495400,13765000000,500,true,1.83
"HDG",112823,"/Date(1701664127000)/",27850,1000,495300,13762000000,500,true,1.83
"HDG",112735,"/Date(1701664080000)/",27850,100,494300,13734000000,500,true,1.83
"HDG",112732,"/Date(1701664078000)/",27850,100,494200,13731000000,500,true,1.83
"HDG",112609,"/Date(1701663993000)/",27900,100,494100,13729000000,550,false,2.01
"HDG",112553,"/Date(1701663979000)/",27900,200,494000,13726000000,550,false,2.01
"HDG",112553,"/Date(1701663979000)/",27900,100,493800,13720000000,550,false,2.01
"HDG",112508,"/Date(1701663934000)/",27900,200,493700,13717000000,550,false,2.01
"HDG",112343,"/Date(1701663838000)/",27900,200,493500,13712000000,550,false,2.01
"HDG",112220,"/Date(1701663765000)/",27900,1600,493300,13706000000,550,false,2.01
"HDG",112220,"/Date(1701663765000)/",27900,200,491700,13662000000,550,false,2.01
"HDG",112220,"/Date(1701663765000)/",27900,100,491500,13656000000,550,false,2.01
"HDG",112220,"/Date(1701663765000)/",27900,100,491400,13653000000,550,false,2.01
"HDG",112100,"/Date(1701663684000)/",27850,100,491300,13651000000,500,true,1.83
"HDG",112100,"/Date(1701663684000)/",27850,200,491200,13648000000,500,true,1.83
"HDG",111830,"/Date(1701663533000)/",27850,300,491000,13642000000,500,true,1.83
"HDG",111830,"/Date(1701663533000)/",27850,500,490700,13634000000,500,true,1.83
"HDG",111830,"/Date(1701663533000)/",27850,500,490200,13620000000,500,true,1.83
"HDG",111830,"/Date(1701663533000)/",27850,300,489700,13606000000,500,true,1.83
"HDG",111830,"/Date(1701663533000)/",27850,200,489400,13598000000,500,true,1.83
"HDG",111805,"/Date(1701663510000)/",27850,200,489200,13592000000,500,true,1.83
"HDG",111749,"/Date(1701663493000)/",27850,1000,489000,13586000000,500,true,1.83
"HDG",111723,"/Date(1701663468000)/",27850,100,488000,13559000000,500,true,1.83
"HDG",111717,"/Date(1701663461000)/",27900,700,487900,13556000000,550,true,2.01
"HDG",111704,"/Date(1701663447000)/",27900,100,487200,13536000000,550,true,2.01
"HDG",111655,"/Date(1701663437000)/",27900,1200,487100,13534000000,550,true,2.01
"HDG",111655,"/Date(1701663437000)/",27900,100,485900,13500000000,550,true,2.01
"HDG",111655,"/Date(1701663437000)/",27900,1000,485800,13497000000,550,true,2.01
"HDG",111655,"/Date(1701663437000)/",27900,700,484800,13469000000,550,true,2.01
"HDG",111632,"/Date(1701663414000)/",27900,300,484100,13450000000,550,true,2.01
"HDG",111632,"/Date(1701663414000)/",27900,700,483800,13441000000,550,true,2.01
"HDG",111604,"/Date(1701663387000)/",27900,1300,483100,13422000000,550,true,2.01
"HDG",111604,"/Date(1701663387000)/",27900,700,481800,13386000000,550,true,2.01
"HDG",111532,"/Date(1701663356000)/",27950,500,481100,13366000000,600,true,2.19
"HDG",111532,"/Date(1701663356000)/",27950,2000,480600,13352000000,600,true,2.19
"HDG",111532,"/Date(1701663356000)/",27950,400,478600,13296000000,600,true,2.19
"HDG",111532,"/Date(1701663356000)/",27950,2000,478200,13285000000,600,true,2.19
"HDG",111532,"/Date(1701663356000)/",27950,2000,476200,13229000000,600,true,2.19
"HDG",111532,"/Date(1701663356000)/",27950,33400,474200,13173000000,600,true,2.19
"HDG",111525,"/Date(1701663350000)/",27950,100,440800,12240000000,600,true,2.19
"HDG",111402,"/Date(1701663266000)/",27950,2000,440700,12237000000,600,true,2.19
"HDG",111259,"/Date(1701663201000)/",28000,800,438700,12181000000,650,false,2.38
"HDG",111259,"/Date(1701663201000)/",28000,500,437900,12159000000,650,false,2.38
"HDG",111259,"/Date(1701663201000)/",28000,500,437400,12145000000,650,false,2.38
"HDG",111259,"/Date(1701663201000)/",28000,200,436900,12131000000,650,false,2.38
"HDG",111010,"/Date(1701663032000)/",28000,300,436700,12125000000,650,false,2.38
"HDG",111010,"/Date(1701663032000)/",28000,100,436400,12117000000,650,false,2.38
"HDG",110922,"/Date(1701662986000)/",28000,100,436300,12114000000,650,false,2.38
"HDG",110821,"/Date(1701662923000)/",28000,300,436200,12111000000,650,false,2.38
"HDG",110759,"/Date(1701662903000)/",28000,1000,435900,12103000000,650,false,2.38
"HDG",110626,"/Date(1701662808000)/",27950,500,434900,12075000000,600,true,2.19
"HDG",110610,"/Date(1701662791000)/",28000,300,434400,12061000000,650,false,2.38
"HDG",110519,"/Date(1701662742000)/",28000,400,434100,12052000000,650,false,2.38
"HDG",110519,"/Date(1701662742000)/",28000,100,433700,12041000000,650,false,2.38
"HDG",110519,"/Date(1701662742000)/",28000,100,433600,12038000000,650,false,2.38
"HDG",110519,"/Date(1701662742000)/",28000,400,433500,12035000000,650,false,2.38
"HDG",110428,"/Date(1701662691000)/",28000,1600,433100,12024000000,650,false,2.38
"HDG",110428,"/Date(1701662691000)/",28000,400,431500,11979000000,650,false,2.38
"HDG",110416,"/Date(1701662678000)/",28000,100,431100,11968000000,650,false,2.38
"HDG",110416,"/Date(1701662678000)/",27950,100,431000,11965000000,600,true,2.19
"HDG",110117,"/Date(1701662498000)/",28000,100,430900,11963000000,650,false,2.38
"HDG",110011,"/Date(1701662434000)/",28000,500,430800,11960000000,650,true,2.38
"HDG",110011,"/Date(1701662434000)/",28000,700,430300,11946000000,650,true,2.38
"HDG",110011,"/Date(1701662434000)/",28000,1000,429600,11926000000,650,true,2.38
"HDG",110011,"/Date(1701662434000)/",28000,800,428600,11898000000,650,true,2.38
"HDG",105951,"/Date(1701662412000)/",28050,100,427800,11876000000,700,false,2.56
"HDG",105920,"/Date(1701662383000)/",28050,600,427700,11873000000,700,false,2.56
"HDG",105920,"/Date(1701662383000)/",28050,2500,427100,11856000000,700,false,2.56
"HDG",105920,"/Date(1701662383000)/",28050,500,424600,11786000000,700,false,2.56
"HDG",105920,"/Date(1701662383000)/",28050,200,424100,11772000000,700,false,2.56
"HDG",105920,"/Date(1701662383000)/",28050,700,423900,11766000000,700,false,2.56
"HDG",105848,"/Date(1701662351000)/",28050,400,423200,11747000000,700,false,2.56
"HDG",105848,"/Date(1701662351000)/",28050,100,422800,11736000000,700,false,2.56
"HDG",105835,"/Date(1701662337000)/",28000,500,422700,11733000000,650,true,2.38
"HDG",105825,"/Date(1701662329000)/",28000,500,422200,11719000000,650,true,2.38
"HDG",105803,"/Date(1701662305000)/",28050,1900,421700,11705000000,700,true,2.56
"HDG",105754,"/Date(1701662296000)/",28050,100,419800,11652000000,700,true,2.56
"HDG",105750,"/Date(1701662291000)/",28050,1000,419700,11649000000,700,true,2.56
"HDG",105744,"/Date(1701662286000)/",28050,600,418700,11621000000,700,true,2.56
"HDG",105734,"/Date(1701662276000)/",28050,100,418100,11604000000,700,true,2.56
"HDG",105659,"/Date(1701662240000)/",28050,5000,418000,11601000000,700,true,2.56
"HDG",105612,"/Date(1701662194000)/",28050,500,413000,11461000000,700,false,2.56
"HDG",105612,"/Date(1701662194000)/",28050,100,412500,11447000000,700,false,2.56
"HDG",105612,"/Date(1701662194000)/",28050,200,412400,11444000000,700,false,2.56
"HDG",105612,"/Date(1701662194000)/",28050,100,412200,11438000000,700,false,2.56
"HDG",105612,"/Date(1701662194000)/",28050,200,412100,11436000000,700,false,2.56
"HDG",105612,"/Date(1701662194000)/",28050,100,411900,11430000000,700,false,2.56
"HDG",105612,"/Date(1701662194000)/",28050,100,411800,11427000000,700,false,2.56
"HDG",105602,"/Date(1701662184000)/",28000,200,411700,11424000000,650,true,2.38
"HDG",105602,"/Date(1701662184000)/",28000,4800,411500,11419000000,650,true,2.38
"HDG",105556,"/Date(1701662176000)/",28050,100,406700,11284000000,700,false,2.56
"HDG",105556,"/Date(1701662176000)/",28050,100,406600,11282000000,700,false,2.56
"HDG",105552,"/Date(1701662173000)/",28000,200,406500,11279000000,650,true,2.38
"HDG",105552,"/Date(1701662173000)/",28000,2000,406300,11273000000,650,true,2.38
"HDG",105552,"/Date(1701662173000)/",28000,200,404300,11217000000,650,true,2.38
"HDG",105552,"/Date(1701662173000)/",28000,2000,404100,11212000000,650,true,2.38
"HDG",105552,"/Date(1701662173000)/",28000,600,402100,11156000000,650,true,2.38
"HDG",105543,"/Date(1701662165000)/",28000,100,401500,11139000000,650,true,2.38
"HDG",105517,"/Date(1701662139000)/",28000,200,401400,11136000000,650,false,2.38
"HDG",105517,"/Date(1701662139000)/",28000,100,401200,11130000000,650,false,2.38
"HDG",105517,"/Date(1701662139000)/",28000,100,401100,11128000000,650,false,2.38
"HDG",105517,"/Date(1701662139000)/",28000,1000,401000,11125000000,650,false,2.38
"HDG",105517,"/Date(1701662139000)/",28000,500,400000,11097000000,650,false,2.38
"HDG",105517,"/Date(1701662139000)/",28000,100,399500,11083000000,650,false,2.38
"HDG",105517,"/Date(1701662139000)/",28000,200,399400,11080000000,650,false,2.38
"HDG",105517,"/Date(1701662139000)/",28000,500,399200,11074000000,650,false,2.38
"HDG",105517,"/Date(1701662139000)/",28000,200,398700,11060000000,650,false,2.38
"HDG",105517,"/Date(1701662139000)/",28000,200,398500,11055000000,650,false,2.38
"HDG",105517,"/Date(1701662139000)/",28000,1200,398300,11049000000,650,false,2.38
"HDG",105514,"/Date(1701662134000)/",28000,3800,397100,11016000000,650,false,2.38
"HDG",105514,"/Date(1701662134000)/",28000,100,393300,10909000000,650,false,2.38
"HDG",105514,"/Date(1701662134000)/",28000,100,393200,10906000000,650,false,2.38
"HDG",105514,"/Date(1701662134000)/",28000,100,393100,10904000000,650,false,2.38
"HDG",105514,"/Date(1701662134000)/",28000,100,393000,10901000000,650,false,2.38
"HDG",105514,"/Date(1701662134000)/",28000,100,392900,10898000000,650,false,2.38
"HDG",105514,"/Date(1701662134000)/",28000,100,392800,10895000000,650,false,2.38
"HDG",105514,"/Date(1701662134000)/",28000,100,392700,10892000000,650,false,2.38
"HDG",105514,"/Date(1701662134000)/",28000,100,392600,10890000000,650,false,2.38
"HDG",105514,"/Date(1701662134000)/",28000,300,392500,10887000000,650,false,2.38
"HDG",105514,"/Date(1701662134000)/",28000,100,392200,10878000000,650,false,2.38
"HDG",105505,"/Date(1701662127000)/",28000,2000,392100,10876000000,650,false,2.38
"HDG",105501,"/Date(1701662122000)/",28000,1000,390100,10820000000,650,false,2.38
"HDG",105501,"/Date(1701662122000)/",28000,500,389100,10792000000,650,false,2.38
"HDG",105455,"/Date(1701662117000)/",28000,6500,388600,10778000000,650,false,2.38
"HDG",105455,"/Date(1701662117000)/",28000,1500,382100,10596000000,650,false,2.38
"HDG",105449,"/Date(1701662109000)/",28000,1000,380600,10554000000,650,false,2.38
"HDG",105449,"/Date(1701662109000)/",28000,1000,379600,10526000000,650,false,2.38
"HDG",105449,"/Date(1701662109000)/",28000,1000,378600,10498000000,650,false,2.38
"HDG",105442,"/Date(1701662104000)/",28000,100,377600,10470000000,650,false,2.38
"HDG",105442,"/Date(1701662104000)/",28000,500,377500,10467000000,650,false,2.38
"HDG",105442,"/Date(1701662104000)/",28000,500,377000,10453000000,650,false,2.38
"HDG",105442,"/Date(1701662104000)/",28000,200,376500,10439000000,650,false,2.38
"HDG",105442,"/Date(1701662104000)/",28000,400,376300,10433000000,650,false,2.38
"HDG",105442,"/Date(1701662104000)/",28000,300,375900,10422000000,650,false,2.38
"HDG",105442,"/Date(1701662104000)/",28000,100,375600,10414000000,650,false,2.38
"HDG",105442,"/Date(1701662104000)/",28000,100,375500,10411000000,650,false,2.38
"HDG",105442,"/Date(1701662104000)/",28000,300,375400,10408000000,650,false,2.38
"HDG",105442,"/Date(1701662104000)/",28000,500,375100,10400000000,650,false,2.38
"HDG",105442,"/Date(1701662104000)/",28000,1000,374600,10386000000,650,false,2.38
"HDG",105442,"/Date(1701662104000)/",28000,100,373600,10358000000,650,false,2.38
"HDG",105442,"/Date(1701662104000)/",28000,1900,373500,10355000000,650,false,2.38
"HDG",105433,"/Date(1701662095000)/",28000,3100,371600,10302000000,650,false,2.38
"HDG",105433,"/Date(1701662095000)/",28000,200,368500,10215000000,650,false,2.38
"HDG",105433,"/Date(1701662095000)/",28000,600,368300,10209000000,650,false,2.38
"HDG",105433,"/Date(1701662095000)/",28000,300,367700,10192000000,650,false,2.38
"HDG",105433,"/Date(1701662095000)/",28000,1000,367400,10184000000,650,false,2.38
"HDG",105433,"/Date(1701662095000)/",28000,1500,366400,10156000000,650,false,2.38
"HDG",105417,"/Date(1701662077000)/",28000,1000,364900,10114000000,650,false,2.38
"HDG",105414,"/Date(1701662075000)/",28000,2500,363900,10086000000,650,false,2.38
"HDG",105339,"/Date(1701662041000)/",28000,1000,361400,10016000000,650,false,2.38
"HDG",105326,"/Date(1701662026000)/",27950,1000,360400,9988000000,600,true,2.19
"HDG",105319,"/Date(1701662020000)/",27950,400,359400,9960000000,600,false,2.19
"HDG",105319,"/Date(1701662020000)/",27950,6300,359000,9949000000,600,false,2.19
"HDG",105319,"/Date(1701662020000)/",27950,200,352700,9773000000,600,false,2.19
"HDG",105319,"/Date(1701662020000)/",27950,2600,352500,9767000000,600,false,2.19
"HDG",105319,"/Date(1701662020000)/",27950,1000,349900,9694000000,600,false,2.19
"HDG",105319,"/Date(1701662020000)/",27950,100,348900,9666000000,600,false,2.19
"HDG",105319,"/Date(1701662020000)/",27950,1000,348800,9664000000,600,false,2.19
"HDG",105319,"/Date(1701662020000)/",27950,1000,347800,9636000000,600,false,2.19
"HDG",105319,"/Date(1701662020000)/",27950,300,346800,9608000000,600,false,2.19
"HDG",105313,"/Date(1701662013000)/",27900,100,346500,9599000000,550,true,2.01
"HDG",105310,"/Date(1701662012000)/",27950,200,346400,9597000000,600,false,2.19
"HDG",105310,"/Date(1701662012000)/",27950,100,346200,9591000000,600,false,2.19
"HDG",105310,"/Date(1701662012000)/",27950,100,346100,9588000000,600,false,2.19
"HDG",105310,"/Date(1701662012000)/",27950,100,346000,9585000000,600,false,2.19
"HDG",105248,"/Date(1701661988000)/",27900,100,345900,9583000000,550,true,2.01
"HDG",105216,"/Date(1701661957000)/",27900,200,345800,9580000000,550,false,2.01
"HDG",105216,"/Date(1701661957000)/",27900,3000,345600,9574000000,550,false,2.01
"HDG",105216,"/Date(1701661957000)/",27900,1000,342600,9491000000,550,false,2.01
"HDG",105216,"/Date(1701661957000)/",27900,100,341600,9463000000,550,false,2.01
"HDG",105216,"/Date(1701661957000)/",27900,1000,341500,9460000000,550,false,2.01
"HDG",105216,"/Date(1701661957000)/",27900,100,340500,9432000000,550,false,2.01
"HDG",105216,"/Date(1701661957000)/",27900,200,340400,9429000000,550,false,2.01
"HDG",105216,"/Date(1701661957000)/",27900,300,340200,9424000000,550,false,2.01
"HDG",105216,"/Date(1701661957000)/",27900,8200,339900,9415000000,550,false,2.01
"HDG",105200,"/Date(1701661941000)/",27850,1500,331700,9186000000,500,true,1.83
"HDG",105125,"/Date(1701661906000)/",27900,300,330200,9145000000,550,false,2.01
"HDG",105115,"/Date(1701661895000)/",27850,100,329900,9136000000,500,true,1.83
"HDG",105056,"/Date(1701661876000)/",27850,500,329800,9134000000,500,true,1.83
"HDG",105021,"/Date(1701661843000)/",27850,1000,329300,9120000000,500,true,1.83
"HDG",104959,"/Date(1701661819000)/",27850,400,328300,9092000000,500,false,1.83
"HDG",104956,"/Date(1701661815000)/",27850,400,327900,9081000000,500,true,1.83
"HDG",104956,"/Date(1701661815000)/",27850,100,327500,9069000000,500,true,1.83
"HDG",104956,"/Date(1701661815000)/",27850,500,327400,9067000000,500,true,1.83
"HDG",104956,"/Date(1701661815000)/",27850,100,326900,9053000000,500,true,1.83
"HDG",104956,"/Date(1701661815000)/",27850,200,326800,9050000000,500,true,1.83
"HDG",104956,"/Date(1701661815000)/",27850,300,326600,9044000000,500,true,1.83
"HDG",104946,"/Date(1701661807000)/",27900,2000,326300,9036000000,550,false,2.01
"HDG",104946,"/Date(1701661806000)/",27900,1000,324300,8980000000,550,false,2.01
"HDG",104937,"/Date(1701661797000)/",27900,100,323300,8952000000,550,false,2.01
"HDG",104933,"/Date(1701661793000)/",27900,1300,323200,8950000000,550,false,2.01
"HDG",104927,"/Date(1701661789000)/",27900,800,321900,8913000000,550,false,2.01
"HDG",104924,"/Date(1701661785000)/",27900,6300,321100,8891000000,550,false,2.01
"HDG",104924,"/Date(1701661785000)/",27900,3700,314800,8715000000,550,false,2.01
"HDG",104917,"/Date(1701661780000)/",27900,100,311100,8612000000,550,false,2.01
"HDG",104914,"/Date(1701661777000)/",27900,1200,311000,8609000000,550,false,2.01
"HDG",104914,"/Date(1701661777000)/",27900,2300,309800,8576000000,550,false,2.01
"HDG",104914,"/Date(1701661777000)/",27900,700,307500,8512000000,550,false,2.01
"HDG",104914,"/Date(1701661777000)/",27900,700,306800,8492000000,550,false,2.01
"HDG",104914,"/Date(1701661777000)/",27900,500,306100,8472000000,550,false,2.01
"HDG",104914,"/Date(1701661777000)/",27900,100,305600,8459000000,550,false,2.01
"HDG",104852,"/Date(1701661754000)/",27900,400,305500,8456000000,550,false,2.01
"HDG",104842,"/Date(1701661743000)/",27850,300,305100,8445000000,500,true,1.83
"HDG",104842,"/Date(1701661743000)/",27850,700,304800,8436000000,500,true,1.83
"HDG",104745,"/Date(1701661686000)/",27850,300,304100,8417000000,500,true,1.83
"HDG",104745,"/Date(1701661686000)/",27850,2200,303800,8408000000,500,true,1.83
"HDG",104742,"/Date(1701661684000)/",27850,100,301600,8347000000,500,true,1.83
"HDG",104735,"/Date(1701661675000)/",27850,200,301500,8344000000,500,true,1.83
"HDG",104732,"/Date(1701661674000)/",27850,2000,301300,8339000000,500,true,1.83
"HDG",104713,"/Date(1701661653000)/",27850,1000,299300,8283000000,500,true,1.83
"HDG",104710,"/Date(1701661650000)/",27900,500,298300,8255000000,550,false,2.01
"HDG",104704,"/Date(1701661643000)/",27850,500,297800,8241000000,500,true,1.83
"HDG",104603,"/Date(1701661584000)/",27850,200,297300,8227000000,500,false,1.83
"HDG",104603,"/Date(1701661584000)/",27850,300,297100,8222000000,500,false,1.83
"HDG",104538,"/Date(1701661557000)/",27850,700,296800,8213000000,500,false,1.83
"HDG",104538,"/Date(1701661557000)/",27850,1300,296100,8194000000,500,false,1.83
"HDG",104528,"/Date(1701661548000)/",27850,700,294800,8158000000,500,false,1.83
"HDG",104528,"/Date(1701661548000)/",27850,100,294100,8138000000,500,false,1.83
"HDG",104528,"/Date(1701661548000)/",27850,200,294000,8135000000,500,false,1.83
"HDG",104528,"/Date(1701661548000)/",27850,200,293800,8130000000,500,false,1.83
"HDG",104528,"/Date(1701661548000)/",27850,100,293600,8124000000,500,false,1.83
"HDG",104528,"/Date(1701661548000)/",27850,100,293500,8121000000,500,false,1.83
"HDG",104528,"/Date(1701661548000)/",27850,500,293400,8119000000,500,false,1.83
"HDG",104528,"/Date(1701661548000)/",27850,1000,292900,8105000000,500,false,1.83
"HDG",104528,"/Date(1701661548000)/",27850,5000,291900,8077000000,500,false,1.83
"HDG",104528,"/Date(1701661548000)/",27850,2000,286900,7938000000,500,false,1.83
"HDG",104528,"/Date(1701661548000)/",27850,100,284900,7882000000,500,false,1.83
"HDG",104515,"/Date(1701661535000)/",27800,1000,284800,7879000000,450,true,1.65
"HDG",104440,"/Date(1701661500000)/",27800,5000,283800,7851000000,450,true,1.65
"HDG",104418,"/Date(1701661478000)/",27800,800,278800,7712000000,450,true,1.65
"HDG",104408,"/Date(1701661470000)/",27800,1000,278000,7690000000,450,false,1.65
"HDG",104408,"/Date(1701661468000)/",27800,600,277000,7662000000,450,false,1.65
"HDG",104408,"/Date(1701661468000)/",27800,800,276400,7646000000,450,false,1.65
"HDG",104349,"/Date(1701661450000)/",27800,200,275600,7623000000,450,false,1.65
"HDG",104349,"/Date(1701661450000)/",27800,100,275400,7618000000,450,false,1.65
"HDG",104349,"/Date(1701661450000)/",27800,300,275300,7615000000,450,false,1.65
"HDG",104305,"/Date(1701661405000)/",27800,700,275000,7607000000,450,false,1.65
"HDG",104305,"/Date(1701661405000)/",27800,3300,274300,7587000000,450,false,1.65
"HDG",104223,"/Date(1701661363000)/",27800,3000,271000,7496000000,450,false,1.65
"HDG",104223,"/Date(1701661363000)/",27800,100,268000,7412000000,450,false,1.65
"HDG",104223,"/Date(1701661363000)/",27800,200,267900,7409000000,450,false,1.65
"HDG",104223,"/Date(1701661363000)/",27800,500,267700,7404000000,450,false,1.65
"HDG",104223,"/Date(1701661363000)/",27800,1000,267200,7390000000,450,false,1.65
"HDG",104223,"/Date(1701661363000)/",27800,200,266200,7362000000,450,false,1.65
"HDG",104223,"/Date(1701661363000)/",27800,100,266000,7357000000,450,false,1.65
"HDG",104223,"/Date(1701661363000)/",27800,100,265900,7354000000,450,false,1.65
"HDG",104223,"/Date(1701661363000)/",27800,100,265800,7351000000,450,false,1.65
"HDG",104223,"/Date(1701661363000)/",27800,100,265700,7348000000,450,false,1.65
"HDG",104223,"/Date(1701661363000)/",27800,100,265600,7345000000,450,false,1.65
"HDG",104223,"/Date(1701661363000)/",27800,500,265500,7343000000,450,false,1.65
"HDG",104139,"/Date(1701661320000)/",27800,200,265000,7329000000,450,false,1.65
"HDG",103919,"/Date(1701661174000)/",27800,300,264800,7323000000,450,false,1.65
"HDG",103919,"/Date(1701661174000)/",27800,800,264500,7315000000,450,false,1.65
"HDG",103919,"/Date(1701661174000)/",27800,400,263700,7293000000,450,false,1.65
"HDG",103853,"/Date(1701661152000)/",27800,400,263300,7281000000,450,false,1.65
"HDG",103844,"/Date(1701661144000)/",27800,1000,262900,7270000000,450,false,1.65
"HDG",103831,"/Date(1701661130000)/",27800,100,261900,7243000000,450,false,1.65
"HDG",103824,"/Date(1701661126000)/",27800,1000,261800,7240000000,450,false,1.65
"HDG",103756,"/Date(1701661095000)/",27800,1700,260800,7212000000,450,false,1.65
"HDG",103708,"/Date(1701661047000)/",27800,400,259100,7165000000,450,false,1.65
"HDG",103708,"/Date(1701661047000)/",27800,200,258700,7154000000,450,false,1.65
"HDG",103708,"/Date(1701661047000)/",27800,100,258500,7148000000,450,false,1.65
"HDG",103708,"/Date(1701661047000)/",27800,300,258400,7145000000,450,false,1.65
"HDG",103652,"/Date(1701661031000)/",27800,700,258100,7137000000,450,false,1.65
"HDG",103652,"/Date(1701661031000)/",27800,4300,257400,7117000000,450,false,1.65
"HDG",103552,"/Date(1701660971000)/",27800,700,253100,6998000000,450,false,1.65
"HDG",103552,"/Date(1701660971000)/",27800,400,252400,6978000000,450,false,1.65
"HDG",103552,"/Date(1701660971000)/",27800,900,252000,6967000000,450,false,1.65
"HDG",103510,"/Date(1701660929000)/",27750,100,251100,6942000000,400,true,1.46
"HDG",103458,"/Date(1701660917000)/",27750,100,251000,6940000000,400,true,1.46
"HDG",103458,"/Date(1701660917000)/",27750,500,250900,6937000000,400,true,1.46
"HDG",103458,"/Date(1701660917000)/",27750,2000,250400,6923000000,400,true,1.46
"HDG",103458,"/Date(1701660917000)/",27750,100,248400,6867000000,400,true,1.46
"HDG",103458,"/Date(1701660917000)/",27750,3000,248300,6865000000,400,true,1.46
"HDG",103458,"/Date(1701660917000)/",27750,100,245300,6781000000,400,true,1.46
"HDG",103458,"/Date(1701660917000)/",27750,1000,245200,6779000000,400,true,1.46
"HDG",103458,"/Date(1701660917000)/",27750,100,244200,6751000000,400,true,1.46
"HDG",103458,"/Date(1701660917000)/",27750,1000,244100,6748000000,400,true,1.46
"HDG",103458,"/Date(1701660917000)/",27750,3000,243100,6720000000,400,true,1.46
"HDG",103458,"/Date(1701660917000)/",27750,100,240100,6637000000,400,true,1.46
"HDG",103458,"/Date(1701660917000)/",27750,100,240000,6634000000,400,true,1.46
"HDG",103458,"/Date(1701660917000)/",27750,3600,239900,6632000000,400,true,1.46
"HDG",103335,"/Date(1701660836000)/",27700,100,236300,6532000000,350,true,1.28
"HDG",103335,"/Date(1701660833000)/",27750,1400,236200,6529000000,400,false,1.46
"HDG",103335,"/Date(1701660833000)/",27750,500,234800,6490000000,400,false,1.46
"HDG",103335,"/Date(1701660833000)/",27750,100,234300,6476000000,400,false,1.46
"HDG",103335,"/Date(1701660833000)/",27750,1000,234200,6473000000,400,false,1.46
"HDG",103335,"/Date(1701660833000)/",27750,100,233200,6446000000,400,false,1.46
"HDG",103335,"/Date(1701660833000)/",27750,900,233100,6443000000,400,false,1.46
"HDG",103306,"/Date(1701660807000)/",27700,5000,232200,6418000000,350,false,1.28
"HDG",103306,"/Date(1701660807000)/",27700,500,227200,6279000000,350,false,1.28
"HDG",103306,"/Date(1701660807000)/",27700,300,226700,6266000000,350,false,1.28
"HDG",103306,"/Date(1701660807000)/",27700,100,226400,6257000000,350,false,1.28
"HDG",103306,"/Date(1701660807000)/",27700,200,226300,6254000000,350,false,1.28
"HDG",103306,"/Date(1701660807000)/",27700,900,226100,6249000000,350,false,1.28
"HDG",103306,"/Date(1701660807000)/",27700,100,225200,6224000000,350,false,1.28
"HDG",103306,"/Date(1701660807000)/",27700,100,225100,6221000000,350,false,1.28
"HDG",103306,"/Date(1701660807000)/",27700,1000,225000,6218000000,350,false,1.28
"HDG",103306,"/Date(1701660807000)/",27700,1300,224000,6191000000,350,false,1.28
"HDG",103131,"/Date(1701660712000)/",27700,3700,222700,6155000000,350,false,1.28
"HDG",103131,"/Date(1701660712000)/",27700,1000,219000,6052000000,350,false,1.28
"HDG",103131,"/Date(1701660712000)/",27700,100,218000,6025000000,350,false,1.28
"HDG",103131,"/Date(1701660712000)/",27700,5000,217900,6022000000,350,false,1.28
"HDG",103131,"/Date(1701660712000)/",27700,100,212900,5883000000,350,false,1.28
"HDG",103131,"/Date(1701660712000)/",27700,10100,212800,5880000000,350,false,1.28
"HDG",103109,"/Date(1701660689000)/",27650,100,202700,5601000000,300,true,1.1
"HDG",103059,"/Date(1701660678000)/",27650,100,202600,5598000000,300,true,1.1
"HDG",103059,"/Date(1701660678000)/",27650,100,202500,5595000000,300,true,1.1
"HDG",103056,"/Date(1701660675000)/",27650,1100,202400,5592000000,300,false,1.1
"HDG",102946,"/Date(1701660606000)/",27650,100,201300,5562000000,300,false,1.1
"HDG",102933,"/Date(1701660593000)/",27650,200,201200,5559000000,300,false,1.1
"HDG",102921,"/Date(1701660581000)/",27650,1000,201000,5554000000,300,false,1.1
"HDG",102914,"/Date(1701660572000)/",27650,200,200000,5526000000,300,false,1.1
"HDG",102911,"/Date(1701660569000)/",27650,600,199800,5521000000,300,false,1.1
"HDG",102901,"/Date(1701660562000)/",27650,200,199200,5504000000,300,false,1.1
"HDG",102842,"/Date(1701660541000)/",27650,400,199000,5498000000,300,false,1.1
"HDG",102755,"/Date(1701660495000)/",27650,100,198600,5487000000,300,false,1.1
"HDG",102704,"/Date(1701660443000)/",27650,1000,198500,5485000000,300,false,1.1
"HDG",102632,"/Date(1701660413000)/",27650,100,197500,5457000000,300,false,1.1
"HDG",102541,"/Date(1701660361000)/",27650,100,197400,5454000000,300,false,1.1
"HDG",102541,"/Date(1701660361000)/",27650,4300,197300,5451000000,300,false,1.1
"HDG",102516,"/Date(1701660335000)/",27650,1000,193000,5333000000,300,false,1.1
"HDG",102334,"/Date(1701660233000)/",27650,300,192000,5305000000,300,false,1.1
"HDG",102325,"/Date(1701660224000)/",27650,500,191700,5297000000,300,false,1.1
"HDG",102318,"/Date(1701660216000)/",27650,800,191200,5283000000,300,false,1.1
"HDG",102259,"/Date(1701660199000)/",27650,300,190400,5261000000,300,false,1.1
"HDG",102214,"/Date(1701660153000)/",27600,200,190100,5252000000,250,true,0.91
"HDG",102127,"/Date(1701660106000)/",27600,800,189900,5247000000,250,true,0.91
"HDG",102127,"/Date(1701660106000)/",27600,200,189100,5225000000,250,true,0.91
"HDG",102023,"/Date(1701660040000)/",27650,200,188900,5219000000,300,false,1.1
"HDG",102023,"/Date(1701660040000)/",27650,1500,188700,5214000000,300,false,1.1
"HDG",101844,"/Date(1701659944000)/",27650,1200,187200,5172000000,300,false,1.1
"HDG",101832,"/Date(1701659930000)/",27650,3800,186000,5139000000,300,false,1.1
"HDG",101731,"/Date(1701659870000)/",27650,1000,182200,5034000000,300,false,1.1
"HDG",101731,"/Date(1701659870000)/",27650,4000,181200,5006000000,300,false,1.1
"HDG",101712,"/Date(1701659851000)/",27650,1000,177200,4896000000,300,false,1.1
"HDG",101605,"/Date(1701659784000)/",27650,5000,176200,4868000000,300,false,1.1
"HDG",101427,"/Date(1701659685000)/",27700,1300,171200,4730000000,350,false,1.28
"HDG",101311,"/Date(1701659607000)/",27650,200,169900,4694000000,300,false,1.1
"HDG",101311,"/Date(1701659607000)/",27650,1000,169700,4688000000,300,false,1.1
"HDG",101311,"/Date(1701659607000)/",27650,200,168700,4661000000,300,false,1.1
"HDG",101311,"/Date(1701659607000)/",27650,200,168500,4655000000,300,false,1.1
"HDG",101311,"/Date(1701659607000)/",27650,100,168300,4650000000,300,false,1.1
"HDG",101311,"/Date(1701659607000)/",27600,300,168200,4647000000,250,true,0.91
"HDG",101213,"/Date(1701659551000)/",27600,500,167900,4639000000,250,true,0.91
"HDG",101038,"/Date(1701659456000)/",27600,2000,167400,4625000000,250,true,0.91
"HDG",101035,"/Date(1701659451000)/",27600,500,165400,4570000000,250,true,0.91
"HDG",101010,"/Date(1701659428000)/",27600,400,164900,4556000000,250,false,0.91
"HDG",101010,"/Date(1701659426000)/",27600,100,164500,4545000000,250,false,0.91
"HDG",100925,"/Date(1701659383000)/",27600,4000,164400,4542000000,250,false,0.91
"HDG",100841,"/Date(1701659339000)/",27600,400,160400,4432000000,250,true,0.91
"HDG",100841,"/Date(1701659339000)/",27600,1000,160000,4420000000,250,true,0.91
"HDG",100841,"/Date(1701659339000)/",27600,1000,159000,4393000000,250,true,0.91
"HDG",100841,"/Date(1701659339000)/",27600,1000,158000,4365000000,250,true,0.91
"HDG",100841,"/Date(1701659339000)/",27600,200,157000,4338000000,250,true,0.91
"HDG",100841,"/Date(1701659339000)/",27600,300,156800,4332000000,250,true,0.91
"HDG",100821,"/Date(1701659320000)/",27600,1000,156500,4324000000,250,true,0.91
"HDG",100511,"/Date(1701659128000)/",27600,800,155500,4296000000,250,true,0.91
"HDG",100455,"/Date(1701659111000)/",27600,300,154700,4274000000,250,true,0.91
"HDG",100348,"/Date(1701659045000)/",27600,100,154400,4266000000,250,true,0.91
"HDG",100232,"/Date(1701658969000)/",27600,2500,154300,4263000000,250,true,0.91
"HDG",100232,"/Date(1701658969000)/",27600,500,151800,4194000000,250,true,0.91
"HDG",100232,"/Date(1701658969000)/",27600,200,151300,4180000000,250,true,0.91
"HDG",100232,"/Date(1701658969000)/",27600,4800,151100,4175000000,250,true,0.91
"HDG",100226,"/Date(1701658964000)/",27600,200,146300,4042000000,250,true,0.91
"HDG",100226,"/Date(1701658964000)/",27600,100,146100,4037000000,250,true,0.91
"HDG",100025,"/Date(1701658840000)/",27650,5000,146000,4034000000,300,false,1.1
"HDG",100025,"/Date(1701658840000)/",27650,3000,141000,3896000000,300,false,1.1
"HDG",100025,"/Date(1701658840000)/",27650,2000,138000,3813000000,300,false,1.1
"HDG",100025,"/Date(1701658840000)/",27650,4000,136000,3758000000,300,false,1.1
"HDG",100025,"/Date(1701658840000)/",27650,1000,132000,3647000000,300,false,1.1
"HDG",100025,"/Date(1701658840000)/",27650,800,131000,3619000000,300,false,1.1
"HDG",100025,"/Date(1701658840000)/",27650,6200,130200,3597000000,300,false,1.1
"HDG",95902,"/Date(1701658760000)/",27700,200,124000,3426000000,350,false,1.28
"HDG",95815,"/Date(1701658712000)/",27700,100,123800,3420000000,350,false,1.28
"HDG",95507,"/Date(1701658522000)/",27700,1500,123700,3417000000,350,false,1.28
"HDG",95445,"/Date(1701658502000)/",27700,500,122200,3376000000,350,false,1.28
"HDG",95445,"/Date(1701658502000)/",27700,500,121700,3362000000,350,false,1.28
"HDG",95445,"/Date(1701658501000)/",27700,300,121200,3348000000,350,false,1.28
"HDG",95429,"/Date(1701658487000)/",27700,3000,120900,3340000000,350,false,1.28
"HDG",95413,"/Date(1701658470000)/",27650,1000,117900,3257000000,300,true,1.1
"HDG",95413,"/Date(1701658470000)/",27650,800,116900,3229000000,300,true,1.1
"HDG",95413,"/Date(1701658470000)/",27650,900,116100,3207000000,300,true,1.1
"HDG",95345,"/Date(1701658441000)/",27700,2000,115200,3182000000,350,false,1.28
"HDG",95254,"/Date(1701658391000)/",27700,500,113200,3127000000,350,false,1.28
"HDG",95131,"/Date(1701658309000)/",27700,100,112700,3113000000,350,true,1.28
"HDG",95115,"/Date(1701658290000)/",27700,100,112600,3110000000,350,true,1.28
"HDG",95115,"/Date(1701658290000)/",27700,900,112500,3107000000,350,true,1.28
"HDG",95028,"/Date(1701658244000)/",27700,1500,111600,3082000000,350,true,1.28
"HDG",95021,"/Date(1701658236000)/",27700,300,110100,3041000000,350,true,1.28
"HDG",94934,"/Date(1701658189000)/",27700,2500,109800,3033000000,350,true,1.28
"HDG",94840,"/Date(1701658136000)/",27700,500,107300,2963000000,350,true,1.28
"HDG",94834,"/Date(1701658130000)/",27700,600,106800,2949000000,350,false,1.28
"HDG",94834,"/Date(1701658130000)/",27700,1000,106200,2933000000,350,false,1.28
"HDG",94834,"/Date(1701658130000)/",27700,300,105200,2905000000,350,false,1.28
"HDG",94834,"/Date(1701658130000)/",27700,500,104900,2897000000,350,false,1.28
"HDG",94834,"/Date(1701658130000)/",27700,1000,104400,2883000000,350,false,1.28
"HDG",94834,"/Date(1701658130000)/",27700,100,103400,2855000000,350,false,1.28
"HDG",94834,"/Date(1701658130000)/",27700,10000,103300,2853000000,350,false,1.28
"HDG",94834,"/Date(1701658130000)/",27700,800,93300,2576000000,350,false,1.28
"HDG",94827,"/Date(1701658124000)/",27700,1800,92500,2553000000,350,false,1.28
"HDG",94827,"/Date(1701658124000)/",27700,1000,90700,2503000000,350,false,1.28
"HDG",94827,"/Date(1701658124000)/",27700,2000,89700,2476000000,350,false,1.28
"HDG",94827,"/Date(1701658124000)/",27700,200,87700,2420000000,350,false,1.28
"HDG",94827,"/Date(1701658124000)/",27700,400,87500,2415000000,350,false,1.28
"HDG",94702,"/Date(1701658037000)/",27700,600,87100,2404000000,350,false,1.28
"HDG",94702,"/Date(1701658037000)/",27700,2000,86500,2387000000,350,false,1.28
"HDG",94702,"/Date(1701658037000)/",27700,200,84500,2332000000,350,false,1.28
"HDG",94702,"/Date(1701658037000)/",27700,200,84300,2326000000,350,false,1.28
"HDG",94552,"/Date(1701657968000)/",27650,100,84100,2321000000,300,true,1.1
"HDG",94552,"/Date(1701657968000)/",27650,400,84000,2318000000,300,true,1.1
"HDG",94536,"/Date(1701657951000)/",27650,500,83600,2307000000,300,true,1.1
"HDG",94338,"/Date(1701657834000)/",27650,1000,83100,2293000000,300,true,1.1
"HDG",94335,"/Date(1701657830000)/",27650,800,82100,2265000000,300,true,1.1
"HDG",94332,"/Date(1701657826000)/",27650,600,81300,2243000000,300,false,1.1
"HDG",94332,"/Date(1701657826000)/",27650,700,80700,2227000000,300,false,1.1
"HDG",94332,"/Date(1701657826000)/",27650,500,80000,2207000000,300,false,1.1
"HDG",94332,"/Date(1701657826000)/",27650,100,79500,2193000000,300,false,1.1
"HDG",94332,"/Date(1701657826000)/",27650,100,79400,2191000000,300,false,1.1
"HDG",94128,"/Date(1701657703000)/",27650,400,79300,2188000000,300,true,1.1
"HDG",94128,"/Date(1701657703000)/",27650,300,78900,2177000000,300,true,1.1
"HDG",94128,"/Date(1701657703000)/",27650,1000,78600,2169000000,300,true,1.1
"HDG",94128,"/Date(1701657703000)/",27650,1000,77600,2141000000,300,true,1.1
"HDG",94128,"/Date(1701657703000)/",27650,2200,76600,2113000000,300,true,1.1
"HDG",94041,"/Date(1701657656000)/",27650,200,74400,2052000000,300,true,1.1
"HDG",94028,"/Date(1701657644000)/",27700,500,74200,2047000000,350,false,1.28
"HDG",93937,"/Date(1701657593000)/",27700,1300,73700,2033000000,350,false,1.28
"HDG",93517,"/Date(1701657330000)/",27700,1900,72400,1997000000,350,false,1.28
"HDG",93511,"/Date(1701657326000)/",27650,100,70500,1944000000,300,true,1.1
"HDG",93320,"/Date(1701657215000)/",27650,400,70400,1942000000,300,true,1.1
"HDG",93210,"/Date(1701657145000)/",27650,500,70000,1931000000,300,true,1.1
"HDG",93142,"/Date(1701657114000)/",27650,100,69500,1917000000,300,false,1.1
"HDG",93048,"/Date(1701657063000)/",27650,100,69400,1914000000,300,true,1.1
"HDG",93048,"/Date(1701657063000)/",27650,100,69300,1911000000,300,true,1.1
"HDG",93048,"/Date(1701657063000)/",27650,700,69200,1908000000,300,true,1.1
"HDG",93016,"/Date(1701657030000)/",27650,300,68500,1889000000,300,false,1.1
"HDG",92957,"/Date(1701657011000)/",27650,1700,68200,1881000000,300,true,1.1
"HDG",92906,"/Date(1701656959000)/",27700,100,66500,1834000000,350,false,1.28
"HDG",92854,"/Date(1701656948000)/",27700,200,66400,1831000000,350,false,1.28
"HDG",92844,"/Date(1701656937000)/",27700,500,66200,1826000000,350,true,1.28
