"Stockcode","Package","TradingDate","Price","Vol","TotalVol","TotalVal","Change","IsBuy","PerChange"
"HTN",144419,"/Date(1701675900000)/",16800,44200,1229100,20503000000,550,false,3.38
"HTN",142913,"/Date(1701674993000)/",16800,1900,1184900,19761000000,550,true,3.38
"HTN",142913,"/Date(1701674993000)/",16800,100,1183000,19729000000,550,true,3.38
"HTN",142913,"/Date(1701674993000)/",16800,1000,1182900,19727000000,550,true,3.38
"HTN",142913,"/Date(1701674993000)/",16800,200,1181900,19710000000,550,true,3.38
"HTN",142913,"/Date(1701674993000)/",16800,3000,1181700,19707000000,550,true,3.38
"HTN",142913,"/Date(1701674993000)/",16800,100,1178700,19657000000,550,true,3.38
"HTN",142913,"/Date(1701674993000)/",16800,800,1178600,19655000000,550,true,3.38
"HTN",142913,"/Date(1701674993000)/",16800,500,1177800,19641000000,550,true,3.38
"HTN",142913,"/Date(1701674993000)/",16800,2400,1177300,19633000000,550,true,3.38
"HTN",142910,"/Date(1701674989000)/",16800,700,1174900,19593000000,550,true,3.38
"HTN",142910,"/Date(1701674989000)/",16800,1000,1174200,19581000000,550,true,3.38
"HTN",142910,"/Date(1701674989000)/",16800,100,1173200,19564000000,550,true,3.38
"HTN",142910,"/Date(1701674989000)/",16800,200,1173100,19563000000,550,true,3.38
"HTN",142906,"/Date(1701674989000)/",16850,3000,1172900,19559000000,600,false,3.69
"HTN",142906,"/Date(1701674989000)/",16850,500,1169900,19509000000,600,false,3.69
"HTN",142906,"/Date(1701674989000)/",16850,500,1169400,19500000000,600,false,3.69
"HTN",142906,"/Date(1701674989000)/",16850,3000,1168900,19492000000,600,false,3.69
"HTN",142906,"/Date(1701674989000)/",16850,100,1165900,19441000000,600,false,3.69
"HTN",142903,"/Date(1701674984000)/",16800,100,1165800,19440000000,550,true,3.38
"HTN",142850,"/Date(1701674972000)/",16800,100,1165700,19438000000,550,true,3.38
"HTN",142831,"/Date(1701674953000)/",16800,300,1165600,19436000000,550,true,3.38
"HTN",142831,"/Date(1701674952000)/",16800,300,1165300,19431000000,550,true,3.38
"HTN",142831,"/Date(1701674952000)/",16800,200,1165000,19426000000,550,true,3.38
"HTN",142756,"/Date(1701674918000)/",16800,500,1164800,19423000000,550,true,3.38
"HTN",142753,"/Date(1701674915000)/",16800,1300,1164300,19414000000,550,true,3.38
"HTN",142753,"/Date(1701674915000)/",16800,700,1163000,19393000000,550,true,3.38
"HTN",142708,"/Date(1701674870000)/",16850,100,1162300,19381000000,600,false,3.69
"HTN",142658,"/Date(1701674860000)/",16800,300,1162200,19379000000,550,true,3.38
"HTN",142658,"/Date(1701674860000)/",16800,1700,1161900,19374000000,550,true,3.38
"HTN",142655,"/Date(1701674857000)/",16850,500,1160200,19345000000,600,true,3.69
"HTN",142655,"/Date(1701674857000)/",16850,500,1159700,19337000000,600,true,3.69
"HTN",142655,"/Date(1701674857000)/",16850,900,1159200,19329000000,600,true,3.69
"HTN",142652,"/Date(1701674854000)/",16850,200,1158300,19313000000,600,true,3.69
"HTN",142652,"/Date(1701674851000)/",16850,100,1158100,19310000000,600,true,3.69
"HTN",142642,"/Date(1701674843000)/",16850,100,1158000,19308000000,600,true,3.69
"HTN",142633,"/Date(1701674833000)/",16850,900,1157900,19307000000,600,true,3.69
"HTN",142630,"/Date(1701674832000)/",16850,1000,1157000,19292000000,600,true,3.69
"HTN",142554,"/Date(1701674794000)/",16850,100,1156000,19275000000,600,true,3.69
"HTN",142450,"/Date(1701674732000)/",16850,1700,1155900,19273000000,600,false,3.69
"HTN",142418,"/Date(1701674698000)/",16850,400,1154200,19244000000,600,true,3.69
"HTN",142418,"/Date(1701674698000)/",16850,100,1153800,19238000000,600,true,3.69
"HTN",142418,"/Date(1701674698000)/",16850,800,1153700,19236000000,600,true,3.69
"HTN",142418,"/Date(1701674698000)/",16850,5000,1152900,19222000000,600,true,3.69
"HTN",142418,"/Date(1701674698000)/",16850,2000,1147900,19138000000,600,true,3.69
"HTN",142359,"/Date(1701674679000)/",16900,200,1145900,19105000000,650,false,4
"HTN",142346,"/Date(1701674667000)/",16900,500,1145700,19101000000,650,false,4
"HTN",142340,"/Date(1701674660000)/",16850,2000,1145200,19093000000,600,true,3.69
"HTN",142330,"/Date(1701674651000)/",16900,500,1143200,19059000000,650,false,4
"HTN",142252,"/Date(1701674613000)/",16900,500,1142700,19051000000,650,true,4
"HTN",142252,"/Date(1701674613000)/",16900,1000,1142200,19042000000,650,true,4
"HTN",142252,"/Date(1701674613000)/",16900,100,1141200,19025000000,650,true,4
"HTN",142252,"/Date(1701674613000)/",16900,100,1141100,19023000000,650,true,4
"HTN",142252,"/Date(1701674613000)/",16900,100,1141000,19022000000,650,true,4
"HTN",142239,"/Date(1701674599000)/",16900,500,1140900,19020000000,650,true,4
"HTN",142233,"/Date(1701674593000)/",16900,4400,1140400,19012000000,650,true,4
"HTN",142233,"/Date(1701674593000)/",16900,600,1136000,18937000000,650,true,4
"HTN",142213,"/Date(1701674575000)/",16900,9400,1135400,18927000000,650,true,4
"HTN",142213,"/Date(1701674575000)/",16900,200,1126000,18768000000,650,true,4
"HTN",142213,"/Date(1701674575000)/",16900,200,1125800,18765000000,650,true,4
"HTN",142213,"/Date(1701674575000)/",16900,200,1125600,18762000000,650,true,4
"HTN",142207,"/Date(1701674568000)/",16900,300,1125400,18758000000,650,true,4
"HTN",142207,"/Date(1701674568000)/",16900,2700,1125100,18753000000,650,true,4
"HTN",142141,"/Date(1701674542000)/",16900,2000,1122400,18707000000,650,true,4
"HTN",142125,"/Date(1701674525000)/",16950,300,1120400,18674000000,700,false,4.31
"HTN",142103,"/Date(1701674502000)/",16950,2900,1120100,18669000000,700,false,4.31
"HTN",142103,"/Date(1701674502000)/",16950,500,1117200,18619000000,700,false,4.31
"HTN",142103,"/Date(1701674502000)/",16950,3900,1116700,18611000000,700,false,4.31
"HTN",142050,"/Date(1701674490000)/",16950,100,1112800,18545000000,700,true,4.31
"HTN",142024,"/Date(1701674464000)/",16950,100,1112700,18543000000,700,true,4.31
"HTN",142024,"/Date(1701674464000)/",16950,100,1112600,18541000000,700,true,4.31
"HTN",142024,"/Date(1701674464000)/",16950,500,1112500,18540000000,700,true,4.31
"HTN",142024,"/Date(1701674464000)/",16950,2000,1112000,18531000000,700,true,4.31
"HTN",142024,"/Date(1701674464000)/",16950,2300,1110000,18497000000,700,true,4.31
"HTN",142018,"/Date(1701674459000)/",16950,1000,1107700,18458000000,700,false,4.31
"HTN",142018,"/Date(1701674458000)/",16900,300,1106700,18441000000,650,true,4
"HTN",142018,"/Date(1701674458000)/",16900,1000,1106400,18436000000,650,true,4
"HTN",142018,"/Date(1701674458000)/",16900,2000,1105400,18419000000,650,true,4
"HTN",142018,"/Date(1701674458000)/",16900,400,1103400,18386000000,650,true,4
"HTN",142018,"/Date(1701674458000)/",16900,100,1103000,18379000000,650,true,4
"HTN",142018,"/Date(1701674458000)/",16900,100,1102900,18377000000,650,true,4
"HTN",142018,"/Date(1701674458000)/",16900,100,1102800,18376000000,650,true,4
"HTN",141858,"/Date(1701674378000)/",16950,500,1102700,18374000000,700,false,4.31
"HTN",141845,"/Date(1701674364000)/",16950,500,1102200,18365000000,700,false,4.31
"HTN",141823,"/Date(1701674343000)/",16950,2400,1101700,18357000000,700,false,4.31
"HTN",141810,"/Date(1701674329000)/",16950,800,1099300,18316000000,700,false,4.31
"HTN",141754,"/Date(1701674313000)/",16950,3100,1098500,18303000000,700,false,4.31
"HTN",141754,"/Date(1701674313000)/",16950,200,1095400,18250000000,700,false,4.31
"HTN",141754,"/Date(1701674313000)/",16950,1100,1095200,18247000000,700,false,4.31
"HTN",141719,"/Date(1701674274000)/",16950,300,1094100,18228000000,700,true,4.31
"HTN",141719,"/Date(1701674274000)/",16950,500,1093800,18223000000,700,true,4.31
"HTN",141719,"/Date(1701674274000)/",16950,1500,1093300,18215000000,700,true,4.31
"HTN",141719,"/Date(1701674274000)/",16950,500,1091800,18189000000,700,true,4.31
"HTN",141719,"/Date(1701674274000)/",16950,500,1091300,18181000000,700,true,4.31
"HTN",141546,"/Date(1701674186000)/",16950,1000,1090800,18172000000,700,false,4.31
"HTN",141546,"/Date(1701674186000)/",16950,100,1089800,18155000000,700,false,4.31
"HTN",141546,"/Date(1701674186000)/",16950,400,1089700,18153000000,700,false,4.31
"HTN",141514,"/Date(1701674154000)/",16950,500,1089300,18147000000,700,false,4.31
"HTN",141507,"/Date(1701674147000)/",16950,300,1088800,18138000000,700,false,4.31
"HTN",141507,"/Date(1701674147000)/",16950,700,1088500,18133000000,700,false,4.31
"HTN",141504,"/Date(1701674146000)/",16950,100,1087800,18121000000,700,false,4.31
"HTN",141501,"/Date(1701674141000)/",16950,200,1087700,18120000000,700,false,4.31
"HTN",141501,"/Date(1701674141000)/",16950,2500,1087500,18116000000,700,false,4.31
"HTN",141416,"/Date(1701674095000)/",16950,1000,1085000,18074000000,700,false,4.31
"HTN",141407,"/Date(1701674086000)/",16950,11000,1084000,18057000000,700,false,4.31
"HTN",141407,"/Date(1701674086000)/",16950,1900,1073000,17870000000,700,false,4.31
"HTN",141407,"/Date(1701674086000)/",16950,200,1071100,17838000000,700,false,4.31
"HTN",141407,"/Date(1701674086000)/",16950,2900,1070900,17835000000,700,false,4.31
"HTN",141407,"/Date(1701674086000)/",16950,500,1068000,17786000000,700,false,4.31
"HTN",141328,"/Date(1701674048000)/",16950,1000,1067500,17777000000,700,false,4.31
"HTN",141328,"/Date(1701674048000)/",16950,200,1066500,17760000000,700,false,4.31
"HTN",141328,"/Date(1701674048000)/",16950,900,1066300,17757000000,700,false,4.31
"HTN",141256,"/Date(1701674016000)/",16950,300,1065400,17742000000,700,false,4.31
"HTN",141256,"/Date(1701674016000)/",16950,1700,1065100,17737000000,700,false,4.31
"HTN",141237,"/Date(1701673996000)/",16950,2300,1063400,17708000000,700,true,4.31
"HTN",141237,"/Date(1701673996000)/",16950,1000,1061100,17669000000,700,true,4.31
"HTN",141130,"/Date(1701673928000)/",16950,600,1060100,17652000000,700,true,4.31
"HTN",141055,"/Date(1701673894000)/",17000,500,1059500,17642000000,750,false,4.62
"HTN",141049,"/Date(1701673889000)/",16950,400,1059000,17633000000,700,true,4.31
"HTN",141049,"/Date(1701673889000)/",16950,600,1058600,17626000000,700,true,4.31
"HTN",141049,"/Date(1701673887000)/",16950,200,1058000,17616000000,700,true,4.31
"HTN",141049,"/Date(1701673887000)/",16950,100,1057800,17613000000,700,true,4.31
"HTN",141049,"/Date(1701673887000)/",16950,700,1057700,17611000000,700,true,4.31
"HTN",141036,"/Date(1701673874000)/",17000,200,1057000,17599000000,750,false,4.62
"HTN",141007,"/Date(1701673848000)/",16950,1000,1056800,17596000000,700,true,4.31
"HTN",140913,"/Date(1701673792000)/",16950,1000,1055800,17579000000,700,true,4.31
"HTN",140834,"/Date(1701673755000)/",16950,500,1054800,17562000000,700,true,4.31
"HTN",140831,"/Date(1701673749000)/",16950,400,1054300,17553000000,700,true,4.31
"HTN",140831,"/Date(1701673749000)/",16950,600,1053900,17547000000,700,true,4.31
"HTN",140809,"/Date(1701673727000)/",17000,300,1053300,17536000000,750,false,4.62
"HTN",140809,"/Date(1701673727000)/",17000,400,1053000,17531000000,750,false,4.62
"HTN",140809,"/Date(1701673727000)/",17000,100,1052600,17525000000,750,false,4.62
"HTN",140809,"/Date(1701673727000)/",17000,1000,1052500,17523000000,750,false,4.62
"HTN",140809,"/Date(1701673727000)/",17000,1000,1051500,17506000000,750,false,4.62
"HTN",140809,"/Date(1701673727000)/",17000,100,1050500,17489000000,750,false,4.62
"HTN",140727,"/Date(1701673687000)/",17000,100,1050400,17487000000,750,false,4.62
"HTN",140727,"/Date(1701673687000)/",17000,200,1050300,17485000000,750,false,4.62
"HTN",140727,"/Date(1701673686000)/",16950,100,1050100,17482000000,700,true,4.31
"HTN",140714,"/Date(1701673673000)/",16950,100,1050000,17480000000,700,false,4.31
"HTN",140714,"/Date(1701673673000)/",16950,400,1049900,17479000000,700,false,4.31
"HTN",140714,"/Date(1701673673000)/",16950,100,1049500,17472000000,700,false,4.31
"HTN",140714,"/Date(1701673673000)/",16950,100,1049400,17470000000,700,false,4.31
"HTN",140714,"/Date(1701673673000)/",16950,1000,1049300,17469000000,700,false,4.31
"HTN",140714,"/Date(1701673673000)/",16950,200,1048300,17452000000,700,false,4.31
"HTN",140714,"/Date(1701673673000)/",16950,100,1048100,17448000000,700,false,4.31
"HTN",140714,"/Date(1701673673000)/",16950,500,1048000,17446000000,700,false,4.31
"HTN",140714,"/Date(1701673673000)/",16950,100,1047500,17438000000,700,false,4.31
"HTN",140714,"/Date(1701673673000)/",16950,100,1047400,17436000000,700,false,4.31
"HTN",140714,"/Date(1701673673000)/",16950,200,1047300,17435000000,700,false,4.31
"HTN",140714,"/Date(1701673673000)/",16950,100,1047100,17431000000,700,false,4.31
"HTN",140714,"/Date(1701673673000)/",16950,100,1047000,17430000000,700,false,4.31
"HTN",140714,"/Date(1701673673000)/",16950,200,1046900,17428000000,700,false,4.31
"HTN",140714,"/Date(1701673673000)/",16950,100,1046700,17424000000,700,false,4.31
"HTN",140714,"/Date(1701673673000)/",16950,200,1046600,17423000000,700,false,4.31
"HTN",140714,"/Date(1701673673000)/",16950,100,1046400,17419000000,700,false,4.31
"HTN",140714,"/Date(1701673673000)/",16950,600,1046300,17418000000,700,false,4.31
"HTN",140636,"/Date(1701673636000)/",16950,300,1045700,17407000000,700,false,4.31
"HTN",140610,"/Date(1701673608000)/",16950,200,1045400,17402000000,700,false,4.31
"HTN",140551,"/Date(1701673590000)/",16950,100,1045200,17399000000,700,false,4.31
"HTN",140526,"/Date(1701673564000)/",16900,3000,1045100,17397000000,650,true,4
"HTN",140409,"/Date(1701673488000)/",16900,700,1042100,17347000000,650,true,4
"HTN",140409,"/Date(1701673488000)/",16900,1000,1041400,17335000000,650,true,4
"HTN",140409,"/Date(1701673488000)/",16900,200,1040400,17318000000,650,true,4
"HTN",140356,"/Date(1701673476000)/",16850,700,1040200,17315000000,600,true,3.69
"HTN",140340,"/Date(1701673458000)/",16900,1000,1039500,17303000000,650,false,4
"HTN",140331,"/Date(1701673448000)/",16900,800,1038500,17286000000,650,false,4
"HTN",140331,"/Date(1701673448000)/",16900,800,1037700,17272000000,650,false,4
"HTN",140331,"/Date(1701673448000)/",16900,100,1036900,17259000000,650,false,4
"HTN",140331,"/Date(1701673448000)/",16900,100,1036800,17257000000,650,false,4
"HTN",140331,"/Date(1701673448000)/",16900,1000,1036700,17255000000,650,false,4
"HTN",140331,"/Date(1701673448000)/",16900,100,1035700,17238000000,650,false,4
"HTN",140331,"/Date(1701673448000)/",16900,100,1035600,17237000000,650,false,4
"HTN",140331,"/Date(1701673448000)/",16900,500,1035500,17235000000,650,false,4
"HTN",140331,"/Date(1701673448000)/",16900,2000,1035000,17227000000,650,false,4
"HTN",140331,"/Date(1701673448000)/",16900,1000,1033000,17193000000,650,false,4
"HTN",140321,"/Date(1701673440000)/",16900,2000,1032000,17176000000,650,false,4
"HTN",140318,"/Date(1701673438000)/",16900,2000,1030000,17142000000,650,false,4
"HTN",140311,"/Date(1701673431000)/",16900,1100,1028000,17108000000,650,false,4
"HTN",140311,"/Date(1701673429000)/",16900,300,1026900,17090000000,650,false,4
"HTN",140305,"/Date(1701673423000)/",16900,10000,1026600,17085000000,650,false,4
"HTN",140252,"/Date(1701673412000)/",16900,4700,1016600,16916000000,650,false,4
"HTN",140249,"/Date(1701673407000)/",16900,2000,1011900,16836000000,650,false,4
"HTN",140239,"/Date(1701673399000)/",16900,2400,1009900,16802000000,650,false,4
"HTN",140223,"/Date(1701673382000)/",16900,5000,1007500,16762000000,650,false,4
"HTN",140207,"/Date(1701673365000)/",16900,500,1002500,16677000000,650,false,4
"HTN",140132,"/Date(1701673329000)/",16850,300,1002000,16669000000,600,true,3.69
"HTN",140132,"/Date(1701673329000)/",16850,100,1001700,16664000000,600,true,3.69
"HTN",140126,"/Date(1701673323000)/",16900,17800,1001600,16662000000,650,false,4
"HTN",140003,"/Date(1701673242000)/",16900,400,983800,16361000000,650,false,4
"HTN",140003,"/Date(1701673242000)/",16900,1000,983400,16355000000,650,false,4
"HTN",140003,"/Date(1701673242000)/",16900,500,982400,16338000000,650,false,4
"HTN",140003,"/Date(1701673242000)/",16900,300,981900,16329000000,650,false,4
"HTN",140003,"/Date(1701673242000)/",16900,1000,981600,16324000000,650,false,4
"HTN",140003,"/Date(1701673242000)/",16900,1800,980600,16307000000,650,false,4
"HTN",135947,"/Date(1701673227000)/",16900,100,978800,16277000000,650,false,4
"HTN",135902,"/Date(1701673181000)/",16900,300,978700,16275000000,650,false,4
"HTN",135846,"/Date(1701673165000)/",16900,1000,978400,16270000000,650,false,4
"HTN",135840,"/Date(1701673158000)/",16900,600,977400,16253000000,650,false,4
"HTN",135755,"/Date(1701673114000)/",16900,2200,976800,16243000000,650,false,4
"HTN",135755,"/Date(1701673114000)/",16900,100,974600,16206000000,650,false,4
"HTN",135755,"/Date(1701673114000)/",16900,100,974500,16204000000,650,false,4
"HTN",135755,"/Date(1701673114000)/",16900,200,974400,16203000000,650,false,4
"HTN",135755,"/Date(1701673114000)/",16900,400,974200,16199000000,650,false,4
"HTN",135713,"/Date(1701673072000)/",16900,100,973800,16192000000,650,false,4
"HTN",135553,"/Date(1701672993000)/",16850,300,973700,16191000000,600,true,3.69
"HTN",135537,"/Date(1701672976000)/",16850,4600,973400,16186000000,600,true,3.69
"HTN",135537,"/Date(1701672976000)/",16850,400,968800,16108000000,600,true,3.69
"HTN",135226,"/Date(1701672783000)/",16850,100,968400,16101000000,600,false,3.69
"HTN",135043,"/Date(1701672681000)/",16800,100,968300,16100000000,550,true,3.38
"HTN",135043,"/Date(1701672680000)/",16850,600,968200,16098000000,600,false,3.69
"HTN",134958,"/Date(1701672637000)/",16850,400,967600,16088000000,600,false,3.69
"HTN",134949,"/Date(1701672626000)/",16850,1000,967200,16081000000,600,true,3.69
"HTN",134946,"/Date(1701672622000)/",16850,100,966200,16064000000,600,false,3.69
"HTN",134946,"/Date(1701672622000)/",16850,900,966100,16063000000,600,false,3.69
"HTN",134946,"/Date(1701672622000)/",16850,100,965200,16047000000,600,false,3.69
"HTN",134946,"/Date(1701672622000)/",16850,900,965100,16046000000,600,false,3.69
"HTN",134858,"/Date(1701672574000)/",16850,100,964200,16031000000,600,false,3.69
"HTN",134858,"/Date(1701672574000)/",16850,400,964100,16029000000,600,false,3.69
"HTN",134810,"/Date(1701672528000)/",16800,200,963700,16022000000,550,true,3.38
"HTN",134810,"/Date(1701672527000)/",16850,600,963500,16019000000,600,false,3.69
"HTN",134757,"/Date(1701672514000)/",16850,1400,962900,16009000000,600,true,3.69
"HTN",134747,"/Date(1701672505000)/",16850,100,961500,15985000000,600,true,3.69
"HTN",134728,"/Date(1701672486000)/",16850,100,961400,15983000000,600,true,3.69
"HTN",134725,"/Date(1701672482000)/",16850,5500,961300,15982000000,600,true,3.69
"HTN",134722,"/Date(1701672479000)/",16850,300,955800,15889000000,600,false,3.69
"HTN",134659,"/Date(1701672456000)/",16850,1000,955500,15884000000,600,false,3.69
"HTN",134647,"/Date(1701672444000)/",16850,1000,954500,15867000000,600,true,3.69
"HTN",134647,"/Date(1701672444000)/",16850,4700,953500,15850000000,600,true,3.69
"HTN",134523,"/Date(1701672361000)/",16850,100,948800,15771000000,600,true,3.69
"HTN",134504,"/Date(1701672343000)/",16850,100,948700,15769000000,600,false,3.69
"HTN",134504,"/Date(1701672343000)/",16850,100,948600,15768000000,600,false,3.69
"HTN",134423,"/Date(1701672301000)/",16850,300,948500,15766000000,600,false,3.69
"HTN",134400,"/Date(1701672276000)/",16850,600,948200,15761000000,600,true,3.69
"HTN",134344,"/Date(1701672262000)/",16850,100,947600,15751000000,600,true,3.69
"HTN",134332,"/Date(1701672250000)/",16850,100,947500,15749000000,600,true,3.69
"HTN",134328,"/Date(1701672244000)/",16850,100,947400,15748000000,600,true,3.69
"HTN",134244,"/Date(1701672201000)/",16850,100,947300,15746000000,600,false,3.69
"HTN",134244,"/Date(1701672201000)/",16850,500,947200,15744000000,600,false,3.69
"HTN",134225,"/Date(1701672183000)/",16850,1000,946700,15736000000,600,true,3.69
"HTN",134225,"/Date(1701672183000)/",16850,100,945700,15719000000,600,true,3.69
"HTN",134225,"/Date(1701672183000)/",16850,2400,945600,15717000000,600,true,3.69
"HTN",134225,"/Date(1701672180000)/",16850,7600,943200,15677000000,600,true,3.69
"HTN",134225,"/Date(1701672180000)/",16850,2400,935600,15549000000,600,true,3.69
"HTN",134215,"/Date(1701672170000)/",16850,1000,933200,15508000000,600,true,3.69
"HTN",134209,"/Date(1701672165000)/",16850,100,932200,15491000000,600,true,3.69
"HTN",134127,"/Date(1701672125000)/",16850,500,932100,15490000000,600,true,3.69
"HTN",134127,"/Date(1701672125000)/",16850,2900,931600,15481000000,600,true,3.69
"HTN",134127,"/Date(1701672125000)/",16850,100,928700,15432000000,600,true,3.69
"HTN",134023,"/Date(1701672060000)/",16850,500,928600,15431000000,600,true,3.69
"HTN",133922,"/Date(1701672000000)/",16900,100,928100,15422000000,650,false,4
"HTN",133834,"/Date(1701671950000)/",16850,100,928000,15421000000,600,true,3.69
"HTN",133834,"/Date(1701671950000)/",16850,300,927900,15419000000,600,true,3.69
"HTN",133831,"/Date(1701671948000)/",16850,700,927600,15414000000,600,false,3.69
"HTN",133831,"/Date(1701671948000)/",16850,1300,926900,15402000000,600,false,3.69
"HTN",133831,"/Date(1701671948000)/",16850,500,925600,15380000000,600,false,3.69
"HTN",133831,"/Date(1701671948000)/",16850,100,925100,15372000000,600,false,3.69
"HTN",133831,"/Date(1701671948000)/",16850,2400,925000,15370000000,600,false,3.69
"HTN",133812,"/Date(1701671929000)/",16850,1000,922600,15330000000,600,false,3.69
"HTN",133803,"/Date(1701671920000)/",16800,400,921600,15313000000,550,true,3.38
"HTN",133803,"/Date(1701671919000)/",16800,100,921200,15306000000,550,true,3.38
"HTN",133803,"/Date(1701671919000)/",16800,2700,921100,15304000000,550,true,3.38
"HTN",133753,"/Date(1701671910000)/",16800,1000,918400,15259000000,550,true,3.38
"HTN",133750,"/Date(1701671905000)/",16800,1000,917400,15242000000,550,false,3.38
"HTN",133750,"/Date(1701671905000)/",16800,200,916400,15225000000,550,false,3.38
"HTN",133750,"/Date(1701671905000)/",16800,100,916200,15222000000,550,false,3.38
"HTN",133734,"/Date(1701671891000)/",16800,100,916100,15220000000,550,false,3.38
"HTN",133649,"/Date(1701671845000)/",16800,200,916000,15219000000,550,false,3.38
"HTN",133538,"/Date(1701671773000)/",16800,1500,915800,15215000000,550,true,3.38
"HTN",133538,"/Date(1701671773000)/",16800,200,914300,15190000000,550,true,3.38
"HTN",133538,"/Date(1701671773000)/",16800,200,914100,15187000000,550,true,3.38
"HTN",133538,"/Date(1701671773000)/",16800,100,913900,15183000000,550,true,3.38
"HTN",133538,"/Date(1701671773000)/",16800,2500,913800,15182000000,550,true,3.38
"HTN",133538,"/Date(1701671773000)/",16800,300,911300,15140000000,550,true,3.38
"HTN",133529,"/Date(1701671764000)/",16850,100,911000,15135000000,600,false,3.69
"HTN",133526,"/Date(1701671763000)/",16800,300,910900,15133000000,550,true,3.38
"HTN",133526,"/Date(1701671763000)/",16800,100,910600,15128000000,550,true,3.38
"HTN",133526,"/Date(1701671763000)/",16800,100,910500,15126000000,550,true,3.38
"HTN",133503,"/Date(1701671739000)/",16800,100,910400,15125000000,550,true,3.38
"HTN",133454,"/Date(1701671731000)/",16800,1300,910300,15123000000,550,true,3.38
"HTN",133454,"/Date(1701671731000)/",16800,200,909000,15101000000,550,true,3.38
"HTN",133454,"/Date(1701671731000)/",16800,2000,908800,15098000000,550,true,3.38
"HTN",133454,"/Date(1701671731000)/",16800,200,906800,15064000000,550,true,3.38
"HTN",133454,"/Date(1701671731000)/",16800,1000,906600,15061000000,550,true,3.38
"HTN",133454,"/Date(1701671731000)/",16800,300,905600,15044000000,550,true,3.38
"HTN",133451,"/Date(1701671726000)/",16800,4000,905300,15039000000,550,true,3.38
"HTN",133444,"/Date(1701671720000)/",16800,700,901300,14972000000,550,true,3.38
"HTN",133444,"/Date(1701671720000)/",16800,900,900600,14960000000,550,true,3.38
"HTN",133441,"/Date(1701671717000)/",16800,4800,899700,14945000000,550,true,3.38
"HTN",133441,"/Date(1701671717000)/",16800,100,894900,14864000000,550,true,3.38
"HTN",133441,"/Date(1701671717000)/",16800,100,894800,14863000000,550,true,3.38
"HTN",133041,"/Date(1701671477000)/",16800,2000,894700,14861000000,550,true,3.38
"HTN",132847,"/Date(1701671362000)/",16800,100,892700,14827000000,550,true,3.38
"HTN",132714,"/Date(1701671269000)/",16800,1000,892600,14826000000,550,true,3.38
"HTN",132623,"/Date(1701671219000)/",16800,100,891600,14809000000,550,true,3.38
"HTN",132557,"/Date(1701671194000)/",16800,100,891500,14807000000,550,true,3.38
"HTN",132545,"/Date(1701671181000)/",16850,500,891400,14805000000,600,false,3.69
"HTN",132522,"/Date(1701671158000)/",16800,400,890900,14797000000,550,true,3.38
"HTN",132522,"/Date(1701671158000)/",16800,900,890500,14790000000,550,true,3.38
"HTN",132522,"/Date(1701671158000)/",16800,500,889600,14775000000,550,true,3.38
"HTN",132522,"/Date(1701671158000)/",16800,1200,889100,14767000000,550,true,3.38
"HTN",132522,"/Date(1701671157000)/",16850,500,887900,14747000000,600,true,3.69
"HTN",132522,"/Date(1701671157000)/",16850,400,887400,14738000000,600,true,3.69
"HTN",132522,"/Date(1701671157000)/",16850,100,887000,14731000000,600,true,3.69
"HTN",132418,"/Date(1701671093000)/",16850,1000,886900,14730000000,600,false,3.69
"HTN",132359,"/Date(1701671076000)/",16850,100,885900,14713000000,600,false,3.69
"HTN",132359,"/Date(1701671076000)/",16850,400,885800,14711000000,600,false,3.69
"HTN",132359,"/Date(1701671076000)/",16850,500,885400,14705000000,600,false,3.69
"HTN",132359,"/Date(1701671075000)/",16850,5000,884900,14696000000,600,false,3.69
"HTN",132353,"/Date(1701671069000)/",16850,5000,879900,14612000000,600,true,3.69
"HTN",132243,"/Date(1701670999000)/",16850,200,874900,14528000000,600,true,3.69
"HTN",132152,"/Date(1701670947000)/",16900,300,874700,14524000000,650,true,4
"HTN",132152,"/Date(1701670947000)/",16900,600,874400,14519000000,650,true,4
"HTN",132145,"/Date(1701670940000)/",16900,2000,873800,14509000000,650,true,4
"HTN",132107,"/Date(1701670901000)/",16900,1000,871800,14475000000,650,true,4
"HTN",132042,"/Date(1701670875000)/",16900,1000,870800,14458000000,650,true,4
"HTN",132042,"/Date(1701670875000)/",16900,400,869800,14441000000,650,true,4
"HTN",132029,"/Date(1701670863000)/",16900,100,869400,14435000000,650,false,4
"HTN",132029,"/Date(1701670863000)/",16900,200,869300,14433000000,650,false,4
"HTN",132026,"/Date(1701670862000)/",16900,300,869100,14430000000,650,false,4
"HTN",132000,"/Date(1701670835000)/",16900,500,868800,14425000000,650,true,4
"HTN",132000,"/Date(1701670834000)/",16900,100,868300,14416000000,650,true,4
"HTN",132000,"/Date(1701670834000)/",16900,500,868200,14414000000,650,true,4
"HTN",132000,"/Date(1701670834000)/",16900,400,867700,14406000000,650,true,4
"HTN",131938,"/Date(1701670814000)/",16900,1200,867300,14399000000,650,true,4
"HTN",131938,"/Date(1701670814000)/",16900,1000,866100,14379000000,650,true,4
"HTN",131938,"/Date(1701670814000)/",16900,800,865100,14362000000,650,true,4
"HTN",131931,"/Date(1701670805000)/",16900,200,864300,14348000000,650,true,4
"HTN",131915,"/Date(1701670791000)/",16950,300,864100,14345000000,700,false,4.31
"HTN",131912,"/Date(1701670787000)/",16900,1000,863800,14340000000,650,true,4
"HTN",131853,"/Date(1701670768000)/",16900,1400,862800,14323000000,650,true,4
"HTN",131853,"/Date(1701670768000)/",16900,700,861400,14299000000,650,true,4
"HTN",131853,"/Date(1701670768000)/",16900,400,860700,14288000000,650,true,4
"HTN",131831,"/Date(1701670747000)/",16900,200,860300,14281000000,650,true,4
"HTN",131733,"/Date(1701670690000)/",16900,100,860100,14277000000,650,true,4
"HTN",131721,"/Date(1701670674000)/",16900,100,860000,14276000000,650,true,4
"HTN",131701,"/Date(1701670655000)/",16900,100,859900,14274000000,650,true,4
"HTN",131701,"/Date(1701670655000)/",16900,100,859800,14272000000,650,true,4
"HTN",131701,"/Date(1701670655000)/",16900,1000,859700,14271000000,650,true,4
"HTN",131645,"/Date(1701670639000)/",16900,100,858700,14254000000,650,false,4
"HTN",131645,"/Date(1701670639000)/",16900,200,858600,14252000000,650,false,4
"HTN",131645,"/Date(1701670639000)/",16900,1700,858400,14249000000,650,false,4
"HTN",131623,"/Date(1701670617000)/",16850,4800,856700,14220000000,600,true,3.69
"HTN",131623,"/Date(1701670617000)/",16850,200,851900,14139000000,600,true,3.69
"HTN",131551,"/Date(1701670586000)/",16900,2000,851700,14136000000,650,false,4
"HTN",131548,"/Date(1701670582000)/",16900,300,849700,14102000000,650,false,4
"HTN",131548,"/Date(1701670582000)/",16900,100,849400,14097000000,650,false,4
"HTN",131548,"/Date(1701670582000)/",16900,200,849300,14095000000,650,false,4
"HTN",131457,"/Date(1701670533000)/",16850,300,849100,14092000000,600,true,3.69
"HTN",131447,"/Date(1701670520000)/",16900,300,848800,14087000000,650,true,4
"HTN",131444,"/Date(1701670520000)/",16900,300,848500,14082000000,650,true,4
"HTN",131444,"/Date(1701670520000)/",16850,400,848200,14077000000,600,false,3.69
"HTN",131444,"/Date(1701670519000)/",16850,500,847800,14070000000,600,false,3.69
"HTN",131444,"/Date(1701670518000)/",16850,100,847300,14061000000,600,false,3.69
"HTN",131418,"/Date(1701670491000)/",16900,2700,847200,14060000000,650,false,4
"HTN",131412,"/Date(1701670486000)/",16900,100,844500,14014000000,650,true,4
"HTN",131402,"/Date(1701670477000)/",16900,100,844400,14012000000,650,true,4
"HTN",131402,"/Date(1701670477000)/",16900,100,844300,14011000000,650,true,4
"HTN",131356,"/Date(1701670470000)/",16900,200,844200,14009000000,650,false,4
"HTN",131318,"/Date(1701670432000)/",16900,100,844000,14006000000,650,false,4
"HTN",131315,"/Date(1701670430000)/",16900,600,843900,14004000000,650,false,4
"HTN",131315,"/Date(1701670430000)/",16900,100,843300,13994000000,650,false,4
"HTN",131315,"/Date(1701670430000)/",16900,100,843200,13992000000,650,false,4
"HTN",131315,"/Date(1701670430000)/",16900,700,843100,13990000000,650,false,4
"HTN",131315,"/Date(1701670428000)/",16900,500,842400,13979000000,650,false,4
"HTN",131311,"/Date(1701670427000)/",16900,600,841900,13970000000,650,false,4
"HTN",131311,"/Date(1701670427000)/",16900,500,841300,13960000000,650,false,4
"HTN",131311,"/Date(1701670427000)/",16900,200,840800,13952000000,650,false,4
"HTN",131311,"/Date(1701670427000)/",16900,100,840600,13948000000,650,false,4
"HTN",131311,"/Date(1701670427000)/",16900,300,840500,13947000000,650,false,4
"HTN",131311,"/Date(1701670427000)/",16900,100,840200,13941000000,650,false,4
"HTN",131311,"/Date(1701670427000)/",16900,200,840100,13940000000,650,false,4
"HTN",131302,"/Date(1701670415000)/",16900,100,839900,13936000000,650,false,4
"HTN",131302,"/Date(1701670415000)/",16900,200,839800,13935000000,650,false,4
"HTN",131302,"/Date(1701670415000)/",16900,1000,839600,13931000000,650,false,4
"HTN",131302,"/Date(1701670415000)/",16900,700,838600,13914000000,650,false,4
"HTN",131302,"/Date(1701670415000)/",16900,600,837900,13903000000,650,false,4
"HTN",131302,"/Date(1701670415000)/",16900,1000,837300,13892000000,650,false,4
"HTN",131302,"/Date(1701670415000)/",16900,1000,836300,13876000000,650,false,4
"HTN",131302,"/Date(1701670415000)/",16900,200,835300,13859000000,650,false,4
"HTN",131302,"/Date(1701670415000)/",16900,200,835100,13855000000,650,false,4
"HTN",131302,"/Date(1701670415000)/",16900,5000,834900,13852000000,650,false,4
"HTN",131249,"/Date(1701670404000)/",16850,100,829900,13767000000,600,false,3.69
"HTN",131249,"/Date(1701670404000)/",16850,100,829800,13766000000,600,false,3.69
"HTN",131249,"/Date(1701670404000)/",16850,500,829700,13764000000,600,false,3.69
"HTN",131249,"/Date(1701670404000)/",16850,200,829200,13756000000,600,false,3.69
"HTN",131249,"/Date(1701670404000)/",16850,200,829000,13752000000,600,false,3.69
"HTN",131249,"/Date(1701670404000)/",16850,100,828800,13749000000,600,false,3.69
"HTN",131249,"/Date(1701670404000)/",16850,100,828700,13747000000,600,false,3.69
"HTN",131249,"/Date(1701670404000)/",16850,200,828600,13746000000,600,false,3.69
"HTN",131223,"/Date(1701670376000)/",16800,800,828400,13742000000,550,false,3.38
"HTN",131214,"/Date(1701670369000)/",16800,100,827600,13729000000,550,false,3.38
"HTN",131211,"/Date(1701670364000)/",16800,100,827500,13727000000,550,false,3.38
"HTN",131211,"/Date(1701670364000)/",16800,200,827400,13725000000,550,false,3.38
"HTN",131211,"/Date(1701670364000)/",16800,100,827200,13722000000,550,false,3.38
"HTN",131208,"/Date(1701670363000)/",16800,700,827100,13720000000,550,false,3.38
"HTN",131208,"/Date(1701670363000)/",16800,600,826400,13709000000,550,false,3.38
"HTN",131208,"/Date(1701670363000)/",16800,700,825800,13698000000,550,false,3.38
"HTN",131208,"/Date(1701670361000)/",16800,2300,825100,13687000000,550,false,3.38
"HTN",131208,"/Date(1701670361000)/",16800,1000,822800,13648000000,550,false,3.38
"HTN",131208,"/Date(1701670361000)/",16800,100,821800,13631000000,550,false,3.38
"HTN",131208,"/Date(1701670361000)/",16800,300,821700,13630000000,550,false,3.38
"HTN",131208,"/Date(1701670361000)/",16800,3200,821400,13625000000,550,false,3.38
"HTN",131204,"/Date(1701670360000)/",16800,3000,818200,13571000000,550,false,3.38
"HTN",131204,"/Date(1701670358000)/",16800,1000,815200,13520000000,550,false,3.38
"HTN",131201,"/Date(1701670356000)/",16800,10000,814200,13504000000,550,false,3.38
"HTN",131158,"/Date(1701670353000)/",16800,5000,804200,13336000000,550,false,3.38
"HTN",131158,"/Date(1701670351000)/",16800,1400,799200,13252000000,550,false,3.38
"HTN",131148,"/Date(1701670343000)/",16800,5000,797800,13228000000,550,false,3.38
"HTN",131139,"/Date(1701670332000)/",16800,5300,792800,13144000000,550,false,3.38
"HTN",131123,"/Date(1701670315000)/",16800,200,787500,13055000000,550,false,3.38
"HTN",131120,"/Date(1701670315000)/",16800,2000,787300,13052000000,550,false,3.38
"HTN",131107,"/Date(1701670301000)/",16800,1000,785300,13018000000,550,false,3.38
"HTN",131101,"/Date(1701670296000)/",16800,5000,784300,13001000000,550,false,3.38
"HTN",131051,"/Date(1701670284000)/",16800,100,779300,12917000000,550,false,3.38
"HTN",131035,"/Date(1701670269000)/",16800,5000,779200,12916000000,550,false,3.38
"HTN",131000,"/Date(1701670233000)/",16800,200,774200,12832000000,550,false,3.38
"HTN",130957,"/Date(1701670230000)/",16800,800,774000,12828000000,550,false,3.38
"HTN",130950,"/Date(1701670225000)/",16800,500,773200,12815000000,550,false,3.38
"HTN",130950,"/Date(1701670224000)/",16800,10000,772700,12806000000,550,false,3.38
"HTN",130947,"/Date(1701670221000)/",16800,2000,762700,12638000000,550,false,3.38
"HTN",130947,"/Date(1701670221000)/",16800,10000,760700,12605000000,550,false,3.38
"HTN",130944,"/Date(1701670218000)/",16800,3000,750700,12437000000,550,false,3.38
"HTN",130919,"/Date(1701670192000)/",16800,400,747700,12386000000,550,false,3.38
"HTN",130919,"/Date(1701670191000)/",16700,500,747300,12380000000,450,true,2.77
"HTN",130915,"/Date(1701670189000)/",16800,12100,746800,12371000000,550,false,3.38
"HTN",130915,"/Date(1701670189000)/",16800,200,734700,12168000000,550,false,3.38
"HTN",130915,"/Date(1701670189000)/",16800,5000,734500,12165000000,550,false,3.38
"HTN",130915,"/Date(1701670189000)/",16800,100,729500,12081000000,550,false,3.38
"HTN",130915,"/Date(1701670189000)/",16800,100,729400,12079000000,550,false,3.38
"HTN",130915,"/Date(1701670189000)/",16800,100,729300,12077000000,550,false,3.38
"HTN",130915,"/Date(1701670189000)/",16800,500,729200,12076000000,550,false,3.38
"HTN",130915,"/Date(1701670189000)/",16800,1900,728700,12067000000,550,false,3.38
"HTN",130912,"/Date(1701670187000)/",16800,3100,726800,12035000000,550,false,3.38
"HTN",130912,"/Date(1701670187000)/",16800,500,723700,11983000000,550,false,3.38
"HTN",130912,"/Date(1701670187000)/",16800,1400,723200,11975000000,550,false,3.38
"HTN",130909,"/Date(1701670181000)/",16800,600,721800,11951000000,550,false,3.38
"HTN",130909,"/Date(1701670181000)/",16800,3000,721200,11941000000,550,false,3.38
"HTN",130909,"/Date(1701670181000)/",16800,1500,718200,11891000000,550,false,3.38
"HTN",130909,"/Date(1701670181000)/",16800,4900,716700,11866000000,550,false,3.38
"HTN",130906,"/Date(1701670181000)/",16700,300,711800,11783000000,450,true,2.77
"HTN",130903,"/Date(1701670175000)/",16700,1000,711500,11778000000,450,true,2.77
"HTN",130859,"/Date(1701670175000)/",16800,3900,710500,11762000000,550,false,3.38
"HTN",130850,"/Date(1701670164000)/",16700,1900,706600,11696000000,450,true,2.77
"HTN",130850,"/Date(1701670164000)/",16700,100,704700,11664000000,450,true,2.77
"HTN",130847,"/Date(1701670160000)/",16800,1200,704600,11663000000,550,false,3.38
"HTN",130847,"/Date(1701670160000)/",16800,200,703400,11643000000,550,false,3.38
"HTN",130847,"/Date(1701670160000)/",16800,2000,703200,11639000000,550,false,3.38
"HTN",130847,"/Date(1701670160000)/",16800,1600,701200,11606000000,550,false,3.38
"HTN",130844,"/Date(1701670157000)/",16800,2000,699600,11579000000,550,false,3.38
"HTN",130818,"/Date(1701670133000)/",16800,400,697600,11545000000,550,false,3.38
"HTN",130818,"/Date(1701670133000)/",16750,100,697200,11538000000,500,false,3.08
"HTN",130818,"/Date(1701670133000)/",16750,500,697100,11537000000,500,false,3.08
"HTN",130818,"/Date(1701670130000)/",16750,2000,696600,11528000000,500,false,3.08
"HTN",130805,"/Date(1701670120000)/",16750,1500,694600,11495000000,500,false,3.08
"HTN",130743,"/Date(1701670098000)/",16750,100,693100,11470000000,500,false,3.08
"HTN",130743,"/Date(1701670097000)/",16750,100,693000,11468000000,500,false,3.08
"HTN",130743,"/Date(1701670097000)/",16750,300,692900,11466000000,500,false,3.08
"HTN",130730,"/Date(1701670083000)/",16700,200,692600,11461000000,450,true,2.77
"HTN",130730,"/Date(1701670083000)/",16700,300,692400,11458000000,450,true,2.77
"HTN",130646,"/Date(1701670039000)/",16750,100,692100,11453000000,500,false,3.08
"HTN",130529,"/Date(1701669961000)/",16700,500,692000,11451000000,450,false,2.77
"HTN",130526,"/Date(1701669960000)/",16700,200,691500,11443000000,450,false,2.77
"HTN",130526,"/Date(1701669960000)/",16700,500,691300,11440000000,450,false,2.77
"HTN",130513,"/Date(1701669948000)/",16700,300,690800,11431000000,450,false,2.77
"HTN",130510,"/Date(1701669944000)/",16700,500,690500,11426000000,450,false,2.77
"HTN",130510,"/Date(1701669943000)/",16750,100,690000,11418000000,500,false,3.08
"HTN",130510,"/Date(1701669943000)/",16750,700,689900,11416000000,500,false,3.08
"HTN",130510,"/Date(1701669943000)/",16750,100,689200,11404000000,500,false,3.08
"HTN",130510,"/Date(1701669943000)/",16750,1000,689100,11403000000,500,false,3.08
"HTN",130510,"/Date(1701669943000)/",16750,200,688100,11386000000,500,false,3.08
"HTN",130510,"/Date(1701669943000)/",16750,300,687900,11383000000,500,false,3.08
"HTN",130510,"/Date(1701669943000)/",16750,1000,687600,11378000000,500,false,3.08
"HTN",130510,"/Date(1701669943000)/",16750,200,686600,11361000000,500,false,3.08
"HTN",130510,"/Date(1701669943000)/",16750,100,686400,11358000000,500,false,3.08
"HTN",130510,"/Date(1701669943000)/",16750,500,686300,11356000000,500,false,3.08
"HTN",130510,"/Date(1701669943000)/",16750,800,685800,11348000000,500,false,3.08
"HTN",130500,"/Date(1701669935000)/",16750,800,685000,11334000000,500,false,3.08
"HTN",130500,"/Date(1701669934000)/",16700,1700,684200,11321000000,450,true,2.77
"HTN",130500,"/Date(1701669934000)/",16700,1000,682500,11292000000,450,true,2.77
"HTN",130500,"/Date(1701669934000)/",16700,300,681500,11276000000,450,true,2.77
"HTN",130422,"/Date(1701669896000)/",16750,400,681200,11271000000,500,false,3.08
"HTN",130422,"/Date(1701669896000)/",16750,500,680800,11264000000,500,false,3.08
"HTN",130422,"/Date(1701669896000)/",16750,100,680300,11256000000,500,false,3.08
"HTN",130406,"/Date(1701669878000)/",16700,100,680200,11254000000,450,true,2.77
"HTN",130350,"/Date(1701669864000)/",16700,500,680100,11252000000,450,true,2.77
"HTN",130350,"/Date(1701669864000)/",16700,100,679600,11244000000,450,true,2.77
"HTN",130350,"/Date(1701669864000)/",16700,3100,679500,11242000000,450,true,2.77
"HTN",130350,"/Date(1701669864000)/",16700,100,676400,11190000000,450,true,2.77
"HTN",130350,"/Date(1701669864000)/",16700,1000,676300,11189000000,450,true,2.77
"HTN",130350,"/Date(1701669864000)/",16700,100,675300,11172000000,450,true,2.77
"HTN",130350,"/Date(1701669864000)/",16700,4700,675200,11170000000,450,true,2.77
"HTN",130309,"/Date(1701669822000)/",16650,200,670500,11092000000,400,true,2.46
"HTN",130230,"/Date(1701669784000)/",16650,100,670300,11089000000,400,false,2.46
"HTN",130224,"/Date(1701669778000)/",16600,100,670200,11087000000,350,true,2.15
"HTN",130221,"/Date(1701669775000)/",16650,500,670100,11085000000,400,false,2.46
"HTN",130211,"/Date(1701669765000)/",16650,500,669600,11077000000,400,false,2.46
"HTN",130211,"/Date(1701669765000)/",16650,500,669100,11069000000,400,false,2.46
"HTN",130149,"/Date(1701669743000)/",16600,500,668600,11060000000,350,true,2.15
"HTN",130126,"/Date(1701669720000)/",16600,1000,668100,11052000000,350,true,2.15
"HTN",130110,"/Date(1701669704000)/",16650,1000,667100,11035000000,400,false,2.46
"HTN",130054,"/Date(1701669687000)/",16650,1600,666100,11019000000,400,false,2.46
"HTN",130035,"/Date(1701669669000)/",16650,1900,664500,10992000000,400,false,2.46
"HTN",130035,"/Date(1701669669000)/",16650,100,662600,10960000000,400,false,2.46
"HTN",130013,"/Date(1701669647000)/",16650,100,662500,10959000000,400,false,2.46
"HTN",130013,"/Date(1701669647000)/",16650,400,662400,10957000000,400,false,2.46
"HTN",130000,"/Date(1701669618000)/",16600,100,662000,10950000000,350,true,2.15
"HTN",125951,"/Date(1701669607000)/",16650,4600,661900,10949000000,400,false,2.46
"HTN",125951,"/Date(1701669607000)/",16650,5000,657300,10872000000,400,false,2.46
"HTN",125951,"/Date(1701669607000)/",16650,1200,652300,10789000000,400,false,2.46
"HTN",125944,"/Date(1701669601000)/",16650,1000,651100,10769000000,400,false,2.46
"HTN",125941,"/Date(1701669601000)/",16600,900,650100,10752000000,350,true,2.15
"HTN",125941,"/Date(1701669601000)/",16600,400,649200,10737000000,350,true,2.15
"HTN",125938,"/Date(1701669600000)/",16600,300,648800,10731000000,350,true,2.15
"HTN",125938,"/Date(1701669600000)/",16600,100,648500,10726000000,350,true,2.15
"HTN",125938,"/Date(1701669600000)/",16600,300,648400,10724000000,350,true,2.15
"HTN",125938,"/Date(1701669600000)/",16600,300,648100,10719000000,350,true,2.15
"HTN",112911,"/Date(1701664177000)/",16600,300,647800,10714000000,350,true,2.15
"HTN",112905,"/Date(1701664169000)/",16650,500,647500,10709000000,400,false,2.46
"HTN",112817,"/Date(1701664122000)/",16600,400,647000,10701000000,350,true,2.15
"HTN",112817,"/Date(1701664122000)/",16600,600,646600,10694000000,350,true,2.15
"HTN",112726,"/Date(1701664070000)/",16600,1000,646000,10684000000,350,true,2.15
"HTN",112723,"/Date(1701664066000)/",16600,500,645000,10668000000,350,true,2.15
"HTN",112553,"/Date(1701663977000)/",16600,1500,644500,10659000000,350,true,2.15
"HTN",112547,"/Date(1701663972000)/",16600,500,643000,10634000000,350,false,2.15
"HTN",112547,"/Date(1701663972000)/",16600,100,642500,10626000000,350,false,2.15
"HTN",112547,"/Date(1701663972000)/",16600,600,642400,10624000000,350,false,2.15
"HTN",112547,"/Date(1701663972000)/",16600,100,641800,10615000000,350,false,2.15
"HTN",112547,"/Date(1701663972000)/",16600,100,641700,10613000000,350,false,2.15
"HTN",112521,"/Date(1701663946000)/",16600,1000,641600,10611000000,350,false,2.15
"HTN",112453,"/Date(1701663915000)/",16600,100,640600,10595000000,350,false,2.15
"HTN",112358,"/Date(1701663862000)/",16600,900,640500,10593000000,350,true,2.15
"HTN",112346,"/Date(1701663850000)/",16600,1100,639600,10578000000,350,true,2.15
"HTN",112346,"/Date(1701663850000)/",16600,900,638500,10560000000,350,true,2.15
"HTN",112343,"/Date(1701663840000)/",16600,100,637600,10545000000,350,true,2.15
"HTN",112343,"/Date(1701663840000)/",16600,200,637500,10543000000,350,true,2.15
"HTN",112314,"/Date(1701663817000)/",16600,100,637300,10540000000,350,true,2.15
"HTN",112308,"/Date(1701663811000)/",16600,1700,637200,10538000000,350,true,2.15
"HTN",112308,"/Date(1701663811000)/",16600,100,635500,10510000000,350,true,2.15
"HTN",112308,"/Date(1701663811000)/",16600,700,635400,10508000000,350,true,2.15
"HTN",112232,"/Date(1701663778000)/",16600,100,634700,10497000000,350,true,2.15
"HTN",112232,"/Date(1701663777000)/",16600,200,634600,10495000000,350,true,2.15
"HTN",112129,"/Date(1701663712000)/",16600,2000,634400,10492000000,350,true,2.15
"HTN",112129,"/Date(1701663712000)/",16600,1000,632400,10458000000,350,true,2.15
"HTN",112129,"/Date(1701663712000)/",16600,100,631400,10442000000,350,true,2.15
"HTN",112129,"/Date(1701663712000)/",16600,100,631300,10440000000,350,true,2.15
"HTN",112129,"/Date(1701663712000)/",16600,100,631200,10439000000,350,true,2.15
"HTN",112129,"/Date(1701663712000)/",16600,1000,631100,10437000000,350,true,2.15
"HTN",112129,"/Date(1701663712000)/",16600,100,630100,10420000000,350,true,2.15
"HTN",112129,"/Date(1701663712000)/",16600,100,630000,10419000000,350,true,2.15
"HTN",112129,"/Date(1701663712000)/",16600,200,629900,10417000000,350,true,2.15
"HTN",112129,"/Date(1701663712000)/",16600,300,629700,10414000000,350,true,2.15
"HTN",112006,"/Date(1701663629000)/",16650,2000,629400,10409000000,400,false,2.46
"HTN",111934,"/Date(1701663597000)/",16650,100,627400,10375000000,400,false,2.46
"HTN",111924,"/Date(1701663590000)/",16600,700,627300,10374000000,350,true,2.15
"HTN",111924,"/Date(1701663590000)/",16600,3300,626600,10362000000,350,true,2.15
"HTN",111924,"/Date(1701663590000)/",16600,1000,623300,10307000000,350,true,2.15
"HTN",111846,"/Date(1701663549000)/",16650,100,622300,10291000000,400,false,2.46
"HTN",111833,"/Date(1701663537000)/",16650,3000,622200,10289000000,400,true,2.46
"HTN",111833,"/Date(1701663537000)/",16650,100,619200,10239000000,400,true,2.46
"HTN",111833,"/Date(1701663537000)/",16650,100,619100,10237000000,400,true,2.46
"HTN",111833,"/Date(1701663537000)/",16650,1900,619000,10236000000,400,true,2.46
"HTN",111811,"/Date(1701663516000)/",16650,1100,617100,10204000000,400,true,2.46
"HTN",111811,"/Date(1701663516000)/",16650,900,616000,10186000000,400,true,2.46
"HTN",111733,"/Date(1701663477000)/",16650,100,615100,10171000000,400,true,2.46
"HTN",111733,"/Date(1701663477000)/",16650,400,615000,10169000000,400,true,2.46
"HTN",111714,"/Date(1701663457000)/",16700,200,614600,10163000000,450,false,2.77
"HTN",111642,"/Date(1701663426000)/",16700,1000,614400,10159000000,450,false,2.77
"HTN",111541,"/Date(1701663366000)/",16700,900,613400,10142000000,450,true,2.77
"HTN",111447,"/Date(1701663310000)/",16700,100,612500,10127000000,450,false,2.77
"HTN",111441,"/Date(1701663305000)/",16700,100,612400,10126000000,450,true,2.77
"HTN",111438,"/Date(1701663301000)/",16700,100,612300,10124000000,450,true,2.77
"HTN",111434,"/Date(1701663297000)/",16700,300,612200,10122000000,450,true,2.77
"HTN",111425,"/Date(1701663290000)/",16700,500,611900,10117000000,450,true,2.77
"HTN",111425,"/Date(1701663290000)/",16700,500,611400,10109000000,450,true,2.77
"HTN",111409,"/Date(1701663272000)/",16700,200,610900,10101000000,450,true,2.77
"HTN",111402,"/Date(1701663266000)/",16700,300,610700,10097000000,450,true,2.77
"HTN",111327,"/Date(1701663230000)/",16700,400,610400,10092000000,450,false,2.77
"HTN",111255,"/Date(1701663199000)/",16700,600,610000,10086000000,450,false,2.77
"HTN",111246,"/Date(1701663188000)/",16700,200,609400,10076000000,450,true,2.77
"HTN",111233,"/Date(1701663177000)/",16700,1000,609200,10072000000,450,true,2.77
"HTN",111233,"/Date(1701663177000)/",16700,100,608200,10056000000,450,true,2.77
"HTN",111233,"/Date(1701663177000)/",16700,200,608100,10054000000,450,true,2.77
"HTN",111233,"/Date(1701663177000)/",16700,1000,607900,10051000000,450,true,2.77
"HTN",111233,"/Date(1701663177000)/",16700,300,606900,10034000000,450,true,2.77
"HTN",111233,"/Date(1701663177000)/",16700,1000,606600,10029000000,450,true,2.77
"HTN",111233,"/Date(1701663177000)/",16700,600,605600,10012000000,450,true,2.77
"HTN",111227,"/Date(1701663170000)/",16700,400,605000,10002000000,450,false,2.77
"HTN",111227,"/Date(1701663170000)/",16700,300,604600,9996000000,450,false,2.77
"HTN",111101,"/Date(1701663083000)/",16700,1100,604300,9990000000,450,false,2.77
"HTN",110944,"/Date(1701663006000)/",16700,600,603200,9972000000,450,false,2.77
"HTN",110944,"/Date(1701663006000)/",16700,400,602600,9962000000,450,false,2.77
"HTN",110944,"/Date(1701663006000)/",16700,3000,602200,9955000000,450,false,2.77
"HTN",110944,"/Date(1701663006000)/",16700,1000,599200,9905000000,450,false,2.77
"HTN",110652,"/Date(1701662834000)/",16700,100,598200,9889000000,450,true,2.77
"HTN",110623,"/Date(1701662807000)/",16700,900,598100,9887000000,450,true,2.77
"HTN",110623,"/Date(1701662807000)/",16700,200,597200,9872000000,450,true,2.77
"HTN",110623,"/Date(1701662807000)/",16700,200,597000,9869000000,450,true,2.77
"HTN",110435,"/Date(1701662698000)/",16700,1800,596800,9865000000,450,true,2.77
"HTN",110416,"/Date(1701662679000)/",16700,100,595000,9835000000,450,false,2.77
"HTN",110416,"/Date(1701662679000)/",16700,100,594900,9834000000,450,false,2.77
"HTN",110344,"/Date(1701662645000)/",16700,600,594800,9832000000,450,true,2.77
"HTN",110344,"/Date(1701662645000)/",16700,1400,594200,9822000000,450,true,2.77
"HTN",110341,"/Date(1701662644000)/",16700,600,592800,9798000000,450,true,2.77
"HTN",110337,"/Date(1701662639000)/",16750,100,592200,9788000000,500,false,3.08
"HTN",110256,"/Date(1701662599000)/",16700,100,592100,9787000000,450,true,2.77
"HTN",110212,"/Date(1701662552000)/",16700,1300,592000,9785000000,450,true,2.77
"HTN",110212,"/Date(1701662552000)/",16700,200,590700,9763000000,450,true,2.77
"HTN",110212,"/Date(1701662552000)/",16700,400,590500,9760000000,450,true,2.77
"HTN",110212,"/Date(1701662552000)/",16700,2000,590100,9753000000,450,true,2.77
"HTN",110212,"/Date(1701662552000)/",16700,100,588100,9720000000,450,true,2.77
"HTN",110208,"/Date(1701662552000)/",16700,100,588000,9718000000,450,true,2.77
"HTN",110208,"/Date(1701662552000)/",16700,100,587900,9717000000,450,true,2.77
"HTN",110208,"/Date(1701662552000)/",16700,200,587800,9715000000,450,true,2.77
"HTN",110208,"/Date(1701662552000)/",16700,100,587600,9712000000,450,true,2.77
"HTN",110205,"/Date(1701662546000)/",16700,100,587500,9710000000,450,true,2.77
"HTN",110205,"/Date(1701662546000)/",16700,1700,587400,9708000000,450,true,2.77
"HTN",110133,"/Date(1701662516000)/",16750,100,585700,9680000000,500,false,3.08
"HTN",110133,"/Date(1701662516000)/",16750,100,585600,9678000000,500,false,3.08
"HTN",110133,"/Date(1701662516000)/",16750,100,585500,9677000000,500,false,3.08
"HTN",110133,"/Date(1701662516000)/",16750,600,585400,9675000000,500,false,3.08
"HTN",110133,"/Date(1701662516000)/",16750,100,584800,9665000000,500,false,3.08
"HTN",110133,"/Date(1701662516000)/",16750,1000,584700,9663000000,500,false,3.08
"HTN",110133,"/Date(1701662515000)/",16700,4300,583700,9646000000,450,true,2.77
"HTN",110133,"/Date(1701662515000)/",16700,700,579400,9575000000,450,true,2.77
"HTN",110108,"/Date(1701662491000)/",16700,500,578700,9563000000,450,true,2.77
"HTN",110101,"/Date(1701662483000)/",16700,500,578200,9555000000,450,true,2.77
"HTN",110052,"/Date(1701662473000)/",16700,100,577700,9546000000,450,true,2.77
"HTN",110046,"/Date(1701662469000)/",16700,200,577600,9544000000,450,true,2.77
"HTN",110046,"/Date(1701662469000)/",16700,800,577400,9541000000,450,true,2.77
"HTN",110030,"/Date(1701662451000)/",16700,300,576600,9528000000,450,true,2.77
"HTN",110030,"/Date(1701662451000)/",16700,100,576300,9523000000,450,true,2.77
"HTN",105951,"/Date(1701662413000)/",16700,400,576200,9521000000,450,true,2.77
"HTN",105951,"/Date(1701662413000)/",16700,1000,575800,9514000000,450,true,2.77
"HTN",105951,"/Date(1701662413000)/",16700,200,574800,9498000000,450,true,2.77
"HTN",105951,"/Date(1701662413000)/",16700,900,574600,9494000000,450,true,2.77
"HTN",105913,"/Date(1701662376000)/",16750,700,573700,9479000000,500,false,3.08
"HTN",105750,"/Date(1701662292000)/",16750,100,573000,9468000000,500,false,3.08
"HTN",105731,"/Date(1701662273000)/",16700,100,572900,9466000000,450,true,2.77
"HTN",105706,"/Date(1701662247000)/",16700,100,572800,9464000000,450,true,2.77
"HTN",105543,"/Date(1701662165000)/",16750,200,572700,9463000000,500,false,3.08
"HTN",105543,"/Date(1701662165000)/",16750,100,572500,9459000000,500,false,3.08
"HTN",105540,"/Date(1701662160000)/",16750,300,572400,9458000000,500,true,3.08
"HTN",105536,"/Date(1701662160000)/",16750,1600,572100,9453000000,500,true,3.08
"HTN",105536,"/Date(1701662160000)/",16750,200,570500,9426000000,500,true,3.08
"HTN",105536,"/Date(1701662160000)/",16750,2000,570300,9422000000,500,true,3.08
"HTN",105536,"/Date(1701662160000)/",16750,6200,568300,9389000000,500,true,3.08
"HTN",105533,"/Date(1701662157000)/",16750,100,562100,9285000000,500,true,3.08
"HTN",105514,"/Date(1701662136000)/",16750,500,562000,9283000000,500,true,3.08
"HTN",105501,"/Date(1701662124000)/",16750,100,561500,9275000000,500,true,3.08
"HTN",105455,"/Date(1701662118000)/",16800,500,561400,9273000000,550,false,3.38
"HTN",105414,"/Date(1701662077000)/",16750,1000,560900,9265000000,500,true,3.08
"HTN",105358,"/Date(1701662058000)/",16750,100,559900,9248000000,500,true,3.08
"HTN",105310,"/Date(1701662011000)/",16750,500,559800,9247000000,500,true,3.08
"HTN",105307,"/Date(1701662008000)/",16750,500,559300,9238000000,500,true,3.08
"HTN",105235,"/Date(1701661975000)/",16750,2000,558800,9230000000,500,true,3.08
"HTN",105232,"/Date(1701661973000)/",16800,1200,556800,9196000000,550,false,3.38
"HTN",105232,"/Date(1701661973000)/",16750,200,555600,9176000000,500,false,3.08
"HTN",105232,"/Date(1701661973000)/",16750,100,555400,9173000000,500,false,3.08
"HTN",105232,"/Date(1701661973000)/",16750,100,555300,9171000000,500,false,3.08
"HTN",105232,"/Date(1701661973000)/",16750,4400,555200,9169000000,500,false,3.08
"HTN",105225,"/Date(1701661968000)/",16700,1500,550800,9096000000,450,true,2.77
"HTN",105222,"/Date(1701661962000)/",16750,600,549300,9071000000,500,false,3.08
"HTN",105206,"/Date(1701661948000)/",16700,300,548700,9061000000,450,true,2.77
"HTN",105206,"/Date(1701661948000)/",16700,100,548400,9056000000,450,true,2.77
"HTN",105203,"/Date(1701661945000)/",16700,100,548300,9054000000,450,true,2.77
"HTN",105203,"/Date(1701661944000)/",16700,900,548200,9052000000,450,true,2.77
"HTN",105203,"/Date(1701661944000)/",16700,700,547300,9037000000,450,true,2.77
"HTN",105203,"/Date(1701661944000)/",16700,400,546600,9026000000,450,true,2.77
"HTN",105131,"/Date(1701661912000)/",16700,600,546200,9019000000,450,true,2.77
"HTN",105131,"/Date(1701661912000)/",16700,400,545600,9009000000,450,true,2.77
"HTN",105128,"/Date(1701661908000)/",16800,1400,545200,9002000000,550,false,3.38
"HTN",105128,"/Date(1701661908000)/",16800,200,543800,8979000000,550,false,3.38
"HTN",105128,"/Date(1701661908000)/",16800,300,543600,8975000000,550,false,3.38
"HTN",105128,"/Date(1701661908000)/",16800,2000,543300,8970000000,550,false,3.38
"HTN",105128,"/Date(1701661908000)/",16800,600,541300,8937000000,550,false,3.38
"HTN",105128,"/Date(1701661908000)/",16750,100,540700,8927000000,500,false,3.08
"HTN",105128,"/Date(1701661908000)/",16750,500,540600,8925000000,500,false,3.08
"HTN",105128,"/Date(1701661908000)/",16750,100,540100,8917000000,500,false,3.08
"HTN",105128,"/Date(1701661908000)/",16750,300,540000,8915000000,500,false,3.08
"HTN",105128,"/Date(1701661908000)/",16750,100,539700,8910000000,500,false,3.08
"HTN",105128,"/Date(1701661908000)/",16750,200,539600,8908000000,500,false,3.08
"HTN",105128,"/Date(1701661908000)/",16750,100,539400,8905000000,500,false,3.08
"HTN",105128,"/Date(1701661908000)/",16750,4100,539300,8903000000,500,false,3.08
"HTN",105102,"/Date(1701661884000)/",16700,200,535200,8834000000,450,true,2.77
"HTN",105043,"/Date(1701661863000)/",16750,1000,535000,8831000000,500,false,3.08
"HTN",105031,"/Date(1701661853000)/",16750,500,534000,8814000000,500,false,3.08
"HTN",104949,"/Date(1701661811000)/",16750,2100,533500,8806000000,500,false,3.08
"HTN",104911,"/Date(1701661771000)/",16750,500,531400,8771000000,500,false,3.08
"HTN",104858,"/Date(1701661760000)/",16750,1000,530900,8762000000,500,false,3.08
"HTN",104814,"/Date(1701661716000)/",16750,800,529900,8746000000,500,false,3.08
"HTN",104814,"/Date(1701661716000)/",16750,100,529100,8732000000,500,false,3.08
"HTN",104814,"/Date(1701661716000)/",16750,300,529000,8731000000,500,false,3.08
"HTN",104814,"/Date(1701661716000)/",16750,200,528700,8726000000,500,false,3.08
"HTN",104814,"/Date(1701661716000)/",16750,100,528500,8722000000,500,false,3.08
"HTN",104814,"/Date(1701661716000)/",16750,500,528400,8721000000,500,false,3.08
"HTN",104739,"/Date(1701661680000)/",16700,1000,527900,8712000000,450,true,2.77
"HTN",104713,"/Date(1701661654000)/",16700,400,526900,8695000000,450,false,2.77
"HTN",104704,"/Date(1701661644000)/",16700,600,526500,8689000000,450,true,2.77
"HTN",104651,"/Date(1701661631000)/",16700,500,525900,8679000000,450,false,2.77
"HTN",104648,"/Date(1701661629000)/",16700,500,525400,8670000000,450,false,2.77
"HTN",104648,"/Date(1701661629000)/",16700,1000,524900,8662000000,450,false,2.77
"HTN",104648,"/Date(1701661629000)/",16700,300,523900,8645000000,450,false,2.77
"HTN",104648,"/Date(1701661629000)/",16700,500,523600,8640000000,450,false,2.77
"HTN",104648,"/Date(1701661629000)/",16700,700,523100,8632000000,450,false,2.77
"HTN",104648,"/Date(1701661629000)/",16700,100,522400,8620000000,450,false,2.77
"HTN",104648,"/Date(1701661629000)/",16700,100,522300,8619000000,450,false,2.77
"HTN",104648,"/Date(1701661629000)/",16700,2000,522200,8617000000,450,false,2.77
"HTN",104648,"/Date(1701661629000)/",16700,200,520200,8584000000,450,false,2.77
"HTN",104648,"/Date(1701661629000)/",16700,1000,520000,8580000000,450,false,2.77
"HTN",104648,"/Date(1701661629000)/",16700,1000,519000,8564000000,450,false,2.77
"HTN",104648,"/Date(1701661629000)/",16700,200,518000,8547000000,450,false,2.77
"HTN",104648,"/Date(1701661629000)/",16700,8900,517800,8544000000,450,false,2.77
"HTN",104641,"/Date(1701661623000)/",16700,1100,508900,8395000000,450,false,2.77
"HTN",104641,"/Date(1701661623000)/",16700,1900,507800,8377000000,450,false,2.77
"HTN",104641,"/Date(1701661621000)/",16700,500,505900,8345000000,450,false,2.77
"HTN",104641,"/Date(1701661621000)/",16700,2600,505400,8336000000,450,false,2.77
"HTN",104641,"/Date(1701661621000)/",16700,1400,502800,8293000000,450,false,2.77
"HTN",104632,"/Date(1701661613000)/",16700,600,501400,8270000000,450,false,2.77
"HTN",104606,"/Date(1701661587000)/",16700,3000,500800,8260000000,450,false,2.77
"HTN",104606,"/Date(1701661587000)/",16700,5000,497800,8210000000,450,false,2.77
"HTN",104534,"/Date(1701661555000)/",16650,900,492800,8126000000,400,true,2.46
"HTN",104534,"/Date(1701661555000)/",16650,100,491900,8111000000,400,true,2.46
"HTN",104528,"/Date(1701661548000)/",16650,1900,491800,8109000000,400,true,2.46
"HTN",104528,"/Date(1701661548000)/",16650,1000,489900,8078000000,400,true,2.46
"HTN",104528,"/Date(1701661548000)/",16650,2100,488900,8061000000,400,true,2.46
"HTN",104418,"/Date(1701661480000)/",16650,1200,486800,8026000000,400,true,2.46
"HTN",104405,"/Date(1701661467000)/",16650,1000,485600,8006000000,400,true,2.46
"HTN",104139,"/Date(1701661320000)/",16650,500,484600,7989000000,400,true,2.46
"HTN",104139,"/Date(1701661319000)/",16650,500,484100,7981000000,400,true,2.46
"HTN",104116,"/Date(1701661296000)/",16650,1700,483600,7973000000,400,false,2.46
"HTN",104025,"/Date(1701661246000)/",16650,400,481900,7945000000,400,true,2.46
"HTN",104025,"/Date(1701661246000)/",16650,1900,481500,7938000000,400,true,2.46
"HTN",103950,"/Date(1701661210000)/",16650,100,479600,7906000000,400,true,2.46
"HTN",103947,"/Date(1701661206000)/",16650,1000,479500,7905000000,400,true,2.46
"HTN",103941,"/Date(1701661200000)/",16650,500,478500,7888000000,400,false,2.46
"HTN",103931,"/Date(1701661193000)/",16650,100,478000,7880000000,400,false,2.46
"HTN",103900,"/Date(1701661159000)/",16650,400,477900,7878000000,400,false,2.46
"HTN",103847,"/Date(1701661146000)/",16650,1700,477500,7871000000,400,false,2.46
"HTN",103847,"/Date(1701661146000)/",16650,200,475800,7843000000,400,false,2.46
"HTN",103847,"/Date(1701661146000)/",16650,100,475600,7840000000,400,false,2.46
"HTN",103847,"/Date(1701661146000)/",16650,100,475500,7838000000,400,false,2.46
"HTN",103847,"/Date(1701661146000)/",16650,1500,475400,7836000000,400,false,2.46
"HTN",103847,"/Date(1701661146000)/",16650,200,473900,7811000000,400,false,2.46
"HTN",103847,"/Date(1701661146000)/",16650,100,473700,7808000000,400,false,2.46
"HTN",103847,"/Date(1701661146000)/",16650,5000,473600,7806000000,400,false,2.46
"HTN",103847,"/Date(1701661146000)/",16650,5000,468600,7723000000,400,false,2.46
"HTN",103847,"/Date(1701661146000)/",16650,700,463600,7640000000,400,false,2.46
"HTN",103828,"/Date(1701661129000)/",16650,4300,462900,7628000000,400,false,2.46
"HTN",103828,"/Date(1701661129000)/",16650,700,458600,7557000000,400,false,2.46
"HTN",103759,"/Date(1701661098000)/",16600,300,457900,7545000000,350,true,2.15
"HTN",103636,"/Date(1701661017000)/",16600,500,457600,7540000000,350,true,2.15
"HTN",103636,"/Date(1701661017000)/",16650,100,457100,7532000000,400,false,2.46
"HTN",103614,"/Date(1701660995000)/",16650,2000,457000,7530000000,400,false,2.46
"HTN",103552,"/Date(1701660970000)/",16650,2000,455000,7497000000,400,false,2.46
"HTN",103539,"/Date(1701660960000)/",16650,200,453000,7463000000,400,false,2.46
"HTN",103529,"/Date(1701660949000)/",16600,1000,452800,7460000000,350,true,2.15
"HTN",103517,"/Date(1701660937000)/",16600,2000,451800,7443000000,350,false,2.15
"HTN",103517,"/Date(1701660937000)/",16600,100,449800,7410000000,350,false,2.15
"HTN",103517,"/Date(1701660937000)/",16600,100,449700,7409000000,350,false,2.15
"HTN",103517,"/Date(1701660937000)/",16600,1700,449600,7407000000,350,false,2.15
"HTN",103514,"/Date(1701660934000)/",16600,300,447900,7379000000,350,false,2.15
"HTN",103514,"/Date(1701660934000)/",16600,100,447600,7374000000,350,false,2.15
"HTN",103514,"/Date(1701660934000)/",16600,600,447500,7372000000,350,false,2.15
"HTN",103514,"/Date(1701660934000)/",16600,1000,446900,7362000000,350,false,2.15
"HTN",103514,"/Date(1701660934000)/",16600,200,445900,7346000000,350,false,2.15
"HTN",103514,"/Date(1701660934000)/",16600,800,445700,7342000000,350,false,2.15
"HTN",103514,"/Date(1701660934000)/",16600,1800,444900,7329000000,350,false,2.15
"HTN",103514,"/Date(1701660932000)/",16600,200,443100,7299000000,350,false,2.15
"HTN",103514,"/Date(1701660932000)/",16600,600,442900,7296000000,350,false,2.15
"HTN",103501,"/Date(1701660920000)/",16600,2400,442300,7286000000,350,false,2.15
"HTN",103454,"/Date(1701660913000)/",16600,1800,439900,7246000000,350,false,2.15
"HTN",103448,"/Date(1701660906000)/",16600,3700,438100,7216000000,350,false,2.15
"HTN",103448,"/Date(1701660906000)/",16600,100,434400,7155000000,350,false,2.15
"HTN",103448,"/Date(1701660906000)/",16600,800,434300,7153000000,350,false,2.15
"HTN",103448,"/Date(1701660906000)/",16600,100,433500,7140000000,350,false,2.15
"HTN",103448,"/Date(1701660906000)/",16600,1600,433400,7138000000,350,false,2.15
"HTN",103448,"/Date(1701660906000)/",16600,2000,431800,7111000000,350,false,2.15
"HTN",103448,"/Date(1701660906000)/",16600,1000,429800,7078000000,350,false,2.15
"HTN",103448,"/Date(1701660906000)/",16600,700,428800,7062000000,350,false,2.15
"HTN",103423,"/Date(1701660882000)/",16600,1000,428100,7050000000,350,false,2.15
"HTN",103419,"/Date(1701660879000)/",16600,200,427100,7033000000,350,false,2.15
"HTN",103419,"/Date(1701660879000)/",16600,100,426900,7030000000,350,false,2.15
"HTN",103419,"/Date(1701660879000)/",16600,1500,426800,7028000000,350,false,2.15
"HTN",103348,"/Date(1701660846000)/",16600,1500,425300,7004000000,350,false,2.15
"HTN",103348,"/Date(1701660846000)/",16600,500,423800,6979000000,350,false,2.15
"HTN",103332,"/Date(1701660832000)/",16600,200,423300,6970000000,350,false,2.15
"HTN",103316,"/Date(1701660814000)/",16600,300,423100,6967000000,350,false,2.15
"HTN",103316,"/Date(1701660814000)/",16600,200,422800,6962000000,350,false,2.15
"HTN",103316,"/Date(1701660814000)/",16600,100,422600,6959000000,350,false,2.15
"HTN",103316,"/Date(1701660814000)/",16600,100,422500,6957000000,350,false,2.15
"HTN",103316,"/Date(1701660814000)/",16600,1100,422400,6955000000,350,false,2.15
"HTN",103310,"/Date(1701660809000)/",16600,700,421300,6937000000,350,false,2.15
"HTN",103235,"/Date(1701660774000)/",16600,2000,420600,6926000000,350,false,2.15
"HTN",103235,"/Date(1701660773000)/",16550,2000,418600,6892000000,300,true,1.85
"HTN",103228,"/Date(1701660767000)/",16600,200,416600,6859000000,350,false,2.15
"HTN",103225,"/Date(1701660765000)/",16600,3000,416400,6856000000,350,false,2.15
"HTN",103218,"/Date(1701660757000)/",16600,3000,413400,6806000000,350,false,2.15
"HTN",103212,"/Date(1701660752000)/",16600,1800,410400,6756000000,350,false,2.15
"HTN",103209,"/Date(1701660749000)/",16600,3200,408600,6726000000,350,false,2.15
"HTN",103209,"/Date(1701660749000)/",16600,1800,405400,6673000000,350,false,2.15
"HTN",103203,"/Date(1701660742000)/",16600,100,403600,6643000000,350,false,2.15
"HTN",103153,"/Date(1701660732000)/",16600,3100,403500,6642000000,350,false,2.15
"HTN",103153,"/Date(1701660732000)/",16600,5000,400400,6590000000,350,false,2.15
"HTN",103153,"/Date(1701660732000)/",16600,1900,395400,6507000000,350,false,2.15
"HTN",103102,"/Date(1701660680000)/",16600,200,393500,6476000000,350,false,2.15
"HTN",103021,"/Date(1701660639000)/",16600,2000,393300,6472000000,350,false,2.15
"HTN",103015,"/Date(1701660635000)/",16600,500,391300,6439000000,350,false,2.15
"HTN",103008,"/Date(1701660628000)/",16600,100,390800,6431000000,350,false,2.15
"HTN",102952,"/Date(1701660612000)/",16600,100,390700,6429000000,350,false,2.15
"HTN",102949,"/Date(1701660607000)/",16550,700,390600,6428000000,300,true,1.85
"HTN",102905,"/Date(1701660564000)/",16600,200,389900,6416000000,350,false,2.15
"HTN",102801,"/Date(1701660499000)/",16550,1000,389700,6413000000,300,true,1.85
"HTN",102704,"/Date(1701660443000)/",16550,2200,388700,6396000000,300,true,1.85
"HTN",102704,"/Date(1701660443000)/",16550,800,386500,6360000000,300,true,1.85
"HTN",102616,"/Date(1701660394000)/",16550,4800,385700,6347000000,300,false,1.85
"HTN",102604,"/Date(1701660384000)/",16550,700,380900,6267000000,300,false,1.85
"HTN",102604,"/Date(1701660384000)/",16550,2900,380200,6255000000,300,false,1.85
"HTN",102604,"/Date(1701660384000)/",16550,1400,377300,6208000000,300,false,1.85
"HTN",102551,"/Date(1701660370000)/",16550,600,375900,6184000000,300,false,1.85
"HTN",102538,"/Date(1701660357000)/",16550,1500,375300,6174000000,300,false,1.85
"HTN",102525,"/Date(1701660345000)/",16550,2000,373800,6150000000,300,false,1.85
"HTN",102519,"/Date(1701660338000)/",16550,1500,371800,6116000000,300,false,1.85
"HTN",102519,"/Date(1701660338000)/",16550,1000,370300,6092000000,300,false,1.85
"HTN",102513,"/Date(1701660330000)/",16550,100,369300,6075000000,300,false,1.85
"HTN",102513,"/Date(1701660330000)/",16550,100,369200,6073000000,300,false,1.85
"HTN",102513,"/Date(1701660330000)/",16550,500,369100,6072000000,300,false,1.85
"HTN",102513,"/Date(1701660330000)/",16550,200,368600,6064000000,300,false,1.85
"HTN",102513,"/Date(1701660330000)/",16550,100,368400,6060000000,300,false,1.85
"HTN",102513,"/Date(1701660330000)/",16550,300,368300,6059000000,300,false,1.85
"HTN",102513,"/Date(1701660330000)/",16550,100,368000,6054000000,300,false,1.85
"HTN",102450,"/Date(1701660309000)/",16550,500,367900,6052000000,300,false,1.85
"HTN",102450,"/Date(1701660309000)/",16550,100,367400,6044000000,300,false,1.85
"HTN",102450,"/Date(1701660309000)/",16550,1000,367300,6042000000,300,false,1.85
"HTN",102450,"/Date(1701660309000)/",16550,1800,366300,6025000000,300,false,1.85
"HTN",102450,"/Date(1701660309000)/",16550,100,364500,5996000000,300,false,1.85
"HTN",102450,"/Date(1701660309000)/",16550,100,364400,5994000000,300,false,1.85
"HTN",102450,"/Date(1701660309000)/",16550,100,364300,5992000000,300,false,1.85
"HTN",102450,"/Date(1701660309000)/",16550,100,364200,5991000000,300,false,1.85
"HTN",102450,"/Date(1701660309000)/",16550,100,364100,5989000000,300,false,1.85
"HTN",102450,"/Date(1701660309000)/",16550,4100,364000,5987000000,300,false,1.85
"HTN",102428,"/Date(1701660288000)/",16550,900,359900,5920000000,300,false,1.85
"HTN",102428,"/Date(1701660288000)/",16550,1100,359000,5905000000,300,false,1.85
"HTN",102415,"/Date(1701660276000)/",16550,300,357900,5886000000,300,false,1.85
"HTN",102412,"/Date(1701660271000)/",16550,3600,357600,5881000000,300,false,1.85
"HTN",102412,"/Date(1701660271000)/",16550,1400,354000,5822000000,300,false,1.85
"HTN",102347,"/Date(1701660244000)/",16550,2000,352600,5799000000,300,false,1.85
"HTN",102312,"/Date(1701660212000)/",16550,1600,350600,5766000000,300,false,1.85
"HTN",102312,"/Date(1701660212000)/",16550,3400,349000,5739000000,300,false,1.85
"HTN",102124,"/Date(1701660102000)/",16500,800,345600,5683000000,250,true,1.54
"HTN",102120,"/Date(1701660098000)/",16500,2000,344800,5670000000,250,false,1.54
"HTN",102105,"/Date(1701660084000)/",16500,2000,342800,5637000000,250,false,1.54
"HTN",102101,"/Date(1701660080000)/",16500,200,340800,5604000000,250,false,1.54
"HTN",101919,"/Date(1701659977000)/",16500,400,340600,5600000000,250,true,1.54
"HTN",101919,"/Date(1701659977000)/",16500,500,340200,5594000000,250,true,1.54
"HTN",101919,"/Date(1701659977000)/",16500,100,339700,5586000000,250,true,1.54
"HTN",101825,"/Date(1701659925000)/",16500,100,339600,5584000000,250,true,1.54
"HTN",101819,"/Date(1701659916000)/",16500,100,339500,5582000000,250,true,1.54
"HTN",101819,"/Date(1701659916000)/",16500,900,339400,5581000000,250,true,1.54
"HTN",101816,"/Date(1701659914000)/",16500,1000,338500,5566000000,250,true,1.54
"HTN",101816,"/Date(1701659914000)/",16500,600,337500,5549000000,250,true,1.54
"HTN",101816,"/Date(1701659914000)/",16500,400,336900,5539000000,250,true,1.54
"HTN",101803,"/Date(1701659903000)/",16500,100,336500,5533000000,250,true,1.54
"HTN",101803,"/Date(1701659903000)/",16500,5000,336400,5531000000,250,true,1.54
"HTN",101803,"/Date(1701659903000)/",16500,4000,331400,5449000000,250,true,1.54
"HTN",101803,"/Date(1701659903000)/",16500,300,327400,5383000000,250,true,1.54
"HTN",101803,"/Date(1701659903000)/",16500,600,327100,5378000000,250,true,1.54
"HTN",101744,"/Date(1701659884000)/",16500,2000,326500,5368000000,250,true,1.54
"HTN",101735,"/Date(1701659874000)/",16500,400,324500,5335000000,250,true,1.54
"HTN",101735,"/Date(1701659874000)/",16500,3000,324100,5328000000,250,true,1.54
"HTN",101735,"/Date(1701659874000)/",16500,1600,321100,5279000000,250,true,1.54
"HTN",101647,"/Date(1701659826000)/",16500,400,319500,5252000000,250,true,1.54
"HTN",101647,"/Date(1701659826000)/",16500,100,319100,5246000000,250,true,1.54
"HTN",101647,"/Date(1701659826000)/",16500,200,319000,5244000000,250,true,1.54
"HTN",101637,"/Date(1701659817000)/",16500,300,318800,5241000000,250,true,1.54
"HTN",101637,"/Date(1701659817000)/",16500,300,318500,5236000000,250,true,1.54
"HTN",101637,"/Date(1701659817000)/",16500,4400,318200,5231000000,250,true,1.54
"HTN",101609,"/Date(1701659787000)/",16500,100,313800,5158000000,250,true,1.54
"HTN",101546,"/Date(1701659765000)/",16500,100,313700,5157000000,250,true,1.54
"HTN",101443,"/Date(1701659700000)/",16500,1100,313600,5155000000,250,true,1.54
"HTN",101443,"/Date(1701659700000)/",16500,100,312500,5137000000,250,true,1.54
"HTN",101443,"/Date(1701659700000)/",16500,700,312400,5135000000,250,true,1.54
"HTN",101443,"/Date(1701659700000)/",16500,1000,311700,5124000000,250,true,1.54
"HTN",101443,"/Date(1701659700000)/",16500,2100,310700,5107000000,250,true,1.54
"HTN",101304,"/Date(1701659602000)/",16500,500,308600,5072000000,250,true,1.54
"HTN",101223,"/Date(1701659561000)/",16500,3400,308100,5064000000,250,true,1.54
"HTN",101223,"/Date(1701659561000)/",16500,1600,304700,5008000000,250,true,1.54
"HTN",101123,"/Date(1701659499000)/",16500,100,303100,4982000000,250,true,1.54
"HTN",101035,"/Date(1701659452000)/",16550,500,303000,4980000000,300,false,1.85
"HTN",101025,"/Date(1701659442000)/",16550,900,302500,4972000000,300,false,1.85
"HTN",101022,"/Date(1701659438000)/",16500,4100,301600,4957000000,250,true,1.54
"HTN",101022,"/Date(1701659438000)/",16500,900,297500,4889000000,250,true,1.54
"HTN",100947,"/Date(1701659403000)/",16500,500,296600,4874000000,250,true,1.54
"HTN",100944,"/Date(1701659402000)/",16500,600,296100,4866000000,250,true,1.54
"HTN",100944,"/Date(1701659402000)/",16500,700,295500,4856000000,250,true,1.54
"HTN",100944,"/Date(1701659402000)/",16500,3000,294800,4845000000,250,true,1.54
"HTN",100944,"/Date(1701659402000)/",16500,700,291800,4795000000,250,true,1.54
"HTN",100834,"/Date(1701659333000)/",16500,300,291100,4784000000,250,true,1.54
"HTN",100702,"/Date(1701659238000)/",16550,200,290800,4779000000,300,false,1.85
"HTN",100702,"/Date(1701659238000)/",16550,800,290600,4775000000,300,false,1.85
"HTN",100555,"/Date(1701659173000)/",16550,1000,289800,4762000000,300,false,1.85
"HTN",100455,"/Date(1701659112000)/",16550,100,288800,4745000000,300,false,1.85
"HTN",100313,"/Date(1701659010000)/",16550,300,288700,4744000000,300,false,1.85
"HTN",100248,"/Date(1701658985000)/",16500,500,288400,4739000000,250,true,1.54
"HTN",100232,"/Date(1701658970000)/",16550,100,287900,4731000000,300,false,1.85
"HTN",100232,"/Date(1701658968000)/",16500,1500,287800,4729000000,250,true,1.54
"HTN",100226,"/Date(1701658964000)/",16500,200,286300,4704000000,250,true,1.54
"HTN",100206,"/Date(1701658943000)/",16500,200,286100,4701000000,250,true,1.54
"HTN",100028,"/Date(1701658843000)/",16500,800,285900,4698000000,250,true,1.54
"HTN",95802,"/Date(1701658697000)/",16550,300,285100,4684000000,300,false,1.85
"HTN",95730,"/Date(1701658666000)/",16550,200,284800,4679000000,300,false,1.85
"HTN",95724,"/Date(1701658659000)/",16500,500,284600,4676000000,250,true,1.54
"HTN",95429,"/Date(1701658487000)/",16500,2000,284100,4668000000,250,true,1.54
"HTN",95429,"/Date(1701658485000)/",16500,500,282100,4635000000,250,true,1.54
"HTN",95357,"/Date(1701658452000)/",16500,1000,281600,4627000000,250,true,1.54
"HTN",95138,"/Date(1701658312000)/",16550,500,280600,4610000000,300,false,1.85
"HTN",95134,"/Date(1701658311000)/",16550,100,280100,4602000000,300,false,1.85
"HTN",95125,"/Date(1701658302000)/",16550,5000,280000,4600000000,300,false,1.85
"HTN",95119,"/Date(1701658293000)/",16550,400,275000,4517000000,300,false,1.85
"HTN",95044,"/Date(1701658259000)/",16550,1000,274600,4511000000,300,false,1.85
"HTN",95012,"/Date(1701658227000)/",16550,200,273600,4494000000,300,false,1.85
"HTN",95002,"/Date(1701658219000)/",16500,100,273400,4491000000,250,false,1.54
"HTN",94959,"/Date(1701658215000)/",16500,500,273300,4489000000,250,false,1.54
"HTN",94940,"/Date(1701658195000)/",16500,1000,272800,4481000000,250,false,1.54
"HTN",94928,"/Date(1701658184000)/",16500,700,271800,4465000000,250,false,1.54
"HTN",94915,"/Date(1701658171000)/",16500,2700,271100,4453000000,250,true,1.54
"HTN",94912,"/Date(1701658166000)/",16500,500,268400,4408000000,250,false,1.54
"HTN",94912,"/Date(1701658166000)/",16500,400,267900,4400000000,250,false,1.54
"HTN",94912,"/Date(1701658166000)/",16500,1000,267500,4394000000,250,false,1.54
"HTN",94912,"/Date(1701658166000)/",16500,400,266500,4377000000,250,false,1.54
"HTN",94837,"/Date(1701658132000)/",16500,600,266100,4371000000,250,true,1.54
"HTN",94827,"/Date(1701658124000)/",16500,4400,265500,4361000000,250,true,1.54
"HTN",94827,"/Date(1701658124000)/",16500,400,261100,4288000000,250,true,1.54
"HTN",94827,"/Date(1701658124000)/",16500,200,260700,4281000000,250,true,1.54
"HTN",94821,"/Date(1701658115000)/",16500,100,260500,4278000000,250,true,1.54
"HTN",94740,"/Date(1701658075000)/",16500,700,260400,4276000000,250,true,1.54
"HTN",94740,"/Date(1701658075000)/",16500,300,259700,4265000000,250,true,1.54
"HTN",94705,"/Date(1701658039000)/",16500,100,259400,4260000000,250,true,1.54
"HTN",94705,"/Date(1701658039000)/",16500,100,259300,4258000000,250,true,1.54
"HTN",94705,"/Date(1701658039000)/",16500,100,259200,4257000000,250,true,1.54
"HTN",94705,"/Date(1701658039000)/",16500,100,259100,4255000000,250,true,1.54
"HTN",94705,"/Date(1701658039000)/",16500,300,259000,4253000000,250,true,1.54
"HTN",94655,"/Date(1701658032000)/",16500,2000,258700,4248000000,250,false,1.54
"HTN",94649,"/Date(1701658023000)/",16500,700,256700,4215000000,250,false,1.54
"HTN",94649,"/Date(1701658023000)/",16500,100,256000,4204000000,250,false,1.54
"HTN",94649,"/Date(1701658023000)/",16500,200,255900,4202000000,250,false,1.54
"HTN",94636,"/Date(1701658011000)/",16500,200,255700,4199000000,250,false,1.54
"HTN",94617,"/Date(1701657993000)/",16500,200,255500,4196000000,250,false,1.54
"HTN",94617,"/Date(1701657993000)/",16500,200,255300,4192000000,250,false,1.54
"HTN",94617,"/Date(1701657993000)/",16500,100,255100,4189000000,250,false,1.54
"HTN",94617,"/Date(1701657993000)/",16500,500,255000,4187000000,250,false,1.54
"HTN",94617,"/Date(1701657993000)/",16500,10000,254500,4179000000,250,false,1.54
"HTN",94617,"/Date(1701657993000)/",16500,5000,244500,4014000000,250,false,1.54
"HTN",94617,"/Date(1701657993000)/",16500,4000,239500,3932000000,250,false,1.54
"HTN",94536,"/Date(1701657950000)/",16500,300,235500,3866000000,250,false,1.54
"HTN",94529,"/Date(1701657943000)/",16450,100,235200,3861000000,200,true,1.23
"HTN",94526,"/Date(1701657942000)/",16500,100,235100,3859000000,250,false,1.54
"HTN",94454,"/Date(1701657908000)/",16450,1000,235000,3857000000,200,true,1.23
"HTN",94454,"/Date(1701657908000)/",16450,200,234000,3841000000,200,true,1.23
"HTN",94454,"/Date(1701657908000)/",16450,2200,233800,3838000000,200,true,1.23
"HTN",94454,"/Date(1701657908000)/",16450,100,231600,3801000000,200,true,1.23
"HTN",94454,"/Date(1701657908000)/",16450,5000,231500,3800000000,200,true,1.23
"HTN",94454,"/Date(1701657908000)/",16450,300,226500,3718000000,200,true,1.23
"HTN",94448,"/Date(1701657902000)/",16500,500,226200,3713000000,250,false,1.54
"HTN",94404,"/Date(1701657860000)/",16500,100,225700,3704000000,250,false,1.54
"HTN",94351,"/Date(1701657845000)/",16500,5000,225600,3703000000,250,false,1.54
"HTN",94341,"/Date(1701657836000)/",16450,1000,220600,3620000000,200,false,1.23
"HTN",94341,"/Date(1701657836000)/",16450,100,219600,3604000000,200,false,1.23
"HTN",94341,"/Date(1701657836000)/",16450,6200,219500,3602000000,200,false,1.23
"HTN",94341,"/Date(1701657836000)/",16450,1400,213300,3500000000,200,false,1.23
"HTN",94338,"/Date(1701657833000)/",16450,600,211900,3477000000,200,false,1.23
"HTN",94338,"/Date(1701657833000)/",16450,1400,211300,3467000000,200,false,1.23
"HTN",94332,"/Date(1701657828000)/",16450,3000,209900,3444000000,200,false,1.23
"HTN",94332,"/Date(1701657827000)/",16450,1000,206900,3395000000,200,false,1.23
"HTN",94319,"/Date(1701657813000)/",16450,1600,205900,3378000000,200,false,1.23
"HTN",94319,"/Date(1701657813000)/",16450,100,204300,3352000000,200,false,1.23
"HTN",94319,"/Date(1701657813000)/",16450,300,204200,3350000000,200,false,1.23
"HTN",94316,"/Date(1701657811000)/",16450,4700,203900,3346000000,200,false,1.23
"HTN",94316,"/Date(1701657811000)/",16450,100,199200,3268000000,200,false,1.23
"HTN",94316,"/Date(1701657811000)/",16450,200,199100,3267000000,200,false,1.23
"HTN",94303,"/Date(1701657799000)/",16450,500,198900,3263000000,200,false,1.23
"HTN",94303,"/Date(1701657798000)/",16400,2700,198400,3255000000,150,true,0.92
"HTN",94303,"/Date(1701657798000)/",16400,2300,195700,3211000000,150,true,0.92
"HTN",94219,"/Date(1701657756000)/",16400,500,193400,3173000000,150,true,0.92
"HTN",94216,"/Date(1701657751000)/",16450,500,192900,3165000000,200,false,1.23
"HTN",94203,"/Date(1701657738000)/",16450,1000,192400,3157000000,200,false,1.23
"HTN",94203,"/Date(1701657738000)/",16450,1200,191400,3140000000,200,false,1.23
"HTN",94203,"/Date(1701657738000)/",16450,800,190200,3120000000,200,false,1.23
"HTN",94200,"/Date(1701657735000)/",16400,100,189400,3107000000,150,false,0.92
"HTN",94200,"/Date(1701657734000)/",16400,100,189300,3106000000,150,false,0.92
"HTN",94157,"/Date(1701657731000)/",16400,100,189200,3104000000,150,false,0.92
"HTN",94147,"/Date(1701657722000)/",16400,4800,189100,3102000000,150,false,0.92
"HTN",94147,"/Date(1701657722000)/",16400,3200,184300,3024000000,150,false,0.92
"HTN",94141,"/Date(1701657717000)/",16400,100,181100,2971000000,150,false,0.92
"HTN",94141,"/Date(1701657715000)/",16400,1700,181000,2970000000,150,false,0.92
"HTN",94141,"/Date(1701657715000)/",16400,3000,179300,2942000000,150,false,0.92
"HTN",94141,"/Date(1701657715000)/",16400,300,176300,2892000000,150,false,0.92
"HTN",94116,"/Date(1701657690000)/",16400,200,176000,2888000000,150,false,0.92
"HTN",94116,"/Date(1701657690000)/",16400,300,175800,2884000000,150,false,0.92
"HTN",94109,"/Date(1701657683000)/",16400,100,175500,2879000000,150,false,0.92
"HTN",94047,"/Date(1701657662000)/",16400,100,175400,2878000000,150,false,0.92
"HTN",94028,"/Date(1701657644000)/",16400,2000,175300,2876000000,150,false,0.92
"HTN",94015,"/Date(1701657630000)/",16400,500,173300,2843000000,150,false,0.92
"HTN",94015,"/Date(1701657629000)/",16400,300,172800,2835000000,150,false,0.92
"HTN",93950,"/Date(1701657604000)/",16400,500,172500,2830000000,150,false,0.92
"HTN",93944,"/Date(1701657600000)/",16400,500,172000,2822000000,150,false,0.92
"HTN",93944,"/Date(1701657600000)/",16400,700,171500,2814000000,150,false,0.92
"HTN",93934,"/Date(1701657588000)/",16400,1000,170800,2802000000,150,true,0.92
"HTN",93934,"/Date(1701657588000)/",16400,100,169800,2786000000,150,true,0.92
"HTN",93840,"/Date(1701657536000)/",16400,200,169700,2784000000,150,true,0.92
"HTN",93818,"/Date(1701657512000)/",16400,500,169500,2781000000,150,true,0.92
"HTN",93756,"/Date(1701657491000)/",16400,500,169000,2773000000,150,true,0.92
"HTN",93756,"/Date(1701657491000)/",16400,500,168500,2765000000,150,true,0.92
"HTN",93756,"/Date(1701657491000)/",16400,3300,168000,2756000000,150,true,0.92
"HTN",93740,"/Date(1701657475000)/",16400,5000,164700,2702000000,150,true,0.92
"HTN",93708,"/Date(1701657443000)/",16400,200,159700,2620000000,150,false,0.92
"HTN",93708,"/Date(1701657443000)/",16400,100,159500,2617000000,150,false,0.92
"HTN",93708,"/Date(1701657443000)/",16400,400,159400,2615000000,150,false,0.92
"HTN",93708,"/Date(1701657443000)/",16400,300,159000,2609000000,150,false,0.92
"HTN",93708,"/Date(1701657443000)/",16400,700,158700,2604000000,150,false,0.92
"HTN",93702,"/Date(1701657436000)/",16400,4000,158000,2592000000,150,false,0.92
"HTN",93656,"/Date(1701657429000)/",16400,100,154000,2527000000,150,false,0.92
"HTN",93652,"/Date(1701657427000)/",16400,100,153900,2525000000,150,false,0.92
"HTN",93630,"/Date(1701657403000)/",16400,2000,153800,2523000000,150,false,0.92
"HTN",93546,"/Date(1701657361000)/",16400,500,151800,2491000000,150,false,0.92
"HTN",93533,"/Date(1701657348000)/",16400,2500,151300,2482000000,150,false,0.92
"HTN",93520,"/Date(1701657335000)/",16400,100,148800,2441000000,150,true,0.92
"HTN",93517,"/Date(1701657332000)/",16400,200,148700,2440000000,150,true,0.92
"HTN",93514,"/Date(1701657328000)/",16400,700,148500,2437000000,150,true,0.92
"HTN",93514,"/Date(1701657328000)/",16400,300,147800,2425000000,150,true,0.92
"HTN",93511,"/Date(1701657324000)/",16400,100,147500,2420000000,150,true,0.92
"HTN",93511,"/Date(1701657324000)/",16400,1900,147400,2418000000,150,true,0.92
"HTN",93407,"/Date(1701657261000)/",16450,100,145500,2387000000,200,false,1.23
"HTN",93401,"/Date(1701657256000)/",16400,3000,145400,2386000000,150,true,0.92
"HTN",93401,"/Date(1701657256000)/",16400,500,142400,2336000000,150,true,0.92
"HTN",93401,"/Date(1701657256000)/",16400,3000,141900,2328000000,150,true,0.92
"HTN",93401,"/Date(1701657256000)/",16400,200,138900,2279000000,150,true,0.92
"HTN",93401,"/Date(1701657256000)/",16400,2000,138700,2276000000,150,true,0.92
"HTN",93401,"/Date(1701657256000)/",16400,500,136700,2243000000,150,true,0.92
"HTN",93401,"/Date(1701657256000)/",16400,800,136200,2235000000,150,true,0.92
"HTN",93352,"/Date(1701657246000)/",16450,4000,135400,2222000000,200,false,1.23
"HTN",93348,"/Date(1701657243000)/",16450,100,131400,2156000000,200,false,1.23
"HTN",93348,"/Date(1701657243000)/",16450,4900,131300,2154000000,200,false,1.23
"HTN",93348,"/Date(1701657242000)/",16450,100,126400,2074000000,200,false,1.23
"HTN",93342,"/Date(1701657237000)/",16400,500,126300,2072000000,150,true,0.92
"HTN",93336,"/Date(1701657229000)/",16450,100,125800,2064000000,200,false,1.23
"HTN",93207,"/Date(1701657140000)/",16400,700,125700,2062000000,150,true,0.92
"HTN",93207,"/Date(1701657140000)/",16400,300,125000,2051000000,150,true,0.92
"HTN",93129,"/Date(1701657104000)/",16400,5000,124700,2046000000,150,true,0.92
"HTN",93057,"/Date(1701657071000)/",16400,2000,119700,1964000000,150,true,0.92
"HTN",93013,"/Date(1701657027000)/",16400,700,117700,1931000000,150,true,0.92
"HTN",93013,"/Date(1701657027000)/",16400,800,117000,1919000000,150,true,0.92
"HTN",93013,"/Date(1701657027000)/",16400,500,116200,1906000000,150,true,0.92
"HTN",92932,"/Date(1701656985000)/",16450,100,115700,1898000000,200,false,1.23
"HTN",92925,"/Date(1701656980000)/",16400,1500,115600,1896000000,150,true,0.92
"HTN",92925,"/Date(1701656980000)/",16400,500,114100,1872000000,150,true,0.92
"HTN",92828,"/Date(1701656923000)/",16450,200,113600,1864000000,200,false,1.23
"HTN",92816,"/Date(1701656910000)/",16450,2000,113400,1860000000,200,false,1.23
"HTN",92753,"/Date(1701656887000)/",16450,100,111400,1827000000,200,false,1.23
"HTN",92634,"/Date(1701656809000)/",16350,800,111300,1826000000,100,true,0.62
"HTN",92634,"/Date(1701656809000)/",16350,200,110500,1813000000,100,true,0.62
"HTN",92634,"/Date(1701656809000)/",16400,100,110300,1809000000,150,true,0.92
"HTN",92634,"/Date(1701656809000)/",16400,200,110200,1808000000,150,true,0.92
"HTN",92628,"/Date(1701656801000)/",16400,800,110000,1805000000,150,true,0.92
"HTN",92628,"/Date(1701656801000)/",16400,100,109200,1791000000,150,true,0.92
"HTN",92628,"/Date(1701656801000)/",16400,700,109100,1790000000,150,true,0.92
"HTN",92628,"/Date(1701656801000)/",16400,1000,108400,1778000000,150,true,0.92
"HTN",92628,"/Date(1701656801000)/",16400,1400,107400,1762000000,150,true,0.92
"HTN",92612,"/Date(1701656785000)/",16400,2100,106000,1739000000,150,true,0.92
"HTN",92612,"/Date(1701656785000)/",16400,3500,103900,1705000000,150,true,0.92
"HTN",92612,"/Date(1701656785000)/",16400,500,100400,1647000000,150,true,0.92
"HTN",92612,"/Date(1701656785000)/",16400,200,99900,1639000000,150,true,0.92
"HTN",92612,"/Date(1701656785000)/",16400,100,99700,1636000000,150,true,0.92
"HTN",92612,"/Date(1701656785000)/",16400,700,99600,1634000000,150,true,0.92
"HTN",92612,"/Date(1701656785000)/",16400,5000,98900,1623000000,150,true,0.92
"HTN",92612,"/Date(1701656785000)/",16400,1400,93900,1541000000,150,true,0.92
"HTN",92524,"/Date(1701656736000)/",16450,1000,92500,1518000000,200,false,1.23
"HTN",92450,"/Date(1701656704000)/",16450,2000,91500,1501000000,200,false,1.23
"HTN",92440,"/Date(1701656694000)/",16450,1000,89500,1468000000,200,false,1.23
"HTN",92437,"/Date(1701656690000)/",16450,300,88500,1452000000,200,false,1.23
"HTN",92424,"/Date(1701656679000)/",16450,2700,88200,1447000000,200,false,1.23
"HTN",92424,"/Date(1701656679000)/",16450,300,85500,1402000000,200,false,1.23
"HTN",92315,"/Date(1701656607000)/",16450,400,85200,1397000000,200,false,1.23
"HTN",92302,"/Date(1701656596000)/",16450,4300,84800,1391000000,200,false,1.23
"HTN",92302,"/Date(1701656596000)/",16450,100,80500,1320000000,200,false,1.23
"HTN",92302,"/Date(1701656596000)/",16450,100,80400,1319000000,200,false,1.23
"HTN",92302,"/Date(1701656596000)/",16450,500,80300,1317000000,200,false,1.23
"HTN",92218,"/Date(1701656551000)/",16450,1000,79800,1309000000,200,false,1.23
"HTN",92208,"/Date(1701656542000)/",16450,200,78800,1292000000,200,false,1.23
"HTN",92159,"/Date(1701656532000)/",16450,100,78600,1289000000,200,false,1.23
"HTN",92146,"/Date(1701656521000)/",16450,1200,78500,1287000000,200,false,1.23
"HTN",92146,"/Date(1701656521000)/",16450,100,77300,1268000000,200,false,1.23
"HTN",92146,"/Date(1701656521000)/",16450,500,77200,1266000000,200,false,1.23
"HTN",92146,"/Date(1701656521000)/",16450,200,76700,1258000000,200,false,1.23
"HTN",92005,"/Date(1701656419000)/",16450,100,76500,1254000000,200,false,1.23
"HTN",92005,"/Date(1701656417000)/",16400,100,76400,1253000000,150,true,0.92
"HTN",91943,"/Date(1701656396000)/",16450,100,76300,1251000000,200,true,1.23
"HTN",91943,"/Date(1701656396000)/",16450,100,76200,1249000000,200,true,1.23
"HTN",91943,"/Date(1701656396000)/",16450,900,76100,1248000000,200,true,1.23
"HTN",91930,"/Date(1701656384000)/",16450,2000,75200,1233000000,200,true,1.23
"HTN",91924,"/Date(1701656377000)/",16450,1000,73200,1200000000,200,true,1.23
"HTN",91905,"/Date(1701656355000)/",16450,100,72200,1184000000,200,true,1.23
"HTN",91905,"/Date(1701656355000)/",16450,1000,72100,1182000000,200,true,1.23
"HTN",91905,"/Date(1701656350000)/",16450,100,71100,1166000000,200,true,1.23
"HTN",91905,"/Date(1701656346000)/",16450,500,71000,1164000000,200,true,1.23
"HTN",91833,"/Date(1701656325000)/",16450,1400,70500,1156000000,200,true,1.23
"HTN",91830,"/Date(1701656324000)/",16450,100,69100,1133000000,200,true,1.23
"HTN",91824,"/Date(1701656317000)/",16450,100,69000,1131000000,200,false,1.23
"HTN",91824,"/Date(1701656317000)/",16450,100,68900,1129000000,200,false,1.23
"HTN",91824,"/Date(1701656317000)/",16450,5000,68800,1128000000,200,false,1.23
"HTN",91824,"/Date(1701656317000)/",16450,10000,63800,1045000000,200,false,1.23
"HTN",91824,"/Date(1701656317000)/",16450,3300,53800,881000000,200,false,1.23
"HTN",91811,"/Date(1701656303000)/",16400,400,50500,827000000,150,true,0.92
"HTN",91811,"/Date(1701656303000)/",16400,100,50100,820000000,150,true,0.92
"HTN",91805,"/Date(1701656299000)/",16400,300,50000,818000000,150,true,0.92
"HTN",91758,"/Date(1701656291000)/",16450,1700,49700,814000000,200,false,1.23
"HTN",91733,"/Date(1701656266000)/",16400,200,48000,786000000,150,false,0.92
"HTN",91733,"/Date(1701656266000)/",16400,6500,47800,782000000,150,false,0.92
"HTN",91720,"/Date(1701656255000)/",16400,100,41300,676000000,150,false,0.92
"HTN",91714,"/Date(1701656246000)/",16400,500,41200,674000000,150,false,0.92
"HTN",91658,"/Date(1701656231000)/",16400,2000,40700,666000000,150,false,0.92
"HTN",91649,"/Date(1701656221000)/",16400,400,38700,633000000,150,false,0.92
"HTN",91649,"/Date(1701656221000)/",16400,100,38300,627000000,150,false,0.92
"HTN",91633,"/Date(1701656205000)/",16400,1000,38200,625000000,150,false,0.92
"HTN",91633,"/Date(1701656205000)/",16400,1000,37200,608000000,150,false,0.92
"HTN",91630,"/Date(1701656203000)/",16400,1000,36200,592000000,150,false,0.92
"HTN",91614,"/Date(1701656187000)/",16400,3000,35200,576000000,150,false,0.92
"HTN",91605,"/Date(1701656177000)/",16350,100,32200,526000000,100,false,0.62
"HTN",91605,"/Date(1701656177000)/",16350,200,32100,525000000,100,false,0.62
"HTN",91602,"/Date(1701656175000)/",16350,900,31900,522000000,100,false,0.62
"HTN",91555,"/Date(1701656168000)/",16350,1000,31000,507000000,100,false,0.62
"HTN",91549,"/Date(1701656163000)/",16350,1200,30000,491000000,100,true,0.62
"HTN",91549,"/Date(1701656163000)/",16350,800,28800,471000000,100,true,0.62
"HTN",91543,"/Date(1701656156000)/",16350,200,28000,458000000,100,true,0.62
"HTN",91543,"/Date(1701656156000)/",16350,100,27800,455000000,100,true,0.62
"HTN",91530,"/Date(1701656142000)/",16400,5000,27700,453000000,150,false,0.92
"HTN",91530,"/Date(1701656142000)/",16400,5000,22700,371000000,150,false,0.92
"HTN",91514,"/Date(1701656127000)/",16350,1000,17700,289000000,100,true,0.62
"HTN",91449,"/Date(1701656100000)/",16350,16700,16700,273000000,100,true,0.62
