"Stockcode","Package","TradingDate","Price","Vol","TotalVol","TotalVal","Change","IsBuy","PerChange"
"IDJ",144535,"/Date(1701675901000)/",6200,23800,2287377,14185147600,100,true,1.64
"IDJ",144525,"/Date(1701675900000)/",6200,41400,2263577,14037587600,100,true,1.64
"IDJ",142943,"/Date(1701674983000)/",6300,600,2222177,13780907600,200,false,3.28
"IDJ",142807,"/Date(1701674887000)/",6300,2,2221577,13777127600,200,false,3.28
"IDJ",142621,"/Date(1701674781000)/",6300,1000,2221575,13777115200,200,false,3.28
"IDJ",142550,"/Date(1701674751000)/",6300,2500,2220575,13770815200,200,false,3.28
"IDJ",142517,"/Date(1701674718000)/",6300,100,2218075,13755065200,200,false,3.28
"IDJ",142215,"/Date(1701674536000)/",6300,21400,2217975,13754435200,200,false,3.28
"IDJ",142133,"/Date(1701674494000)/",6200,200,2196575,13619615200,100,true,1.64
"IDJ",142123,"/Date(1701674484000)/",6300,22,2196375,13618375200,200,false,3.28
"IDJ",142109,"/Date(1701674470000)/",6300,100,2196353,13618238800,200,false,3.28
"IDJ",142042,"/Date(1701674443000)/",6300,2500,2196253,13617608800,200,false,3.28
"IDJ",142040,"/Date(1701674441000)/",6300,400,2193753,13601858800,200,false,3.28
"IDJ",141959,"/Date(1701674400000)/",6300,2000,2193353,13599338800,200,false,3.28
"IDJ",141856,"/Date(1701674337000)/",6300,100,2191353,13586738800,200,false,3.28
"IDJ",141757,"/Date(1701674278000)/",6300,100,2191253,13586108800,200,false,3.28
"IDJ",141705,"/Date(1701674225000)/",6300,100,2191153,13585478800,200,false,3.28
"IDJ",141657,"/Date(1701674217000)/",6300,800,2191053,13584848800,200,false,3.28
"IDJ",141401,"/Date(1701674041000)/",6200,1000,2190253,13579808800,100,true,1.64
"IDJ",141323,"/Date(1701674003000)/",6300,4600,2189253,13573608800,200,false,3.28
"IDJ",141308,"/Date(1701673988000)/",6300,5000,2184653,13544628800,200,false,3.28
"IDJ",141128,"/Date(1701673888000)/",6300,100,2179653,13513128800,200,false,3.28
"IDJ",141049,"/Date(1701673849000)/",6300,200,2179553,13512498800,200,false,3.28
"IDJ",140911,"/Date(1701673751000)/",6300,100,2179353,13511238800,200,false,3.28
"IDJ",140756,"/Date(1701673676000)/",6200,200,2179253,13510608800,100,true,1.64
"IDJ",140750,"/Date(1701673670000)/",6300,500,2179053,13509368800,200,false,3.28
"IDJ",140707,"/Date(1701673627000)/",6200,1000,2178553,13506218800,100,true,1.64
"IDJ",140600,"/Date(1701673560000)/",6300,10000,2177553,13500018800,200,false,3.28
"IDJ",140401,"/Date(1701673441000)/",6300,500,2167553,13437018800,200,false,3.28
"IDJ",140236,"/Date(1701673356000)/",6200,1000,2167053,13433868800,100,true,1.64
"IDJ",140153,"/Date(1701673313000)/",6300,700,2166053,13427668800,200,false,3.28
"IDJ",140152,"/Date(1701673312000)/",6300,2000,2165353,13423258800,200,false,3.28
"IDJ",140143,"/Date(1701673303000)/",6300,1000,2163353,13410658800,200,false,3.28
"IDJ",140109,"/Date(1701673265000)/",6300,1000,2162353,13404358800,200,false,3.28
"IDJ",135859,"/Date(1701673140000)/",6300,2300,2161353,13398058800,200,false,3.28
"IDJ",135841,"/Date(1701673122000)/",6300,100,2159053,13383568800,200,false,3.28
"IDJ",135713,"/Date(1701673034000)/",6300,200,2158953,13382938800,200,false,3.28
"IDJ",135432,"/Date(1701672873000)/",6300,1000,2158753,13381678800,200,false,3.28
"IDJ",135428,"/Date(1701672869000)/",6300,200,2157753,13375378800,200,false,3.28
"IDJ",135252,"/Date(1701672773000)/",6300,100,2157553,13374118800,200,false,3.28
"IDJ",135105,"/Date(1701672666000)/",6200,1,2157453,13373488800,100,true,1.64
"IDJ",135051,"/Date(1701672652000)/",6200,99,2157452,13373482500,100,true,1.64
"IDJ",134821,"/Date(1701672501000)/",6200,2000,2157353,13372861700,100,true,1.64
"IDJ",134739,"/Date(1701672459000)/",6300,14,2155353,13360461700,200,false,3.28
"IDJ",134737,"/Date(1701672457000)/",6300,3500,2155339,13360376300,200,false,3.28
"IDJ",134729,"/Date(1701672449000)/",6200,100,2151839,13338326300,100,true,1.64
"IDJ",134719,"/Date(1701672439000)/",6200,100,2151739,13337706300,100,true,1.64
"IDJ",134615,"/Date(1701672375000)/",6200,2000,2151639,13337086300,100,true,1.64
"IDJ",134614,"/Date(1701672374000)/",6200,4000,2149639,13324686300,100,true,1.64
"IDJ",134613,"/Date(1701672373000)/",6200,400,2145639,13299886300,100,true,1.64
"IDJ",134604,"/Date(1701672364000)/",6200,4500,2145239,13297406300,100,true,1.64
"IDJ",134559,"/Date(1701672359000)/",6200,2200,2140739,13269506300,100,true,1.64
"IDJ",134550,"/Date(1701672350000)/",6200,100000,2138539,13255866300,100,true,1.64
"IDJ",134521,"/Date(1701672321000)/",6200,2400,2038539,12635866300,100,true,1.64
"IDJ",134428,"/Date(1701672268000)/",6200,10000,2036139,12620986300,100,true,1.64
"IDJ",134233,"/Date(1701672153000)/",6200,300,2026139,12558986300,100,true,1.64
"IDJ",134228,"/Date(1701672148000)/",6300,1700,2025839,12557126300,200,false,3.28
"IDJ",134221,"/Date(1701672141000)/",6300,200,2024139,12546416300,200,false,3.28
"IDJ",134157,"/Date(1701672117000)/",6300,200,2023939,12545156300,200,false,3.28
"IDJ",134102,"/Date(1701672062000)/",6300,100,2023739,12543896300,200,false,3.28
"IDJ",134055,"/Date(1701672055000)/",6300,5000,2023639,12543266300,200,false,3.28
"IDJ",134014,"/Date(1701672014000)/",6300,10000,2018639,12511766300,200,false,3.28
"IDJ",133952,"/Date(1701671992000)/",6300,3100,2008639,12448766300,200,false,3.28
"IDJ",133933,"/Date(1701671973000)/",6300,5000,2005539,12429236300,200,false,3.28
"IDJ",133906,"/Date(1701671946000)/",6300,10000,2000539,12397736300,200,false,3.28
"IDJ",133845,"/Date(1701671925000)/",6300,1000,1990539,12334736300,200,false,3.28
"IDJ",133833,"/Date(1701671913000)/",6300,10000,1989539,12328436300,200,false,3.28
"IDJ",133825,"/Date(1701671905000)/",6300,1700,1979539,12265436300,200,false,3.28
"IDJ",133805,"/Date(1701671885000)/",6300,3000,1977839,12254726300,200,false,3.28
"IDJ",133725,"/Date(1701671845000)/",6300,2500,1974839,12235826300,200,false,3.28
"IDJ",133708,"/Date(1701671828000)/",6300,4000,1972339,12220076300,200,false,3.28
"IDJ",133410,"/Date(1701671650000)/",6300,5000,1968339,12194876300,200,false,3.28
"IDJ",133358,"/Date(1701671638000)/",6300,600,1963339,12163376300,200,false,3.28
"IDJ",133341,"/Date(1701671621000)/",6300,5000,1962739,12159596300,200,false,3.28
"IDJ",133334,"/Date(1701671614000)/",6300,10000,1957739,12128096300,200,false,3.28
"IDJ",133320,"/Date(1701671600000)/",6300,7000,1947739,12065096300,200,false,3.28
"IDJ",133312,"/Date(1701671592000)/",6300,1600,1940739,12020996300,200,false,3.28
"IDJ",133306,"/Date(1701671586000)/",6300,700,1939139,12010916300,200,false,3.28
"IDJ",133304,"/Date(1701671585000)/",6300,300,1938439,12006506300,200,false,3.28
"IDJ",133245,"/Date(1701671565000)/",6300,300,1938139,12004616300,200,false,3.28
"IDJ",133236,"/Date(1701671557000)/",6300,4000,1937839,12002726300,200,false,3.28
"IDJ",133229,"/Date(1701671549000)/",6300,10000,1933839,11977526300,200,false,3.28
"IDJ",133224,"/Date(1701671545000)/",6300,3000,1923839,11914526300,200,false,3.28
"IDJ",133218,"/Date(1701671538000)/",6300,9000,1920839,11895626300,200,false,3.28
"IDJ",133214,"/Date(1701671534000)/",6300,10000,1911839,11838926300,200,false,3.28
"IDJ",133139,"/Date(1701671500000)/",6300,4000,1901839,11775926300,200,false,3.28
"IDJ",133118,"/Date(1701671479000)/",6300,5200,1897839,11750726300,200,false,3.28
"IDJ",133114,"/Date(1701671475000)/",6300,600,1892639,11717966300,200,false,3.28
"IDJ",133107,"/Date(1701671468000)/",6300,20000,1892039,11714186300,200,false,3.28
"IDJ",133059,"/Date(1701671459000)/",6300,20000,1872039,11588186300,200,false,3.28
"IDJ",133056,"/Date(1701671457000)/",6300,200,1852039,11462186300,200,false,3.28
"IDJ",133049,"/Date(1701671449000)/",6300,5000,1851839,11460926300,200,false,3.28
"IDJ",133046,"/Date(1701671447000)/",6300,5000,1846839,11429426300,200,false,3.28
"IDJ",133039,"/Date(1701671440000)/",6300,5000,1841839,11397926300,200,false,3.28
"IDJ",133037,"/Date(1701671438000)/",6300,11000,1836839,11366426300,200,false,3.28
"IDJ",133032,"/Date(1701671433000)/",6300,400,1825839,11297126300,200,false,3.28
"IDJ",133031,"/Date(1701671432000)/",6300,200,1825439,11294606300,200,false,3.28
"IDJ",133014,"/Date(1701671415000)/",6300,2000,1825239,11293346300,200,false,3.28
"IDJ",133008,"/Date(1701671409000)/",6300,500,1823239,11280746300,200,false,3.28
"IDJ",133003,"/Date(1701671404000)/",6300,18000,1822739,11277596300,200,false,3.28
"IDJ",133002,"/Date(1701671403000)/",6300,100,1804739,11164196300,200,false,3.28
"IDJ",132958,"/Date(1701671399000)/",6300,1300,1804639,11163566300,200,false,3.28
"IDJ",132949,"/Date(1701671390000)/",6300,70000,1803339,11155376300,200,false,3.28
"IDJ",132925,"/Date(1701671366000)/",6300,300,1733339,10714376300,200,false,3.28
"IDJ",132904,"/Date(1701671345000)/",6300,100,1733039,10712486300,200,false,3.28
"IDJ",132859,"/Date(1701671340000)/",6300,18200,1732939,10711856300,200,false,3.28
"IDJ",132858,"/Date(1701671339000)/",6200,10000,1714739,10597196300,100,true,1.64
"IDJ",132857,"/Date(1701671338000)/",6300,100,1704739,10535196300,200,false,3.28
"IDJ",132852,"/Date(1701671333000)/",6200,3200,1704639,10534566300,100,true,1.64
"IDJ",132845,"/Date(1701671326000)/",6300,13100,1701439,10514726300,200,false,3.28
"IDJ",132834,"/Date(1701671315000)/",6300,30000,1688339,10432196300,200,false,3.28
"IDJ",132817,"/Date(1701671298000)/",6300,20000,1658339,10243196300,200,false,3.28
"IDJ",132746,"/Date(1701671267000)/",6200,5000,1638339,10117196300,100,true,1.64
"IDJ",132745,"/Date(1701671266000)/",6200,7000,1633339,10086196300,100,true,1.64
"IDJ",132611,"/Date(1701671172000)/",6200,600,1626339,10042796300,100,true,1.64
"IDJ",132535,"/Date(1701671136000)/",6200,1000,1625739,10039076300,100,true,1.64
"IDJ",132440,"/Date(1701671081000)/",6300,3000,1624739,10032876300,200,false,3.28
"IDJ",132426,"/Date(1701671067000)/",6300,1,1621739,10013976300,200,false,3.28
"IDJ",132339,"/Date(1701671020000)/",6300,20000,1621738,10013970100,200,false,3.28
"IDJ",132332,"/Date(1701671013000)/",6200,1000,1601738,9887970100,100,true,1.64
"IDJ",132254,"/Date(1701670975000)/",6300,2000,1600738,9881770100,200,false,3.28
"IDJ",132246,"/Date(1701670967000)/",6300,1200,1598738,9869170100,200,false,3.28
"IDJ",132229,"/Date(1701670950000)/",6300,2000,1597538,9861610100,200,false,3.28
"IDJ",132213,"/Date(1701670933000)/",6200,1000,1595538,9849010100,100,true,1.64
"IDJ",132129,"/Date(1701670889000)/",6300,20000,1594538,9842810100,200,false,3.28
"IDJ",132128,"/Date(1701670888000)/",6300,2000,1574538,9716810100,200,false,3.28
"IDJ",132106,"/Date(1701670866000)/",6300,400,1572538,9704210100,200,false,3.28
"IDJ",132102,"/Date(1701670862000)/",6300,3000,1572138,9701690100,200,false,3.28
"IDJ",132101,"/Date(1701670861000)/",6300,2000,1569138,9682790100,200,false,3.28
"IDJ",132050,"/Date(1701670850000)/",6300,10000,1567138,9670190100,200,false,3.28
"IDJ",132046,"/Date(1701670846000)/",6300,600,1557138,9607190100,200,false,3.28
"IDJ",132041,"/Date(1701670841000)/",6300,100,1556538,9603410100,200,false,3.28
"IDJ",132038,"/Date(1701670838000)/",6300,5000,1556438,9602780100,200,false,3.28
"IDJ",132037,"/Date(1701670837000)/",6300,38500,1551438,9571280100,200,true,3.28
"IDJ",132032,"/Date(1701670832000)/",6300,19900,1512938,9328730100,200,false,3.28
"IDJ",132031,"/Date(1701670831000)/",6300,2000,1493038,9203360100,200,false,3.28
"IDJ",132028,"/Date(1701670828000)/",6300,400,1491038,9190760100,200,false,3.28
"IDJ",132024,"/Date(1701670824000)/",6300,2000,1490638,9188240100,200,false,3.28
"IDJ",132021,"/Date(1701670821000)/",6300,1100,1488638,9175640100,200,false,3.28
"IDJ",132017,"/Date(1701670817000)/",6300,10000,1487538,9168710100,200,false,3.28
"IDJ",132012,"/Date(1701670812000)/",6300,5000,1477538,9105710100,200,false,3.28
"IDJ",132010,"/Date(1701670810000)/",6300,500,1472538,9074210100,200,false,3.28
"IDJ",132008,"/Date(1701670808000)/",6300,200,1472038,9071060100,200,false,3.28
"IDJ",132006,"/Date(1701670806000)/",6300,2000,1471838,9069800100,200,false,3.28
"IDJ",132004,"/Date(1701670804000)/",6300,400,1469838,9057200100,200,false,3.28
"IDJ",131958,"/Date(1701670798000)/",6300,6200,1469438,9054680100,200,false,3.28
"IDJ",131955,"/Date(1701670795000)/",6300,2500,1463238,9015620100,200,false,3.28
"IDJ",131952,"/Date(1701670792000)/",6300,30,1460738,8999870100,200,false,3.28
"IDJ",131951,"/Date(1701670791000)/",6300,40000,1460708,8999684100,200,false,3.28
"IDJ",131950,"/Date(1701670790000)/",6300,4900,1420708,8747684100,200,false,3.28
"IDJ",131948,"/Date(1701670788000)/",6300,5000,1415808,8716814100,200,false,3.28
"IDJ",131945,"/Date(1701670785000)/",6300,200,1410808,8685314100,200,false,3.28
"IDJ",131944,"/Date(1701670784000)/",6300,28000,1410608,8684054100,200,false,3.28
"IDJ",131940,"/Date(1701670780000)/",6300,200,1382608,8507654100,200,false,3.28
"IDJ",131939,"/Date(1701670779000)/",6300,1500,1382408,8506394100,200,false,3.28
"IDJ",131924,"/Date(1701670764000)/",6300,800,1380908,8496944100,200,false,3.28
"IDJ",131922,"/Date(1701670762000)/",6300,2000,1380108,8491904100,200,false,3.28
"IDJ",131920,"/Date(1701670760000)/",6200,5000,1378108,8479304100,100,true,1.64
"IDJ",131858,"/Date(1701670738000)/",6300,700,1373108,8448304100,200,false,3.28
"IDJ",131857,"/Date(1701670737000)/",6300,2000,1372408,8443894100,200,false,3.28
"IDJ",131856,"/Date(1701670736000)/",6300,500,1370408,8431294100,200,false,3.28
"IDJ",131854,"/Date(1701670734000)/",6300,2000,1369908,8428144100,200,false,3.28
"IDJ",131851,"/Date(1701670731000)/",6300,24400,1367908,8415544100,200,false,3.28
"IDJ",131848,"/Date(1701670728000)/",6300,50000,1343508,8261824100,200,false,3.28
"IDJ",131847,"/Date(1701670727000)/",6300,400,1293508,7946824100,200,false,3.28
"IDJ",131834,"/Date(1701670714000)/",6300,4700,1293108,7944304100,200,false,3.28
"IDJ",131833,"/Date(1701670713000)/",6300,3400,1288408,7914694100,200,false,3.28
"IDJ",131830,"/Date(1701670710000)/",6300,100,1285008,7893274100,200,false,3.28
"IDJ",131750,"/Date(1701670670000)/",6300,700,1284908,7892644100,200,false,3.28
"IDJ",131737,"/Date(1701670657000)/",6300,800,1284208,7888234100,200,false,3.28
"IDJ",131641,"/Date(1701670601000)/",6200,2100,1283408,7883194100,100,false,1.64
"IDJ",131640,"/Date(1701670600000)/",6200,6000,1281308,7870174100,100,false,1.64
"IDJ",131638,"/Date(1701670598000)/",6200,30300,1275308,7832974100,100,false,1.64
"IDJ",131637,"/Date(1701670597000)/",6200,9000,1245008,7645114100,100,false,1.64
"IDJ",131636,"/Date(1701670596000)/",6200,12400,1236008,7589314100,100,false,1.64
"IDJ",131635,"/Date(1701670595000)/",6200,19400,1223608,7512434100,100,false,1.64
"IDJ",131633,"/Date(1701670593000)/",6200,21000,1204208,7392154100,100,false,1.64
"IDJ",131628,"/Date(1701670588000)/",6200,25700,1183208,7261954100,100,false,1.64
"IDJ",131626,"/Date(1701670586000)/",6200,40000,1157508,7102614100,100,false,1.64
"IDJ",131624,"/Date(1701670584000)/",6200,200,1117508,6854614100,100,false,1.64
"IDJ",131620,"/Date(1701670580000)/",6200,10000,1117308,6853374100,100,false,1.64
"IDJ",131619,"/Date(1701670579000)/",6200,10000,1107308,6791374100,100,false,1.64
"IDJ",131616,"/Date(1701670576000)/",6200,2000,1097308,6729374100,100,false,1.64
"IDJ",131613,"/Date(1701670573000)/",6200,10200,1095308,6716974100,100,false,1.64
"IDJ",131611,"/Date(1701670571000)/",6200,11300,1085108,6653734100,100,false,1.64
"IDJ",131608,"/Date(1701670568000)/",6200,25400,1073808,6583674100,100,false,1.64
"IDJ",131603,"/Date(1701670563000)/",6200,10000,1048408,6426194100,100,false,1.64
"IDJ",131555,"/Date(1701670555000)/",6200,5000,1038408,6364194100,100,false,1.64
"IDJ",131549,"/Date(1701670549000)/",6200,3800,1033408,6333194100,100,false,1.64
"IDJ",131537,"/Date(1701670537000)/",6200,8000,1029608,6309634100,100,false,1.64
"IDJ",131507,"/Date(1701670507000)/",6200,8000,1021608,6260034100,100,false,1.64
"IDJ",131504,"/Date(1701670504000)/",6100,500,1013608,6210434100,0,true,0
"IDJ",131502,"/Date(1701670502000)/",6200,20000,1013108,6207384100,100,false,1.64
"IDJ",131459,"/Date(1701670499000)/",6200,10000,993108,6083384100,100,false,1.64
"IDJ",131454,"/Date(1701670494000)/",6200,10000,983108,6021384100,100,false,1.64
"IDJ",131450,"/Date(1701670490000)/",6200,25800,973108,5959384100,100,false,1.64
"IDJ",131442,"/Date(1701670482000)/",6200,7000,947308,5799424100,100,false,1.64
"IDJ",131432,"/Date(1701670472000)/",6200,100,940308,5756024100,100,false,1.64
"IDJ",131427,"/Date(1701670467000)/",6200,5900,940208,5755404100,100,false,1.64
"IDJ",131410,"/Date(1701670450000)/",6200,10000,934308,5718824100,100,false,1.64
"IDJ",131408,"/Date(1701670448000)/",6200,5000,924308,5656824100,100,false,1.64
"IDJ",131342,"/Date(1701670422000)/",6200,1000,919308,5625824100,100,false,1.64
"IDJ",131331,"/Date(1701670411000)/",6200,5000,918308,5619624100,100,false,1.64
"IDJ",131247,"/Date(1701670367000)/",6200,200,913308,5588624100,100,false,1.64
"IDJ",131139,"/Date(1701670299000)/",6200,500,913108,5587384100,100,false,1.64
"IDJ",131123,"/Date(1701670283000)/",6100,2000,912608,5584284100,0,true,0
"IDJ",131106,"/Date(1701670266000)/",6100,1100,910608,5572084100,0,true,0
"IDJ",131021,"/Date(1701670221000)/",6100,300,909508,5565374100,0,true,0
"IDJ",131015,"/Date(1701670215000)/",6200,200,909208,5563544100,100,false,1.64
"IDJ",131013,"/Date(1701670213000)/",6200,1000,909008,5562304100,100,false,1.64
"IDJ",130955,"/Date(1701670195000)/",6200,500,908008,5556104100,100,false,1.64
"IDJ",130938,"/Date(1701670178000)/",6200,3000,907508,5553004100,100,false,1.64
"IDJ",130905,"/Date(1701670145000)/",6200,38000,904508,5534404100,100,false,1.64
"IDJ",130817,"/Date(1701670097000)/",6200,2000,866508,5298804100,100,false,1.64
"IDJ",130805,"/Date(1701670085000)/",6200,800,864508,5286404100,100,false,1.64
"IDJ",130637,"/Date(1701669998000)/",6100,2800,863708,5281444100,0,true,0
"IDJ",130614,"/Date(1701669975000)/",6200,1000,860908,5264364100,100,false,1.64
"IDJ",130547,"/Date(1701669947000)/",6200,100,859908,5258164100,100,false,1.64
"IDJ",130513,"/Date(1701669914000)/",6100,39,859808,5257544100,0,true,0
"IDJ",130316,"/Date(1701669797000)/",6100,2700,859769,5257306200,0,true,0
"IDJ",130045,"/Date(1701669610000)/",6100,10700,857069,5240836200,0,true,0
"IDJ",130041,"/Date(1701669608000)/",6100,5046,846369,5175566200,0,true,0
"IDJ",130039,"/Date(1701669607000)/",6100,300,841323,5144781000,0,true,0
"IDJ",130028,"/Date(1701669604000)/",6100,5000,841023,5142951000,0,true,0
"IDJ",112706,"/Date(1701664026000)/",6100,27000,836023,5112451000,0,true,0
"IDJ",112442,"/Date(1701663882000)/",6200,800,809023,4947751000,100,false,1.64
"IDJ",112145,"/Date(1701663705000)/",6200,100,808223,4942791000,100,false,1.64
"IDJ",111815,"/Date(1701663495000)/",6200,400,808123,4942171000,100,false,1.64
"IDJ",111556,"/Date(1701663357000)/",6200,9000,807723,4939691000,100,false,1.64
"IDJ",111300,"/Date(1701663180000)/",6200,400,798723,4883891000,100,false,1.64
"IDJ",111001,"/Date(1701663001000)/",6200,700,798323,4881411000,100,false,1.64
"IDJ",110939,"/Date(1701662979000)/",6200,300,797623,4877071000,100,false,1.64
"IDJ",110815,"/Date(1701662895000)/",6200,1500,797323,4875211000,100,false,1.64
"IDJ",110732,"/Date(1701662852000)/",6200,3000,795823,4865911000,100,false,1.64
"IDJ",110659,"/Date(1701662819000)/",6200,5000,792823,4847311000,100,false,1.64
"IDJ",110640,"/Date(1701662800000)/",6200,20000,787823,4816311000,100,false,1.64
"IDJ",110624,"/Date(1701662784000)/",6200,8000,767823,4692311000,100,false,1.64
"IDJ",110605,"/Date(1701662765000)/",6200,5000,759823,4642711000,100,false,1.64
"IDJ",110352,"/Date(1701662632000)/",6200,100,754823,4611711000,100,false,1.64
"IDJ",110243,"/Date(1701662563000)/",6200,1000,754723,4611091000,100,false,1.64
"IDJ",110130,"/Date(1701662490000)/",6200,1000,753723,4604891000,100,false,1.64
"IDJ",110108,"/Date(1701662468000)/",6200,1000,752723,4598691000,100,false,1.64
"IDJ",105842,"/Date(1701662322000)/",6100,3000,751723,4592491000,0,true,0
"IDJ",105802,"/Date(1701662282000)/",6200,200,748723,4574191000,100,false,1.64
"IDJ",105657,"/Date(1701662217000)/",6200,3800,748523,4572951000,100,false,1.64
"IDJ",105649,"/Date(1701662209000)/",6200,600,744723,4549391000,100,false,1.64
"IDJ",105645,"/Date(1701662205000)/",6200,1000,744123,4545671000,100,false,1.64
"IDJ",105440,"/Date(1701662080000)/",6200,3700,743123,4539471000,100,false,1.64
"IDJ",105332,"/Date(1701662012000)/",6200,100,739423,4516531000,100,false,1.64
"IDJ",105227,"/Date(1701661947000)/",6100,3500,739323,4515911000,0,true,0
"IDJ",105159,"/Date(1701661919000)/",6200,10000,735823,4494561000,100,false,1.64
"IDJ",105139,"/Date(1701661899000)/",6200,9000,725823,4432561000,100,false,1.64
"IDJ",105122,"/Date(1701661882000)/",6200,3000,716823,4376761000,100,false,1.64
"IDJ",105111,"/Date(1701661871000)/",6200,200,713823,4358161000,100,false,1.64
"IDJ",105051,"/Date(1701661851000)/",6200,1500,713623,4356921000,100,false,1.64
"IDJ",105041,"/Date(1701661841000)/",6200,10000,712123,4347621000,100,false,1.64
"IDJ",105019,"/Date(1701661819000)/",6200,1000,702123,4285621000,100,false,1.64
"IDJ",105007,"/Date(1701661807000)/",6200,200,701123,4279421000,100,false,1.64
"IDJ",104913,"/Date(1701661753000)/",6200,200,700923,4278181000,100,false,1.64
"IDJ",104527,"/Date(1701661528000)/",6200,400,700723,4276941000,100,false,1.64
"IDJ",104513,"/Date(1701661514000)/",6200,3000,700323,4274461000,100,false,1.64
"IDJ",104330,"/Date(1701661411000)/",6200,4800,697323,4255861000,100,false,1.64
"IDJ",104300,"/Date(1701661380000)/",6200,100,692523,4226101000,100,false,1.64
"IDJ",104223,"/Date(1701661343000)/",6200,600,692423,4225481000,100,false,1.64
"IDJ",103941,"/Date(1701661181000)/",6200,6000,691823,4221761000,100,false,1.64
"IDJ",103845,"/Date(1701661125000)/",6200,500,685823,4184561000,100,false,1.64
"IDJ",103836,"/Date(1701661116000)/",6100,500,685323,4181461000,0,true,0
"IDJ",103835,"/Date(1701661115000)/",6200,1100,684823,4178411000,100,false,1.64
"IDJ",103834,"/Date(1701661114000)/",6100,20,683723,4171591000,0,true,0
"IDJ",103711,"/Date(1701661031000)/",6100,100,683703,4171467000,0,true,0
"IDJ",103538,"/Date(1701660938000)/",6200,10000,683603,4170857000,100,false,1.64
"IDJ",103424,"/Date(1701660864000)/",6200,100,673603,4108857000,100,false,1.64
"IDJ",103419,"/Date(1701660859000)/",6100,100,673503,4108237000,0,true,0
"IDJ",103352,"/Date(1701660832000)/",6100,200,673403,4107627000,0,true,0
"IDJ",103028,"/Date(1701660628000)/",6100,100,673203,4106407000,0,true,0
"IDJ",102832,"/Date(1701660512000)/",6100,51,673103,4105797000,0,true,0
"IDJ",102607,"/Date(1701660367000)/",6100,1000,673052,4105487200,0,true,0
"IDJ",102304,"/Date(1701660184000)/",6200,100,672052,4099387200,100,false,1.64
"IDJ",102303,"/Date(1701660183000)/",6100,1000,671952,4098767200,0,true,0
"IDJ",102216,"/Date(1701660136000)/",6100,1200,670952,4092667200,0,false,0
"IDJ",102046,"/Date(1701660046000)/",6100,14000,669752,4085347200,0,false,0
"IDJ",102023,"/Date(1701660023000)/",6100,10000,655752,3999947200,0,false,0
"IDJ",102004,"/Date(1701660004000)/",6100,10000,645752,3938947200,0,false,0
"IDJ",101732,"/Date(1701659852000)/",6100,100,635752,3877947200,0,false,0
"IDJ",101728,"/Date(1701659848000)/",6100,700,635652,3877337200,0,false,0
"IDJ",101653,"/Date(1701659813000)/",6100,5000,634952,3873067200,0,false,0
"IDJ",101626,"/Date(1701659786000)/",6100,200,629952,3842567200,0,false,0
"IDJ",101601,"/Date(1701659761000)/",6100,3000,629752,3841347200,0,false,0
"IDJ",101521,"/Date(1701659721000)/",6100,8600,626752,3823047200,0,false,0
"IDJ",101508,"/Date(1701659709000)/",6100,700,618152,3770587200,0,true,0
"IDJ",101506,"/Date(1701659707000)/",6100,2000,617452,3766317200,0,true,0
"IDJ",101207,"/Date(1701659528000)/",6100,10000,615452,3754117200,0,true,0
"IDJ",100812,"/Date(1701659292000)/",6100,64700,605452,3693117200,0,true,0
"IDJ",100806,"/Date(1701659286000)/",6100,300,540752,3298447200,0,false,0
"IDJ",100703,"/Date(1701659223000)/",6100,12,540452,3296617200,0,false,0
"IDJ",100657,"/Date(1701659217000)/",6100,13000,540440,3296544000,0,false,0
"IDJ",100406,"/Date(1701659046000)/",6100,1000,527440,3217244000,0,false,0
"IDJ",100213,"/Date(1701658933000)/",6100,50,526440,3211144000,0,false,0
"IDJ",100212,"/Date(1701658932000)/",6100,5300,526390,3210839000,0,false,0
"IDJ",100203,"/Date(1701658923000)/",6100,100,521090,3178509000,0,false,0
"IDJ",100120,"/Date(1701658880000)/",6100,100,520990,3177899000,0,false,0
"IDJ",100118,"/Date(1701658878000)/",6100,5000,520890,3177289000,0,false,0
"IDJ",100047,"/Date(1701658847000)/",6100,2600,515890,3146789000,0,false,0
"IDJ",95904,"/Date(1701658744000)/",6100,4000,513290,3130929000,0,false,0
"IDJ",95859,"/Date(1701658739000)/",6100,100,509290,3106529000,0,false,0
"IDJ",95821,"/Date(1701658701000)/",6100,280,509190,3105919000,0,false,0
"IDJ",95813,"/Date(1701658693000)/",6100,1000,508910,3104211000,0,false,0
"IDJ",95647,"/Date(1701658607000)/",6100,100,507910,3098111000,0,false,0
"IDJ",95643,"/Date(1701658603000)/",6100,1800,507810,3097501000,0,true,0
"IDJ",95632,"/Date(1701658592000)/",6100,1000,506010,3086521000,0,true,0
"IDJ",95620,"/Date(1701658580000)/",6100,2200,505010,3080421000,0,false,0
"IDJ",95549,"/Date(1701658549000)/",6100,700,502810,3067001000,0,false,0
"IDJ",95548,"/Date(1701658548000)/",6100,3000,502110,3062731000,0,false,0
"IDJ",95519,"/Date(1701658519000)/",6100,300,499110,3044431000,0,false,0
"IDJ",95514,"/Date(1701658514000)/",6100,100,498810,3042601000,0,false,0
"IDJ",95459,"/Date(1701658499000)/",6100,7300,498710,3041991000,0,true,0
"IDJ",95433,"/Date(1701658473000)/",6100,1000,491410,2997461000,0,true,0
"IDJ",95425,"/Date(1701658465000)/",6100,5200,490410,2991361000,0,true,0
"IDJ",95417,"/Date(1701658457000)/",6100,1000,485210,2959641000,0,true,0
"IDJ",95406,"/Date(1701658446000)/",6100,300,484210,2953541000,0,true,0
"IDJ",95233,"/Date(1701658353000)/",6100,1000,483910,2951711000,0,true,0
"IDJ",95231,"/Date(1701658351000)/",6100,5000,482910,2945611000,0,true,0
"IDJ",95157,"/Date(1701658317000)/",6100,2000,477910,2915111000,0,true,0
"IDJ",95052,"/Date(1701658252000)/",6100,5000,475910,2902911000,0,true,0
"IDJ",95050,"/Date(1701658250000)/",6100,300,470910,2872411000,0,true,0
"IDJ",95031,"/Date(1701658231000)/",6100,200,470610,2870581000,0,true,0
"IDJ",94948,"/Date(1701658188000)/",6100,1000,470410,2869361000,0,true,0
"IDJ",94929,"/Date(1701658169000)/",6100,400,469410,2863261000,0,true,0
"IDJ",94738,"/Date(1701658058000)/",6100,30000,469010,2860821000,0,true,0
"IDJ",94627,"/Date(1701657987000)/",6100,1000,439010,2677821000,0,true,0
"IDJ",94525,"/Date(1701657925000)/",6100,9000,438010,2671721000,0,true,0
"IDJ",94508,"/Date(1701657908000)/",6100,1000,429010,2616821000,0,false,0
"IDJ",94459,"/Date(1701657899000)/",6100,1500,428010,2610721000,0,false,0
"IDJ",94444,"/Date(1701657884000)/",6100,10000,426510,2601571000,0,false,0
"IDJ",94422,"/Date(1701657862000)/",6100,10000,416510,2540571000,0,false,0
"IDJ",94323,"/Date(1701657803000)/",6100,8500,406510,2479571000,0,true,0
"IDJ",94256,"/Date(1701657776000)/",6100,200,398010,2427721000,0,true,0
"IDJ",93954,"/Date(1701657595000)/",6100,1100,397810,2426501000,0,true,0
"IDJ",93932,"/Date(1701657572000)/",6100,15000,396710,2419791000,0,true,0
"IDJ",93929,"/Date(1701657569000)/",6100,1800,381710,2328291000,0,true,0
"IDJ",93835,"/Date(1701657515000)/",6100,100,379910,2317311000,0,true,0
"IDJ",93511,"/Date(1701657311000)/",6100,1000,379810,2316701000,0,true,0
"IDJ",93447,"/Date(1701657287000)/",6100,5000,378810,2310601000,0,true,0
"IDJ",93400,"/Date(1701657240000)/",6100,9100,373810,2280101000,0,true,0
"IDJ",93319,"/Date(1701657199000)/",6100,1600,364710,2224591000,0,true,0
"IDJ",93203,"/Date(1701657123000)/",6100,1500,363110,2214831000,0,true,0
"IDJ",93202,"/Date(1701657122000)/",6100,50000,361610,2205681000,0,true,0
"IDJ",93114,"/Date(1701657074000)/",6100,1000,311610,1900681000,0,true,0
"IDJ",93112,"/Date(1701657072000)/",6100,3000,310610,1894581000,0,true,0
"IDJ",93034,"/Date(1701657034000)/",6100,3000,307610,1876281000,0,true,0
"IDJ",92926,"/Date(1701656966000)/",6100,2500,304610,1857981000,0,true,0
"IDJ",92850,"/Date(1701656930000)/",6100,10000,302110,1842731000,0,true,0
"IDJ",92708,"/Date(1701656828000)/",6100,74200,292110,1781731000,0,false,0
"IDJ",92517,"/Date(1701656717000)/",6100,2000,217910,1329111000,0,false,0
"IDJ",92516,"/Date(1701656716000)/",6000,200,215910,1316911000,-100,true,-1.64
"IDJ",92457,"/Date(1701656697000)/",6100,2000,215710,1315711000,0,false,0
"IDJ",92358,"/Date(1701656638000)/",6100,5000,213710,1303511000,0,false,0
"IDJ",92315,"/Date(1701656595000)/",6100,1000,208710,1273011000,0,false,0
"IDJ",92300,"/Date(1701656580000)/",6000,1200,207710,1266911000,-100,true,-1.64
"IDJ",92249,"/Date(1701656569000)/",6100,500,206510,1259711000,0,false,0
"IDJ",92233,"/Date(1701656553000)/",6100,500,206010,1256661000,0,false,0
"IDJ",92227,"/Date(1701656547000)/",6100,300,205510,1253611000,0,false,0
"IDJ",92209,"/Date(1701656529000)/",6100,1000,205210,1251781000,0,false,0
"IDJ",92200,"/Date(1701656520000)/",6100,75100,204210,1245681000,0,true,0
"IDJ",92131,"/Date(1701656491000)/",6100,100,129110,787571000,0,true,0
"IDJ",92114,"/Date(1701656474000)/",6100,1000,129010,786961000,0,true,0
"IDJ",92007,"/Date(1701656407000)/",6100,1500,128010,780861000,0,true,0
"IDJ",91953,"/Date(1701656393000)/",6100,200,126510,771711000,0,true,0
"IDJ",91802,"/Date(1701656282000)/",6100,1,126310,770491000,0,true,0
"IDJ",91636,"/Date(1701656196000)/",6100,2000,126309,770484900,0,true,0
"IDJ",91238,"/Date(1701655959000)/",6100,1000,124309,758284900,0,true,0
"IDJ",91209,"/Date(1701655930000)/",6100,5000,123309,752184900,0,false,0
"IDJ",91137,"/Date(1701655897000)/",6100,1,118309,721684900,0,true,0
"IDJ",91013,"/Date(1701655814000)/",6100,3300,118308,721678800,0,true,0
"IDJ",90937,"/Date(1701655778000)/",6100,1700,115008,701548800,0,true,0
"IDJ",90732,"/Date(1701655652000)/",6100,24900,113308,691178800,0,true,0
"IDJ",90526,"/Date(1701655526000)/",6100,200,88408,539288800,0,true,0
"IDJ",90503,"/Date(1701655503000)/",6100,8,88208,538068800,0,false,0
"IDJ",90332,"/Date(1701655412000)/",6100,20000,88200,538020000,0,false,0
"IDJ",90155,"/Date(1701655304000)/",6100,3000,68200,416020000,0,false,0
"IDJ",90154,"/Date(1701655298000)/",6100,30000,65200,397720000,0,false,0
"IDJ",90153,"/Date(1701655293000)/",6100,200,35200,214720000,0,false,0
"IDJ",90119,"/Date(1701655219000)/",6100,30000,35000,213500000,0,false,0
"IDJ",90111,"/Date(1701655215000)/",6100,4000,5000,30500000,0,false,0
"IDJ",90059,"/Date(1701655210000)/",6100,1000,1000,6100000,0,false,0
