"Stockcode","Package","TradingDate","Price","Vol","TotalVol","TotalVal","Change","IsBuy","PerChange"
"MIG",144423,"/Date(1701675901000)/",18100,7600,115300,2072000000,-100,false,-0.55
"MIG",142844,"/Date(1701674965000)/",17950,200,107700,1934000000,-250,false,-1.37
"MIG",142513,"/Date(1701674755000)/",17900,1000,107500,1931000000,-300,true,-1.65
"MIG",142513,"/Date(1701674755000)/",17900,800,106500,1913000000,-300,true,-1.65
"MIG",142450,"/Date(1701674731000)/",17900,4200,105700,1898000000,-300,true,-1.65
"MIG",142450,"/Date(1701674731000)/",17900,500,101500,1823000000,-300,true,-1.65
"MIG",142450,"/Date(1701674731000)/",17900,200,101000,1814000000,-300,true,-1.65
"MIG",142450,"/Date(1701674731000)/",17900,100,100800,1811000000,-300,true,-1.65
"MIG",142450,"/Date(1701674731000)/",17950,500,100700,1809000000,-250,false,-1.37
"MIG",142353,"/Date(1701674673000)/",17950,500,100200,1800000000,-250,false,-1.37
"MIG",142239,"/Date(1701674600000)/",17950,1200,99700,1791000000,-250,true,-1.37
"MIG",141943,"/Date(1701674423000)/",17950,3000,98500,1769000000,-250,true,-1.37
"MIG",141722,"/Date(1701674282000)/",17950,200,95500,1716000000,-250,false,-1.37
"MIG",141659,"/Date(1701674258000)/",17950,100,95300,1712000000,-250,false,-1.37
"MIG",141536,"/Date(1701674177000)/",17950,3000,95200,1710000000,-250,false,-1.37
"MIG",141231,"/Date(1701673991000)/",17800,500,92200,1656000000,-400,true,-2.2
"MIG",141231,"/Date(1701673991000)/",17800,100,91700,1647000000,-400,true,-2.2
"MIG",141231,"/Date(1701673991000)/",17800,400,91600,1646000000,-400,true,-2.2
"MIG",140828,"/Date(1701673748000)/",17800,200,91200,1638000000,-400,true,-2.2
"MIG",140828,"/Date(1701673748000)/",17800,2000,91000,1635000000,-400,true,-2.2
"MIG",140828,"/Date(1701673748000)/",17800,1800,89000,1599000000,-400,true,-2.2
"MIG",140828,"/Date(1701673748000)/",17900,1000,87200,1567000000,-300,true,-1.65
"MIG",140315,"/Date(1701673434000)/",17950,100,86200,1549000000,-250,true,-1.37
"MIG",140311,"/Date(1701673432000)/",17950,1800,86100,1548000000,-250,true,-1.37
"MIG",140252,"/Date(1701673412000)/",17950,400,84300,1515000000,-250,false,-1.37
"MIG",135947,"/Date(1701673225000)/",17800,200,83900,1508000000,-400,true,-2.2
"MIG",135947,"/Date(1701673225000)/",17800,3000,83700,1505000000,-400,true,-2.2
"MIG",135947,"/Date(1701673225000)/",17800,1800,80700,1451000000,-400,true,-2.2
"MIG",135849,"/Date(1701673169000)/",17800,1900,78900,1419000000,-400,true,-2.2
"MIG",135849,"/Date(1701673169000)/",17800,2000,77000,1385000000,-400,true,-2.2
"MIG",135849,"/Date(1701673169000)/",17800,100,75000,1350000000,-400,true,-2.2
"MIG",135849,"/Date(1701673169000)/",17850,1000,74900,1348000000,-350,true,-1.92
"MIG",135707,"/Date(1701673064000)/",17800,1900,73900,1330000000,-400,true,-2.2
"MIG",135707,"/Date(1701673064000)/",17800,200,72000,1296000000,-400,true,-2.2
"MIG",135707,"/Date(1701673064000)/",17800,500,71800,1293000000,-400,true,-2.2
"MIG",135707,"/Date(1701673064000)/",17800,200,71300,1284000000,-400,true,-2.2
"MIG",135707,"/Date(1701673064000)/",17800,100,71100,1280000000,-400,true,-2.2
"MIG",135707,"/Date(1701673064000)/",17800,400,71000,1278000000,-400,true,-2.2
"MIG",135707,"/Date(1701673064000)/",17800,1300,70600,1271000000,-400,true,-2.2
"MIG",135707,"/Date(1701673064000)/",17850,400,69300,1248000000,-350,false,-1.92
"MIG",135638,"/Date(1701673035000)/",17850,100,68900,1241000000,-350,true,-1.92
"MIG",135509,"/Date(1701672946000)/",17800,1700,68800,1239000000,-400,true,-2.2
"MIG",135509,"/Date(1701672946000)/",17800,300,67100,1209000000,-400,true,-2.2
"MIG",135430,"/Date(1701672907000)/",17800,1000,66800,1204000000,-400,true,-2.2
"MIG",135430,"/Date(1701672907000)/",17800,600,65800,1186000000,-400,true,-2.2
"MIG",135430,"/Date(1701672907000)/",17800,1000,65200,1175000000,-400,true,-2.2
"MIG",135430,"/Date(1701672907000)/",17800,100,64200,1157000000,-400,true,-2.2
"MIG",135430,"/Date(1701672907000)/",17800,200,64100,1156000000,-400,true,-2.2
"MIG",135430,"/Date(1701672907000)/",17800,100,63900,1152000000,-400,true,-2.2
"MIG",135430,"/Date(1701672907000)/",17800,100,63800,1150000000,-400,true,-2.2
"MIG",135430,"/Date(1701672907000)/",17800,200,63700,1148000000,-400,true,-2.2
"MIG",135430,"/Date(1701672907000)/",17850,400,63500,1145000000,-350,true,-1.92
"MIG",135430,"/Date(1701672907000)/",17850,100,63100,1138000000,-350,true,-1.92
"MIG",135430,"/Date(1701672907000)/",17850,200,63000,1136000000,-350,true,-1.92
"MIG",135430,"/Date(1701672907000)/",17900,1000,62800,1132000000,-300,true,-1.65
"MIG",135030,"/Date(1701672669000)/",18100,100,61800,1115000000,-100,false,-0.55
"MIG",135027,"/Date(1701672665000)/",17850,200,61700,1113000000,-350,true,-1.92
"MIG",135005,"/Date(1701672641000)/",17800,300,61500,1109000000,-400,true,-2.2
"MIG",135005,"/Date(1701672641000)/",17800,100,61200,1104000000,-400,true,-2.2
"MIG",135005,"/Date(1701672641000)/",17800,500,61100,1102000000,-400,true,-2.2
"MIG",135005,"/Date(1701672641000)/",17800,100,60600,1093000000,-400,true,-2.2
"MIG",135005,"/Date(1701672641000)/",17800,1700,60500,1091000000,-400,true,-2.2
"MIG",135005,"/Date(1701672641000)/",17800,100,58800,1061000000,-400,true,-2.2
"MIG",135005,"/Date(1701672641000)/",17800,100,58700,1059000000,-400,true,-2.2
"MIG",135005,"/Date(1701672641000)/",17850,100,58600,1058000000,-350,true,-1.92
"MIG",134735,"/Date(1701672493000)/",17800,300,58500,1056000000,-400,true,-2.2
"MIG",134735,"/Date(1701672493000)/",17800,100,58200,1050000000,-400,true,-2.2
"MIG",134735,"/Date(1701672493000)/",17800,200,58100,1049000000,-400,true,-2.2
"MIG",134735,"/Date(1701672493000)/",17800,1000,57900,1045000000,-400,true,-2.2
"MIG",134735,"/Date(1701672493000)/",17800,400,56900,1027000000,-400,true,-2.2
"MIG",134735,"/Date(1701672493000)/",17800,500,56500,1020000000,-400,true,-2.2
"MIG",134735,"/Date(1701672493000)/",17900,100,56000,1011000000,-300,false,-1.65
"MIG",134735,"/Date(1701672493000)/",17900,100,55900,1009000000,-300,false,-1.65
"MIG",134735,"/Date(1701672493000)/",17900,300,55800,1008000000,-300,false,-1.65
"MIG",134615,"/Date(1701672412000)/",18100,100,55500,1002000000,-100,false,-0.55
"MIG",134234,"/Date(1701672191000)/",17900,600,55400,1000000000,-300,true,-1.65
"MIG",134234,"/Date(1701672191000)/",17900,700,54800,990000000,-300,true,-1.65
"MIG",134234,"/Date(1701672191000)/",18000,100,54100,977000000,-200,false,-1.1
"MIG",134234,"/Date(1701672191000)/",18000,1600,54000,975000000,-200,false,-1.1
"MIG",134118,"/Date(1701672114000)/",18000,2900,52400,947000000,-200,true,-1.1
"MIG",134023,"/Date(1701672057000)/",17900,1300,49500,894000000,-300,true,-1.65
"MIG",134023,"/Date(1701672057000)/",17900,100,48200,871000000,-300,true,-1.65
"MIG",134023,"/Date(1701672057000)/",17900,400,48100,869000000,-300,true,-1.65
"MIG",134023,"/Date(1701672057000)/",17950,200,47700,862000000,-250,true,-1.37
"MIG",133958,"/Date(1701672035000)/",17900,100,47500,859000000,-300,true,-1.65
"MIG",133932,"/Date(1701672010000)/",18100,100,47400,857000000,-100,false,-0.55
"MIG",133806,"/Date(1701671923000)/",17900,100,47300,855000000,-300,true,-1.65
"MIG",133806,"/Date(1701671923000)/",17900,500,47200,853000000,-300,true,-1.65
"MIG",133806,"/Date(1701671923000)/",17900,100,46700,844000000,-300,true,-1.65
"MIG",133806,"/Date(1701671923000)/",17900,200,46600,842000000,-300,true,-1.65
"MIG",133806,"/Date(1701671923000)/",17900,200,46400,839000000,-300,true,-1.65
"MIG",133806,"/Date(1701671923000)/",17900,200,46200,835000000,-300,true,-1.65
"MIG",133806,"/Date(1701671923000)/",17950,400,46000,832000000,-250,false,-1.37
"MIG",133806,"/Date(1701671923000)/",18000,100,45600,825000000,-200,false,-1.1
"MIG",133806,"/Date(1701671923000)/",18000,100,45500,823000000,-200,false,-1.1
"MIG",133806,"/Date(1701671923000)/",18000,100,45400,821000000,-200,false,-1.1
"MIG",133548,"/Date(1701671786000)/",18050,200,45300,819000000,-150,true,-0.82
"MIG",133048,"/Date(1701671484000)/",18050,800,45100,816000000,-150,true,-0.82
"MIG",133048,"/Date(1701671484000)/",18050,400,44300,801000000,-150,true,-0.82
"MIG",132938,"/Date(1701671414000)/",18050,100,43900,794000000,-150,true,-0.82
"MIG",131727,"/Date(1701670682000)/",18150,500,43800,792000000,-50,true,-0.27
"MIG",131620,"/Date(1701670614000)/",18100,3000,43300,783000000,-100,true,-0.55
"MIG",131557,"/Date(1701670593000)/",18100,1000,40300,729000000,-100,false,-0.55
"MIG",131557,"/Date(1701670591000)/",18100,1000,39300,711000000,-100,false,-0.55
"MIG",131438,"/Date(1701670512000)/",18000,400,38300,692000000,-200,true,-1.1
"MIG",131431,"/Date(1701670507000)/",18000,100,37900,685000000,-200,true,-1.1
"MIG",131431,"/Date(1701670507000)/",18000,200,37800,683000000,-200,true,-1.1
"MIG",131431,"/Date(1701670507000)/",18000,1000,37600,680000000,-200,true,-1.1
"MIG",131431,"/Date(1701670507000)/",18000,400,36600,662000000,-200,true,-1.1
"MIG",131431,"/Date(1701670507000)/",18050,200,36200,655000000,-150,false,-0.82
"MIG",131431,"/Date(1701670507000)/",18100,100,36000,651000000,-100,false,-0.55
"MIG",131032,"/Date(1701670265000)/",18000,200,35900,649000000,-200,true,-1.1
"MIG",130551,"/Date(1701669983000)/",18000,2900,35700,646000000,-200,true,-1.1
"MIG",130551,"/Date(1701669983000)/",18000,2000,32800,593000000,-200,true,-1.1
"MIG",130551,"/Date(1701669983000)/",18000,100,30800,557000000,-200,true,-1.1
"MIG",130551,"/Date(1701669983000)/",18000,200,30700,556000000,-200,true,-1.1
"MIG",130551,"/Date(1701669983000)/",18000,100,30500,552000000,-200,true,-1.1
"MIG",130551,"/Date(1701669983000)/",18000,200,30400,550000000,-200,true,-1.1
"MIG",130551,"/Date(1701669983000)/",18000,200,30200,547000000,-200,true,-1.1
"MIG",130551,"/Date(1701669983000)/",18000,300,30000,543000000,-200,true,-1.1
"MIG",130551,"/Date(1701669983000)/",18000,100,29700,538000000,-200,true,-1.1
"MIG",130551,"/Date(1701669983000)/",18000,100,29600,536000000,-200,true,-1.1
"MIG",130551,"/Date(1701669983000)/",18000,500,29500,534000000,-200,true,-1.1
"MIG",130551,"/Date(1701669983000)/",18050,500,29000,525000000,-150,true,-0.82
"MIG",130551,"/Date(1701669983000)/",18050,300,28500,516000000,-150,true,-0.82
"MIG",130551,"/Date(1701669983000)/",18050,100,28200,511000000,-150,true,-0.82
"MIG",130551,"/Date(1701669983000)/",18050,100,28100,509000000,-150,true,-0.82
"MIG",130551,"/Date(1701669983000)/",18050,100,28000,507000000,-150,true,-0.82
"MIG",130551,"/Date(1701669983000)/",18050,200,27900,505000000,-150,true,-0.82
"MIG",112735,"/Date(1701664081000)/",18050,100,27700,502000000,-150,true,-0.82
"MIG",112735,"/Date(1701664081000)/",18050,100,27600,500000000,-150,true,-0.82
"MIG",112057,"/Date(1701663681000)/",18050,400,27500,498000000,-150,true,-0.82
"MIG",112057,"/Date(1701663681000)/",18050,1000,27100,491000000,-150,true,-0.82
"MIG",112057,"/Date(1701663681000)/",18050,100,26100,473000000,-150,true,-0.82
"MIG",112057,"/Date(1701663681000)/",18050,100,26000,471000000,-150,true,-0.82
"MIG",112022,"/Date(1701663646000)/",18100,100,25900,469000000,-100,true,-0.55
"MIG",111305,"/Date(1701663210000)/",18200,500,25800,467000000,0,false,0
"MIG",111305,"/Date(1701663210000)/",18200,200,25300,458000000,0,false,0
"MIG",111305,"/Date(1701663210000)/",18200,900,25100,455000000,0,false,0
"MIG",111305,"/Date(1701663210000)/",18200,3000,24200,438000000,0,false,0
"MIG",111305,"/Date(1701663210000)/",18200,200,21200,384000000,0,false,0
"MIG",111305,"/Date(1701663210000)/",18200,200,21000,380000000,0,false,0
"MIG",111214,"/Date(1701663159000)/",18200,400,20800,376000000,0,false,0
"MIG",111214,"/Date(1701663159000)/",18200,1000,20400,369000000,0,false,0
"MIG",111214,"/Date(1701663159000)/",18200,500,19400,351000000,0,false,0
"MIG",111214,"/Date(1701663159000)/",18200,500,18900,342000000,0,false,0
"MIG",111214,"/Date(1701663159000)/",18200,600,18400,333000000,0,false,0
"MIG",105932,"/Date(1701662393000)/",18200,100,17800,322000000,0,false,0
"MIG",105449,"/Date(1701662110000)/",18150,100,17700,320000000,-50,false,-0.27
"MIG",105433,"/Date(1701662094000)/",18150,2000,17600,318000000,-50,false,-0.27
"MIG",104924,"/Date(1701661783000)/",18150,2000,15600,282000000,-50,false,-0.27
"MIG",104924,"/Date(1701661783000)/",18150,300,13600,245000000,-50,false,-0.27
"MIG",104820,"/Date(1701661721000)/",18100,500,13300,240000000,-100,false,-0.55
"MIG",104139,"/Date(1701661318000)/",18100,400,12800,231000000,-100,false,-0.55
"MIG",104139,"/Date(1701661318000)/",18100,100,12400,224000000,-100,false,-0.55
"MIG",104139,"/Date(1701661318000)/",18100,100,12300,222000000,-100,false,-0.55
"MIG",104139,"/Date(1701661318000)/",18100,1000,12200,220000000,-100,false,-0.55
"MIG",103300,"/Date(1701660799000)/",18050,100,11200,202000000,-150,true,-0.82
"MIG",103300,"/Date(1701660799000)/",18050,300,11100,200000000,-150,true,-0.82
"MIG",103159,"/Date(1701660739000)/",18050,500,10800,195000000,-150,true,-0.82
"MIG",102710,"/Date(1701660450000)/",18050,200,10300,186000000,-150,true,-0.82
"MIG",102039,"/Date(1701660059000)/",18050,400,10100,182000000,-150,false,-0.82
"MIG",102039,"/Date(1701660059000)/",18050,800,9700,175000000,-150,false,-0.82
"MIG",101521,"/Date(1701659739000)/",18000,700,8900,161000000,-200,true,-1.1
"MIG",100621,"/Date(1701659198000)/",18050,100,8200,148000000,-150,false,-0.82
"MIG",100605,"/Date(1701659183000)/",18050,100,8100,146000000,-150,false,-0.82
"MIG",100558,"/Date(1701659177000)/",18050,100,8000,144000000,-150,false,-0.82
"MIG",100254,"/Date(1701658990000)/",18050,100,7900,142000000,-150,true,-0.82
"MIG",100254,"/Date(1701658990000)/",18050,200,7800,141000000,-150,true,-0.82
"MIG",100254,"/Date(1701658990000)/",18050,400,7600,137000000,-150,true,-0.82
"MIG",100254,"/Date(1701658990000)/",18050,100,7200,130000000,-150,true,-0.82
"MIG",100254,"/Date(1701658990000)/",18050,400,7100,128000000,-150,true,-0.82
"MIG",100047,"/Date(1701658863000)/",18050,100,6700,121000000,-150,true,-0.82
"MIG",95846,"/Date(1701658743000)/",18100,100,6600,119000000,-100,false,-0.55
"MIG",94915,"/Date(1701658170000)/",18050,1000,6500,117000000,-150,true,-0.82
"MIG",94846,"/Date(1701658142000)/",18050,100,5500,99000000,-150,true,-0.82
"MIG",94552,"/Date(1701657966000)/",18050,500,5400,97000000,-150,true,-0.82
"MIG",94423,"/Date(1701657877000)/",18050,500,4900,88000000,-150,true,-0.82
"MIG",94206,"/Date(1701657743000)/",18050,300,4400,79000000,-150,true,-0.82
"MIG",94028,"/Date(1701657642000)/",18050,200,4100,74000000,-150,true,-0.82
"MIG",93734,"/Date(1701657467000)/",18050,300,3900,70000000,-150,true,-0.82
"MIG",93320,"/Date(1701657214000)/",18050,600,3600,65000000,-150,true,-0.82
"MIG",92647,"/Date(1701656821000)/",18000,300,3000,54000000,-200,true,-1.1
"MIG",91602,"/Date(1701656173000)/",18200,100,2700,49000000,0,false,0
"MIG",91459,"/Date(1701656110000)/",18200,700,2600,47000000,0,false,0
"MIG",91452,"/Date(1701656100000)/",18200,1900,1900,34000000,0,false,0
