"Stockcode","Package","TradingDate","Price","Vol","TotalVol","TotalVal","Change","IsBuy","PerChange"
"NTP",144539,"/Date(1701675902000)/",36700,300,55821,2039040700,600,false,1.66
"NTP",142915,"/Date(1701674955000)/",36700,3000,55521,2028030700,600,false,1.66
"NTP",142848,"/Date(1701674928000)/",36600,1900,52521,1917930700,500,false,1.39
"NTP",142521,"/Date(1701674721000)/",36400,2500,50621,1848390700,300,true,0.83
"NTP",142423,"/Date(1701674663000)/",36400,200,48121,1757390700,300,true,0.83
"NTP",142359,"/Date(1701674639000)/",36400,100,47921,1750110700,300,true,0.83
"NTP",142049,"/Date(1701674449000)/",36500,700,47821,1746470700,400,false,1.11
"NTP",142027,"/Date(1701674427000)/",36400,2500,47121,1720920700,300,true,0.83
"NTP",141913,"/Date(1701674353000)/",36400,100,44621,1629920700,300,true,0.83
"NTP",141853,"/Date(1701674333000)/",36400,200,44521,1626280700,300,true,0.83
"NTP",141743,"/Date(1701674263000)/",36400,300,44321,1619000700,300,true,0.83
"NTP",141423,"/Date(1701674063000)/",36400,200,44021,1608080700,300,true,0.83
"NTP",141412,"/Date(1701674052000)/",36400,300,43821,1600800700,300,true,0.83
"NTP",141106,"/Date(1701673866000)/",36400,200,43521,1589880700,300,true,0.83
"NTP",141057,"/Date(1701673857000)/",36400,300,43321,1582600700,300,true,0.83
"NTP",140838,"/Date(1701673719000)/",36400,200,43021,1571680700,300,true,0.83
"NTP",140652,"/Date(1701673612000)/",36400,300,42821,1564400700,300,true,0.83
"NTP",140347,"/Date(1701673428000)/",36400,200,42521,1553480700,300,true,0.83
"NTP",135601,"/Date(1701672962000)/",36500,1800,42321,1546200700,400,false,1.11
"NTP",135446,"/Date(1701672887000)/",36400,300,40521,1480500700,300,true,0.83
"NTP",135009,"/Date(1701672610000)/",36400,300,40221,1469580700,300,true,0.83
"NTP",135002,"/Date(1701672603000)/",36500,300,39921,1458660700,400,false,1.11
"NTP",134932,"/Date(1701672572000)/",36400,200,39621,1447710700,300,true,0.83
"NTP",134900,"/Date(1701672540000)/",36400,100,39421,1440430700,300,true,0.83
"NTP",134708,"/Date(1701672428000)/",36400,200,39321,1436790700,300,false,0.83
"NTP",134510,"/Date(1701672310000)/",36400,300,39121,1429510700,300,false,0.83
"NTP",134421,"/Date(1701672261000)/",36400,200,38821,1418590700,300,false,0.83
"NTP",133954,"/Date(1701671994000)/",36400,200,38621,1411310700,300,true,0.83
"NTP",133938,"/Date(1701671978000)/",36400,300,38421,1404030700,300,false,0.83
"NTP",133907,"/Date(1701671947000)/",36300,300,38121,1393110700,200,true,0.55
"NTP",133629,"/Date(1701671789000)/",36300,300,37821,1382220700,200,true,0.55
"NTP",133516,"/Date(1701671716000)/",36300,300,37521,1371330700,200,true,0.55
"NTP",133433,"/Date(1701671673000)/",36300,300,37221,1360440700,200,true,0.55
"NTP",133337,"/Date(1701671617000)/",36300,300,36921,1349550700,200,true,0.55
"NTP",133305,"/Date(1701671585000)/",36300,200,36621,1338660700,200,true,0.55
"NTP",132933,"/Date(1701671373000)/",36400,200,36421,1331400700,300,false,0.83
"NTP",132614,"/Date(1701671175000)/",36400,300,36221,1324120700,300,false,0.83
"NTP",132448,"/Date(1701671089000)/",36400,100,35921,1313200700,300,true,0.83
"NTP",132446,"/Date(1701671087000)/",36400,400,35821,1309560700,300,true,0.83
"NTP",131959,"/Date(1701670800000)/",36400,100,35421,1295000700,300,true,0.83
"NTP",131820,"/Date(1701670701000)/",36400,200,35321,1291360700,300,true,0.83
"NTP",131505,"/Date(1701670506000)/",36400,300,35121,1284080700,300,true,0.83
"NTP",131330,"/Date(1701670411000)/",36400,200,34821,1273160700,300,true,0.83
"NTP",131028,"/Date(1701670228000)/",36400,200,34621,1265880700,300,true,0.83
"NTP",130928,"/Date(1701670168000)/",36400,100,34421,1258600700,300,true,0.83
"NTP",130923,"/Date(1701670163000)/",36400,100,34321,1254960700,300,true,0.83
"NTP",130917,"/Date(1701670157000)/",36400,100,34221,1251320700,300,true,0.83
"NTP",130901,"/Date(1701670141000)/",36400,100,34121,1247680700,300,true,0.83
"NTP",130613,"/Date(1701669973000)/",36400,200,34021,1244040700,300,true,0.83
"NTP",130509,"/Date(1701669909000)/",36400,400,33821,1236760700,300,true,0.83
"NTP",130045,"/Date(1701669609000)/",36500,100,33421,1222200700,400,true,1.11
"NTP",130043,"/Date(1701669608000)/",36500,1300,33321,1218550700,400,true,1.11
"NTP",130026,"/Date(1701669603000)/",36600,20,32021,1171100700,500,false,1.39
"NTP",112824,"/Date(1701664105000)/",36600,100,32001,1170366700,500,false,1.39
"NTP",112504,"/Date(1701663904000)/",36500,200,31901,1166706700,400,true,1.11
"NTP",112443,"/Date(1701663883000)/",36500,900,31701,1159406700,400,true,1.11
"NTP",112433,"/Date(1701663873000)/",36500,200,30801,1126556700,400,true,1.11
"NTP",112002,"/Date(1701663602000)/",36500,500,30601,1119256700,400,true,1.11
"NTP",111939,"/Date(1701663579000)/",36500,100,30101,1101006700,400,true,1.11
"NTP",111847,"/Date(1701663527000)/",36500,200,30001,1097356700,400,true,1.11
"NTP",111825,"/Date(1701663505000)/",36500,600,29801,1090056700,400,true,1.11
"NTP",111625,"/Date(1701663385000)/",36500,100,29201,1068156700,400,true,1.11
"NTP",111532,"/Date(1701663332000)/",36600,1000,29101,1064506700,500,false,1.39
"NTP",111515,"/Date(1701663315000)/",36500,100,28101,1027906700,400,true,1.11
"NTP",111407,"/Date(1701663247000)/",36500,500,28001,1024256700,400,true,1.11
"NTP",111252,"/Date(1701663172000)/",36500,100,27501,1006006700,400,true,1.11
"NTP",111007,"/Date(1701663007000)/",36500,500,27401,1002356700,400,true,1.11
"NTP",110813,"/Date(1701662893000)/",36600,100,26901,984106700,500,false,1.39
"NTP",110618,"/Date(1701662778000)/",36500,3500,26801,980446700,400,false,1.11
"NTP",110008,"/Date(1701662408000)/",36500,2500,23301,852696700,400,false,1.11
"NTP",105609,"/Date(1701662169000)/",36500,200,20801,761446700,400,true,1.11
"NTP",105408,"/Date(1701662048000)/",36500,300,20601,754146700,400,false,1.11
"NTP",104245,"/Date(1701661366000)/",36500,300,20301,743196700,400,false,1.11
"NTP",104228,"/Date(1701661348000)/",36500,300,20001,732246700,400,true,1.11
"NTP",104205,"/Date(1701661326000)/",36500,900,19701,721296700,400,true,1.11
"NTP",103859,"/Date(1701661140000)/",36500,300,18801,688446700,400,true,1.11
"NTP",103444,"/Date(1701660884000)/",36500,1000,18501,677496700,400,false,1.11
"NTP",103052,"/Date(1701660652000)/",36500,300,17501,640996700,400,false,1.11
"NTP",103042,"/Date(1701660642000)/",36500,500,17201,630046700,400,false,1.11
"NTP",103013,"/Date(1701660613000)/",36400,200,16701,611796700,300,true,0.83
"NTP",102822,"/Date(1701660502000)/",36400,500,16501,604516700,300,false,0.83
"NTP",102331,"/Date(1701660211000)/",36400,100,16001,586316700,300,false,0.83
"NTP",101206,"/Date(1701659526000)/",36400,1000,15901,582676700,300,false,0.83
"NTP",101202,"/Date(1701659522000)/",36400,100,14901,546276700,300,false,0.83
"NTP",100557,"/Date(1701659157000)/",36400,200,14801,542636700,300,false,0.83
"NTP",100554,"/Date(1701659154000)/",36400,200,14601,535356700,300,true,0.83
"NTP",100550,"/Date(1701659150000)/",36400,400,14401,528076700,300,true,0.83
"NTP",100547,"/Date(1701659147000)/",36400,100,14001,513516700,300,true,0.83
"NTP",100546,"/Date(1701659146000)/",36400,200,13901,509876700,300,true,0.83
"NTP",100539,"/Date(1701659139000)/",36400,200,13701,502596700,300,true,0.83
"NTP",100532,"/Date(1701659132000)/",36400,100,13501,495316700,300,true,0.83
"NTP",100528,"/Date(1701659128000)/",36400,100,13401,491676700,300,true,0.83
"NTP",100455,"/Date(1701659095000)/",36400,1,13301,488036700,300,true,0.83
"NTP",100408,"/Date(1701659048000)/",36400,200,13300,488000000,300,false,0.83
"NTP",100336,"/Date(1701659016000)/",36400,200,13100,480720000,300,true,0.83
"NTP",100329,"/Date(1701659009000)/",36400,200,12900,473440000,300,true,0.83
"NTP",100328,"/Date(1701659008000)/",36400,200,12700,466160000,300,true,0.83
"NTP",100325,"/Date(1701659005000)/",36400,200,12500,458880000,300,true,0.83
"NTP",100324,"/Date(1701659004000)/",36400,400,12300,451600000,300,true,0.83
"NTP",100322,"/Date(1701659002000)/",36400,200,11900,437040000,300,true,0.83
"NTP",100320,"/Date(1701659000000)/",36400,200,11700,429760000,300,true,0.83
"NTP",100212,"/Date(1701658932000)/",36500,200,11500,422480000,400,false,1.11
"NTP",95921,"/Date(1701658762000)/",36400,200,11300,415180000,300,true,0.83
"NTP",95639,"/Date(1701658599000)/",36400,500,11100,407900000,300,true,0.83
"NTP",93941,"/Date(1701657581000)/",36400,500,10600,389700000,300,true,0.83
"NTP",93507,"/Date(1701657307000)/",36600,200,10100,371500000,500,false,1.39
"NTP",93053,"/Date(1701657053000)/",36500,1000,9900,364180000,400,false,1.11
"NTP",92729,"/Date(1701656849000)/",36500,600,8900,327680000,400,false,1.11
"NTP",92727,"/Date(1701656847000)/",36500,600,8300,305780000,400,true,1.11
"NTP",92516,"/Date(1701656716000)/",36500,1200,7700,283880000,400,true,1.11
"NTP",92406,"/Date(1701656646000)/",36500,1200,6500,240080000,400,false,1.11
"NTP",91822,"/Date(1701656302000)/",36500,400,5300,196280000,400,false,1.11
"NTP",91524,"/Date(1701656125000)/",36500,100,4900,181680000,400,false,1.11
"NTP",90225,"/Date(1701655345000)/",36300,700,4800,178030000,200,false,0.55
"NTP",90119,"/Date(1701655219000)/",37200,3800,4100,152620000,1100,false,3.05
"NTP",90051,"/Date(1701655206000)/",37000,300,300,11030000,900,false,2.49
