"Stockcode","Package","TradingDate","Price","Vol","TotalVol","TotalVal","Change","IsBuy","PerChange"
"OCB",144423,"/Date(1701675901000)/",13550,124000,2492900,33859000000,200,true,1.5
"OCB",142900,"/Date(1701674981000)/",13650,800,2368900,32178000000,300,true,2.25
"OCB",142847,"/Date(1701674969000)/",13700,1000,2368100,32167000000,350,false,2.62
"OCB",142831,"/Date(1701674951000)/",13600,500,2367100,32154000000,250,true,1.87
"OCB",142759,"/Date(1701674921000)/",13600,1000,2366600,32147000000,250,true,1.87
"OCB",142759,"/Date(1701674919000)/",13600,2400,2365600,32133000000,250,true,1.87
"OCB",142756,"/Date(1701674917000)/",13600,2600,2363200,32101000000,250,true,1.87
"OCB",142756,"/Date(1701674917000)/",13600,1000,2360600,32065000000,250,true,1.87
"OCB",142756,"/Date(1701674917000)/",13600,1000,2359600,32052000000,250,true,1.87
"OCB",142756,"/Date(1701674917000)/",13600,500,2358600,32038000000,250,true,1.87
"OCB",142756,"/Date(1701674917000)/",13600,100,2358100,32031000000,250,true,1.87
"OCB",142756,"/Date(1701674917000)/",13600,2000,2358000,32030000000,250,true,1.87
"OCB",142756,"/Date(1701674917000)/",13600,100,2356000,32003000000,250,true,1.87
"OCB",142756,"/Date(1701674917000)/",13600,6200,2355900,32001000000,250,true,1.87
"OCB",142740,"/Date(1701674902000)/",13600,3800,2349700,31917000000,250,true,1.87
"OCB",142740,"/Date(1701674902000)/",13600,1000,2345900,31865000000,250,true,1.87
"OCB",142740,"/Date(1701674902000)/",13600,100,2344900,31852000000,250,true,1.87
"OCB",142740,"/Date(1701674902000)/",13600,8600,2344800,31850000000,250,true,1.87
"OCB",142734,"/Date(1701674896000)/",13700,400,2336200,31733000000,350,false,2.62
"OCB",142734,"/Date(1701674896000)/",13700,4000,2335800,31728000000,350,false,2.62
"OCB",142727,"/Date(1701674887000)/",13600,3500,2331800,31673000000,250,true,1.87
"OCB",142727,"/Date(1701674887000)/",13650,10000,2328300,31626000000,300,false,2.25
"OCB",142715,"/Date(1701674875000)/",13600,8300,2318300,31489000000,250,true,1.87
"OCB",142715,"/Date(1701674875000)/",13650,300,2310000,31376000000,300,true,2.25
"OCB",142715,"/Date(1701674875000)/",13650,200,2309700,31372000000,300,true,2.25
"OCB",142715,"/Date(1701674875000)/",13650,2000,2309500,31369000000,300,true,2.25
"OCB",142715,"/Date(1701674875000)/",13650,500,2307500,31342000000,300,true,2.25
"OCB",142715,"/Date(1701674875000)/",13650,500,2307000,31335000000,300,true,2.25
"OCB",142715,"/Date(1701674875000)/",13650,200,2306500,31328000000,300,true,2.25
"OCB",142715,"/Date(1701674875000)/",13650,1500,2306300,31326000000,300,true,2.25
"OCB",142702,"/Date(1701674864000)/",13700,300,2304800,31305000000,350,false,2.62
"OCB",142702,"/Date(1701674862000)/",13650,5800,2304500,31301000000,300,true,2.25
"OCB",142702,"/Date(1701674862000)/",13650,200,2298700,31222000000,300,true,2.25
"OCB",142702,"/Date(1701674862000)/",13650,500,2298500,31219000000,300,true,2.25
"OCB",142702,"/Date(1701674862000)/",13650,2500,2298000,31212000000,300,true,2.25
"OCB",142702,"/Date(1701674861000)/",13700,500,2295500,31178000000,350,false,2.62
"OCB",142649,"/Date(1701674850000)/",13700,500,2295000,31171000000,350,true,2.62
"OCB",142649,"/Date(1701674850000)/",13700,400,2294500,31165000000,350,true,2.62
"OCB",142649,"/Date(1701674850000)/",13700,1700,2294100,31159000000,350,true,2.62
"OCB",142646,"/Date(1701674845000)/",13700,300,2292400,31136000000,350,true,2.62
"OCB",142646,"/Date(1701674845000)/",13700,3000,2292100,31132000000,350,true,2.62
"OCB",142646,"/Date(1701674845000)/",13700,3000,2289100,31091000000,350,true,2.62
"OCB",142646,"/Date(1701674845000)/",13700,100,2286100,31049000000,350,true,2.62
"OCB",142646,"/Date(1701674845000)/",13700,1000,2286000,31048000000,350,true,2.62
"OCB",142646,"/Date(1701674845000)/",13700,500,2285000,31034000000,350,true,2.62
"OCB",142646,"/Date(1701674845000)/",13700,1000,2284500,31028000000,350,true,2.62
"OCB",142646,"/Date(1701674845000)/",13700,1100,2283500,31014000000,350,true,2.62
"OCB",142630,"/Date(1701674831000)/",13750,500,2282400,30999000000,400,false,3
"OCB",142610,"/Date(1701674810000)/",13700,3900,2281900,30992000000,350,true,2.62
"OCB",142610,"/Date(1701674810000)/",13700,1000,2278000,30939000000,350,true,2.62
"OCB",142610,"/Date(1701674810000)/",13700,1000,2277000,30925000000,350,true,2.62
"OCB",142610,"/Date(1701674810000)/",13700,1100,2276000,30911000000,350,true,2.62
"OCB",142610,"/Date(1701674810000)/",13700,5000,2274900,30896000000,350,true,2.62
"OCB",142610,"/Date(1701674810000)/",13700,200,2269900,30828000000,350,true,2.62
"OCB",142610,"/Date(1701674810000)/",13700,100,2269700,30825000000,350,true,2.62
"OCB",142610,"/Date(1701674810000)/",13700,1000,2269600,30823000000,350,true,2.62
"OCB",142610,"/Date(1701674810000)/",13700,500,2268600,30810000000,350,true,2.62
"OCB",142610,"/Date(1701674810000)/",13700,5000,2268100,30803000000,350,true,2.62
"OCB",142610,"/Date(1701674810000)/",13700,200,2263100,30734000000,350,true,2.62
"OCB",142610,"/Date(1701674810000)/",13700,3000,2262900,30732000000,350,true,2.62
"OCB",142610,"/Date(1701674810000)/",13700,200,2259900,30691000000,350,true,2.62
"OCB",142610,"/Date(1701674810000)/",13700,500,2259700,30688000000,350,true,2.62
"OCB",142610,"/Date(1701674810000)/",13700,1000,2259200,30681000000,350,true,2.62
"OCB",142610,"/Date(1701674810000)/",13700,300,2258200,30667000000,350,true,2.62
"OCB",142610,"/Date(1701674810000)/",13700,2000,2257900,30663000000,350,true,2.62
"OCB",142607,"/Date(1701674809000)/",13750,400,2255900,30636000000,400,false,3
"OCB",142604,"/Date(1701674805000)/",13750,300,2255500,30630000000,400,false,3
"OCB",142558,"/Date(1701674798000)/",13750,300,2255200,30626000000,400,false,3
"OCB",142558,"/Date(1701674798000)/",13750,1600,2254900,30622000000,400,false,3
"OCB",142558,"/Date(1701674798000)/",13750,2000,2253300,30600000000,400,false,3
"OCB",142558,"/Date(1701674798000)/",13750,1000,2251300,30572000000,400,false,3
"OCB",142558,"/Date(1701674798000)/",13750,8200,2250300,30559000000,400,false,3
"OCB",142516,"/Date(1701674756000)/",13750,1800,2242100,30446000000,400,true,3
"OCB",142516,"/Date(1701674756000)/",13750,200,2240300,30421000000,400,true,3
"OCB",142516,"/Date(1701674756000)/",13750,1000,2240100,30418000000,400,true,3
"OCB",142513,"/Date(1701674755000)/",13750,300,2239100,30405000000,400,true,3
"OCB",142450,"/Date(1701674731000)/",13750,100,2238800,30401000000,400,false,3
"OCB",142450,"/Date(1701674731000)/",13750,700,2238700,30399000000,400,false,3
"OCB",142450,"/Date(1701674731000)/",13750,100,2238000,30390000000,400,false,3
"OCB",142450,"/Date(1701674731000)/",13750,2800,2237900,30388000000,400,false,3
"OCB",142441,"/Date(1701674720000)/",13750,600,2235100,30350000000,400,false,3
"OCB",142441,"/Date(1701674720000)/",13750,1400,2234500,30341000000,400,false,3
"OCB",142425,"/Date(1701674706000)/",13750,400,2233100,30322000000,400,false,3
"OCB",142418,"/Date(1701674700000)/",13700,500,2232700,30317000000,350,true,2.62
"OCB",142340,"/Date(1701674660000)/",13750,1000,2232200,30310000000,400,false,3
"OCB",142327,"/Date(1701674648000)/",13750,500,2231200,30296000000,400,false,3
"OCB",142317,"/Date(1701674637000)/",13750,300,2230700,30289000000,400,true,3
"OCB",142317,"/Date(1701674637000)/",13750,1000,2230400,30285000000,400,true,3
"OCB",142317,"/Date(1701674637000)/",13750,5000,2229400,30271000000,400,true,3
"OCB",142317,"/Date(1701674637000)/",13750,400,2224400,30203000000,400,true,3
"OCB",142255,"/Date(1701674614000)/",13750,500,2224000,30197000000,400,true,3
"OCB",142236,"/Date(1701674597000)/",13750,100,2223500,30190000000,400,true,3
"OCB",142236,"/Date(1701674596000)/",13750,1000,2223400,30189000000,400,true,3
"OCB",142216,"/Date(1701674575000)/",13750,5000,2222400,30175000000,400,true,3
"OCB",142207,"/Date(1701674567000)/",13750,3000,2217400,30106000000,400,false,3
"OCB",142154,"/Date(1701674555000)/",13750,500,2214400,30065000000,400,false,3
"OCB",142148,"/Date(1701674549000)/",13750,3600,2213900,30058000000,400,false,3
"OCB",142138,"/Date(1701674539000)/",13750,500,2210300,30009000000,400,false,3
"OCB",142138,"/Date(1701674539000)/",13750,500,2209800,30002000000,400,false,3
"OCB",142132,"/Date(1701674533000)/",13800,1100,2209300,29995000000,450,false,3.37
"OCB",142132,"/Date(1701674533000)/",13750,500,2208200,29980000000,400,false,3
"OCB",142132,"/Date(1701674533000)/",13750,400,2207700,29973000000,400,false,3
"OCB",142125,"/Date(1701674526000)/",13750,3000,2207300,29967000000,400,true,3
"OCB",142125,"/Date(1701674526000)/",13750,500,2204300,29926000000,400,true,3
"OCB",142125,"/Date(1701674526000)/",13750,300,2203800,29919000000,400,true,3
"OCB",142125,"/Date(1701674526000)/",13750,1500,2203500,29915000000,400,true,3
"OCB",142125,"/Date(1701674526000)/",13750,500,2202000,29895000000,400,true,3
"OCB",142125,"/Date(1701674526000)/",13750,1000,2201500,29888000000,400,true,3
"OCB",142125,"/Date(1701674526000)/",13750,3600,2200500,29874000000,400,true,3
"OCB",142125,"/Date(1701674526000)/",13750,3600,2196900,29824000000,400,true,3
"OCB",142125,"/Date(1701674526000)/",13750,5000,2193300,29775000000,400,true,3
"OCB",142125,"/Date(1701674526000)/",13750,5000,2188300,29706000000,400,true,3
"OCB",142125,"/Date(1701674526000)/",13750,10000,2183300,29637000000,400,true,3
"OCB",142125,"/Date(1701674526000)/",13750,10000,2173300,29500000000,400,true,3
"OCB",142125,"/Date(1701674526000)/",13750,2000,2163300,29362000000,400,true,3
"OCB",142125,"/Date(1701674526000)/",13750,500,2161300,29335000000,400,true,3
"OCB",142125,"/Date(1701674526000)/",13750,2000,2160800,29328000000,400,true,3
"OCB",142125,"/Date(1701674526000)/",13750,5000,2158800,29301000000,400,true,3
"OCB",142125,"/Date(1701674526000)/",13750,2000,2153800,29232000000,400,true,3
"OCB",142125,"/Date(1701674526000)/",13750,1000,2151800,29204000000,400,true,3
"OCB",142125,"/Date(1701674526000)/",13750,2000,2150800,29191000000,400,true,3
"OCB",142125,"/Date(1701674526000)/",13750,1000,2148800,29163000000,400,true,3
"OCB",142125,"/Date(1701674526000)/",13750,1000,2147800,29149000000,400,true,3
"OCB",142125,"/Date(1701674526000)/",13750,100,2146800,29136000000,400,true,3
"OCB",142125,"/Date(1701674526000)/",13750,400,2146700,29134000000,400,true,3
"OCB",142125,"/Date(1701674526000)/",13750,3000,2146300,29129000000,400,true,3
"OCB",142125,"/Date(1701674526000)/",13750,200,2143300,29087000000,400,true,3
"OCB",142125,"/Date(1701674526000)/",13750,300,2143100,29085000000,400,true,3
"OCB",142125,"/Date(1701674526000)/",13750,1000,2142800,29081000000,400,true,3
"OCB",142125,"/Date(1701674526000)/",13750,700,2141800,29067000000,400,true,3
"OCB",142122,"/Date(1701674524000)/",13800,5000,2141100,29057000000,450,false,3.37
"OCB",142116,"/Date(1701674517000)/",13800,2000,2136100,28988000000,450,false,3.37
"OCB",142112,"/Date(1701674511000)/",13800,1000,2134100,28961000000,450,false,3.37
"OCB",142103,"/Date(1701674502000)/",13800,300,2133100,28947000000,450,false,3.37
"OCB",142056,"/Date(1701674496000)/",13800,200,2132800,28943000000,450,false,3.37
"OCB",142044,"/Date(1701674484000)/",13800,3000,2132600,28940000000,450,false,3.37
"OCB",142021,"/Date(1701674462000)/",13800,1900,2129600,28899000000,450,false,3.37
"OCB",142021,"/Date(1701674462000)/",13800,2700,2127700,28872000000,450,false,3.37
"OCB",142021,"/Date(1701674462000)/",13800,300,2125000,28835000000,450,false,3.37
"OCB",142021,"/Date(1701674462000)/",13800,2700,2124700,28831000000,450,false,3.37
"OCB",142021,"/Date(1701674462000)/",13800,100,2122000,28794000000,450,false,3.37
"OCB",142021,"/Date(1701674462000)/",13800,5000,2121900,28792000000,450,false,3.37
"OCB",142021,"/Date(1701674462000)/",13800,2700,2116900,28723000000,450,false,3.37
"OCB",142021,"/Date(1701674462000)/",13800,100,2114200,28686000000,450,false,3.37
"OCB",142021,"/Date(1701674462000)/",13800,200,2114100,28685000000,450,false,3.37
"OCB",142021,"/Date(1701674462000)/",13800,2800,2113900,28682000000,450,false,3.37
"OCB",142021,"/Date(1701674462000)/",13800,5400,2111100,28643000000,450,false,3.37
"OCB",142021,"/Date(1701674462000)/",13800,100,2105700,28569000000,450,false,3.37
"OCB",142021,"/Date(1701674462000)/",13800,2000,2105600,28567000000,450,false,3.37
"OCB",142021,"/Date(1701674462000)/",13800,4000,2103600,28540000000,450,false,3.37
"OCB",142015,"/Date(1701674455000)/",13800,800,2099600,28485000000,450,false,3.37
"OCB",142008,"/Date(1701674450000)/",13750,100,2098800,28473000000,400,true,3
"OCB",142008,"/Date(1701674449000)/",13800,1000,2098700,28472000000,450,false,3.37
"OCB",142002,"/Date(1701674441000)/",13800,2000,2097700,28458000000,450,false,3.37
"OCB",141955,"/Date(1701674437000)/",13800,1000,2095700,28431000000,450,false,3.37
"OCB",141955,"/Date(1701674436000)/",13800,1000,2094700,28417000000,450,false,3.37
"OCB",141920,"/Date(1701674399000)/",13800,200,2093700,28403000000,450,false,3.37
"OCB",141920,"/Date(1701674399000)/",13800,200,2093500,28400000000,450,false,3.37
"OCB",141911,"/Date(1701674391000)/",13800,200,2093300,28398000000,450,false,3.37
"OCB",141907,"/Date(1701674388000)/",13800,700,2093100,28395000000,450,false,3.37
"OCB",141904,"/Date(1701674383000)/",13750,2700,2092400,28385000000,400,true,3
"OCB",141851,"/Date(1701674370000)/",13750,500,2089700,28348000000,400,true,3
"OCB",141851,"/Date(1701674370000)/",13750,400,2089200,28341000000,400,true,3
"OCB",141851,"/Date(1701674370000)/",13750,1000,2088800,28336000000,400,true,3
"OCB",141851,"/Date(1701674370000)/",13750,1000,2087800,28322000000,400,true,3
"OCB",141851,"/Date(1701674370000)/",13750,3000,2086800,28308000000,400,true,3
"OCB",141851,"/Date(1701674370000)/",13750,500,2083800,28267000000,400,true,3
"OCB",141851,"/Date(1701674370000)/",13750,500,2083300,28260000000,400,true,3
"OCB",141851,"/Date(1701674370000)/",13750,1000,2082800,28253000000,400,true,3
"OCB",141851,"/Date(1701674370000)/",13750,1000,2081800,28239000000,400,true,3
"OCB",141851,"/Date(1701674370000)/",13750,2600,2080800,28226000000,400,true,3
"OCB",141839,"/Date(1701674359000)/",13800,3000,2078200,28190000000,450,false,3.37
"OCB",141835,"/Date(1701674357000)/",13750,400,2075200,28148000000,400,true,3
"OCB",141835,"/Date(1701674356000)/",13800,1000,2074800,28143000000,450,false,3.37
"OCB",141832,"/Date(1701674352000)/",13800,1000,2073800,28129000000,450,false,3.37
"OCB",141829,"/Date(1701674348000)/",13800,2000,2072800,28115000000,450,false,3.37
"OCB",141826,"/Date(1701674346000)/",13800,2100,2070800,28088000000,450,false,3.37
"OCB",141826,"/Date(1701674346000)/",13800,900,2068700,28059000000,450,false,3.37
"OCB",141823,"/Date(1701674343000)/",13800,100,2067800,28046000000,450,false,3.37
"OCB",141823,"/Date(1701674343000)/",13800,400,2067700,28045000000,450,false,3.37
"OCB",141823,"/Date(1701674343000)/",13800,2500,2067300,28039000000,450,false,3.37
"OCB",141813,"/Date(1701674331000)/",13800,400,2064800,28005000000,450,false,3.37
"OCB",141807,"/Date(1701674326000)/",13800,4000,2064400,27999000000,450,false,3.37
"OCB",141803,"/Date(1701674324000)/",13800,20000,2060400,27944000000,450,false,3.37
"OCB",141757,"/Date(1701674316000)/",13800,1000,2040400,27668000000,450,false,3.37
"OCB",141751,"/Date(1701674309000)/",13800,300,2039400,27654000000,450,false,3.37
"OCB",141747,"/Date(1701674306000)/",13800,400,2039100,27650000000,450,false,3.37
"OCB",141747,"/Date(1701674306000)/",13800,2500,2038700,27645000000,450,false,3.37
"OCB",141747,"/Date(1701674306000)/",13800,2000,2036200,27610000000,450,false,3.37
"OCB",141747,"/Date(1701674306000)/",13800,1000,2034200,27583000000,450,false,3.37
"OCB",141747,"/Date(1701674306000)/",13800,1500,2033200,27569000000,450,false,3.37
"OCB",141744,"/Date(1701674305000)/",13800,100,2031700,27548000000,450,true,3.37
"OCB",141744,"/Date(1701674303000)/",13800,700,2031600,27547000000,450,true,3.37
"OCB",141741,"/Date(1701674302000)/",13800,700,2030900,27537000000,450,true,3.37
"OCB",141741,"/Date(1701674302000)/",13800,400,2030200,27528000000,450,true,3.37
"OCB",141741,"/Date(1701674302000)/",13800,2000,2029800,27522000000,450,true,3.37
"OCB",141741,"/Date(1701674302000)/",13800,300,2027800,27494000000,450,true,3.37
"OCB",141741,"/Date(1701674302000)/",13800,3000,2027500,27490000000,450,true,3.37
"OCB",141741,"/Date(1701674302000)/",13800,5000,2024500,27449000000,450,true,3.37
"OCB",141741,"/Date(1701674302000)/",13800,3600,2019500,27380000000,450,true,3.37
"OCB",141738,"/Date(1701674296000)/",13800,2000,2015900,27330000000,450,true,3.37
"OCB",141731,"/Date(1701674291000)/",13800,10000,2013900,27303000000,450,true,3.37
"OCB",141731,"/Date(1701674291000)/",13800,10000,2003900,27165000000,450,true,3.37
"OCB",141722,"/Date(1701674279000)/",13800,3000,1993900,27027000000,450,true,3.37
"OCB",141719,"/Date(1701674276000)/",13850,200,1990900,26985000000,500,false,3.75
"OCB",141719,"/Date(1701674276000)/",13850,200,1990700,26982000000,500,false,3.75
"OCB",141719,"/Date(1701674276000)/",13850,400,1990500,26980000000,500,false,3.75
"OCB",141719,"/Date(1701674276000)/",13800,6400,1990100,26974000000,450,true,3.37
"OCB",141719,"/Date(1701674276000)/",13800,500,1983700,26886000000,450,true,3.37
"OCB",141719,"/Date(1701674276000)/",13800,1300,1983200,26879000000,450,true,3.37
"OCB",141719,"/Date(1701674276000)/",13800,300,1981900,26861000000,450,true,3.37
"OCB",141719,"/Date(1701674276000)/",13800,1000,1981600,26857000000,450,true,3.37
"OCB",141719,"/Date(1701674276000)/",13800,500,1980600,26843000000,450,true,3.37
"OCB",141656,"/Date(1701674256000)/",13850,2600,1980100,26836000000,500,false,3.75
"OCB",141656,"/Date(1701674256000)/",13850,2000,1977500,26800000000,500,false,3.75
"OCB",141656,"/Date(1701674256000)/",13850,100,1975500,26772000000,500,false,3.75
"OCB",141656,"/Date(1701674256000)/",13850,500,1975400,26771000000,500,false,3.75
"OCB",141656,"/Date(1701674256000)/",13850,2500,1974900,26764000000,500,false,3.75
"OCB",141656,"/Date(1701674256000)/",13850,100,1972400,26729000000,500,false,3.75
"OCB",141656,"/Date(1701674256000)/",13850,100,1972300,26728000000,500,false,3.75
"OCB",141656,"/Date(1701674256000)/",13850,500,1972200,26727000000,500,false,3.75
"OCB",141656,"/Date(1701674256000)/",13850,500,1971700,26720000000,500,false,3.75
"OCB",141656,"/Date(1701674256000)/",13850,1800,1971200,26713000000,500,false,3.75
"OCB",141653,"/Date(1701674252000)/",13800,500,1969400,26688000000,450,true,3.37
"OCB",141647,"/Date(1701674246000)/",13850,5000,1968900,26681000000,500,false,3.75
"OCB",141643,"/Date(1701674245000)/",13800,4000,1963900,26612000000,450,true,3.37
"OCB",141643,"/Date(1701674245000)/",13800,10000,1959900,26557000000,450,true,3.37
"OCB",141643,"/Date(1701674245000)/",13800,500,1949900,26419000000,450,true,3.37
"OCB",141643,"/Date(1701674245000)/",13800,5500,1949400,26412000000,450,true,3.37
"OCB",141643,"/Date(1701674243000)/",13850,2400,1943900,26336000000,500,false,3.75
"OCB",141631,"/Date(1701674230000)/",13850,800,1941500,26303000000,500,false,3.75
"OCB",141631,"/Date(1701674230000)/",13850,1000,1940700,26291000000,500,false,3.75
"OCB",141631,"/Date(1701674230000)/",13850,100,1939700,26278000000,500,false,3.75
"OCB",141631,"/Date(1701674230000)/",13850,100,1939600,26276000000,500,false,3.75
"OCB",141631,"/Date(1701674230000)/",13850,3000,1939500,26275000000,500,false,3.75
"OCB",141627,"/Date(1701674227000)/",13850,800,1936500,26233000000,500,false,3.75
"OCB",141627,"/Date(1701674227000)/",13850,100,1935700,26222000000,500,false,3.75
"OCB",141627,"/Date(1701674227000)/",13850,100,1935600,26221000000,500,false,3.75
"OCB",141611,"/Date(1701674212000)/",13850,800,1935500,26219000000,500,false,3.75
"OCB",141608,"/Date(1701674208000)/",13800,700,1934700,26208000000,450,true,3.37
"OCB",141549,"/Date(1701674188000)/",13800,4800,1934000,26199000000,450,true,3.37
"OCB",141549,"/Date(1701674188000)/",13800,3100,1929200,26132000000,450,true,3.37
"OCB",141549,"/Date(1701674188000)/",13800,300,1926100,26090000000,450,true,3.37
"OCB",141549,"/Date(1701674188000)/",13800,200,1925800,26086000000,450,true,3.37
"OCB",141549,"/Date(1701674188000)/",13800,1600,1925600,26083000000,450,true,3.37
"OCB",141539,"/Date(1701674180000)/",13850,700,1924000,26061000000,500,false,3.75
"OCB",141533,"/Date(1701674174000)/",13800,100,1923300,26051000000,450,true,3.37
"OCB",141530,"/Date(1701674169000)/",13800,1300,1923200,26050000000,450,true,3.37
"OCB",141530,"/Date(1701674169000)/",13800,2000,1921900,26032000000,450,true,3.37
"OCB",141530,"/Date(1701674169000)/",13800,400,1919900,26004000000,450,true,3.37
"OCB",141530,"/Date(1701674169000)/",13800,1000,1919500,25999000000,450,true,3.37
"OCB",141530,"/Date(1701674169000)/",13800,1100,1918500,25985000000,450,true,3.37
"OCB",141530,"/Date(1701674169000)/",13800,2000,1917400,25970000000,450,true,3.37
"OCB",141530,"/Date(1701674169000)/",13800,700,1915400,25942000000,450,true,3.37
"OCB",141530,"/Date(1701674169000)/",13800,1000,1914700,25932000000,450,true,3.37
"OCB",141530,"/Date(1701674169000)/",13800,1000,1913700,25918000000,450,true,3.37
"OCB",141530,"/Date(1701674169000)/",13800,1000,1912700,25905000000,450,true,3.37
"OCB",141530,"/Date(1701674169000)/",13800,2000,1911700,25891000000,450,true,3.37
"OCB",141530,"/Date(1701674169000)/",13800,5000,1909700,25863000000,450,true,3.37
"OCB",141530,"/Date(1701674169000)/",13800,1500,1904700,25794000000,450,true,3.37
"OCB",141527,"/Date(1701674167000)/",13850,600,1903200,25774000000,500,false,3.75
"OCB",141504,"/Date(1701674144000)/",13800,100,1902600,25765000000,450,true,3.37
"OCB",141504,"/Date(1701674144000)/",13800,100,1902500,25764000000,450,true,3.37
"OCB",141451,"/Date(1701674133000)/",13850,800,1902400,25763000000,500,false,3.75
"OCB",141451,"/Date(1701674132000)/",13800,200,1901600,25751000000,450,true,3.37
"OCB",141451,"/Date(1701674132000)/",13800,6700,1901400,25749000000,450,true,3.37
"OCB",141451,"/Date(1701674132000)/",13800,1000,1894700,25656000000,450,true,3.37
"OCB",141451,"/Date(1701674132000)/",13800,1000,1893700,25642000000,450,true,3.37
"OCB",141451,"/Date(1701674132000)/",13800,1000,1892700,25629000000,450,true,3.37
"OCB",141451,"/Date(1701674132000)/",13800,600,1891700,25615000000,450,true,3.37
"OCB",141448,"/Date(1701674128000)/",13850,14000,1891100,25607000000,500,false,3.75
"OCB",141448,"/Date(1701674127000)/",13850,3000,1877100,25413000000,500,false,3.75
"OCB",141448,"/Date(1701674127000)/",13850,100,1874100,25371000000,500,false,3.75
"OCB",141448,"/Date(1701674127000)/",13850,1000,1874000,25370000000,500,false,3.75
"OCB",141448,"/Date(1701674127000)/",13850,1000,1873000,25356000000,500,false,3.75
"OCB",141448,"/Date(1701674127000)/",13850,500,1872000,25342000000,500,false,3.75
"OCB",141448,"/Date(1701674127000)/",13850,1700,1871500,25335000000,500,false,3.75
"OCB",141445,"/Date(1701674125000)/",13800,400,1869800,25312000000,450,true,3.37
"OCB",141445,"/Date(1701674124000)/",13850,1000,1869400,25306000000,500,false,3.75
"OCB",141439,"/Date(1701674117000)/",13850,300,1868400,25292000000,500,false,3.75
"OCB",141423,"/Date(1701674101000)/",13800,9000,1868100,25288000000,450,true,3.37
"OCB",141423,"/Date(1701674101000)/",13800,300,1859100,25164000000,450,true,3.37
"OCB",141423,"/Date(1701674101000)/",13800,700,1858800,25160000000,450,true,3.37
"OCB",141407,"/Date(1701674087000)/",13850,500,1858100,25150000000,500,false,3.75
"OCB",141407,"/Date(1701674087000)/",13800,300,1857600,25143000000,450,true,3.37
"OCB",141400,"/Date(1701674081000)/",13850,500,1857300,25139000000,500,false,3.75
"OCB",141354,"/Date(1701674073000)/",13800,19000,1856800,25132000000,450,true,3.37
"OCB",141354,"/Date(1701674073000)/",13800,1000,1837800,24870000000,450,true,3.37
"OCB",141354,"/Date(1701674073000)/",13800,500,1836800,24856000000,450,true,3.37
"OCB",141332,"/Date(1701674052000)/",13800,1500,1836300,24849000000,450,true,3.37
"OCB",141332,"/Date(1701674052000)/",13800,500,1834800,24828000000,450,true,3.37
"OCB",141325,"/Date(1701674045000)/",13800,500,1834300,24822000000,450,true,3.37
"OCB",141322,"/Date(1701674043000)/",13850,1000,1833800,24815000000,500,false,3.75
"OCB",141319,"/Date(1701674040000)/",13800,3000,1832800,24801000000,450,true,3.37
"OCB",141319,"/Date(1701674040000)/",13800,2900,1829800,24759000000,450,true,3.37
"OCB",141319,"/Date(1701674040000)/",13800,100,1826900,24719000000,450,true,3.37
"OCB",141319,"/Date(1701674040000)/",13800,5000,1826800,24718000000,450,true,3.37
"OCB",141319,"/Date(1701674040000)/",13800,3000,1821800,24649000000,450,true,3.37
"OCB",141319,"/Date(1701674040000)/",13800,800,1818800,24608000000,450,true,3.37
"OCB",141319,"/Date(1701674040000)/",13800,1000,1818000,24597000000,450,true,3.37
"OCB",141319,"/Date(1701674040000)/",13800,100,1817000,24583000000,450,true,3.37
"OCB",141319,"/Date(1701674040000)/",13800,500,1816900,24581000000,450,true,3.37
"OCB",141319,"/Date(1701674040000)/",13800,2800,1816400,24574000000,450,true,3.37
"OCB",141312,"/Date(1701674034000)/",13850,2000,1813600,24536000000,500,false,3.75
"OCB",141244,"/Date(1701674004000)/",13850,1000,1811600,24508000000,500,false,3.75
"OCB",141237,"/Date(1701673996000)/",13800,200,1810600,24494000000,450,false,3.37
"OCB",141234,"/Date(1701673995000)/",13800,400,1810400,24492000000,450,false,3.37
"OCB",141234,"/Date(1701673995000)/",13800,100,1810000,24486000000,450,false,3.37
"OCB",141234,"/Date(1701673995000)/",13800,10000,1809900,24485000000,450,false,3.37
"OCB",141234,"/Date(1701673995000)/",13800,300,1799900,24347000000,450,false,3.37
"OCB",141234,"/Date(1701673995000)/",13800,300,1799600,24342000000,450,false,3.37
"OCB",141234,"/Date(1701673995000)/",13800,100,1799300,24338000000,450,false,3.37
"OCB",141234,"/Date(1701673995000)/",13800,1000,1799200,24337000000,450,false,3.37
"OCB",141234,"/Date(1701673995000)/",13800,7800,1798200,24323000000,450,false,3.37
"OCB",141228,"/Date(1701673987000)/",13800,2000,1790400,24216000000,450,false,3.37
"OCB",141228,"/Date(1701673986000)/",13800,200,1788400,24188000000,450,false,3.37
"OCB",141228,"/Date(1701673986000)/",13800,1000,1788200,24185000000,450,false,3.37
"OCB",141228,"/Date(1701673986000)/",13800,500,1787200,24171000000,450,false,3.37
"OCB",141228,"/Date(1701673986000)/",13800,300,1786700,24164000000,450,false,3.37
"OCB",141225,"/Date(1701673984000)/",13800,300,1786400,24160000000,450,false,3.37
"OCB",141225,"/Date(1701673983000)/",13800,400,1786100,24156000000,450,false,3.37
"OCB",141225,"/Date(1701673983000)/",13800,100,1785700,24151000000,450,false,3.37
"OCB",141218,"/Date(1701673978000)/",13800,500,1785600,24149000000,450,false,3.37
"OCB",141218,"/Date(1701673978000)/",13800,1300,1785100,24142000000,450,false,3.37
"OCB",141218,"/Date(1701673978000)/",13800,400,1783800,24124000000,450,false,3.37
"OCB",141218,"/Date(1701673978000)/",13800,200,1783400,24119000000,450,false,3.37
"OCB",141218,"/Date(1701673978000)/",13800,100,1783200,24116000000,450,false,3.37
"OCB",141218,"/Date(1701673978000)/",13800,200,1783100,24115000000,450,false,3.37
"OCB",141218,"/Date(1701673977000)/",13800,200,1782900,24112000000,450,false,3.37
"OCB",141218,"/Date(1701673977000)/",13800,300,1782700,24109000000,450,false,3.37
"OCB",141218,"/Date(1701673976000)/",13800,200,1782400,24105000000,450,false,3.37
"OCB",141218,"/Date(1701673976000)/",13800,4800,1782200,24102000000,450,false,3.37
"OCB",141218,"/Date(1701673976000)/",13800,200,1777400,24036000000,450,false,3.37
"OCB",141218,"/Date(1701673976000)/",13800,800,1777200,24033000000,450,false,3.37
"OCB",141215,"/Date(1701673975000)/",13800,300,1776400,24022000000,450,false,3.37
"OCB",141212,"/Date(1701673971000)/",13800,5400,1776100,24018000000,450,false,3.37
"OCB",141205,"/Date(1701673964000)/",13800,1000,1770700,23944000000,450,false,3.37
"OCB",141202,"/Date(1701673962000)/",13800,3000,1769700,23930000000,450,false,3.37
"OCB",141202,"/Date(1701673962000)/",13800,3100,1766700,23888000000,450,false,3.37
"OCB",141159,"/Date(1701673959000)/",13800,1500,1763600,23846000000,450,false,3.37
"OCB",141159,"/Date(1701673959000)/",13800,1000,1762100,23825000000,450,false,3.37
"OCB",141156,"/Date(1701673955000)/",13800,5000,1761100,23811000000,450,false,3.37
"OCB",141149,"/Date(1701673950000)/",13800,500,1756100,23742000000,450,false,3.37
"OCB",141146,"/Date(1701673946000)/",13800,4000,1755600,23735000000,450,false,3.37
"OCB",141146,"/Date(1701673945000)/",13800,1000,1751600,23680000000,450,false,3.37
"OCB",141140,"/Date(1701673941000)/",13800,1500,1750600,23666000000,450,false,3.37
"OCB",141140,"/Date(1701673940000)/",13750,100,1749100,23646000000,400,true,3
"OCB",141140,"/Date(1701673939000)/",13800,300,1749000,23644000000,450,false,3.37
"OCB",141140,"/Date(1701673938000)/",13800,3000,1748700,23640000000,450,false,3.37
"OCB",141140,"/Date(1701673938000)/",13800,1000,1745700,23599000000,450,false,3.37
"OCB",141130,"/Date(1701673930000)/",13800,1000,1744700,23585000000,450,false,3.37
"OCB",141124,"/Date(1701673924000)/",13800,500,1743700,23571000000,450,false,3.37
"OCB",141120,"/Date(1701673921000)/",13800,5000,1743200,23564000000,450,false,3.37
"OCB",141120,"/Date(1701673919000)/",13800,2000,1738200,23495000000,450,false,3.37
"OCB",141117,"/Date(1701673916000)/",13800,500,1736200,23468000000,450,false,3.37
"OCB",141111,"/Date(1701673912000)/",13800,600,1735700,23461000000,450,false,3.37
"OCB",141108,"/Date(1701673906000)/",13800,5000,1735100,23452000000,450,false,3.37
"OCB",141101,"/Date(1701673902000)/",13800,500,1730100,23383000000,450,false,3.37
"OCB",141101,"/Date(1701673901000)/",13800,500,1729600,23376000000,450,false,3.37
"OCB",141101,"/Date(1701673901000)/",13800,1000,1729100,23370000000,450,false,3.37
"OCB",141101,"/Date(1701673899000)/",13800,1000,1728100,23356000000,450,false,3.37
"OCB",141055,"/Date(1701673895000)/",13800,4000,1727100,23342000000,450,false,3.37
"OCB",141049,"/Date(1701673886000)/",13800,7200,1723100,23287000000,450,false,3.37
"OCB",141042,"/Date(1701673883000)/",13800,300,1715900,23187000000,450,false,3.37
"OCB",141042,"/Date(1701673882000)/",13800,3500,1715600,23183000000,450,false,3.37
"OCB",141039,"/Date(1701673879000)/",13800,5000,1712100,23135000000,450,false,3.37
"OCB",141039,"/Date(1701673879000)/",13800,1000,1707100,23066000000,450,false,3.37
"OCB",141039,"/Date(1701673879000)/",13800,2000,1706100,23052000000,450,false,3.37
"OCB",141039,"/Date(1701673879000)/",13800,1000,1704100,23025000000,450,false,3.37
"OCB",141039,"/Date(1701673879000)/",13800,5000,1703100,23011000000,450,false,3.37
"OCB",141039,"/Date(1701673879000)/",13800,100,1698100,22942000000,450,false,3.37
"OCB",141039,"/Date(1701673879000)/",13800,500,1698000,22940000000,450,false,3.37
"OCB",141039,"/Date(1701673879000)/",13800,1000,1697500,22933000000,450,false,3.37
"OCB",141039,"/Date(1701673879000)/",13800,4000,1696500,22920000000,450,false,3.37
"OCB",141039,"/Date(1701673879000)/",13800,400,1692500,22864000000,450,false,3.37
"OCB",141036,"/Date(1701673876000)/",13800,7000,1692100,22859000000,450,false,3.37
"OCB",141033,"/Date(1701673872000)/",13800,3000,1685100,22762000000,450,false,3.37
"OCB",141033,"/Date(1701673872000)/",13800,4600,1682100,22721000000,450,false,3.37
"OCB",141033,"/Date(1701673872000)/",13800,100,1677500,22657000000,450,false,3.37
"OCB",141033,"/Date(1701673872000)/",13800,300,1677400,22656000000,450,false,3.37
"OCB",141033,"/Date(1701673871000)/",13800,300,1677100,22652000000,450,false,3.37
"OCB",141010,"/Date(1701673848000)/",13800,500,1676800,22648000000,450,false,3.37
"OCB",141007,"/Date(1701673845000)/",13750,200,1676300,22641000000,400,true,3
"OCB",140951,"/Date(1701673832000)/",13800,9200,1676100,22638000000,450,false,3.37
"OCB",140951,"/Date(1701673832000)/",13800,800,1666900,22511000000,450,false,3.37
"OCB",140941,"/Date(1701673820000)/",13750,6000,1666100,22500000000,400,true,3
"OCB",140941,"/Date(1701673820000)/",13800,200,1660100,22418000000,450,false,3.37
"OCB",140941,"/Date(1701673820000)/",13800,500,1659900,22415000000,450,false,3.37
"OCB",140941,"/Date(1701673820000)/",13800,1300,1659400,22408000000,450,false,3.37
"OCB",140941,"/Date(1701673819000)/",13750,500,1658100,22390000000,400,true,3
"OCB",140935,"/Date(1701673815000)/",13800,200,1657600,22383000000,450,false,3.37
"OCB",140935,"/Date(1701673815000)/",13800,600,1657400,22380000000,450,false,3.37
"OCB",140935,"/Date(1701673815000)/",13800,200,1656800,22372000000,450,false,3.37
"OCB",140935,"/Date(1701673815000)/",13800,200,1656600,22369000000,450,false,3.37
"OCB",140935,"/Date(1701673815000)/",13800,100,1656400,22367000000,450,false,3.37
"OCB",140935,"/Date(1701673815000)/",13800,1000,1656300,22365000000,450,false,3.37
"OCB",140935,"/Date(1701673815000)/",13800,200,1655300,22351000000,450,false,3.37
"OCB",140935,"/Date(1701673815000)/",13800,1500,1655100,22349000000,450,false,3.37
"OCB",140935,"/Date(1701673814000)/",13750,100,1653600,22328000000,400,true,3
"OCB",140935,"/Date(1701673813000)/",13800,3500,1653500,22327000000,450,false,3.37
"OCB",140935,"/Date(1701673813000)/",13800,100,1650000,22278000000,450,false,3.37
"OCB",140935,"/Date(1701673813000)/",13800,200,1649900,22277000000,450,false,3.37
"OCB",140935,"/Date(1701673813000)/",13800,200,1649700,22274000000,450,false,3.37
"OCB",140932,"/Date(1701673811000)/",13800,4800,1649500,22271000000,450,false,3.37
"OCB",140932,"/Date(1701673811000)/",13800,1000,1644700,22205000000,450,false,3.37
"OCB",140932,"/Date(1701673811000)/",13800,1000,1643700,22191000000,450,false,3.37
"OCB",140932,"/Date(1701673811000)/",13800,200,1642700,22178000000,450,false,3.37
"OCB",140925,"/Date(1701673804000)/",13800,800,1642500,22175000000,450,false,3.37
"OCB",140925,"/Date(1701673804000)/",13800,200,1641700,22164000000,450,false,3.37
"OCB",140922,"/Date(1701673803000)/",13800,400,1641500,22161000000,450,false,3.37
"OCB",140922,"/Date(1701673803000)/",13800,300,1641100,22156000000,450,false,3.37
"OCB",140919,"/Date(1701673800000)/",13800,200,1640800,22151000000,450,false,3.37
"OCB",140919,"/Date(1701673800000)/",13800,500,1640600,22149000000,450,false,3.37
"OCB",140919,"/Date(1701673800000)/",13800,500,1640100,22142000000,450,false,3.37
"OCB",140919,"/Date(1701673800000)/",13800,3800,1639600,22135000000,450,false,3.37
"OCB",140919,"/Date(1701673798000)/",13800,100,1635800,22082000000,450,false,3.37
"OCB",140913,"/Date(1701673792000)/",13800,1100,1635700,22081000000,450,false,3.37
"OCB",140913,"/Date(1701673792000)/",13800,1900,1634600,22066000000,450,false,3.37
"OCB",140903,"/Date(1701673781000)/",13800,100,1632700,22040000000,450,false,3.37
"OCB",140903,"/Date(1701673781000)/",13800,400,1632600,22038000000,450,false,3.37
"OCB",140903,"/Date(1701673781000)/",13800,100,1632200,22033000000,450,false,3.37
"OCB",140903,"/Date(1701673781000)/",13800,100,1632100,22031000000,450,false,3.37
"OCB",140903,"/Date(1701673781000)/",13800,100,1632000,22030000000,450,false,3.37
"OCB",140903,"/Date(1701673781000)/",13800,1000,1631900,22029000000,450,false,3.37
"OCB",140903,"/Date(1701673781000)/",13800,200,1630900,22015000000,450,false,3.37
"OCB",140850,"/Date(1701673770000)/",13750,500,1630700,22012000000,400,true,3
"OCB",140847,"/Date(1701673765000)/",13750,500,1630200,22005000000,400,true,3
"OCB",140837,"/Date(1701673756000)/",13750,500,1629700,21998000000,400,false,3
"OCB",140837,"/Date(1701673756000)/",13750,500,1629200,21991000000,400,false,3
"OCB",140837,"/Date(1701673756000)/",13750,400,1628700,21984000000,400,false,3
"OCB",140825,"/Date(1701673745000)/",13750,100,1628300,21979000000,400,true,3
"OCB",140825,"/Date(1701673745000)/",13750,3000,1628200,21978000000,400,true,3
"OCB",140825,"/Date(1701673745000)/",13750,1500,1625200,21936000000,400,true,3
"OCB",140821,"/Date(1701673742000)/",13750,500,1623700,21916000000,400,false,3
"OCB",140821,"/Date(1701673740000)/",13750,1500,1623200,21909000000,400,false,3
"OCB",140821,"/Date(1701673740000)/",13750,200,1621700,21888000000,400,false,3
"OCB",140821,"/Date(1701673740000)/",13750,1300,1621500,21885000000,400,false,3
"OCB",140821,"/Date(1701673740000)/",13750,200,1620200,21868000000,400,false,3
"OCB",140821,"/Date(1701673740000)/",13750,500,1620000,21865000000,400,false,3
"OCB",140821,"/Date(1701673740000)/",13750,100,1619500,21858000000,400,false,3
"OCB",140821,"/Date(1701673740000)/",13750,5000,1619400,21857000000,400,false,3
"OCB",140821,"/Date(1701673740000)/",13750,100,1614400,21788000000,400,false,3
"OCB",140821,"/Date(1701673740000)/",13750,100,1614300,21786000000,400,false,3
"OCB",140821,"/Date(1701673740000)/",13750,100,1614200,21785000000,400,false,3
"OCB",140821,"/Date(1701673740000)/",13750,100,1614100,21784000000,400,false,3
"OCB",140818,"/Date(1701673738000)/",13750,200,1614000,21782000000,400,false,3
"OCB",140818,"/Date(1701673738000)/",13750,800,1613800,21780000000,400,false,3
"OCB",140818,"/Date(1701673737000)/",13750,2000,1613000,21769000000,400,false,3
"OCB",140815,"/Date(1701673734000)/",13750,2900,1611000,21741000000,400,false,3
"OCB",140815,"/Date(1701673734000)/",13750,200,1608100,21701000000,400,false,3
"OCB",140815,"/Date(1701673734000)/",13750,500,1607900,21698000000,400,false,3
"OCB",140812,"/Date(1701673731000)/",13750,4500,1607400,21692000000,400,false,3
"OCB",140812,"/Date(1701673731000)/",13750,200,1602900,21630000000,400,false,3
"OCB",140812,"/Date(1701673731000)/",13750,300,1602700,21627000000,400,false,3
"OCB",140802,"/Date(1701673721000)/",13750,800,1602400,21623000000,400,false,3
"OCB",140759,"/Date(1701673718000)/",13750,3000,1601600,21612000000,400,false,3
"OCB",140753,"/Date(1701673712000)/",13750,1000,1598600,21571000000,400,false,3
"OCB",140743,"/Date(1701673703000)/",13750,2200,1597600,21557000000,400,false,3
"OCB",140740,"/Date(1701673699000)/",13750,1000,1595400,21527000000,400,false,3
"OCB",140737,"/Date(1701673697000)/",13750,1000,1594400,21513000000,400,false,3
"OCB",140737,"/Date(1701673695000)/",13750,200,1593400,21499000000,400,false,3
"OCB",140737,"/Date(1701673694000)/",13700,800,1593200,21496000000,350,true,2.62
"OCB",140737,"/Date(1701673694000)/",13700,700,1592400,21485000000,350,true,2.62
"OCB",140737,"/Date(1701673694000)/",13700,500,1591700,21476000000,350,true,2.62
"OCB",140733,"/Date(1701673693000)/",13750,2000,1591200,21469000000,400,false,3
"OCB",140733,"/Date(1701673693000)/",13750,500,1589200,21441000000,400,false,3
"OCB",140733,"/Date(1701673693000)/",13750,1000,1588700,21435000000,400,false,3
"OCB",140733,"/Date(1701673693000)/",13750,500,1587700,21421000000,400,false,3
"OCB",140733,"/Date(1701673693000)/",13750,1000,1587200,21414000000,400,false,3
"OCB",140733,"/Date(1701673692000)/",13750,3000,1586200,21400000000,400,false,3
"OCB",140724,"/Date(1701673684000)/",13750,17000,1583200,21359000000,400,false,3
"OCB",140724,"/Date(1701673684000)/",13750,1000,1566200,21125000000,400,false,3
"OCB",140724,"/Date(1701673684000)/",13750,2000,1565200,21111000000,400,false,3
"OCB",140714,"/Date(1701673673000)/",13700,200,1563200,21084000000,350,true,2.62
"OCB",140711,"/Date(1701673670000)/",13700,500,1563000,21081000000,350,true,2.62
"OCB",140701,"/Date(1701673662000)/",13700,100,1562500,21074000000,350,false,2.62
"OCB",140701,"/Date(1701673662000)/",13700,1000,1562400,21073000000,350,false,2.62
"OCB",140701,"/Date(1701673662000)/",13700,500,1561400,21059000000,350,false,2.62
"OCB",140701,"/Date(1701673662000)/",13700,200,1560900,21052000000,350,false,2.62
"OCB",140701,"/Date(1701673662000)/",13700,100,1560700,21050000000,350,false,2.62
"OCB",140701,"/Date(1701673662000)/",13700,2000,1560600,21048000000,350,false,2.62
"OCB",140701,"/Date(1701673662000)/",13700,1000,1558600,21021000000,350,false,2.62
"OCB",140701,"/Date(1701673662000)/",13700,3500,1557600,21007000000,350,false,2.62
"OCB",140701,"/Date(1701673662000)/",13700,100,1554100,20959000000,350,false,2.62
"OCB",140701,"/Date(1701673662000)/",13700,100,1554000,20958000000,350,false,2.62
"OCB",140701,"/Date(1701673662000)/",13700,200,1553900,20957000000,350,false,2.62
"OCB",140658,"/Date(1701673657000)/",13700,300,1553700,20954000000,350,false,2.62
"OCB",140658,"/Date(1701673657000)/",13700,100,1553400,20950000000,350,false,2.62
"OCB",140658,"/Date(1701673657000)/",13700,300,1553300,20948000000,350,false,2.62
"OCB",140658,"/Date(1701673657000)/",13700,200,1553000,20944000000,350,false,2.62
"OCB",140658,"/Date(1701673656000)/",13700,300,1552800,20941000000,350,false,2.62
"OCB",140658,"/Date(1701673656000)/",13700,200,1552500,20937000000,350,false,2.62
"OCB",140658,"/Date(1701673656000)/",13700,1000,1552300,20935000000,350,false,2.62
"OCB",140658,"/Date(1701673656000)/",13700,2000,1551300,20921000000,350,false,2.62
"OCB",140658,"/Date(1701673656000)/",13700,500,1549300,20894000000,350,false,2.62
"OCB",140658,"/Date(1701673656000)/",13700,1000,1548800,20887000000,350,false,2.62
"OCB",140658,"/Date(1701673656000)/",13700,2000,1547800,20873000000,350,false,2.62
"OCB",140658,"/Date(1701673656000)/",13700,1000,1545800,20846000000,350,false,2.62
"OCB",140658,"/Date(1701673656000)/",13700,100,1544800,20832000000,350,false,2.62
"OCB",140658,"/Date(1701673656000)/",13700,1000,1544700,20831000000,350,false,2.62
"OCB",140658,"/Date(1701673656000)/",13700,900,1543700,20817000000,350,false,2.62
"OCB",140655,"/Date(1701673654000)/",13700,100,1542800,20804000000,350,false,2.62
"OCB",140649,"/Date(1701673647000)/",13700,1000,1542700,20803000000,350,false,2.62
"OCB",140639,"/Date(1701673637000)/",13700,100,1541700,20789000000,350,false,2.62
"OCB",140633,"/Date(1701673633000)/",13650,1000,1541600,20788000000,300,true,2.25
"OCB",140617,"/Date(1701673616000)/",13650,1500,1540600,20774000000,300,true,2.25
"OCB",140617,"/Date(1701673615000)/",13650,200,1539100,20754000000,300,true,2.25
"OCB",140614,"/Date(1701673614000)/",13650,2600,1538900,20751000000,300,false,2.25
"OCB",140614,"/Date(1701673614000)/",13650,500,1536300,20716000000,300,false,2.25
"OCB",140614,"/Date(1701673614000)/",13650,500,1535800,20709000000,300,false,2.25
"OCB",140614,"/Date(1701673614000)/",13650,400,1535300,20702000000,300,false,2.25
"OCB",140614,"/Date(1701673614000)/",13650,200,1534900,20697000000,300,false,2.25
"OCB",140614,"/Date(1701673614000)/",13650,500,1534700,20694000000,300,false,2.25
"OCB",140614,"/Date(1701673614000)/",13650,300,1534200,20687000000,300,false,2.25
"OCB",140610,"/Date(1701673611000)/",13650,200,1533900,20683000000,300,false,2.25
"OCB",140610,"/Date(1701673611000)/",13650,100,1533700,20680000000,300,false,2.25
"OCB",140610,"/Date(1701673611000)/",13650,700,1533600,20679000000,300,false,2.25
"OCB",140610,"/Date(1701673610000)/",13650,300,1532900,20669000000,300,false,2.25
"OCB",140610,"/Date(1701673610000)/",13650,700,1532600,20665000000,300,false,2.25
"OCB",140607,"/Date(1701673607000)/",13650,300,1531900,20656000000,300,false,2.25
"OCB",140607,"/Date(1701673607000)/",13650,700,1531600,20652000000,300,false,2.25
"OCB",140607,"/Date(1701673606000)/",13650,2000,1530900,20642000000,300,false,2.25
"OCB",140604,"/Date(1701673603000)/",13650,200,1528900,20615000000,300,false,2.25
"OCB",140604,"/Date(1701673603000)/",13650,1000,1528700,20612000000,300,false,2.25
"OCB",140604,"/Date(1701673602000)/",13650,500,1527700,20598000000,300,false,2.25
"OCB",140558,"/Date(1701673595000)/",13650,600,1527200,20591000000,300,false,2.25
"OCB",140558,"/Date(1701673595000)/",13650,100,1526600,20583000000,300,false,2.25
"OCB",140558,"/Date(1701673595000)/",13650,300,1526500,20582000000,300,false,2.25
"OCB",140554,"/Date(1701673595000)/",13650,700,1526200,20578000000,300,false,2.25
"OCB",140554,"/Date(1701673595000)/",13650,200,1525500,20568000000,300,false,2.25
"OCB",140554,"/Date(1701673595000)/",13650,500,1525300,20566000000,300,false,2.25
"OCB",140554,"/Date(1701673593000)/",13650,200,1524800,20559000000,300,false,2.25
"OCB",140545,"/Date(1701673583000)/",13650,300,1524600,20556000000,300,false,2.25
"OCB",140545,"/Date(1701673583000)/",13650,400,1524300,20552000000,300,false,2.25
"OCB",140538,"/Date(1701673579000)/",13650,100,1523900,20546000000,300,false,2.25
"OCB",140538,"/Date(1701673576000)/",13650,1100,1523800,20545000000,300,false,2.25
"OCB",140538,"/Date(1701673576000)/",13650,100,1522700,20530000000,300,false,2.25
"OCB",140538,"/Date(1701673576000)/",13650,300,1522600,20529000000,300,false,2.25
"OCB",140532,"/Date(1701673571000)/",13600,100,1522300,20525000000,250,true,1.87
"OCB",140447,"/Date(1701673527000)/",13600,800,1522200,20523000000,250,true,1.87
"OCB",140315,"/Date(1701673432000)/",13600,100,1521400,20512000000,250,true,1.87
"OCB",140249,"/Date(1701673409000)/",13650,200,1521300,20511000000,300,false,2.25
"OCB",140249,"/Date(1701673409000)/",13650,500,1521100,20508000000,300,false,2.25
"OCB",140249,"/Date(1701673409000)/",13650,1400,1520600,20501000000,300,false,2.25
"OCB",140249,"/Date(1701673409000)/",13650,200,1519200,20482000000,300,false,2.25
"OCB",140249,"/Date(1701673409000)/",13650,1000,1519000,20480000000,300,false,2.25
"OCB",140249,"/Date(1701673409000)/",13650,500,1518000,20466000000,300,false,2.25
"OCB",140249,"/Date(1701673409000)/",13650,3000,1517500,20459000000,300,false,2.25
"OCB",140249,"/Date(1701673409000)/",13650,100,1514500,20418000000,300,false,2.25
"OCB",140249,"/Date(1701673409000)/",13650,200,1514400,20417000000,300,false,2.25
"OCB",140249,"/Date(1701673409000)/",13650,600,1514200,20414000000,300,false,2.25
"OCB",140249,"/Date(1701673409000)/",13650,3000,1513600,20406000000,300,false,2.25
"OCB",140249,"/Date(1701673409000)/",13650,100,1510600,20365000000,300,false,2.25
"OCB",140249,"/Date(1701673409000)/",13650,1000,1510500,20364000000,300,false,2.25
"OCB",140249,"/Date(1701673409000)/",13650,200,1509500,20350000000,300,false,2.25
"OCB",140239,"/Date(1701673398000)/",13600,3000,1509300,20347000000,250,false,1.87
"OCB",140239,"/Date(1701673398000)/",13600,15000,1506300,20306000000,250,false,1.87
"OCB",140239,"/Date(1701673398000)/",13600,100,1491300,20102000000,250,false,1.87
"OCB",140239,"/Date(1701673398000)/",13600,500,1491200,20101000000,250,false,1.87
"OCB",140239,"/Date(1701673398000)/",13600,3200,1490700,20094000000,250,false,1.87
"OCB",140239,"/Date(1701673398000)/",13600,2000,1487500,20051000000,250,false,1.87
"OCB",140239,"/Date(1701673398000)/",13600,4800,1485500,20024000000,250,false,1.87
"OCB",140239,"/Date(1701673396000)/",13600,3300,1480700,19958000000,250,false,1.87
"OCB",140239,"/Date(1701673396000)/",13600,2000,1477400,19913000000,250,false,1.87
"OCB",140239,"/Date(1701673396000)/",13600,1000,1475400,19886000000,250,false,1.87
"OCB",140239,"/Date(1701673396000)/",13600,2000,1474400,19873000000,250,false,1.87
"OCB",140239,"/Date(1701673396000)/",13600,100,1472400,19845000000,250,false,1.87
"OCB",140239,"/Date(1701673396000)/",13600,100,1472300,19844000000,250,false,1.87
"OCB",140239,"/Date(1701673396000)/",13600,4600,1472200,19843000000,250,false,1.87
"OCB",140239,"/Date(1701673396000)/",13600,5000,1467600,19780000000,250,false,1.87
"OCB",140239,"/Date(1701673396000)/",13600,200,1462600,19712000000,250,false,1.87
"OCB",140239,"/Date(1701673396000)/",13600,1000,1462400,19709000000,250,false,1.87
"OCB",140239,"/Date(1701673396000)/",13600,1000,1461400,19696000000,250,false,1.87
"OCB",140239,"/Date(1701673396000)/",13600,10000,1460400,19682000000,250,false,1.87
"OCB",140239,"/Date(1701673396000)/",13600,500,1450400,19546000000,250,false,1.87
"OCB",140239,"/Date(1701673396000)/",13600,2000,1449900,19539000000,250,false,1.87
"OCB",140239,"/Date(1701673396000)/",13600,100,1447900,19512000000,250,false,1.87
"OCB",140239,"/Date(1701673396000)/",13600,17100,1447800,19511000000,250,false,1.87
"OCB",140214,"/Date(1701673372000)/",13600,200,1430700,19278000000,250,false,1.87
"OCB",140135,"/Date(1701673335000)/",13600,2700,1430500,19276000000,250,false,1.87
"OCB",140135,"/Date(1701673335000)/",13600,600,1427800,19239000000,250,false,1.87
"OCB",140135,"/Date(1701673335000)/",13600,500,1427200,19231000000,250,false,1.87
"OCB",140135,"/Date(1701673335000)/",13600,200,1426700,19224000000,250,false,1.87
"OCB",140116,"/Date(1701673316000)/",13600,300,1426500,19221000000,250,false,1.87
"OCB",140116,"/Date(1701673316000)/",13600,400,1426200,19217000000,250,false,1.87
"OCB",140110,"/Date(1701673309000)/",13600,800,1425800,19212000000,250,false,1.87
"OCB",140110,"/Date(1701673309000)/",13600,100,1425000,19201000000,250,false,1.87
"OCB",140110,"/Date(1701673309000)/",13600,200,1424900,19199000000,250,false,1.87
"OCB",140110,"/Date(1701673309000)/",13600,100,1424700,19197000000,250,false,1.87
"OCB",140110,"/Date(1701673309000)/",13600,500,1424600,19195000000,250,false,1.87
"OCB",140110,"/Date(1701673309000)/",13600,300,1424100,19188000000,250,false,1.87
"OCB",140110,"/Date(1701673309000)/",13600,200,1423800,19184000000,250,false,1.87
"OCB",135905,"/Date(1701673183000)/",13600,1800,1423600,19182000000,250,false,1.87
"OCB",135905,"/Date(1701673183000)/",13600,600,1421800,19157000000,250,false,1.87
"OCB",135905,"/Date(1701673183000)/",13600,1000,1421200,19149000000,250,false,1.87
"OCB",135905,"/Date(1701673183000)/",13600,1600,1420200,19135000000,250,false,1.87
"OCB",135843,"/Date(1701673162000)/",13600,100,1418600,19114000000,250,false,1.87
"OCB",135833,"/Date(1701673151000)/",13600,300,1418500,19112000000,250,false,1.87
"OCB",135833,"/Date(1701673151000)/",13600,400,1418200,19108000000,250,false,1.87
"OCB",135502,"/Date(1701672941000)/",13600,100,1417800,19103000000,250,false,1.87
"OCB",135502,"/Date(1701672941000)/",13600,5000,1417700,19101000000,250,false,1.87
"OCB",135502,"/Date(1701672941000)/",13600,100,1412700,19033000000,250,false,1.87
"OCB",135502,"/Date(1701672941000)/",13600,500,1412600,19032000000,250,false,1.87
"OCB",135502,"/Date(1701672941000)/",13600,500,1412100,19025000000,250,false,1.87
"OCB",135502,"/Date(1701672941000)/",13600,4000,1411600,19018000000,250,false,1.87
"OCB",135502,"/Date(1701672941000)/",13600,5000,1407600,18964000000,250,false,1.87
"OCB",135502,"/Date(1701672941000)/",13600,2000,1402600,18896000000,250,false,1.87
"OCB",135502,"/Date(1701672941000)/",13600,5000,1400600,18869000000,250,false,1.87
"OCB",135502,"/Date(1701672941000)/",13600,500,1395600,18801000000,250,false,1.87
"OCB",135502,"/Date(1701672941000)/",13600,500,1395100,18794000000,250,false,1.87
"OCB",135502,"/Date(1701672941000)/",13600,500,1394600,18787000000,250,false,1.87
"OCB",135502,"/Date(1701672941000)/",13600,300,1394100,18780000000,250,false,1.87
"OCB",135502,"/Date(1701672941000)/",13600,500,1393800,18776000000,250,false,1.87
"OCB",135502,"/Date(1701672941000)/",13600,1000,1393300,18770000000,250,false,1.87
"OCB",135502,"/Date(1701672941000)/",13600,5000,1392300,18756000000,250,false,1.87
"OCB",135502,"/Date(1701672941000)/",13600,4900,1387300,18688000000,250,false,1.87
"OCB",135502,"/Date(1701672941000)/",13600,1000,1382400,18621000000,250,false,1.87
"OCB",135502,"/Date(1701672941000)/",13600,600,1381400,18608000000,250,false,1.87
"OCB",135502,"/Date(1701672941000)/",13600,200,1380800,18600000000,250,false,1.87
"OCB",135502,"/Date(1701672941000)/",13600,200,1380600,18597000000,250,false,1.87
"OCB",135502,"/Date(1701672941000)/",13600,100,1380400,18594000000,250,false,1.87
"OCB",135446,"/Date(1701672925000)/",13600,500,1380300,18593000000,250,false,1.87
"OCB",135446,"/Date(1701672925000)/",13600,800,1379800,18586000000,250,false,1.87
"OCB",135446,"/Date(1701672925000)/",13600,300,1379000,18575000000,250,false,1.87
"OCB",135446,"/Date(1701672925000)/",13600,2000,1378700,18571000000,250,false,1.87
"OCB",135446,"/Date(1701672925000)/",13600,10000,1376700,18544000000,250,false,1.87
"OCB",135446,"/Date(1701672925000)/",13600,100,1366700,18408000000,250,false,1.87
"OCB",135446,"/Date(1701672925000)/",13600,200,1366600,18406000000,250,false,1.87
"OCB",135446,"/Date(1701672925000)/",13600,100,1366400,18404000000,250,false,1.87
"OCB",135446,"/Date(1701672925000)/",13600,100,1366300,18402000000,250,false,1.87
"OCB",135446,"/Date(1701672925000)/",13600,200,1366200,18401000000,250,false,1.87
"OCB",135446,"/Date(1701672925000)/",13600,18400,1366000,18398000000,250,false,1.87
"OCB",135446,"/Date(1701672925000)/",13600,8000,1347600,18148000000,250,false,1.87
"OCB",135446,"/Date(1701672925000)/",13600,2000,1339600,18039000000,250,false,1.87
"OCB",135446,"/Date(1701672925000)/",13600,5000,1337600,18012000000,250,false,1.87
"OCB",135446,"/Date(1701672925000)/",13600,2300,1332600,17944000000,250,false,1.87
"OCB",135437,"/Date(1701672915000)/",13550,200,1330300,17913000000,200,false,1.5
"OCB",135437,"/Date(1701672915000)/",13550,5000,1330100,17910000000,200,false,1.5
"OCB",135430,"/Date(1701672907000)/",13550,500,1325100,17842000000,200,false,1.5
"OCB",135421,"/Date(1701672899000)/",13550,4500,1324600,17836000000,200,false,1.5
"OCB",135421,"/Date(1701672899000)/",13550,10000,1320100,17775000000,200,false,1.5
"OCB",135421,"/Date(1701672899000)/",13550,100,1310100,17639000000,200,false,1.5
"OCB",135421,"/Date(1701672899000)/",13550,14400,1310000,17638000000,200,false,1.5
"OCB",135421,"/Date(1701672899000)/",13550,1600,1295600,17443000000,200,false,1.5
"OCB",135421,"/Date(1701672899000)/",13550,19400,1294000,17421000000,200,false,1.5
"OCB",135254,"/Date(1701672808000)/",13550,25000,1274600,17158000000,200,false,1.5
"OCB",135219,"/Date(1701672776000)/",13550,5000,1249600,16819000000,200,false,1.5
"OCB",135153,"/Date(1701672750000)/",13550,13500,1244600,16752000000,200,true,1.5
"OCB",135147,"/Date(1701672745000)/",13550,100,1231100,16569000000,200,true,1.5
"OCB",135147,"/Date(1701672744000)/",13550,1500,1231000,16567000000,200,true,1.5
"OCB",135056,"/Date(1701672693000)/",13550,200,1229500,16547000000,200,true,1.5
"OCB",135056,"/Date(1701672693000)/",13550,1000,1229300,16544000000,200,true,1.5
"OCB",135056,"/Date(1701672693000)/",13550,100,1228300,16531000000,200,true,1.5
"OCB",135056,"/Date(1701672693000)/",13550,3600,1228200,16529000000,200,true,1.5
"OCB",134923,"/Date(1701672600000)/",13550,6400,1224600,16481000000,200,true,1.5
"OCB",134914,"/Date(1701672590000)/",13550,300,1218200,16394000000,200,true,1.5
"OCB",134904,"/Date(1701672582000)/",13550,800,1217900,16390000000,200,true,1.5
"OCB",134904,"/Date(1701672582000)/",13550,500,1217100,16379000000,200,true,1.5
"OCB",134904,"/Date(1701672582000)/",13550,1000,1216600,16372000000,200,true,1.5
"OCB",134904,"/Date(1701672582000)/",13550,200,1215600,16359000000,200,true,1.5
"OCB",134904,"/Date(1701672582000)/",13550,100,1215400,16356000000,200,true,1.5
"OCB",134904,"/Date(1701672582000)/",13550,1200,1215300,16355000000,200,true,1.5
"OCB",134904,"/Date(1701672582000)/",13550,4000,1214100,16338000000,200,true,1.5
"OCB",134904,"/Date(1701672582000)/",13550,2000,1210100,16284000000,200,true,1.5
"OCB",134904,"/Date(1701672582000)/",13550,2000,1208100,16257000000,200,true,1.5
"OCB",134904,"/Date(1701672582000)/",13550,500,1206100,16230000000,200,true,1.5
"OCB",134904,"/Date(1701672582000)/",13550,11000,1205600,16223000000,200,true,1.5
"OCB",134842,"/Date(1701672559000)/",13550,5900,1194600,16074000000,200,false,1.5
"OCB",134842,"/Date(1701672559000)/",13550,2000,1188700,15994000000,200,false,1.5
"OCB",134842,"/Date(1701672559000)/",13550,2000,1186700,15967000000,200,false,1.5
"OCB",134842,"/Date(1701672559000)/",13550,500,1184700,15940000000,200,false,1.5
"OCB",134842,"/Date(1701672559000)/",13550,7500,1184200,15933000000,200,false,1.5
"OCB",134842,"/Date(1701672559000)/",13550,2100,1176700,15832000000,200,false,1.5
"OCB",134826,"/Date(1701672542000)/",13550,7900,1174600,15803000000,200,false,1.5
"OCB",134826,"/Date(1701672542000)/",13550,10000,1166700,15696000000,200,false,1.5
"OCB",134826,"/Date(1701672542000)/",13550,100,1156700,15561000000,200,false,1.5
"OCB",134826,"/Date(1701672542000)/",13550,100,1156600,15559000000,200,false,1.5
"OCB",134826,"/Date(1701672542000)/",13550,100,1156500,15558000000,200,false,1.5
"OCB",134826,"/Date(1701672542000)/",13550,100,1156400,15556000000,200,false,1.5
"OCB",134826,"/Date(1701672542000)/",13550,100,1156300,15555000000,200,false,1.5
"OCB",134826,"/Date(1701672542000)/",13550,6600,1156200,15554000000,200,false,1.5
"OCB",134813,"/Date(1701672529000)/",13500,400,1149600,15464000000,150,true,1.12
"OCB",134637,"/Date(1701672435000)/",13500,5100,1149200,15459000000,150,true,1.12
"OCB",134637,"/Date(1701672435000)/",13500,500,1144100,15390000000,150,true,1.12
"OCB",134637,"/Date(1701672435000)/",13500,1000,1143600,15383000000,150,true,1.12
"OCB",134637,"/Date(1701672435000)/",13500,700,1142600,15370000000,150,true,1.12
"OCB",134634,"/Date(1701672433000)/",13550,1000,1141900,15360000000,200,false,1.5
"OCB",134458,"/Date(1701672335000)/",13550,100,1140900,15347000000,200,false,1.5
"OCB",134357,"/Date(1701672275000)/",13550,400,1140800,15345000000,200,false,1.5
"OCB",134357,"/Date(1701672275000)/",13550,100,1140400,15340000000,200,false,1.5
"OCB",134332,"/Date(1701672250000)/",13500,300,1140300,15339000000,150,true,1.12
"OCB",134332,"/Date(1701672250000)/",13500,1000,1140000,15335000000,150,true,1.12
"OCB",134332,"/Date(1701672250000)/",13500,1000,1139000,15321000000,150,true,1.12
"OCB",134332,"/Date(1701672250000)/",13500,500,1138000,15308000000,150,true,1.12
"OCB",134332,"/Date(1701672250000)/",13500,2000,1137500,15301000000,150,true,1.12
"OCB",134332,"/Date(1701672250000)/",13500,100,1135500,15274000000,150,true,1.12
"OCB",134332,"/Date(1701672250000)/",13500,800,1135400,15273000000,150,true,1.12
"OCB",134332,"/Date(1701672250000)/",13500,2000,1134600,15262000000,150,true,1.12
"OCB",134332,"/Date(1701672250000)/",13500,17300,1132600,15235000000,150,true,1.12
"OCB",133854,"/Date(1701671970000)/",13550,1300,1115300,15001000000,200,false,1.5
"OCB",133828,"/Date(1701671945000)/",13500,1000,1114000,14984000000,150,true,1.12
"OCB",133828,"/Date(1701671945000)/",13500,1000,1113000,14970000000,150,true,1.12
"OCB",133626,"/Date(1701671823000)/",13500,7000,1112000,14957000000,150,true,1.12
"OCB",133318,"/Date(1701671634000)/",13550,3600,1105000,14862000000,200,true,1.5
"OCB",133315,"/Date(1701671631000)/",13550,200,1101400,14813000000,200,true,1.5
"OCB",133315,"/Date(1701671631000)/",13550,1200,1101200,14811000000,200,true,1.5
"OCB",133302,"/Date(1701671617000)/",13550,700,1100000,14794000000,200,true,1.5
"OCB",133249,"/Date(1701671605000)/",13550,25000,1099300,14785000000,200,true,1.5
"OCB",133243,"/Date(1701671599000)/",13550,2000,1074300,14446000000,200,true,1.5
"OCB",133217,"/Date(1701671574000)/",13550,900,1072300,14419000000,200,true,1.5
"OCB",133214,"/Date(1701671571000)/",13550,100,1071400,14407000000,200,true,1.5
"OCB",133214,"/Date(1701671571000)/",13550,200,1071300,14405000000,200,true,1.5
"OCB",133145,"/Date(1701671540000)/",13550,1000,1071100,14403000000,200,true,1.5
"OCB",133123,"/Date(1701671520000)/",13550,600,1070100,14389000000,200,true,1.5
"OCB",133120,"/Date(1701671515000)/",13550,1000,1069500,14381000000,200,true,1.5
"OCB",133101,"/Date(1701671496000)/",13550,600,1068500,14367000000,200,true,1.5
"OCB",133051,"/Date(1701671488000)/",13550,700,1067900,14359000000,200,true,1.5
"OCB",133026,"/Date(1701671462000)/",13550,100,1067200,14350000000,200,true,1.5
"OCB",133022,"/Date(1701671459000)/",13550,300,1067100,14349000000,200,true,1.5
"OCB",133019,"/Date(1701671454000)/",13550,1700,1066800,14344000000,200,false,1.5
"OCB",133019,"/Date(1701671454000)/",13550,100,1065100,14321000000,200,false,1.5
"OCB",133013,"/Date(1701671450000)/",13500,100,1065000,14320000000,150,true,1.12
"OCB",133006,"/Date(1701671442000)/",13550,400,1064900,14319000000,200,true,1.5
"OCB",132957,"/Date(1701671432000)/",13550,300,1064500,14313000000,200,true,1.5
"OCB",132947,"/Date(1701671424000)/",13550,200,1064200,14309000000,200,true,1.5
"OCB",132931,"/Date(1701671408000)/",13550,100,1064000,14307000000,200,false,1.5
"OCB",132931,"/Date(1701671408000)/",13550,1100,1063900,14305000000,200,false,1.5
"OCB",132931,"/Date(1701671408000)/",13550,500,1062800,14290000000,200,false,1.5
"OCB",132931,"/Date(1701671408000)/",13550,5000,1062300,14283000000,200,false,1.5
"OCB",132931,"/Date(1701671408000)/",13550,500,1057300,14216000000,200,false,1.5
"OCB",132931,"/Date(1701671408000)/",13550,5700,1056800,14209000000,200,false,1.5
"OCB",132931,"/Date(1701671408000)/",13550,2000,1051100,14132000000,200,false,1.5
"OCB",132931,"/Date(1701671408000)/",13550,1000,1049100,14105000000,200,false,1.5
"OCB",132931,"/Date(1701671408000)/",13550,100,1048100,14091000000,200,false,1.5
"OCB",132931,"/Date(1701671408000)/",13550,500,1048000,14090000000,200,false,1.5
"OCB",132931,"/Date(1701671408000)/",13550,500,1047500,14083000000,200,false,1.5
"OCB",132931,"/Date(1701671408000)/",13550,7000,1047000,14076000000,200,false,1.5
"OCB",132931,"/Date(1701671408000)/",13550,500,1040000,13981000000,200,false,1.5
"OCB",132931,"/Date(1701671408000)/",13550,300,1039500,13975000000,200,false,1.5
"OCB",132931,"/Date(1701671408000)/",13550,100,1039200,13970000000,200,false,1.5
"OCB",132931,"/Date(1701671408000)/",13550,500,1039100,13969000000,200,false,1.5
"OCB",132931,"/Date(1701671408000)/",13550,200,1038600,13962000000,200,false,1.5
"OCB",132931,"/Date(1701671408000)/",13550,1000,1038400,13960000000,200,false,1.5
"OCB",132931,"/Date(1701671408000)/",13550,2500,1037400,13946000000,200,false,1.5
"OCB",132931,"/Date(1701671408000)/",13550,14000,1034900,13912000000,200,false,1.5
"OCB",132931,"/Date(1701671408000)/",13550,200,1020900,13723000000,200,false,1.5
"OCB",132931,"/Date(1701671408000)/",13550,200,1020700,13720000000,200,false,1.5
"OCB",132931,"/Date(1701671408000)/",13550,5000,1020500,13717000000,200,false,1.5
"OCB",132931,"/Date(1701671408000)/",13550,500,1015500,13649000000,200,false,1.5
"OCB",132931,"/Date(1701671408000)/",13550,500,1015000,13643000000,200,false,1.5
"OCB",132931,"/Date(1701671408000)/",13550,9600,1014500,13636000000,200,false,1.5
"OCB",132931,"/Date(1701671407000)/",13500,400,1004900,13506000000,150,true,1.12
"OCB",132743,"/Date(1701671298000)/",13550,300,1004500,13500000000,200,false,1.5
"OCB",132639,"/Date(1701671234000)/",13500,1000,1004200,13496000000,150,true,1.12
"OCB",132620,"/Date(1701671216000)/",13500,1200,1003200,13483000000,150,true,1.12
"OCB",132613,"/Date(1701671207000)/",13500,1000,1002000,13467000000,150,true,1.12
"OCB",132403,"/Date(1701671079000)/",13550,100,1001000,13453000000,200,false,1.5
"OCB",132117,"/Date(1701670912000)/",13550,500,1000900,13452000000,200,false,1.5
"OCB",132110,"/Date(1701670905000)/",13550,200,1000400,13445000000,200,false,1.5
"OCB",131957,"/Date(1701670833000)/",13550,5000,1000200,13442000000,200,false,1.5
"OCB",131947,"/Date(1701670822000)/",13550,1000,995200,13374000000,200,false,1.5
"OCB",131850,"/Date(1701670765000)/",13550,2900,994200,13361000000,200,false,1.5
"OCB",131850,"/Date(1701670765000)/",13550,2000,991300,13322000000,200,false,1.5
"OCB",131850,"/Date(1701670765000)/",13550,700,989300,13295000000,200,false,1.5
"OCB",131850,"/Date(1701670765000)/",13550,100,988600,13285000000,200,false,1.5
"OCB",131850,"/Date(1701670765000)/",13550,500,988500,13284000000,200,false,1.5
"OCB",131850,"/Date(1701670765000)/",13550,1100,988000,13277000000,200,false,1.5
"OCB",131850,"/Date(1701670765000)/",13550,1000,986900,13262000000,200,false,1.5
"OCB",131850,"/Date(1701670765000)/",13550,1000,985900,13248000000,200,false,1.5
"OCB",131850,"/Date(1701670765000)/",13550,800,984900,13235000000,200,false,1.5
"OCB",131850,"/Date(1701670765000)/",13550,200,984100,13224000000,200,false,1.5
"OCB",131850,"/Date(1701670765000)/",13550,6900,983900,13221000000,200,false,1.5
"OCB",131850,"/Date(1701670765000)/",13550,400,977000,13128000000,200,false,1.5
"OCB",131850,"/Date(1701670765000)/",13550,5000,976600,13122000000,200,false,1.5
"OCB",131850,"/Date(1701670765000)/",13550,500,971600,13055000000,200,false,1.5
"OCB",131850,"/Date(1701670765000)/",13550,6900,971100,13048000000,200,false,1.5
"OCB",131648,"/Date(1701670642000)/",13550,1000,964200,12954000000,200,false,1.5
"OCB",131616,"/Date(1701670612000)/",13550,1000,963200,12941000000,200,false,1.5
"OCB",131551,"/Date(1701670585000)/",13500,100,962200,12927000000,150,true,1.12
"OCB",131538,"/Date(1701670571000)/",13550,1000,962100,12926000000,200,false,1.5
"OCB",131457,"/Date(1701670532000)/",13550,100,961100,12912000000,200,false,1.5
"OCB",131457,"/Date(1701670532000)/",13550,300,961000,12911000000,200,false,1.5
"OCB",131457,"/Date(1701670532000)/",13550,100,960700,12907000000,200,false,1.5
"OCB",131457,"/Date(1701670532000)/",13550,1500,960600,12906000000,200,false,1.5
"OCB",131359,"/Date(1701670475000)/",13500,500,959100,12885000000,150,true,1.12
"OCB",131343,"/Date(1701670457000)/",13500,300,958600,12879000000,150,true,1.12
"OCB",131343,"/Date(1701670457000)/",13500,200,958300,12875000000,150,true,1.12
"OCB",131334,"/Date(1701670449000)/",13550,500,958100,12872000000,200,false,1.5
"OCB",131230,"/Date(1701670383000)/",13500,100,957600,12865000000,150,false,1.12
"OCB",131230,"/Date(1701670383000)/",13500,500,957500,12864000000,150,false,1.12
"OCB",131230,"/Date(1701670383000)/",13500,1000,957000,12857000000,150,false,1.12
"OCB",131230,"/Date(1701670383000)/",13500,1000,956000,12843000000,150,false,1.12
"OCB",131230,"/Date(1701670383000)/",13500,500,955000,12830000000,150,false,1.12
"OCB",131230,"/Date(1701670383000)/",13500,500,954500,12823000000,150,false,1.12
"OCB",131230,"/Date(1701670383000)/",13500,100,954000,12816000000,150,false,1.12
"OCB",131230,"/Date(1701670383000)/",13500,10000,953900,12815000000,150,false,1.12
"OCB",131230,"/Date(1701670383000)/",13500,200,943900,12680000000,150,false,1.12
"OCB",131230,"/Date(1701670383000)/",13500,10000,943700,12677000000,150,false,1.12
"OCB",131230,"/Date(1701670383000)/",13500,5000,933700,12542000000,150,false,1.12
"OCB",131230,"/Date(1701670383000)/",13500,500,928700,12475000000,150,false,1.12
"OCB",131230,"/Date(1701670383000)/",13500,400,928200,12468000000,150,false,1.12
"OCB",131145,"/Date(1701670339000)/",13500,100,927800,12463000000,150,false,1.12
"OCB",131145,"/Date(1701670339000)/",13500,800,927700,12461000000,150,false,1.12
"OCB",131029,"/Date(1701670262000)/",13450,500,926900,12451000000,100,true,0.75
"OCB",131029,"/Date(1701670262000)/",13450,300,926400,12444000000,100,true,0.75
"OCB",131029,"/Date(1701670262000)/",13450,1200,926100,12440000000,100,true,0.75
"OCB",130954,"/Date(1701670227000)/",13450,100,924900,12424000000,100,true,0.75
"OCB",130639,"/Date(1701670034000)/",13450,200,924800,12422000000,100,true,0.75
"OCB",130539,"/Date(1701669972000)/",13450,8500,924600,12420000000,100,true,0.75
"OCB",130539,"/Date(1701669972000)/",13450,1500,916100,12305000000,100,true,0.75
"OCB",130428,"/Date(1701669902000)/",13450,800,914600,12285000000,100,false,0.75
"OCB",130409,"/Date(1701669882000)/",13450,1600,913800,12274000000,100,false,0.75
"OCB",130409,"/Date(1701669882000)/",13450,13200,912200,12253000000,100,false,0.75
"OCB",130409,"/Date(1701669882000)/",13450,3500,899000,12075000000,100,false,0.75
"OCB",130409,"/Date(1701669882000)/",13450,400,895500,12028000000,100,false,0.75
"OCB",130409,"/Date(1701669882000)/",13450,100,895100,12023000000,100,false,0.75
"OCB",130409,"/Date(1701669882000)/",13450,1200,895000,12022000000,100,false,0.75
"OCB",130406,"/Date(1701669878000)/",13450,500,893800,12005000000,100,false,0.75
"OCB",130145,"/Date(1701669738000)/",13400,6300,893300,11999000000,50,true,0.37
"OCB",130145,"/Date(1701669738000)/",13400,700,887000,11914000000,50,true,0.37
"OCB",130133,"/Date(1701669726000)/",13400,100,886300,11905000000,50,true,0.37
"OCB",130003,"/Date(1701669625000)/",13400,200,886200,11904000000,50,true,0.37
"OCB",130003,"/Date(1701669625000)/",13400,100,886000,11901000000,50,true,0.37
"OCB",130003,"/Date(1701669622000)/",13400,300,885900,11900000000,50,true,0.37
"OCB",130000,"/Date(1701669618000)/",13400,100,885600,11895000000,50,true,0.37
"OCB",125947,"/Date(1701669603000)/",13400,500,885500,11894000000,50,true,0.37
"OCB",125941,"/Date(1701669601000)/",13400,4000,885000,11887000000,50,true,0.37
"OCB",112742,"/Date(1701664085000)/",13350,200,881000,11834000000,0,true,0
"OCB",112738,"/Date(1701664082000)/",13350,500,880800,11831000000,0,true,0
"OCB",112726,"/Date(1701664071000)/",13350,500,880300,11825000000,0,true,0
"OCB",112719,"/Date(1701664064000)/",13350,500,879800,11818000000,0,true,0
"OCB",112713,"/Date(1701664058000)/",13350,500,879300,11811000000,0,true,0
"OCB",112707,"/Date(1701664050000)/",13350,500,878800,11804000000,0,true,0
"OCB",112644,"/Date(1701664030000)/",13350,1800,878300,11798000000,0,true,0
"OCB",112644,"/Date(1701664030000)/",13350,1000,876500,11774000000,0,true,0
"OCB",112644,"/Date(1701664030000)/",13350,400,875500,11760000000,0,true,0
"OCB",112644,"/Date(1701664030000)/",13350,2000,875100,11755000000,0,true,0
"OCB",112644,"/Date(1701664030000)/",13350,100,873100,11728000000,0,true,0
"OCB",112644,"/Date(1701664030000)/",13350,200,873000,11727000000,0,true,0
"OCB",112644,"/Date(1701664030000)/",13350,100,872800,11724000000,0,true,0
"OCB",112644,"/Date(1701664030000)/",13350,1000,872700,11723000000,0,true,0
"OCB",112644,"/Date(1701664030000)/",13350,1500,871700,11710000000,0,true,0
"OCB",112644,"/Date(1701664030000)/",13350,100,870200,11690000000,0,true,0
"OCB",112644,"/Date(1701664030000)/",13350,2700,870100,11688000000,0,true,0
"OCB",112644,"/Date(1701664030000)/",13350,10000,867400,11652000000,0,true,0
"OCB",112644,"/Date(1701664030000)/",13350,100,857400,11519000000,0,true,0
"OCB",112644,"/Date(1701664030000)/",13350,500,857300,11517000000,0,true,0
"OCB",112644,"/Date(1701664030000)/",13350,1400,856800,11511000000,0,true,0
"OCB",112644,"/Date(1701664030000)/",13350,1000,855400,11492000000,0,true,0
"OCB",112644,"/Date(1701664030000)/",13350,1000,854400,11479000000,0,true,0
"OCB",112644,"/Date(1701664030000)/",13350,200,853400,11465000000,0,true,0
"OCB",112644,"/Date(1701664030000)/",13350,64700,853200,11463000000,0,true,0
"OCB",112644,"/Date(1701664030000)/",13350,2000,788500,10599000000,0,true,0
"OCB",112644,"/Date(1701664030000)/",13350,100,786500,10572000000,0,true,0
"OCB",112644,"/Date(1701664030000)/",13350,500,786400,10571000000,0,true,0
"OCB",112644,"/Date(1701664030000)/",13350,400,785900,10564000000,0,true,0
"OCB",112644,"/Date(1701664030000)/",13350,5000,785500,10559000000,0,true,0
"OCB",112644,"/Date(1701664030000)/",13350,200,780500,10492000000,0,true,0
"OCB",112644,"/Date(1701664030000)/",13400,300,780300,10490000000,50,false,0.37
"OCB",112644,"/Date(1701664030000)/",13400,2000,780000,10485000000,50,false,0.37
"OCB",112644,"/Date(1701664030000)/",13400,1000,778000,10459000000,50,false,0.37
"OCB",112644,"/Date(1701664030000)/",13400,100,777000,10445000000,50,false,0.37
"OCB",112644,"/Date(1701664030000)/",13400,30000,776900,10444000000,50,false,0.37
"OCB",112644,"/Date(1701664030000)/",13400,600,746900,10042000000,50,false,0.37
"OCB",112644,"/Date(1701664030000)/",13400,3000,746300,10034000000,50,false,0.37
"OCB",112644,"/Date(1701664030000)/",13400,2700,743300,9994000000,50,false,0.37
"OCB",112644,"/Date(1701664030000)/",13400,2700,740600,9958000000,50,false,0.37
"OCB",112644,"/Date(1701664030000)/",13400,1500,737900,9921000000,50,false,0.37
"OCB",112644,"/Date(1701664030000)/",13400,1000,736400,9901000000,50,false,0.37
"OCB",112644,"/Date(1701664030000)/",13400,20000,735400,9888000000,50,false,0.37
"OCB",112644,"/Date(1701664030000)/",13400,300,715400,9620000000,50,false,0.37
"OCB",112644,"/Date(1701664030000)/",13400,4000,715100,9616000000,50,false,0.37
"OCB",112644,"/Date(1701664030000)/",13400,100,711100,9562000000,50,false,0.37
"OCB",112644,"/Date(1701664030000)/",13400,1000,711000,9561000000,50,false,0.37
"OCB",112644,"/Date(1701664030000)/",13400,200,710000,9547000000,50,false,0.37
"OCB",112644,"/Date(1701664030000)/",13400,100,709800,9545000000,50,false,0.37
"OCB",112644,"/Date(1701664030000)/",13400,200,709700,9543000000,50,false,0.37
"OCB",112644,"/Date(1701664030000)/",13400,1000,709500,9541000000,50,false,0.37
"OCB",112644,"/Date(1701664030000)/",13400,1000,708500,9527000000,50,false,0.37
"OCB",112644,"/Date(1701664030000)/",13400,1000,707500,9514000000,50,false,0.37
"OCB",112644,"/Date(1701664030000)/",13400,1000,706500,9501000000,50,false,0.37
"OCB",112644,"/Date(1701664030000)/",13400,1000,705500,9487000000,50,false,0.37
"OCB",112644,"/Date(1701664030000)/",13400,3000,704500,9474000000,50,false,0.37
"OCB",112644,"/Date(1701664030000)/",13400,500,701500,9434000000,50,false,0.37
"OCB",112644,"/Date(1701664030000)/",13400,3000,701000,9427000000,50,false,0.37
"OCB",112644,"/Date(1701664030000)/",13400,10000,698000,9387000000,50,false,0.37
"OCB",112644,"/Date(1701664030000)/",13400,1000,688000,9253000000,50,false,0.37
"OCB",112644,"/Date(1701664030000)/",13400,2000,687000,9239000000,50,false,0.37
"OCB",112644,"/Date(1701664030000)/",13400,100,685000,9212000000,50,false,0.37
"OCB",112644,"/Date(1701664030000)/",13400,5500,684900,9211000000,50,false,0.37
"OCB",112644,"/Date(1701664030000)/",13400,1100,679400,9137000000,50,false,0.37
"OCB",112625,"/Date(1701664011000)/",13400,200,678300,9123000000,50,true,0.37
"OCB",112625,"/Date(1701664008000)/",13400,500,678100,9120000000,50,true,0.37
"OCB",112612,"/Date(1701663996000)/",13400,500,677600,9113000000,50,true,0.37
"OCB",112606,"/Date(1701663989000)/",13400,500,677100,9107000000,50,true,0.37
"OCB",112559,"/Date(1701663983000)/",13400,500,676600,9100000000,50,true,0.37
"OCB",112550,"/Date(1701663975000)/",13400,500,676100,9093000000,50,true,0.37
"OCB",112512,"/Date(1701663935000)/",13400,200,675600,9087000000,50,true,0.37
"OCB",112508,"/Date(1701663932000)/",13400,500,675400,9084000000,50,true,0.37
"OCB",112456,"/Date(1701663921000)/",13400,500,674900,9077000000,50,true,0.37
"OCB",112449,"/Date(1701663913000)/",13400,500,674400,9070000000,50,true,0.37
"OCB",112443,"/Date(1701663908000)/",13400,500,673900,9064000000,50,true,0.37
"OCB",112437,"/Date(1701663900000)/",13400,500,673400,9057000000,50,true,0.37
"OCB",112414,"/Date(1701663879000)/",13450,3000,672900,9050000000,100,false,0.75
"OCB",112355,"/Date(1701663859000)/",13400,200,669900,9010000000,50,true,0.37
"OCB",112352,"/Date(1701663856000)/",13400,500,669700,9007000000,50,true,0.37
"OCB",112343,"/Date(1701663844000)/",13400,500,669200,9001000000,50,true,0.37
"OCB",112343,"/Date(1701663836000)/",13400,500,668700,8994000000,50,true,0.37
"OCB",112330,"/Date(1701663829000)/",13400,500,668200,8987000000,50,true,0.37
"OCB",112317,"/Date(1701663821000)/",13400,500,667700,8981000000,50,true,0.37
"OCB",112248,"/Date(1701663793000)/",13450,200,667200,8974000000,100,false,0.75
"OCB",112236,"/Date(1701663779000)/",13400,200,667000,8971000000,50,true,0.37
"OCB",112232,"/Date(1701663776000)/",13400,500,666800,8968000000,50,true,0.37
"OCB",112220,"/Date(1701663764000)/",13400,500,666300,8962000000,50,true,0.37
"OCB",112213,"/Date(1701663757000)/",13400,500,665800,8955000000,50,true,0.37
"OCB",112207,"/Date(1701663750000)/",13400,500,665300,8948000000,50,true,0.37
"OCB",112157,"/Date(1701663742000)/",13400,500,664800,8942000000,50,true,0.37
"OCB",112119,"/Date(1701663702000)/",13400,200,664300,8935000000,50,true,0.37
"OCB",112116,"/Date(1701663698000)/",13400,500,664100,8932000000,50,true,0.37
"OCB",112103,"/Date(1701663687000)/",13400,500,663600,8926000000,50,true,0.37
"OCB",112057,"/Date(1701663679000)/",13400,500,663100,8919000000,50,true,0.37
"OCB",112050,"/Date(1701663673000)/",13400,500,662600,8912000000,50,true,0.37
"OCB",112041,"/Date(1701663665000)/",13400,500,662100,8905000000,50,true,0.37
"OCB",111947,"/Date(1701663611000)/",13400,400,661600,8899000000,50,true,0.37
"OCB",111943,"/Date(1701663608000)/",13400,1000,661200,8893000000,50,true,0.37
"OCB",111940,"/Date(1701663604000)/",13450,1000,660200,8880000000,100,true,0.75
"OCB",111940,"/Date(1701663604000)/",13450,200,659200,8867000000,100,true,0.75
"OCB",111940,"/Date(1701663604000)/",13450,2000,659000,8864000000,100,true,0.75
"OCB",111940,"/Date(1701663604000)/",13450,2000,657000,8837000000,100,true,0.75
"OCB",111940,"/Date(1701663604000)/",13450,500,655000,8810000000,100,true,0.75
"OCB",111940,"/Date(1701663604000)/",13450,9400,654500,8803000000,100,true,0.75
"OCB",111934,"/Date(1701663596000)/",13450,600,645100,8677000000,100,true,0.75
"OCB",111934,"/Date(1701663596000)/",13450,400,644500,8669000000,100,true,0.75
"OCB",111924,"/Date(1701663590000)/",13450,50000,644100,8663000000,100,true,0.75
"OCB",111924,"/Date(1701663589000)/",13450,1000,594100,7991000000,100,true,0.75
"OCB",111918,"/Date(1701663583000)/",13450,1000,593100,7978000000,100,true,0.75
"OCB",111911,"/Date(1701663575000)/",13450,1000,592100,7964000000,100,true,0.75
"OCB",111833,"/Date(1701663536000)/",13450,400,591100,7951000000,100,true,0.75
"OCB",111830,"/Date(1701663533000)/",13450,1000,590700,7945000000,100,true,0.75
"OCB",111817,"/Date(1701663521000)/",13450,1000,589700,7932000000,100,true,0.75
"OCB",111811,"/Date(1701663514000)/",13450,1000,588700,7918000000,100,true,0.75
"OCB",111805,"/Date(1701663508000)/",13450,1000,587700,7905000000,100,true,0.75
"OCB",111755,"/Date(1701663500000)/",13450,1000,586700,7891000000,100,true,0.75
"OCB",111717,"/Date(1701663460000)/",13450,400,585700,7878000000,100,true,0.75
"OCB",111714,"/Date(1701663457000)/",13450,1000,585300,7873000000,100,true,0.75
"OCB",111704,"/Date(1701663449000)/",13500,100,584300,7859000000,150,false,1.12
"OCB",111701,"/Date(1701663445000)/",13450,1000,584200,7858000000,100,true,0.75
"OCB",111655,"/Date(1701663438000)/",13450,1000,583200,7844000000,100,true,0.75
"OCB",111648,"/Date(1701663433000)/",13450,1000,582200,7831000000,100,true,0.75
"OCB",111642,"/Date(1701663425000)/",13450,1000,581200,7817000000,100,true,0.75
"OCB",111600,"/Date(1701663385000)/",13450,400,580200,7804000000,100,true,0.75
"OCB",111600,"/Date(1701663383000)/",13450,1000,579800,7799000000,100,true,0.75
"OCB",111557,"/Date(1701663381000)/",13450,3000,578800,7785000000,100,true,0.75
"OCB",111548,"/Date(1701663371000)/",13450,1000,575800,7745000000,100,true,0.75
"OCB",111541,"/Date(1701663364000)/",13450,1000,574800,7731000000,100,true,0.75
"OCB",111535,"/Date(1701663358000)/",13450,1000,573800,7718000000,100,true,0.75
"OCB",111525,"/Date(1701663350000)/",13450,1000,572800,7704000000,100,true,0.75
"OCB",111447,"/Date(1701663310000)/",13450,400,571800,7691000000,100,true,0.75
"OCB",111444,"/Date(1701663307000)/",13450,1000,571400,7686000000,100,true,0.75
"OCB",111431,"/Date(1701663295000)/",13450,1000,570400,7672000000,100,true,0.75
"OCB",111425,"/Date(1701663289000)/",13450,1000,569400,7659000000,100,true,0.75
"OCB",111418,"/Date(1701663283000)/",13450,1000,568400,7645000000,100,true,0.75
"OCB",111415,"/Date(1701663280000)/",13450,700,567400,7632000000,100,true,0.75
"OCB",111412,"/Date(1701663275000)/",13450,1000,566700,7622000000,100,true,0.75
"OCB",111331,"/Date(1701663234000)/",13450,400,565700,7609000000,100,true,0.75
"OCB",111327,"/Date(1701663231000)/",13450,1000,565300,7604000000,100,true,0.75
"OCB",111318,"/Date(1701663219000)/",13450,1000,564300,7590000000,100,true,0.75
"OCB",111308,"/Date(1701663213000)/",13450,1000,563300,7577000000,100,true,0.75
"OCB",111302,"/Date(1701663207000)/",13450,1000,562300,7563000000,100,true,0.75
"OCB",111255,"/Date(1701663197000)/",13450,1000,561300,7550000000,100,true,0.75
"OCB",111214,"/Date(1701663158000)/",13450,400,560300,7536000000,100,true,0.75
"OCB",111211,"/Date(1701663155000)/",13450,1000,559900,7531000000,100,true,0.75
"OCB",111158,"/Date(1701663141000)/",13450,1000,558900,7518000000,100,true,0.75
"OCB",111152,"/Date(1701663135000)/",13450,1000,557900,7504000000,100,true,0.75
"OCB",111145,"/Date(1701663128000)/",13450,1000,556900,7491000000,100,true,0.75
"OCB",111136,"/Date(1701663120000)/",13450,1000,555900,7477000000,100,true,0.75
"OCB",111057,"/Date(1701663079000)/",13450,400,554900,7464000000,100,true,0.75
"OCB",111054,"/Date(1701663076000)/",13450,1000,554500,7458000000,100,true,0.75
"OCB",111038,"/Date(1701663063000)/",13450,1000,553500,7445000000,100,true,0.75
"OCB",111032,"/Date(1701663056000)/",13450,1000,552500,7431000000,100,true,0.75
"OCB",111026,"/Date(1701663049000)/",13450,1000,551500,7418000000,100,true,0.75
"OCB",111019,"/Date(1701663042000)/",13450,1000,550500,7405000000,100,true,0.75
"OCB",111010,"/Date(1701663032000)/",13450,500,549500,7391000000,100,true,0.75
"OCB",110950,"/Date(1701663014000)/",13450,200,549000,7384000000,100,true,0.75
"OCB",110944,"/Date(1701663008000)/",13500,7000,548800,7382000000,150,false,1.12
"OCB",110938,"/Date(1701662999000)/",13450,400,541800,7287000000,100,true,0.75
"OCB",110934,"/Date(1701662996000)/",13450,1000,541400,7282000000,100,true,0.75
"OCB",110919,"/Date(1701662983000)/",13450,1000,540400,7268000000,100,true,0.75
"OCB",110912,"/Date(1701662976000)/",13450,1000,539400,7255000000,100,true,0.75
"OCB",110906,"/Date(1701662970000)/",13450,1000,538400,7241000000,100,true,0.75
"OCB",110859,"/Date(1701662961000)/",13450,500,537400,7228000000,100,true,0.75
"OCB",110859,"/Date(1701662961000)/",13450,500,536900,7221000000,100,true,0.75
"OCB",110818,"/Date(1701662921000)/",13450,400,536400,7215000000,100,true,0.75
"OCB",110815,"/Date(1701662917000)/",13450,600,536000,7209000000,100,true,0.75
"OCB",110815,"/Date(1701662917000)/",13450,300,535400,7201000000,100,true,0.75
"OCB",110815,"/Date(1701662917000)/",13450,100,535100,7197000000,100,true,0.75
"OCB",110802,"/Date(1701662905000)/",13450,1000,535000,7196000000,100,true,0.75
"OCB",110756,"/Date(1701662899000)/",13450,100,534000,7182000000,100,true,0.75
"OCB",110756,"/Date(1701662899000)/",13500,900,533900,7181000000,150,false,1.12
"OCB",110756,"/Date(1701662898000)/",13500,100,533000,7169000000,150,false,1.12
"OCB",110749,"/Date(1701662893000)/",13450,900,532900,7167000000,100,true,0.75
"OCB",110749,"/Date(1701662893000)/",13450,100,532000,7155000000,100,true,0.75
"OCB",110743,"/Date(1701662884000)/",13450,1000,531900,7154000000,100,true,0.75
"OCB",110701,"/Date(1701662843000)/",13450,400,530900,7141000000,100,true,0.75
"OCB",110658,"/Date(1701662839000)/",13450,1000,530500,7135000000,100,true,0.75
"OCB",110645,"/Date(1701662828000)/",13450,1000,529500,7122000000,100,true,0.75
"OCB",110639,"/Date(1701662821000)/",13450,1000,528500,7108000000,100,true,0.75
"OCB",110633,"/Date(1701662815000)/",13450,300,527500,7095000000,100,true,0.75
"OCB",110633,"/Date(1701662815000)/",13500,700,527200,7091000000,150,true,1.12
"OCB",110629,"/Date(1701662811000)/",13500,300,526500,7081000000,150,false,1.12
"OCB",110623,"/Date(1701662807000)/",13450,1000,526200,7077000000,100,true,0.75
"OCB",110545,"/Date(1701662767000)/",13450,400,525200,7064000000,100,true,0.75
"OCB",110542,"/Date(1701662764000)/",13450,1000,524800,7058000000,100,true,0.75
"OCB",110529,"/Date(1701662752000)/",13450,100,523800,7045000000,100,true,0.75
"OCB",110529,"/Date(1701662752000)/",13500,800,523700,7044000000,150,true,1.12
"OCB",110529,"/Date(1701662752000)/",13500,100,522900,7033000000,150,true,1.12
"OCB",110522,"/Date(1701662745000)/",13500,1000,522800,7031000000,150,true,1.12
"OCB",110516,"/Date(1701662739000)/",13500,1000,521800,7018000000,150,true,1.12
"OCB",110510,"/Date(1701662732000)/",13500,1000,520800,7004000000,150,true,1.12
"OCB",110507,"/Date(1701662728000)/",13500,300,519800,6991000000,150,true,1.12
"OCB",110428,"/Date(1701662691000)/",13500,400,519500,6987000000,150,true,1.12
"OCB",110425,"/Date(1701662688000)/",13500,1000,519100,6982000000,150,true,1.12
"OCB",110416,"/Date(1701662677000)/",13500,200,518100,6968000000,150,true,1.12
"OCB",110416,"/Date(1701662677000)/",13500,800,517900,6965000000,150,true,1.12
"OCB",110406,"/Date(1701662669000)/",13500,1000,517100,6955000000,150,true,1.12
"OCB",110403,"/Date(1701662664000)/",13500,200,516100,6941000000,150,true,1.12
"OCB",110403,"/Date(1701662664000)/",13500,800,515900,6938000000,150,true,1.12
"OCB",110353,"/Date(1701662655000)/",13500,1000,515100,6928000000,150,true,1.12
"OCB",110315,"/Date(1701662616000)/",13500,200,514100,6914000000,150,true,1.12
"OCB",110315,"/Date(1701662616000)/",13500,100,513900,6911000000,150,true,1.12
"OCB",110315,"/Date(1701662616000)/",13500,100,513800,6910000000,150,true,1.12
"OCB",110312,"/Date(1701662613000)/",13500,1000,513700,6909000000,150,true,1.12
"OCB",110302,"/Date(1701662605000)/",13500,100,512700,6895000000,150,true,1.12
"OCB",110259,"/Date(1701662601000)/",13500,300,512600,6894000000,150,true,1.12
"OCB",110259,"/Date(1701662601000)/",13500,200,512300,6890000000,150,true,1.12
"OCB",110259,"/Date(1701662601000)/",13500,200,512100,6887000000,150,true,1.12
"OCB",110259,"/Date(1701662601000)/",13500,300,511900,6884000000,150,true,1.12
"OCB",110253,"/Date(1701662595000)/",13500,1000,511600,6880000000,150,true,1.12
"OCB",110247,"/Date(1701662589000)/",13500,1000,510600,6867000000,150,true,1.12
"OCB",110240,"/Date(1701662581000)/",13500,1000,509600,6853000000,150,true,1.12
"OCB",110159,"/Date(1701662540000)/",13500,400,508600,6840000000,150,true,1.12
"OCB",110152,"/Date(1701662536000)/",13500,1000,508200,6834000000,150,true,1.12
"OCB",110140,"/Date(1701662523000)/",13500,1000,507200,6821000000,150,true,1.12
"OCB",110133,"/Date(1701662516000)/",13500,1000,506200,6807000000,150,true,1.12
"OCB",110127,"/Date(1701662510000)/",13500,1000,505200,6794000000,150,true,1.12
"OCB",110121,"/Date(1701662502000)/",13500,1000,504200,6780000000,150,true,1.12
"OCB",110108,"/Date(1701662490000)/",13550,200,503200,6767000000,200,false,1.5
"OCB",110052,"/Date(1701662475000)/",13550,100,503000,6764000000,200,false,1.5
"OCB",110049,"/Date(1701662471000)/",13500,500,502900,6763000000,150,true,1.12
"OCB",110039,"/Date(1701662462000)/",13500,400,502400,6756000000,150,true,1.12
"OCB",110036,"/Date(1701662458000)/",13500,1000,502000,6751000000,150,true,1.12
"OCB",110026,"/Date(1701662447000)/",13500,1000,501000,6737000000,150,true,1.12
"OCB",110017,"/Date(1701662440000)/",13500,1000,500000,6724000000,150,true,1.12
"OCB",110011,"/Date(1701662433000)/",13500,1000,499000,6710000000,150,true,1.12
"OCB",110004,"/Date(1701662425000)/",13500,1000,498000,6697000000,150,true,1.12
"OCB",105920,"/Date(1701662383000)/",13500,400,497000,6683000000,150,true,1.12
"OCB",105916,"/Date(1701662379000)/",13500,1000,496600,6678000000,150,true,1.12
"OCB",105904,"/Date(1701662367000)/",13500,1000,495600,6664000000,150,true,1.12
"OCB",105857,"/Date(1701662360000)/",13500,1000,494600,6651000000,150,true,1.12
"OCB",105851,"/Date(1701662353000)/",13500,1000,493600,6637000000,150,true,1.12
"OCB",105845,"/Date(1701662345000)/",13500,1000,492600,6624000000,150,true,1.12
"OCB",105816,"/Date(1701662319000)/",13550,2700,491600,6610000000,200,false,1.5
"OCB",105816,"/Date(1701662319000)/",13550,1200,488900,6574000000,200,false,1.5
"OCB",105816,"/Date(1701662319000)/",13550,1000,487700,6557000000,200,false,1.5
"OCB",105816,"/Date(1701662319000)/",13550,100,486700,6544000000,200,false,1.5
"OCB",105816,"/Date(1701662319000)/",13550,400,486600,6543000000,200,false,1.5
"OCB",105816,"/Date(1701662319000)/",13550,500,486200,6537000000,200,false,1.5
"OCB",105816,"/Date(1701662319000)/",13550,200,485700,6530000000,200,false,1.5
"OCB",105803,"/Date(1701662305000)/",13500,400,485500,6528000000,150,false,1.12
"OCB",105803,"/Date(1701662304000)/",13500,1800,485100,6522000000,150,false,1.12
"OCB",105803,"/Date(1701662304000)/",13500,200,483300,6498000000,150,false,1.12
"OCB",105803,"/Date(1701662304000)/",13500,10000,483100,6495000000,150,false,1.12
"OCB",105803,"/Date(1701662304000)/",13500,10000,473100,6360000000,150,false,1.12
"OCB",105803,"/Date(1701662304000)/",13500,2700,463100,6225000000,150,false,1.12
"OCB",105803,"/Date(1701662304000)/",13500,5000,460400,6189000000,150,false,1.12
"OCB",105803,"/Date(1701662304000)/",13500,200,455400,6121000000,150,false,1.12
"OCB",105800,"/Date(1701662302000)/",13450,1000,455200,6119000000,100,true,0.75
"OCB",105747,"/Date(1701662290000)/",13450,1000,454200,6105000000,100,true,0.75
"OCB",105741,"/Date(1701662282000)/",13450,700,453200,6092000000,100,true,0.75
"OCB",105741,"/Date(1701662282000)/",13450,300,452500,6082000000,100,true,0.75
"OCB",105734,"/Date(1701662276000)/",13450,700,452200,6078000000,100,true,0.75
"OCB",105734,"/Date(1701662276000)/",13450,300,451500,6069000000,100,true,0.75
"OCB",105731,"/Date(1701662272000)/",13450,700,451200,6065000000,100,true,0.75
"OCB",105731,"/Date(1701662272000)/",13450,4000,450500,6055000000,100,true,0.75
"OCB",105731,"/Date(1701662272000)/",13450,1000,446500,6002000000,100,true,0.75
"OCB",105731,"/Date(1701662272000)/",13450,1000,445500,5988000000,100,true,0.75
"OCB",105731,"/Date(1701662272000)/",13450,1000,444500,5975000000,100,true,0.75
"OCB",105731,"/Date(1701662272000)/",13450,1000,443500,5961000000,100,true,0.75
"OCB",105731,"/Date(1701662272000)/",13450,1000,442500,5948000000,100,true,0.75
"OCB",105731,"/Date(1701662272000)/",13450,300,441500,5934000000,100,true,0.75
"OCB",105725,"/Date(1701662268000)/",13450,700,441200,5930000000,100,true,0.75
"OCB",105725,"/Date(1701662268000)/",13450,300,440500,5921000000,100,true,0.75
"OCB",105647,"/Date(1701662228000)/",13450,400,440200,5917000000,100,true,0.75
"OCB",105643,"/Date(1701662225000)/",13450,300,439800,5911000000,100,true,0.75
"OCB",105643,"/Date(1701662225000)/",13450,700,439500,5907000000,100,true,0.75
"OCB",105631,"/Date(1701662214000)/",13450,300,438800,5898000000,100,true,0.75
"OCB",105631,"/Date(1701662214000)/",13450,700,438500,5894000000,100,true,0.75
"OCB",105624,"/Date(1701662207000)/",13450,300,437800,5885000000,100,true,0.75
"OCB",105624,"/Date(1701662207000)/",13450,700,437500,5880000000,100,true,0.75
"OCB",105618,"/Date(1701662200000)/",13450,300,436800,5871000000,100,true,0.75
"OCB",105618,"/Date(1701662200000)/",13450,700,436500,5867000000,100,true,0.75
"OCB",105612,"/Date(1701662192000)/",13450,1000,435800,5858000000,100,true,0.75
"OCB",105530,"/Date(1701662152000)/",13450,300,434800,5844000000,100,true,0.75
"OCB",105530,"/Date(1701662152000)/",13450,100,434500,5840000000,100,true,0.75
"OCB",105527,"/Date(1701662149000)/",13450,1000,434400,5839000000,100,true,0.75
"OCB",105517,"/Date(1701662138000)/",13450,200,433400,5825000000,100,true,0.75
"OCB",105517,"/Date(1701662138000)/",13450,800,433200,5823000000,100,true,0.75
"OCB",105508,"/Date(1701662131000)/",13450,1000,432400,5812000000,100,true,0.75
"OCB",105505,"/Date(1701662125000)/",13450,1000,431400,5798000000,100,true,0.75
"OCB",105455,"/Date(1701662117000)/",13450,1000,430400,5785000000,100,true,0.75
"OCB",105404,"/Date(1701662065000)/",13450,6000,429400,5772000000,100,true,0.75
"OCB",105355,"/Date(1701662057000)/",13500,2000,423400,5691000000,150,false,1.12
"OCB",105355,"/Date(1701662057000)/",13500,3500,421400,5664000000,150,false,1.12
"OCB",105355,"/Date(1701662057000)/",13500,3000,417900,5617000000,150,false,1.12
"OCB",105355,"/Date(1701662057000)/",13500,1500,414900,5576000000,150,false,1.12
"OCB",105329,"/Date(1701662032000)/",13500,10000,413400,5556000000,150,false,1.12
"OCB",105326,"/Date(1701662028000)/",13500,8500,403400,5421000000,150,false,1.12
"OCB",105326,"/Date(1701662028000)/",13500,100,394900,5306000000,150,false,1.12
"OCB",105326,"/Date(1701662028000)/",13500,200,394800,5305000000,150,false,1.12
"OCB",105326,"/Date(1701662028000)/",13500,1000,394600,5302000000,150,false,1.12
"OCB",105326,"/Date(1701662028000)/",13500,200,393600,5289000000,150,false,1.12
"OCB",105304,"/Date(1701662006000)/",13500,300,393400,5286000000,150,false,1.12
"OCB",105304,"/Date(1701662006000)/",13500,9700,393100,5282000000,150,false,1.12
"OCB",105251,"/Date(1701661994000)/",13500,300,383400,5151000000,150,false,1.12
"OCB",105251,"/Date(1701661994000)/",13500,300,383100,5147000000,150,false,1.12
"OCB",105251,"/Date(1701661994000)/",13500,1200,382800,5143000000,150,false,1.12
"OCB",105251,"/Date(1701661994000)/",13500,200,381600,5127000000,150,false,1.12
"OCB",105251,"/Date(1701661994000)/",13500,100,381400,5124000000,150,false,1.12
"OCB",105251,"/Date(1701661994000)/",13500,100,381300,5122000000,150,false,1.12
"OCB",105251,"/Date(1701661994000)/",13500,7800,381200,5121000000,150,false,1.12
"OCB",105219,"/Date(1701661960000)/",13500,500,373400,5016000000,150,false,1.12
"OCB",105131,"/Date(1701661913000)/",13500,9300,372900,5009000000,150,false,1.12
"OCB",105131,"/Date(1701661913000)/",13500,300,363600,4884000000,150,false,1.12
"OCB",105131,"/Date(1701661913000)/",13500,400,363300,4879000000,150,false,1.12
"OCB",104943,"/Date(1701661804000)/",13500,100,362900,4874000000,150,false,1.12
"OCB",104943,"/Date(1701661804000)/",13500,100,362800,4873000000,150,false,1.12
"OCB",104930,"/Date(1701661790000)/",13500,1000,362700,4871000000,150,false,1.12
"OCB",104908,"/Date(1701661768000)/",13500,10000,361700,4858000000,150,false,1.12
"OCB",104852,"/Date(1701661753000)/",13500,100,351700,4723000000,150,false,1.12
"OCB",104729,"/Date(1701661670000)/",13500,7000,351600,4722000000,150,false,1.12
"OCB",104720,"/Date(1701661660000)/",13450,200,344600,4627000000,100,true,0.75
"OCB",104716,"/Date(1701661656000)/",13450,500,344400,4624000000,100,true,0.75
"OCB",104704,"/Date(1701661644000)/",13450,500,343900,4618000000,100,true,0.75
"OCB",104657,"/Date(1701661638000)/",13450,500,343400,4611000000,100,true,0.75
"OCB",104651,"/Date(1701661631000)/",13450,500,342900,4604000000,100,true,0.75
"OCB",104641,"/Date(1701661623000)/",13450,500,342400,4597000000,100,true,0.75
"OCB",104619,"/Date(1701661600000)/",13400,2300,341900,4591000000,50,true,0.37
"OCB",104619,"/Date(1701661600000)/",13450,4100,339600,4560000000,100,false,0.75
"OCB",104609,"/Date(1701661591000)/",13450,900,335500,4505000000,100,false,0.75
"OCB",104609,"/Date(1701661591000)/",13450,2700,334600,4493000000,100,false,0.75
"OCB",104609,"/Date(1701661591000)/",13450,2700,331900,4456000000,100,false,0.75
"OCB",104609,"/Date(1701661591000)/",13450,2700,329200,4420000000,100,false,0.75
"OCB",104609,"/Date(1701661591000)/",13450,6900,326500,4384000000,100,false,0.75
"OCB",104609,"/Date(1701661591000)/",13450,3100,319600,4291000000,100,false,0.75
"OCB",104609,"/Date(1701661591000)/",13450,100,316500,4249000000,100,false,0.75
"OCB",104609,"/Date(1701661591000)/",13450,100,316400,4248000000,100,false,0.75
"OCB",104609,"/Date(1701661591000)/",13450,1700,316300,4247000000,100,false,0.75
"OCB",104600,"/Date(1701661581000)/",13400,200,314600,4224000000,50,true,0.37
"OCB",104557,"/Date(1701661578000)/",13400,400,314400,4221000000,50,true,0.37
"OCB",104557,"/Date(1701661578000)/",13400,100,314000,4216000000,50,true,0.37
"OCB",104544,"/Date(1701661566000)/",13400,500,313900,4214000000,50,true,0.37
"OCB",104538,"/Date(1701661559000)/",13400,500,313400,4208000000,50,true,0.37
"OCB",104531,"/Date(1701661553000)/",13400,100,312900,4201000000,50,true,0.37
"OCB",104531,"/Date(1701661553000)/",13400,400,312800,4200000000,50,true,0.37
"OCB",104525,"/Date(1701661545000)/",13400,100,312400,4194000000,50,true,0.37
"OCB",104525,"/Date(1701661545000)/",13400,300,312300,4193000000,50,true,0.37
"OCB",104525,"/Date(1701661545000)/",13400,100,312000,4189000000,50,true,0.37
"OCB",104443,"/Date(1701661505000)/",13400,200,311900,4187000000,50,true,0.37
"OCB",104440,"/Date(1701661502000)/",13400,500,311700,4185000000,50,true,0.37
"OCB",104431,"/Date(1701661490000)/",13400,500,311200,4178000000,50,true,0.37
"OCB",104424,"/Date(1701661484000)/",13400,500,310700,4171000000,50,true,0.37
"OCB",104418,"/Date(1701661479000)/",13450,1000,310200,4165000000,100,false,0.75
"OCB",104418,"/Date(1701661477000)/",13400,500,309200,4151000000,50,true,0.37
"OCB",104408,"/Date(1701661470000)/",13400,500,308700,4145000000,50,true,0.37
"OCB",104321,"/Date(1701661423000)/",13450,1500,308200,4138000000,100,false,0.75
"OCB",104302,"/Date(1701661403000)/",13400,200,306700,4118000000,50,true,0.37
"OCB",104258,"/Date(1701661398000)/",13400,500,306500,4115000000,50,true,0.37
"OCB",104242,"/Date(1701661381000)/",13400,500,306000,4108000000,50,true,0.37
"OCB",104230,"/Date(1701661371000)/",13400,500,305500,4102000000,50,true,0.37
"OCB",104223,"/Date(1701661365000)/",13400,10000,305000,4095000000,50,true,0.37
"OCB",104223,"/Date(1701661363000)/",13400,500,295000,3961000000,50,true,0.37
"OCB",104211,"/Date(1701661351000)/",13400,500,294500,3954000000,50,true,0.37
"OCB",104148,"/Date(1701661329000)/",13450,500,294000,3947000000,100,false,0.75
"OCB",104129,"/Date(1701661309000)/",13450,100,293500,3941000000,100,false,0.75
"OCB",104113,"/Date(1701661294000)/",13400,200,293400,3939000000,50,true,0.37
"OCB",104110,"/Date(1701661290000)/",13400,500,293200,3937000000,50,true,0.37
"OCB",104054,"/Date(1701661273000)/",13400,500,292700,3930000000,50,true,0.37
"OCB",104044,"/Date(1701661263000)/",13400,500,292200,3923000000,50,true,0.37
"OCB",104035,"/Date(1701661255000)/",13400,500,291700,3917000000,50,true,0.37
"OCB",104022,"/Date(1701661243000)/",13400,500,291200,3910000000,50,true,0.37
"OCB",103925,"/Date(1701661187000)/",13400,200,290700,3903000000,50,true,0.37
"OCB",103922,"/Date(1701661182000)/",13400,500,290500,3901000000,50,true,0.37
"OCB",103906,"/Date(1701661166000)/",13400,500,290000,3894000000,50,true,0.37
"OCB",103856,"/Date(1701661156000)/",13400,500,289500,3887000000,50,true,0.37
"OCB",103853,"/Date(1701661153000)/",13400,2700,289000,3880000000,50,true,0.37
"OCB",103847,"/Date(1701661147000)/",13400,500,286300,3844000000,50,true,0.37
"OCB",103844,"/Date(1701661143000)/",13400,2700,285800,3838000000,50,true,0.37
"OCB",103834,"/Date(1701661135000)/",13400,500,283100,3801000000,50,true,0.37
"OCB",103759,"/Date(1701661099000)/",13450,100,282600,3795000000,100,false,0.75
"OCB",103753,"/Date(1701661092000)/",13400,2700,282500,3793000000,50,true,0.37
"OCB",103740,"/Date(1701661079000)/",13400,200,279800,3757000000,50,true,0.37
"OCB",103737,"/Date(1701661078000)/",13400,2700,279600,3755000000,50,true,0.37
"OCB",103733,"/Date(1701661074000)/",13400,500,276900,3718000000,50,true,0.37
"OCB",103718,"/Date(1701661057000)/",13400,500,276400,3712000000,50,true,0.37
"OCB",103708,"/Date(1701661047000)/",13400,100,275900,3705000000,50,true,0.37
"OCB",103708,"/Date(1701661047000)/",13400,400,275800,3704000000,50,true,0.37
"OCB",103658,"/Date(1701661040000)/",13450,100,275400,3698000000,100,false,0.75
"OCB",103658,"/Date(1701661039000)/",13400,500,275300,3697000000,50,true,0.37
"OCB",103655,"/Date(1701661036000)/",13400,2700,274800,3690000000,50,true,0.37
"OCB",103649,"/Date(1701661028000)/",13400,500,272100,3654000000,50,true,0.37
"OCB",103646,"/Date(1701661025000)/",13400,600,271600,3647000000,50,true,0.37
"OCB",103646,"/Date(1701661025000)/",13400,100,271000,3639000000,50,true,0.37
"OCB",103646,"/Date(1701661025000)/",13400,2000,270900,3638000000,50,true,0.37
"OCB",103552,"/Date(1701660971000)/",13400,200,268900,3611000000,50,true,0.37
"OCB",103545,"/Date(1701660966000)/",13400,500,268700,3608000000,50,true,0.37
"OCB",103536,"/Date(1701660955000)/",13400,2600,268200,3602000000,50,true,0.37
"OCB",103536,"/Date(1701660955000)/",13400,100,265600,3567000000,50,true,0.37
"OCB",103529,"/Date(1701660949000)/",13400,500,265500,3566000000,50,true,0.37
"OCB",103520,"/Date(1701660939000)/",13400,400,265000,3559000000,50,true,0.37
"OCB",103520,"/Date(1701660939000)/",13400,100,264600,3553000000,50,true,0.37
"OCB",103510,"/Date(1701660929000)/",13400,500,264500,3552000000,50,true,0.37
"OCB",103458,"/Date(1701660918000)/",13400,500,264000,3545000000,50,true,0.37
"OCB",103400,"/Date(1701660859000)/",13400,200,263500,3539000000,50,true,0.37
"OCB",103354,"/Date(1701660854000)/",13400,500,263300,3536000000,50,true,0.37
"OCB",103348,"/Date(1701660847000)/",13400,2700,262800,3529000000,50,true,0.37
"OCB",103338,"/Date(1701660838000)/",13400,500,260100,3493000000,50,true,0.37
"OCB",103329,"/Date(1701660828000)/",13400,900,259600,3486000000,50,true,0.37
"OCB",103329,"/Date(1701660828000)/",13400,400,258700,3474000000,50,true,0.37
"OCB",103329,"/Date(1701660828000)/",13400,1400,258300,3469000000,50,true,0.37
"OCB",103329,"/Date(1701660828000)/",13400,500,256900,3450000000,50,true,0.37
"OCB",103319,"/Date(1701660819000)/",13400,500,256400,3444000000,50,true,0.37
"OCB",103316,"/Date(1701660817000)/",13400,600,255900,3437000000,50,true,0.37
"OCB",103316,"/Date(1701660817000)/",13400,500,255300,3429000000,50,true,0.37
"OCB",103316,"/Date(1701660817000)/",13400,1600,254800,3422000000,50,true,0.37
"OCB",103310,"/Date(1701660808000)/",13400,500,253200,3401000000,50,true,0.37
"OCB",103215,"/Date(1701660754000)/",13450,100,252700,3394000000,100,false,0.75
"OCB",103212,"/Date(1701660751000)/",13400,200,252600,3393000000,50,true,0.37
"OCB",103144,"/Date(1701660723000)/",13400,500,252400,3390000000,50,true,0.37
