"Stockcode","Package","TradingDate","Price","Vol","TotalVol","TotalVal","Change","IsBuy","PerChange"
"TTF",144423,"/Date(1701675901000)/",4070,101400,1695900,6851000000,80,false,2.01
"TTF",142857,"/Date(1701674977000)/",4030,3800,1594500,6439000000,40,true,1
"TTF",142857,"/Date(1701674977000)/",4030,2500,1590700,6423000000,40,true,1
"TTF",142857,"/Date(1701674977000)/",4040,6000,1588200,6413000000,50,true,1.25
"TTF",142857,"/Date(1701674977000)/",4040,300,1582200,6389000000,50,true,1.25
"TTF",142857,"/Date(1701674977000)/",4040,300,1581900,6388000000,50,true,1.25
"TTF",142857,"/Date(1701674977000)/",4040,100,1581600,6386000000,50,true,1.25
"TTF",142857,"/Date(1701674977000)/",4040,3000,1581500,6386000000,50,true,1.25
"TTF",142834,"/Date(1701674955000)/",4060,6900,1578500,6374000000,70,false,1.75
"TTF",142815,"/Date(1701674937000)/",4060,200,1571600,6346000000,70,true,1.75
"TTF",142815,"/Date(1701674937000)/",4060,2500,1571400,6345000000,70,true,1.75
"TTF",142815,"/Date(1701674937000)/",4060,200,1568900,6335000000,70,true,1.75
"TTF",142815,"/Date(1701674937000)/",4060,300,1568700,6334000000,70,true,1.75
"TTF",142803,"/Date(1701674922000)/",4060,200,1568400,6333000000,70,true,1.75
"TTF",142746,"/Date(1701674907000)/",4060,1000,1568200,6332000000,70,true,1.75
"TTF",142705,"/Date(1701674867000)/",4060,100,1567200,6328000000,70,true,1.75
"TTF",142655,"/Date(1701674857000)/",4060,1500,1567100,6328000000,70,false,1.75
"TTF",142655,"/Date(1701674855000)/",4060,15800,1565600,6322000000,70,false,1.75
"TTF",142655,"/Date(1701674855000)/",4060,500,1549800,6257000000,70,false,1.75
"TTF",142655,"/Date(1701674855000)/",4060,5000,1549300,6255000000,70,false,1.75
"TTF",142655,"/Date(1701674855000)/",4060,10000,1544300,6235000000,70,false,1.75
"TTF",142655,"/Date(1701674855000)/",4060,500,1534300,6195000000,70,false,1.75
"TTF",142655,"/Date(1701674855000)/",4060,32600,1533800,6192000000,70,false,1.75
"TTF",142655,"/Date(1701674855000)/",4060,200,1501200,6060000000,70,false,1.75
"TTF",142655,"/Date(1701674855000)/",4060,1000,1501000,6059000000,70,false,1.75
"TTF",142655,"/Date(1701674855000)/",4060,200,1500000,6055000000,70,false,1.75
"TTF",142655,"/Date(1701674855000)/",4060,4000,1499800,6054000000,70,false,1.75
"TTF",142655,"/Date(1701674855000)/",4060,5300,1495800,6038000000,70,false,1.75
"TTF",142655,"/Date(1701674855000)/",4050,1000,1490500,6017000000,60,false,1.5
"TTF",142655,"/Date(1701674855000)/",4050,800,1489500,6013000000,60,false,1.5
"TTF",142642,"/Date(1701674843000)/",4050,300,1488700,6009000000,60,false,1.5
"TTF",142639,"/Date(1701674841000)/",4040,1000,1488400,6008000000,50,true,1.25
"TTF",142639,"/Date(1701674841000)/",4040,4000,1487400,6004000000,50,true,1.25
"TTF",142636,"/Date(1701674837000)/",4050,10000,1483400,5988000000,60,false,1.5
"TTF",142633,"/Date(1701674834000)/",4040,100,1473400,5947000000,50,true,1.25
"TTF",142633,"/Date(1701674834000)/",4040,100,1473300,5947000000,50,true,1.25
"TTF",142633,"/Date(1701674834000)/",4040,10000,1473200,5947000000,50,true,1.25
"TTF",142633,"/Date(1701674834000)/",4040,100,1463200,5906000000,50,true,1.25
"TTF",142633,"/Date(1701674834000)/",4040,100,1463100,5906000000,50,true,1.25
"TTF",142633,"/Date(1701674834000)/",4040,10000,1463000,5905000000,50,true,1.25
"TTF",142633,"/Date(1701674834000)/",4040,1000,1453000,5865000000,50,true,1.25
"TTF",142633,"/Date(1701674834000)/",4040,5000,1452000,5861000000,50,true,1.25
"TTF",142633,"/Date(1701674834000)/",4040,5000,1447000,5841000000,50,true,1.25
"TTF",142633,"/Date(1701674834000)/",4040,2000,1442000,5821000000,50,true,1.25
"TTF",142633,"/Date(1701674834000)/",4040,1000,1440000,5813000000,50,true,1.25
"TTF",142633,"/Date(1701674834000)/",4040,5000,1439000,5809000000,50,true,1.25
"TTF",142633,"/Date(1701674834000)/",4040,5100,1434000,5788000000,50,true,1.25
"TTF",142610,"/Date(1701674810000)/",4040,1400,1428900,5768000000,50,true,1.25
"TTF",142610,"/Date(1701674810000)/",4040,3600,1427500,5762000000,50,true,1.25
"TTF",142558,"/Date(1701674799000)/",4050,200,1423900,5748000000,60,false,1.5
"TTF",142529,"/Date(1701674770000)/",4050,100,1423700,5747000000,60,true,1.5
"TTF",142529,"/Date(1701674770000)/",4050,3000,1423600,5746000000,60,true,1.5
"TTF",142529,"/Date(1701674770000)/",4050,200,1420600,5734000000,60,true,1.5
"TTF",142529,"/Date(1701674770000)/",4050,1000,1420400,5733000000,60,true,1.5
"TTF",142529,"/Date(1701674770000)/",4050,2500,1419400,5729000000,60,true,1.5
"TTF",142529,"/Date(1701674770000)/",4050,5000,1416900,5719000000,60,true,1.5
"TTF",142529,"/Date(1701674770000)/",4050,100,1411900,5699000000,60,true,1.5
"TTF",142529,"/Date(1701674770000)/",4050,100,1411800,5699000000,60,true,1.5
"TTF",142529,"/Date(1701674770000)/",4050,1000,1411700,5698000000,60,true,1.5
"TTF",142529,"/Date(1701674770000)/",4050,100,1410700,5694000000,60,true,1.5
"TTF",142529,"/Date(1701674770000)/",4050,1000,1410600,5694000000,60,true,1.5
"TTF",142529,"/Date(1701674770000)/",4050,1000,1409600,5690000000,60,true,1.5
"TTF",142529,"/Date(1701674770000)/",4050,100,1408600,5686000000,60,true,1.5
"TTF",142529,"/Date(1701674770000)/",4050,5000,1408500,5685000000,60,true,1.5
"TTF",142529,"/Date(1701674770000)/",4050,6100,1403500,5665000000,60,true,1.5
"TTF",142519,"/Date(1701674759000)/",4050,5000,1397400,5640000000,60,true,1.5
"TTF",142441,"/Date(1701674721000)/",4050,200,1392400,5620000000,60,true,1.5
"TTF",142434,"/Date(1701674713000)/",4050,2000,1392200,5619000000,60,true,1.5
"TTF",142346,"/Date(1701674667000)/",4060,3000,1390200,5611000000,70,false,1.75
"TTF",142330,"/Date(1701674649000)/",4060,200,1387200,5599000000,70,false,1.75
"TTF",142258,"/Date(1701674620000)/",4060,300,1387000,5598000000,70,false,1.75
"TTF",142223,"/Date(1701674585000)/",4060,100,1386700,5597000000,70,false,1.75
"TTF",142213,"/Date(1701674575000)/",4050,5300,1386600,5596000000,60,true,1.5
"TTF",142157,"/Date(1701674559000)/",4060,1100,1381300,5575000000,70,true,1.75
"TTF",142154,"/Date(1701674555000)/",4060,5500,1380200,5570000000,70,true,1.75
"TTF",142154,"/Date(1701674555000)/",4060,3400,1374700,5548000000,70,true,1.75
"TTF",142148,"/Date(1701674547000)/",4050,1400,1371300,5534000000,60,true,1.5
"TTF",142148,"/Date(1701674547000)/",4050,1000,1369900,5529000000,60,true,1.5
"TTF",142148,"/Date(1701674547000)/",4050,800,1368900,5525000000,60,true,1.5
"TTF",142148,"/Date(1701674547000)/",4050,10000,1368100,5521000000,60,true,1.5
"TTF",142148,"/Date(1701674547000)/",4050,1100,1358100,5481000000,60,true,1.5
"TTF",142148,"/Date(1701674547000)/",4050,700,1357000,5476000000,60,true,1.5
"TTF",142141,"/Date(1701674541000)/",4060,100,1356300,5474000000,70,false,1.75
"TTF",142138,"/Date(1701674538000)/",4060,400,1356200,5473000000,70,true,1.75
"TTF",142138,"/Date(1701674538000)/",4060,1100,1355800,5472000000,70,true,1.75
"TTF",142119,"/Date(1701674518000)/",4060,2800,1354700,5467000000,70,false,1.75
"TTF",142119,"/Date(1701674518000)/",4050,100,1351900,5456000000,60,true,1.5
"TTF",142112,"/Date(1701674512000)/",4060,900,1351800,5455000000,70,false,1.75
"TTF",142112,"/Date(1701674512000)/",4060,100,1350900,5452000000,70,false,1.75
"TTF",142050,"/Date(1701674491000)/",4060,300,1350800,5451000000,70,false,1.75
"TTF",142037,"/Date(1701674476000)/",4060,300,1350500,5450000000,70,false,1.75
"TTF",142024,"/Date(1701674464000)/",4060,1800,1350200,5449000000,70,false,1.75
"TTF",142021,"/Date(1701674462000)/",4060,500,1348400,5442000000,70,false,1.75
"TTF",142021,"/Date(1701674462000)/",4060,3000,1347900,5439000000,70,false,1.75
"TTF",142015,"/Date(1701674456000)/",4060,100,1344900,5427000000,70,true,1.75
"TTF",142015,"/Date(1701674456000)/",4060,3800,1344800,5427000000,70,true,1.75
"TTF",142015,"/Date(1701674456000)/",4060,3300,1341000,5411000000,70,true,1.75
"TTF",141911,"/Date(1701674392000)/",4060,1700,1337700,5398000000,70,true,1.75
"TTF",141911,"/Date(1701674392000)/",4060,100,1336000,5391000000,70,true,1.75
"TTF",141911,"/Date(1701674392000)/",4060,400,1335900,5391000000,70,true,1.75
"TTF",141911,"/Date(1701674392000)/",4060,100,1335500,5389000000,70,true,1.75
"TTF",141911,"/Date(1701674392000)/",4060,600,1335400,5389000000,70,true,1.75
"TTF",141911,"/Date(1701674392000)/",4060,2800,1334800,5386000000,70,true,1.75
"TTF",141911,"/Date(1701674392000)/",4060,5000,1332000,5375000000,70,true,1.75
"TTF",141911,"/Date(1701674392000)/",4060,2300,1327000,5355000000,70,true,1.75
"TTF",141907,"/Date(1701674387000)/",4060,2000,1324700,5345000000,70,true,1.75
"TTF",141744,"/Date(1701674305000)/",4060,200,1322700,5337000000,70,true,1.75
"TTF",141722,"/Date(1701674278000)/",4060,500,1322500,5336000000,70,true,1.75
"TTF",141653,"/Date(1701674254000)/",4060,2100,1322000,5334000000,70,false,1.75
"TTF",141647,"/Date(1701674248000)/",4060,5000,1319900,5326000000,70,false,1.75
"TTF",141637,"/Date(1701674236000)/",4060,100,1314900,5306000000,70,true,1.75
"TTF",141637,"/Date(1701674236000)/",4060,100,1314800,5305000000,70,true,1.75
"TTF",141637,"/Date(1701674236000)/",4060,2500,1314700,5305000000,70,true,1.75
"TTF",141637,"/Date(1701674236000)/",4060,3500,1312200,5295000000,70,true,1.75
"TTF",141637,"/Date(1701674236000)/",4060,400,1308700,5280000000,70,true,1.75
"TTF",141637,"/Date(1701674236000)/",4060,1000,1308300,5279000000,70,true,1.75
"TTF",141637,"/Date(1701674236000)/",4060,500,1307300,5275000000,70,true,1.75
"TTF",141637,"/Date(1701674236000)/",4060,4800,1306800,5273000000,70,true,1.75
"TTF",141627,"/Date(1701674227000)/",4060,200,1302000,5253000000,70,true,1.75
"TTF",141608,"/Date(1701674208000)/",4060,2000,1301800,5252000000,70,true,1.75
"TTF",141552,"/Date(1701674191000)/",4070,4000,1299800,5244000000,80,false,2.01
"TTF",141523,"/Date(1701674165000)/",4060,4000,1295800,5228000000,70,true,1.75
"TTF",141458,"/Date(1701674137000)/",4070,100,1291800,5212000000,80,false,2.01
"TTF",141435,"/Date(1701674114000)/",4070,100,1291700,5211000000,80,false,2.01
"TTF",141429,"/Date(1701674110000)/",4070,5000,1291600,5211000000,80,false,2.01
"TTF",141413,"/Date(1701674093000)/",4070,300,1286600,5191000000,80,false,2.01
"TTF",141413,"/Date(1701674093000)/",4070,1000,1286300,5189000000,80,false,2.01
"TTF",141413,"/Date(1701674093000)/",4070,15700,1285300,5185000000,80,false,2.01
"TTF",141413,"/Date(1701674093000)/",4070,3800,1269600,5121000000,80,false,2.01
"TTF",141413,"/Date(1701674093000)/",4070,100,1265800,5106000000,80,false,2.01
"TTF",141413,"/Date(1701674093000)/",4070,100,1265700,5105000000,80,false,2.01
"TTF",141413,"/Date(1701674093000)/",4070,5000,1265600,5105000000,80,false,2.01
"TTF",141413,"/Date(1701674093000)/",4070,100,1260600,5085000000,80,false,2.01
"TTF",141413,"/Date(1701674093000)/",4070,200,1260500,5084000000,80,false,2.01
"TTF",141319,"/Date(1701674038000)/",4070,200,1260300,5083000000,80,true,2.01
"TTF",141319,"/Date(1701674038000)/",4070,100,1260100,5083000000,80,true,2.01
"TTF",141319,"/Date(1701674038000)/",4070,700,1260000,5082000000,80,true,2.01
"TTF",141240,"/Date(1701673999000)/",4080,200,1259300,5079000000,90,false,2.26
"TTF",141152,"/Date(1701673951000)/",4080,500,1259100,5079000000,90,false,2.26
"TTF",141149,"/Date(1701673947000)/",4080,1000,1258600,5077000000,90,false,2.26
"TTF",141146,"/Date(1701673945000)/",4080,5000,1257600,5072000000,90,false,2.26
"TTF",141146,"/Date(1701673945000)/",4080,200,1252600,5052000000,90,false,2.26
"TTF",141124,"/Date(1701673923000)/",4080,500,1252400,5051000000,90,false,2.26
"TTF",141124,"/Date(1701673923000)/",4080,100,1251900,5049000000,90,false,2.26
"TTF",141124,"/Date(1701673923000)/",4080,1000,1251800,5049000000,90,false,2.26
"TTF",141124,"/Date(1701673923000)/",4080,1000,1250800,5045000000,90,false,2.26
"TTF",141124,"/Date(1701673923000)/",4080,100,1249800,5041000000,90,false,2.26
"TTF",141124,"/Date(1701673923000)/",4080,2700,1249700,5040000000,90,false,2.26
"TTF",141117,"/Date(1701673917000)/",4080,300,1247000,5029000000,90,false,2.26
"TTF",141117,"/Date(1701673917000)/",4080,2400,1246700,5028000000,90,false,2.26
"TTF",141117,"/Date(1701673917000)/",4080,1000,1244300,5018000000,90,false,2.26
"TTF",141117,"/Date(1701673917000)/",4080,100,1243300,5014000000,90,false,2.26
"TTF",141117,"/Date(1701673917000)/",4080,200,1243200,5014000000,90,false,2.26
"TTF",141117,"/Date(1701673917000)/",4080,1000,1243000,5013000000,90,false,2.26
"TTF",141036,"/Date(1701673874000)/",4080,1000,1242000,5009000000,90,false,2.26
"TTF",140916,"/Date(1701673794000)/",4080,300,1241000,5005000000,90,false,2.26
"TTF",140916,"/Date(1701673794000)/",4080,200,1240700,5004000000,90,false,2.26
"TTF",140903,"/Date(1701673783000)/",4070,600,1240500,5003000000,80,true,2.01
"TTF",140841,"/Date(1701673759000)/",4070,700,1239900,5000000000,80,false,2.01
"TTF",140828,"/Date(1701673746000)/",4070,300,1239200,4997000000,80,true,2.01
"TTF",140812,"/Date(1701673731000)/",4060,1000,1238900,4996000000,70,true,1.75
"TTF",140743,"/Date(1701673702000)/",4060,5000,1237900,4992000000,70,true,1.75
"TTF",140743,"/Date(1701673702000)/",4070,5000,1232900,4972000000,80,true,2.01
"TTF",140743,"/Date(1701673702000)/",4070,5000,1227900,4951000000,80,true,2.01
"TTF",140743,"/Date(1701673702000)/",4070,5000,1222900,4931000000,80,true,2.01
"TTF",140743,"/Date(1701673702000)/",4070,1000,1217900,4911000000,80,true,2.01
"TTF",140730,"/Date(1701673689000)/",4070,600,1216900,4907000000,80,true,2.01
"TTF",140642,"/Date(1701673641000)/",4070,400,1216300,4904000000,80,false,2.01
"TTF",140614,"/Date(1701673612000)/",4070,4400,1215900,4903000000,80,false,2.01
"TTF",140604,"/Date(1701673603000)/",4070,200,1211500,4885000000,80,false,2.01
"TTF",140604,"/Date(1701673602000)/",4070,500,1211300,4884000000,80,false,2.01
"TTF",140551,"/Date(1701673592000)/",4070,800,1210800,4882000000,80,false,2.01
"TTF",140526,"/Date(1701673566000)/",4070,100,1210000,4879000000,80,false,2.01
"TTF",140506,"/Date(1701673545000)/",4070,4000,1209900,4878000000,80,true,2.01
"TTF",140450,"/Date(1701673530000)/",4070,1000,1205900,4862000000,80,false,2.01
"TTF",140450,"/Date(1701673530000)/",4070,1300,1204900,4858000000,80,false,2.01
"TTF",140450,"/Date(1701673530000)/",4070,1000,1203600,4853000000,80,false,2.01
"TTF",140450,"/Date(1701673530000)/",4070,200,1202600,4849000000,80,false,2.01
"TTF",140450,"/Date(1701673530000)/",4070,100,1202400,4848000000,80,false,2.01
"TTF",140450,"/Date(1701673530000)/",4070,1800,1202300,4847000000,80,false,2.01
"TTF",140450,"/Date(1701673530000)/",4070,600,1200500,4840000000,80,false,2.01
"TTF",140403,"/Date(1701673483000)/",4070,300,1199900,4838000000,80,false,2.01
"TTF",140249,"/Date(1701673408000)/",4070,3000,1199600,4836000000,80,false,2.01
"TTF",140230,"/Date(1701673390000)/",4070,6000,1196600,4824000000,80,false,2.01
"TTF",140220,"/Date(1701673379000)/",4070,100,1190600,4800000000,80,false,2.01
"TTF",140220,"/Date(1701673379000)/",4070,500,1190500,4799000000,80,false,2.01
"TTF",140220,"/Date(1701673379000)/",4070,400,1190000,4797000000,80,false,2.01
"TTF",140201,"/Date(1701673361000)/",4070,300,1189600,4796000000,80,false,2.01
"TTF",140145,"/Date(1701673345000)/",4070,400,1189300,4794000000,80,false,2.01
"TTF",140123,"/Date(1701673320000)/",4070,500,1188900,4793000000,80,false,2.01
"TTF",140116,"/Date(1701673313000)/",4070,400,1188400,4791000000,80,false,2.01
"TTF",140116,"/Date(1701673313000)/",4070,2400,1188000,4789000000,80,false,2.01
"TTF",140022,"/Date(1701673261000)/",4070,500,1185600,4779000000,80,false,2.01
"TTF",135921,"/Date(1701673201000)/",4070,100,1185100,4777000000,80,false,2.01
"TTF",135921,"/Date(1701673201000)/",4070,100,1185000,4777000000,80,false,2.01
"TTF",135921,"/Date(1701673201000)/",4070,300,1184900,4776000000,80,false,2.01
"TTF",135902,"/Date(1701673180000)/",4050,100,1184600,4775000000,60,true,1.5
"TTF",135852,"/Date(1701673172000)/",4050,100,1184500,4775000000,60,true,1.5
"TTF",135852,"/Date(1701673172000)/",4050,400,1184400,4774000000,60,true,1.5
"TTF",135852,"/Date(1701673172000)/",4050,900,1184000,4773000000,60,true,1.5
"TTF",135852,"/Date(1701673172000)/",4050,5000,1183100,4769000000,60,true,1.5
"TTF",135849,"/Date(1701673168000)/",4070,1700,1178100,4749000000,80,false,2.01
"TTF",135849,"/Date(1701673168000)/",4070,100,1176400,4742000000,80,false,2.01
"TTF",135849,"/Date(1701673168000)/",4070,200,1176300,4742000000,80,false,2.01
"TTF",135849,"/Date(1701673168000)/",4070,100,1176100,4741000000,80,false,2.01
"TTF",135849,"/Date(1701673168000)/",4070,100,1176000,4740000000,80,false,2.01
"TTF",135849,"/Date(1701673168000)/",4070,200,1175900,4740000000,80,false,2.01
"TTF",135849,"/Date(1701673168000)/",4070,8300,1175700,4739000000,80,false,2.01
"TTF",135849,"/Date(1701673168000)/",4070,200,1167400,4705000000,80,false,2.01
"TTF",135849,"/Date(1701673168000)/",4070,500,1167200,4705000000,80,false,2.01
"TTF",135849,"/Date(1701673168000)/",4070,100,1166700,4703000000,80,false,2.01
"TTF",135849,"/Date(1701673168000)/",4070,100,1166600,4702000000,80,false,2.01
"TTF",135849,"/Date(1701673168000)/",4070,100,1166500,4702000000,80,false,2.01
"TTF",135849,"/Date(1701673168000)/",4070,200,1166400,4701000000,80,false,2.01
"TTF",135849,"/Date(1701673168000)/",4070,100,1166200,4700000000,80,false,2.01
"TTF",135849,"/Date(1701673168000)/",4070,1600,1166100,4700000000,80,false,2.01
"TTF",135849,"/Date(1701673168000)/",4070,100,1164500,4694000000,80,false,2.01
"TTF",135849,"/Date(1701673168000)/",4070,200,1164400,4693000000,80,false,2.01
"TTF",135849,"/Date(1701673168000)/",4070,2300,1164200,4692000000,80,false,2.01
"TTF",135849,"/Date(1701673168000)/",4060,800,1161900,4683000000,70,false,1.75
"TTF",135849,"/Date(1701673168000)/",4060,1100,1161100,4680000000,70,false,1.75
"TTF",135849,"/Date(1701673168000)/",4060,1000,1160000,4675000000,70,false,1.75
"TTF",135849,"/Date(1701673168000)/",4060,1300,1159000,4671000000,70,false,1.75
"TTF",135849,"/Date(1701673168000)/",4060,10000,1157700,4666000000,70,false,1.75
"TTF",135849,"/Date(1701673168000)/",4060,10000,1147700,4625000000,70,false,1.75
"TTF",135849,"/Date(1701673168000)/",4060,1000,1137700,4585000000,70,false,1.75
"TTF",135849,"/Date(1701673168000)/",4060,8600,1136700,4581000000,70,false,1.75
"TTF",135830,"/Date(1701673148000)/",4050,100,1128100,4546000000,60,true,1.5
"TTF",135820,"/Date(1701673140000)/",4060,500,1128000,4545000000,70,false,1.75
"TTF",135814,"/Date(1701673132000)/",4050,400,1127500,4543000000,60,true,1.5
"TTF",135814,"/Date(1701673132000)/",4050,100,1127100,4542000000,60,true,1.5
"TTF",135723,"/Date(1701673081000)/",4060,400,1127000,4541000000,70,false,1.75
"TTF",135723,"/Date(1701673081000)/",4050,100,1126600,4540000000,60,false,1.5
"TTF",135723,"/Date(1701673081000)/",4050,500,1126500,4539000000,60,false,1.5
"TTF",135654,"/Date(1701673053000)/",4050,3000,1126000,4537000000,60,true,1.5
"TTF",135654,"/Date(1701673053000)/",4050,10000,1123000,4525000000,60,true,1.5
"TTF",135654,"/Date(1701673053000)/",4050,200,1113000,4485000000,60,true,1.5
"TTF",135654,"/Date(1701673053000)/",4050,5000,1112800,4484000000,60,true,1.5
"TTF",135654,"/Date(1701673053000)/",4050,300,1107800,4464000000,60,true,1.5
"TTF",135654,"/Date(1701673053000)/",4050,4600,1107500,4462000000,60,true,1.5
"TTF",135622,"/Date(1701673020000)/",4060,500,1102900,4444000000,70,false,1.75
"TTF",135606,"/Date(1701673003000)/",4050,1000,1102400,4442000000,60,true,1.5
"TTF",135544,"/Date(1701672981000)/",4060,500,1101400,4438000000,70,false,1.75
"TTF",135537,"/Date(1701672975000)/",4060,5000,1100900,4436000000,70,false,1.75
"TTF",135521,"/Date(1701672961000)/",4060,500,1095900,4415000000,70,false,1.75
"TTF",135424,"/Date(1701672901000)/",4060,500,1095400,4413000000,70,false,1.75
"TTF",135323,"/Date(1701672841000)/",4060,500,1094900,4411000000,70,false,1.75
"TTF",135310,"/Date(1701672829000)/",4050,2800,1094400,4409000000,60,true,1.5
"TTF",135310,"/Date(1701672829000)/",4050,1000,1091600,4398000000,60,true,1.5
"TTF",135254,"/Date(1701672806000)/",4050,1200,1090600,4394000000,60,false,1.5
"TTF",135238,"/Date(1701672795000)/",4050,600,1089400,4389000000,60,false,1.5
"TTF",135235,"/Date(1701672794000)/",4050,3000,1088800,4387000000,60,true,1.5
"TTF",135235,"/Date(1701672794000)/",4050,300,1085800,4374000000,60,true,1.5
"TTF",135235,"/Date(1701672794000)/",4050,600,1085500,4373000000,60,true,1.5
"TTF",135226,"/Date(1701672784000)/",4050,400,1084900,4371000000,60,true,1.5
"TTF",135226,"/Date(1701672784000)/",4050,4000,1084500,4369000000,60,true,1.5
"TTF",135226,"/Date(1701672784000)/",4050,600,1080500,4353000000,60,true,1.5
"TTF",135226,"/Date(1701672784000)/",4050,4400,1079900,4350000000,60,true,1.5
"TTF",135226,"/Date(1701672784000)/",4050,2000,1075500,4333000000,60,true,1.5
"TTF",135226,"/Date(1701672784000)/",4050,200,1073500,4325000000,60,true,1.5
"TTF",135226,"/Date(1701672784000)/",4050,1000,1073300,4324000000,60,true,1.5
"TTF",135226,"/Date(1701672784000)/",4050,3400,1072300,4320000000,60,true,1.5
"TTF",135222,"/Date(1701672781000)/",4060,500,1068900,4306000000,70,false,1.75
"TTF",135121,"/Date(1701672720000)/",4060,500,1068400,4304000000,70,false,1.75
"TTF",135024,"/Date(1701672660000)/",4060,500,1067900,4302000000,70,false,1.75
"TTF",134923,"/Date(1701672601000)/",4060,500,1067400,4300000000,70,false,1.75
"TTF",134920,"/Date(1701672598000)/",4060,300,1066900,4298000000,70,false,1.75
"TTF",134823,"/Date(1701672540000)/",4060,500,1066600,4297000000,70,false,1.75
"TTF",134728,"/Date(1701672487000)/",4060,100,1066100,4295000000,70,false,1.75
"TTF",134722,"/Date(1701672481000)/",4060,500,1066000,4294000000,70,false,1.75
"TTF",134650,"/Date(1701672448000)/",4050,2400,1065500,4292000000,60,true,1.5
"TTF",134650,"/Date(1701672448000)/",4050,100,1063100,4282000000,60,true,1.5
"TTF",134650,"/Date(1701672448000)/",4050,2000,1063000,4282000000,60,true,1.5
"TTF",134650,"/Date(1701672448000)/",4050,200,1061000,4274000000,60,true,1.5
"TTF",134650,"/Date(1701672448000)/",4050,5000,1060800,4273000000,60,true,1.5
"TTF",134650,"/Date(1701672448000)/",4050,200,1055800,4253000000,60,true,1.5
"TTF",134650,"/Date(1701672448000)/",4050,100,1055600,4252000000,60,true,1.5
"TTF",134627,"/Date(1701672423000)/",4060,1000,1055500,4252000000,70,false,1.75
"TTF",134624,"/Date(1701672420000)/",4060,500,1054500,4248000000,70,false,1.75
"TTF",134621,"/Date(1701672419000)/",4060,2000,1054000,4246000000,70,false,1.75
"TTF",134611,"/Date(1701672408000)/",4060,1000,1052000,4237000000,70,false,1.75
"TTF",134611,"/Date(1701672408000)/",4060,100,1051000,4233000000,70,false,1.75
"TTF",134602,"/Date(1701672398000)/",4060,2000,1050900,4233000000,70,true,1.75
"TTF",134523,"/Date(1701672361000)/",4070,500,1048900,4225000000,80,false,2.01
"TTF",134514,"/Date(1701672351000)/",4060,500,1048400,4223000000,70,false,1.75
"TTF",134514,"/Date(1701672351000)/",4060,400,1047900,4221000000,70,false,1.75
"TTF",134511,"/Date(1701672349000)/",4060,500,1047500,4219000000,70,false,1.75
"TTF",134508,"/Date(1701672343000)/",4060,1000,1047000,4217000000,70,false,1.75
"TTF",134432,"/Date(1701672308000)/",4060,100,1046000,4213000000,70,false,1.75
"TTF",134429,"/Date(1701672306000)/",4060,4000,1045900,4213000000,70,true,1.75
"TTF",134429,"/Date(1701672306000)/",4060,5000,1041900,4196000000,70,true,1.75
"TTF",134429,"/Date(1701672306000)/",4060,24500,1036900,4176000000,70,true,1.75
"TTF",134429,"/Date(1701672306000)/",4060,400,1012400,4077000000,70,true,1.75
"TTF",134429,"/Date(1701672306000)/",4060,4100,1012000,4075000000,70,true,1.75
"TTF",134423,"/Date(1701672301000)/",4070,500,1007900,4058000000,80,false,2.01
"TTF",134322,"/Date(1701672240000)/",4070,500,1007400,4056000000,80,false,2.01
"TTF",134225,"/Date(1701672180000)/",4070,500,1006900,4054000000,80,false,2.01
"TTF",134124,"/Date(1701672120000)/",4070,500,1006400,4052000000,80,false,2.01
"TTF",134046,"/Date(1701672081000)/",4060,900,1005900,4050000000,70,true,1.75
"TTF",134046,"/Date(1701672081000)/",4060,500,1005000,4047000000,70,true,1.75
"TTF",134046,"/Date(1701672081000)/",4060,1000,1004500,4045000000,70,true,1.75
"TTF",134046,"/Date(1701672081000)/",4060,1000,1003500,4040000000,70,true,1.75
"TTF",134046,"/Date(1701672081000)/",4060,6600,1002500,4036000000,70,true,1.75
"TTF",134033,"/Date(1701672069000)/",4070,5000,995900,4010000000,80,false,2.01
"TTF",134026,"/Date(1701672063000)/",4060,1200,990900,3989000000,70,true,1.75
"TTF",134026,"/Date(1701672063000)/",4060,1000,989700,3984000000,70,true,1.75
"TTF",134026,"/Date(1701672063000)/",4060,500,988700,3980000000,70,true,1.75
"TTF",134010,"/Date(1701672047000)/",4070,200,988200,3978000000,80,false,2.01
"TTF",134007,"/Date(1701672044000)/",4060,500,988000,3977000000,70,true,1.75
"TTF",133929,"/Date(1701672005000)/",4060,2000,987500,3975000000,70,true,1.75
"TTF",133916,"/Date(1701671993000)/",4060,900,985500,3967000000,70,false,1.75
"TTF",133916,"/Date(1701671993000)/",4060,500,984600,3964000000,70,false,1.75
"TTF",133916,"/Date(1701671993000)/",4060,1000,984100,3962000000,70,false,1.75
"TTF",133916,"/Date(1701671993000)/",4060,100,983100,3958000000,70,false,1.75
"TTF",133916,"/Date(1701671993000)/",4060,100,983000,3957000000,70,false,1.75
"TTF",133916,"/Date(1701671993000)/",4060,5000,982900,3957000000,70,false,1.75
"TTF",133916,"/Date(1701671993000)/",4060,500,977900,3936000000,70,false,1.75
"TTF",133916,"/Date(1701671993000)/",4060,300,977400,3934000000,70,false,1.75
"TTF",133812,"/Date(1701671927000)/",4050,400,977100,3933000000,60,true,1.5
"TTF",133812,"/Date(1701671927000)/",4050,2000,976700,3932000000,60,true,1.5
"TTF",133812,"/Date(1701671927000)/",4050,100,974700,3924000000,60,true,1.5
"TTF",133743,"/Date(1701671900000)/",4050,400,974600,3923000000,60,true,1.5
"TTF",133743,"/Date(1701671900000)/",4050,1000,974200,3921000000,60,true,1.5
"TTF",133743,"/Date(1701671900000)/",4050,1500,973200,3917000000,60,true,1.5
"TTF",133734,"/Date(1701671891000)/",4050,500,971700,3911000000,60,true,1.5
"TTF",133626,"/Date(1701671822000)/",4050,4500,971200,3909000000,60,true,1.5
"TTF",133626,"/Date(1701671822000)/",4050,500,966700,3891000000,60,true,1.5
"TTF",133626,"/Date(1701671822000)/",4050,200,966200,3889000000,60,true,1.5
"TTF",133545,"/Date(1701671781000)/",4050,5000,966000,3888000000,60,true,1.5
"TTF",133438,"/Date(1701671715000)/",4060,700,961000,3868000000,70,false,1.75
"TTF",133438,"/Date(1701671715000)/",4060,2200,960300,3865000000,70,false,1.75
"TTF",133438,"/Date(1701671715000)/",4060,300,958100,3856000000,70,false,1.75
"TTF",133438,"/Date(1701671715000)/",4060,100,957800,3855000000,70,false,1.75
"TTF",133438,"/Date(1701671715000)/",4060,600,957700,3855000000,70,false,1.75
"TTF",133438,"/Date(1701671715000)/",4060,1000,957100,3852000000,70,false,1.75
"TTF",133438,"/Date(1701671715000)/",4060,1000,956100,3848000000,70,false,1.75
"TTF",133438,"/Date(1701671715000)/",4060,300,955100,3844000000,70,false,1.75
"TTF",133438,"/Date(1701671715000)/",4060,3700,954800,3843000000,70,false,1.75
"TTF",133438,"/Date(1701671715000)/",4060,5000,951100,3828000000,70,false,1.75
"TTF",133334,"/Date(1701671650000)/",4050,1000,946100,3808000000,60,true,1.5
"TTF",133305,"/Date(1701671622000)/",4050,2000,945100,3803000000,60,true,1.5
"TTF",133259,"/Date(1701671614000)/",4060,10000,943100,3795000000,70,false,1.75
"TTF",133252,"/Date(1701671607000)/",4050,200,933100,3755000000,60,true,1.5
"TTF",133249,"/Date(1701671605000)/",4050,300,932900,3754000000,60,true,1.5
"TTF",133246,"/Date(1701671601000)/",4060,4900,932600,3753000000,70,false,1.75
"TTF",133246,"/Date(1701671601000)/",4060,1000,927700,3733000000,70,false,1.75
"TTF",133246,"/Date(1701671601000)/",4060,600,926700,3729000000,70,false,1.75
"TTF",133246,"/Date(1701671601000)/",4060,100,926100,3726000000,70,false,1.75
"TTF",133246,"/Date(1701671601000)/",4060,1000,926000,3726000000,70,false,1.75
"TTF",133246,"/Date(1701671601000)/",4060,5900,925000,3722000000,70,false,1.75
"TTF",133246,"/Date(1701671601000)/",4060,6500,919100,3698000000,70,false,1.75
"TTF",133240,"/Date(1701671596000)/",4050,100,912600,3672000000,60,true,1.5
"TTF",133233,"/Date(1701671588000)/",4050,500,912500,3671000000,60,true,1.5
"TTF",133155,"/Date(1701671552000)/",4050,700,912000,3669000000,60,true,1.5
"TTF",133155,"/Date(1701671552000)/",4050,300,911300,3666000000,60,true,1.5
"TTF",133148,"/Date(1701671546000)/",4060,100,911000,3665000000,70,false,1.75
"TTF",133148,"/Date(1701671546000)/",4060,200,910900,3665000000,70,false,1.75
"TTF",133148,"/Date(1701671546000)/",4060,500,910700,3664000000,70,false,1.75
"TTF",133148,"/Date(1701671546000)/",4060,4200,910200,3662000000,70,false,1.75
"TTF",133142,"/Date(1701671538000)/",4050,5000,906000,3645000000,60,true,1.5
"TTF",133126,"/Date(1701671523000)/",4050,200,901000,3625000000,60,true,1.5
"TTF",133120,"/Date(1701671516000)/",4050,1800,900800,3624000000,60,false,1.5
"TTF",133117,"/Date(1701671513000)/",4050,1200,899000,3616000000,60,false,1.5
"TTF",133117,"/Date(1701671512000)/",4050,200,897800,3612000000,60,false,1.5
"TTF",133117,"/Date(1701671512000)/",4050,1000,897600,3611000000,60,false,1.5
"TTF",133117,"/Date(1701671512000)/",4050,5400,896600,3607000000,60,false,1.5
"TTF",133104,"/Date(1701671498000)/",4050,800,891200,3585000000,60,false,1.5
"TTF",133104,"/Date(1701671498000)/",4050,300,890400,3582000000,60,false,1.5
"TTF",133104,"/Date(1701671498000)/",4050,900,890100,3580000000,60,false,1.5
"TTF",133101,"/Date(1701671497000)/",4050,200,889200,3577000000,60,false,1.5
"TTF",133032,"/Date(1701671468000)/",4050,200,889000,3576000000,60,false,1.5
"TTF",133026,"/Date(1701671461000)/",4050,500,888800,3575000000,60,true,1.5
"TTF",133026,"/Date(1701671461000)/",4050,3000,888300,3573000000,60,true,1.5
"TTF",133026,"/Date(1701671461000)/",4050,500,885300,3561000000,60,true,1.5
"TTF",133026,"/Date(1701671461000)/",4050,1000,884800,3559000000,60,true,1.5
"TTF",133026,"/Date(1701671461000)/",4050,100,883800,3555000000,60,true,1.5
"TTF",133026,"/Date(1701671461000)/",4050,1000,883700,3554000000,60,true,1.5
"TTF",133026,"/Date(1701671461000)/",4050,1000,882700,3550000000,60,true,1.5
"TTF",133026,"/Date(1701671461000)/",4050,500,881700,3546000000,60,true,1.5
"TTF",133026,"/Date(1701671461000)/",4050,5000,881200,3544000000,60,true,1.5
"TTF",133026,"/Date(1701671461000)/",4050,2100,876200,3524000000,60,true,1.5
"TTF",133016,"/Date(1701671452000)/",4050,200,874100,3516000000,60,true,1.5
"TTF",132941,"/Date(1701671418000)/",4050,500,873900,3515000000,60,true,1.5
"TTF",132928,"/Date(1701671405000)/",4050,300,873400,3513000000,60,true,1.5
"TTF",132925,"/Date(1701671400000)/",4060,2000,873100,3512000000,70,false,1.75
"TTF",132912,"/Date(1701671388000)/",4050,200,871100,3503000000,60,true,1.5
"TTF",132821,"/Date(1701671335000)/",4050,200,870900,3503000000,60,true,1.5
"TTF",132818,"/Date(1701671334000)/",4050,500,870700,3502000000,60,false,1.5
"TTF",132815,"/Date(1701671327000)/",4050,400,870200,3500000000,60,false,1.5
"TTF",132805,"/Date(1701671321000)/",4050,100,869800,3498000000,60,false,1.5
"TTF",132759,"/Date(1701671315000)/",4050,500,869700,3498000000,60,false,1.5
"TTF",132759,"/Date(1701671315000)/",4050,500,869200,3496000000,60,false,1.5
"TTF",132759,"/Date(1701671313000)/",4050,1500,868700,3494000000,60,false,1.5
"TTF",132759,"/Date(1701671313000)/",4050,200,867200,3488000000,60,false,1.5
"TTF",132759,"/Date(1701671313000)/",4050,200,867000,3487000000,60,false,1.5
"TTF",132759,"/Date(1701671313000)/",4050,500,866800,3486000000,60,false,1.5
"TTF",132759,"/Date(1701671313000)/",4050,500,866300,3484000000,60,false,1.5
"TTF",132759,"/Date(1701671313000)/",4050,500,865800,3482000000,60,false,1.5
"TTF",132759,"/Date(1701671313000)/",4050,1600,865300,3480000000,60,false,1.5
"TTF",132746,"/Date(1701671301000)/",4050,1100,863700,3473000000,60,false,1.5
"TTF",132746,"/Date(1701671301000)/",4050,900,862600,3469000000,60,false,1.5
"TTF",132746,"/Date(1701671301000)/",4050,200,861700,3465000000,60,false,1.5
"TTF",132720,"/Date(1701671277000)/",4050,300,861500,3465000000,60,false,1.5
"TTF",132714,"/Date(1701671270000)/",4050,1000,861200,3463000000,60,false,1.5
"TTF",132704,"/Date(1701671260000)/",4050,7600,860200,3459000000,60,false,1.5
"TTF",132704,"/Date(1701671260000)/",4050,800,852600,3428000000,60,false,1.5
"TTF",132701,"/Date(1701671257000)/",4050,200,851800,3425000000,60,false,1.5
"TTF",132701,"/Date(1701671257000)/",4050,800,851600,3424000000,60,false,1.5
"TTF",132701,"/Date(1701671256000)/",4050,800,850800,3421000000,60,false,1.5
"TTF",132701,"/Date(1701671256000)/",4050,300,850000,3418000000,60,false,1.5
"TTF",132701,"/Date(1701671256000)/",4050,900,849700,3417000000,60,false,1.5
"TTF",132639,"/Date(1701671235000)/",4050,2300,848800,3413000000,60,false,1.5
"TTF",132636,"/Date(1701671232000)/",4050,1000,846500,3404000000,60,false,1.5
"TTF",132610,"/Date(1701671204000)/",4050,800,845500,3400000000,60,false,1.5
"TTF",132610,"/Date(1701671204000)/",4050,200,844700,3396000000,60,false,1.5
"TTF",132554,"/Date(1701671189000)/",4050,100,844500,3396000000,60,false,1.5
"TTF",132554,"/Date(1701671189000)/",4050,3500,844400,3395000000,60,false,1.5
"TTF",132554,"/Date(1701671189000)/",4050,500,840900,3381000000,60,false,1.5
"TTF",132554,"/Date(1701671189000)/",4050,500,840400,3379000000,60,false,1.5
"TTF",132554,"/Date(1701671189000)/",4050,3100,839900,3377000000,60,false,1.5
"TTF",132554,"/Date(1701671189000)/",4050,5500,836800,3365000000,60,false,1.5
"TTF",132541,"/Date(1701671178000)/",4050,5000,831300,3342000000,60,false,1.5
"TTF",132532,"/Date(1701671166000)/",4050,3000,826300,3322000000,60,false,1.5
"TTF",132434,"/Date(1701671108000)/",4050,2500,823300,3310000000,60,false,1.5
"TTF",132431,"/Date(1701671108000)/",4050,100,820800,3300000000,60,false,1.5
"TTF",132425,"/Date(1701671099000)/",4050,1000,820700,3299000000,60,false,1.5
"TTF",132318,"/Date(1701671032000)/",4040,1400,819700,3295000000,50,true,1.25
"TTF",132318,"/Date(1701671032000)/",4040,100,818300,3290000000,50,true,1.25
"TTF",132246,"/Date(1701671001000)/",4050,100,818200,3289000000,60,false,1.5
"TTF",132246,"/Date(1701671001000)/",4040,800,818100,3289000000,50,true,1.25
"TTF",132246,"/Date(1701671001000)/",4040,500,817300,3286000000,50,true,1.25
"TTF",132246,"/Date(1701671001000)/",4040,700,816800,3284000000,50,true,1.25
"TTF",132145,"/Date(1701670940000)/",4040,500,816100,3281000000,50,true,1.25
"TTF",132139,"/Date(1701670936000)/",4040,200,815600,3279000000,50,true,1.25
"TTF",132136,"/Date(1701670931000)/",4040,500,815400,3278000000,50,true,1.25
"TTF",132120,"/Date(1701670913000)/",4040,300,814900,3276000000,50,true,1.25
"TTF",132120,"/Date(1701670913000)/",4040,200,814600,3275000000,50,true,1.25
"TTF",132104,"/Date(1701670899000)/",4040,100,814400,3274000000,50,false,1.25
"TTF",132104,"/Date(1701670899000)/",4040,2000,814300,3273000000,50,false,1.25
"TTF",132104,"/Date(1701670899000)/",4040,500,812300,3265000000,50,false,1.25
"TTF",132104,"/Date(1701670899000)/",4040,100,811800,3263000000,50,false,1.25
"TTF",132104,"/Date(1701670899000)/",4040,4000,811700,3263000000,50,false,1.25
"TTF",132104,"/Date(1701670899000)/",4040,100,807700,3247000000,50,false,1.25
"TTF",132104,"/Date(1701670899000)/",4040,1000,807600,3246000000,50,false,1.25
"TTF",132104,"/Date(1701670899000)/",4040,500,806600,3242000000,50,false,1.25
"TTF",132104,"/Date(1701670899000)/",4040,1000,806100,3240000000,50,false,1.25
"TTF",132104,"/Date(1701670899000)/",4040,3800,805100,3236000000,50,false,1.25
"TTF",132104,"/Date(1701670898000)/",4040,200,801300,3221000000,50,false,1.25
"TTF",132051,"/Date(1701670886000)/",4040,5400,801100,3220000000,50,false,1.25
"TTF",132051,"/Date(1701670886000)/",4030,1500,795700,3198000000,40,true,1
"TTF",132035,"/Date(1701670868000)/",4040,10000,794200,3192000000,50,false,1.25
"TTF",131954,"/Date(1701670827000)/",4030,1000,784200,3152000000,40,true,1
"TTF",131954,"/Date(1701670827000)/",4030,3000,783200,3148000000,40,true,1
"TTF",131928,"/Date(1701670802000)/",4040,100,780200,3136000000,50,false,1.25
"TTF",131840,"/Date(1701670755000)/",4040,5500,780100,3135000000,50,false,1.25
"TTF",131840,"/Date(1701670755000)/",4040,300,774600,3113000000,50,false,1.25
"TTF",131840,"/Date(1701670755000)/",4040,200,774300,3112000000,50,false,1.25
"TTF",131808,"/Date(1701670722000)/",4040,1000,774100,3111000000,50,false,1.25
"TTF",131759,"/Date(1701670715000)/",4030,400,773100,3107000000,40,true,1
"TTF",131746,"/Date(1701670699000)/",4030,500,772700,3105000000,40,true,1
"TTF",131730,"/Date(1701670684000)/",4030,1100,772200,3103000000,40,true,1
"TTF",131721,"/Date(1701670676000)/",4030,8900,771100,3099000000,40,false,1
"TTF",131721,"/Date(1701670676000)/",4030,1100,762200,3063000000,40,false,1
"TTF",131708,"/Date(1701670662000)/",4030,100,761100,3059000000,40,false,1
"TTF",131642,"/Date(1701670638000)/",4030,200,761000,3058000000,40,false,1
"TTF",131600,"/Date(1701670596000)/",4030,1400,760800,3057000000,40,false,1
"TTF",131557,"/Date(1701670592000)/",4030,3000,759400,3052000000,40,true,1
"TTF",131544,"/Date(1701670578000)/",4030,6000,756400,3040000000,40,true,1
"TTF",131506,"/Date(1701670540000)/",4030,1000,750400,3016000000,40,true,1
"TTF",131506,"/Date(1701670540000)/",4030,100,749400,3012000000,40,true,1
"TTF",131506,"/Date(1701670540000)/",4030,5000,749300,3011000000,40,true,1
"TTF",131506,"/Date(1701670540000)/",4030,900,744300,2991000000,40,true,1
"TTF",131506,"/Date(1701670540000)/",4030,8100,743400,2987000000,40,true,1
"TTF",131506,"/Date(1701670539000)/",4040,8800,735300,2955000000,50,false,1.25
"TTF",131506,"/Date(1701670539000)/",4040,800,726500,2919000000,50,false,1.25
"TTF",131506,"/Date(1701670539000)/",4040,400,725700,2916000000,50,false,1.25
"TTF",131503,"/Date(1701670538000)/",4030,500,725300,2914000000,40,true,1
"TTF",131418,"/Date(1701670494000)/",4030,500,724800,2912000000,40,true,1
"TTF",131327,"/Date(1701670441000)/",4030,300,724300,2910000000,40,true,1
"TTF",131252,"/Date(1701670407000)/",4030,100,724000,2909000000,40,true,1
"TTF",131252,"/Date(1701670407000)/",4030,100,723900,2909000000,40,true,1
"TTF",131252,"/Date(1701670407000)/",4030,400,723800,2908000000,40,true,1
"TTF",131220,"/Date(1701670376000)/",4030,100,723400,2907000000,40,false,1
"TTF",131217,"/Date(1701670373000)/",4030,2000,723300,2906000000,40,false,1
"TTF",131152,"/Date(1701670347000)/",4020,3000,721300,2898000000,30,true,0.75
"TTF",131152,"/Date(1701670347000)/",4020,100,718300,2886000000,30,true,0.75
"TTF",131152,"/Date(1701670347000)/",4020,2400,718200,2886000000,30,true,0.75
"TTF",131152,"/Date(1701670345000)/",4030,10000,715800,2876000000,40,false,1
"TTF",131120,"/Date(1701670315000)/",4030,7500,705800,2836000000,40,false,1
"TTF",131120,"/Date(1701670315000)/",4030,600,698300,2806000000,40,false,1
"TTF",131120,"/Date(1701670315000)/",4030,11900,697700,2803000000,40,false,1
"TTF",131101,"/Date(1701670293000)/",4030,300,685800,2755000000,40,false,1
"TTF",131010,"/Date(1701670245000)/",4030,4500,685500,2754000000,40,false,1
"TTF",130847,"/Date(1701670162000)/",4020,600,681000,2736000000,30,true,0.75
"TTF",130847,"/Date(1701670162000)/",4020,2400,680400,2733000000,30,true,0.75
"TTF",130824,"/Date(1701670137000)/",4020,300,678000,2724000000,30,true,0.75
"TTF",130824,"/Date(1701670137000)/",4020,2000,677700,2723000000,30,true,0.75
"TTF",130824,"/Date(1701670137000)/",4020,5000,675700,2715000000,30,true,0.75
"TTF",130824,"/Date(1701670137000)/",4020,2000,670700,2694000000,30,true,0.75
"TTF",130824,"/Date(1701670137000)/",4020,500,668700,2686000000,30,true,0.75
"TTF",130752,"/Date(1701670105000)/",4020,5000,668200,2684000000,30,true,0.75
"TTF",130749,"/Date(1701670104000)/",4020,200,663200,2664000000,30,false,0.75
"TTF",130708,"/Date(1701670061000)/",4020,1000,663000,2663000000,30,false,0.75
"TTF",130708,"/Date(1701670061000)/",4020,500,662000,2659000000,30,false,0.75
"TTF",130708,"/Date(1701670061000)/",4020,100,661500,2657000000,30,false,0.75
"TTF",130708,"/Date(1701670061000)/",4020,3000,661400,2657000000,30,false,0.75
"TTF",130708,"/Date(1701670061000)/",4020,1600,658400,2645000000,30,false,0.75
"TTF",130708,"/Date(1701670061000)/",4020,100,656800,2639000000,30,false,0.75
"TTF",130708,"/Date(1701670061000)/",4020,400,656700,2638000000,30,false,0.75
"TTF",130708,"/Date(1701670061000)/",4020,500,656300,2637000000,30,false,0.75
"TTF",130708,"/Date(1701670061000)/",4020,100,655800,2635000000,30,false,0.75
"TTF",130708,"/Date(1701670061000)/",4020,300,655700,2634000000,30,false,0.75
"TTF",130708,"/Date(1701670061000)/",4020,6700,655400,2633000000,30,false,0.75
"TTF",130708,"/Date(1701670061000)/",4020,3000,648700,2606000000,30,false,0.75
"TTF",130708,"/Date(1701670061000)/",4020,2400,645700,2594000000,30,false,0.75
"TTF",130705,"/Date(1701670059000)/",4030,1800,643300,2584000000,40,false,1
"TTF",130639,"/Date(1701670033000)/",4030,500,641500,2577000000,40,false,1
"TTF",130636,"/Date(1701670029000)/",4030,1400,641000,2575000000,40,false,1
"TTF",130636,"/Date(1701670029000)/",4030,7000,639600,2569000000,40,false,1
"TTF",130636,"/Date(1701670029000)/",4030,1000,632600,2541000000,40,false,1
"TTF",130425,"/Date(1701669900000)/",4020,1900,631600,2537000000,30,true,0.75
"TTF",130425,"/Date(1701669900000)/",4020,1000,629700,2529000000,30,true,0.75
"TTF",130425,"/Date(1701669900000)/",4020,400,628700,2525000000,30,true,0.75
"TTF",130328,"/Date(1701669840000)/",4030,200,628300,2524000000,40,false,1
"TTF",130328,"/Date(1701669840000)/",4030,300,628100,2523000000,40,false,1
"TTF",130256,"/Date(1701669808000)/",4020,1900,627800,2522000000,30,true,0.75
"TTF",130139,"/Date(1701669731000)/",4020,2000,625900,2514000000,30,true,0.75
"TTF",130048,"/Date(1701669680000)/",4020,300,623900,2506000000,30,true,0.75
"TTF",130022,"/Date(1701669655000)/",4030,700,623600,2505000000,40,false,1
"TTF",130022,"/Date(1701669655000)/",4030,1300,622900,2502000000,40,false,1
"TTF",130003,"/Date(1701669625000)/",4020,300,621600,2497000000,30,true,0.75
"TTF",130003,"/Date(1701669621000)/",4020,500,621300,2496000000,30,true,0.75
"TTF",125957,"/Date(1701669615000)/",4020,3100,620800,2494000000,30,true,0.75
"TTF",125957,"/Date(1701669615000)/",4020,100,617700,2481000000,30,true,0.75
"TTF",125957,"/Date(1701669615000)/",4020,2000,617600,2481000000,30,true,0.75
"TTF",125957,"/Date(1701669615000)/",4020,500,615600,2473000000,30,true,0.75
"TTF",125957,"/Date(1701669615000)/",4020,4300,615100,2471000000,30,true,0.75
"TTF",125947,"/Date(1701669603000)/",4020,200,610800,2453000000,30,true,0.75
"TTF",125947,"/Date(1701669603000)/",4030,100,610600,2453000000,40,false,1
"TTF",125947,"/Date(1701669602000)/",4030,600,610500,2452000000,40,false,1
"TTF",125941,"/Date(1701669601000)/",4020,500,609900,2450000000,30,true,0.75
"TTF",125941,"/Date(1701669601000)/",4020,1000,609400,2448000000,30,true,0.75
"TTF",125941,"/Date(1701669601000)/",4020,200,608400,2444000000,30,true,0.75
"TTF",112748,"/Date(1701664093000)/",4020,2000,608200,2443000000,30,false,0.75
"TTF",112748,"/Date(1701664093000)/",4020,1800,606200,2435000000,30,false,0.75
"TTF",112742,"/Date(1701664087000)/",4020,200,604400,2428000000,30,false,0.75
"TTF",112742,"/Date(1701664087000)/",4020,300,604200,2427000000,30,false,0.75
"TTF",112735,"/Date(1701664081000)/",4020,300,603900,2426000000,30,false,0.75
"TTF",112735,"/Date(1701664081000)/",4020,200,603600,2425000000,30,false,0.75
"TTF",112732,"/Date(1701664076000)/",4020,10000,603400,2424000000,30,false,0.75
"TTF",112710,"/Date(1701664056000)/",4020,1000,593400,2384000000,30,false,0.75
"TTF",112700,"/Date(1701664044000)/",4020,1400,592400,2380000000,30,false,0.75
"TTF",112625,"/Date(1701664008000)/",4020,500,591000,2374000000,30,false,0.75
"TTF",112537,"/Date(1701663963000)/",4020,1000,590500,2372000000,30,false,0.75
"TTF",112515,"/Date(1701663940000)/",4020,500,589500,2368000000,30,false,0.75
"TTF",112512,"/Date(1701663935000)/",4020,500,589000,2366000000,30,false,0.75
"TTF",112456,"/Date(1701663919000)/",4020,100,588500,2364000000,30,false,0.75
"TTF",112427,"/Date(1701663891000)/",4020,1000,588400,2363000000,30,false,0.75
"TTF",112414,"/Date(1701663879000)/",4010,500,587400,2359000000,20,true,0.5
"TTF",112358,"/Date(1701663862000)/",4020,500,586900,2357000000,30,false,0.75
"TTF",112245,"/Date(1701663789000)/",4020,500,586400,2355000000,30,false,0.75
"TTF",112154,"/Date(1701663737000)/",4020,200,585900,2353000000,30,false,0.75
"TTF",112132,"/Date(1701663716000)/",4020,500,585700,2353000000,30,false,0.75
"TTF",112129,"/Date(1701663712000)/",4020,200,585200,2351000000,30,false,0.75
"TTF",112129,"/Date(1701663711000)/",4020,500,585000,2350000000,30,false,0.75
"TTF",112100,"/Date(1701663683000)/",4020,10000,584500,2348000000,30,false,0.75
"TTF",112053,"/Date(1701663679000)/",4020,20000,574500,2308000000,30,false,0.75
"TTF",112038,"/Date(1701663663000)/",4020,1000,554500,2227000000,30,false,0.75
"TTF",112018,"/Date(1701663643000)/",4020,500,553500,2223000000,30,false,0.75
"TTF",112015,"/Date(1701663640000)/",4020,50000,553000,2221000000,30,false,0.75
"TTF",111905,"/Date(1701663570000)/",4020,500,503000,2020000000,30,false,0.75
"TTF",111755,"/Date(1701663497000)/",4020,500,502500,2018000000,30,false,0.75
"TTF",111739,"/Date(1701663483000)/",4010,100,502000,2016000000,20,true,0.5
"TTF",111642,"/Date(1701663424000)/",4020,500,501900,2016000000,30,false,0.75
"TTF",111529,"/Date(1701663351000)/",4020,500,501400,2014000000,30,false,0.75
"TTF",111415,"/Date(1701663278000)/",4020,500,500900,2012000000,30,false,0.75
"TTF",111308,"/Date(1701663213000)/",4020,1600,500400,2010000000,30,false,0.75
"TTF",111308,"/Date(1701663211000)/",4020,500,498800,2003000000,30,false,0.75
"TTF",111308,"/Date(1701663211000)/",4020,300,498300,2001000000,30,false,0.75
"TTF",111246,"/Date(1701663189000)/",4020,200,498000,2000000000,30,true,0.75
"TTF",111246,"/Date(1701663189000)/",4020,500,497800,1999000000,30,true,0.75
"TTF",111246,"/Date(1701663189000)/",4020,100,497300,1997000000,30,true,0.75
"TTF",111246,"/Date(1701663189000)/",4020,100,497200,1997000000,30,true,0.75
"TTF",111246,"/Date(1701663189000)/",4020,1000,497100,1996000000,30,true,0.75
"TTF",111246,"/Date(1701663189000)/",4020,4700,496100,1992000000,30,true,0.75
"TTF",111246,"/Date(1701663189000)/",4030,400,491400,1973000000,40,true,1
"TTF",111246,"/Date(1701663189000)/",4030,3000,491000,1972000000,40,true,1
"TTF",111220,"/Date(1701663165000)/",4030,100,488000,1960000000,40,true,1
"TTF",111220,"/Date(1701663165000)/",4030,100,487900,1959000000,40,true,1
"TTF",111220,"/Date(1701663165000)/",4030,1000,487800,1959000000,40,true,1
"TTF",111220,"/Date(1701663165000)/",4030,800,486800,1955000000,40,true,1
"TTF",111117,"/Date(1701663099000)/",4030,100,486000,1952000000,40,false,1
"TTF",111057,"/Date(1701663080000)/",4030,1000,485900,1951000000,40,false,1
"TTF",111048,"/Date(1701663070000)/",4030,100,484900,1947000000,40,false,1
"TTF",111013,"/Date(1701663036000)/",4030,100,484800,1947000000,40,false,1
"TTF",110648,"/Date(1701662831000)/",4020,3300,484700,1946000000,30,false,0.75
"TTF",110645,"/Date(1701662827000)/",4020,400,481400,1933000000,30,false,0.75
"TTF",110545,"/Date(1701662766000)/",4020,400,481000,1932000000,30,false,0.75
"TTF",110503,"/Date(1701662725000)/",4020,100,480600,1930000000,30,false,0.75
"TTF",110444,"/Date(1701662706000)/",4020,400,480500,1930000000,30,false,0.75
"TTF",110422,"/Date(1701662685000)/",4020,400,480100,1928000000,30,true,0.75
"TTF",110422,"/Date(1701662685000)/",4020,500,479700,1926000000,30,true,0.75
"TTF",110422,"/Date(1701662685000)/",4020,5000,479200,1924000000,30,true,0.75
"TTF",110422,"/Date(1701662685000)/",4020,400,474200,1904000000,30,true,0.75
"TTF",110422,"/Date(1701662685000)/",4020,500,473800,1903000000,30,true,0.75
"TTF",110422,"/Date(1701662685000)/",4020,1000,473300,1901000000,30,true,0.75
"TTF",110422,"/Date(1701662685000)/",4020,400,472300,1897000000,30,true,0.75
"TTF",110237,"/Date(1701662579000)/",4030,500,471900,1895000000,40,true,1
"TTF",110237,"/Date(1701662579000)/",4030,5800,471400,1893000000,40,true,1
"TTF",110237,"/Date(1701662579000)/",4030,100,465600,1870000000,40,true,1
"TTF",110237,"/Date(1701662579000)/",4030,100,465500,1869000000,40,true,1
"TTF",110237,"/Date(1701662579000)/",4030,700,465400,1869000000,40,true,1
"TTF",110218,"/Date(1701662560000)/",4030,1300,464700,1866000000,40,true,1
"TTF",110218,"/Date(1701662560000)/",4030,500,463400,1861000000,40,true,1
"TTF",110218,"/Date(1701662560000)/",4030,1300,462900,1859000000,40,true,1
"TTF",110218,"/Date(1701662560000)/",4030,900,461600,1854000000,40,true,1
"TTF",110212,"/Date(1701662553000)/",4040,100,460700,1850000000,50,false,1.25
"TTF",110052,"/Date(1701662475000)/",4030,100,460600,1849000000,40,true,1
"TTF",110052,"/Date(1701662475000)/",4030,200,460500,1849000000,40,true,1
"TTF",110033,"/Date(1701662454000)/",4030,2000,460300,1848000000,40,true,1
"TTF",110023,"/Date(1701662445000)/",4030,5000,458300,1840000000,40,true,1
"TTF",110001,"/Date(1701662423000)/",4030,200,453300,1820000000,40,true,1
"TTF",105916,"/Date(1701662380000)/",4040,400,453100,1819000000,50,false,1.25
"TTF",105916,"/Date(1701662380000)/",4040,100,452700,1818000000,50,false,1.25
"TTF",105916,"/Date(1701662380000)/",4040,200,452600,1817000000,50,false,1.25
"TTF",105916,"/Date(1701662380000)/",4040,200,452400,1816000000,50,false,1.25
"TTF",105916,"/Date(1701662380000)/",4040,100,452200,1816000000,50,false,1.25
"TTF",105910,"/Date(1701662371000)/",4040,100,452100,1815000000,50,false,1.25
"TTF",105907,"/Date(1701662370000)/",4030,200,452000,1815000000,40,true,1
"TTF",105819,"/Date(1701662321000)/",4040,200,451800,1814000000,50,false,1.25
"TTF",105725,"/Date(1701662266000)/",4040,2600,451600,1813000000,50,false,1.25
"TTF",105712,"/Date(1701662253000)/",4030,3000,449000,1803000000,40,false,1
"TTF",105712,"/Date(1701662253000)/",4030,200,446000,1791000000,40,false,1
"TTF",105712,"/Date(1701662253000)/",4030,200,445800,1790000000,40,false,1
"TTF",105712,"/Date(1701662253000)/",4030,500,445600,1789000000,40,false,1
"TTF",105712,"/Date(1701662253000)/",4030,300,445100,1787000000,40,false,1
"TTF",105712,"/Date(1701662253000)/",4030,200,444800,1786000000,40,false,1
"TTF",105712,"/Date(1701662253000)/",4030,100,444600,1785000000,40,false,1
"TTF",105712,"/Date(1701662253000)/",4030,7900,444500,1785000000,40,false,1
"TTF",105706,"/Date(1701662247000)/",4030,1000,436600,1753000000,40,false,1
"TTF",105650,"/Date(1701662232000)/",4030,1000,435600,1749000000,40,false,1
"TTF",105505,"/Date(1701662125000)/",4030,100,434600,1745000000,40,false,1
"TTF",105505,"/Date(1701662125000)/",4030,1100,434500,1744000000,40,false,1
"TTF",105458,"/Date(1701662119000)/",4030,1400,433400,1740000000,40,false,1
"TTF",105458,"/Date(1701662119000)/",4030,300,432000,1734000000,40,false,1
"TTF",105458,"/Date(1701662119000)/",4030,100,431700,1733000000,40,false,1
"TTF",105458,"/Date(1701662119000)/",4030,500,431600,1733000000,40,false,1
"TTF",105458,"/Date(1701662119000)/",4030,200,431100,1731000000,40,false,1
"TTF",105458,"/Date(1701662119000)/",4030,7500,430900,1730000000,40,false,1
"TTF",105455,"/Date(1701662116000)/",4030,8100,423400,1700000000,40,false,1
"TTF",105455,"/Date(1701662115000)/",4030,400,415300,1667000000,40,false,1
"TTF",105241,"/Date(1701661983000)/",4030,200,414900,1665000000,40,false,1
"TTF",105228,"/Date(1701661968000)/",4020,600,414700,1664000000,30,true,0.75
"TTF",105222,"/Date(1701661963000)/",4020,900,414100,1662000000,30,true,0.75
"TTF",105222,"/Date(1701661963000)/",4020,10400,413200,1658000000,30,true,0.75
"TTF",105212,"/Date(1701661955000)/",4020,500,402800,1617000000,30,false,0.75
"TTF",105147,"/Date(1701661928000)/",4020,400,402300,1615000000,30,false,0.75
"TTF",105134,"/Date(1701661914000)/",4020,10000,401900,1613000000,30,false,0.75
"TTF",105122,"/Date(1701661903000)/",4020,600,391900,1573000000,30,false,0.75
"TTF",105115,"/Date(1701661897000)/",4020,4000,391300,1570000000,30,false,0.75
"TTF",105059,"/Date(1701661882000)/",4020,4100,387300,1554000000,30,false,0.75
"TTF",105047,"/Date(1701661866000)/",4020,200,383200,1538000000,30,false,0.75
"TTF",105047,"/Date(1701661866000)/",4020,200,383000,1537000000,30,false,0.75
"TTF",105047,"/Date(1701661866000)/",4020,200,382800,1536000000,30,false,0.75
"TTF",105047,"/Date(1701661866000)/",4020,5000,382600,1535000000,30,false,0.75
"TTF",105047,"/Date(1701661866000)/",4020,800,377600,1515000000,30,false,0.75
"TTF",105047,"/Date(1701661866000)/",4020,3000,376800,1512000000,30,false,0.75
"TTF",105047,"/Date(1701661866000)/",4020,1600,373800,1500000000,30,false,0.75
"TTF",105047,"/Date(1701661866000)/",4020,15600,372200,1494000000,30,false,0.75
"TTF",105040,"/Date(1701661861000)/",4020,400,356600,1431000000,30,false,0.75
"TTF",105005,"/Date(1701661825000)/",4020,100,356200,1429000000,30,false,0.75
"TTF",104933,"/Date(1701661794000)/",4020,400,356100,1429000000,30,false,0.75
"TTF",104917,"/Date(1701661779000)/",4010,200,355700,1427000000,20,true,0.5
"TTF",104911,"/Date(1701661773000)/",4010,100,355500,1426000000,20,true,0.5
"TTF",104833,"/Date(1701661735000)/",4010,900,355400,1426000000,20,true,0.5
"TTF",104833,"/Date(1701661735000)/",4010,500,354500,1422000000,20,true,0.5
"TTF",104833,"/Date(1701661735000)/",4010,100,354000,1420000000,20,true,0.5
"TTF",104833,"/Date(1701661735000)/",4010,500,353900,1420000000,20,true,0.5
"TTF",104826,"/Date(1701661728000)/",4020,400,353400,1418000000,30,false,0.75
"TTF",104817,"/Date(1701661720000)/",4010,700,353000,1416000000,20,true,0.5
"TTF",104817,"/Date(1701661720000)/",4010,1000,352300,1414000000,20,true,0.5
"TTF",104817,"/Date(1701661720000)/",4010,300,351300,1410000000,20,true,0.5
"TTF",104729,"/Date(1701661671000)/",4010,700,351000,1408000000,20,true,0.5
"TTF",104729,"/Date(1701661671000)/",4010,300,350300,1406000000,20,true,0.5
"TTF",104729,"/Date(1701661671000)/",4010,1000,350000,1404000000,20,true,0.5
"TTF",104720,"/Date(1701661660000)/",4020,400,349000,1400000000,30,false,0.75
"TTF",104716,"/Date(1701661657000)/",4010,100,348600,1399000000,20,false,0.5
"TTF",104716,"/Date(1701661657000)/",4010,2000,348500,1398000000,20,false,0.5
"TTF",104716,"/Date(1701661657000)/",4010,500,346500,1390000000,20,false,0.5
"TTF",104716,"/Date(1701661657000)/",4010,300,346000,1388000000,20,false,0.5
"TTF",104716,"/Date(1701661657000)/",4010,1000,345700,1387000000,20,false,0.5
"TTF",104716,"/Date(1701661657000)/",4010,500,344700,1383000000,20,false,0.5
"TTF",104716,"/Date(1701661657000)/",4010,200,344200,1381000000,20,false,0.5
"TTF",104716,"/Date(1701661657000)/",4010,4400,344000,1380000000,20,false,0.5
"TTF",104713,"/Date(1701661655000)/",4010,14600,339600,1363000000,20,false,0.5
"TTF",104700,"/Date(1701661641000)/",4000,100,325000,1304000000,10,true,0.25
"TTF",104700,"/Date(1701661641000)/",4000,300,324900,1304000000,10,true,0.25
"TTF",104700,"/Date(1701661641000)/",4000,1600,324600,1303000000,10,true,0.25
"TTF",104700,"/Date(1701661640000)/",4010,5000,323000,1296000000,20,false,0.5
"TTF",104651,"/Date(1701661632000)/",4010,5000,318000,1276000000,20,false,0.5
"TTF",104622,"/Date(1701661602000)/",4010,2000,313000,1256000000,20,false,0.5
"TTF",104613,"/Date(1701661593000)/",4010,400,311000,1248000000,20,false,0.5
"TTF",104600,"/Date(1701661582000)/",4010,500,310600,1246000000,20,false,0.5
"TTF",104506,"/Date(1701661526000)/",4010,400,310100,1244000000,20,false,0.5
"TTF",104437,"/Date(1701661499000)/",4000,3000,309700,1243000000,10,true,0.25
"TTF",104359,"/Date(1701661459000)/",4010,400,306700,1231000000,20,false,0.5
"TTF",104349,"/Date(1701661451000)/",4000,400,306300,1229000000,10,true,0.25
"TTF",104252,"/Date(1701661392000)/",4010,400,305900,1228000000,20,false,0.5
"TTF",104217,"/Date(1701661357000)/",4000,1400,305500,1226000000,10,true,0.25
"TTF",104217,"/Date(1701661357000)/",4000,800,304100,1220000000,10,true,0.25
"TTF",104217,"/Date(1701661357000)/",4000,800,303300,1217000000,10,true,0.25
"TTF",104145,"/Date(1701661325000)/",4010,400,302500,1214000000,20,false,0.5
"TTF",104129,"/Date(1701661311000)/",4010,200,302100,1212000000,20,false,0.5
"TTF",104119,"/Date(1701661300000)/",4010,200,301900,1212000000,20,false,0.5
"TTF",104054,"/Date(1701661274000)/",4010,3000,301700,1211000000,20,false,0.5
"TTF",104038,"/Date(1701661258000)/",4010,400,298700,1199000000,20,false,0.5
"TTF",104013,"/Date(1701661232000)/",4010,500,298300,1197000000,20,false,0.5
"TTF",103957,"/Date(1701661216000)/",4010,2000,297800,1195000000,20,false,0.5
"TTF",103944,"/Date(1701661206000)/",4010,3000,295800,1187000000,20,false,0.5
"TTF",103931,"/Date(1701661191000)/",4010,400,292800,1175000000,20,false,0.5
"TTF",103909,"/Date(1701661169000)/",4000,200,292400,1174000000,10,true,0.25
"TTF",103909,"/Date(1701661169000)/",4000,1100,292200,1173000000,10,true,0.25
"TTF",103831,"/Date(1701661131000)/",4000,1900,291100,1168000000,10,true,0.25
"TTF",103831,"/Date(1701661131000)/",4000,100,289200,1161000000,10,true,0.25
"TTF",103824,"/Date(1701661124000)/",4010,400,289100,1160000000,20,false,0.5
"TTF",103743,"/Date(1701661082000)/",4000,1900,288700,1159000000,10,true,0.25
"TTF",103743,"/Date(1701661082000)/",4000,4000,286800,1151000000,10,true,0.25
"TTF",103743,"/Date(1701661082000)/",4000,500,282800,1135000000,10,true,0.25
"TTF",103743,"/Date(1701661082000)/",4000,300,282300,1133000000,10,true,0.25
"TTF",103743,"/Date(1701661082000)/",4000,500,282000,1132000000,10,true,0.25
"TTF",103743,"/Date(1701661082000)/",4000,200,281500,1130000000,10,true,0.25
"TTF",103743,"/Date(1701661082000)/",4000,400,281300,1129000000,10,true,0.25
"TTF",103743,"/Date(1701661082000)/",4000,700,280900,1128000000,10,true,0.25
"TTF",103718,"/Date(1701661057000)/",4010,400,280200,1125000000,20,false,0.5
"TTF",103636,"/Date(1701661015000)/",4010,100,279800,1123000000,20,false,0.5
"TTF",103611,"/Date(1701660990000)/",4010,3500,279700,1123000000,20,false,0.5
"TTF",103611,"/Date(1701660990000)/",4010,400,276200,1109000000,20,false,0.5
"TTF",103611,"/Date(1701660990000)/",4010,5000,275800,1107000000,20,false,0.5
"TTF",103504,"/Date(1701660923000)/",4010,400,270800,1087000000,20,false,0.5
"TTF",103445,"/Date(1701660903000)/",4000,1300,270400,1085000000,10,true,0.25
"TTF",103445,"/Date(1701660903000)/",4000,100,269100,1080000000,10,true,0.25
"TTF",103445,"/Date(1701660903000)/",4000,700,269000,1080000000,10,true,0.25
"TTF",103357,"/Date(1701660856000)/",4010,400,268300,1077000000,20,false,0.5
"TTF",103335,"/Date(1701660834000)/",4000,400,267900,1075000000,10,true,0.25
"TTF",103303,"/Date(1701660802000)/",4010,500,267500,1074000000,20,false,0.5
"TTF",103250,"/Date(1701660789000)/",4010,400,267000,1072000000,20,false,0.5
"TTF",103156,"/Date(1701660736000)/",4000,2000,266600,1070000000,10,true,0.25
"TTF",103150,"/Date(1701660731000)/",4010,5000,264600,1062000000,20,false,0.5
"TTF",103144,"/Date(1701660722000)/",4010,400,259600,1042000000,20,false,0.5
"TTF",103049,"/Date(1701660668000)/",4010,200,259200,1041000000,20,false,0.5
"TTF",103049,"/Date(1701660668000)/",4010,200,259000,1040000000,20,false,0.5
"TTF",103037,"/Date(1701660655000)/",4010,400,258800,1039000000,20,false,0.5
"TTF",103030,"/Date(1701660651000)/",4010,500,258400,1037000000,20,false,0.5
"TTF",102949,"/Date(1701660609000)/",4010,5000,257900,1035000000,20,false,0.5
"TTF",102949,"/Date(1701660609000)/",4010,200,252900,1015000000,20,false,0.5
"TTF",102949,"/Date(1701660609000)/",4010,3500,252700,1015000000,20,false,0.5
"TTF",102949,"/Date(1701660609000)/",4010,200,249200,1000000000,20,false,0.5
"TTF",102930,"/Date(1701660588000)/",4020,400,249000,1000000000,30,false,0.75
"TTF",102849,"/Date(1701660547000)/",4020,300,248600,998000000,30,false,0.75
"TTF",102823,"/Date(1701660521000)/",4020,400,248300,997000000,30,false,0.75
"TTF",102717,"/Date(1701660454000)/",4020,400,247900,995000000,30,false,0.75
"TTF",102613,"/Date(1701660391000)/",4010,500,247500,994000000,20,false,0.5
"TTF",102610,"/Date(1701660390000)/",4010,300,247000,992000000,20,true,0.5
"TTF",102607,"/Date(1701660387000)/",4010,100,246700,990000000,20,false,0.5
"TTF",102554,"/Date(1701660372000)/",4010,100,246600,990000000,20,false,0.5
"TTF",102513,"/Date(1701660331000)/",4010,5800,246500,990000000,20,true,0.5
"TTF",102500,"/Date(1701660320000)/",4020,400,240700,966000000,30,false,0.75
"TTF",102400,"/Date(1701660254000)/",4020,400,240300,965000000,30,false,0.75
"TTF",102246,"/Date(1701660186000)/",4020,400,239900,963000000,30,false,0.75
"TTF",102234,"/Date(1701660171000)/",4010,1700,239500,962000000,20,false,0.5
"TTF",102234,"/Date(1701660171000)/",4010,1700,237800,955000000,20,false,0.5
"TTF",102234,"/Date(1701660171000)/",4010,10000,236100,948000000,20,false,0.5
"TTF",102234,"/Date(1701660171000)/",4010,300,226100,908000000,20,false,0.5
"TTF",102234,"/Date(1701660171000)/",4010,500,225800,907000000,20,false,0.5
"TTF",102140,"/Date(1701660119000)/",4010,400,225300,905000000,20,false,0.5
"TTF",102055,"/Date(1701660072000)/",4010,1100,224900,903000000,20,false,0.5
"TTF",102033,"/Date(1701660052000)/",4010,400,223800,899000000,20,false,0.5
"TTF",101926,"/Date(1701659985000)/",4010,400,223400,897000000,20,false,0.5
"TTF",101923,"/Date(1701659982000)/",4010,100,223000,895000000,20,false,0.5
"TTF",101819,"/Date(1701659918000)/",4010,400,222900,895000000,20,false,0.5
"TTF",101712,"/Date(1701659851000)/",4010,400,222500,893000000,20,false,0.5
"TTF",101703,"/Date(1701659840000)/",4000,600,222100,892000000,10,true,0.25
"TTF",101631,"/Date(1701659810000)/",4000,300,221500,889000000,10,true,0.25
"TTF",101631,"/Date(1701659808000)/",4000,1000,221200,888000000,10,true,0.25
"TTF",101631,"/Date(1701659808000)/",4000,1000,220200,884000000,10,true,0.25
"TTF",101631,"/Date(1701659808000)/",4000,1000,219200,880000000,10,true,0.25
"TTF",101631,"/Date(1701659808000)/",4000,500,218200,876000000,10,true,0.25
"TTF",101605,"/Date(1701659784000)/",4010,400,217700,874000000,20,false,0.5
"TTF",101459,"/Date(1701659717000)/",4010,400,217300,873000000,20,false,0.5
"TTF",101352,"/Date(1701659650000)/",4010,400,216900,871000000,20,false,0.5
"TTF",101245,"/Date(1701659583000)/",4010,400,216500,869000000,20,false,0.5
"TTF",101138,"/Date(1701659516000)/",4010,400,216100,868000000,20,false,0.5
"TTF",101032,"/Date(1701659450000)/",4000,1500,215700,866000000,10,true,0.25
"TTF",101032,"/Date(1701659450000)/",4000,1500,214200,860000000,10,true,0.25
"TTF",101032,"/Date(1701659449000)/",4010,400,212700,854000000,20,false,0.5
"TTF",101019,"/Date(1701659438000)/",4000,600,212300,853000000,10,true,0.25
"TTF",101019,"/Date(1701659436000)/",4000,400,211700,850000000,10,true,0.25
"TTF",101019,"/Date(1701659436000)/",4000,600,211300,849000000,10,true,0.25
"TTF",100928,"/Date(1701659387000)/",4010,300,210700,846000000,20,false,0.5
"TTF",100925,"/Date(1701659382000)/",4010,400,210400,845000000,20,false,0.5
"TTF",100818,"/Date(1701659315000)/",4010,400,210000,843000000,20,false,0.5
"TTF",100734,"/Date(1701659270000)/",4000,100,209600,842000000,10,true,0.25
"TTF",100711,"/Date(1701659248000)/",4010,400,209500,841000000,20,false,0.5
"TTF",100705,"/Date(1701659242000)/",4000,1200,209100,840000000,10,true,0.25
"TTF",100640,"/Date(1701659218000)/",4000,100,207900,835000000,10,true,0.25
"TTF",100608,"/Date(1701659186000)/",4000,300,207800,835000000,10,false,0.25
"TTF",100605,"/Date(1701659181000)/",4000,400,207500,833000000,10,false,0.25
"TTF",100520,"/Date(1701659137000)/",4000,5000,207100,832000000,10,false,0.25
"TTF",100514,"/Date(1701659131000)/",3990,1000,202100,812000000,0,true,0
"TTF",100458,"/Date(1701659114000)/",4000,400,201100,808000000,10,false,0.25
"TTF",100455,"/Date(1701659113000)/",4000,2800,200700,806000000,10,false,0.25
"TTF",100455,"/Date(1701659113000)/",4000,2000,197900,795000000,10,false,0.25
"TTF",100455,"/Date(1701659113000)/",4000,200,195900,787000000,10,false,0.25
"TTF",100351,"/Date(1701659048000)/",4000,200,195700,786000000,10,false,0.25
"TTF",100351,"/Date(1701659047000)/",4000,400,195500,785000000,10,false,0.25
"TTF",100348,"/Date(1701659045000)/",4000,1000,195100,784000000,10,false,0.25
"TTF",100348,"/Date(1701659045000)/",4000,500,194100,780000000,10,false,0.25
"TTF",100348,"/Date(1701659045000)/",4000,1000,193600,778000000,10,false,0.25
"TTF",100348,"/Date(1701659045000)/",4000,1200,192600,774000000,10,false,0.25
"TTF",100332,"/Date(1701659030000)/",4000,3800,191400,769000000,10,true,0.25
"TTF",100332,"/Date(1701659030000)/",4000,200,187600,754000000,10,true,0.25
"TTF",100332,"/Date(1701659030000)/",4000,600,187400,753000000,10,true,0.25
"TTF",100332,"/Date(1701659030000)/",4000,100,186800,751000000,10,true,0.25
"TTF",100332,"/Date(1701659030000)/",4000,5000,186700,750000000,10,true,0.25
"TTF",100332,"/Date(1701659030000)/",4000,300,181700,730000000,10,true,0.25
"TTF",100241,"/Date(1701658980000)/",4010,400,181400,729000000,20,false,0.5
"TTF",100235,"/Date(1701658971000)/",4010,200,181000,727000000,20,true,0.5
"TTF",100235,"/Date(1701658971000)/",4010,200,180800,727000000,20,true,0.5
"TTF",100235,"/Date(1701658971000)/",4010,100,180600,726000000,20,true,0.5
"TTF",100009,"/Date(1701658827000)/",4010,200,180500,725000000,20,true,0.5
"TTF",95947,"/Date(1701658803000)/",4020,400,180300,725000000,30,false,0.75
"TTF",95944,"/Date(1701658800000)/",4020,500,179900,723000000,30,false,0.75
"TTF",95843,"/Date(1701658740000)/",4020,200,179400,721000000,30,true,0.75
"TTF",95718,"/Date(1701658653000)/",4030,3000,179200,720000000,40,false,1
"TTF",95718,"/Date(1701658653000)/",4020,500,176200,708000000,30,false,0.75
"TTF",95420,"/Date(1701658475000)/",4020,500,175700,706000000,30,true,0.75
"TTF",95338,"/Date(1701658435000)/",4020,200,175200,704000000,30,false,0.75
"TTF",95338,"/Date(1701658435000)/",4020,300,175000,703000000,30,false,0.75
"TTF",95303,"/Date(1701658400000)/",4020,1800,174700,702000000,30,false,0.75
"TTF",95303,"/Date(1701658400000)/",4020,200,172900,695000000,30,false,0.75
"TTF",95254,"/Date(1701658390000)/",4020,100,172700,694000000,30,false,0.75
"TTF",95248,"/Date(1701658384000)/",4020,100,172600,694000000,30,false,0.75
"TTF",95044,"/Date(1701658261000)/",4020,200,172500,693000000,30,false,0.75
"TTF",94759,"/Date(1701658093000)/",4030,200,172300,692000000,40,false,1
"TTF",94532,"/Date(1701657947000)/",4030,600,172100,692000000,40,true,1
"TTF",94513,"/Date(1701657930000)/",4030,5300,171500,689000000,40,true,1
"TTF",94458,"/Date(1701657913000)/",4030,100,166200,668000000,40,true,1
"TTF",94458,"/Date(1701657913000)/",4030,100,166100,667000000,40,true,1
"TTF",94458,"/Date(1701657913000)/",4030,400,166000,667000000,40,true,1
"TTF",94458,"/Date(1701657913000)/",4030,400,165600,665000000,40,true,1
"TTF",94257,"/Date(1701657793000)/",4030,3000,165200,664000000,40,true,1
"TTF",94200,"/Date(1701657736000)/",4030,300,162200,652000000,40,false,1
"TTF",94200,"/Date(1701657736000)/",4030,3000,161900,650000000,40,false,1
"TTF",94200,"/Date(1701657736000)/",4030,9000,158900,638000000,40,false,1
"TTF",94122,"/Date(1701657697000)/",4030,1000,149900,602000000,40,false,1
"TTF",94044,"/Date(1701657660000)/",4020,400,148900,598000000,30,false,0.75
"TTF",94044,"/Date(1701657660000)/",4020,200,148500,596000000,30,false,0.75
"TTF",93950,"/Date(1701657606000)/",4020,2000,148300,596000000,30,false,0.75
"TTF",93937,"/Date(1701657591000)/",4010,7400,146300,588000000,20,false,0.5
"TTF",93921,"/Date(1701657576000)/",4010,1000,138900,558000000,20,false,0.5
"TTF",93906,"/Date(1701657562000)/",4010,1100,137900,554000000,20,false,0.5
"TTF",93902,"/Date(1701657557000)/",4010,600,136800,549000000,20,false,0.5
"TTF",93824,"/Date(1701657519000)/",4010,1900,136200,547000000,20,false,0.5
"TTF",93743,"/Date(1701657477000)/",4010,3000,134300,539000000,20,false,0.5
"TTF",93602,"/Date(1701657377000)/",4000,1200,131300,527000000,10,true,0.25
"TTF",93602,"/Date(1701657377000)/",4000,300,130100,523000000,10,true,0.25
"TTF",93301,"/Date(1701657196000)/",4000,7500,129800,521000000,10,true,0.25
"TTF",93129,"/Date(1701657104000)/",4020,900,122300,491000000,30,true,0.75
"TTF",93029,"/Date(1701657042000)/",4020,200,121400,488000000,30,true,0.75
"TTF",92948,"/Date(1701657003000)/",4030,200,121200,487000000,40,false,1
"TTF",92932,"/Date(1701656987000)/",4030,100,121000,486000000,40,false,1
"TTF",92913,"/Date(1701656965000)/",4020,8000,120900,486000000,30,true,0.75
"TTF",92857,"/Date(1701656951000)/",4030,100,112900,454000000,40,false,1
"TTF",92841,"/Date(1701656933000)/",4030,1000,112800,453000000,40,false,1
"TTF",92838,"/Date(1701656932000)/",4030,100,111800,449000000,40,false,1
"TTF",92812,"/Date(1701656906000)/",4030,1000,111700,449000000,40,true,1
"TTF",92728,"/Date(1701656862000)/",4040,400,110700,445000000,50,false,1.25
"TTF",92637,"/Date(1701656811000)/",4040,500,110300,443000000,50,false,1.25
"TTF",92550,"/Date(1701656763000)/",4050,500,109800,441000000,60,false,1.5
"TTF",92349,"/Date(1701656643000)/",4050,8000,109300,439000000,60,false,1.5
"TTF",92155,"/Date(1701656529000)/",4000,200,101300,407000000,10,true,0.25
"TTF",92140,"/Date(1701656513000)/",4050,1000,101100,406000000,60,true,1.5
"TTF",92140,"/Date(1701656513000)/",4050,11700,100100,402000000,60,true,1.5
"TTF",92121,"/Date(1701656493000)/",4050,2000,88400,354000000,60,true,1.5
"TTF",92117,"/Date(1701656492000)/",4050,100,86400,346000000,60,true,1.5
"TTF",92117,"/Date(1701656491000)/",4050,20000,86300,346000000,60,true,1.5
"TTF",92058,"/Date(1701656471000)/",4050,100,66300,265000000,60,true,1.5
"TTF",92002,"/Date(1701656413000)/",4060,1300,66200,265000000,70,false,1.75
"TTF",91920,"/Date(1701656375000)/",4060,400,64900,259000000,70,true,1.75
"TTF",91905,"/Date(1701656356000)/",4060,800,64500,258000000,70,true,1.75
"TTF",91905,"/Date(1701656356000)/",4060,700,63700,254000000,70,true,1.75
"TTF",91749,"/Date(1701656282000)/",4060,300,63000,252000000,70,false,1.75
"TTF",91749,"/Date(1701656282000)/",4060,4700,62700,250000000,70,false,1.75
"TTF",91727,"/Date(1701656261000)/",4060,300,58000,231000000,70,true,1.75
"TTF",91711,"/Date(1701656243000)/",4060,1100,57700,230000000,70,false,1.75
"TTF",91711,"/Date(1701656243000)/",4060,400,56600,226000000,70,false,1.75
"TTF",91711,"/Date(1701656243000)/",4060,200,56200,224000000,70,false,1.75
"TTF",91658,"/Date(1701656233000)/",4050,800,56000,223000000,60,true,1.5
"TTF",91608,"/Date(1701656182000)/",4050,500,55200,220000000,60,false,1.5
"TTF",91608,"/Date(1701656182000)/",4050,3400,54700,218000000,60,false,1.5
"TTF",91608,"/Date(1701656182000)/",4020,5000,51300,204000000,30,false,0.75
"TTF",91608,"/Date(1701656182000)/",4020,6400,46300,184000000,30,false,0.75
"TTF",91546,"/Date(1701656158000)/",3990,100,39900,158000000,0,false,0
"TTF",91452,"/Date(1701656100000)/",3980,39800,39800,158000000,-10,true,-0.25
