"price","change","match_qtty","side","time","total_vol"
25.55,0.15,197000,"","14:45:00",3152200
25.55,0.15,200,"sd","14:29:38",2955200
25.55,0.15,2000,"sd","14:29:29",2955000
25.55,0.15,400,"sd","14:29:23",2953000
25.6,0.2,900,"bu","14:29:14",2952600
25.55,0.15,300,"sd","14:28:54",2951700
25.55,0.15,400,"sd","14:28:52",2951400
25.55,0.15,7500,"bu","14:28:49",2951000
25.55,0.15,2000,"bu","14:28:42",2943500
25.55,0.15,300,"bu","14:28:37",2941500
25.55,0.15,1000,"bu","14:28:36",2941200
25.5,0.1,2600,"sd","14:28:35",2940200
25.55,0.15,800,"bu","14:28:11",2937600
25.55,0.15,2200,"bu","14:28:08",2936800
25.5,0.1,500,"sd","14:27:59",2934600
25.55,0.15,400,"bu","14:27:45",2934100
25.55,0.15,2000,"bu","14:27:33",2933700
25.55,0.15,1700,"bu","14:27:05",2931700
25.55,0.15,1000,"bu","14:27:02",2930000
25.5,0.1,1000,"sd","14:26:38",2929000
25.5,0.1,1900,"sd","14:26:30",2928000
25.55,0.15,400,"bu","14:26:23",2926100
25.55,0.15,1200,"bu","14:25:54",2925700
25.55,0.15,500,"bu","14:25:48",2924500
25.55,0.15,200,"bu","14:25:46",2924000
25.55,0.15,300,"bu","14:25:41",2923800
25.55,0.15,2000,"bu","14:25:37",2923500
25.5,0.1,5000,"sd","14:25:37",2921500
25.55,0.15,1000,"bu","14:25:16",2916500
25.5,0.1,1200,"sd","14:24:39",2915500
25.5,0.1,100,"sd","14:24:38",2914300
25.5,0.1,12200,"bu","14:24:32",2914200
25.5,0.1,9600,"bu","14:24:28",2902000
25.5,0.1,30000,"bu","14:24:19",2892400
25.5,0.1,10000,"bu","14:24:12",2862400
25.45,0.05,5000,"sd","14:24:11",2852400
25.45,0.05,900,"sd","14:24:08",2847400
25.5,0.1,400,"bu","14:24:03",2846500
25.5,0.1,5200,"bu","14:24:01",2846100
25.5,0.1,10000,"bu","14:23:59",2840900
25.45,0.05,2000,"sd","14:23:56",2830900
25.45,0.05,200,"sd","14:23:51",2828900
25.5,0.1,2600,"bu","14:23:38",2828700
25.5,0.1,1300,"bu","14:23:22",2826100
25.5,0.1,800,"bu","14:23:06",2824800
25.5,0.1,2000,"bu","14:23:03",2824000
25.5,0.1,1600,"bu","14:23:01",2822000
25.5,0.1,12000,"bu","14:22:56",2820400
25.45,0.05,10000,"sd","14:22:53",2808400
25.5,0.1,8000,"bu","14:22:33",2798400
25.5,0.1,10000,"bu","14:22:24",2790400
25.5,0.1,200,"bu","14:22:19",2780400
25.5,0.1,1600,"bu","14:21:19",2780200
25.5,0.1,1200,"bu","14:20:33",2778600
25.5,0.1,2200,"bu","14:20:17",2777400
25.5,0.1,1800,"bu","14:20:13",2775200
25.5,0.1,5500,"bu","14:19:21",2773400
25.5,0.1,700,"bu","14:19:05",2767900
25.45,0.05,2600,"sd","14:18:52",2767200
25.5,0.1,200,"bu","14:18:39",2764600
25.5,0.1,200,"bu","14:18:28",2764400
25.5,0.1,500,"bu","14:18:21",2764200
25.5,0.1,1000,"bu","14:18:18",2763700
25.5,0.1,5500,"bu","14:18:16",2762700
25.5,0.1,1500,"bu","14:18:12",2757200
25.5,0.1,15000,"bu","14:18:10",2755700
25.5,0.1,200,"bu","14:18:00",2740700
25.5,0.1,1500,"bu","14:17:38",2740500
25.5,0.1,800,"bu","14:17:34",2739000
25.45,0.05,10900,"sd","14:17:27",2738200
25.5,0.1,8400,"bu","14:17:10",2727300
25.5,0.1,5500,"bu","14:17:07",2718900
25.5,0.1,2500,"bu","14:17:02",2713400
25.5,0.1,2500,"bu","14:17:00",2710900
25.5,0.1,30000,"bu","14:16:52",2708400
25.5,0.1,1500,"bu","14:16:47",2678400
25.5,0.1,10000,"bu","14:16:42",2676900
25.5,0.1,1500,"bu","14:16:24",2666900
25.45,0.05,5400,"bu","14:16:17",2665400
25.45,0.05,900,"bu","14:16:13",2660000
25.45,0.05,10000,"bu","14:16:11",2659100
25.45,0.05,5000,"bu","14:16:08",2649100
25.45,0.05,300,"bu","14:15:53",2644100
25.45,0.05,800,"bu","14:15:48",2643800
25.45,0.05,2200,"bu","14:15:39",2643000
25.45,0.05,1000,"bu","14:15:33",2640800
25.45,0.05,1800,"bu","14:15:28",2639800
25.45,0.05,1000,"bu","14:15:24",2638000
25.45,0.05,100,"bu","14:14:49",2637000
25.45,0.05,2000,"bu","14:14:45",2636900
25.45,0.05,10000,"bu","14:14:08",2634900
25.45,0.05,800,"bu","14:13:55",2624900
25.45,0.05,3000,"bu","14:13:53",2624100
25.45,0.05,1800,"bu","14:13:51",2621100
25.45,0.05,1600,"bu","14:13:49",2619300
25.4,0,400,"sd","14:13:45",2617700
25.45,0.05,1500,"bu","14:13:45",2617300
25.4,0,2100,"bu","14:13:26",2615800
25.4,0,900,"sd","14:13:24",2613700
25.4,0,300,"sd","14:13:06",2612800
25.4,0,8800,"bu","14:12:51",2612500
25.4,0,1600,"bu","14:12:47",2603700
25.4,0,900,"bu","14:12:35",2602100
25.4,0,15000,"bu","14:12:30",2601200
25.35,-0.05,200,"sd","14:12:29",2586200
25.4,0,300,"bu","14:12:26",2586000
25.4,0,700,"bu","14:12:23",2585700
25.35,-0.05,100,"sd","14:12:19",2585000
25.35,-0.05,6300,"bu","14:12:18",2584900
25.35,-0.05,300,"bu","14:12:17",2578600
25.35,-0.05,50000,"bu","14:12:10",2578300
25.35,-0.05,1200,"bu","14:12:08",2528300
25.35,-0.05,9000,"bu","14:12:04",2527100
25.35,-0.05,1000,"bu","14:12:03",2518100
25.35,-0.05,1700,"bu","14:11:59",2517100
25.35,-0.05,18000,"bu","14:11:54",2515400
25.35,-0.05,12500,"sd","14:11:44",2497400
25.4,0,2000,"bu","14:11:15",2484900
25.4,0,100,"bu","14:11:04",2482900
25.4,0,1100,"bu","14:11:02",2482800
25.4,0,300,"bu","14:10:59",2481700
25.4,0,1800,"bu","14:10:33",2481400
25.4,0,3500,"bu","14:09:57",2479600
25.4,0,1500,"bu","14:09:51",2476100
25.4,0,1400,"bu","14:09:18",2474600
25.35,-0.05,500,"sd","14:09:16",2473200
25.4,0,20000,"bu","14:09:16",2472700
25.4,0,2400,"bu","14:09:10",2452700
25.4,0,1000,"bu","14:09:02",2450300
25.4,0,2000,"bu","14:08:58",2449300
25.4,0,30000,"bu","14:08:56",2447300
25.3,-0.1,19900,"sd","14:08:53",2417300
25.35,-0.05,20100,"sd","14:08:53",2397400
25.4,0,2000,"bu","14:08:51",2377300
25.4,0,10000,"bu","14:08:29",2375300
25.35,-0.05,15600,"bu","14:08:24",2365300
25.35,-0.05,10000,"bu","14:08:17",2349700
25.35,-0.05,5800,"bu","14:08:12",2339700
25.35,-0.05,1200,"bu","14:08:08",2333900
25.3,-0.1,8500,"bu","14:08:03",2332700
25.3,-0.1,4500,"bu","14:07:56",2324200
25.3,-0.1,200,"bu","14:07:53",2319700
25.3,-0.1,100,"bu","14:07:40",2319500
25.3,-0.1,1000,"bu","14:07:27",2319400
25.3,-0.1,100,"bu","14:07:20",2318400
25.25,-0.15,3200,"sd","14:07:16",2318300
25.3,-0.1,1000,"bu","14:07:16",2315100
25.3,-0.1,400,"bu","14:07:11",2314100
25.3,-0.1,1300,"bu","14:07:05",2313700
25.3,-0.1,5000,"bu","14:06:59",2312400
25.3,-0.1,7000,"bu","14:06:48",2307400
25.25,-0.15,6600,"bu","14:06:31",2300400
25.2,-0.2,1200,"sd","14:06:30",2293800
25.25,-0.15,800,"bu","14:06:28",2292600
25.25,-0.15,15000,"bu","14:06:11",2291800
25.25,-0.15,800,"bu","14:06:04",2276800
25.25,-0.15,500,"bu","14:06:02",2276000
25.25,-0.15,3000,"bu","14:06:01",2275500
25.25,-0.15,300,"bu","14:05:59",2272500
25.25,-0.15,100,"bu","14:05:58",2272200
25.25,-0.15,11000,"bu","14:05:55",2272100
25.25,-0.15,500,"bu","14:05:50",2261100
25.25,-0.15,100,"bu","14:05:39",2260600
25.25,-0.15,5000,"bu","14:05:32",2260500
25.25,-0.15,200,"bu","14:05:28",2255500
25.25,-0.15,100,"bu","14:05:26",2255300
25.25,-0.15,200,"bu","14:05:22",2255200
25.2,-0.2,1200,"sd","14:05:21",2255000
25.25,-0.15,14000,"bu","14:05:21",2253800
25.25,-0.15,1500,"bu","14:05:19",2239800
25.25,-0.15,5000,"bu","14:05:13",2238300
25.2,-0.2,3800,"bu","14:04:58",2233300
25.15,-0.25,20000,"sd","14:04:53",2229500
25.2,-0.2,5200,"bu","14:04:49",2209500
25.2,-0.2,100,"bu","14:04:47",2204300
25.2,-0.2,500,"bu","14:04:46",2204200
25.2,-0.2,700,"bu","14:04:42",2203700
25.2,-0.2,10000,"bu","14:04:40",2203000
25.2,-0.2,500,"bu","14:04:38",2193000
25.2,-0.2,100,"bu","14:04:35",2192500
25.2,-0.2,2000,"bu","14:04:29",2192400
25.2,-0.2,11000,"bu","14:04:27",2190400
25.15,-0.25,9000,"bu","14:04:27",2179400
25.15,-0.25,1000,"bu","14:04:26",2170400
25.15,-0.25,200,"bu","14:04:25",2169400
25.15,-0.25,3000,"bu","14:04:23",2169200
25.15,-0.25,400,"bu","14:04:18",2166200
25.15,-0.25,100,"bu","14:04:13",2165800
25.15,-0.25,100,"bu","14:04:07",2165700
25.15,-0.25,5000,"bu","14:03:57",2165600
25.15,-0.25,1000,"bu","14:03:51",2160600
25.15,-0.25,300,"bu","14:03:50",2159600
25.15,-0.25,600,"bu","14:03:45",2159300
25.15,-0.25,6500,"bu","14:03:37",2158700
25.1,-0.3,500,"sd","14:03:30",2152200
25.15,-0.25,200,"bu","14:03:28",2151700
25.15,-0.25,500,"bu","14:03:10",2151500
25.15,-0.25,2100,"sd","14:03:03",2151000
25.2,-0.2,1000,"bu","14:02:54",2148900
25.15,-0.25,9200,"bu","14:02:41",2147900
25.15,-0.25,200,"bu","14:02:40",2138700
25.15,-0.25,1000,"bu","14:02:35",2138500
25.15,-0.25,300,"bu","14:02:29",2137500
25.15,-0.25,500,"bu","14:02:23",2137200
25.15,-0.25,1000,"bu","14:02:22",2136700
25.15,-0.25,2000,"bu","14:02:13",2135700
25.1,-0.3,3200,"bu","14:01:52",2133700
25.1,-0.3,2000,"bu","14:01:47",2130500
25.1,-0.3,400,"bu","14:01:44",2128500
25.05,-0.35,10000,"sd","14:01:38",2128100
25.1,-0.3,1500,"bu","14:01:35",2118100
25.1,-0.3,2000,"bu","14:01:32",2116600
25.1,-0.3,1000,"bu","14:01:26",2114600
25.05,-0.35,1500,"bu","14:01:01",2113600
25.05,-0.35,1100,"bu","14:01:00",2112100
25.05,-0.35,1500,"bu","14:00:57",2111000
25.05,-0.35,400,"bu","14:00:47",2109500
25.05,-0.35,100,"bu","14:00:46",2109100
25.05,-0.35,600,"bu","14:00:40",2109000
25,-0.4,500,"sd","14:00:40",2108400
25.05,-0.35,500,"bu","14:00:32",2107900
25.15,-0.25,500,"bu","14:00:21",2107400
25,-0.4,33200,"sd","14:00:17",2106900
25.05,-0.35,2500,"sd","14:00:17",2073700
25.1,-0.3,14300,"sd","14:00:17",2071200
25.15,-0.25,2300,"sd","14:00:10",2056900
25.2,-0.2,3000,"sd","14:00:10",2054600
25.2,-0.2,12000,"sd","14:00:01",2051600
25.2,-0.2,200,"sd","13:59:54",2039600
25.25,-0.15,13300,"sd","13:59:53",2039400
25.3,-0.1,9900,"sd","13:59:45",2026100
25.3,-0.1,2300,"sd","13:59:35",2016200
25.35,-0.05,3400,"sd","13:58:40",2013900
25.4,0,100,"bu","13:58:27",2010500
25.4,0,1500,"bu","13:58:27",2010400
25.4,0,1000,"bu","13:57:51",2008900
25.4,0,1000,"bu","13:57:35",2007900
25.4,0,2000,"bu","13:57:07",2006900
25.4,0,2000,"bu","13:56:56",2004900
25.4,0,1600,"bu","13:56:36",2002900
25.4,0,900,"bu","13:55:50",2001300
25.35,-0.05,800,"sd","13:55:44",2000400
25.4,0,35400,"sd","13:52:35",1999600
25.4,0,3000,"sd","13:52:23",1964200
25.4,0,800,"sd","13:52:22",1961200
25.4,0,3200,"sd","13:52:14",1960400
25.4,0,300,"sd","13:52:09",1957200
25.4,0,5000,"sd","13:52:09",1956900
25.4,0,6500,"sd","13:51:59",1951900
25.4,0,400,"sd","13:51:34",1945400
25.45,0.05,10800,"sd","13:51:30",1945000
25.45,0.05,13000,"sd","13:51:24",1934200
25.45,0.05,7000,"sd","13:51:19",1921200
25.5,0.1,4700,"bu","13:51:07",1914200
25.5,0.1,10000,"bu","13:51:02",1909500
25.5,0.1,1600,"bu","13:50:43",1899500
25.5,0.1,100,"bu","13:50:38",1897900
25.5,0.1,8600,"sd","13:50:26",1897800
25.5,0.1,10000,"sd","13:50:14",1889200
25.55,0.15,1500,"bu","13:49:34",1879200
25.5,0.1,15000,"sd","13:49:29",1877700
25.55,0.15,1600,"bu","13:48:48",1862700
25.5,0.1,100,"sd","13:48:38",1861100
25.55,0.15,5700,"sd","13:48:34",1861000
25.55,0.15,2400,"sd","13:48:24",1855300
25.55,0.15,2100,"sd","13:48:04",1852900
25.55,0.15,300,"sd","13:47:50",1850800
25.6,0.2,1500,"bu","13:47:48",1850500
25.55,0.15,500,"sd","13:47:41",1849000
25.6,0.2,4600,"bu","13:46:52",1848500
25.6,0.2,5000,"bu","13:46:11",1843900
25.55,0.15,6800,"bu","13:45:24",1838900
25.55,0.15,10000,"bu","13:45:22",1832100
25.55,0.15,2000,"bu","13:45:21",1822100
25.55,0.15,5500,"sd","13:45:16",1820100
25.55,0.15,14500,"bu","13:45:01",1814600
25.55,0.15,5200,"bu","13:44:57",1800100
25.5,0.1,2400,"sd","13:43:50",1794900
25.55,0.15,900,"bu","13:42:29",1792500
25.5,0.1,5000,"sd","13:41:59",1791600
25.55,0.15,1700,"bu","13:41:25",1786600
25.5,0.1,500,"sd","13:41:06",1784900
25.5,0.1,200,"sd","13:40:57",1784400
25.5,0.1,500,"sd","13:40:54",1784200
25.5,0.1,2000,"sd","13:39:55",1783700
25.55,0.15,1400,"bu","13:39:32",1781700
25.55,0.15,2300,"bu","13:38:36",1780300
25.5,0.1,3000,"sd","13:38:29",1778000
25.5,0.1,2000,"sd","13:37:36",1775000
25.5,0.1,400,"sd","13:37:16",1773000
25.55,0.15,1600,"bu","13:37:04",1772600
25.55,0.15,600,"bu","13:36:58",1771000
25.55,0.15,400,"bu","13:36:39",1770400
25.5,0.1,1000,"sd","13:36:19",1770000
25.55,0.15,200,"bu","13:36:05",1769000
25.5,0.1,2000,"sd","13:35:58",1768800
25.5,0.1,900,"sd","13:35:50",1766800
25.5,0.1,1000,"sd","13:35:29",1765900
25.5,0.1,500,"sd","13:35:03",1764900
25.5,0.1,1000,"sd","13:34:12",1764400
25.5,0.1,1000,"sd","13:33:43",1763400
25.5,0.1,900,"sd","13:33:39",1762400
25.5,0.1,5000,"sd","13:33:19",1761500
25.5,0.1,2000,"sd","13:33:14",1756500
25.55,0.15,5200,"bu","13:33:08",1754500
25.5,0.1,2900,"sd","13:32:41",1749300
25.5,0.1,1200,"sd","13:32:28",1746400
25.55,0.15,5000,"bu","13:32:06",1745200
25.55,0.15,2100,"bu","13:31:46",1740200
25.55,0.15,1600,"bu","13:31:33",1738100
25.5,0.1,4500,"sd","13:31:28",1736500
25.5,0.1,2000,"sd","13:31:19",1732000
25.5,0.1,1500,"sd","13:31:05",1730000
25.55,0.15,2200,"bu","13:31:03",1728500
25.5,0.1,900,"sd","13:30:37",1726300
25.5,0.1,1200,"sd","13:30:11",1725400
25.5,0.1,2300,"sd","13:30:05",1724200
25.55,0.15,1000,"bu","13:29:52",1721900
25.5,0.1,200,"sd","13:29:50",1720900
25.5,0.1,10800,"bu","13:29:42",1720700
25.5,0.1,7900,"bu","13:29:33",1709900
25.5,0.1,100,"bu","13:29:18",1702000
25.5,0.1,7500,"bu","13:29:02",1701900
25.5,0.1,200,"bu","13:28:57",1694400
25.5,0.1,100,"bu","13:28:46",1694200
25.5,0.1,4400,"bu","13:28:30",1694100
25.5,0.1,5300,"bu","13:28:20",1689700
25.5,0.1,10000,"bu","13:28:17",1684400
25.5,0.1,1700,"sd","13:28:10",1674400
25.5,0.1,8300,"bu","13:27:58",1672700
25.5,0.1,5000,"bu","13:27:53",1664400
25.5,0.1,300,"bu","13:27:46",1659400
25.5,0.1,2900,"bu","13:27:30",1659100
25.5,0.1,1600,"bu","13:27:25",1656200
25.5,0.1,800,"bu","13:27:16",1654600
25.45,0.05,1000,"sd","13:26:49",1653800
25.45,0.05,15000,"sd","13:26:45",1652800
25.5,0.1,2100,"bu","13:26:24",1637800
25.5,0.1,1800,"bu","13:25:53",1635700
25.5,0.1,1300,"bu","13:25:29",1633900
25.45,0.05,2000,"sd","13:23:37",1632600
25.5,0.1,200,"bu","13:23:30",1630600
25.5,0.1,2500,"bu","13:23:27",1630400
25.5,0.1,1000,"bu","13:23:24",1627900
25.45,0.05,100,"sd","13:22:31",1626900
25.45,0.05,900,"sd","13:22:27",1626800
25.5,0.1,1000,"bu","13:21:51",1625900
25.5,0.1,1200,"bu","13:21:39",1624900
25.5,0.1,2500,"bu","13:21:21",1623700
25.5,0.1,1200,"bu","13:20:43",1621200
25.5,0.1,2200,"bu","13:20:38",1620000
25.45,0.05,400,"sd","13:20:25",1617800
25.45,0.05,800,"sd","13:20:08",1617400
25.5,0.1,2100,"bu","13:20:02",1616600
25.5,0.1,1600,"bu","13:19:57",1614500
25.5,0.1,1200,"bu","13:19:53",1612900
25.45,0.05,2900,"sd","13:19:47",1611700
25.45,0.05,4000,"sd","13:19:41",1608800
25.45,0.05,2200,"sd","13:19:40",1604800
25.45,0.05,1200,"sd","13:18:41",1602600
25.5,0.1,1200,"bu","13:18:20",1601400
25.5,0.1,900,"bu","13:17:49",1600200
25.5,0.1,800,"bu","13:17:02",1599300
25.45,0.05,300,"sd","13:16:50",1598500
25.45,0.05,5000,"sd","13:16:01",1598200
25.45,0.05,500,"sd","13:15:48",1593200
25.45,0.05,500,"sd","13:15:19",1592700
25.45,0.05,1200,"sd","13:15:14",1592200
25.45,0.05,6700,"bu","13:14:50",1591000
25.45,0.05,1600,"bu","13:14:47",1584300
25.45,0.05,200,"bu","13:14:36",1582700
25.45,0.05,700,"bu","13:14:03",1582500
25.45,0.05,600,"bu","13:13:47",1581800
25.45,0.05,5200,"bu","13:13:17",1581200
25.45,0.05,800,"bu","13:12:24",1576000
25.45,0.05,1700,"bu","13:11:57",1575200
25.45,0.05,2000,"bu","13:10:30",1573500
25.45,0.05,1200,"bu","13:10:27",1571500
25.45,0.05,6400,"sd","13:09:57",1570300
25.45,0.05,2300,"sd","13:09:43",1563900
25.5,0.1,1300,"bu","13:08:29",1561600
25.5,0.1,1100,"bu","13:08:15",1560300
25.5,0.1,900,"bu","13:07:58",1559200
25.45,0.05,1200,"sd","13:07:54",1558300
25.5,0.1,1000,"bu","13:07:02",1557100
25.45,0.05,600,"bu","13:06:48",1556100
25.45,0.05,8000,"bu","13:06:35",1555500
25.45,0.05,1500,"bu","13:06:04",1547500
25.45,0.05,10000,"bu","13:05:46",1546000
25.45,0.05,1300,"bu","13:05:31",1536000
25.4,0,2800,"sd","13:05:14",1534700
25.4,0,7200,"sd","13:05:14",1531900
25.45,0.05,5300,"sd","13:04:46",1524700
25.5,0.1,1400,"bu","13:04:09",1519400
25.45,0.05,200,"sd","13:03:04",1518000
25.45,0.05,2300,"sd","13:02:55",1517800
25.45,0.05,2300,"sd","13:02:42",1515500
25.5,0.1,2100,"bu","13:01:51",1513200
25.5,0.1,1600,"bu","13:01:19",1511100
25.45,0.05,800,"sd","13:01:03",1509500
25.5,0.1,1100,"bu","13:00:50",1508700
25.45,0.05,600,"sd","13:00:31",1507600
25.45,0.05,1200,"sd","13:00:22",1507000
25.45,0.05,100,"sd","13:00:00",1505800
25.5,0.1,100,"bu","11:29:54",1505700
25.5,0.1,2100,"bu","11:28:15",1505600
25.5,0.1,1200,"bu","11:28:04",1503500
25.5,0.1,100,"bu","11:27:47",1502300
25.5,0.1,3200,"bu","11:25:59",1502200
25.5,0.1,5000,"bu","11:25:24",1499000
25.5,0.1,1500,"bu","11:25:19",1494000
25.5,0.1,100,"sd","11:24:51",1492500
25.5,0.1,4800,"sd","11:24:51",1492400
25.5,0.1,9900,"sd","11:24:42",1487600
25.55,0.15,2100,"bu","11:24:35",1477700
25.5,0.1,10000,"sd","11:24:32",1475600
25.5,0.1,2300,"sd","11:24:27",1465600
25.5,0.1,500,"sd","11:23:48",1463300
25.55,0.15,500,"bu","11:23:12",1462800
25.5,0.1,200,"sd","11:23:04",1462300
25.55,0.15,200,"bu","11:22:44",1462100
25.55,0.15,1500,"bu","11:22:40",1461900
25.55,0.15,10000,"bu","11:22:36",1460400
25.55,0.15,1500,"bu","11:22:26",1450400
25.55,0.15,1200,"bu","11:22:21",1448900
25.55,0.15,3200,"bu","11:22:17",1447700
25.55,0.15,2100,"bu","11:22:11",1444500
25.55,0.15,5000,"bu","11:22:07",1442400
25.55,0.15,4100,"bu","11:22:04",1437400
25.55,0.15,2000,"bu","11:22:00",1433300
25.55,0.15,1500,"bu","11:21:49",1431300
25.5,0.1,2100,"sd","11:21:20",1429800
25.55,0.15,1400,"bu","11:20:11",1427700
25.55,0.15,2500,"bu","11:20:07",1426300
25.55,0.15,1200,"bu","11:20:03",1423800
25.55,0.15,1200,"bu","11:19:50",1422600
25.55,0.15,1200,"bu","11:19:27",1421400
25.55,0.15,2000,"bu","11:19:23",1420200
25.55,0.15,10000,"bu","11:18:48",1418200
25.5,0.1,3200,"sd","11:18:33",1408200
25.55,0.15,1000,"bu","11:18:20",1405000
25.55,0.15,1500,"bu","11:18:15",1404000
25.55,0.15,5000,"bu","11:18:12",1402500
25.55,0.15,2100,"bu","11:18:05",1397500
25.55,0.15,1500,"bu","11:18:01",1395400
25.55,0.15,500,"bu","11:17:57",1393900
25.55,0.15,200,"bu","11:17:52",1393400
25.55,0.15,7900,"sd","11:17:26",1393200
25.55,0.15,2100,"bu","11:17:23",1385300
25.55,0.15,5000,"bu","11:17:16",1383200
25.55,0.15,1500,"bu","11:17:11",1378200
25.55,0.15,200,"bu","11:17:06",1376700
25.55,0.15,500,"bu","11:17:04",1376500
25.55,0.15,1500,"bu","11:17:01",1376000
25.55,0.15,2200,"bu","11:16:54",1374500
25.55,0.15,4000,"bu","11:16:45",1372300
25.55,0.15,2100,"bu","11:16:40",1368300
25.5,0.1,3200,"sd","11:16:35",1366200
25.55,0.15,1500,"bu","11:16:31",1358000
25.55,0.15,500,"bu","11:15:49",1356500
25.5,0.1,2100,"sd","11:15:47",1356000
25.55,0.15,1500,"bu","11:15:46",1353900
25.55,0.15,1200,"bu","11:15:41",1352400
25.5,0.1,10000,"sd","11:15:26",1351200
25.5,0.1,1000,"sd","11:14:53",1341200
25.55,0.15,1200,"bu","11:14:52",1340200
25.55,0.15,1000,"bu","11:14:49",1339000
25.55,0.15,800,"bu","11:13:53",1338000
25.5,0.1,500,"sd","11:13:38",1337200
25.55,0.15,1500,"bu","11:13:29",1336700
25.55,0.15,200,"bu","11:13:20",1335200
25.55,0.15,200,"bu","11:13:14",1335000
25.55,0.15,5000,"bu","11:13:00",1334800
25.5,0.1,1200,"sd","11:12:17",1329800
25.55,0.15,1000,"bu","11:12:11",1328600
25.55,0.15,600,"bu","11:11:36",1327600
25.55,0.15,2100,"bu","11:11:18",1327000
25.55,0.15,500,"bu","11:11:13",1324900
25.55,0.15,20000,"bu","11:11:09",1324400
25.5,0.1,1000,"sd","11:11:08",1304400
25.55,0.15,3200,"bu","11:11:05",1303400
25.55,0.15,1400,"bu","11:11:00",1300200
25.55,0.15,20000,"bu","11:10:56",1298800
25.55,0.15,2100,"sd","11:10:49",1278800
25.55,0.15,7900,"bu","11:10:40",1276700
25.5,0.1,2000,"sd","11:10:40",1268800
25.5,0.1,2000,"sd","11:10:25",1266800
25.5,0.1,1200,"sd","11:10:17",1264800
25.55,0.15,1500,"bu","11:09:35",1263600
25.55,0.15,1200,"bu","11:09:26",1262100
25.55,0.15,2800,"bu","11:09:23",1260900
25.55,0.15,400,"bu","11:09:16",1258100
25.55,0.15,3200,"bu","11:09:12",1257700
25.55,0.15,1200,"bu","11:09:07",1254500
25.5,0.1,2200,"sd","11:08:53",1253300
25.55,0.15,10000,"bu","11:08:26",1251100
25.55,0.15,1000,"bu","11:08:19",1241100
25.55,0.15,1100,"bu","11:08:12",1240100
25.55,0.15,500,"bu","11:08:05",1239000
25.55,0.15,2100,"bu","11:07:57",1238500
25.55,0.15,1400,"bu","11:07:44",1236400
25.55,0.15,1100,"bu","11:07:39",1235000
25.55,0.15,15000,"bu","11:07:33",1233900
25.55,0.15,1500,"bu","11:07:05",1218900
25.55,0.15,800,"bu","11:07:00",1217400
25.55,0.15,1400,"bu","11:06:55",1216600
25.55,0.15,300,"bu","11:06:49",1215200
25.55,0.15,5600,"sd","11:06:39",1214900
25.55,0.15,4400,"bu","11:06:38",1209300
25.55,0.15,1400,"bu","11:06:26",1204900
25.55,0.15,500,"bu","11:06:21",1203500
25.55,0.15,10000,"bu","11:06:14",1203000
25.55,0.15,5000,"bu","11:06:02",1193000
25.5,0.1,800,"sd","11:05:17",1188000
25.55,0.15,13500,"bu","11:05:16",1185700
25.55,0.15,5000,"bu","11:05:01",1172200
25.55,0.15,2000,"bu","11:04:52",1167200
25.55,0.15,2500,"bu","11:04:46",1165200
25.5,0.1,1200,"sd","11:04:43",1162700
25.5,0.1,4900,"bu","11:04:37",1161500
25.5,0.1,5100,"sd","11:04:29",1156600
25.5,0.1,14900,"bu","11:04:27",1151500
25.45,0.05,1200,"sd","11:04:16",1136600
25.5,0.1,500,"bu","11:03:50",1135400
25.5,0.1,1500,"bu","11:03:44",1134900
25.5,0.1,2000,"bu","11:02:00",1133400
25.45,0.05,1100,"sd","11:01:35",1131400
25.5,0.1,100,"bu","11:00:34",1130300
25.5,0.1,1000,"bu","11:00:20",1130200
25.5,0.1,500,"bu","10:58:20",1129200
25.5,0.1,2000,"bu","10:58:15",1128700
25.5,0.1,1600,"sd","10:57:28",1126700
25.5,0.1,25000,"sd","10:57:14",1125100
25.5,0.1,1000,"sd","10:57:03",1100100
25.5,0.1,1200,"sd","10:56:58",1099100
25.55,0.15,2000,"bu","10:56:47",1097900
25.55,0.15,1200,"bu","10:56:39",1095900
25.5,0.1,900,"sd","10:56:17",1094700
25.5,0.1,1000,"sd","10:56:03",1093800
25.55,0.15,500,"bu","10:55:21",1092800
25.55,0.15,1100,"bu","10:55:10",1092300
25.5,0.1,1000,"sd","10:54:28",1091200
25.5,0.1,3200,"sd","10:54:13",1090200
25.55,0.15,200,"bu","10:53:54",1087000
25.55,0.15,2200,"sd","10:53:45",1086800
25.55,0.15,7800,"bu","10:53:36",1084600
25.55,0.15,800,"bu","10:52:55",1076800
25.55,0.15,1100,"bu","10:52:49",1076000
25.5,0.1,2100,"sd","10:52:41",1074900
25.55,0.15,2500,"bu","10:52:39",1072800
25.55,0.15,2000,"bu","10:51:51",1070300
25.55,0.15,1500,"bu","10:51:31",1068300
25.55,0.15,12000,"bu","10:51:07",1066800
25.55,0.15,2400,"bu","10:49:57",1054800
25.5,0.1,300,"sd","10:49:57",1052400
25.55,0.15,1000,"bu","10:49:28",1052100
25.55,0.15,1200,"bu","10:48:51",1051100
25.55,0.15,5000,"bu","10:48:42",1049900
25.55,0.15,6100,"sd","10:48:30",1044900
25.55,0.15,15000,"sd","10:48:16",1038800
25.55,0.15,1300,"sd","10:48:04",1023800
25.6,0.2,5000,"bu","10:47:47",1022500
25.6,0.2,1200,"bu","10:46:17",1017500
25.6,0.2,600,"bu","10:45:36",1016300
25.6,0.2,1000,"bu","10:44:53",1015700
25.55,0.15,1800,"sd","10:44:28",1014700
25.6,0.2,500,"bu","10:44:27",1012900
25.55,0.15,5000,"sd","10:44:09",1012400
25.55,0.15,1000,"sd","10:43:16",1007400
25.6,0.2,5000,"bu","10:43:05",1006400
25.55,0.15,100,"sd","10:42:57",1001400
25.55,0.15,4400,"sd","10:42:18",1001300
25.55,0.15,2300,"sd","10:42:13",996900
25.55,0.15,14300,"bu","10:42:05",994600
25.55,0.15,17700,"sd","10:41:56",980300
25.6,0.2,500,"bu","10:41:35",962600
25.6,0.2,1200,"bu","10:41:28",962100
25.55,0.15,900,"sd","10:40:55",960900
25.6,0.2,2000,"bu","10:40:39",960000
25.6,0.2,600,"bu","10:40:35",958000
25.6,0.2,1100,"bu","10:40:27",957400
25.6,0.2,2000,"bu","10:40:14",956300
25.6,0.2,1500,"bu","10:39:41",954300
25.55,0.15,11600,"bu","10:39:31",952800
25.5,0.1,1200,"sd","10:39:19",941200
25.55,0.15,3200,"bu","10:39:14",940000
25.55,0.15,100,"bu","10:39:10",936800
25.55,0.15,1200,"bu","10:39:06",936700
25.55,0.15,500,"bu","10:38:53",935500
25.55,0.15,10000,"bu","10:38:49",935000
25.55,0.15,15000,"bu","10:38:35",925000
25.55,0.15,5100,"sd","10:38:06",910000
25.55,0.15,14900,"bu","10:37:44",904900
25.55,0.15,1500,"bu","10:37:26",890000
25.55,0.15,15600,"sd","10:37:04",888500
25.55,0.15,10000,"sd","10:36:56",872900
25.55,0.15,3200,"sd","10:36:49",862900
25.6,0.2,1500,"bu","10:35:30",859700
25.6,0.2,300,"bu","10:35:23",858200
25.6,0.2,2200,"bu","10:35:11",857900
25.55,0.15,2300,"sd","10:35:10",855700
25.6,0.2,5500,"bu","10:34:33",853400
25.55,0.15,13900,"bu","10:33:57",847900
25.55,0.15,5000,"bu","10:33:48",834000
25.5,0.1,2200,"sd","10:33:33",829000
25.5,0.1,800,"sd","10:33:24",826800
25.5,0.1,2400,"sd","10:33:17",826000
25.55,0.15,10000,"bu","10:32:58",823600
25.55,0.15,1400,"bu","10:32:52",813600
25.55,0.15,1200,"bu","10:32:45",812200
25.55,0.15,30000,"bu","10:32:38",811000
25.55,0.15,2500,"bu","10:32:33",781000
25.55,0.15,10000,"bu","10:32:26",778500
25.55,0.15,1500,"bu","10:32:09",768500
25.55,0.15,25000,"bu","10:32:03",767000
25.55,0.15,7500,"sd","10:31:54",742000
25.6,0.2,1200,"bu","10:31:51",734500
25.55,0.15,7500,"bu","10:31:44",733300
25.55,0.15,5000,"bu","10:31:37",725800
25.55,0.15,2000,"bu","10:31:03",720800
25.55,0.15,3200,"bu","10:30:18",718800
25.55,0.15,1000,"bu","10:29:57",715600
25.55,0.15,1500,"bu","10:29:27",714600
25.55,0.15,1500,"bu","10:27:11",713100
25.55,0.15,500,"bu","10:26:27",711600
25.55,0.15,2500,"bu","10:26:13",711100
25.55,0.15,500,"bu","10:25:12",708600
25.5,0.1,10000,"sd","10:25:08",708100
25.55,0.15,1200,"bu","10:25:06",698100
25.55,0.15,5000,"bu","10:24:04",696900
25.55,0.15,1100,"bu","10:23:42",691900
25.55,0.15,1200,"bu","10:23:34",690800
25.55,0.15,1000,"bu","10:22:52",689600
25.55,0.15,2600,"bu","10:20:47",688600
25.55,0.15,2500,"bu","10:20:32",686000
25.55,0.15,1500,"bu","10:20:25",683500
25.55,0.15,9400,"sd","10:20:15",682000
25.55,0.15,4200,"sd","10:19:41",672600
25.6,0.2,2000,"bu","10:18:57",668400
25.6,0.2,400,"bu","10:18:49",666400
25.6,0.2,1500,"bu","10:18:34",666000
25.55,0.15,1200,"sd","10:17:47",664500
25.6,0.2,100,"bu","10:17:39",663300
25.6,0.2,1500,"bu","10:17:07",663200
25.55,0.15,3000,"sd","10:16:44",661700
25.6,0.2,5000,"bu","10:15:57",658700
25.6,0.2,2200,"bu","10:14:06",653700
25.6,0.2,100,"bu","10:13:39",651500
25.6,0.2,10000,"bu","10:13:34",651400
25.6,0.2,1200,"bu","10:13:02",641400
25.6,0.2,400,"bu","10:12:55",640200
25.6,0.2,1500,"bu","10:12:48",639800
25.6,0.2,2500,"bu","10:12:39",638300
25.6,0.2,1500,"bu","10:12:19",635800
25.6,0.2,10000,"bu","10:12:13",634300
25.55,0.15,1200,"sd","10:12:11",624300
25.6,0.2,1500,"bu","10:12:10",623100
25.6,0.2,10000,"bu","10:11:40",621600
25.6,0.2,1500,"bu","10:11:22",611600
25.6,0.2,8400,"bu","10:11:20",610100
25.6,0.2,10000,"bu","10:11:16",601700
25.6,0.2,3200,"bu","10:11:05",591700
25.6,0.2,2200,"bu","10:10:58",588500
25.6,0.2,10000,"bu","10:10:49",586300
25.6,0.2,1200,"bu","10:10:40",576300
25.6,0.2,100,"bu","10:10:27",575100
25.6,0.2,2000,"bu","10:10:06",575000
25.6,0.2,4600,"bu","10:09:55",573000
25.6,0.2,2200,"bu","10:09:36",568400
25.55,0.15,1300,"sd","10:09:11",566200
25.6,0.2,1500,"bu","10:08:34",564900
25.6,0.2,700,"bu","10:08:32",563400
25.6,0.2,1000,"bu","10:08:22",562700
25.6,0.2,15000,"bu","10:08:20",561700
25.6,0.2,2500,"bu","10:08:11",546700
25.6,0.2,16500,"sd","10:08:06",544200
25.65,0.25,1000,"bu","10:07:50",527700
25.65,0.25,5000,"bu","10:07:46",526700
25.6,0.2,1000,"sd","10:07:45",521700
25.65,0.25,2600,"bu","10:07:38",520700
25.6,0.2,2300,"sd","10:07:24",518100
25.65,0.25,5000,"bu","10:07:17",515800
25.6,0.2,1300,"sd","10:07:09",510800
25.65,0.25,800,"bu","10:06:51",509500
25.65,0.25,1000,"bu","10:06:48",508700
25.65,0.25,5000,"bu","10:06:46",507700
25.65,0.25,10000,"bu","10:06:31",502700
25.6,0.2,40600,"bu","10:06:27",492700
25.6,0.2,1800,"bu","10:06:25",452100
25.55,0.15,1200,"sd","10:06:21",450300
25.6,0.2,1500,"bu","10:06:20",449100
25.6,0.2,500,"bu","10:06:10",447600
25.55,0.15,10000,"sd","10:05:59",447100
25.6,0.2,10000,"bu","10:05:57",437100
25.55,0.15,5000,"sd","10:05:56",427100
25.6,0.2,5000,"bu","10:05:51",422100
25.6,0.2,1500,"bu","10:05:44",417100
25.55,0.15,4000,"sd","10:05:32",415600
25.55,0.15,10000,"sd","10:05:13",411600
25.55,0.15,1200,"sd","10:05:09",401600
25.6,0.2,5000,"bu","10:05:04",400400
25.6,0.2,1200,"bu","10:05:00",395400
25.6,0.2,3000,"bu","10:04:55",394200
25.6,0.2,10000,"bu","10:04:53",391200
25.6,0.2,100,"bu","10:04:45",381200
25.6,0.2,500,"bu","10:04:43",381100
25.6,0.2,500,"bu","10:04:37",380600
25.55,0.15,2100,"sd","10:04:29",380100
25.6,0.2,500,"bu","10:04:25",378000
25.6,0.2,10000,"bu","10:04:17",377500
25.6,0.2,5000,"bu","10:04:00",367500
25.6,0.2,2700,"bu","10:03:49",362500
25.6,0.2,5000,"bu","10:03:04",359800
25.55,0.15,1000,"sd","10:02:59",354800
25.55,0.15,500,"sd","10:02:34",353800
25.55,0.15,3200,"sd","10:01:56",353300
25.6,0.2,2000,"bu","10:00:57",350100
25.55,0.15,300,"sd","10:00:50",348100
25.6,0.2,2000,"bu","10:00:49",347800
25.55,0.15,1200,"sd","10:00:45",345800
25.6,0.2,1200,"bu","10:00:24",344600
25.6,0.2,2500,"bu","09:59:20",343400
25.55,0.15,3200,"sd","09:59:15",340900
25.55,0.15,500,"sd","09:59:12",337700
25.6,0.2,500,"bu","09:58:14",337200
25.55,0.15,11100,"bu","09:58:08",336700
25.5,0.1,900,"sd","09:57:59",325600
25.55,0.15,3500,"bu","09:57:54",324700
25.55,0.15,1400,"bu","09:57:47",321200
25.55,0.15,2500,"bu","09:57:41",319800
25.55,0.15,2300,"bu","09:57:36",317300
25.55,0.15,3200,"bu","09:57:28",315000
25.5,0.1,2400,"sd","09:57:25",311800
25.55,0.15,10000,"bu","09:57:22",309400
25.55,0.15,1200,"bu","09:57:15",299400
25.55,0.15,15000,"bu","09:57:09",298200
25.5,0.1,1000,"sd","09:57:02",283200
25.5,0.1,200,"sd","09:56:51",282200
25.55,0.15,2500,"bu","09:56:49",282000
25.5,0.1,1200,"sd","09:56:48",279500
25.55,0.15,7300,"sd","09:56:38",278300
25.6,0.2,1200,"bu","09:56:37",271000
25.55,0.15,10000,"sd","09:56:31",269800
25.55,0.15,1000,"sd","09:56:23",259800
25.55,0.15,1200,"sd","09:56:13",258800
25.6,0.2,5000,"bu","09:56:06",257600
25.6,0.2,500,"bu","09:54:42",252600
25.6,0.2,100,"bu","09:54:37",252100
25.6,0.2,1200,"bu","09:54:26",252000
25.6,0.2,100,"bu","09:53:10",250800
25.6,0.2,100,"bu","09:52:58",250700
25.6,0.2,1300,"bu","09:51:41",250600
25.6,0.2,10000,"bu","09:51:30",249300
25.6,0.2,1500,"bu","09:50:23",239300
25.6,0.2,10000,"bu","09:48:53",237800
25.55,0.15,1300,"sd","09:48:41",227800
25.6,0.2,1500,"bu","09:48:18",226500
25.55,0.15,5000,"sd","09:47:50",225000
25.55,0.15,4600,"bu","09:47:19",220000
25.55,0.15,1500,"bu","09:45:37",215400
25.55,0.15,2000,"bu","09:45:24",213900
25.5,0.1,100,"sd","09:44:33",211900
25.5,0.1,100,"sd","09:44:07",211800
25.55,0.15,2000,"bu","09:44:03",211700
25.5,0.1,10000,"sd","09:43:33",209700
25.5,0.1,2200,"sd","09:43:15",199700
25.55,0.15,1400,"bu","09:42:10",197500
25.5,0.1,1200,"sd","09:41:15",196100
25.55,0.15,6700,"bu","09:40:37",194900
25.5,0.1,1400,"sd","09:40:32",188200
25.55,0.15,2000,"bu","09:40:19",186800
25.55,0.15,5000,"bu","09:40:03",184800
25.55,0.15,600,"bu","09:39:01",179800
25.55,0.15,1000,"bu","09:38:44",179200
25.55,0.15,200,"bu","09:38:35",178200
25.55,0.15,3200,"bu","09:37:12",178000
25.5,0.1,1200,"sd","09:36:29",174800
25.5,0.1,2600,"sd","09:35:52",173600
25.55,0.15,1600,"bu","09:35:48",171000
25.5,0.1,1000,"sd","09:34:32",169400
25.55,0.15,3500,"bu","09:34:29",168400
25.5,0.1,1000,"sd","09:34:15",164900
25.55,0.15,1500,"bu","09:33:38",163900
25.5,0.1,1500,"sd","09:33:27",162400
25.55,0.15,2200,"bu","09:33:26",160900
25.55,0.15,800,"bu","09:32:12",158700
25.5,0.1,300,"sd","09:31:31",157900
25.55,0.15,2600,"bu","09:31:26",157600
25.55,0.15,1500,"bu","09:31:10",155000
25.5,0.1,2300,"sd","09:30:59",153500
25.55,0.15,1000,"bu","09:30:39",151200
25.55,0.15,1100,"bu","09:30:12",150200
25.55,0.15,500,"bu","09:29:54",149100
25.55,0.15,1200,"bu","09:29:20",148600
25.55,0.15,5100,"sd","09:29:16",147400
25.55,0.15,9900,"bu","09:29:06",142300
25.55,0.15,2000,"bu","09:28:45",132400
25.5,0.1,1900,"sd","09:28:39",130400
25.55,0.15,10000,"bu","09:28:26",128500
25.5,0.1,2300,"sd","09:28:20",118500
25.55,0.15,1500,"bu","09:28:15",116200
25.5,0.1,900,"sd","09:26:59",114700
25.55,0.15,1200,"bu","09:26:46",113800
25.5,0.1,100,"sd","09:25:58",112600
25.55,0.15,1500,"bu","09:25:55",112500
25.5,0.1,1200,"sd","09:25:02",111000
25.5,0.1,1000,"sd","09:24:48",109800
25.5,0.1,500,"sd","09:24:03",108800
25.5,0.1,800,"sd","09:23:25",108300
25.55,0.15,2500,"bu","09:22:58",107500
25.5,0.1,1000,"sd","09:22:50",105000
25.5,0.1,2000,"sd","09:21:31",104000
25.55,0.15,1200,"bu","09:21:23",102000
25.5,0.1,5000,"sd","09:21:01",100800
25.5,0.1,4600,"bu","09:20:18",95800
25.45,0.05,5000,"sd","09:20:09",91200
25.45,0.05,1300,"sd","09:20:04",86200
25.45,0.05,100,"sd","09:19:55",84900
25.5,0.1,1000,"bu","09:19:38",84800
25.5,0.1,2300,"bu","09:19:29",83800
25.5,0.1,10000,"bu","09:19:16",81500
25.45,0.05,2000,"sd","09:18:51",71500
25.5,0.1,5000,"bu","09:18:15",69500
25.45,0.05,1200,"sd","09:17:47",64500
25.5,0.1,600,"bu","09:17:04",63300
25.5,0.1,2000,"bu","09:15:55",62700
25.45,0.05,200,"sd","09:15:22",60700
25.5,0.1,1500,"bu","09:15:16",60500
25.45,0.05,59000,"","09:15:00",59000
