"price","change","match_qtty","side","time","total_vol"
6.1,0,46900,"","14:45:00",1136900
6.1,0,4000,"bu","14:29:31",1090000
6.1,0,100,"bu","14:28:59",1086000
6.1,0,400,"bu","14:24:42",1085900
6.1,0,100,"bu","14:24:22",1085500
6.1,0,400,"sd","14:23:25",1085400
6.1,0,600,"sd","14:23:05",1085000
6.1,0,2300,"sd","14:22:47",1084400
6.1,0,3000,"sd","14:22:23",1082100
6.1,0,1500,"bu","14:21:57",1079100
6.1,0,1000,"bu","14:21:21",1077600
6.1,0,200,"bu","14:20:45",1076600
6.1,0,700,"bu","14:20:17",1076400
6.1,0,1000,"sd","14:19:23",1075700
6.1,0,800,"sd","14:19:07",1074700
6.1,0,5000,"bu","14:19:06",1073900
6.1,0,100,"bu","14:19:00",1068900
6.1,0,5000,"bu","14:18:22",1068800
6.1,0,800,"bu","14:17:50",1063800
6.1,0,200,"bu","14:17:38",1063000
6.1,0,300,"bu","14:17:33",1062800
6.1,0,100,"bu","14:17:07",1062500
6.1,0,5000,"bu","14:17:02",1062400
6.1,0,200,"bu","14:16:35",1057400
6.1,0,1600,"bu","14:16:29",1057200
6.1,0,1000,"bu","14:16:05",1055600
6.1,0,500,"bu","14:15:24",1054600
6.1,0,3000,"bu","14:14:50",1054100
6.1,0,500,"sd","14:14:38",1051100
6.1,0,100,"","14:14:06",1050600
6.1,0,300,"bu","14:13:53",1050500
6.1,0,100,"bu","14:13:41",1050200
6.1,0,1200,"bu","14:13:20",1050100
6.1,0,1000,"bu","14:12:22",1048900
6.1,0,5000,"bu","14:11:43",1047900
6,-0.1,400,"sd","14:10:51",1042900
6.1,0,500,"bu","14:10:11",1042500
6.1,0,1000,"bu","14:09:49",1042000
6.1,0,200,"bu","14:09:21",1041000
6.1,0,500,"bu","14:08:20",1040800
6.1,0,7500,"bu","14:08:07",1040300
6.1,0,179000,"bu","14:07:44",1032800
6.1,0,100,"bu","14:06:04",853800
6.1,0,100,"bu","14:05:42",853700
6.1,0,2000,"bu","14:04:48",853600
6.1,0,8100,"bu","14:04:43",851600
6,-0.1,3000,"sd","13:58:27",843500
6,-0.1,1000,"sd","13:57:43",840500
6,-0.1,300,"","13:55:46",839500
6,-0.1,3000,"bu","13:55:28",839200
6,-0.1,100,"bu","13:55:26",836200
6,-0.1,100,"bu","13:55:22",836100
6,-0.1,1000,"bu","13:55:14",836000
6,-0.1,1300,"bu","13:55:13",835000
6,-0.1,1000,"bu","13:55:01",833700
5.9,-0.2,1600,"sd","13:54:24",832700
6,-0.1,300,"bu","13:53:29",831100
6,-0.1,500,"bu","13:52:32",830800
6,-0.1,100,"bu","13:52:26",830300
6,-0.1,500,"bu","13:52:08",830200
6,-0.1,3500,"bu","13:51:26",829700
6,-0.1,1800,"bu","13:51:13",826200
6,-0.1,2900,"sd","13:51:05",824400
6,-0.1,6000,"sd","13:50:54",821500
6,-0.1,5000,"sd","13:50:08",815500
6,-0.1,4000,"sd","13:49:29",810500
6,-0.1,3000,"sd","13:49:27",806500
6,-0.1,8000,"sd","13:49:11",803500
6,-0.1,13500,"sd","13:48:46",795500
6,-0.1,5000,"sd","13:47:53",782000
6,-0.1,8000,"sd","13:47:42",777000
6,-0.1,100,"sd","13:47:31",769000
6,-0.1,30000,"sd","13:47:09",768900
6,-0.1,400,"sd","13:46:58",738900
6,-0.1,4000,"sd","13:45:23",738500
6,-0.1,15000,"sd","13:44:23",734500
6,-0.1,72000,"sd","13:44:19",719500
6,-0.1,1000,"sd","13:42:23",647500
6,-0.1,1000,"sd","13:42:01",646500
6,-0.1,3000,"sd","13:41:19",645500
6,-0.1,1000,"sd","13:40:34",642500
6,-0.1,2000,"sd","13:38:43",641500
6,-0.1,2000,"sd","13:38:24",639500
6,-0.1,400,"sd","13:38:21",637500
6,-0.1,200,"sd","13:36:17",637100
6,-0.1,4000,"sd","13:35:28",636900
6,-0.1,5000,"sd","13:35:11",632900
6,-0.1,3000,"sd","13:33:44",627900
6.1,0,100,"bu","13:30:18",624900
6,-0.1,2000,"sd","13:26:10",624800
6,-0.1,3500,"sd","13:20:53",622800
6,-0.1,1000,"sd","13:19:33",619300
6,-0.1,1000,"bu","13:19:04",618300
6,-0.1,1500,"bu","13:19:00",617300
6,-0.1,3000,"bu","13:18:57",615800
6,-0.1,500,"bu","13:18:55",612800
6,-0.1,2000,"bu","13:18:54",612300
6,-0.1,12700,"bu","13:18:44",610300
6,-0.1,100,"bu","13:18:43",597600
6,-0.1,5300,"bu","13:18:37",597500
6,-0.1,50000,"bu","13:18:34",592200
6,-0.1,300,"bu","13:18:33",542200
6,-0.1,1000,"sd","13:18:14",541900
6,-0.1,4900,"bu","13:18:04",540900
6,-0.1,100,"bu","13:18:01",536000
6,-0.1,50000,"bu","13:17:57",535900
6,-0.1,2000,"bu","13:17:53",485900
6,-0.1,200,"bu","13:17:35",483900
6,-0.1,400,"bu","13:17:30",483700
6,-0.1,2000,"bu","13:17:14",483300
6,-0.1,215400,"sd","13:16:35",481300
6.1,0,100,"bu","13:09:38",265900
6.1,0,2000,"bu","13:08:14",265800
6.1,0,200,"bu","13:07:53",263800
6.1,0,100,"bu","13:07:26",263600
6.1,0,600,"bu","13:04:07",263500
6,-0.1,7700,"sd","13:01:52",262900
6,-0.1,8800,"sd","13:00:13",255200
6,-0.1,200,"sd","13:00:05",246400
6,-0.1,200,"sd","13:00:04",246200
6,-0.1,7000,"sd","11:26:38",246000
6,-0.1,10000,"sd","11:23:20",239000
6,-0.1,12800,"sd","11:22:53",229000
6.1,0,100,"bu","11:10:09",216200
6,-0.1,3500,"sd","11:03:52",216100
6,-0.1,200,"sd","11:00:48",212600
6.1,0,400,"bu","11:00:30",212400
6.1,0,12000,"bu","10:54:42",212000
6,-0.1,10000,"sd","10:52:25",200000
6.1,0,200,"bu","10:51:35",190000
6.1,0,1000,"bu","10:44:08",189800
6,-0.1,10000,"sd","10:38:56",188800
6,-0.1,2000,"sd","10:35:55",178800
6,-0.1,2500,"sd","10:29:01",176800
6,-0.1,5000,"sd","10:28:23",174300
6,-0.1,1000,"sd","10:27:04",169300
6,-0.1,1800,"sd","10:26:14",168300
6,-0.1,900,"sd","10:25:40",166500
6,-0.1,11000,"sd","10:25:06",165600
6,-0.1,5000,"sd","10:24:33",154600
6,-0.1,3000,"sd","10:23:44",149600
6,-0.1,5000,"sd","10:23:36",146600
6,-0.1,5000,"sd","10:23:07",141600
6.1,0,5300,"bu","10:16:31",136600
6,-0.1,2000,"sd","10:15:36",131300
6,-0.1,6500,"sd","10:14:26",129300
6,-0.1,400,"sd","10:08:38",122800
6,-0.1,1000,"sd","10:06:41",122400
6,-0.1,1500,"sd","10:06:40",121400
6,-0.1,1000,"sd","10:04:39",119900
6.1,0,100,"bu","10:04:17",118900
6.1,0,100,"bu","10:03:40",118800
6.1,0,1600,"bu","09:58:20",118700
6.1,0,3000,"bu","09:55:33",117100
6.1,0,3000,"bu","09:54:16",114100
6.1,0,3000,"bu","09:53:23",111100
6.1,0,100,"bu","09:51:06",108100
6.1,0,2000,"bu","09:51:04",108000
6.1,0,6000,"bu","09:49:28",106000
6.1,0,1000,"bu","09:46:40",100000
6.1,0,100,"bu","09:43:21",99000
6.1,0,200,"bu","09:42:52",98900
6.1,0,1000,"bu","09:41:43",98700
6.1,0,700,"bu","09:39:56",97700
6,-0.1,5000,"sd","09:34:28",97000
6.1,0,3200,"bu","09:33:03",92000
6.1,0,200,"bu","09:31:34",88800
6.1,0,200,"bu","09:30:11",88600
6.1,0,400,"bu","09:30:02",88400
6.1,0,200,"bu","09:25:41",88000
6.1,0,200,"bu","09:25:32",87800
6.1,0,500,"bu","09:25:18",87600
6.1,0,1000,"bu","09:25:13",87100
6.1,0,1900,"bu","09:25:04",86100
6.1,0,2000,"bu","09:24:32",84200
6.1,0,200,"bu","09:23:11",82200
6.1,0,500,"sd","09:22:10",82000
6.1,0,68000,"sd","09:21:51",81500
6.1,0,5000,"sd","09:21:09",13500
6.1,0,800,"sd","09:06:32",8500
6.2,0.1,500,"bu","09:04:00",7700
6.1,0,700,"","09:01:49",7200
6.1,0,2000,"bu","09:01:41",6500
6.1,0,1000,"bu","09:01:40",4500
6.1,0,1000,"bu","09:01:34",3500
6.1,0,1000,"bu","09:01:21",2500
6.1,0,500,"bu","09:01:05",1500
6.1,0,1000,"bu","09:00:16",1000
