"price","change","match_qtty","side","time","total_vol"
22.7,0,439900,"","14:45:02",4848100
22.7,0,40300,"bu","14:29:56",4408200
22.7,0,2000,"bu","14:29:52",4367900
22.7,0,3000,"bu","14:29:51",4365900
22.7,0,3000,"bu","14:29:47",4362900
22.7,0,300,"bu","14:29:45",4359900
22.7,0,1000,"bu","14:29:44",4359600
22.7,0,6400,"sd","14:29:42",4358600
22.7,0,1100,"bu","14:29:35",4352200
22.7,0,1000,"bu","14:29:34",4351100
22.7,0,500,"bu","14:29:33",4350100
22.7,0,2400,"bu","14:29:32",4349600
22.7,0,45000,"sd","14:29:28",4347200
22.7,0,100,"sd","14:29:26",4302200
22.75,0.05,1300,"bu","14:29:20",4302100
22.75,0.05,3300,"sd","14:29:19",4300800
22.75,0.05,200,"sd","14:29:18",4297500
22.75,0.05,500,"sd","14:29:17",4297300
22.75,0.05,200,"sd","14:29:15",4296800
22.75,0.05,100,"sd","14:29:14",4296600
22.75,0.05,500,"sd","14:29:10",4296500
22.8,0.1,3000,"bu","14:29:07",4296000
22.75,0.05,500,"sd","14:29:06",4293000
22.75,0.05,1000,"sd","14:29:06",4292500
22.8,0.1,5000,"bu","14:29:04",4291500
22.75,0.05,1000,"sd","14:29:04",4286500
22.75,0.05,50000,"sd","14:28:52",4285500
22.75,0.05,1000,"sd","14:28:16",4235500
22.8,0.1,100,"bu","14:28:13",4234500
22.75,0.05,2000,"sd","14:28:12",4234400
22.75,0.05,2500,"sd","14:28:11",4232400
22.75,0.05,1000,"sd","14:28:07",4229900
22.75,0.05,2000,"sd","14:28:00",4228900
22.8,0.1,200,"bu","14:27:59",4226900
22.75,0.05,100,"sd","14:27:44",4226700
22.8,0.1,100,"bu","14:27:36",4226600
22.8,0.1,500,"bu","14:27:35",4226500
22.8,0.1,500,"bu","14:27:32",4226000
22.8,0.1,500,"bu","14:27:29",4225500
22.75,0.05,1000,"sd","14:27:28",4225000
22.8,0.1,2000,"bu","14:27:25",4224000
22.8,0.1,1000,"bu","14:27:19",4222000
22.8,0.1,300,"bu","14:27:13",4221000
22.8,0.1,2000,"bu","14:27:12",4220700
22.8,0.1,500,"bu","14:27:10",4218700
22.8,0.1,1000,"bu","14:27:06",4218200
22.8,0.1,1000,"bu","14:26:59",4217200
22.8,0.1,200,"sd","14:26:52",4216200
22.8,0.1,4900,"sd","14:26:52",4216000
22.8,0.1,200,"sd","14:26:51",4211100
22.8,0.1,5000,"sd","14:26:49",4210900
22.8,0.1,4700,"sd","14:26:45",4205900
22.8,0.1,500,"sd","14:26:44",4201200
22.85,0.15,200,"bu","14:26:42",4200700
22.8,0.1,5000,"sd","14:26:41",4200500
22.85,0.15,10000,"bu","14:26:27",4195500
22.8,0.1,900,"sd","14:26:19",4185500
22.85,0.15,300,"bu","14:26:18",4184600
22.85,0.15,1000,"bu","14:26:15",4184300
22.8,0.1,5000,"sd","14:26:11",4183300
22.85,0.15,1200,"bu","14:26:06",4178300
22.8,0.1,10000,"sd","14:26:05",4177100
22.85,0.15,100,"bu","14:26:00",4167100
22.8,0.1,700,"sd","14:25:45",4167000
22.8,0.1,1100,"sd","14:25:43",4166300
22.85,0.15,100,"bu","14:25:39",4165200
22.8,0.1,3000,"sd","14:25:32",4165100
22.85,0.15,100,"bu","14:25:26",4162100
22.8,0.1,700,"sd","14:25:14",4162000
22.85,0.15,100,"bu","14:25:12",4161300
22.85,0.15,3000,"bu","14:25:09",4161200
22.85,0.15,1000,"bu","14:25:07",4158200
22.85,0.15,300,"bu","14:24:57",4157200
22.85,0.15,200,"bu","14:24:43",4156900
22.8,0.1,10000,"sd","14:24:43",4156700
22.85,0.15,2000,"bu","14:24:33",4146700
22.8,0.1,900,"sd","14:24:26",4144700
22.85,0.15,700,"sd","14:24:25",4143800
22.85,0.15,5000,"sd","14:24:05",4143100
22.85,0.15,2000,"sd","14:24:04",4138100
22.85,0.15,2000,"sd","14:24:00",4136100
22.85,0.15,500,"sd","14:23:57",4134100
22.85,0.15,100,"sd","14:23:53",4133600
22.85,0.15,400,"sd","14:23:48",4133500
22.85,0.15,200,"sd","14:23:45",4133100
22.9,0.2,100,"bu","14:23:44",4132900
22.85,0.15,4000,"sd","14:23:39",4132800
22.85,0.15,500,"sd","14:23:32",4128800
22.85,0.15,7000,"sd","14:23:31",4128300
22.85,0.15,200,"sd","14:23:19",4121300
22.85,0.15,200,"sd","14:23:04",4121100
22.85,0.15,100,"sd","14:23:04",4120900
22.85,0.15,500,"sd","14:23:03",4120800
22.9,0.2,100,"bu","14:23:02",4120300
22.9,0.2,400,"bu","14:22:44",4120200
22.9,0.2,1700,"bu","14:22:42",4119800
22.9,0.2,100,"bu","14:22:22",4118100
22.85,0.15,200,"sd","14:22:10",4118000
22.9,0.2,300,"bu","14:22:09",4117800
22.85,0.15,1000,"sd","14:22:02",4117500
22.85,0.15,2000,"sd","14:21:56",4116500
22.9,0.2,100,"bu","14:21:41",4114500
22.85,0.15,3700,"bu","14:21:39",4114400
22.8,0.1,3000,"sd","14:21:35",4110700
22.8,0.1,500,"sd","14:21:24",4107700
22.8,0.1,4000,"sd","14:21:19",4107200
22.8,0.1,500,"sd","14:21:10",4103200
22.8,0.1,500,"sd","14:21:09",4102700
22.85,0.15,4000,"bu","14:21:08",4102200
22.85,0.15,100,"bu","14:21:07",4098200
22.85,0.15,1000,"bu","14:21:02",4098100
22.85,0.15,500,"bu","14:20:55",4097100
22.85,0.15,100,"bu","14:20:49",4096600
22.85,0.15,500,"bu","14:20:48",4096500
22.85,0.15,200,"bu","14:20:33",4096000
22.85,0.15,200,"sd","14:20:29",4095800
22.9,0.2,4000,"bu","14:20:22",4095600
22.9,0.2,18500,"sd","14:20:10",4091600
22.9,0.2,1000,"sd","14:20:04",4073100
22.95,0.25,100,"bu","14:19:57",4072100
22.9,0.2,500,"sd","14:19:51",4072000
22.9,0.2,100,"sd","14:19:47",4071500
22.95,0.25,2000,"bu","14:19:47",4071400
22.9,0.2,3000,"sd","14:19:43",4069400
22.95,0.25,100,"bu","14:19:40",4066400
22.9,0.2,10000,"sd","14:19:39",4066300
22.9,0.2,100,"sd","14:19:32",4056300
22.9,0.2,6000,"sd","14:19:31",4056200
22.9,0.2,24100,"bu","14:19:25",4050200
22.85,0.15,9200,"bu","14:19:25",4026100
22.8,0.1,200,"sd","14:19:23",4016900
22.85,0.15,800,"sd","14:19:23",4016700
22.85,0.15,200,"bu","14:19:19",4015900
22.85,0.15,300,"bu","14:19:15",4015700
22.85,0.15,300,"bu","14:19:14",4015400
22.85,0.15,500,"bu","14:19:13",4015100
22.85,0.15,1000,"bu","14:19:08",4014600
22.85,0.15,300,"bu","14:19:06",4013600
22.85,0.15,100,"bu","14:19:05",4013300
22.85,0.15,8400,"sd","14:18:53",4013200
22.9,0.2,14000,"sd","14:18:53",4004800
22.9,0.2,9600,"sd","14:18:44",3990800
22.9,0.2,200,"sd","14:18:36",3981200
22.9,0.2,300,"sd","14:18:35",3981000
22.9,0.2,800,"sd","14:18:30",3980700
22.95,0.25,100,"bu","14:18:23",3979900
22.9,0.2,400,"sd","14:18:17",3979800
22.9,0.2,100,"sd","14:18:11",3979400
22.95,0.25,500,"bu","14:17:56",3979300
22.95,0.25,2500,"bu","14:17:54",3978800
22.95,0.25,100,"bu","14:17:45",3976300
22.9,0.2,3700,"bu","14:17:41",3976200
22.9,0.2,1000,"bu","14:17:37",3972500
22.9,0.2,400,"bu","14:17:36",3971500
22.9,0.2,700,"bu","14:17:36",3971100
22.9,0.2,10000,"bu","14:17:35",3970400
22.9,0.2,1000,"bu","14:17:33",3960400
22.9,0.2,500,"bu","14:17:32",3959400
22.9,0.2,5000,"bu","14:17:29",3958900
22.9,0.2,1500,"bu","14:17:25",3953900
22.9,0.2,5000,"bu","14:17:20",3952400
22.85,0.15,1000,"sd","14:17:19",3947400
22.9,0.2,3000,"bu","14:17:18",3946400
22.9,0.2,3000,"bu","14:17:16",3943400
22.9,0.2,13000,"bu","14:17:11",3940400
22.9,0.2,10000,"bu","14:17:11",3927400
22.9,0.2,5000,"bu","14:17:10",3917400
22.9,0.2,9900,"bu","14:17:10",3912400
22.9,0.2,100,"bu","14:17:07",3902500
22.85,0.15,100,"sd","14:16:51",3902400
22.9,0.2,100,"bu","14:16:43",3902300
22.85,0.15,500,"sd","14:16:43",3902200
22.85,0.15,31200,"bu","14:16:35",3901700
22.85,0.15,15100,"bu","14:16:30",3870500
22.85,0.15,100,"bu","14:16:29",3855400
22.85,0.15,100,"bu","14:16:24",3855300
22.8,0.1,41600,"bu","14:16:21",3855200
22.8,0.1,50900,"bu","14:16:19",3813600
22.75,0.05,100,"sd","14:16:11",3762700
22.8,0.1,2000,"bu","14:16:10",3762600
22.75,0.05,11400,"bu","14:16:09",3760600
22.75,0.05,1000,"bu","14:16:08",3749200
22.75,0.05,1000,"bu","14:16:02",3748200
22.75,0.05,1000,"bu","14:15:59",3747200
22.7,0,300,"sd","14:15:52",3746200
22.75,0.05,100,"bu","14:15:51",3745900
22.75,0.05,10000,"bu","14:15:49",3745800
22.75,0.05,30400,"bu","14:15:43",3735800
22.75,0.05,100,"bu","14:15:30",3705400
22.7,0,10000,"sd","14:15:18",3705300
22.75,0.05,100,"bu","14:15:15",3695300
22.75,0.05,300,"bu","14:14:54",3695200
22.75,0.05,500,"bu","14:14:46",3694900
22.75,0.05,100,"bu","14:14:38",3694400
22.7,0,500,"sd","14:14:35",3694300
22.7,0,28400,"bu","14:14:34",3693800
22.7,0,100,"bu","14:14:01",3665400
22.65,-0.05,100,"sd","14:13:55",3665300
22.65,-0.05,10000,"sd","14:13:44",3665200
22.7,0,300,"bu","14:13:38",3655200
22.65,-0.05,10000,"sd","14:13:33",3654900
22.65,-0.05,3900,"sd","14:13:27",3644900
22.7,0,400,"bu","14:13:27",3641000
22.65,-0.05,8000,"sd","14:13:27",3640600
22.7,0,100,"bu","14:13:24",3632600
22.65,-0.05,600,"sd","14:13:22",3632500
22.65,-0.05,100,"sd","14:13:21",3631900
22.65,-0.05,800,"sd","14:13:03",3631800
22.65,-0.05,100,"sd","14:12:59",3631000
22.7,0,100,"bu","14:12:48",3630900
22.65,-0.05,3300,"sd","14:12:48",3630800
22.65,-0.05,5000,"sd","14:12:44",3627500
22.65,-0.05,500,"sd","14:12:33",3622500
22.65,-0.05,1000,"sd","14:12:24",3622000
22.65,-0.05,10000,"sd","14:12:23",3621000
22.7,0,100,"bu","14:12:12",3611000
22.7,0,300,"bu","14:12:10",3610900
22.7,0,5000,"bu","14:11:49",3610600
22.7,0,100,"bu","14:11:36",3605600
22.7,0,1000,"bu","14:11:20",3605500
22.7,0,5000,"bu","14:11:16",3604500
22.7,0,5000,"bu","14:11:02",3599500
22.7,0,100,"bu","14:11:00",3594500
22.65,-0.05,1000,"sd","14:10:44",3594400
22.7,0,500,"bu","14:10:41",3593400
22.7,0,3000,"bu","14:10:38",3592900
22.7,0,9500,"bu","14:10:33",3589900
22.7,0,200,"bu","14:10:29",3580400
22.7,0,300,"bu","14:10:24",3580200
22.7,0,100,"bu","14:10:24",3579900
22.7,0,2700,"bu","14:10:16",3579800
22.7,0,100,"bu","14:10:14",3577100
22.65,-0.05,100,"sd","14:10:13",3577000
22.7,0,300,"bu","14:10:06",3576900
22.7,0,5000,"bu","14:10:00",3576600
22.7,0,1500,"bu","14:09:59",3571600
22.7,0,500,"bu","14:09:50",3570100
22.7,0,500,"bu","14:09:41",3569600
22.7,0,500,"bu","14:09:40",3569100
22.7,0,400,"sd","14:09:35",3568600
22.7,0,400,"sd","14:09:34",3568200
22.7,0,20700,"sd","14:09:29",3567800
22.7,0,7200,"sd","14:09:16",3547100
22.75,0.05,1000,"bu","14:09:15",3539900
22.7,0,2900,"sd","14:09:14",3538900
22.75,0.05,100,"bu","14:09:13",3536000
22.7,0,100,"sd","14:09:08",3535900
22.75,0.05,300,"bu","14:08:58",3535800
22.75,0.05,200,"bu","14:08:54",3535500
22.75,0.05,200,"bu","14:08:42",3535300
22.7,0,100,"sd","14:08:41",3535100
22.75,0.05,100,"bu","14:08:37",3535000
22.75,0.05,1000,"bu","14:08:24",3534900
22.75,0.05,800,"bu","14:08:23",3533900
22.75,0.05,400,"bu","14:08:22",3533100
22.75,0.05,200,"bu","14:08:18",3532700
22.75,0.05,2000,"bu","14:08:14",3532500
22.75,0.05,2000,"bu","14:08:13",3530500
22.75,0.05,500,"bu","14:08:06",3528500
22.75,0.05,1000,"bu","14:08:04",3528000
22.75,0.05,100,"bu","14:08:02",3527000
22.75,0.05,5000,"bu","14:07:59",3526900
22.75,0.05,1000,"bu","14:07:57",3521900
22.75,0.05,900,"bu","14:07:56",3520900
22.75,0.05,11000,"bu","14:07:55",3520000
22.75,0.05,500,"bu","14:07:54",3509000
22.75,0.05,5000,"bu","14:07:46",3508500
22.75,0.05,500,"bu","14:07:43",3503500
22.75,0.05,5000,"bu","14:07:37",3503000
22.75,0.05,2000,"bu","14:07:27",3498000
22.75,0.05,100,"bu","14:07:27",3496000
22.75,0.05,300,"bu","14:07:26",3495900
22.75,0.05,500,"bu","14:07:24",3495600
22.75,0.05,300,"bu","14:07:23",3495100
22.75,0.05,5000,"bu","14:07:23",3494800
22.75,0.05,500,"bu","14:07:21",3489800
22.75,0.05,500,"bu","14:07:16",3489300
22.75,0.05,100,"bu","14:07:15",3488800
22.75,0.05,300,"bu","14:07:13",3488700
22.7,0,2000,"sd","14:07:12",3488400
22.75,0.05,2000,"bu","14:07:11",3486400
22.75,0.05,23200,"bu","14:07:07",3484400
22.75,0.05,5000,"bu","14:07:06",3461200
22.75,0.05,500,"bu","14:07:03",3456200
22.75,0.05,500,"bu","14:07:01",3455700
22.75,0.05,100,"bu","14:07:00",3455200
22.75,0.05,500,"bu","14:06:58",3455100
22.75,0.05,100,"bu","14:06:52",3454600
22.75,0.05,500,"bu","14:06:51",3454500
22.75,0.05,1000,"bu","14:06:50",3454000
22.75,0.05,5000,"bu","14:06:48",3453000
22.75,0.05,100,"bu","14:06:47",3448000
22.75,0.05,300,"bu","14:06:39",3447900
22.75,0.05,300,"bu","14:06:35",3447600
22.75,0.05,900,"bu","14:06:31",3447300
22.75,0.05,100,"bu","14:06:30",3446400
22.75,0.05,100,"bu","14:06:17",3446300
22.75,0.05,5000,"bu","14:06:11",3446200
22.7,0,2400,"bu","14:05:56",3441200
22.7,0,15500,"bu","14:05:55",3438800
22.7,0,100,"bu","14:05:52",3423300
22.7,0,4800,"bu","14:05:50",3423200
22.7,0,3300,"bu","14:05:49",3418400
22.7,0,1000,"bu","14:05:47",3415100
22.7,0,6700,"bu","14:05:46",3414100
22.7,0,200,"bu","14:05:45",3407400
22.7,0,200,"bu","14:05:44",3407200
22.7,0,3500,"bu","14:05:43",3407000
22.7,0,3100,"bu","14:05:42",3403500
22.7,0,5000,"bu","14:05:41",3400400
22.7,0,1000,"bu","14:05:40",3395400
22.7,0,2000,"bu","14:05:39",3394400
22.7,0,1100,"bu","14:05:37",3392400
22.7,0,1500,"bu","14:05:35",3391300
22.7,0,5000,"bu","14:05:32",3389800
22.7,0,100,"bu","14:05:29",3384800
22.7,0,500,"bu","14:05:28",3384700
22.7,0,5000,"bu","14:05:25",3384200
22.7,0,300,"bu","14:05:23",3379200
22.7,0,25000,"bu","14:05:19",3378900
22.7,0,300,"bu","14:05:13",3353900
22.7,0,1200,"bu","14:05:12",3353600
22.7,0,300,"bu","14:05:11",3352400
22.7,0,100,"bu","14:05:07",3352100
22.7,0,500,"bu","14:05:02",3352000
22.65,-0.05,9500,"bu","14:05:02",3351500
22.65,-0.05,300,"bu","14:05:02",3342000
22.65,-0.05,15700,"bu","14:05:01",3341700
22.65,-0.05,13100,"bu","14:05:00",3326000
22.65,-0.05,100,"bu","14:04:59",3312900
22.65,-0.05,2000,"bu","14:04:58",3312800
22.65,-0.05,500,"bu","14:04:57",3310800
22.65,-0.05,300,"bu","14:04:56",3310300
22.65,-0.05,300,"bu","14:04:52",3310000
22.65,-0.05,900,"bu","14:04:46",3309700
22.65,-0.05,2000,"bu","14:04:46",3308800
22.65,-0.05,200,"bu","14:04:45",3306800
22.65,-0.05,1000,"bu","14:04:37",3306600
22.6,-0.1,1100,"bu","14:04:33",3305600
22.6,-0.1,8000,"bu","14:04:31",3304500
22.6,-0.1,500,"bu","14:04:30",3296500
22.6,-0.1,2000,"bu","14:04:28",3296000
22.6,-0.1,1200,"bu","14:04:27",3294000
22.6,-0.1,1000,"bu","14:04:26",3292800
22.6,-0.1,3000,"bu","14:04:24",3291800
22.55,-0.15,2000,"sd","14:04:23",3288800
22.6,-0.1,10000,"bu","14:04:20",3286800
22.6,-0.1,600,"bu","14:04:20",3276800
22.55,-0.15,400,"sd","14:04:05",3276200
22.55,-0.15,3000,"sd","14:03:59",3275800
22.6,-0.1,100,"bu","14:03:59",3272800
22.55,-0.15,5700,"bu","14:03:56",3272700
22.55,-0.15,1000,"bu","14:03:53",3267000
22.55,-0.15,100,"bu","14:03:47",3266000
22.55,-0.15,500,"bu","14:03:45",3265900
22.5,-0.2,500,"sd","14:03:44",3265400
22.55,-0.15,700,"sd","14:03:43",3264900
22.55,-0.15,300,"bu","14:03:41",3264200
22.55,-0.15,700,"sd","14:03:41",3263900
22.55,-0.15,1300,"bu","14:03:37",3263200
22.55,-0.15,1000,"bu","14:03:36",3261900
22.55,-0.15,500,"bu","14:03:32",3260900
22.55,-0.15,1200,"bu","14:03:31",3260400
22.55,-0.15,5000,"bu","14:03:28",3259200
22.55,-0.15,6200,"sd","14:03:27",3254200
22.55,-0.15,13900,"sd","14:03:20",3248000
22.55,-0.15,30000,"sd","14:03:17",3234100
22.55,-0.15,1000,"sd","14:03:07",3204100
22.6,-0.1,100,"bu","14:02:50",3203100
22.6,-0.1,100,"bu","14:02:39",3203000
22.55,-0.15,10000,"sd","14:02:37",3202900
22.6,-0.1,1000,"bu","14:02:36",3192900
22.6,-0.1,100,"bu","14:02:25",3191900
22.6,-0.1,100,"bu","14:02:16",3191800
22.6,-0.1,100,"bu","14:02:02",3191700
22.6,-0.1,100,"bu","14:01:57",3191600
22.6,-0.1,100,"bu","14:01:55",3191500
22.6,-0.1,100,"bu","14:01:42",3191400
22.6,-0.1,100,"bu","14:01:07",3191300
22.6,-0.1,700,"bu","14:00:57",3191200
22.6,-0.1,100,"bu","14:00:34",3190500
22.55,-0.15,1400,"sd","14:00:13",3190400
22.55,-0.15,700,"sd","14:00:13",3189000
22.6,-0.1,100,"bu","14:00:06",3188300
22.6,-0.1,100,"bu","14:00:00",3188200
22.6,-0.1,200,"bu","13:59:49",3188100
22.6,-0.1,1000,"bu","13:59:41",3187900
22.6,-0.1,100,"bu","13:59:33",3186900
22.6,-0.1,100,"bu","13:59:26",3186800
22.6,-0.1,200,"bu","13:59:25",3186700
22.6,-0.1,2000,"bu","13:59:18",3186500
22.6,-0.1,1000,"bu","13:59:08",3184500
22.6,-0.1,100,"bu","13:58:52",3183500
22.55,-0.15,1500,"sd","13:58:39",3183400
22.55,-0.15,300,"sd","13:58:37",3181900
22.55,-0.15,1000,"sd","13:58:21",3181600
22.6,-0.1,400,"bu","13:58:18",3180600
22.6,-0.1,200,"bu","13:58:05",3180200
22.6,-0.1,100,"bu","13:57:45",3180000
22.6,-0.1,3000,"bu","13:57:41",3179900
22.6,-0.1,1100,"bu","13:57:33",3176900
22.6,-0.1,200,"bu","13:57:25",3175800
22.6,-0.1,500,"bu","13:57:14",3175600
22.6,-0.1,100,"bu","13:57:11",3175100
22.6,-0.1,1200,"bu","13:57:05",3175000
22.6,-0.1,3100,"bu","13:57:02",3173800
22.55,-0.15,100,"sd","13:57:01",3170700
22.6,-0.1,400,"bu","13:56:58",3170600
22.6,-0.1,10000,"bu","13:56:47",3170200
22.6,-0.1,100,"bu","13:56:41",3160200
22.6,-0.1,2000,"bu","13:56:26",3160100
22.55,-0.15,100,"sd","13:56:25",3158100
22.55,-0.15,200,"sd","13:56:10",3158000
22.6,-0.1,100,"bu","13:56:05",3157800
22.55,-0.15,3600,"bu","13:56:03",3157700
22.55,-0.15,10000,"bu","13:56:00",3154100
22.55,-0.15,1000,"bu","13:55:57",3144100
22.55,-0.15,500,"bu","13:55:50",3143100
22.55,-0.15,100,"bu","13:55:49",3142600
22.55,-0.15,2000,"bu","13:55:46",3142500
22.55,-0.15,200,"bu","13:55:39",3140500
22.55,-0.15,100,"bu","13:55:38",3140300
22.55,-0.15,300,"bu","13:55:34",3140200
22.55,-0.15,4000,"bu","13:55:33",3139900
22.55,-0.15,100,"bu","13:55:33",3135900
22.55,-0.15,100,"bu","13:55:32",3135800
22.55,-0.15,5000,"bu","13:55:26",3135700
22.55,-0.15,100,"bu","13:55:20",3130700
22.55,-0.15,1200,"bu","13:55:17",3130600
22.55,-0.15,1000,"bu","13:55:16",3129400
22.55,-0.15,100,"bu","13:54:58",3128400
22.5,-0.2,300,"sd","13:54:53",3128300
22.5,-0.2,300,"sd","13:54:41",3128000
22.5,-0.2,12500,"sd","13:54:28",3127700
22.5,-0.2,100,"sd","13:54:27",3115200
22.55,-0.15,100,"bu","13:54:25",3115100
22.5,-0.2,2000,"sd","13:54:23",3115000
22.5,-0.2,3500,"bu","13:54:14",3113000
22.5,-0.2,400,"bu","13:54:13",3109500
22.5,-0.2,2000,"bu","13:54:09",3109100
22.5,-0.2,600,"bu","13:54:08",3107100
22.5,-0.2,7000,"bu","13:54:05",3106500
22.5,-0.2,100,"bu","13:53:52",3099500
22.45,-0.25,6000,"sd","13:53:45",3099400
22.45,-0.25,800,"sd","13:53:43",3093400
22.5,-0.2,200,"bu","13:53:39",3092600
22.45,-0.25,1000,"sd","13:53:25",3092400
22.45,-0.25,700,"bu","13:53:19",3091400
22.45,-0.25,1600,"bu","13:53:17",3090700
22.45,-0.25,2400,"bu","13:53:17",3089100
22.45,-0.25,200,"bu","13:53:16",3086700
22.45,-0.25,1000,"bu","13:53:13",3086500
22.45,-0.25,300,"bu","13:53:10",3085500
22.45,-0.25,5000,"bu","13:52:58",3085200
22.45,-0.25,100,"bu","13:52:46",3080200
22.4,-0.3,10000,"sd","13:52:34",3080100
22.45,-0.25,500,"bu","13:52:33",3070100
22.4,-0.3,100,"sd","13:52:30",3069600
22.4,-0.3,2800,"sd","13:52:25",3069500
22.4,-0.3,15000,"sd","13:52:24",3066700
22.45,-0.25,100,"bu","13:52:22",3051700
22.4,-0.3,10000,"sd","13:52:21",3051600
22.4,-0.3,100,"sd","13:52:16",3041600
22.45,-0.25,100,"bu","13:52:13",3041500
22.4,-0.3,10000,"sd","13:51:56",3041400
22.45,-0.25,1500,"sd","13:51:54",3031400
22.45,-0.25,4500,"bu","13:51:48",3029900
22.45,-0.25,200,"bu","13:51:42",3025400
22.4,-0.3,500,"sd","13:51:42",3025200
22.4,-0.3,5000,"sd","13:51:41",3024700
22.45,-0.25,500,"bu","13:51:37",3019700
22.4,-0.3,1000,"sd","13:51:35",3019200
22.45,-0.25,2500,"bu","13:51:30",3018200
22.45,-0.25,5000,"sd","13:51:15",3015700
22.4,-0.3,15000,"sd","13:51:10",3010700
22.45,-0.25,10300,"sd","13:51:04",2971900
22.45,-0.25,1000,"sd","13:50:58",2961600
22.45,-0.25,1000,"sd","13:50:55",2960600
22.5,-0.2,5900,"sd","13:50:39",2959600
22.5,-0.2,18000,"sd","13:50:36",2953700
22.5,-0.2,500,"sd","13:50:35",2935700
22.55,-0.15,100,"bu","13:50:35",2935200
22.5,-0.2,5000,"sd","13:50:33",2935100
22.5,-0.2,1700,"sd","13:50:32",2930100
22.5,-0.2,16600,"sd","13:50:29",2928400
22.5,-0.2,20000,"sd","13:50:27",2911800
22.55,-0.15,1000,"bu","13:50:15",2891800
22.55,-0.15,100,"bu","13:50:02",2890800
22.55,-0.15,100,"bu","13:49:58",2890700
22.55,-0.15,100,"bu","13:49:29",2890600
22.5,-0.2,1000,"sd","13:49:23",2890500
22.55,-0.15,500,"bu","13:49:22",2889500
22.55,-0.15,1000,"bu","13:49:10",2889000
22.5,-0.2,1000,"sd","13:49:04",2888000
22.55,-0.15,200,"bu","13:48:58",2887000
22.55,-0.15,100,"bu","13:48:46",2886800
22.55,-0.15,200,"bu","13:48:36",2886700
22.55,-0.15,1100,"bu","13:48:34",2886500
22.5,-0.2,5000,"sd","13:48:32",2885400
22.55,-0.15,100,"sd","13:48:27",2880400
22.55,-0.15,500,"sd","13:48:25",2880300
22.5,-0.2,40800,"sd","13:48:02",2879800
22.55,-0.15,59200,"sd","13:48:02",2839000
22.6,-0.1,100,"bu","13:47:53",2779800
22.55,-0.15,1100,"sd","13:47:53",2779700
22.55,-0.15,15000,"sd","13:47:50",2778600
22.6,-0.1,5700,"sd","13:47:24",2763600
22.65,-0.05,100,"bu","13:47:19",2757900
22.6,-0.1,6300,"sd","13:47:06",2757800
22.6,-0.1,500,"sd","13:47:05",2751500
22.6,-0.1,3000,"bu","13:46:53",2745900
22.6,-0.1,5000,"bu","13:46:47",2742900
22.6,-0.1,100,"bu","13:46:46",2737900
22.6,-0.1,100,"bu","13:46:45",2737800
22.6,-0.1,100,"bu","13:46:20",2737700
22.55,-0.15,1500,"sd","13:46:15",2737600
22.6,-0.1,100,"bu","13:46:14",2736100
22.6,-0.1,100,"bu","13:46:13",2736000
22.6,-0.1,200,"bu","13:46:12",2735900
22.6,-0.1,100,"bu","13:46:08",2735700
22.6,-0.1,3800,"bu","13:46:01",2735600
22.6,-0.1,2000,"bu","13:45:52",2731800
22.6,-0.1,1000,"bu","13:45:45",2729700
22.6,-0.1,100,"bu","13:45:42",2728700
22.6,-0.1,5000,"bu","13:45:35",2728600
22.6,-0.1,1100,"bu","13:45:20",2723600
22.6,-0.1,100,"bu","13:45:15",2722500
22.6,-0.1,100,"bu","13:45:09",2722400
22.6,-0.1,500,"bu","13:45:09",2722300
22.6,-0.1,4000,"bu","13:45:06",2721800
22.55,-0.15,100,"sd","13:45:05",2717800
22.6,-0.1,5000,"bu","13:45:00",2717700
22.6,-0.1,100,"bu","13:44:56",2712700
22.6,-0.1,12400,"bu","13:44:53",2712600
22.6,-0.1,200,"bu","13:44:42",2700200
22.6,-0.1,200,"bu","13:44:42",2700000
22.6,-0.1,1000,"bu","13:44:41",2699800
22.6,-0.1,100,"bu","13:44:38",2698800
22.6,-0.1,25000,"bu","13:44:22",2698700
22.55,-0.15,2000,"sd","13:44:19",2673700
22.55,-0.15,500,"sd","13:44:11",2671700
22.6,-0.1,100,"bu","13:44:05",2671200
22.55,-0.15,500,"sd","13:43:57",2671100
22.55,-0.15,1000,"sd","13:43:56",2670600
22.55,-0.15,300,"sd","13:43:47",2669600
22.6,-0.1,100,"bu","13:43:33",2669300
22.55,-0.15,200,"sd","13:43:33",2669200
22.55,-0.15,1000,"sd","13:43:30",2669000
22.6,-0.1,200,"bu","13:43:20",2668000
22.6,-0.1,100,"bu","13:43:01",2667800
22.6,-0.1,10000,"bu","13:42:47",2667700
22.6,-0.1,100,"bu","13:42:29",2657700
22.55,-0.15,100,"sd","13:42:24",2657600
22.55,-0.15,1000,"bu","13:42:14",2657500
22.55,-0.15,900,"bu","13:42:09",2656500
22.55,-0.15,3600,"bu","13:42:06",2655600
22.55,-0.15,5000,"bu","13:42:03",2652000
22.55,-0.15,2300,"bu","13:42:00",2647000
22.55,-0.15,400,"bu","13:41:58",2644700
22.55,-0.15,100,"bu","13:41:57",2644300
22.55,-0.15,1000,"bu","13:41:56",2644200
22.55,-0.15,5000,"bu","13:41:50",2643200
22.55,-0.15,100,"bu","13:41:47",2638200
22.55,-0.15,500,"bu","13:41:45",2638100
22.55,-0.15,1000,"bu","13:41:43",2637600
22.55,-0.15,500,"bu","13:41:41",2636500
22.55,-0.15,2000,"bu","13:41:29",2636000
22.55,-0.15,1000,"bu","13:41:20",2634000
22.55,-0.15,2100,"sd","13:41:19",2633000
22.55,-0.15,8000,"sd","13:41:13",2630900
22.55,-0.15,1000,"sd","13:41:09",2622900
22.6,-0.1,100,"bu","13:40:53",2621900
22.6,-0.1,100,"bu","13:40:40",2621800
22.6,-0.1,5000,"bu","13:40:25",2621700
22.6,-0.1,100,"bu","13:40:22",2616700
22.6,-0.1,200,"bu","13:40:14",2616600
22.55,-0.15,200,"sd","13:40:06",2616400
22.55,-0.15,100,"sd","13:40:02",2616200
22.55,-0.15,100,"sd","13:39:57",2616100
22.55,-0.15,4600,"bu","13:39:48",2616000
22.55,-0.15,5900,"bu","13:39:46",2611400
22.55,-0.15,1000,"bu","13:39:39",2605500
22.55,-0.15,38500,"sd","13:39:34",2604500
22.6,-0.1,100,"bu","13:39:28",2566000
22.55,-0.15,4700,"sd","13:39:28",2565900
22.55,-0.15,25300,"sd","13:39:27",2561200
22.6,-0.1,200,"bu","13:39:21",2535900
22.6,-0.1,2100,"bu","13:39:18",2535700
22.6,-0.1,800,"bu","13:39:08",2533600
22.6,-0.1,5000,"bu","13:38:59",2532800
22.55,-0.15,100,"sd","13:38:59",2527800
22.55,-0.15,100,"sd","13:38:59",2527700
22.6,-0.1,100,"bu","13:38:46",2527600
22.6,-0.1,200,"bu","13:38:44",2527500
22.6,-0.1,5000,"bu","13:38:43",2527300
22.6,-0.1,2200,"bu","13:38:35",2522300
22.6,-0.1,100,"bu","13:38:34",2520100
22.6,-0.1,200,"bu","13:38:21",2520000
22.6,-0.1,2000,"bu","13:38:20",2519800
22.6,-0.1,200,"bu","13:38:09",2517800
22.6,-0.1,1500,"bu","13:38:08",2517600
22.6,-0.1,100,"bu","13:37:54",2516100
22.6,-0.1,100,"bu","13:37:50",2516000
22.6,-0.1,100,"bu","13:37:45",2515900
22.6,-0.1,7800,"sd","13:37:43",2515800
22.65,-0.05,100,"bu","13:37:43",2508000
22.6,-0.1,1300,"bu","13:37:35",2507900
22.6,-0.1,700,"sd","13:37:34",2506600
22.6,-0.1,12700,"bu","13:37:32",2505900
22.6,-0.1,100,"bu","13:37:30",2493200
22.6,-0.1,100,"bu","13:37:29",2493100
22.6,-0.1,100,"bu","13:37:11",2493000
22.6,-0.1,500,"bu","13:37:06",2492900
22.6,-0.1,2000,"bu","13:37:03",2492400
22.6,-0.1,2000,"bu","13:37:01",2490400
22.6,-0.1,500,"bu","13:36:53",2488400
22.6,-0.1,500,"bu","13:36:49",2487900
22.6,-0.1,100,"bu","13:36:39",2487400
22.6,-0.1,500,"bu","13:36:37",2487300
22.6,-0.1,5000,"bu","13:36:29",2486800
22.6,-0.1,100,"bu","13:36:08",2481800
22.6,-0.1,500,"bu","13:36:05",2481700
22.6,-0.1,1000,"bu","13:36:01",2481200
22.55,-0.15,100,"sd","13:35:44",2480200
22.6,-0.1,100,"bu","13:35:36",2480100
22.6,-0.1,100,"bu","13:35:05",2480000
22.55,-0.15,500,"sd","13:34:35",2479900
22.6,-0.1,100,"bu","13:34:33",2479400
22.55,-0.15,200,"sd","13:34:15",2479300
22.55,-0.15,3500,"sd","13:34:09",2479100
22.6,-0.1,700,"bu","13:34:07",2475600
22.6,-0.1,100,"bu","13:34:04",2474900
22.6,-0.1,100,"bu","13:34:03",2474800
22.6,-0.1,100,"bu","13:33:30",2474700
22.6,-0.1,1000,"bu","13:33:21",2474600
22.55,-0.15,5000,"sd","13:33:19",2473600
22.6,-0.1,100,"bu","13:32:59",2468600
22.6,-0.1,100,"bu","13:32:47",2468500
22.6,-0.1,2000,"bu","13:32:39",2468400
22.6,-0.1,300,"bu","13:32:35",2466400
22.6,-0.1,1000,"bu","13:32:30",2466100
22.6,-0.1,100,"bu","13:32:23",2465100
22.6,-0.1,500,"bu","13:32:02",2465000
22.6,-0.1,36100,"sd","13:32:01",2464500
22.65,-0.05,100,"bu","13:31:56",2428400
22.65,-0.05,100,"bu","13:31:36",2428300
22.65,-0.05,4000,"bu","13:31:32",2428200
22.65,-0.05,100,"bu","13:31:25",2424200
22.65,-0.05,500,"sd","13:31:18",2424100
22.6,-0.1,100,"sd","13:30:57",2423600
22.7,0,600,"bu","13:30:34",2423500
22.65,-0.05,4900,"bu","13:30:34",2422900
22.65,-0.05,45100,"sd","13:30:32",2418000
22.7,0,2000,"bu","13:30:25",2372900
22.7,0,100,"bu","13:30:23",2370900
22.65,-0.05,2000,"sd","13:30:20",2370800
22.7,0,4000,"bu","13:30:16",2368800
22.7,0,100,"bu","13:29:52",2364800
22.7,0,100,"bu","13:29:21",2364700
22.7,0,100,"bu","13:28:49",2364600
22.65,-0.05,100,"sd","13:28:43",2364500
22.65,-0.05,1000,"sd","13:28:19",2364400
22.7,0,100,"bu","13:28:19",2363400
22.7,0,100,"bu","13:28:07",2363300
22.7,0,100,"bu","13:27:48",2363200
22.65,-0.05,4300,"sd","13:27:31",2363100
22.7,0,200,"bu","13:27:19",2358800
22.7,0,100,"bu","13:27:17",2358600
22.7,0,200,"bu","13:27:06",2358500
22.7,0,100,"bu","13:26:46",2358300
22.65,-0.05,500,"sd","13:25:57",2358200
22.65,-0.05,12500,"bu","13:25:57",2357700
22.65,-0.05,4800,"sd","13:25:43",2345200
22.65,-0.05,100,"sd","13:25:42",2340400
22.7,0,1000,"bu","13:25:38",2340300
22.7,0,100,"bu","13:25:13",2339300
22.65,-0.05,400,"bu","13:24:50",2339200
22.65,-0.05,7900,"sd","13:24:40",2338800
22.65,-0.05,4000,"sd","13:24:25",2330900
22.65,-0.05,500,"sd","13:24:23",2326900
22.65,-0.05,500,"sd","13:24:18",2326400
22.7,0,100,"bu","13:24:11",2325900
22.65,-0.05,5000,"sd","13:23:49",2325800
22.65,-0.05,6000,"sd","13:23:43",2320800
22.7,0,100,"bu","13:23:41",2314800
22.7,0,100,"bu","13:23:40",2314700
22.65,-0.05,5000,"sd","13:23:36",2314600
22.7,0,500,"bu","13:23:34",2309600
22.7,0,500,"bu","13:23:27",2309100
22.65,-0.05,1000,"sd","13:23:25",2308600
22.7,0,300,"bu","13:23:18",2307600
22.7,0,100,"bu","13:23:09",2307300
22.65,-0.05,1000,"sd","13:23:03",2307200
22.7,0,100,"bu","13:22:41",2306200
22.7,0,100,"bu","13:22:39",2306100
22.7,0,100,"bu","13:22:34",2306000
22.65,-0.05,100,"sd","13:22:30",2305900
22.7,0,5000,"bu","13:22:21",2305800
22.65,-0.05,1000,"sd","13:22:19",2300800
22.7,0,2100,"bu","13:22:09",2299800
22.7,0,1000,"bu","13:21:46",2297700
22.7,0,100,"bu","13:21:37",2296700
22.7,0,2000,"bu","13:21:14",2296600
22.7,0,500,"bu","13:21:12",2294600
22.7,0,100,"bu","13:21:07",2294100
22.7,0,100,"bu","13:20:36",2294000
22.65,-0.05,20000,"sd","13:20:10",2293900
22.7,0,100,"bu","13:20:05",2273900
22.7,0,500,"bu","13:19:51",2273800
22.7,0,100,"bu","13:19:35",2273300
22.65,-0.05,500,"sd","13:19:29",2273200
22.65,-0.05,100,"sd","13:19:07",2272700
22.65,-0.05,100,"sd","13:19:06",2272600
22.7,0,100,"bu","13:19:04",2272500
22.7,0,2000,"bu","13:18:57",2272400
22.7,0,100,"bu","13:18:34",2270400
22.7,0,400,"bu","13:18:07",2270300
22.65,-0.05,8000,"sd","13:18:05",2269900
22.7,0,100,"bu","13:18:04",2261900
22.7,0,200,"bu","13:17:39",2261800
22.7,0,100,"bu","13:17:33",2261600
22.7,0,100,"bu","13:17:18",2261500
22.65,-0.05,3000,"sd","13:17:17",2261400
22.7,0,200,"bu","13:17:06",2258400
22.7,0,100,"bu","13:17:02",2258200
22.7,0,100,"bu","13:16:51",2258100
22.65,-0.05,200,"sd","13:16:45",2258000
22.65,-0.05,1300,"bu","13:16:36",2257800
22.65,-0.05,100,"bu","13:16:33",2256500
22.65,-0.05,5000,"bu","13:16:29",2256400
22.65,-0.05,2000,"bu","13:16:28",2251400
22.65,-0.05,5000,"bu","13:16:27",2249400
22.65,-0.05,100,"bu","13:16:26",2244400
22.65,-0.05,600,"bu","13:16:25",2244300
22.65,-0.05,2000,"bu","13:16:25",2243700
22.65,-0.05,2200,"bu","13:16:20",2241700
22.65,-0.05,200,"bu","13:16:17",2239500
22.65,-0.05,500,"bu","13:16:16",2239300
22.65,-0.05,3000,"bu","13:16:05",2238800
22.65,-0.05,100,"bu","13:16:02",2235800
22.65,-0.05,400,"bu","13:15:33",2235700
22.65,-0.05,100,"bu","13:15:31",2235300
22.65,-0.05,100,"bu","13:15:14",2235200
22.65,-0.05,100,"bu","13:15:01",2235100
22.65,-0.05,10000,"bu","13:15:00",2235000
22.65,-0.05,500,"bu","13:14:58",2225000
22.65,-0.05,1000,"bu","13:14:57",2224500
22.65,-0.05,100,"bu","13:14:48",2223500
22.65,-0.05,1000,"bu","13:14:39",2223400
22.6,-0.1,2400,"sd","13:14:32",2222400
22.65,-0.05,100,"bu","13:14:31",2220000
22.65,-0.05,5000,"bu","13:14:09",2219900
22.65,-0.05,100,"bu","13:14:01",2214900
22.65,-0.05,1000,"bu","13:13:52",2214800
22.65,-0.05,500,"bu","13:13:36",2213800
22.65,-0.05,100,"bu","13:13:30",2213300
22.65,-0.05,1300,"bu","13:13:23",2213200
22.65,-0.05,100,"bu","13:13:06",2211900
22.65,-0.05,300,"bu","13:13:04",2211800
22.65,-0.05,3000,"bu","13:13:01",2211500
22.65,-0.05,100,"bu","13:13:00",2208500
22.65,-0.05,200,"bu","13:12:40",2208400
22.65,-0.05,500,"bu","13:12:37",2208200
22.65,-0.05,100,"bu","13:12:30",2207700
22.65,-0.05,300,"bu","13:12:25",2207600
22.65,-0.05,100,"bu","13:11:59",2207300
22.6,-0.1,400,"sd","13:11:40",2207200
22.6,-0.1,2100,"bu","13:11:21",2206800
22.6,-0.1,1000,"bu","13:11:20",2204700
22.6,-0.1,200,"bu","13:11:19",2203700
22.6,-0.1,4000,"bu","13:11:02",2203500
22.6,-0.1,1600,"sd","13:11:00",2199500
22.65,-0.05,100,"bu","13:10:59",2197900
22.6,-0.1,200,"sd","13:10:51",2197800
22.6,-0.1,8500,"bu","13:10:41",2197600
22.6,-0.1,100,"bu","13:10:38",2189100
22.6,-0.1,100,"bu","13:10:31",2189000
22.55,-0.15,4000,"sd","13:10:30",2188900
22.6,-0.1,100,"bu","13:10:29",2184900
22.6,-0.1,700,"bu","13:10:28",2184800
22.6,-0.1,400,"bu","13:10:05",2184100
22.6,-0.1,100,"bu","13:09:59",2183700
22.55,-0.15,9000,"sd","13:09:38",2183600
22.6,-0.1,100,"bu","13:09:35",2174600
22.6,-0.1,100,"bu","13:09:29",2174500
22.6,-0.1,100,"bu","13:09:24",2174400
22.6,-0.1,100,"bu","13:09:21",2174300
22.6,-0.1,500,"bu","13:09:12",2174200
22.6,-0.1,5000,"bu","13:09:09",2173700
22.6,-0.1,500,"bu","13:09:03",2168700
22.6,-0.1,100,"bu","13:08:59",2168200
22.6,-0.1,2000,"bu","13:08:50",2168100
22.55,-0.15,800,"sd","13:08:44",2166100
22.6,-0.1,100,"bu","13:08:28",2165300
22.55,-0.15,4000,"sd","13:08:11",2165200
22.6,-0.1,100,"bu","13:07:58",2161200
22.55,-0.15,20000,"sd","13:07:49",2161100
22.55,-0.15,2000,"sd","13:07:48",2141100
22.6,-0.1,500,"bu","13:07:38",2139100
22.6,-0.1,100,"bu","13:07:28",2138600
22.6,-0.1,100,"bu","13:07:26",2138500
22.55,-0.15,2000,"sd","13:07:17",2138400
22.6,-0.1,7600,"bu","13:07:06",2136400
22.6,-0.1,300,"bu","13:07:03",2128800
22.6,-0.1,100,"bu","13:06:59",2128500
22.6,-0.1,800,"bu","13:06:53",2128400
22.6,-0.1,100,"bu","13:06:28",2127600
22.6,-0.1,200,"bu","13:06:23",2127500
22.6,-0.1,1000,"bu","13:06:18",2127300
22.6,-0.1,1100,"bu","13:06:13",2126300
22.55,-0.15,2000,"sd","13:06:10",2125200
22.6,-0.1,400,"bu","13:06:03",2123200
22.55,-0.15,100,"sd","13:05:59",2122800
22.6,-0.1,100,"bu","13:05:58",2122700
22.6,-0.1,1000,"bu","13:05:52",2122600
22.6,-0.1,200,"bu","13:05:43",2121600
22.6,-0.1,3500,"sd","13:05:42",2121400
22.6,-0.1,200,"bu","13:05:39",2117900
22.6,-0.1,100,"bu","13:05:35",2117700
22.6,-0.1,100,"bu","13:05:30",2117600
22.6,-0.1,100,"bu","13:05:29",2117500
22.55,-0.15,1000,"sd","13:05:25",2117400
22.6,-0.1,1100,"bu","13:05:23",2116400
22.6,-0.1,1900,"bu","13:05:22",2115300
22.6,-0.1,100,"bu","13:05:16",2113400
22.6,-0.1,200,"bu","13:05:00",2113300
22.6,-0.1,100,"bu","13:04:58",2113100
22.6,-0.1,1000,"bu","13:04:53",2113000
22.6,-0.1,500,"bu","13:04:46",2112000
22.6,-0.1,500,"bu","13:04:42",2111500
22.6,-0.1,5000,"bu","13:04:38",2111000
22.6,-0.1,500,"bu","13:04:37",2106000
22.6,-0.1,600,"bu","13:04:36",2105500
22.6,-0.1,100,"bu","13:04:29",2104900
22.55,-0.15,300,"sd","13:04:17",2104800
22.55,-0.15,500,"sd","13:04:09",2104500
22.6,-0.1,100,"bu","13:03:59",2104000
22.55,-0.15,500,"sd","13:03:49",2103900
22.6,-0.1,50000,"bu","13:03:48",2103400
22.6,-0.1,100,"bu","13:03:33",2053400
22.6,-0.1,100,"bu","13:03:29",2053300
22.6,-0.1,200,"bu","13:03:28",2053200
22.6,-0.1,100,"bu","13:03:17",2053000
22.6,-0.1,100,"bu","13:02:59",2052900
22.55,-0.15,2000,"sd","13:02:58",2052800
22.6,-0.1,3000,"bu","13:02:40",2050800
22.6,-0.1,100,"bu","13:02:39",2047800
22.6,-0.1,2000,"bu","13:02:32",2047700
22.6,-0.1,100,"bu","13:02:29",2045700
22.6,-0.1,100,"bu","13:01:59",2045600
22.55,-0.15,5000,"sd","13:01:42",2045500
22.55,-0.15,1000,"sd","13:01:35",2040500
22.55,-0.15,800,"sd","13:01:33",2039500
22.55,-0.15,500,"sd","13:01:32",2038700
22.6,-0.1,100,"bu","13:01:29",2038200
22.55,-0.15,500,"sd","13:01:02",2038100
22.55,-0.15,6000,"sd","13:01:00",2037600
22.55,-0.15,100,"sd","13:00:57",2031600
22.55,-0.15,500,"sd","13:00:56",2031500
22.55,-0.15,6100,"sd","13:00:54",2031000
22.55,-0.15,500,"sd","13:00:49",2024900
22.55,-0.15,1000,"sd","13:00:40",2024400
22.6,-0.1,300,"bu","13:00:22",2023400
22.6,-0.1,500,"bu","13:00:20",2023100
22.6,-0.1,5000,"bu","13:00:16",2022600
22.6,-0.1,100,"bu","13:00:05",2017600
22.6,-0.1,50800,"sd","13:00:02",2016000
22.6,-0.1,2000,"sd","13:00:01",1965200
22.6,-0.1,2000,"sd","13:00:00",1963200
22.65,-0.05,1100,"bu","13:00:00",1961200
22.65,-0.05,1000,"bu","11:29:59",1960100
22.65,-0.05,100,"bu","11:29:54",1959100
22.65,-0.05,200,"bu","11:29:47",1959000
22.65,-0.05,100,"bu","11:29:46",1958800
22.65,-0.05,5000,"bu","11:29:36",1958700
22.65,-0.05,200,"bu","11:29:18",1953700
22.65,-0.05,100,"bu","11:29:17",1953500
22.6,-0.1,1000,"sd","11:29:15",1953400
22.65,-0.05,3000,"bu","11:29:06",1952400
22.6,-0.1,7000,"sd","11:29:05",1949400
22.65,-0.05,1000,"bu","11:28:21",1942400
22.65,-0.05,100,"bu","11:28:04",1941400
22.6,-0.1,300,"sd","11:27:14",1941300
22.65,-0.05,500,"bu","11:27:04",1941000
22.65,-0.05,100,"bu","11:27:03",1940500
22.6,-0.1,100,"sd","11:27:01",1940400
22.6,-0.1,2000,"sd","11:26:57",1940300
22.65,-0.05,100,"bu","11:26:48",1938300
22.65,-0.05,100,"bu","11:26:41",1938200
22.65,-0.05,500,"bu","11:26:38",1938100
22.65,-0.05,500,"bu","11:26:33",1937600
22.65,-0.05,5000,"bu","11:26:24",1937100
22.65,-0.05,100,"bu","11:26:10",1932100
22.65,-0.05,12300,"sd","11:25:58",1932000
22.65,-0.05,100,"sd","11:25:50",1919700
22.65,-0.05,1000,"sd","11:25:33",1918700
22.65,-0.05,500,"sd","11:25:17",1917700
22.7,0,100,"bu","11:25:01",1917200
22.65,-0.05,500,"sd","11:24:43",1917100
22.65,-0.05,500,"sd","11:24:41",1916600
22.65,-0.05,36500,"sd","11:24:31",1916100
22.7,0,300,"bu","11:24:30",1879600
22.65,-0.05,200,"sd","11:24:26",1879300
22.65,-0.05,100,"sd","11:24:22",1879100
22.7,0,100,"bu","11:24:00",1879000
22.7,0,100,"bu","11:22:59",1878900
22.7,0,2000,"bu","11:22:00",1878800
22.7,0,32700,"sd","11:21:40",1876800
22.75,0.05,2000,"bu","11:21:31",1844100
22.7,0,2000,"sd","11:21:25",1842100
22.7,0,6200,"sd","11:21:08",1840100
22.7,0,400,"sd","11:21:07",1833900
22.75,0.05,100,"bu","11:20:57",1833500
22.75,0.05,100,"bu","11:19:57",1833400
22.75,0.05,100,"bu","11:18:55",1833300
22.75,0.05,100,"bu","11:17:55",1833200
22.75,0.05,100,"bu","11:16:54",1833100
22.7,0,1000,"sd","11:16:39",1833000
22.75,0.05,500,"bu","11:16:33",1832000
22.75,0.05,100,"bu","11:15:54",1831500
22.75,0.05,1000,"bu","11:15:44",1831400
22.75,0.05,500,"bu","11:15:25",1830400
22.75,0.05,100,"bu","11:14:53",1829900
22.75,0.05,2800,"sd","11:14:43",1829800
22.75,0.05,100,"sd","11:14:35",1827000
22.75,0.05,400,"bu","11:14:00",1826900
22.75,0.05,100,"bu","11:13:52",1826500
22.75,0.05,200,"bu","11:13:37",1826400
22.75,0.05,500,"bu","11:13:09",1826200
22.75,0.05,900,"bu","11:13:09",1825700
22.75,0.05,100,"bu","11:12:52",1824800
22.75,0.05,2000,"sd","11:11:40",1824700
22.75,0.05,5000,"sd","11:11:28",1822700
22.8,0.1,100,"bu","11:10:51",1817700
22.8,0.1,4000,"bu","11:10:37",1817600
22.8,0.1,100,"bu","11:09:50",1813600
22.8,0.1,1000,"bu","11:09:00",1813500
22.8,0.1,1000,"bu","11:08:46",1812500
22.75,0.05,100,"sd","11:08:37",1811500
22.75,0.05,100,"sd","11:08:22",1811400
22.75,0.05,100,"sd","11:08:19",1811300
22.75,0.05,500,"sd","11:07:55",1811200
22.8,0.1,100,"bu","11:07:50",1810700
22.75,0.05,100,"sd","11:07:35",1810600
22.75,0.05,100,"bu","11:07:25",1810500
22.75,0.05,100,"bu","11:07:18",1810400
22.75,0.05,800,"sd","11:06:46",1810300
22.75,0.05,100,"sd","11:05:53",1809500
22.75,0.05,100,"sd","11:05:43",1809400
22.75,0.05,1000,"sd","11:05:20",1809300
22.8,0.1,2700,"bu","11:05:18",1808300
22.75,0.05,100,"sd","11:05:15",1805600
22.8,0.1,100,"bu","11:04:49",1805500
22.8,0.1,100,"bu","11:04:35",1805400
22.75,0.05,100,"sd","11:04:22",1805300
22.75,0.05,200,"sd","11:04:20",1805200
22.8,0.1,100,"bu","11:03:48",1805000
22.75,0.05,1000,"sd","11:02:52",1804900
22.75,0.05,100,"sd","11:02:48",1803900
22.75,0.05,100,"sd","11:02:46",1803800
22.75,0.05,2000,"sd","11:02:43",1803700
22.75,0.05,600,"sd","11:02:15",1801700
22.75,0.05,3000,"sd","11:02:06",1801100
22.75,0.05,1200,"sd","11:01:53",1798100
22.8,0.1,100,"bu","11:01:48",1796900
22.75,0.05,400,"sd","11:00:55",1796800
22.75,0.05,2000,"sd","11:00:47",1796400
22.75,0.05,2000,"sd","11:00:29",1794400
22.8,0.1,100,"bu","10:59:47",1792400
22.75,0.05,16900,"bu","10:59:45",1792300
22.7,0,4700,"bu","10:59:10",1775400
22.7,0,2000,"bu","10:59:08",1770700
22.7,0,5000,"bu","10:59:06",1768700
22.7,0,2000,"bu","10:59:05",1763700
22.7,0,2000,"bu","10:59:03",1761700
22.7,0,1000,"bu","10:59:02",1759700
22.7,0,2000,"bu","10:58:58",1758700
22.7,0,50000,"bu","10:58:56",1756700
22.7,0,100,"bu","10:58:47",1706700
22.7,0,1000,"bu","10:58:47",1706600
22.7,0,700,"bu","10:58:32",1705600
22.7,0,1000,"bu","10:58:19",1704900
22.7,0,200,"bu","10:58:11",1703900
22.7,0,900,"bu","10:57:55",1703700
22.7,0,100,"bu","10:57:47",1702800
22.7,0,500,"bu","10:57:46",1702700
22.7,0,100,"bu","10:56:47",1702200
22.65,-0.05,1000,"sd","10:56:38",1702100
22.65,-0.05,8800,"sd","10:56:33",1701100
22.65,-0.05,1200,"sd","10:56:23",1692300
22.7,0,100,"bu","10:55:47",1691100
22.65,-0.05,1500,"sd","10:55:33",1691000
22.65,-0.05,100,"sd","10:54:50",1689500
22.65,-0.05,800,"sd","10:54:49",1689400
22.7,0,100,"bu","10:54:47",1688600
22.65,-0.05,100,"sd","10:54:40",1688500
22.65,-0.05,1000,"sd","10:54:38",1688400
22.65,-0.05,2000,"sd","10:54:34",1687400
22.65,-0.05,200,"sd","10:54:32",1685400
22.65,-0.05,50000,"sd","10:54:19",1685200
22.65,-0.05,10000,"sd","10:54:15",1635200
22.7,0,100,"bu","10:54:08",1625200
22.65,-0.05,10000,"sd","10:54:01",1625100
22.7,0,100,"bu","10:53:47",1615100
22.7,0,200,"bu","10:53:31",1615000
22.7,0,100,"bu","10:53:03",1614800
22.7,0,100,"bu","10:52:47",1614700
22.7,0,1000,"bu","10:52:39",1614600
22.7,0,3000,"bu","10:52:37",1613600
22.7,0,200,"bu","10:52:20",1610600
22.7,0,500,"bu","10:51:51",1610400
22.7,0,3000,"bu","10:51:45",1609900
22.7,0,100,"bu","10:51:39",1606900
22.7,0,34900,"sd","10:51:07",1606800
22.7,0,3000,"sd","10:51:02",1571900
22.75,0.05,100,"bu","10:50:48",1568900
22.7,0,500,"sd","10:50:38",1568800
22.7,0,5000,"sd","10:50:36",1568300
22.7,0,5600,"sd","10:50:29",1563300
22.7,0,10000,"sd","10:49:59",1556700
22.75,0.05,100,"bu","10:49:48",1546700
22.75,0.05,1000,"bu","10:48:57",1546600
22.75,0.05,100,"bu","10:48:48",1545600
22.75,0.05,3000,"bu","10:48:42",1545500
22.75,0.05,2000,"bu","10:48:23",1542500
22.7,0,100,"sd","10:48:19",1540500
22.75,0.05,2000,"bu","10:48:18",1540400
22.75,0.05,100,"bu","10:47:48",1538400
22.75,0.05,5000,"bu","10:47:45",1538300
22.75,0.05,5000,"bu","10:47:42",1533300
22.7,0,100,"sd","10:47:26",1528300
22.75,0.05,1000,"bu","10:47:13",1528200
22.75,0.05,5000,"bu","10:46:58",1527200
22.75,0.05,100,"bu","10:46:49",1522200
22.75,0.05,100,"bu","10:46:39",1522100
22.75,0.05,1600,"bu","10:46:28",1522000
22.75,0.05,1000,"bu","10:46:20",1520400
22.75,0.05,5400,"bu","10:45:45",1519400
22.75,0.05,5000,"bu","10:45:15",1514000
22.75,0.05,9100,"sd","10:45:09",1509000
22.8,0.1,500,"bu","10:44:58",1499900
22.8,0.1,100,"bu","10:44:50",1499400
22.75,0.05,10000,"sd","10:44:48",1499300
22.8,0.1,100,"bu","10:43:50",1489300
22.8,0.1,200,"bu","10:43:28",1489200
22.8,0.1,3000,"bu","10:43:24",1489000
22.8,0.1,100,"bu","10:42:50",1486000
22.8,0.1,500,"bu","10:41:59",1485900
22.8,0.1,100,"bu","10:41:50",1485400
22.8,0.1,1000,"bu","10:41:30",1485300
22.8,0.1,200,"bu","10:41:22",1484300
22.8,0.1,200,"bu","10:40:59",1484100
22.8,0.1,100,"bu","10:40:51",1483900
22.8,0.1,2400,"bu","10:40:40",1483800
22.8,0.1,15000,"bu","10:40:10",1481400
22.8,0.1,100,"bu","10:39:52",1466400
22.8,0.1,100,"bu","10:39:47",1466300
22.8,0.1,100,"bu","10:39:03",1466200
22.8,0.1,100,"bu","10:38:52",1466100
22.75,0.05,1000,"sd","10:38:34",1466000
22.75,0.05,3000,"sd","10:38:18",1465000
22.75,0.05,500,"sd","10:38:01",1462000
22.8,0.1,100,"bu","10:37:53",1461500
22.75,0.05,1500,"sd","10:37:38",1461400
22.8,0.1,100,"bu","10:36:53",1459900
22.75,0.05,1000,"sd","10:36:46",1459800
22.75,0.05,4000,"sd","10:36:18",1458800
22.75,0.05,2600,"sd","10:36:09",1454800
22.8,0.1,100,"bu","10:35:54",1452200
22.75,0.05,1000,"sd","10:35:46",1452100
22.75,0.05,500,"sd","10:35:33",1451100
22.8,0.1,100,"bu","10:35:24",1450600
22.8,0.1,100,"bu","10:34:54",1450500
22.8,0.1,100,"bu","10:34:39",1450400
22.75,0.05,1000,"bu","10:34:27",1450300
22.75,0.05,100,"bu","10:34:26",1449300
22.75,0.05,1500,"bu","10:34:18",1449200
22.75,0.05,100,"bu","10:34:14",1447700
22.75,0.05,500,"bu","10:34:14",1447600
22.75,0.05,200,"bu","10:34:11",1447100
22.75,0.05,500,"bu","10:34:01",1446900
22.75,0.05,100,"bu","10:33:55",1446400
22.75,0.05,800,"bu","10:33:54",1446300
22.75,0.05,5000,"bu","10:33:30",1445500
22.7,0,50000,"sd","10:33:30",1440500
22.75,0.05,1000,"bu","10:33:09",1390500
22.75,0.05,3000,"bu","10:33:08",1389500
22.75,0.05,500,"bu","10:32:59",1386500
22.75,0.05,100,"bu","10:32:56",1386000
22.75,0.05,700,"bu","10:32:44",1385900
22.75,0.05,400,"bu","10:32:43",1385200
22.75,0.05,2000,"bu","10:32:36",1384800
22.75,0.05,5300,"bu","10:32:16",1382800
22.7,0,500,"sd","10:32:16",1377500
22.7,0,10000,"sd","10:32:11",1377000
22.7,0,1200,"sd","10:31:57",1367000
22.7,0,500,"sd","10:31:38",1365800
22.75,0.05,4500,"sd","10:31:38",1365300
22.75,0.05,500,"sd","10:31:28",1360800
22.75,0.05,40000,"sd","10:31:14",1360300
22.75,0.05,2000,"sd","10:31:11",1320300
22.8,0.1,100,"bu","10:30:57",1318300
22.75,0.05,21300,"bu","10:30:44",1318200
22.75,0.05,3000,"bu","10:30:42",1296900
22.75,0.05,300,"bu","10:30:32",1293900
22.75,0.05,10000,"bu","10:30:18",1293600
22.75,0.05,22600,"sd","10:29:56",1283600
22.75,0.05,100,"sd","10:29:28",1261000
22.75,0.05,40000,"sd","10:29:27",1260900
22.8,0.1,100,"bu","10:29:15",1220900
22.75,0.05,3900,"bu","10:29:11",1220800
22.75,0.05,6100,"sd","10:29:10",1216900
22.8,0.1,100,"bu","10:28:58",1210800
22.75,0.05,500,"sd","10:28:57",1210700
22.75,0.05,2300,"sd","10:28:31",1210200
22.75,0.05,400,"sd","10:28:14",1207900
22.75,0.05,100,"sd","10:28:13",1207500
22.75,0.05,10000,"sd","10:28:07",1207400
22.8,0.1,100,"bu","10:27:59",1197400
22.75,0.05,1000,"sd","10:27:43",1197300
22.75,0.05,2000,"sd","10:27:35",1196300
22.75,0.05,7000,"bu","10:27:12",1194300
22.75,0.05,500,"bu","10:27:08",1187300
22.75,0.05,100,"bu","10:27:05",1186800
22.75,0.05,100,"bu","10:27:00",1186700
22.75,0.05,100,"bu","10:26:58",1186600
22.75,0.05,10000,"bu","10:26:51",1186500
22.75,0.05,2000,"bu","10:26:38",1176500
22.75,0.05,100,"bu","10:26:09",1174500
22.75,0.05,100,"bu","10:26:01",1174400
22.75,0.05,1000,"bu","10:25:36",1174300
22.75,0.05,500,"bu","10:25:35",1173300
22.75,0.05,200,"bu","10:25:21",1172800
22.75,0.05,300,"bu","10:25:07",1172600
22.75,0.05,100,"bu","10:25:02",1172300
22.75,0.05,500,"bu","10:24:43",1172200
22.75,0.05,1000,"bu","10:24:26",1171700
22.75,0.05,500,"bu","10:24:10",1170700
22.75,0.05,100,"bu","10:24:03",1170200
22.75,0.05,2000,"bu","10:23:54",1170100
22.7,0,300,"sd","10:23:46",1168100
22.7,0,300,"sd","10:23:33",1167800
22.7,0,2200,"sd","10:23:33",1167500
22.7,0,200,"sd","10:23:10",1165300
22.75,0.05,100,"bu","10:23:04",1165100
22.7,0,500,"sd","10:23:00",1165000
22.7,0,3000,"sd","10:22:51",1164500
22.7,0,10000,"sd","10:22:24",1161500
22.75,0.05,100,"bu","10:22:20",1151500
22.75,0.05,1900,"bu","10:22:19",1151400
22.7,0,5900,"bu","10:22:17",1149400
22.7,0,4000,"bu","10:22:16",1143500
22.7,0,100,"bu","10:22:12",1139500
22.7,0,200,"bu","10:22:08",1139400
22.7,0,1000,"bu","10:22:05",1139200
22.7,0,34800,"sd","10:22:00",1138200
22.7,0,47000,"sd","10:21:59",1103400
22.7,0,500,"sd","10:21:59",1056400
22.75,0.05,100,"bu","10:21:35",1055900
22.75,0.05,200,"bu","10:21:15",1055800
22.75,0.05,100,"bu","10:21:06",1055600
22.7,0,100,"sd","10:20:56",1055500
22.75,0.05,900,"bu","10:20:54",1055400
22.7,0,100,"sd","10:20:37",1054500
22.7,0,2000,"sd","10:20:16",1054400
22.75,0.05,100,"bu","10:20:07",1052400
22.7,0,300,"sd","10:20:01",1051700
22.7,0,5000,"sd","10:19:59",1051400
22.7,0,20000,"sd","10:19:57",1046400
22.7,0,8900,"sd","10:19:30",1026400
22.7,0,500,"sd","10:19:19",1017500
22.7,0,200,"sd","10:18:54",1017000
22.75,0.05,3300,"sd","10:18:40",1016800
22.75,0.05,500,"sd","10:18:36",1013500
22.75,0.05,10000,"sd","10:18:29",1013000
22.75,0.05,8000,"sd","10:18:21",1003000
22.75,0.05,2500,"sd","10:18:20",995000
22.75,0.05,2000,"sd","10:18:15",992500
22.75,0.05,2700,"sd","10:18:10",990500
22.8,0.1,100,"bu","10:18:09",987800
22.75,0.05,500,"sd","10:17:37",987700
22.8,0.1,100,"bu","10:17:10",987200
22.75,0.05,100,"sd","10:16:46",987100
22.8,0.1,100,"bu","10:16:33",987000
22.75,0.05,20000,"sd","10:16:32",986900
22.8,0.1,1000,"bu","10:16:19",966900
22.8,0.1,100,"bu","10:16:11",965900
22.8,0.1,100,"bu","10:15:12",965800
22.75,0.05,2000,"sd","10:14:34",965700
22.8,0.1,100,"bu","10:14:14",963700
22.8,0.1,100,"bu","10:13:15",963600
22.75,0.05,200,"sd","10:13:14",963500
22.75,0.05,500,"sd","10:12:26",963300
22.8,0.1,100,"bu","10:12:16",962800
22.75,0.05,3000,"sd","10:11:58",962700
22.75,0.05,700,"sd","10:11:11",959700
22.75,0.05,700,"sd","10:10:45",959000
22.8,0.1,400,"sd","10:10:31",958300
22.8,0.1,500,"sd","10:10:25",957900
22.8,0.1,500,"sd","10:10:16",957400
22.8,0.1,4800,"bu","10:10:03",956900
22.8,0.1,5300,"sd","10:09:51",952100
22.8,0.1,100,"sd","10:09:36",946800
22.8,0.1,700,"sd","10:09:28",946700
22.8,0.1,300,"sd","10:09:28",946000
22.85,0.15,100,"bu","10:09:20",945700
22.8,0.1,1500,"bu","10:08:28",945600
22.8,0.1,2000,"bu","10:08:18",944100
22.8,0.1,10400,"bu","10:08:15",942100
22.8,0.1,1000,"bu","10:08:13",931700
22.8,0.1,1000,"bu","10:07:38",930700
22.8,0.1,1600,"sd","10:07:26",929700
22.8,0.1,1000,"sd","10:07:24",928100
22.8,0.1,15000,"sd","10:07:14",927100
22.8,0.1,700,"sd","10:07:05",912100
22.8,0.1,15000,"sd","10:07:00",911400
22.8,0.1,1400,"sd","10:06:30",896400
22.85,0.15,100,"bu","10:06:24",895000
22.8,0.1,1000,"sd","10:06:23",894900
22.8,0.1,200,"sd","10:06:22",893900
22.85,0.15,200,"bu","10:06:08",893700
22.8,0.1,50000,"sd","10:05:52",893500
22.85,0.15,100,"bu","10:05:28",843500
22.85,0.15,100,"bu","10:05:25",843400
22.85,0.15,1000,"bu","10:04:45",843300
22.85,0.15,900,"bu","10:04:28",842300
22.85,0.15,100,"bu","10:04:27",841400
22.85,0.15,100,"bu","10:03:35",841300
22.85,0.15,100,"bu","10:03:28",841200
22.85,0.15,1200,"bu","10:03:25",841100
22.85,0.15,200,"bu","10:03:17",839900
22.85,0.15,100,"bu","10:02:30",839700
22.85,0.15,100,"bu","10:01:31",839600
22.8,0.1,100,"sd","10:01:10",839500
22.85,0.15,100,"bu","10:00:33",839400
22.8,0.1,200,"sd","10:00:18",839300
22.8,0.1,200,"sd","10:00:14",839100
22.85,0.15,100,"bu","09:59:35",838900
22.85,0.15,1000,"bu","09:58:57",838800
22.85,0.15,500,"bu","09:58:40",837800
22.85,0.15,100,"bu","09:58:36",837300
22.85,0.15,100,"bu","09:58:14",837200
22.85,0.15,10800,"sd","09:57:13",837100
22.85,0.15,1000,"sd","09:56:47",826300
22.85,0.15,5100,"sd","09:56:40",825300
22.9,0.2,100,"bu","09:56:39",820200
22.85,0.15,4500,"sd","09:56:27",820100
22.85,0.15,3200,"sd","09:56:24",815600
22.85,0.15,400,"sd","09:56:22",812400
22.85,0.15,200,"sd","09:56:10",812000
22.85,0.15,100,"sd","09:56:03",811800
22.85,0.15,400,"sd","09:55:50",811700
22.85,0.15,3000,"sd","09:55:46",811300
22.9,0.2,100,"bu","09:55:41",808300
22.85,0.15,20000,"sd","09:55:21",808200
22.85,0.15,3000,"sd","09:55:15",788200
22.9,0.2,100,"bu","09:54:43",785200
22.85,0.15,32700,"sd","09:54:38",785100
22.85,0.15,200,"sd","09:54:27",752400
22.85,0.15,1000,"sd","09:54:26",752200
22.85,0.15,10000,"sd","09:54:11",751200
22.9,0.2,2000,"bu","09:54:04",741200
22.85,0.15,10000,"sd","09:53:59",739200
22.9,0.2,100,"bu","09:53:44",729200
22.85,0.15,500,"sd","09:53:05",729100
22.9,0.2,100,"bu","09:52:46",728600
22.85,0.15,200,"sd","09:52:31",728500
22.85,0.15,200,"sd","09:52:15",728300
22.9,0.2,2000,"bu","09:52:09",728100
22.9,0.2,100,"bu","09:51:48",726100
22.85,0.15,200,"sd","09:51:29",726000
22.9,0.2,3000,"bu","09:51:20",725800
22.9,0.2,500,"bu","09:51:11",722800
22.9,0.2,1000,"bu","09:51:09",722300
22.9,0.2,6000,"bu","09:50:55",721300
22.9,0.2,100,"bu","09:50:50",715300
22.9,0.2,3000,"bu","09:50:43",715200
22.9,0.2,100,"bu","09:49:51",712200
22.85,0.15,200,"sd","09:49:25",712100
22.9,0.2,3000,"bu","09:49:21",711900
22.9,0.2,100,"bu","09:48:54",708900
22.9,0.2,100,"bu","09:48:50",708800
22.9,0.2,3000,"bu","09:48:39",708700
22.9,0.2,3700,"bu","09:48:32",705700
22.9,0.2,6300,"bu","09:48:31",702000
22.9,0.2,100,"bu","09:47:55",695700
22.9,0.2,100,"bu","09:46:57",695600
22.9,0.2,1000,"bu","09:46:53",695500
22.9,0.2,100,"bu","09:45:59",694500
22.9,0.2,3000,"bu","09:45:52",694400
22.9,0.2,200,"bu","09:45:22",691400
22.85,0.15,1000,"sd","09:45:19",691200
22.9,0.2,100,"bu","09:45:01",690200
22.9,0.2,100,"bu","09:44:55",690100
22.9,0.2,100,"bu","09:44:02",690000
22.85,0.15,1000,"sd","09:43:31",689900
22.85,0.15,1000,"sd","09:43:24",688900
22.9,0.2,100,"bu","09:43:05",687900
22.85,0.15,500,"sd","09:42:49",687800
22.85,0.15,200,"sd","09:42:33",687300
22.85,0.15,2100,"bu","09:42:20",687100
22.85,0.15,2000,"bu","09:42:16",685000
22.85,0.15,3000,"bu","09:42:02",683000
22.85,0.15,2900,"sd","09:41:54",680000
22.85,0.15,1000,"sd","09:41:49",677100
22.85,0.15,1500,"sd","09:41:41",676100
22.85,0.15,10000,"sd","09:41:38",674600
22.85,0.15,4800,"bu","09:41:36",664600
22.85,0.15,500,"bu","09:41:31",659800
22.85,0.15,4700,"sd","09:41:27",659300
22.85,0.15,200,"sd","09:41:14",654600
22.85,0.15,10000,"sd","09:41:06",654400
22.85,0.15,5000,"sd","09:40:49",644400
22.85,0.15,5000,"sd","09:40:45",639400
22.85,0.15,10000,"sd","09:40:12",634400
22.85,0.15,1700,"bu","09:40:04",624300
22.85,0.15,100,"bu","09:39:59",622600
22.85,0.15,10000,"bu","09:39:57",622500
22.85,0.15,20000,"bu","09:39:48",612500
22.85,0.15,5000,"bu","09:39:43",592500
22.85,0.15,4000,"bu","09:39:35",587500
22.85,0.15,200,"bu","09:39:19",583500
22.85,0.15,100,"bu","09:39:13",583300
22.8,0.1,3000,"sd","09:38:58",583200
22.85,0.15,5000,"bu","09:38:43",580200
22.85,0.15,500,"bu","09:38:32",575200
22.85,0.15,10800,"bu","09:38:25",574700
22.85,0.15,100,"bu","09:38:14",563900
22.85,0.15,1000,"bu","09:38:05",563800
22.85,0.15,500,"bu","09:37:58",562800
22.85,0.15,100,"bu","09:37:17",562300
22.85,0.15,5000,"bu","09:37:10",562200
22.85,0.15,400,"bu","09:37:00",557200
22.85,0.15,100,"bu","09:36:39",556800
22.85,0.15,300,"bu","09:36:31",556700
22.85,0.15,100,"bu","09:36:18",556400
22.85,0.15,500,"bu","09:36:10",556300
22.85,0.15,6000,"bu","09:36:01",555800
22.85,0.15,5000,"bu","09:35:39",549800
22.85,0.15,500,"bu","09:35:31",544800
22.85,0.15,600,"bu","09:35:29",544300
22.85,0.15,100,"bu","09:35:24",543700
22.85,0.15,100,"bu","09:35:21",543600
22.85,0.15,2000,"bu","09:34:45",543500
22.8,0.1,200,"sd","09:34:43",541500
22.85,0.15,6400,"sd","09:34:28",541300
22.85,0.15,8700,"bu","09:34:22",534900
22.85,0.15,2000,"bu","09:34:13",526200
22.85,0.15,1000,"bu","09:33:41",524200
22.85,0.15,2000,"bu","09:33:39",523200
22.85,0.15,100,"bu","09:33:30",521200
22.85,0.15,100,"bu","09:33:20",521100
22.85,0.15,2000,"bu","09:32:52",521000
22.8,0.1,5000,"sd","09:32:47",519000
22.85,0.15,500,"bu","09:32:46",514000
22.85,0.15,4100,"sd","09:32:44",513500
22.85,0.15,700,"sd","09:32:36",509400
22.9,0.2,3000,"bu","09:32:31",508700
22.9,0.2,100,"bu","09:32:27",505700
22.85,0.15,10000,"sd","09:32:25",505600
22.85,0.15,1200,"sd","09:32:17",495600
22.85,0.15,16200,"bu","09:32:07",494400
22.85,0.15,10000,"bu","09:32:04",478200
22.85,0.15,5000,"bu","09:32:00",468200
22.85,0.15,2000,"bu","09:31:57",463200
22.85,0.15,100,"bu","09:31:50",461200
22.85,0.15,1100,"bu","09:31:31",461100
22.85,0.15,1100,"bu","09:31:30",460000
22.85,0.15,20000,"bu","09:31:25",458900
22.8,0.1,2000,"sd","09:31:18",438900
22.85,0.15,100,"bu","09:31:15",436900
22.85,0.15,200,"bu","09:31:11",436800
22.85,0.15,100,"bu","09:31:05",436600
22.85,0.15,20000,"bu","09:30:48",436500
22.85,0.15,100,"bu","09:30:32",416500
22.8,0.1,5100,"sd","09:30:31",416400
22.85,0.15,2000,"bu","09:30:27",411300
22.8,0.1,400,"sd","09:30:25",409300
22.85,0.15,1000,"bu","09:30:15",408900
22.8,0.1,1000,"sd","09:30:10",407900
22.85,0.15,200,"bu","09:30:00",406900
22.8,0.1,5000,"sd","09:29:51",406700
22.85,0.15,100,"bu","09:29:50",401700
22.85,0.15,100,"bu","09:29:34",401600
22.8,0.1,1500,"sd","09:29:33",401500
22.8,0.1,100,"sd","09:29:29",400000
22.8,0.1,10000,"sd","09:29:23",399900
22.8,0.1,900,"sd","09:28:59",389900
22.8,0.1,200,"sd","09:28:38",389000
22.85,0.15,200,"bu","09:28:37",388800
22.8,0.1,200,"sd","09:28:15",388600
22.8,0.1,500,"sd","09:28:14",388400
22.8,0.1,1000,"sd","09:28:04",387900
22.8,0.1,600,"sd","09:28:01",386900
22.8,0.1,300,"sd","09:27:48",386300
22.85,0.15,100,"bu","09:27:39",386000
22.85,0.15,2000,"bu","09:27:33",385900
22.85,0.15,300,"bu","09:27:22",383900
22.85,0.15,500,"bu","09:26:49",383600
22.85,0.15,100,"bu","09:26:41",383100
22.8,0.1,2000,"sd","09:26:39",383000
22.85,0.15,100,"bu","09:26:39",381000
22.8,0.1,2000,"sd","09:26:31",380900
22.8,0.1,200,"sd","09:26:03",378900
22.8,0.1,200,"sd","09:25:55",378700
22.85,0.15,100,"bu","09:25:54",378500
22.8,0.1,5000,"sd","09:25:54",378400
22.85,0.15,2000,"bu","09:25:50",373400
22.85,0.15,100,"bu","09:25:44",371400
22.8,0.1,3000,"sd","09:25:38",371300
22.8,0.1,5000,"sd","09:25:37",368300
22.8,0.1,100,"sd","09:25:29",363300
22.8,0.1,2000,"sd","09:25:26",363200
22.8,0.1,2000,"sd","09:25:20",361200
22.8,0.1,300,"sd","09:25:13",359200
22.8,0.1,2000,"sd","09:25:07",358900
22.8,0.1,10000,"sd","09:24:54",356900
22.85,0.15,100,"bu","09:24:45",346900
22.85,0.15,300,"bu","09:24:27",346800
22.85,0.15,10000,"bu","09:24:15",346500
22.85,0.15,2000,"bu","09:24:03",336500
22.85,0.15,100,"bu","09:23:48",334500
22.8,0.1,2000,"sd","09:23:23",334400
22.8,0.1,1400,"sd","09:23:18",332400
22.8,0.1,50000,"sd","09:23:13",330800
22.8,0.1,3000,"sd","09:23:08",280800
22.8,0.1,2000,"sd","09:23:07",277800
22.8,0.1,500,"sd","09:22:58",275800
22.8,0.1,100,"sd","09:22:25",275300
22.85,0.15,33500,"sd","09:22:17",275200
22.85,0.15,12000,"sd","09:22:13",241700
22.85,0.15,1500,"sd","09:22:08",229700
22.85,0.15,5000,"sd","09:21:55",228200
22.85,0.15,2000,"sd","09:21:46",223200
22.85,0.15,300,"sd","09:20:58",221200
22.85,0.15,200,"sd","09:20:25",220900
22.85,0.15,200,"sd","09:20:23",220700
22.85,0.15,900,"sd","09:20:07",220500
22.9,0.2,500,"bu","09:20:06",219600
22.9,0.2,1300,"bu","09:20:03",219100
22.9,0.2,300,"bu","09:19:40",217800
22.9,0.2,2500,"bu","09:19:25",217500
22.9,0.2,500,"bu","09:19:16",215000
22.9,0.2,200,"bu","09:19:14",214500
22.9,0.2,14300,"bu","09:19:10",214300
22.9,0.2,500,"bu","09:18:59",200000
22.9,0.2,500,"bu","09:18:49",199500
22.9,0.2,100,"bu","09:18:44",199000
22.85,0.15,15000,"sd","09:18:36",198900
22.85,0.15,200,"sd","09:18:32",183900
22.85,0.15,9500,"bu","09:18:21",183700
22.85,0.15,100,"bu","09:18:19",174200
22.85,0.15,500,"bu","09:18:05",174100
22.8,0.1,100,"sd","09:17:54",173600
22.85,0.15,2500,"sd","09:17:45",173500
22.85,0.15,2000,"sd","09:17:24",171000
22.85,0.15,100,"sd","09:17:22",169000
22.85,0.15,1100,"bu","09:17:08",168900
22.85,0.15,1000,"bu","09:17:07",167800
22.85,0.15,1500,"bu","09:17:05",166800
22.85,0.15,100,"bu","09:17:02",165300
22.85,0.15,500,"bu","09:16:57",165200
22.85,0.15,10900,"sd","09:16:56",164700
22.9,0.2,600,"bu","09:16:56",153800
22.85,0.15,100,"sd","09:16:51",153200
22.9,0.2,100,"bu","09:16:45",153100
22.9,0.2,100,"bu","09:16:43",153000
22.9,0.2,200,"bu","09:16:38",152900
22.9,0.2,11600,"sd","09:16:37",152700
22.9,0.2,10000,"sd","09:16:35",141100
22.95,0.25,200,"bu","09:16:30",131100
22.9,0.2,10000,"sd","09:16:23",130900
22.95,0.25,100,"bu","09:16:19",120900
22.9,0.2,1000,"sd","09:16:15",120800
22.9,0.2,10000,"sd","09:16:04",119800
22.9,0.2,100,"sd","09:16:03",109800
22.95,0.25,100,"bu","09:16:01",109700
22.95,0.25,2000,"bu","09:16:00",109600
22.9,0.2,10000,"sd","09:15:48",107600
22.95,0.25,300,"bu","09:15:26",97600
22.95,0.25,4100,"sd","09:15:12",97300
22.95,0.25,10000,"sd","09:15:08",93200
22.95,0.25,83200,"","09:15:02",83200
