"id","symbol","truncTime","matchType","matchVol","matchPrice","accumulatedVolume","createdAt","updatedAt"
149456645,"BAF","1700120690","unknown","289400","25600","2985000","2023-11-16T07:45:02.548Z","2023-11-16T07:45:02.548Z"
149454610,"BAF","1700119772","b","800","25750","2985000","2023-11-16T07:29:45.665Z","2023-11-16T07:29:45.665Z"
149454609,"BAF","1700119772","b","400","25700","2985000","2023-11-16T07:29:45.665Z","2023-11-16T07:29:45.665Z"
149454591,"BAF","1700119772","b","100","25700","2983800","2023-11-16T07:29:45.665Z","2023-11-16T07:29:45.665Z"
149452756,"BAF","1700119749","b","1000","25750","2983700","2023-11-16T07:29:22.583Z","2023-11-16T07:29:22.583Z"
149452542,"BAF","1700119748","s","500","25600","2979700","2023-11-16T07:29:20.553Z","2023-11-16T07:29:20.553Z"
149452541,"BAF","1700119748","s","1000","25650","2979700","2023-11-16T07:29:20.553Z","2023-11-16T07:29:20.553Z"
149452540,"BAF","1700119748","s","1500","25650","2979700","2023-11-16T07:29:20.553Z","2023-11-16T07:29:20.553Z"
149451267,"BAF","1700119734","b","7800","25750","2979700","2023-11-16T07:29:06.569Z","2023-11-16T07:29:06.569Z"
149451266,"BAF","1700119734","b","10000","25750","2979700","2023-11-16T07:29:06.569Z","2023-11-16T07:29:06.569Z"
149451265,"BAF","1700119734","b","7000","25750","2979700","2023-11-16T07:29:06.569Z","2023-11-16T07:29:06.569Z"
149451264,"BAF","1700119734","b","1000","25700","2979700","2023-11-16T07:29:06.569Z","2023-11-16T07:29:06.569Z"
149451263,"BAF","1700119734","b","600","25700","2979700","2023-11-16T07:29:06.569Z","2023-11-16T07:29:06.569Z"
149451262,"BAF","1700119734","b","10000","25700","2979700","2023-11-16T07:29:06.569Z","2023-11-16T07:29:06.569Z"
149451261,"BAF","1700119734","b","10000","25700","2979700","2023-11-16T07:29:06.569Z","2023-11-16T07:29:06.569Z"
149451260,"BAF","1700119734","b","10000","25700","2979700","2023-11-16T07:29:06.569Z","2023-11-16T07:29:06.569Z"
149451259,"BAF","1700119734","b","5100","25700","2979700","2023-11-16T07:29:06.569Z","2023-11-16T07:29:06.569Z"
149451258,"BAF","1700119734","b","4000","25650","2979700","2023-11-16T07:29:06.569Z","2023-11-16T07:29:06.569Z"
149451257,"BAF","1700119734","b","3300","25650","2979700","2023-11-16T07:29:06.569Z","2023-11-16T07:29:06.569Z"
149451228,"BAF","1700119733","b","700","25650","2900900","2023-11-16T07:29:06.569Z","2023-11-16T07:29:06.569Z"
149451227,"BAF","1700119733","b","1400","25650","2900900","2023-11-16T07:29:06.569Z","2023-11-16T07:29:06.569Z"
149451226,"BAF","1700119733","b","800","25650","2900900","2023-11-16T07:29:06.569Z","2023-11-16T07:29:06.569Z"
149451225,"BAF","1700119733","b","500","25650","2900900","2023-11-16T07:29:06.569Z","2023-11-16T07:29:06.569Z"
149451224,"BAF","1700119733","b","2000","25650","2900900","2023-11-16T07:29:06.569Z","2023-11-16T07:29:06.569Z"
149451223,"BAF","1700119733","b","4600","25650","2900900","2023-11-16T07:29:06.569Z","2023-11-16T07:29:06.569Z"
149451149,"BAF","1700119732","b","5000","25650","2895900","2023-11-16T07:29:05.571Z","2023-11-16T07:29:05.571Z"
149450474,"BAF","1700119723","b","1500","25650","2894400","2023-11-16T07:28:56.593Z","2023-11-16T07:28:56.593Z"
149450358,"BAF","1700119722","s","200","25600","2894400","2023-11-16T07:28:55.632Z","2023-11-16T07:28:55.632Z"
149449641,"BAF","1700119713","b","700","25650","2893500","2023-11-16T07:28:45.568Z","2023-11-16T07:28:45.568Z"
149448775,"BAF","1700119699","b","1500","25650","2892000","2023-11-16T07:28:31.578Z","2023-11-16T07:28:31.578Z"
149448373,"BAF","1700119692","b","1000","25650","2892000","2023-11-16T07:28:25.622Z","2023-11-16T07:28:25.622Z"
149447652,"BAF","1700119682","b","1500","25650","2891000","2023-11-16T07:28:14.546Z","2023-11-16T07:28:14.546Z"
149447402,"BAF","1700119678","b","100","25650","2889400","2023-11-16T07:28:10.551Z","2023-11-16T07:28:10.551Z"
149447258,"BAF","1700119676","b","4000","25650","2885400","2023-11-16T07:28:08.704Z","2023-11-16T07:28:08.704Z"
149446633,"BAF","1700119669","b","100","25650","2884200","2023-11-16T07:28:01.613Z","2023-11-16T07:28:01.613Z"
149446632,"BAF","1700119669","b","1100","25650","2884200","2023-11-16T07:28:01.613Z","2023-11-16T07:28:01.613Z"
149446017,"BAF","1700119660","b","2000","25650","2884200","2023-11-16T07:27:52.593Z","2023-11-16T07:27:52.593Z"
149446015,"BAF","1700119660","b","500","25650","2884200","2023-11-16T07:27:52.593Z","2023-11-16T07:27:52.593Z"
149445768,"BAF","1700119656","b","100","25650","2881600","2023-11-16T07:27:48.562Z","2023-11-16T07:27:48.562Z"
149445364,"BAF","1700119651","b","2500","25650","2881600","2023-11-16T07:27:43.666Z","2023-11-16T07:27:43.666Z"
149444559,"BAF","1700119641","b","200","25650","2879100","2023-11-16T07:27:34.563Z","2023-11-16T07:27:34.563Z"
149444512,"BAF","1700119640","b","200","25650","2878900","2023-11-16T07:27:32.567Z","2023-11-16T07:27:32.567Z"
149441434,"BAF","1700119601","b","1000","25650","2878700","2023-11-16T07:26:53.615Z","2023-11-16T07:26:53.615Z"
149440801,"BAF","1700119594","b","100","25650","2877700","2023-11-16T07:26:46.660Z","2023-11-16T07:26:46.660Z"
149440460,"BAF","1700119589","b","1200","25650","2876400","2023-11-16T07:26:41.682Z","2023-11-16T07:26:41.682Z"
149439544,"BAF","1700119581","s","300","25600","2876100","2023-11-16T07:26:33.664Z","2023-11-16T07:26:33.664Z"
149437587,"BAF","1700119555","b","100","25650","2876000","2023-11-16T07:26:07.668Z","2023-11-16T07:26:07.668Z"
149436146,"BAF","1700119531","b","900","25650","2876000","2023-11-16T07:25:44.550Z","2023-11-16T07:25:44.550Z"
149434979,"BAF","1700119508","s","400","25600","2873200","2023-11-16T07:25:20.681Z","2023-11-16T07:25:20.681Z"
149434978,"BAF","1700119508","s","1500","25600","2873200","2023-11-16T07:25:20.681Z","2023-11-16T07:25:20.681Z"
149434586,"BAF","1700119501","s","500","25600","2873200","2023-11-16T07:25:13.614Z","2023-11-16T07:25:13.614Z"
149433196,"BAF","1700119471","b","5000","25600","2867700","2023-11-16T07:24:44.573Z","2023-11-16T07:24:44.573Z"
149433028,"BAF","1700119467","b","2000","25600","2867700","2023-11-16T07:24:39.557Z","2023-11-16T07:24:39.557Z"
149432829,"BAF","1700119462","b","100","25600","2865600","2023-11-16T07:24:35.565Z","2023-11-16T07:24:35.565Z"
149432151,"BAF","1700119448","b","5000","25600","2865600","2023-11-16T07:24:20.526Z","2023-11-16T07:24:20.526Z"
149432129,"BAF","1700119446","b","800","25600","2859800","2023-11-16T07:24:19.569Z","2023-11-16T07:24:19.569Z"
149432006,"BAF","1700119444","b","2000","25600","2859800","2023-11-16T07:24:16.597Z","2023-11-16T07:24:16.597Z"
149430710,"BAF","1700119413","b","10000","25600","2847800","2023-11-16T07:23:45.547Z","2023-11-16T07:23:45.547Z"
149430189,"BAF","1700119399","s","1300","25550","2847800","2023-11-16T07:23:32.534Z","2023-11-16T07:23:32.534Z"
149429264,"BAF","1700119380","b","100","25600","2846500","2023-11-16T07:23:12.560Z","2023-11-16T07:23:12.560Z"
149429243,"BAF","1700119379","b","4900","25600","2841500","2023-11-16T07:23:12.560Z","2023-11-16T07:23:12.560Z"
149428958,"BAF","1700119371","b","100","25600","2841400","2023-11-16T07:23:03.535Z","2023-11-16T07:23:03.535Z"
149428776,"BAF","1700119366","b","1400","25600","2841400","2023-11-16T07:22:58.543Z","2023-11-16T07:22:58.543Z"
149427575,"BAF","1700119330","s","1200","25550","2840000","2023-11-16T07:22:22.546Z","2023-11-16T07:22:22.546Z"
149427379,"BAF","1700119325","b","11600","25550","2838800","2023-11-16T07:22:17.537Z","2023-11-16T07:22:17.537Z"
149427107,"BAF","1700119318","b","1000","25550","2826200","2023-11-16T07:22:10.578Z","2023-11-16T07:22:10.578Z"
149427056,"BAF","1700119316","s","100","25550","2826200","2023-11-16T07:22:08.560Z","2023-11-16T07:22:08.560Z"
149427055,"BAF","1700119316","s","100","25550","2826200","2023-11-16T07:22:08.560Z","2023-11-16T07:22:08.560Z"
149427054,"BAF","1700119316","s","11200","25550","2826200","2023-11-16T07:22:08.560Z","2023-11-16T07:22:08.560Z"
149426937,"BAF","1700119312","b","1500","25600","2813300","2023-11-16T07:22:05.572Z","2023-11-16T07:22:05.572Z"
149426888,"BAF","1700119310","s","2500","25550","2810800","2023-11-16T07:22:02.531Z","2023-11-16T07:22:02.531Z"
149426753,"BAF","1700119305","b","4100","25600","2810800","2023-11-16T07:21:57.567Z","2023-11-16T07:21:57.567Z"
149426752,"BAF","1700119305","b","900","25600","2810800","2023-11-16T07:21:57.567Z","2023-11-16T07:21:57.567Z"
149426157,"BAF","1700119284","s","800","25550","2805000","2023-11-16T07:21:37.550Z","2023-11-16T07:21:37.550Z"
149426081,"BAF","1700119281","s","3000","25550","2805000","2023-11-16T07:21:33.564Z","2023-11-16T07:21:33.564Z"
149425466,"BAF","1700119264","s","2500","25550","2802000","2023-11-16T07:21:16.656Z","2023-11-16T07:21:16.656Z"
149425465,"BAF","1700119264","s","100","25550","2802000","2023-11-16T07:21:16.656Z","2023-11-16T07:21:16.656Z"
149425464,"BAF","1700119264","s","1400","25550","2802000","2023-11-16T07:21:16.656Z","2023-11-16T07:21:16.656Z"
149425443,"BAF","1700119263","b","1500","25600","2798000","2023-11-16T07:21:15.540Z","2023-11-16T07:21:15.540Z"
149423768,"BAF","1700119205","b","1500","25600","2796500","2023-11-16T07:20:17.536Z","2023-11-16T07:20:17.536Z"
149423090,"BAF","1700119179","s","5000","25550","2790000","2023-11-16T07:19:51.611Z","2023-11-16T07:19:51.611Z"
149422918,"BAF","1700119175","s","1000","25550","2789000","2023-11-16T07:19:47.552Z","2023-11-16T07:19:47.552Z"
149422452,"BAF","1700119161","s","1200","25550","2789000","2023-11-16T07:19:34.562Z","2023-11-16T07:19:34.562Z"
149422192,"BAF","1700119149","b","400","25600","2787800","2023-11-16T07:19:21.527Z","2023-11-16T07:19:21.527Z"
149422125,"BAF","1700119146","b","1500","25600","2787400","2023-11-16T07:19:18.530Z","2023-11-16T07:19:18.530Z"
149421385,"BAF","1700119118","b","100","25600","2785800","2023-11-16T07:18:51.528Z","2023-11-16T07:18:51.528Z"
149421085,"BAF","1700119106","b","2500","25600","2785800","2023-11-16T07:18:39.568Z","2023-11-16T07:18:39.568Z"
149420973,"BAF","1700119103","s","5000","25550","2783300","2023-11-16T07:18:36.540Z","2023-11-16T07:18:36.540Z"
149420625,"BAF","1700119092","s","1900","25550","2776400","2023-11-16T07:18:25.554Z","2023-11-16T07:18:25.554Z"
149420350,"BAF","1700119083","s","10000","25550","2776400","2023-11-16T07:18:16.573Z","2023-11-16T07:18:16.573Z"
149420256,"BAF","1700119081","b","300","25550","2766400","2023-11-16T07:18:13.547Z","2023-11-16T07:18:13.547Z"
149420255,"BAF","1700119081","b","5000","25550","2766400","2023-11-16T07:18:13.547Z","2023-11-16T07:18:13.547Z"
149420254,"BAF","1700119081","b","9200","25550","2766400","2023-11-16T07:18:13.547Z","2023-11-16T07:18:13.547Z"
149419946,"BAF","1700119070","s","2000","25500","2751900","2023-11-16T07:18:02.575Z","2023-11-16T07:18:02.575Z"
149419808,"BAF","1700119065","s","800","25500","2749100","2023-11-16T07:17:58.528Z","2023-11-16T07:17:58.528Z"
149419511,"BAF","1700119058","b","800","25550","2749100","2023-11-16T07:17:50.551Z","2023-11-16T07:17:50.551Z"
149419510,"BAF","1700119058","b","200","25550","2749100","2023-11-16T07:17:50.551Z","2023-11-16T07:17:50.551Z"
149419461,"BAF","1700119056","s","200","25500","2748100","2023-11-16T07:17:48.550Z","2023-11-16T07:17:48.550Z"
149418807,"BAF","1700119031","b","100","25550","2747800","2023-11-16T07:17:24.542Z","2023-11-16T07:17:24.542Z"
149418443,"BAF","1700119018","b","6000","25550","2747800","2023-11-16T07:17:11.533Z","2023-11-16T07:17:11.533Z"
