"id","symbol","truncTime","matchType","matchVol","matchPrice","accumulatedVolume","createdAt","updatedAt"
149456655,"BCM","1700120690","unknown","55400","62400","298800","2023-11-16T07:45:02.548Z","2023-11-16T07:45:02.548Z"
149454925,"BCM","1700119775","s","100","62000","243300","2023-11-16T07:29:48.626Z","2023-11-16T07:29:48.626Z"
149454538,"BCM","1700119771","s","100","62000","243200","2023-11-16T07:29:43.627Z","2023-11-16T07:29:43.627Z"
149452325,"BCM","1700119745","b","100","62100","243100","2023-11-16T07:29:17.653Z","2023-11-16T07:29:17.653Z"
149451657,"BCM","1700119737","b","100","62000","243000","2023-11-16T07:29:10.583Z","2023-11-16T07:29:10.583Z"
149451632,"BCM","1700119737","s","300","61700","243000","2023-11-16T07:29:09.584Z","2023-11-16T07:29:09.584Z"
149451429,"BCM","1700119736","s","300","61700","242400","2023-11-16T07:29:08.617Z","2023-11-16T07:29:08.617Z"
149450410,"BCM","1700119722","s","200","61700","242000","2023-11-16T07:28:55.632Z","2023-11-16T07:28:55.632Z"
149450409,"BCM","1700119722","s","200","61700","242000","2023-11-16T07:28:55.632Z","2023-11-16T07:28:55.632Z"
149447941,"BCM","1700119685","s","300","61700","241700","2023-11-16T07:28:17.694Z","2023-11-16T07:28:17.694Z"
149445677,"BCM","1700119654","s","200","61700","241400","2023-11-16T07:27:47.628Z","2023-11-16T07:27:47.628Z"
149445676,"BCM","1700119654","s","100","61800","241400","2023-11-16T07:27:47.628Z","2023-11-16T07:27:47.628Z"
149440577,"BCM","1700119591","s","300","61700","241100","2023-11-16T07:26:44.691Z","2023-11-16T07:26:44.691Z"
149439631,"BCM","1700119582","b","100","62000","241000","2023-11-16T07:26:34.565Z","2023-11-16T07:26:34.565Z"
149438771,"BCM","1700119570","b","100","62000","240900","2023-11-16T07:26:22.670Z","2023-11-16T07:26:22.670Z"
149438563,"BCM","1700119568","b","100","62000","240800","2023-11-16T07:26:21.701Z","2023-11-16T07:26:21.701Z"
149437479,"BCM","1700119554","b","100","62000","240700","2023-11-16T07:26:06.650Z","2023-11-16T07:26:06.650Z"
149437209,"BCM","1700119549","b","100","62000","240600","2023-11-16T07:26:01.610Z","2023-11-16T07:26:01.610Z"
149436484,"BCM","1700119538","b","100","62000","240500","2023-11-16T07:25:50.549Z","2023-11-16T07:25:50.549Z"
149436040,"BCM","1700119529","b","100","62000","240400","2023-11-16T07:25:42.775Z","2023-11-16T07:25:42.775Z"
149435862,"BCM","1700119527","b","100","62000","240400","2023-11-16T07:25:40.730Z","2023-11-16T07:25:40.730Z"
149435745,"BCM","1700119524","b","100","62000","240200","2023-11-16T07:25:37.552Z","2023-11-16T07:25:37.552Z"
149435627,"BCM","1700119522","b","500","62000","239700","2023-11-16T07:25:34.585Z","2023-11-16T07:25:34.585Z"
149435518,"BCM","1700119520","b","100","62000","239600","2023-11-16T07:25:33.615Z","2023-11-16T07:25:33.615Z"
149434993,"BCM","1700119508","b","100","62000","239500","2023-11-16T07:25:20.681Z","2023-11-16T07:25:20.681Z"
149434146,"BCM","1700119492","b","100","62000","239400","2023-11-16T07:25:05.662Z","2023-11-16T07:25:05.662Z"
149433479,"BCM","1700119478","b","100","62000","239300","2023-11-16T07:24:50.578Z","2023-11-16T07:24:50.578Z"
149433094,"BCM","1700119469","b","100","62000","239200","2023-11-16T07:24:41.545Z","2023-11-16T07:24:41.545Z"
149432731,"BCM","1700119461","b","100","62000","239100","2023-11-16T07:24:33.539Z","2023-11-16T07:24:33.539Z"
149432300,"BCM","1700119452","b","100","62000","239000","2023-11-16T07:24:25.593Z","2023-11-16T07:24:25.593Z"
149431795,"BCM","1700119438","b","400","62000","236600","2023-11-16T07:24:11.539Z","2023-11-16T07:24:11.539Z"
149431794,"BCM","1700119438","b","500","62000","236600","2023-11-16T07:24:10.544Z","2023-11-16T07:24:10.544Z"
149431793,"BCM","1700119438","b","300","62000","236600","2023-11-16T07:24:10.544Z","2023-11-16T07:24:10.544Z"
149431792,"BCM","1700119438","b","200","62000","236600","2023-11-16T07:24:10.544Z","2023-11-16T07:24:10.544Z"
149431791,"BCM","1700119438","b","500","62000","236600","2023-11-16T07:24:10.544Z","2023-11-16T07:24:10.544Z"
149431790,"BCM","1700119438","b","500","62000","236600","2023-11-16T07:24:10.544Z","2023-11-16T07:24:10.544Z"
149431403,"BCM","1700119431","b","100","62000","236500","2023-11-16T07:24:04.538Z","2023-11-16T07:24:04.538Z"
149431101,"BCM","1700119423","s","100","61600","236500","2023-11-16T07:23:55.585Z","2023-11-16T07:23:55.585Z"
149431100,"BCM","1700119423","s","200","61600","236500","2023-11-16T07:23:55.585Z","2023-11-16T07:23:55.585Z"
149431056,"BCM","1700119421","b","100","62000","236100","2023-11-16T07:23:54.572Z","2023-11-16T07:23:54.572Z"
149430827,"BCM","1700119415","b","100","62000","236000","2023-11-16T07:23:48.617Z","2023-11-16T07:23:48.617Z"
149429782,"BCM","1700119389","s","200","61600","236000","2023-11-16T07:23:21.701Z","2023-11-16T07:23:21.701Z"
149429781,"BCM","1700119389","s","100","61600","236000","2023-11-16T07:23:21.701Z","2023-11-16T07:23:21.701Z"
149429076,"BCM","1700119375","s","100","61600","235600","2023-11-16T07:23:07.539Z","2023-11-16T07:23:07.539Z"
149428455,"BCM","1700119356","s","200","61600","235300","2023-11-16T07:22:49.671Z","2023-11-16T07:22:49.671Z"
149428454,"BCM","1700119356","s","100","61600","235300","2023-11-16T07:22:49.671Z","2023-11-16T07:22:49.671Z"
149427975,"BCM","1700119345","b","100","62000","235200","2023-11-16T07:22:38.550Z","2023-11-16T07:22:38.550Z"
149427512,"BCM","1700119328","b","100","62000","235100","2023-11-16T07:22:20.565Z","2023-11-16T07:22:20.565Z"
149427270,"BCM","1700119322","s","200","61500","234800","2023-11-16T07:22:14.528Z","2023-11-16T07:22:14.528Z"
149427269,"BCM","1700119322","s","100","61600","234800","2023-11-16T07:22:14.528Z","2023-11-16T07:22:14.528Z"
149426978,"BCM","1700119314","b","100","62000","234700","2023-11-16T07:22:06.562Z","2023-11-16T07:22:06.562Z"
149426534,"BCM","1700119298","b","100","62000","234600","2023-11-16T07:21:50.557Z","2023-11-16T07:21:50.557Z"
149426373,"BCM","1700119292","s","200","61500","234200","2023-11-16T07:21:44.597Z","2023-11-16T07:21:44.597Z"
149426372,"BCM","1700119292","s","200","61500","234200","2023-11-16T07:21:44.597Z","2023-11-16T07:21:44.597Z"
149426050,"BCM","1700119280","b","100","62000","234100","2023-11-16T07:21:33.564Z","2023-11-16T07:21:33.564Z"
149425889,"BCM","1700119276","b","100","62000","234000","2023-11-16T07:21:29.575Z","2023-11-16T07:21:29.575Z"
149425616,"BCM","1700119266","b","100","62000","233900","2023-11-16T07:21:18.643Z","2023-11-16T07:21:18.643Z"
149425257,"BCM","1700119256","s","300","61500","233600","2023-11-16T07:21:09.540Z","2023-11-16T07:21:09.540Z"
149424734,"BCM","1700119238","b","100","62000","233500","2023-11-16T07:20:50.545Z","2023-11-16T07:20:50.545Z"
149424356,"BCM","1700119227","s","200","61500","233200","2023-11-16T07:20:39.555Z","2023-11-16T07:20:39.555Z"
149424355,"BCM","1700119227","s","100","61600","233200","2023-11-16T07:20:39.555Z","2023-11-16T07:20:39.555Z"
149423349,"BCM","1700119191","s","300","61500","232900","2023-11-16T07:20:03.625Z","2023-11-16T07:20:03.625Z"
149423324,"BCM","1700119189","s","100","61500","232800","2023-11-16T07:20:01.538Z","2023-11-16T07:20:01.538Z"
149423148,"BCM","1700119180","s","400","61500","232400","2023-11-16T07:19:53.546Z","2023-11-16T07:19:53.546Z"
149422327,"BCM","1700119156","s","400","61500","232000","2023-11-16T07:19:29.539Z","2023-11-16T07:19:29.539Z"
149421972,"BCM","1700119140","s","100","61500","231600","2023-11-16T07:19:12.533Z","2023-11-16T07:19:12.533Z"
149421971,"BCM","1700119140","s","300","61500","231600","2023-11-16T07:19:12.533Z","2023-11-16T07:19:12.533Z"
149421423,"BCM","1700119120","s","300","61500","231300","2023-11-16T07:18:52.538Z","2023-11-16T07:18:52.538Z"
149420757,"BCM","1700119098","s","500","61500","230800","2023-11-16T07:18:30.535Z","2023-11-16T07:18:30.535Z"
149420457,"BCM","1700119086","s","200","61500","230800","2023-11-16T07:18:19.534Z","2023-11-16T07:18:19.534Z"
149420456,"BCM","1700119086","s","100","61800","230800","2023-11-16T07:18:19.534Z","2023-11-16T07:18:19.534Z"
149419421,"BCM","1700119054","s","400","61500","230500","2023-11-16T07:17:46.540Z","2023-11-16T07:17:46.540Z"
149419307,"BCM","1700119052","s","100","61500","229800","2023-11-16T07:17:44.540Z","2023-11-16T07:17:44.540Z"
149419306,"BCM","1700119052","s","100","61600","229800","2023-11-16T07:17:44.540Z","2023-11-16T07:17:44.540Z"
149419305,"BCM","1700119052","s","100","61600","229800","2023-11-16T07:17:44.540Z","2023-11-16T07:17:44.540Z"
149418513,"BCM","1700119020","s","300","61500","229500","2023-11-16T07:17:12.550Z","2023-11-16T07:17:12.550Z"
149418316,"BCM","1700119013","s","400","61500","229100","2023-11-16T07:17:05.521Z","2023-11-16T07:17:05.521Z"
149417619,"BCM","1700118988","s","100","61500","228700","2023-11-16T07:16:40.592Z","2023-11-16T07:16:40.592Z"
149417618,"BCM","1700118988","s","300","61600","228700","2023-11-16T07:16:40.592Z","2023-11-16T07:16:40.592Z"
149417141,"BCM","1700118970","s","100","61600","228300","2023-11-16T07:16:22.526Z","2023-11-16T07:16:22.526Z"
149417140,"BCM","1700118970","s","300","61600","228300","2023-11-16T07:16:22.526Z","2023-11-16T07:16:22.526Z"
149416645,"BCM","1700118953","s","300","61600","228300","2023-11-16T07:16:05.545Z","2023-11-16T07:16:05.545Z"
149416056,"BCM","1700118933","b","400","62000","227600","2023-11-16T07:15:45.558Z","2023-11-16T07:15:45.558Z"
149415852,"BCM","1700118927","s","200","61600","227200","2023-11-16T07:15:39.534Z","2023-11-16T07:15:39.534Z"
149415851,"BCM","1700118927","s","100","61600","227200","2023-11-16T07:15:39.534Z","2023-11-16T07:15:39.534Z"
149415850,"BCM","1700118927","s","100","61600","227200","2023-11-16T07:15:39.534Z","2023-11-16T07:15:39.534Z"
149415757,"BCM","1700118924","s","200","61600","227200","2023-11-16T07:15:37.533Z","2023-11-16T07:15:37.533Z"
149415756,"BCM","1700118924","s","100","61700","227200","2023-11-16T07:15:37.533Z","2023-11-16T07:15:37.533Z"
149414650,"BCM","1700118881","s","100","61700","226400","2023-11-16T07:14:53.559Z","2023-11-16T07:14:53.559Z"
149414649,"BCM","1700118881","s","200","61700","226400","2023-11-16T07:14:53.559Z","2023-11-16T07:14:53.559Z"
149414648,"BCM","1700118881","s","100","61700","226400","2023-11-16T07:14:53.559Z","2023-11-16T07:14:53.559Z"
149414647,"BCM","1700118881","s","100","61700","226400","2023-11-16T07:14:53.559Z","2023-11-16T07:14:53.559Z"
149413579,"BCM","1700118838","s","400","61700","226000","2023-11-16T07:14:11.592Z","2023-11-16T07:14:11.592Z"
149412599,"BCM","1700118795","s","400","61700","225600","2023-11-16T07:13:27.588Z","2023-11-16T07:13:27.588Z"
149411714,"BCM","1700118754","s","100","61700","225200","2023-11-16T07:12:46.570Z","2023-11-16T07:12:46.570Z"
149411713,"BCM","1700118754","s","300","61700","225200","2023-11-16T07:12:46.570Z","2023-11-16T07:12:46.570Z"
149410604,"BCM","1700118710","s","400","61700","224800","2023-11-16T07:12:03.528Z","2023-11-16T07:12:03.528Z"
149409423,"BCM","1700118669","s","500","61700","224300","2023-11-16T07:11:21.570Z","2023-11-16T07:11:21.570Z"
149409316,"BCM","1700118665","b","400","61900","223700","2023-11-16T07:11:17.583Z","2023-11-16T07:11:17.583Z"
149409315,"BCM","1700118665","b","200","61900","223700","2023-11-16T07:11:17.583Z","2023-11-16T07:11:17.583Z"
