"id","symbol","truncTime","matchType","matchVol","matchPrice","accumulatedVolume","createdAt","updatedAt"
149456638,"CIG","1700120690","unknown","1500","6000","111200","2023-11-16T07:45:02.548Z","2023-11-16T07:45:02.548Z"
149431726,"CIG","1700119436","b","3000","5970","108200","2023-11-16T07:24:08.553Z","2023-11-16T07:24:08.553Z"
149430986,"CIG","1700119420","b","700","5950","107500","2023-11-16T07:23:52.542Z","2023-11-16T07:23:52.542Z"
149429111,"CIG","1700119375","s","5000","5950","101200","2023-11-16T07:23:08.559Z","2023-11-16T07:23:08.559Z"
149429110,"CIG","1700119375","s","1300","5950","101200","2023-11-16T07:23:08.559Z","2023-11-16T07:23:08.559Z"
149428077,"CIG","1700119346","s","900","5970","101200","2023-11-16T07:22:39.623Z","2023-11-16T07:22:39.623Z"
149422468,"CIG","1700119162","b","1500","6000","98800","2023-11-16T07:19:34.562Z","2023-11-16T07:19:34.562Z"
149419626,"CIG","1700119061","b","1100","6000","97700","2023-11-16T07:17:53.547Z","2023-11-16T07:17:53.547Z"
149418946,"CIG","1700119036","b","3000","5970","97700","2023-11-16T07:17:29.536Z","2023-11-16T07:17:29.536Z"
149418945,"CIG","1700119036","b","1100","5970","97700","2023-11-16T07:17:29.536Z","2023-11-16T07:17:29.536Z"
149417255,"CIG","1700118975","s","100","5950","93600","2023-11-16T07:16:27.550Z","2023-11-16T07:16:27.550Z"
149406558,"CIG","1700118584","b","3600","5950","93500","2023-11-16T07:09:56.526Z","2023-11-16T07:09:56.526Z"
149401837,"CIG","1700118457","s","300","5900","89900","2023-11-16T07:07:49.536Z","2023-11-16T07:07:49.536Z"
149401836,"CIG","1700118457","s","100","5900","89900","2023-11-16T07:07:49.536Z","2023-11-16T07:07:49.536Z"
149400599,"CIG","1700118428","b","2000","5950","87500","2023-11-16T07:07:20.533Z","2023-11-16T07:07:20.533Z"
149400062,"CIG","1700118415","s","600","5900","86900","2023-11-16T07:07:07.531Z","2023-11-16T07:07:07.531Z"
149399637,"CIG","1700118402","s","300","5900","86900","2023-11-16T07:06:54.557Z","2023-11-16T07:06:54.557Z"
149399045,"CIG","1700118388","s","500","5900","86600","2023-11-16T07:06:41.512Z","2023-11-16T07:06:41.512Z"
149395976,"CIG","1700118308","s","200","5900","85900","2023-11-16T07:05:21.515Z","2023-11-16T07:05:21.515Z"
149391714,"CIG","1700118113","b","1000","5950","85900","2023-11-16T07:02:05.502Z","2023-11-16T07:02:05.502Z"
149391064,"CIG","1700118075","b","3000","5950","81900","2023-11-16T07:01:28.514Z","2023-11-16T07:01:28.514Z"
149390632,"CIG","1700118060","s","400","5950","81500","2023-11-16T07:01:12.504Z","2023-11-16T07:01:12.504Z"
149389739,"CIG","1700118012","s","500","5950","81500","2023-11-16T07:00:24.536Z","2023-11-16T07:00:24.536Z"
149387230,"CIG","1700117858","b","500","5970","81000","2023-11-16T06:57:50.507Z","2023-11-16T06:57:50.507Z"
149383141,"CIG","1700117662","b","1000","5970","80500","2023-11-16T06:54:34.510Z","2023-11-16T06:54:34.510Z"
149382597,"CIG","1700117633","b","1800","5900","79500","2023-11-16T06:54:05.520Z","2023-11-16T06:54:05.520Z"
149381865,"CIG","1700117595","b","1500","5900","76200","2023-11-16T06:53:27.495Z","2023-11-16T06:53:27.495Z"
149380949,"CIG","1700117554","s","100","5900","74500","2023-11-16T06:52:47.526Z","2023-11-16T06:52:47.526Z"
149380948,"CIG","1700117554","s","1500","5900","74500","2023-11-16T06:52:47.526Z","2023-11-16T06:52:47.526Z"
149380947,"CIG","1700117554","s","100","5950","74500","2023-11-16T06:52:47.526Z","2023-11-16T06:52:47.526Z"
149378866,"CIG","1700117466","b","400","5970","74500","2023-11-16T06:51:18.505Z","2023-11-16T06:51:18.505Z"
149378865,"CIG","1700117466","b","600","5970","74500","2023-11-16T06:51:18.505Z","2023-11-16T06:51:18.505Z"
149376845,"CIG","1700117379","b","900","5950","72600","2023-11-16T06:49:51.502Z","2023-11-16T06:49:51.502Z"
149370831,"CIG","1700117186","b","2000","5950","70600","2023-11-16T06:46:38.497Z","2023-11-16T06:46:38.497Z"
149367521,"CIG","1700117073","b","3000","5950","67600","2023-11-16T06:44:45.503Z","2023-11-16T06:44:45.503Z"
149359963,"CIG","1700116844","b","200","5950","67600","2023-11-16T06:40:56.502Z","2023-11-16T06:40:56.502Z"
149358113,"CIG","1700116790","s","100","5930","67400","2023-11-16T06:40:03.505Z","2023-11-16T06:40:03.505Z"
149358112,"CIG","1700116790","s","100","5930","67400","2023-11-16T06:40:03.505Z","2023-11-16T06:40:03.505Z"
149358111,"CIG","1700116790","s","800","5930","67400","2023-11-16T06:40:03.505Z","2023-11-16T06:40:03.505Z"
149355979,"CIG","1700116727","b","3000","5950","63400","2023-11-16T06:39:00.542Z","2023-11-16T06:39:00.542Z"
149353863,"CIG","1700116662","b","800","5950","63400","2023-11-16T06:37:54.532Z","2023-11-16T06:37:54.532Z"
149353826,"CIG","1700116661","s","100","5930","62600","2023-11-16T06:37:53.486Z","2023-11-16T06:37:53.486Z"
149352700,"CIG","1700116621","s","1000","5950","62500","2023-11-16T06:37:14.527Z","2023-11-16T06:37:14.527Z"
149347692,"CIG","1700116456","b","500","5970","61000","2023-11-16T06:34:29.556Z","2023-11-16T06:34:29.556Z"
149347130,"CIG","1700116439","b","100","5950","60900","2023-11-16T06:34:12.504Z","2023-11-16T06:34:12.504Z"
149343858,"CIG","1700116354","b","100","5950","60900","2023-11-16T06:32:46.524Z","2023-11-16T06:32:46.524Z"
149338295,"CIG","1700116233","b","1400","5950","60800","2023-11-16T06:30:45.504Z","2023-11-16T06:30:45.504Z"
149337765,"CIG","1700116216","b","1000","5950","59400","2023-11-16T06:30:28.511Z","2023-11-16T06:30:28.511Z"
149337512,"CIG","1700116210","b","200","5950","58400","2023-11-16T06:30:22.604Z","2023-11-16T06:30:22.604Z"
149335559,"CIG","1700116131","b","1500","5950","56700","2023-11-16T06:29:03.547Z","2023-11-16T06:29:03.547Z"
149335161,"CIG","1700116120","s","900","5950","56700","2023-11-16T06:28:52.500Z","2023-11-16T06:28:52.500Z"
149335081,"CIG","1700116116","b","1000","5970","54800","2023-11-16T06:28:49.498Z","2023-11-16T06:28:49.498Z"
149329400,"CIG","1700115860","b","800","5970","54000","2023-11-16T06:24:32.491Z","2023-11-16T06:24:32.491Z"
149326987,"CIG","1700115740","b","300","5950","54000","2023-11-16T06:22:32.473Z","2023-11-16T06:22:32.473Z"
149326986,"CIG","1700115740","b","1800","5950","54000","2023-11-16T06:22:32.473Z","2023-11-16T06:22:32.473Z"
149325934,"CIG","1700115682","b","1000","5950","50900","2023-11-16T06:21:35.472Z","2023-11-16T06:21:35.472Z"
149323125,"CIG","1700115553","b","5000","5950","45900","2023-11-16T06:19:26.468Z","2023-11-16T06:19:26.468Z"
149321042,"CIG","1700115477","b","1500","5950","44400","2023-11-16T06:18:09.478Z","2023-11-16T06:18:09.478Z"
149320843,"CIG","1700115470","b","4100","5930","44400","2023-11-16T06:18:02.479Z","2023-11-16T06:18:02.479Z"
149320413,"CIG","1700115456","s","1000","5930","37400","2023-11-16T06:17:48.501Z","2023-11-16T06:17:48.501Z"
149320412,"CIG","1700115456","s","100","5930","37400","2023-11-16T06:17:48.501Z","2023-11-16T06:17:48.501Z"
149320411,"CIG","1700115456","s","1800","5930","37400","2023-11-16T06:17:48.501Z","2023-11-16T06:17:48.501Z"
149319885,"CIG","1700115438","s","700","5950","36700","2023-11-16T06:17:31.509Z","2023-11-16T06:17:31.509Z"
149318645,"CIG","1700115398","b","1000","5970","35700","2023-11-16T06:16:51.474Z","2023-11-16T06:16:51.474Z"
149318420,"CIG","1700115391","b","2300","5950","35700","2023-11-16T06:16:44.521Z","2023-11-16T06:16:44.521Z"
149311720,"CIG","1700115225","b","300","5950","33100","2023-11-16T06:13:58.483Z","2023-11-16T06:13:58.483Z"
149308498,"CIG","1700115138","b","5000","5950","33100","2023-11-16T06:12:31.493Z","2023-11-16T06:12:31.493Z"
149306894,"CIG","1700115093","b","2400","5950","28100","2023-11-16T06:11:45.499Z","2023-11-16T06:11:45.499Z"
149301806,"CIG","1700114894","s","200","5930","25500","2023-11-16T06:08:26.474Z","2023-11-16T06:08:26.474Z"
149281686,"CIG","1700108788","s","500","5950","25500","2023-11-16T04:26:40.378Z","2023-11-16T04:26:40.378Z"
149271814,"CIG","1700108037","s","500","5950","25000","2023-11-16T04:14:09.370Z","2023-11-16T04:14:09.370Z"
149253933,"CIG","1700107027","b","1100","5970","24500","2023-11-16T03:57:19.359Z","2023-11-16T03:57:19.359Z"
149247179,"CIG","1700106600","s","700","5970","22700","2023-11-16T03:50:13.349Z","2023-11-16T03:50:13.349Z"
149240370,"CIG","1700106111","b","500","6000","21700","2023-11-16T03:42:03.366Z","2023-11-16T03:42:03.366Z"
149240369,"CIG","1700106111","b","500","5990","21700","2023-11-16T03:42:03.366Z","2023-11-16T03:42:03.366Z"
149232302,"CIG","1700105755","b","1500","6000","20200","2023-11-16T03:36:07.338Z","2023-11-16T03:36:07.338Z"
149221646,"CIG","1700105133","b","400","6000","19200","2023-11-16T03:25:45.378Z","2023-11-16T03:25:45.378Z"
149221645,"CIG","1700105133","b","600","6000","19200","2023-11-16T03:25:45.378Z","2023-11-16T03:25:45.378Z"
149214540,"CIG","1700104648","b","700","5970","19200","2023-11-16T03:17:40.344Z","2023-11-16T03:17:40.344Z"
149214539,"CIG","1700104648","b","700","5970","19200","2023-11-16T03:17:40.344Z","2023-11-16T03:17:40.344Z"
149214538,"CIG","1700104648","b","1900","5970","19200","2023-11-16T03:17:40.344Z","2023-11-16T03:17:40.344Z"
149203404,"CIG","1700104039","b","1000","5970","15900","2023-11-16T03:07:31.330Z","2023-11-16T03:07:31.330Z"
149198553,"CIG","1700103809","b","600","5950","14300","2023-11-16T03:03:42.357Z","2023-11-16T03:03:42.357Z"
149178335,"CIG","1700102977","b","500","5950","13800","2023-11-16T02:49:49.309Z","2023-11-16T02:49:49.309Z"
149171557,"CIG","1700102657","s","700","5950","13800","2023-11-16T02:44:29.305Z","2023-11-16T02:44:29.305Z"
149169211,"CIG","1700102555","b","300","5950","12800","2023-11-16T02:42:48.324Z","2023-11-16T02:42:48.324Z"
149168521,"CIG","1700102529","s","1000","5950","11700","2023-11-16T02:42:21.294Z","2023-11-16T02:42:21.294Z"
149168520,"CIG","1700102529","s","100","5950","11700","2023-11-16T02:42:21.294Z","2023-11-16T02:42:21.294Z"
149166510,"CIG","1700102447","s","1200","5960","10500","2023-11-16T02:41:00.277Z","2023-11-16T02:41:00.277Z"
149161475,"CIG","1700102201","b","1100","5970","10500","2023-11-16T02:36:53.320Z","2023-11-16T02:36:53.320Z"
149161263,"CIG","1700102190","s","1000","5970","8400","2023-11-16T02:36:42.282Z","2023-11-16T02:36:42.282Z"
149157123,"CIG","1700101988","s","100","5980","7700","2023-11-16T02:33:20.300Z","2023-11-16T02:33:20.300Z"
149157122,"CIG","1700101988","s","600","5980","7700","2023-11-16T02:33:20.300Z","2023-11-16T02:33:20.300Z"
149133844,"CIG","1700101147","s","900","5980","7700","2023-11-16T02:19:19.277Z","2023-11-16T02:19:19.277Z"
149133843,"CIG","1700101147","s","100","5980","7700","2023-11-16T02:19:19.277Z","2023-11-16T02:19:19.277Z"
149130101,"CIG","1700101025","s","1400","6000","5300","2023-11-16T02:17:17.294Z","2023-11-16T02:17:17.294Z"
149129360,"CIG","1700101002","b","100","6000","5300","2023-11-16T02:16:55.295Z","2023-11-16T02:16:55.295Z"
149128940,"CIG","1700100987","s","900","6000","4300","2023-11-16T02:16:39.275Z","2023-11-16T02:16:39.275Z"
149128903,"CIG","1700100986","b","1500","6020","2800","2023-11-16T02:16:38.347Z","2023-11-16T02:16:38.347Z"
149128585,"CIG","1700100977","b","100","6000","2800","2023-11-16T02:16:29.284Z","2023-11-16T02:16:29.284Z"
