"id","symbol","truncTime","matchType","matchVol","matchPrice","accumulatedVolume","createdAt","updatedAt"
149456753,"DXS","1700120693","unknown","111700","7100","1531400","2023-11-16T07:45:05.576Z","2023-11-16T07:45:05.576Z"
149454518,"DXS","1700119771","b","100","7030","1406700","2023-11-16T07:29:43.627Z","2023-11-16T07:29:43.627Z"
149454517,"DXS","1700119771","b","5000","7030","1406700","2023-11-16T07:29:43.627Z","2023-11-16T07:29:43.627Z"
149454516,"DXS","1700119771","b","2000","7030","1406700","2023-11-16T07:29:43.627Z","2023-11-16T07:29:43.627Z"
149454515,"DXS","1700119771","b","4000","7030","1406700","2023-11-16T07:29:43.627Z","2023-11-16T07:29:43.627Z"
149454514,"DXS","1700119771","b","1100","7030","1406700","2023-11-16T07:29:43.627Z","2023-11-16T07:29:43.627Z"
149454513,"DXS","1700119771","b","800","7020","1406700","2023-11-16T07:29:43.627Z","2023-11-16T07:29:43.627Z"
149454500,"DXS","1700119771","b","200","7020","1406700","2023-11-16T07:29:42.642Z","2023-11-16T07:29:42.642Z"
149454499,"DXS","1700119771","b","300","7020","1406700","2023-11-16T07:29:42.642Z","2023-11-16T07:29:42.642Z"
149454498,"DXS","1700119771","b","500","7020","1406700","2023-11-16T07:29:42.642Z","2023-11-16T07:29:42.642Z"
149453443,"DXS","1700119757","b","100","7020","1390700","2023-11-16T07:29:30.588Z","2023-11-16T07:29:30.588Z"
149453442,"DXS","1700119757","b","1000","7020","1390700","2023-11-16T07:29:30.588Z","2023-11-16T07:29:30.588Z"
149453441,"DXS","1700119757","b","10000","7020","1390700","2023-11-16T07:29:30.588Z","2023-11-16T07:29:30.588Z"
149453440,"DXS","1700119757","b","3900","7020","1390700","2023-11-16T07:29:30.588Z","2023-11-16T07:29:30.588Z"
149452881,"DXS","1700119751","b","100","7020","1390700","2023-11-16T07:29:23.742Z","2023-11-16T07:29:23.742Z"
149452667,"DXS","1700119749","s","100","7010","1390500","2023-11-16T07:29:21.694Z","2023-11-16T07:29:21.694Z"
149451894,"DXS","1700119741","b","1000","7020","1390500","2023-11-16T07:29:13.572Z","2023-11-16T07:29:13.572Z"
149451893,"DXS","1700119741","b","1000","7020","1390500","2023-11-16T07:29:13.572Z","2023-11-16T07:29:13.572Z"
149451811,"DXS","1700119740","s","100","7010","1388400","2023-11-16T07:29:12.642Z","2023-11-16T07:29:12.642Z"
149451002,"DXS","1700119729","s","3000","7010","1383900","2023-11-16T07:29:02.550Z","2023-11-16T07:29:02.550Z"
149451001,"DXS","1700119729","b","1500","7010","1383900","2023-11-16T07:29:02.550Z","2023-11-16T07:29:02.550Z"
149450933,"DXS","1700119728","b","5000","7010","1378900","2023-11-16T07:29:01.593Z","2023-11-16T07:29:01.593Z"
149449958,"DXS","1700119717","s","100","7000","1378900","2023-11-16T07:28:49.617Z","2023-11-16T07:28:49.617Z"
149449595,"DXS","1700119712","b","200","7000","1378400","2023-11-16T07:28:44.555Z","2023-11-16T07:28:44.555Z"
149449594,"DXS","1700119712","b","200","7000","1378400","2023-11-16T07:28:44.555Z","2023-11-16T07:28:44.555Z"
149448507,"DXS","1700119694","b","100","7000","1378300","2023-11-16T07:28:26.574Z","2023-11-16T07:28:26.574Z"
149448229,"DXS","1700119690","b","5000","7000","1373300","2023-11-16T07:28:23.600Z","2023-11-16T07:28:23.600Z"
149448215,"DXS","1700119690","b","2400","7000","1370900","2023-11-16T07:28:23.600Z","2023-11-16T07:28:23.600Z"
149447380,"DXS","1700119678","b","1000","7000","1370900","2023-11-16T07:28:10.551Z","2023-11-16T07:28:10.551Z"
149447323,"DXS","1700119677","b","300","7000","1369600","2023-11-16T07:28:09.611Z","2023-11-16T07:28:09.611Z"
149447316,"DXS","1700119677","s","1000","7000","1368600","2023-11-16T07:28:09.611Z","2023-11-16T07:28:09.611Z"
149446151,"DXS","1700119662","s","1000","7000","1367600","2023-11-16T07:27:55.577Z","2023-11-16T07:27:55.577Z"
149445892,"DXS","1700119657","b","100","7000","1354600","2023-11-16T07:27:49.702Z","2023-11-16T07:27:49.702Z"
149445891,"DXS","1700119657","b","12900","7000","1354600","2023-11-16T07:27:49.702Z","2023-11-16T07:27:49.702Z"
149445729,"DXS","1700119656","b","30000","7000","1324600","2023-11-16T07:27:48.562Z","2023-11-16T07:27:48.562Z"
149445175,"DXS","1700119649","b","800","7000","1323800","2023-11-16T07:27:41.827Z","2023-11-16T07:27:41.827Z"
149444585,"DXS","1700119642","s","2600","6990","1313800","2023-11-16T07:27:34.563Z","2023-11-16T07:27:34.563Z"
149444584,"DXS","1700119642","s","600","6990","1313800","2023-11-16T07:27:34.563Z","2023-11-16T07:27:34.563Z"
149444583,"DXS","1700119642","s","6800","6990","1313800","2023-11-16T07:27:34.563Z","2023-11-16T07:27:34.563Z"
149444552,"DXS","1700119641","b","4600","7000","1308800","2023-11-16T07:27:33.570Z","2023-11-16T07:27:33.570Z"
149444551,"DXS","1700119641","b","400","7000","1308800","2023-11-16T07:27:33.570Z","2023-11-16T07:27:33.570Z"
149444425,"DXS","1700119638","b","4600","7000","1303800","2023-11-16T07:27:31.587Z","2023-11-16T07:27:31.587Z"
149444424,"DXS","1700119638","b","400","7000","1303800","2023-11-16T07:27:31.587Z","2023-11-16T07:27:31.587Z"
149443899,"DXS","1700119631","b","700","7000","1303100","2023-11-16T07:27:24.588Z","2023-11-16T07:27:24.588Z"
149441423,"DXS","1700119601","b","5000","7000","1298100","2023-11-16T07:26:53.615Z","2023-11-16T07:26:53.615Z"
149441366,"DXS","1700119600","b","5000","6990","1288900","2023-11-16T07:26:52.602Z","2023-11-16T07:26:52.602Z"
149441365,"DXS","1700119600","b","4200","6990","1288900","2023-11-16T07:26:52.602Z","2023-11-16T07:26:52.602Z"
149441096,"DXS","1700119597","b","800","6990","1286900","2023-11-16T07:26:49.578Z","2023-11-16T07:26:49.578Z"
149441095,"DXS","1700119597","b","600","6990","1286900","2023-11-16T07:26:49.578Z","2023-11-16T07:26:49.578Z"
149441094,"DXS","1700119597","b","600","6990","1286900","2023-11-16T07:26:49.578Z","2023-11-16T07:26:49.578Z"
149440360,"DXS","1700119588","b","400","6990","1286500","2023-11-16T07:26:40.633Z","2023-11-16T07:26:40.633Z"
149439774,"DXS","1700119584","b","2000","6990","1284500","2023-11-16T07:26:36.643Z","2023-11-16T07:26:36.643Z"
149434619,"DXS","1700119502","b","1000","6980","1283500","2023-11-16T07:25:14.548Z","2023-11-16T07:25:14.548Z"
149433608,"DXS","1700119481","b","1000","6980","1282500","2023-11-16T07:24:54.553Z","2023-11-16T07:24:54.553Z"
149428343,"DXS","1700119353","b","800","6980","1281700","2023-11-16T07:22:46.579Z","2023-11-16T07:22:46.579Z"
149428342,"DXS","1700119353","s","9000","6920","1269500","2023-11-16T07:22:46.579Z","2023-11-16T07:22:46.579Z"
149428341,"DXS","1700119353","s","1500","6930","1269500","2023-11-16T07:22:46.579Z","2023-11-16T07:22:46.579Z"
149428340,"DXS","1700119353","s","100","6930","1269500","2023-11-16T07:22:46.579Z","2023-11-16T07:22:46.579Z"
149428339,"DXS","1700119353","s","100","6930","1269500","2023-11-16T07:22:46.579Z","2023-11-16T07:22:46.579Z"
149428338,"DXS","1700119353","s","500","6930","1269500","2023-11-16T07:22:46.579Z","2023-11-16T07:22:46.579Z"
149428337,"DXS","1700119353","s","500","6940","1269500","2023-11-16T07:22:46.579Z","2023-11-16T07:22:46.579Z"
149428336,"DXS","1700119353","s","100","6940","1269500","2023-11-16T07:22:46.579Z","2023-11-16T07:22:46.579Z"
149428335,"DXS","1700119353","s","400","6940","1269500","2023-11-16T07:22:46.579Z","2023-11-16T07:22:46.579Z"
149428331,"DXS","1700119353","s","2600","6950","1230900","2023-11-16T07:22:46.579Z","2023-11-16T07:22:46.579Z"
149428330,"DXS","1700119353","s","1500","6950","1230900","2023-11-16T07:22:46.579Z","2023-11-16T07:22:46.579Z"
149428329,"DXS","1700119353","s","100","6950","1230900","2023-11-16T07:22:46.579Z","2023-11-16T07:22:46.579Z"
149428328,"DXS","1700119353","s","500","6950","1230900","2023-11-16T07:22:46.579Z","2023-11-16T07:22:46.579Z"
149428327,"DXS","1700119353","s","200","6950","1230900","2023-11-16T07:22:46.579Z","2023-11-16T07:22:46.579Z"
149428326,"DXS","1700119353","s","2000","6950","1230900","2023-11-16T07:22:46.579Z","2023-11-16T07:22:46.579Z"
149428325,"DXS","1700119353","s","100","6950","1230900","2023-11-16T07:22:46.579Z","2023-11-16T07:22:46.579Z"
149428324,"DXS","1700119353","s","2000","6950","1230900","2023-11-16T07:22:46.579Z","2023-11-16T07:22:46.579Z"
149428323,"DXS","1700119353","s","2000","6960","1230900","2023-11-16T07:22:46.579Z","2023-11-16T07:22:46.579Z"
149428322,"DXS","1700119353","s","1000","6960","1230900","2023-11-16T07:22:46.579Z","2023-11-16T07:22:46.579Z"
149428321,"DXS","1700119353","s","1000","6960","1230900","2023-11-16T07:22:46.579Z","2023-11-16T07:22:46.579Z"
149428320,"DXS","1700119353","s","1000","6960","1230900","2023-11-16T07:22:46.579Z","2023-11-16T07:22:46.579Z"
149428319,"DXS","1700119353","s","13000","6960","1230900","2023-11-16T07:22:46.579Z","2023-11-16T07:22:46.579Z"
149428318,"DXS","1700119353","s","500","6960","1230900","2023-11-16T07:22:46.579Z","2023-11-16T07:22:46.579Z"
149428317,"DXS","1700119353","s","400","6960","1230900","2023-11-16T07:22:46.579Z","2023-11-16T07:22:46.579Z"
149428316,"DXS","1700119353","s","1000","6970","1230900","2023-11-16T07:22:46.579Z","2023-11-16T07:22:46.579Z"
149428315,"DXS","1700119353","s","1000","6970","1230900","2023-11-16T07:22:46.579Z","2023-11-16T07:22:46.579Z"
149428314,"DXS","1700119353","s","5000","6970","1230900","2023-11-16T07:22:46.579Z","2023-11-16T07:22:46.579Z"
149428313,"DXS","1700119353","s","500","6970","1230900","2023-11-16T07:22:46.579Z","2023-11-16T07:22:46.579Z"
149428312,"DXS","1700119353","s","3200","6970","1230900","2023-11-16T07:22:46.579Z","2023-11-16T07:22:46.579Z"
149428237,"DXS","1700119350","b","200","6980","1230400","2023-11-16T07:22:43.563Z","2023-11-16T07:22:43.563Z"
149428236,"DXS","1700119350","b","300","6980","1230400","2023-11-16T07:22:43.563Z","2023-11-16T07:22:43.563Z"
149428120,"DXS","1700119347","b","700","6980","1230400","2023-11-16T07:22:40.558Z","2023-11-16T07:22:40.558Z"
149428119,"DXS","1700119347","b","700","6980","1230400","2023-11-16T07:22:40.558Z","2023-11-16T07:22:40.558Z"
149425729,"DXS","1700119269","s","300","6970","1228700","2023-11-16T07:21:21.573Z","2023-11-16T07:21:21.573Z"
149425236,"DXS","1700119255","s","5000","6970","1223700","2023-11-16T07:21:08.527Z","2023-11-16T07:21:08.527Z"
149424547,"DXS","1700119232","s","1000","6970","1223700","2023-11-16T07:20:45.550Z","2023-11-16T07:20:45.550Z"
149424043,"DXS","1700119216","s","100","6970","1222600","2023-11-16T07:20:29.551Z","2023-11-16T07:20:29.551Z"
149424023,"DXS","1700119215","s","200","6970","1222400","2023-11-16T07:20:28.558Z","2023-11-16T07:20:28.558Z"
149423925,"DXS","1700119210","s","200","6970","1222200","2023-11-16T07:20:22.532Z","2023-11-16T07:20:22.532Z"
149422829,"DXS","1700119171","s","200","6960","1222000","2023-11-16T07:19:43.569Z","2023-11-16T07:19:43.569Z"
149422154,"DXS","1700119147","s","900","6970","1221100","2023-11-16T07:19:19.550Z","2023-11-16T07:19:19.550Z"
149421665,"DXS","1700119129","b","100","6980","1221000","2023-11-16T07:19:01.531Z","2023-11-16T07:19:01.531Z"
149421292,"DXS","1700119114","b","1300","6980","1219700","2023-11-16T07:18:46.538Z","2023-11-16T07:18:46.538Z"
149419629,"DXS","1700119061","s","400","6960","1218600","2023-11-16T07:17:53.547Z","2023-11-16T07:17:53.547Z"
149419628,"DXS","1700119061","s","700","6960","1218600","2023-11-16T07:17:53.547Z","2023-11-16T07:17:53.547Z"
149419200,"DXS","1700119048","s","100","6960","1218500","2023-11-16T07:17:40.535Z","2023-11-16T07:17:40.535Z"
