"id","symbol","truncTime","matchType","matchVol","matchPrice","accumulatedVolume","createdAt","updatedAt"
149456814,"PVD","1700120694","unknown","228300","27300","2519200","2023-11-16T07:45:06.604Z","2023-11-16T07:45:06.604Z"
149455698,"PVD","1700119785","b","100","27100","2290900","2023-11-16T07:29:58.582Z","2023-11-16T07:29:58.582Z"
149455697,"PVD","1700119785","b","900","27100","2290900","2023-11-16T07:29:58.582Z","2023-11-16T07:29:58.582Z"
149455696,"PVD","1700119785","b","200","27100","2290900","2023-11-16T07:29:58.582Z","2023-11-16T07:29:58.582Z"
149455695,"PVD","1700119785","b","200","27100","2290900","2023-11-16T07:29:58.582Z","2023-11-16T07:29:58.582Z"
149455694,"PVD","1700119785","b","100","27100","2290900","2023-11-16T07:29:58.582Z","2023-11-16T07:29:58.582Z"
149455693,"PVD","1700119785","b","100","27100","2290900","2023-11-16T07:29:58.582Z","2023-11-16T07:29:58.582Z"
149455692,"PVD","1700119785","b","100","27100","2290900","2023-11-16T07:29:58.582Z","2023-11-16T07:29:58.582Z"
149455691,"PVD","1700119785","b","200","27100","2290900","2023-11-16T07:29:58.582Z","2023-11-16T07:29:58.582Z"
149455690,"PVD","1700119785","b","2500","27100","2290900","2023-11-16T07:29:58.582Z","2023-11-16T07:29:58.582Z"
149455492,"PVD","1700119783","b","200","27100","2286500","2023-11-16T07:29:56.684Z","2023-11-16T07:29:56.684Z"
149454418,"PVD","1700119769","s","5000","27050","2281300","2023-11-16T07:29:41.778Z","2023-11-16T07:29:41.778Z"
149453921,"PVD","1700119764","b","200","27050","2217800","2023-11-16T07:29:36.562Z","2023-11-16T07:29:36.562Z"
149453920,"PVD","1700119764","b","100","27050","2217800","2023-11-16T07:29:36.562Z","2023-11-16T07:29:36.562Z"
149453919,"PVD","1700119764","b","63200","27050","2217800","2023-11-16T07:29:36.562Z","2023-11-16T07:29:36.562Z"
149453838,"PVD","1700119763","b","600","27050","2217200","2023-11-16T07:29:35.576Z","2023-11-16T07:29:35.576Z"
149453808,"PVD","1700119762","s","200","27000","2217000","2023-11-16T07:29:35.576Z","2023-11-16T07:29:35.576Z"
149452388,"PVD","1700119746","b","10000","27050","2207000","2023-11-16T07:29:18.614Z","2023-11-16T07:29:18.614Z"
149452356,"PVD","1700119745","s","100","27000","2206900","2023-11-16T07:29:17.653Z","2023-11-16T07:29:17.653Z"
149451129,"PVD","1700119732","b","300","27050","2206600","2023-11-16T07:29:04.571Z","2023-11-16T07:29:04.571Z"
149451058,"PVD","1700119730","s","100","27000","2206500","2023-11-16T07:29:03.553Z","2023-11-16T07:29:03.553Z"
149451024,"PVD","1700119729","s","500","27000","2206000","2023-11-16T07:29:02.550Z","2023-11-16T07:29:02.550Z"
149450447,"PVD","1700119723","b","500","27050","2205500","2023-11-16T07:28:56.593Z","2023-11-16T07:28:56.593Z"
149449784,"PVD","1700119714","b","500","27050","2205000","2023-11-16T07:28:46.615Z","2023-11-16T07:28:46.615Z"
149449514,"PVD","1700119710","b","2000","27050","2203000","2023-11-16T07:28:43.637Z","2023-11-16T07:28:43.637Z"
149449473,"PVD","1700119710","b","100","27050","2203000","2023-11-16T07:28:42.619Z","2023-11-16T07:28:42.619Z"
149449433,"PVD","1700119709","b","800","27050","2200900","2023-11-16T07:28:41.746Z","2023-11-16T07:28:41.746Z"
149449432,"PVD","1700119709","b","700","27050","2200900","2023-11-16T07:28:41.746Z","2023-11-16T07:28:41.746Z"
149449431,"PVD","1700119709","b","500","27050","2200900","2023-11-16T07:28:41.746Z","2023-11-16T07:28:41.746Z"
149449329,"PVD","1700119708","b","200","27050","2200600","2023-11-16T07:28:40.564Z","2023-11-16T07:28:40.564Z"
149449325,"PVD","1700119707","b","100","27050","2200600","2023-11-16T07:28:40.564Z","2023-11-16T07:28:40.564Z"
149449308,"PVD","1700119707","b","100","27050","2200500","2023-11-16T07:28:39.560Z","2023-11-16T07:28:39.560Z"
149449197,"PVD","1700119704","b","1100","27050","2199400","2023-11-16T07:28:37.636Z","2023-11-16T07:28:37.636Z"
149448944,"PVD","1700119701","b","1000","27050","2198400","2023-11-16T07:28:34.559Z","2023-11-16T07:28:34.559Z"
149448923,"PVD","1700119701","b","200","27050","2198200","2023-11-16T07:28:33.603Z","2023-11-16T07:28:33.603Z"
149448719,"PVD","1700119697","b","1500","27050","2196700","2023-11-16T07:28:30.575Z","2023-11-16T07:28:30.575Z"
149448697,"PVD","1700119697","b","300","27050","2193700","2023-11-16T07:28:30.575Z","2023-11-16T07:28:30.575Z"
149448696,"PVD","1700119697","b","1000","27050","2193700","2023-11-16T07:28:30.575Z","2023-11-16T07:28:30.575Z"
149448695,"PVD","1700119697","b","1700","27050","2193700","2023-11-16T07:28:30.575Z","2023-11-16T07:28:30.575Z"
149448221,"PVD","1700119690","b","3000","27050","2193700","2023-11-16T07:28:23.600Z","2023-11-16T07:28:23.600Z"
149447951,"PVD","1700119686","b","300","27050","2190400","2023-11-16T07:28:18.611Z","2023-11-16T07:28:18.611Z"
149446199,"PVD","1700119663","s","1000","27000","2189400","2023-11-16T07:27:56.633Z","2023-11-16T07:27:56.633Z"
149445689,"PVD","1700119655","s","100","27000","2189300","2023-11-16T07:27:47.628Z","2023-11-16T07:27:47.628Z"
149444305,"PVD","1700119637","s","3100","27000","2189300","2023-11-16T07:27:29.605Z","2023-11-16T07:27:29.605Z"
149443864,"PVD","1700119631","s","1100","27000","2185100","2023-11-16T07:27:23.666Z","2023-11-16T07:27:23.666Z"
149442694,"PVD","1700119614","s","2900","27000","2180600","2023-11-16T07:27:06.716Z","2023-11-16T07:27:06.716Z"
149442693,"PVD","1700119614","s","500","27000","2180600","2023-11-16T07:27:06.716Z","2023-11-16T07:27:06.716Z"
149442692,"PVD","1700119614","s","1100","27000","2180600","2023-11-16T07:27:06.716Z","2023-11-16T07:27:06.716Z"
149441704,"PVD","1700119605","b","200","27000","2180600","2023-11-16T07:26:57.702Z","2023-11-16T07:26:57.702Z"
149441703,"PVD","1700119605","b","3400","27000","2180600","2023-11-16T07:26:57.702Z","2023-11-16T07:26:57.702Z"
149441633,"PVD","1700119604","b","1100","27000","2175900","2023-11-16T07:26:57.702Z","2023-11-16T07:26:57.702Z"
149441547,"PVD","1700119602","s","900","26950","2164200","2023-11-16T07:26:55.584Z","2023-11-16T07:26:55.584Z"
149441546,"PVD","1700119602","s","300","26950","2164200","2023-11-16T07:26:55.584Z","2023-11-16T07:26:55.584Z"
149441545,"PVD","1700119602","s","500","26950","2164200","2023-11-16T07:26:55.584Z","2023-11-16T07:26:55.584Z"
149441544,"PVD","1700119602","s","100","26950","2164200","2023-11-16T07:26:55.584Z","2023-11-16T07:26:55.584Z"
149441543,"PVD","1700119602","s","200","26950","2164200","2023-11-16T07:26:55.584Z","2023-11-16T07:26:55.584Z"
149441542,"PVD","1700119602","s","500","26950","2164200","2023-11-16T07:26:55.584Z","2023-11-16T07:26:55.584Z"
149441541,"PVD","1700119602","s","200","26950","2164200","2023-11-16T07:26:55.584Z","2023-11-16T07:26:55.584Z"
149441540,"PVD","1700119602","s","9000","26950","2164200","2023-11-16T07:26:55.584Z","2023-11-16T07:26:55.584Z"
149441411,"PVD","1700119600","b","1000","27000","2163200","2023-11-16T07:26:53.615Z","2023-11-16T07:26:53.615Z"
149441280,"PVD","1700119598","b","3000","27000","2160200","2023-11-16T07:26:51.552Z","2023-11-16T07:26:51.552Z"
149440969,"PVD","1700119595","b","1000","27000","2159200","2023-11-16T07:26:47.725Z","2023-11-16T07:26:47.725Z"
149440800,"PVD","1700119594","b","300","27000","2158900","2023-11-16T07:26:46.660Z","2023-11-16T07:26:46.660Z"
149440614,"PVD","1700119591","b","200","27000","2157900","2023-11-16T07:26:44.691Z","2023-11-16T07:26:44.691Z"
149440613,"PVD","1700119591","b","800","27000","2157900","2023-11-16T07:26:44.691Z","2023-11-16T07:26:44.691Z"
149440359,"PVD","1700119588","b","600","27000","2148900","2023-11-16T07:26:40.633Z","2023-11-16T07:26:40.633Z"
149440358,"PVD","1700119588","b","200","27000","2148900","2023-11-16T07:26:40.633Z","2023-11-16T07:26:40.633Z"
149440357,"PVD","1700119588","b","8200","27000","2148900","2023-11-16T07:26:40.633Z","2023-11-16T07:26:40.633Z"
149439923,"PVD","1700119585","s","2000","26950","2146900","2023-11-16T07:26:37.681Z","2023-11-16T07:26:37.681Z"
149439408,"PVD","1700119579","b","10000","27000","2136900","2023-11-16T07:26:32.563Z","2023-11-16T07:26:32.563Z"
149439364,"PVD","1700119579","b","1000","27000","2135900","2023-11-16T07:26:31.633Z","2023-11-16T07:26:31.633Z"
149438485,"PVD","1700119568","b","3000","27000","2132900","2023-11-16T07:26:20.582Z","2023-11-16T07:26:20.582Z"
149437583,"PVD","1700119555","b","200","27000","2132700","2023-11-16T07:26:07.668Z","2023-11-16T07:26:07.668Z"
149436005,"PVD","1700119529","b","1000","27000","2131700","2023-11-16T07:25:41.629Z","2023-11-16T07:25:41.629Z"
149435731,"PVD","1700119524","b","1000","27000","2130700","2023-11-16T07:25:37.552Z","2023-11-16T07:25:37.552Z"
149435717,"PVD","1700119524","s","500","27000","2124300","2023-11-16T07:25:36.605Z","2023-11-16T07:25:36.605Z"
149435716,"PVD","1700119524","s","1000","27000","2124300","2023-11-16T07:25:36.605Z","2023-11-16T07:25:36.605Z"
149435715,"PVD","1700119524","s","4900","27000","2124300","2023-11-16T07:25:36.605Z","2023-11-16T07:25:36.605Z"
149434705,"PVD","1700119504","s","100","27000","2114300","2023-11-16T07:25:16.566Z","2023-11-16T07:25:16.566Z"
149434704,"PVD","1700119504","s","400","27000","2114300","2023-11-16T07:25:16.566Z","2023-11-16T07:25:16.566Z"
149434703,"PVD","1700119504","s","400","27000","2114300","2023-11-16T07:25:16.566Z","2023-11-16T07:25:16.566Z"
149434702,"PVD","1700119504","s","500","27000","2114300","2023-11-16T07:25:16.566Z","2023-11-16T07:25:16.566Z"
149434701,"PVD","1700119504","s","500","27000","2114300","2023-11-16T07:25:16.566Z","2023-11-16T07:25:16.566Z"
149434700,"PVD","1700119504","s","700","27000","2114300","2023-11-16T07:25:16.566Z","2023-11-16T07:25:16.566Z"
149434699,"PVD","1700119504","s","1000","27000","2114300","2023-11-16T07:25:16.566Z","2023-11-16T07:25:16.566Z"
149434698,"PVD","1700119504","s","2000","27000","2114300","2023-11-16T07:25:16.566Z","2023-11-16T07:25:16.566Z"
149434697,"PVD","1700119504","s","1000","27000","2114300","2023-11-16T07:25:16.566Z","2023-11-16T07:25:16.566Z"
149434696,"PVD","1700119504","s","3400","27000","2114300","2023-11-16T07:25:16.566Z","2023-11-16T07:25:16.566Z"
149434585,"PVD","1700119501","s","3600","27000","2107300","2023-11-16T07:25:13.614Z","2023-11-16T07:25:13.614Z"
149434584,"PVD","1700119501","s","1000","27000","2107300","2023-11-16T07:25:13.614Z","2023-11-16T07:25:13.614Z"
149434583,"PVD","1700119501","s","2400","27000","2107300","2023-11-16T07:25:13.614Z","2023-11-16T07:25:13.614Z"
149433836,"PVD","1700119487","b","1000","27050","2106300","2023-11-16T07:25:00.630Z","2023-11-16T07:25:00.630Z"
149433715,"PVD","1700119484","b","500","27050","2105800","2023-11-16T07:24:57.586Z","2023-11-16T07:24:57.586Z"
149433709,"PVD","1700119484","s","300","27000","2105500","2023-11-16T07:24:56.542Z","2023-11-16T07:24:56.542Z"
149433598,"PVD","1700119481","s","300","27000","2104900","2023-11-16T07:24:54.553Z","2023-11-16T07:24:54.553Z"
149433597,"PVD","1700119481","s","300","27000","2104900","2023-11-16T07:24:54.553Z","2023-11-16T07:24:54.553Z"
149432218,"PVD","1700119450","s","200","27000","2103700","2023-11-16T07:24:23.552Z","2023-11-16T07:24:23.552Z"
149432217,"PVD","1700119450","s","500","27000","2103700","2023-11-16T07:24:23.552Z","2023-11-16T07:24:23.552Z"
149432216,"PVD","1700119450","s","500","27000","2103700","2023-11-16T07:24:23.552Z","2023-11-16T07:24:23.552Z"
149431160,"PVD","1700119426","s","700","27000","2103000","2023-11-16T07:23:58.630Z","2023-11-16T07:23:58.630Z"
