"Stockcode","Package","TradingDate","Price","Vol","TotalVol","TotalVal","Change","IsBuy","PerChange"
"BCG",144424,"/Date(1700725502000)/",8400,2119300,13848900,124317000000,-500,true,-5.62
"BCG",142923,"/Date(1700724600000)/",8950,300,11729600,106515000000,50,true,0.56
"BCG",142923,"/Date(1700724599000)/",8950,500,11729300,106512000000,50,true,0.56
"BCG",142923,"/Date(1700724599000)/",8950,100,11728800,106508000000,50,true,0.56
"BCG",142923,"/Date(1700724599000)/",8950,200,11728700,106507000000,50,true,0.56
"BCG",142923,"/Date(1700724599000)/",8950,2000,11728500,106505000000,50,true,0.56
"BCG",142923,"/Date(1700724599000)/",8950,500,11726500,106487000000,50,true,0.56
"BCG",142923,"/Date(1700724599000)/",8950,5500,11726000,106483000000,50,true,0.56
"BCG",142923,"/Date(1700724599000)/",8950,2000,11720500,106434000000,50,true,0.56
"BCG",142919,"/Date(1700724594000)/",8950,2500,11718500,106416000000,50,true,0.56
"BCG",142919,"/Date(1700724594000)/",8950,17800,11716000,106393000000,50,true,0.56
"BCG",142916,"/Date(1700724590000)/",8950,12200,11698200,106234000000,50,false,0.56
"BCG",142913,"/Date(1700724589000)/",8950,500,11686000,106125000000,50,false,0.56
"BCG",142913,"/Date(1700724588000)/",8940,1900,11685500,106120000000,40,true,0.45
"BCG",142913,"/Date(1700724588000)/",8940,1000,11683600,106103000000,40,true,0.45
"BCG",142913,"/Date(1700724588000)/",8940,500,11682600,106094000000,40,true,0.45
"BCG",142913,"/Date(1700724588000)/",8940,100,11682100,106090000000,40,true,0.45
"BCG",142913,"/Date(1700724588000)/",8940,500,11682000,106089000000,40,true,0.45
"BCG",142913,"/Date(1700724588000)/",8940,4000,11681500,106085000000,40,true,0.45
"BCG",142910,"/Date(1700724585000)/",8940,1000,11677500,106049000000,40,true,0.45
"BCG",142907,"/Date(1700724583000)/",8950,1000,11676500,106040000000,50,true,0.56
"BCG",142907,"/Date(1700724582000)/",8950,100,11675500,106031000000,50,true,0.56
"BCG",142903,"/Date(1700724581000)/",8950,1000,11675400,106030000000,50,true,0.56
"BCG",142903,"/Date(1700724581000)/",8950,3000,11674400,106021000000,50,true,0.56
"BCG",142903,"/Date(1700724581000)/",8950,2000,11671400,105994000000,50,true,0.56
"BCG",142903,"/Date(1700724581000)/",8950,10000,11669400,105976000000,50,true,0.56
"BCG",142903,"/Date(1700724581000)/",8950,7000,11659400,105887000000,50,true,0.56
"BCG",142903,"/Date(1700724581000)/",8950,500,11652400,105824000000,50,true,0.56
"BCG",142903,"/Date(1700724581000)/",8950,42700,11651900,105820000000,50,true,0.56
"BCG",142903,"/Date(1700724581000)/",8960,900,11609200,105438000000,60,true,0.67
"BCG",142903,"/Date(1700724581000)/",8970,100,11608300,105430000000,70,false,0.79
"BCG",142903,"/Date(1700724581000)/",8970,100,11608200,105429000000,70,false,0.79
"BCG",142903,"/Date(1700724581000)/",8970,500,11608100,105428000000,70,false,0.79
"BCG",142903,"/Date(1700724581000)/",8970,10000,11607600,105423000000,70,false,0.79
"BCG",142903,"/Date(1700724581000)/",8970,8400,11597600,105334000000,70,false,0.79
"BCG",142900,"/Date(1700724577000)/",8970,1100,11589200,105258000000,70,false,0.79
"BCG",142900,"/Date(1700724577000)/",8970,500,11588100,105248000000,70,false,0.79
"BCG",142900,"/Date(1700724577000)/",8970,500,11587600,105244000000,70,false,0.79
"BCG",142900,"/Date(1700724577000)/",8960,1100,11587100,105239000000,60,true,0.67
"BCG",142900,"/Date(1700724577000)/",8960,2000,11586000,105230000000,60,true,0.67
"BCG",142900,"/Date(1700724577000)/",8960,600,11584000,105212000000,60,true,0.67
"BCG",142900,"/Date(1700724577000)/",8960,5000,11583400,105206000000,60,true,0.67
"BCG",142900,"/Date(1700724577000)/",8960,1300,11578400,105161000000,60,true,0.67
"BCG",142900,"/Date(1700724574000)/",8970,500,11577100,105150000000,70,false,0.79
"BCG",142900,"/Date(1700724574000)/",8970,500,11576600,105145000000,70,false,0.79
"BCG",142857,"/Date(1700724572000)/",8960,500,11576100,105141000000,60,true,0.67
"BCG",142851,"/Date(1700724567000)/",8960,200,11575600,105136000000,60,false,0.67
"BCG",142847,"/Date(1700724564000)/",8950,16700,11575400,105135000000,50,false,0.56
"BCG",142847,"/Date(1700724564000)/",8950,100,11558700,104985000000,50,false,0.56
"BCG",142847,"/Date(1700724564000)/",8950,10000,11558600,104984000000,50,false,0.56
"BCG",142847,"/Date(1700724564000)/",8950,3400,11548600,104895000000,50,false,0.56
"BCG",142847,"/Date(1700724564000)/",8950,1000,11545200,104864000000,50,false,0.56
"BCG",142847,"/Date(1700724563000)/",8950,100,11544200,104855000000,50,false,0.56
"BCG",142847,"/Date(1700724563000)/",8940,2000,11544100,104854000000,40,true,0.45
"BCG",142847,"/Date(1700724562000)/",8950,5000,11542100,104837000000,50,false,0.56
"BCG",142844,"/Date(1700724561000)/",8950,500,11537100,104792000000,50,false,0.56
"BCG",142844,"/Date(1700724561000)/",8950,2500,11536600,104787000000,50,false,0.56
"BCG",142838,"/Date(1700724555000)/",8940,500,11534100,104765000000,40,true,0.45
"BCG",142838,"/Date(1700724554000)/",8940,100,11533600,104760000000,40,true,0.45
"BCG",142838,"/Date(1700724554000)/",8940,200,11533500,104760000000,40,true,0.45
"BCG",142838,"/Date(1700724554000)/",8940,24300,11533300,104758000000,40,true,0.45
"BCG",142838,"/Date(1700724554000)/",8940,5000,11509000,104541000000,40,true,0.45
"BCG",142838,"/Date(1700724554000)/",8930,25000,11504000,104496000000,30,true,0.34
"BCG",142838,"/Date(1700724552000)/",8940,200,11479000,104273000000,40,true,0.45
"BCG",142835,"/Date(1700724551000)/",8930,1000,11478800,104271000000,30,true,0.34
"BCG",142835,"/Date(1700724550000)/",8940,100,11477800,104262000000,40,false,0.45
"BCG",142835,"/Date(1700724550000)/",8940,2400,11477700,104261000000,40,false,0.45
"BCG",142835,"/Date(1700724550000)/",8940,7600,11475300,104240000000,40,false,0.45
"BCG",142835,"/Date(1700724549000)/",8940,1000,11467700,104172000000,40,false,0.45
"BCG",142831,"/Date(1700724546000)/",8940,500,11466700,104163000000,40,false,0.45
"BCG",142831,"/Date(1700724546000)/",8940,1000,11466200,104158000000,40,false,0.45
"BCG",142828,"/Date(1700724545000)/",8940,19900,11465200,104149000000,40,false,0.45
"BCG",142828,"/Date(1700724545000)/",8940,1900,11445300,103971000000,40,false,0.45
"BCG",142828,"/Date(1700724545000)/",8940,500,11443400,103954000000,40,false,0.45
"BCG",142828,"/Date(1700724545000)/",8940,200,11442900,103950000000,40,false,0.45
"BCG",142828,"/Date(1700724545000)/",8940,2500,11442700,103948000000,40,false,0.45
"BCG",142825,"/Date(1700724542000)/",8940,500,11440200,103926000000,40,false,0.45
"BCG",142825,"/Date(1700724542000)/",8940,5000,11439700,103921000000,40,false,0.45
"BCG",142825,"/Date(1700724541000)/",8930,10700,11434700,103877000000,30,true,0.34
"BCG",142825,"/Date(1700724539000)/",8930,100,11424000,103781000000,30,true,0.34
"BCG",142822,"/Date(1700724537000)/",8930,7800,11423900,103780000000,30,true,0.34
"BCG",142822,"/Date(1700724537000)/",8930,5000,11416100,103710000000,30,true,0.34
"BCG",142819,"/Date(1700724536000)/",8930,1000,11411100,103666000000,30,false,0.34
"BCG",142819,"/Date(1700724534000)/",8940,2000,11410100,103657000000,40,false,0.45
"BCG",142819,"/Date(1700724533000)/",8930,15000,11408100,103639000000,30,false,0.34
"BCG",142819,"/Date(1700724533000)/",8930,13800,11393100,103505000000,30,false,0.34
"BCG",142815,"/Date(1700724532000)/",8910,500,11379300,103382000000,10,true,0.11
"BCG",142815,"/Date(1700724530000)/",8930,1200,11378800,103377000000,30,false,0.34
"BCG",142815,"/Date(1700724530000)/",8930,1100,11377600,103367000000,30,false,0.34
"BCG",142815,"/Date(1700724530000)/",8930,700,11376500,103357000000,30,false,0.34
"BCG",142815,"/Date(1700724530000)/",8930,300,11375800,103351000000,30,false,0.34
"BCG",142812,"/Date(1700724529000)/",8930,300,11375500,103348000000,30,false,0.34
"BCG",142812,"/Date(1700724529000)/",8910,8700,11375200,103345000000,10,true,0.11
"BCG",142812,"/Date(1700724528000)/",8910,1000,11366500,103268000000,10,true,0.11
"BCG",142812,"/Date(1700724528000)/",8910,300,11365500,103259000000,10,true,0.11
"BCG",142812,"/Date(1700724527000)/",8900,100,11365200,103256000000,0,true,0
"BCG",142812,"/Date(1700724527000)/",8900,5000,11365100,103255000000,0,true,0
"BCG",142812,"/Date(1700724527000)/",8900,1000,11360100,103211000000,0,true,0
"BCG",142812,"/Date(1700724527000)/",8900,5000,11359100,103202000000,0,true,0
"BCG",142812,"/Date(1700724527000)/",8900,2000,11354100,103157000000,0,true,0
"BCG",142812,"/Date(1700724527000)/",8900,400,11352100,103140000000,0,true,0
"BCG",142812,"/Date(1700724527000)/",8900,1000,11351700,103136000000,0,true,0
"BCG",142812,"/Date(1700724527000)/",8900,2000,11350700,103127000000,0,true,0
"BCG",142812,"/Date(1700724527000)/",8900,100,11348700,103109000000,0,true,0
"BCG",142812,"/Date(1700724527000)/",8900,500,11348600,103108000000,0,true,0
"BCG",142812,"/Date(1700724527000)/",8900,1000,11348100,103104000000,0,true,0
"BCG",142812,"/Date(1700724527000)/",8900,1900,11347100,103095000000,0,true,0
"BCG",142812,"/Date(1700724527000)/",8900,900,11345200,103078000000,0,true,0
"BCG",142809,"/Date(1700724526000)/",8900,2200,11344300,103070000000,0,true,0
"BCG",142809,"/Date(1700724526000)/",8900,200,11342100,103051000000,0,true,0
"BCG",142809,"/Date(1700724526000)/",8900,1000,11341900,103049000000,0,true,0
"BCG",142809,"/Date(1700724526000)/",8910,2000,11340900,103040000000,10,true,0.11
"BCG",142809,"/Date(1700724526000)/",8910,100,11338900,103022000000,10,true,0.11
"BCG",142809,"/Date(1700724526000)/",8910,500,11338800,103021000000,10,true,0.11
"BCG",142809,"/Date(1700724526000)/",8910,2200,11338300,103017000000,10,true,0.11
"BCG",142809,"/Date(1700724526000)/",8910,200,11336100,102997000000,10,true,0.11
"BCG",142809,"/Date(1700724526000)/",8910,1700,11335900,102995000000,10,true,0.11
"BCG",142809,"/Date(1700724526000)/",8910,100,11334200,102980000000,10,true,0.11
"BCG",142809,"/Date(1700724526000)/",8910,2700,11334100,102979000000,10,true,0.11
"BCG",142809,"/Date(1700724526000)/",8910,100,11331400,102955000000,10,true,0.11
"BCG",142809,"/Date(1700724526000)/",8910,1000,11331300,102954000000,10,true,0.11
"BCG",142806,"/Date(1700724520000)/",8910,900,11330300,102945000000,10,true,0.11
"BCG",142806,"/Date(1700724520000)/",8910,100,11329400,102937000000,10,true,0.11
"BCG",142806,"/Date(1700724520000)/",8910,100,11329300,102936000000,10,true,0.11
"BCG",142806,"/Date(1700724520000)/",8910,500,11329200,102936000000,10,true,0.11
"BCG",142806,"/Date(1700724520000)/",8910,100,11328700,102931000000,10,true,0.11
"BCG",142806,"/Date(1700724520000)/",8910,100,11328600,102930000000,10,true,0.11
"BCG",142806,"/Date(1700724520000)/",8910,200,11328500,102929000000,10,true,0.11
"BCG",142803,"/Date(1700724519000)/",8930,300,11328300,102928000000,30,false,0.34
"BCG",142759,"/Date(1700724517000)/",8930,2000,11328000,102925000000,30,false,0.34
"BCG",142759,"/Date(1700724516000)/",8930,100,11326000,102907000000,30,false,0.34
"BCG",142753,"/Date(1700724509000)/",8930,100,11325900,102906000000,30,false,0.34
"BCG",142753,"/Date(1700724508000)/",8910,1400,11325800,102905000000,10,true,0.11
"BCG",142753,"/Date(1700724508000)/",8910,5000,11324400,102893000000,10,true,0.11
"BCG",142753,"/Date(1700724508000)/",8910,500,11319400,102848000000,10,true,0.11
"BCG",142753,"/Date(1700724508000)/",8910,3100,11318900,102844000000,10,true,0.11
"BCG",142750,"/Date(1700724505000)/",8930,1000,11315800,102816000000,30,false,0.34
"BCG",142750,"/Date(1700724504000)/",8910,2000,11314800,102807000000,10,true,0.11
"BCG",142747,"/Date(1700724503000)/",8910,4900,11312800,102789000000,10,true,0.11
"BCG",142747,"/Date(1700724503000)/",8910,500,11307900,102746000000,10,true,0.11
"BCG",142747,"/Date(1700724503000)/",8910,2000,11307400,102741000000,10,true,0.11
"BCG",142747,"/Date(1700724503000)/",8920,38900,11305400,102723000000,20,false,0.22
"BCG",142747,"/Date(1700724503000)/",8920,100,11266500,102376000000,20,false,0.22
"BCG",142747,"/Date(1700724503000)/",8920,100,11266400,102376000000,20,false,0.22
"BCG",142747,"/Date(1700724503000)/",8920,3000,11266300,102375000000,20,false,0.22
"BCG",142747,"/Date(1700724503000)/",8920,200,11263300,102348000000,20,false,0.22
"BCG",142747,"/Date(1700724503000)/",8920,300,11263100,102346000000,20,false,0.22
"BCG",142740,"/Date(1700724497000)/",8940,200,11262800,102343000000,40,false,0.45
"BCG",142740,"/Date(1700724495000)/",8950,200,11262600,102342000000,50,false,0.56
"BCG",142740,"/Date(1700724495000)/",8950,800,11262400,102340000000,50,false,0.56
"BCG",142740,"/Date(1700724495000)/",8920,700,11261600,102333000000,20,true,0.22
"BCG",142740,"/Date(1700724495000)/",8930,100,11260900,102326000000,30,false,0.34
"BCG",142740,"/Date(1700724495000)/",8930,500,11260800,102326000000,30,false,0.34
"BCG",142740,"/Date(1700724495000)/",8930,200,11260300,102321000000,30,false,0.34
"BCG",142740,"/Date(1700724495000)/",8940,500,11260100,102319000000,40,false,0.45
"BCG",142740,"/Date(1700724495000)/",8940,3000,11259600,102315000000,40,false,0.45
"BCG",142740,"/Date(1700724494000)/",8950,200,11256600,102288000000,50,false,0.56
"BCG",142737,"/Date(1700724493000)/",8940,1000,11256400,102286000000,40,true,0.45
"BCG",142737,"/Date(1700724491000)/",8940,1000,11255400,102277000000,40,true,0.45
"BCG",142734,"/Date(1700724490000)/",8950,2000,11254400,102268000000,50,false,0.56
"BCG",142727,"/Date(1700724484000)/",8960,500,11252400,102250000000,60,false,0.67
"BCG",142727,"/Date(1700724483000)/",8960,2000,11251900,102246000000,60,false,0.67
"BCG",142727,"/Date(1700724483000)/",8930,800,11249900,102228000000,30,true,0.34
"BCG",142727,"/Date(1700724483000)/",8940,100,11249100,102221000000,40,true,0.45
"BCG",142727,"/Date(1700724483000)/",8940,100,11249000,102220000000,40,true,0.45
"BCG",142727,"/Date(1700724483000)/",8940,1000,11248900,102219000000,40,true,0.45
"BCG",142727,"/Date(1700724483000)/",8940,1000,11247900,102210000000,40,true,0.45
"BCG",142727,"/Date(1700724483000)/",8940,100,11246900,102201000000,40,true,0.45
"BCG",142727,"/Date(1700724483000)/",8940,400,11246800,102200000000,40,true,0.45
"BCG",142727,"/Date(1700724483000)/",8950,500,11246400,102197000000,50,true,0.56
"BCG",142727,"/Date(1700724482000)/",8950,5000,11245900,102192000000,50,true,0.56
"BCG",142727,"/Date(1700724482000)/",8950,5000,11240900,102148000000,50,true,0.56
"BCG",142724,"/Date(1700724481000)/",8960,2000,11235900,102103000000,60,false,0.67
"BCG",142724,"/Date(1700724478000)/",8950,1300,11233900,102085000000,50,true,0.56
"BCG",142724,"/Date(1700724478000)/",8950,3700,11232600,102073000000,50,true,0.56
"BCG",142718,"/Date(1700724474000)/",8950,6300,11228900,102040000000,50,true,0.56
"BCG",142718,"/Date(1700724474000)/",8950,400,11222600,101984000000,50,true,0.56
"BCG",142718,"/Date(1700724474000)/",8950,1000,11222200,101980000000,50,true,0.56
"BCG",142718,"/Date(1700724474000)/",8950,42300,11221200,101971000000,50,true,0.56
"BCG",142718,"/Date(1700724473000)/",8950,4700,11178900,101593000000,50,true,0.56
"BCG",142718,"/Date(1700724473000)/",8950,1000,11174200,101551000000,50,true,0.56
"BCG",142718,"/Date(1700724473000)/",8950,100,11173200,101542000000,50,true,0.56
"BCG",142718,"/Date(1700724473000)/",8950,500,11173100,101541000000,50,true,0.56
"BCG",142718,"/Date(1700724473000)/",8950,500,11172600,101536000000,50,true,0.56
"BCG",142718,"/Date(1700724473000)/",8950,500,11172100,101532000000,50,true,0.56
"BCG",142718,"/Date(1700724473000)/",8950,5000,11171600,101527000000,50,true,0.56
"BCG",142718,"/Date(1700724473000)/",8950,300,11166600,101483000000,50,true,0.56
"BCG",142718,"/Date(1700724473000)/",8950,500,11166300,101480000000,50,true,0.56
"BCG",142718,"/Date(1700724473000)/",8950,900,11165800,101475000000,50,true,0.56
"BCG",142718,"/Date(1700724473000)/",8950,4000,11164900,101467000000,50,true,0.56
"BCG",142718,"/Date(1700724473000)/",8950,2000,11160900,101432000000,50,true,0.56
"BCG",142718,"/Date(1700724473000)/",8960,600,11158900,101414000000,60,false,0.67
"BCG",142714,"/Date(1700724471000)/",8960,100,11158300,101408000000,60,true,0.67
"BCG",142714,"/Date(1700724471000)/",8960,5000,11158200,101407000000,60,true,0.67
"BCG",142714,"/Date(1700724471000)/",8960,100,11153200,101363000000,60,true,0.67
"BCG",142714,"/Date(1700724469000)/",8960,600,11153100,101362000000,60,true,0.67
"BCG",142714,"/Date(1700724469000)/",8960,1000,11152500,101356000000,60,true,0.67
"BCG",142711,"/Date(1700724468000)/",8960,800,11151500,101347000000,60,true,0.67
"BCG",142711,"/Date(1700724468000)/",8960,100,11150700,101340000000,60,true,0.67
"BCG",142711,"/Date(1700724468000)/",8970,2000,11150600,101339000000,70,false,0.79
"BCG",142708,"/Date(1700724464000)/",8970,100,11148600,101321000000,70,false,0.79
"BCG",142708,"/Date(1700724464000)/",8960,100,11148500,101320000000,60,true,0.67
"BCG",142708,"/Date(1700724464000)/",8970,200,11148400,101320000000,70,false,0.79
"BCG",142708,"/Date(1700724463000)/",8970,400,11148200,101318000000,70,false,0.79
"BCG",142705,"/Date(1700724459000)/",8970,500,11147800,101314000000,70,false,0.79
"BCG",142702,"/Date(1700724457000)/",8970,100,11147300,101310000000,70,false,0.79
"BCG",142702,"/Date(1700724457000)/",8970,1000,11147200,101309000000,70,false,0.79
"BCG",142702,"/Date(1700724457000)/",8970,4000,11146200,101300000000,70,false,0.79
"BCG",142658,"/Date(1700724455000)/",8970,5000,11142200,101264000000,70,false,0.79
"BCG",142658,"/Date(1700724454000)/",8970,200,11137200,101219000000,70,false,0.79
"BCG",142658,"/Date(1700724454000)/",8970,1000,11137000,101217000000,70,false,0.79
"BCG",142655,"/Date(1700724451000)/",8970,100,11136000,101208000000,70,true,0.79
"BCG",142655,"/Date(1700724450000)/",8970,100,11135900,101207000000,70,true,0.79
"BCG",142655,"/Date(1700724450000)/",8970,2000,11135800,101207000000,70,true,0.79
"BCG",142655,"/Date(1700724450000)/",8970,1800,11133800,101189000000,70,true,0.79
"BCG",142652,"/Date(1700724449000)/",8980,200,11132000,101172000000,80,false,0.9
"BCG",142652,"/Date(1700724448000)/",8990,300,11131800,101171000000,90,false,1.01
"BCG",142652,"/Date(1700724448000)/",8970,200,11131500,101168000000,70,true,0.79
"BCG",142652,"/Date(1700724448000)/",8970,200,11131300,101166000000,70,true,0.79
"BCG",142652,"/Date(1700724448000)/",8970,200,11131100,101164000000,70,true,0.79
"BCG",142652,"/Date(1700724448000)/",8970,400,11130900,101163000000,70,true,0.79
"BCG",142652,"/Date(1700724446000)/",8990,300,11130500,101159000000,90,false,1.01
"BCG",142649,"/Date(1700724444000)/",8990,200,11130200,101156000000,90,false,1.01
"BCG",142649,"/Date(1700724444000)/",8990,300,11130000,101154000000,90,false,1.01
"BCG",142646,"/Date(1700724441000)/",8990,500,11129700,101152000000,90,false,1.01
"BCG",142646,"/Date(1700724441000)/",8990,100,11129200,101147000000,90,false,1.01
"BCG",142642,"/Date(1700724438000)/",8990,100,11129100,101146000000,90,false,1.01
"BCG",142636,"/Date(1700724432000)/",8990,2000,11129000,101146000000,90,false,1.01
"BCG",142636,"/Date(1700724430000)/",8970,9600,11127000,101128000000,70,true,0.79
"BCG",142636,"/Date(1700724430000)/",8970,100,11117400,101041000000,70,true,0.79
"BCG",142636,"/Date(1700724430000)/",8980,100,11117300,101041000000,80,false,0.9
"BCG",142636,"/Date(1700724430000)/",8980,500,11117200,101040000000,80,false,0.9
"BCG",142636,"/Date(1700724430000)/",8980,500,11116700,101035000000,80,false,0.9
"BCG",142636,"/Date(1700724430000)/",8980,400,11116200,101031000000,80,false,0.9
"BCG",142636,"/Date(1700724430000)/",8980,8100,11115800,101027000000,80,false,0.9
"BCG",142636,"/Date(1700724430000)/",8980,1900,11107700,100954000000,80,false,0.9
"BCG",142636,"/Date(1700724430000)/",8980,200,11105800,100937000000,80,false,0.9
"BCG",142636,"/Date(1700724430000)/",8980,1000,11105600,100935000000,80,false,0.9
"BCG",142636,"/Date(1700724430000)/",8990,100,11104600,100926000000,90,false,1.01
"BCG",142636,"/Date(1700724430000)/",8990,500,11104500,100926000000,90,false,1.01
"BCG",142636,"/Date(1700724430000)/",8990,200,11104000,100921000000,90,false,1.01
"BCG",142636,"/Date(1700724430000)/",8990,100,11103800,100919000000,90,false,1.01
"BCG",142636,"/Date(1700724430000)/",8990,1000,11103700,100918000000,90,false,1.01
"BCG",142633,"/Date(1700724429000)/",8990,1000,11102700,100909000000,90,true,1.01
"BCG",142633,"/Date(1700724429000)/",8990,500,11101700,100900000000,90,true,1.01
"BCG",142633,"/Date(1700724429000)/",8990,1000,11101200,100896000000,90,true,1.01
"BCG",142633,"/Date(1700724429000)/",8990,500,11100200,100887000000,90,true,1.01
"BCG",142633,"/Date(1700724428000)/",9000,100,11099700,100882000000,100,false,1.12
"BCG",142630,"/Date(1700724424000)/",9000,100,11099600,100882000000,100,false,1.12
"BCG",142630,"/Date(1700724424000)/",9000,100,11099500,100881000000,100,false,1.12
"BCG",142626,"/Date(1700724423000)/",8990,1500,11099400,100880000000,90,true,1.01
"BCG",142626,"/Date(1700724423000)/",9000,3000,11097900,100866000000,100,false,1.12
"BCG",142623,"/Date(1700724418000)/",9000,600,11094900,100839000000,100,true,1.12
"BCG",142623,"/Date(1700724418000)/",9000,1000,11094300,100834000000,100,true,1.12
"BCG",142623,"/Date(1700724418000)/",9000,2000,11093300,100825000000,100,true,1.12
"BCG",142623,"/Date(1700724418000)/",9000,300,11091300,100807000000,100,true,1.12
"BCG",142623,"/Date(1700724418000)/",9000,3000,11091000,100804000000,100,true,1.12
"BCG",142623,"/Date(1700724418000)/",9000,5000,11088000,100777000000,100,true,1.12
"BCG",142623,"/Date(1700724418000)/",9000,500,11083000,100732000000,100,true,1.12
"BCG",142623,"/Date(1700724418000)/",9000,1000,11082500,100728000000,100,true,1.12
"BCG",142623,"/Date(1700724418000)/",9000,100,11081500,100719000000,100,true,1.12
"BCG",142623,"/Date(1700724418000)/",9000,200,11081400,100718000000,100,true,1.12
"BCG",142623,"/Date(1700724418000)/",9000,2000,11081200,100716000000,100,true,1.12
"BCG",142623,"/Date(1700724418000)/",9000,400,11079200,100698000000,100,true,1.12
"BCG",142623,"/Date(1700724418000)/",9000,500,11078800,100694000000,100,true,1.12
"BCG",142623,"/Date(1700724418000)/",9000,1000,11078300,100690000000,100,true,1.12
"BCG",142623,"/Date(1700724418000)/",9000,1000,11077300,100681000000,100,true,1.12
"BCG",142623,"/Date(1700724418000)/",9000,5000,11076300,100672000000,100,true,1.12
"BCG",142623,"/Date(1700724418000)/",9000,200,11071300,100627000000,100,true,1.12
"BCG",142623,"/Date(1700724418000)/",9000,10000,11071100,100625000000,100,true,1.12
"BCG",142623,"/Date(1700724418000)/",9000,800,11061100,100535000000,100,true,1.12
"BCG",142623,"/Date(1700724418000)/",9000,100,11060300,100528000000,100,true,1.12
"BCG",142623,"/Date(1700724418000)/",9000,1000,11060200,100527000000,100,true,1.12
"BCG",142623,"/Date(1700724418000)/",9000,500,11059200,100518000000,100,true,1.12
"BCG",142623,"/Date(1700724418000)/",9000,4500,11058700,100513000000,100,true,1.12
"BCG",142623,"/Date(1700724418000)/",9000,2000,11054200,100473000000,100,true,1.12
"BCG",142623,"/Date(1700724418000)/",9000,2000,11052200,100455000000,100,true,1.12
"BCG",142623,"/Date(1700724418000)/",9000,1000,11050200,100437000000,100,true,1.12
"BCG",142623,"/Date(1700724418000)/",9000,200,11049200,100428000000,100,true,1.12
"BCG",142623,"/Date(1700724418000)/",9000,19000,11049000,100426000000,100,true,1.12
"BCG",142623,"/Date(1700724418000)/",9000,3800,11030000,100255000000,100,true,1.12
"BCG",142623,"/Date(1700724418000)/",9000,500,11026200,100221000000,100,true,1.12
"BCG",142623,"/Date(1700724418000)/",9000,3000,11025700,100216000000,100,true,1.12
"BCG",142623,"/Date(1700724418000)/",9000,100,11022700,100189000000,100,true,1.12
"BCG",142623,"/Date(1700724418000)/",9000,100,11022600,100189000000,100,true,1.12
"BCG",142623,"/Date(1700724418000)/",9000,100,11022500,100188000000,100,true,1.12
"BCG",142623,"/Date(1700724418000)/",9000,4000,11022400,100187000000,100,true,1.12
"BCG",142623,"/Date(1700724418000)/",9000,1000,11018400,100151000000,100,true,1.12
"BCG",142623,"/Date(1700724418000)/",9000,5000,11017400,100142000000,100,true,1.12
"BCG",142623,"/Date(1700724418000)/",9000,700,11012400,100097000000,100,true,1.12
"BCG",142623,"/Date(1700724418000)/",9000,1000,11011700,100090000000,100,true,1.12
"BCG",142623,"/Date(1700724418000)/",9000,2000,11010700,100081000000,100,true,1.12
"BCG",142623,"/Date(1700724418000)/",9000,4600,11008700,100063000000,100,true,1.12
"BCG",142623,"/Date(1700724418000)/",9000,500,11004100,100022000000,100,true,1.12
"BCG",142623,"/Date(1700724418000)/",9000,3000,11003600,100018000000,100,true,1.12
"BCG",142623,"/Date(1700724418000)/",9000,1700,11000600,99991000000,100,true,1.12
"BCG",142623,"/Date(1700724418000)/",9000,1000,10998900,99975000000,100,true,1.12
"BCG",142623,"/Date(1700724418000)/",9000,1000,10997900,99966000000,100,true,1.12
"BCG",142623,"/Date(1700724418000)/",9000,1600,10996900,99957000000,100,true,1.12
"BCG",142623,"/Date(1700724418000)/",9000,200,10995300,99943000000,100,true,1.12
"BCG",142623,"/Date(1700724418000)/",9000,200,10995100,99941000000,100,true,1.12
"BCG",142623,"/Date(1700724418000)/",9000,200,10994900,99939000000,100,true,1.12
"BCG",142623,"/Date(1700724418000)/",9000,20000,10994700,99937000000,100,true,1.12
"BCG",142623,"/Date(1700724418000)/",9000,100,10974700,99757000000,100,true,1.12
"BCG",142623,"/Date(1700724418000)/",9000,7700,10974600,99757000000,100,true,1.12
"BCG",142623,"/Date(1700724418000)/",9000,100,10966900,99687000000,100,true,1.12
"BCG",142623,"/Date(1700724418000)/",9000,5000,10966800,99686000000,100,true,1.12
"BCG",142623,"/Date(1700724418000)/",9000,1000,10961800,99641000000,100,true,1.12
"BCG",142623,"/Date(1700724418000)/",9000,100,10960800,99632000000,100,true,1.12
"BCG",142623,"/Date(1700724418000)/",9000,300,10960700,99631000000,100,true,1.12
"BCG",142623,"/Date(1700724418000)/",9000,100,10960400,99629000000,100,true,1.12
"BCG",142623,"/Date(1700724418000)/",9000,100,10960300,99628000000,100,true,1.12
"BCG",142623,"/Date(1700724418000)/",9000,100,10960200,99627000000,100,true,1.12
"BCG",142623,"/Date(1700724418000)/",9000,500,10960100,99626000000,100,true,1.12
"BCG",142623,"/Date(1700724418000)/",9000,9500,10959600,99622000000,100,true,1.12
"BCG",142623,"/Date(1700724418000)/",9000,1000,10950100,99536000000,100,true,1.12
"BCG",142623,"/Date(1700724418000)/",9000,1000,10949100,99527000000,100,true,1.12
"BCG",142623,"/Date(1700724418000)/",9000,200,10948100,99518000000,100,true,1.12
"BCG",142623,"/Date(1700724418000)/",9000,100,10947900,99516000000,100,true,1.12
"BCG",142623,"/Date(1700724418000)/",9000,100,10947800,99515000000,100,true,1.12
"BCG",142623,"/Date(1700724418000)/",9000,100,10947700,99514000000,100,true,1.12
"BCG",142623,"/Date(1700724418000)/",9010,100,10947600,99514000000,110,false,1.24
"BCG",142623,"/Date(1700724418000)/",9010,200,10947500,99513000000,110,false,1.24
"BCG",142623,"/Date(1700724418000)/",9000,100,10947300,99511000000,100,true,1.12
"BCG",142620,"/Date(1700724415000)/",9000,800,10947200,99510000000,100,true,1.12
"BCG",142620,"/Date(1700724415000)/",9000,100,10946400,99503000000,100,true,1.12
"BCG",142620,"/Date(1700724415000)/",9000,1300,10946300,99502000000,100,true,1.12
"BCG",142617,"/Date(1700724414000)/",9000,2000,10945000,99490000000,100,true,1.12
"BCG",142617,"/Date(1700724414000)/",9000,1700,10943000,99472000000,100,true,1.12
"BCG",142617,"/Date(1700724414000)/",9000,300,10941300,99457000000,100,true,1.12
"BCG",142614,"/Date(1700724411000)/",9000,700,10941000,99454000000,100,true,1.12
"BCG",142614,"/Date(1700724411000)/",9000,1000,10940300,99448000000,100,true,1.12
"BCG",142614,"/Date(1700724411000)/",9000,300,10939300,99439000000,100,true,1.12
"BCG",142614,"/Date(1700724411000)/",9000,200,10939000,99436000000,100,true,1.12
"BCG",142614,"/Date(1700724411000)/",9000,1100,10938800,99434000000,100,true,1.12
"BCG",142614,"/Date(1700724411000)/",9000,500,10937700,99424000000,100,true,1.12
"BCG",142614,"/Date(1700724411000)/",9000,2000,10937200,99420000000,100,true,1.12
"BCG",142614,"/Date(1700724411000)/",9000,500,10935200,99402000000,100,true,1.12
"BCG",142614,"/Date(1700724411000)/",9000,500,10934700,99397000000,100,true,1.12
"BCG",142614,"/Date(1700724411000)/",9000,600,10934200,99393000000,100,true,1.12
"BCG",142614,"/Date(1700724411000)/",9000,600,10933600,99388000000,100,true,1.12
"BCG",142614,"/Date(1700724411000)/",9000,100,10933000,99382000000,100,true,1.12
"BCG",142614,"/Date(1700724411000)/",9000,3000,10932900,99381000000,100,true,1.12
"BCG",142614,"/Date(1700724411000)/",9000,10000,10929900,99354000000,100,true,1.12
"BCG",142614,"/Date(1700724411000)/",9000,4500,10919900,99264000000,100,true,1.12
"BCG",142614,"/Date(1700724411000)/",9000,500,10915400,99224000000,100,true,1.12
"BCG",142614,"/Date(1700724411000)/",9000,300,10914900,99219000000,100,true,1.12
"BCG",142614,"/Date(1700724411000)/",9000,300,10914600,99217000000,100,true,1.12
"BCG",142614,"/Date(1700724411000)/",9000,700,10914300,99214000000,100,true,1.12
"BCG",142614,"/Date(1700724411000)/",9000,200,10913600,99208000000,100,true,1.12
"BCG",142614,"/Date(1700724411000)/",9000,1000,10913400,99206000000,100,true,1.12
"BCG",142614,"/Date(1700724411000)/",9000,2000,10912400,99197000000,100,true,1.12
"BCG",142614,"/Date(1700724411000)/",9000,1000,10910400,99179000000,100,true,1.12
"BCG",142614,"/Date(1700724411000)/",9000,18400,10909400,99170000000,100,true,1.12
"BCG",142614,"/Date(1700724409000)/",9000,1600,10891000,99004000000,100,true,1.12
"BCG",142614,"/Date(1700724409000)/",9000,10000,10889400,98990000000,100,true,1.12
"BCG",142614,"/Date(1700724409000)/",9000,1000,10879400,98900000000,100,true,1.12
"BCG",142614,"/Date(1700724409000)/",9000,2000,10878400,98891000000,100,true,1.12
"BCG",142614,"/Date(1700724409000)/",9000,5000,10876400,98873000000,100,true,1.12
"BCG",142614,"/Date(1700724409000)/",9000,7500,10871400,98828000000,100,true,1.12
"BCG",142614,"/Date(1700724409000)/",9000,1000,10863900,98760000000,100,true,1.12
"BCG",142614,"/Date(1700724409000)/",9000,1000,10862900,98751000000,100,true,1.12
"BCG",142614,"/Date(1700724409000)/",9000,1000,10861900,98742000000,100,true,1.12
"BCG",142614,"/Date(1700724409000)/",9000,3000,10860900,98733000000,100,true,1.12
"BCG",142614,"/Date(1700724409000)/",9000,3000,10857900,98706000000,100,true,1.12
"BCG",142614,"/Date(1700724409000)/",9000,100,10854900,98679000000,100,true,1.12
"BCG",142614,"/Date(1700724409000)/",9000,3000,10854800,98678000000,100,true,1.12
"BCG",142614,"/Date(1700724409000)/",9000,2000,10851800,98651000000,100,true,1.12
"BCG",142614,"/Date(1700724409000)/",9000,100,10849800,98633000000,100,true,1.12
"BCG",142614,"/Date(1700724409000)/",9000,1000,10849700,98632000000,100,true,1.12
"BCG",142614,"/Date(1700724409000)/",9000,2000,10848700,98623000000,100,true,1.12
"BCG",142614,"/Date(1700724409000)/",9000,2500,10846700,98605000000,100,true,1.12
"BCG",142614,"/Date(1700724409000)/",9000,500,10844200,98583000000,100,true,1.12
"BCG",142614,"/Date(1700724409000)/",9000,200,10843700,98578000000,100,true,1.12
"BCG",142614,"/Date(1700724409000)/",9000,15000,10843500,98577000000,100,true,1.12
"BCG",142614,"/Date(1700724409000)/",9000,1000,10828500,98442000000,100,true,1.12
"BCG",142614,"/Date(1700724409000)/",9000,100,10827500,98433000000,100,true,1.12
"BCG",142614,"/Date(1700724409000)/",9000,1000,10827400,98432000000,100,true,1.12
"BCG",142614,"/Date(1700724409000)/",9000,11200,10826400,98423000000,100,true,1.12
"BCG",142610,"/Date(1700724407000)/",9000,6500,10815200,98322000000,100,true,1.12
"BCG",142610,"/Date(1700724407000)/",9000,2000,10808700,98263000000,100,true,1.12
"BCG",142610,"/Date(1700724405000)/",9000,200,10806700,98245000000,100,true,1.12
"BCG",142607,"/Date(1700724404000)/",9000,80100,10806500,98244000000,100,true,1.12
"BCG",142607,"/Date(1700724404000)/",9000,100,10726400,97523000000,100,true,1.12
"BCG",142607,"/Date(1700724404000)/",9000,500,10726300,97522000000,100,true,1.12
"BCG",142607,"/Date(1700724404000)/",9000,200,10725800,97517000000,100,true,1.12
"BCG",142607,"/Date(1700724404000)/",9000,1000,10725600,97516000000,100,true,1.12
"BCG",142607,"/Date(1700724404000)/",9000,20000,10724600,97507000000,100,true,1.12
"BCG",142607,"/Date(1700724404000)/",9000,1000,10704600,97327000000,100,true,1.12
"BCG",142607,"/Date(1700724404000)/",9000,200,10703600,97318000000,100,true,1.12
"BCG",142607,"/Date(1700724404000)/",9000,200,10703400,97316000000,100,true,1.12
"BCG",142607,"/Date(1700724404000)/",9000,100,10703200,97314000000,100,true,1.12
"BCG",142607,"/Date(1700724404000)/",9000,50000,10703100,97313000000,100,true,1.12
"BCG",142607,"/Date(1700724404000)/",9000,2000,10653100,96863000000,100,true,1.12
"BCG",142607,"/Date(1700724404000)/",9000,200,10651100,96845000000,100,true,1.12
"BCG",142607,"/Date(1700724404000)/",9000,500,10650900,96843000000,100,true,1.12
"BCG",142607,"/Date(1700724404000)/",9000,100,10650400,96839000000,100,true,1.12
"BCG",142607,"/Date(1700724404000)/",9000,300,10650300,96838000000,100,true,1.12
"BCG",142607,"/Date(1700724404000)/",9000,100,10650000,96835000000,100,true,1.12
"BCG",142607,"/Date(1700724404000)/",9000,500,10649900,96834000000,100,true,1.12
"BCG",142607,"/Date(1700724404000)/",9000,100,10649400,96830000000,100,true,1.12
"BCG",142607,"/Date(1700724404000)/",9000,300,10649300,96829000000,100,true,1.12
"BCG",142607,"/Date(1700724404000)/",9000,1000,10649000,96826000000,100,true,1.12
"BCG",142607,"/Date(1700724404000)/",9000,4800,10648000,96817000000,100,true,1.12
"BCG",142607,"/Date(1700724404000)/",9000,100,10643200,96774000000,100,true,1.12
"BCG",142607,"/Date(1700724404000)/",9000,100,10643100,96773000000,100,true,1.12
"BCG",142607,"/Date(1700724404000)/",9000,500,10643000,96772000000,100,true,1.12
"BCG",142607,"/Date(1700724404000)/",9000,100,10642500,96768000000,100,true,1.12
"BCG",142607,"/Date(1700724404000)/",9000,500,10642400,96767000000,100,true,1.12
"BCG",142607,"/Date(1700724404000)/",9000,500,10641900,96762000000,100,true,1.12
"BCG",142607,"/Date(1700724404000)/",9000,3200,10641400,96758000000,100,true,1.12
"BCG",142607,"/Date(1700724404000)/",9000,1000,10638200,96729000000,100,true,1.12
"BCG",142607,"/Date(1700724404000)/",9000,500,10637200,96720000000,100,true,1.12
"BCG",142607,"/Date(1700724404000)/",9000,1000,10636700,96715000000,100,true,1.12
"BCG",142607,"/Date(1700724404000)/",9000,1000,10635700,96706000000,100,true,1.12
"BCG",142607,"/Date(1700724404000)/",9000,2600,10634700,96697000000,100,true,1.12
"BCG",142607,"/Date(1700724404000)/",9000,2000,10632100,96674000000,100,true,1.12
"BCG",142607,"/Date(1700724404000)/",9000,3000,10630100,96656000000,100,true,1.12
"BCG",142607,"/Date(1700724404000)/",9000,5000,10627100,96629000000,100,true,1.12
"BCG",142607,"/Date(1700724404000)/",9000,13200,10622100,96584000000,100,true,1.12
"BCG",142607,"/Date(1700724404000)/",9010,2400,10608900,96465000000,110,false,1.24
"BCG",142607,"/Date(1700724403000)/",9010,600,10606500,96444000000,110,false,1.24
"BCG",142607,"/Date(1700724403000)/",9010,2000,10605900,96438000000,110,false,1.24
"BCG",142607,"/Date(1700724401000)/",9010,600,10603900,96420000000,110,false,1.24
"BCG",142604,"/Date(1700724401000)/",9000,10000,10603300,96415000000,100,true,1.12
"BCG",142604,"/Date(1700724401000)/",9000,7900,10593300,96325000000,100,true,1.12
"BCG",142604,"/Date(1700724399000)/",9010,2000,10585400,96254000000,110,false,1.24
"BCG",142604,"/Date(1700724398000)/",9000,4000,10583400,96236000000,100,true,1.12
"BCG",142604,"/Date(1700724398000)/",9010,800,10579400,96200000000,110,false,1.24
"BCG",142601,"/Date(1700724396000)/",9000,400,10578600,96192000000,100,true,1.12
"BCG",142601,"/Date(1700724396000)/",9010,500,10578200,96189000000,110,false,1.24
"BCG",142601,"/Date(1700724396000)/",9000,10000,10577700,96184000000,100,true,1.12
"BCG",142601,"/Date(1700724395000)/",9000,1000,10567700,96094000000,100,true,1.12
"BCG",142558,"/Date(1700724394000)/",9000,3000,10566700,96085000000,100,true,1.12
"BCG",142558,"/Date(1700724393000)/",9010,5000,10563700,96058000000,110,false,1.24
"BCG",142558,"/Date(1700724393000)/",9010,200,10558700,96013000000,110,false,1.24
"BCG",142554,"/Date(1700724391000)/",9010,1500,10558500,96011000000,110,false,1.24
"BCG",142554,"/Date(1700724390000)/",9010,500,10557000,95998000000,110,false,1.24
"BCG",142551,"/Date(1700724388000)/",9010,2000,10556500,95993000000,110,false,1.24
"BCG",142551,"/Date(1700724387000)/",9000,500,10554500,95975000000,100,true,1.12
"BCG",142551,"/Date(1700724387000)/",9000,1000,10554000,95971000000,100,true,1.12
"BCG",142551,"/Date(1700724387000)/",9000,100,10553000,95962000000,100,true,1.12
"BCG",142551,"/Date(1700724387000)/",9000,5400,10552900,95961000000,100,true,1.12
"BCG",142551,"/Date(1700724386000)/",9000,500,10547500,95912000000,100,true,1.12
"BCG",142548,"/Date(1700724384000)/",9000,300,10547000,95908000000,100,true,1.12
"BCG",142548,"/Date(1700724383000)/",9010,800,10546700,95905000000,110,false,1.24
"BCG",142548,"/Date(1700724383000)/",9000,3800,10545900,95898000000,100,true,1.12
"BCG",142548,"/Date(1700724383000)/",9000,500,10542100,95864000000,100,true,1.12
"BCG",142548,"/Date(1700724383000)/",9000,3000,10541600,95859000000,100,true,1.12
"BCG",142548,"/Date(1700724383000)/",9000,100,10538600,95832000000,100,true,1.12
"BCG",142548,"/Date(1700724383000)/",9000,500,10538500,95831000000,100,true,1.12
"BCG",142548,"/Date(1700724383000)/",9000,5000,10538000,95827000000,100,true,1.12
"BCG",142548,"/Date(1700724383000)/",9000,2000,10533000,95782000000,100,true,1.12
"BCG",142548,"/Date(1700724383000)/",9000,1000,10531000,95764000000,100,true,1.12
"BCG",142548,"/Date(1700724383000)/",9000,2000,10530000,95755000000,100,true,1.12
"BCG",142548,"/Date(1700724383000)/",9000,2000,10528000,95737000000,100,true,1.12
"BCG",142548,"/Date(1700724383000)/",9000,100,10526000,95719000000,100,true,1.12
"BCG",142542,"/Date(1700724378000)/",9010,1000,10525900,95718000000,110,false,1.24
"BCG",142542,"/Date(1700724377000)/",9010,4000,10524900,95709000000,110,false,1.24
"BCG",142542,"/Date(1700724376000)/",9010,2000,10520900,95673000000,110,false,1.24
"BCG",142542,"/Date(1700724376000)/",9010,500,10518900,95655000000,110,false,1.24
"BCG",142542,"/Date(1700724376000)/",9010,2000,10518400,95650000000,110,false,1.24
"BCG",142542,"/Date(1700724376000)/",9010,5000,10516400,95632000000,110,false,1.24
"BCG",142542,"/Date(1700724376000)/",9010,1500,10511400,95587000000,110,false,1.24
"BCG",142542,"/Date(1700724376000)/",9010,10000,10509900,95574000000,110,false,1.24
"BCG",142542,"/Date(1700724376000)/",9010,100,10499900,95484000000,110,false,1.24
"BCG",142542,"/Date(1700724376000)/",9010,1000,10499800,95483000000,110,false,1.24
"BCG",142542,"/Date(1700724376000)/",9020,100,10498800,95474000000,120,false,1.35
"BCG",142542,"/Date(1700724376000)/",9020,700,10498700,95473000000,120,false,1.35
"BCG",142542,"/Date(1700724376000)/",9020,500,10498000,95467000000,120,false,1.35
"BCG",142542,"/Date(1700724376000)/",9020,200,10497500,95462000000,120,false,1.35
"BCG",142542,"/Date(1700724376000)/",9020,100,10497300,95460000000,120,false,1.35
"BCG",142542,"/Date(1700724376000)/",9020,4700,10497200,95459000000,120,false,1.35
"BCG",142538,"/Date(1700724374000)/",9020,1000,10492500,95417000000,120,true,1.35
"BCG",142538,"/Date(1700724373000)/",9020,100,10491500,95408000000,120,true,1.35
"BCG",142538,"/Date(1700724373000)/",9030,200,10491400,95407000000,130,false,1.46
"BCG",142538,"/Date(1700724373000)/",9020,1300,10491200,95405000000,120,true,1.35
"BCG",142538,"/Date(1700724372000)/",9020,500,10489900,95394000000,120,true,1.35
"BCG",142535,"/Date(1700724372000)/",9020,2000,10489400,95389000000,120,true,1.35
"BCG",142532,"/Date(1700724367000)/",9020,400,10487400,95371000000,120,true,1.35
"BCG",142532,"/Date(1700724367000)/",9020,600,10487000,95367000000,120,true,1.35
"BCG",142532,"/Date(1700724366000)/",9030,500,10486400,95362000000,130,false,1.46
"BCG",142532,"/Date(1700724366000)/",9020,1400,10485900,95358000000,120,true,1.35
"BCG",142532,"/Date(1700724366000)/",9020,4500,10484500,95345000000,120,true,1.35
"BCG",142532,"/Date(1700724366000)/",9020,500,10480000,95304000000,120,true,1.35
"BCG",142532,"/Date(1700724366000)/",9020,500,10479500,95300000000,120,true,1.35
"BCG",142532,"/Date(1700724366000)/",9020,200,10479000,95295000000,120,true,1.35
"BCG",142532,"/Date(1700724366000)/",9020,400,10478800,95293000000,120,true,1.35
"BCG",142532,"/Date(1700724366000)/",9020,500,10478400,95290000000,120,true,1.35
"BCG",142532,"/Date(1700724366000)/",9020,300,10477900,95285000000,120,true,1.35
"BCG",142532,"/Date(1700724366000)/",9020,500,10477600,95283000000,120,true,1.35
"BCG",142532,"/Date(1700724366000)/",9020,1000,10477100,95278000000,120,true,1.35
"BCG",142532,"/Date(1700724366000)/",9020,200,10476100,95269000000,120,true,1.35
"BCG",142529,"/Date(1700724365000)/",9030,5000,10475900,95267000000,130,false,1.46
"BCG",142526,"/Date(1700724362000)/",9020,10000,10470900,95222000000,120,true,1.35
"BCG",142526,"/Date(1700724360000)/",9020,3000,10460900,95132000000,120,true,1.35
"BCG",142522,"/Date(1700724359000)/",9020,4500,10457900,95105000000,120,true,1.35
"BCG",142522,"/Date(1700724359000)/",9020,200,10453400,95064000000,120,true,1.35
"BCG",142519,"/Date(1700724354000)/",9020,2100,10453200,95063000000,120,true,1.35
"BCG",142519,"/Date(1700724354000)/",9020,2000,10451100,95044000000,120,true,1.35
"BCG",142519,"/Date(1700724354000)/",9020,20000,10449100,95026000000,120,true,1.35
"BCG",142519,"/Date(1700724354000)/",9020,200,10429100,94845000000,120,true,1.35
"BCG",142519,"/Date(1700724354000)/",9020,8300,10428900,94843000000,120,true,1.35
"BCG",142513,"/Date(1700724348000)/",9030,200,10420600,94768000000,130,true,1.46
"BCG",142513,"/Date(1700724346000)/",9030,600,10420400,94767000000,130,true,1.46
"BCG",142513,"/Date(1700724346000)/",9030,200,10419800,94761000000,130,true,1.46
"BCG",142513,"/Date(1700724346000)/",9030,300,10419600,94759000000,130,true,1.46
"BCG",142513,"/Date(1700724346000)/",9030,100,10419300,94757000000,130,true,1.46
"BCG",142513,"/Date(1700724346000)/",9030,800,10419200,94756000000,130,true,1.46
"BCG",142509,"/Date(1700724345000)/",9030,1200,10418400,94749000000,130,true,1.46
"BCG",142509,"/Date(1700724345000)/",9030,2000,10417200,94738000000,130,true,1.46
"BCG",142509,"/Date(1700724345000)/",9030,100,10415200,94720000000,130,true,1.46
"BCG",142509,"/Date(1700724345000)/",9030,100,10415100,94719000000,130,true,1.46
"BCG",142509,"/Date(1700724345000)/",9030,200,10415000,94718000000,130,true,1.46
"BCG",142509,"/Date(1700724345000)/",9030,3000,10414800,94716000000,130,true,1.46
"BCG",142509,"/Date(1700724345000)/",9030,1400,10411800,94689000000,130,true,1.46
"BCG",142509,"/Date(1700724345000)/",9030,3600,10410400,94676000000,130,true,1.46
"BCG",142509,"/Date(1700724345000)/",9030,1000,10406800,94644000000,130,true,1.46
"BCG",142509,"/Date(1700724345000)/",9030,400,10405800,94635000000,130,true,1.46
"BCG",142509,"/Date(1700724345000)/",9040,18000,10405400,94631000000,140,false,1.57
"BCG",142509,"/Date(1700724343000)/",9030,3200,10387400,94468000000,130,true,1.46
"BCG",142509,"/Date(1700724343000)/",9030,100,10384200,94440000000,130,true,1.46
"BCG",142506,"/Date(1700724342000)/",9030,1500,10384100,94439000000,130,true,1.46
"BCG",142506,"/Date(1700724341000)/",9040,200,10382600,94425000000,140,false,1.57
"BCG",142503,"/Date(1700724340000)/",9030,2100,10382400,94423000000,130,true,1.46
"BCG",142503,"/Date(1700724338000)/",9030,400,10380300,94404000000,130,true,1.46
"BCG",142500,"/Date(1700724337000)/",9030,900,10379900,94401000000,130,true,1.46
"BCG",142500,"/Date(1700724337000)/",9030,500,10379000,94393000000,130,true,1.46
"BCG",142500,"/Date(1700724337000)/",9030,3600,10378500,94388000000,130,true,1.46
"BCG",142500,"/Date(1700724335000)/",9040,1800,10374900,94356000000,140,false,1.57
"BCG",142457,"/Date(1700724333000)/",9030,100,10373100,94339000000,130,true,1.46
"BCG",142457,"/Date(1700724332000)/",9030,400,10373000,94338000000,130,true,1.46
"BCG",142457,"/Date(1700724332000)/",9030,100,10372600,94335000000,130,true,1.46
"BCG",142457,"/Date(1700724331000)/",9030,2100,10372500,94334000000,130,true,1.46
"BCG",142453,"/Date(1700724329000)/",9030,2600,10370400,94315000000,130,true,1.46
"BCG",142450,"/Date(1700724325000)/",9040,700,10367800,94291000000,140,false,1.57
"BCG",142450,"/Date(1700724325000)/",9040,30000,10367100,94285000000,140,false,1.57
"BCG",142450,"/Date(1700724325000)/",9040,100,10337100,94014000000,140,false,1.57
"BCG",142450,"/Date(1700724325000)/",9040,13800,10337000,94013000000,140,false,1.57
"BCG",142450,"/Date(1700724325000)/",9040,5000,10323200,93888000000,140,false,1.57
"BCG",142450,"/Date(1700724325000)/",9040,500,10318200,93843000000,140,false,1.57
"BCG",142450,"/Date(1700724325000)/",9040,3000,10317700,93839000000,140,false,1.57
"BCG",142450,"/Date(1700724325000)/",9040,500,10314700,93811000000,140,false,1.57
"BCG",142450,"/Date(1700724325000)/",9040,7500,10314200,93807000000,140,false,1.57
"BCG",142450,"/Date(1700724325000)/",9050,500,10306700,93739000000,150,false,1.69
"BCG",142450,"/Date(1700724324000)/",9040,800,10306200,93735000000,140,false,1.57
"BCG",142450,"/Date(1700724324000)/",9040,3000,10305400,93727000000,140,false,1.57
"BCG",142447,"/Date(1700724323000)/",9040,38700,10302400,93700000000,140,true,1.57
"BCG",142447,"/Date(1700724323000)/",9040,100,10263700,93350000000,140,true,1.57
"BCG",142447,"/Date(1700724323000)/",9040,1200,10263600,93349000000,140,true,1.57
"BCG",142447,"/Date(1700724323000)/",9040,500,10262400,93339000000,140,true,1.57
"BCG",142447,"/Date(1700724323000)/",9040,2100,10261900,93334000000,140,true,1.57
"BCG",142444,"/Date(1700724321000)/",9040,6200,10259800,93315000000,140,true,1.57
"BCG",142444,"/Date(1700724321000)/",9040,100,10253600,93259000000,140,true,1.57
"BCG",142444,"/Date(1700724321000)/",9040,1000,10253500,93258000000,140,true,1.57
"BCG",142444,"/Date(1700724321000)/",9040,200,10252500,93249000000,140,true,1.57
"BCG",142444,"/Date(1700724321000)/",9040,500,10252300,93247000000,140,true,1.57
"BCG",142444,"/Date(1700724321000)/",9040,200,10251800,93243000000,140,true,1.57
"BCG",142444,"/Date(1700724321000)/",9040,500,10251600,93241000000,140,true,1.57
"BCG",142444,"/Date(1700724321000)/",9040,100,10251100,93236000000,140,true,1.57
"BCG",142444,"/Date(1700724321000)/",9040,500,10251000,93236000000,140,true,1.57
"BCG",142444,"/Date(1700724321000)/",9040,100,10250500,93231000000,140,true,1.57
"BCG",142444,"/Date(1700724321000)/",9040,100,10250400,93230000000,140,true,1.57
"BCG",142444,"/Date(1700724321000)/",9040,100,10250300,93229000000,140,true,1.57
"BCG",142444,"/Date(1700724321000)/",9040,2000,10250200,93228000000,140,true,1.57
"BCG",142444,"/Date(1700724321000)/",9040,800,10248200,93210000000,140,true,1.57
"BCG",142444,"/Date(1700724321000)/",9040,100,10247400,93203000000,140,true,1.57
"BCG",142444,"/Date(1700724321000)/",9040,100,10247300,93202000000,140,true,1.57
"BCG",142444,"/Date(1700724321000)/",9040,500,10247200,93201000000,140,true,1.57
"BCG",142444,"/Date(1700724321000)/",9040,200,10246700,93197000000,140,true,1.57
"BCG",142444,"/Date(1700724321000)/",9040,100,10246500,93195000000,140,true,1.57
"BCG",142444,"/Date(1700724321000)/",9040,2900,10246400,93194000000,140,true,1.57
"BCG",142444,"/Date(1700724321000)/",9040,1000,10243500,93168000000,140,true,1.57
"BCG",142441,"/Date(1700724315000)/",9050,500,10242500,93159000000,150,false,1.69
"BCG",142441,"/Date(1700724315000)/",9040,1100,10242000,93154000000,140,true,1.57
"BCG",142441,"/Date(1700724315000)/",9040,1000,10240900,93144000000,140,true,1.57
"BCG",142431,"/Date(1700724308000)/",9050,500,10239900,93135000000,150,true,1.69
"BCG",142431,"/Date(1700724308000)/",9050,1000,10239400,93131000000,150,true,1.69
"BCG",142431,"/Date(1700724308000)/",9050,300,10238400,93122000000,150,true,1.69
"BCG",142431,"/Date(1700724308000)/",9050,2700,10238100,93119000000,150,true,1.69
"BCG",142431,"/Date(1700724308000)/",9050,500,10235400,93095000000,150,true,1.69
"BCG",142431,"/Date(1700724308000)/",9050,3000,10234900,93090000000,150,true,1.69
"BCG",142431,"/Date(1700724308000)/",9050,100,10231900,93063000000,150,true,1.69
"BCG",142431,"/Date(1700724308000)/",9050,2000,10231800,93062000000,150,true,1.69
"BCG",142431,"/Date(1700724308000)/",9050,3000,10229800,93044000000,150,true,1.69
"BCG",142431,"/Date(1700724308000)/",9050,500,10226800,93017000000,150,true,1.69
"BCG",142431,"/Date(1700724308000)/",9050,500,10226300,93012000000,150,true,1.69
"BCG",142431,"/Date(1700724308000)/",9050,400,10225800,93008000000,150,true,1.69
"BCG",142431,"/Date(1700724308000)/",9050,1000,10225400,93004000000,150,true,1.69
"BCG",142431,"/Date(1700724308000)/",9050,2000,10224400,92995000000,150,true,1.69
"BCG",142431,"/Date(1700724308000)/",9050,200,10222400,92977000000,150,true,1.69
"BCG",142431,"/Date(1700724308000)/",9050,14400,10222200,92975000000,150,true,1.69
"BCG",142431,"/Date(1700724308000)/",9050,10000,10207800,92845000000,150,true,1.69
"BCG",142431,"/Date(1700724306000)/",9050,5000,10197800,92754000000,150,true,1.69
"BCG",142431,"/Date(1700724306000)/",9050,600,10192800,92709000000,150,true,1.69
"BCG",142431,"/Date(1700724306000)/",9050,2000,10192200,92704000000,150,true,1.69
"BCG",142431,"/Date(1700724306000)/",9050,100,10190200,92685000000,150,true,1.69
"BCG",142431,"/Date(1700724306000)/",9050,2000,10190100,92685000000,150,true,1.69
"BCG",142431,"/Date(1700724306000)/",9050,300,10188100,92666000000,150,true,1.69
"BCG",142431,"/Date(1700724305000)/",9050,400,10187800,92664000000,150,true,1.69
"BCG",142431,"/Date(1700724305000)/",9050,1700,10187400,92660000000,150,true,1.69
"BCG",142431,"/Date(1700724305000)/",9050,1700,10185700,92645000000,150,true,1.69
"BCG",142431,"/Date(1700724305000)/",9050,8000,10184000,92629000000,150,true,1.69
"BCG",142428,"/Date(1700724304000)/",9050,1000,10176000,92557000000,150,true,1.69
"BCG",142428,"/Date(1700724303000)/",9060,5000,10175000,92548000000,160,false,1.8
"BCG",142428,"/Date(1700724302000)/",9050,14600,10170000,92503000000,150,true,1.69
"BCG",142428,"/Date(1700724302000)/",9050,5000,10155400,92370000000,150,true,1.69
"BCG",142428,"/Date(1700724302000)/",9050,1000,10150400,92325000000,150,true,1.69
"BCG",142428,"/Date(1700724302000)/",9050,1000,10149400,92316000000,150,true,1.69
"BCG",142428,"/Date(1700724302000)/",9050,1000,10148400,92307000000,150,true,1.69
"BCG",142428,"/Date(1700724302000)/",9050,300,10147400,92298000000,150,true,1.69
"BCG",142428,"/Date(1700724302000)/",9050,500,10147100,92295000000,150,true,1.69
"BCG",142428,"/Date(1700724302000)/",9050,500,10146600,92291000000,150,true,1.69
"BCG",142428,"/Date(1700724302000)/",9050,200,10146100,92286000000,150,true,1.69
"BCG",142428,"/Date(1700724302000)/",9050,8800,10145900,92284000000,150,true,1.69
"BCG",142428,"/Date(1700724302000)/",9050,1200,10137100,92205000000,150,true,1.69
"BCG",142428,"/Date(1700724302000)/",9050,1000,10135900,92194000000,150,true,1.69
"BCG",142428,"/Date(1700724302000)/",9050,300,10134900,92185000000,150,true,1.69
"BCG",142428,"/Date(1700724302000)/",9050,100,10134600,92182000000,150,true,1.69
"BCG",142428,"/Date(1700724302000)/",9050,4500,10134500,92181000000,150,true,1.69
"BCG",142424,"/Date(1700724299000)/",9050,500,10130000,92141000000,150,true,1.69
"BCG",142424,"/Date(1700724299000)/",9050,1100,10129500,92136000000,150,true,1.69
"BCG",142424,"/Date(1700724299000)/",9060,1000,10128400,92126000000,160,false,1.8
"BCG",142421,"/Date(1700724298000)/",9050,900,10127400,92117000000,150,true,1.69
"BCG",142421,"/Date(1700724298000)/",9050,400,10126500,92109000000,150,true,1.69
"BCG",142421,"/Date(1700724298000)/",9050,1000,10126100,92105000000,150,true,1.69
"BCG",142421,"/Date(1700724298000)/",9050,500,10125100,92096000000,150,true,1.69
"BCG",142421,"/Date(1700724298000)/",9050,200,10124600,92092000000,150,true,1.69
"BCG",142421,"/Date(1700724298000)/",9050,500,10124400,92090000000,150,true,1.69
"BCG",142421,"/Date(1700724298000)/",9050,300,10123900,92085000000,150,true,1.69
"BCG",142421,"/Date(1700724298000)/",9050,100,10123600,92083000000,150,true,1.69
"BCG",142421,"/Date(1700724298000)/",9050,100,10123500,92082000000,150,true,1.69
"BCG",142421,"/Date(1700724298000)/",9050,200,10123400,92081000000,150,true,1.69
"BCG",142421,"/Date(1700724298000)/",9050,100,10123200,92079000000,150,true,1.69
"BCG",142421,"/Date(1700724298000)/",9050,200,10123100,92078000000,150,true,1.69
"BCG",142421,"/Date(1700724298000)/",9050,500,10122900,92076000000,150,true,1.69
"BCG",142421,"/Date(1700724298000)/",9050,500,10122400,92072000000,150,true,1.69
"BCG",142421,"/Date(1700724298000)/",9050,100,10121900,92067000000,150,true,1.69
"BCG",142421,"/Date(1700724298000)/",9050,4400,10121800,92066000000,150,true,1.69
"BCG",142415,"/Date(1700724290000)/",9060,300,10117400,92027000000,160,true,1.8
"BCG",142415,"/Date(1700724290000)/",9060,200,10117100,92024000000,160,true,1.8
"BCG",142415,"/Date(1700724289000)/",9060,3800,10116900,92022000000,160,true,1.8
"BCG",142415,"/Date(1700724289000)/",9060,100,10113100,91988000000,160,true,1.8
"BCG",142415,"/Date(1700724289000)/",9060,300,10113000,91987000000,160,true,1.8
"BCG",142415,"/Date(1700724289000)/",9060,100,10112700,91984000000,160,true,1.8
"BCG",142415,"/Date(1700724289000)/",9060,45700,10112600,91983000000,160,true,1.8
"BCG",142415,"/Date(1700724288000)/",9060,300,10066900,91569000000,160,true,1.8
"BCG",142412,"/Date(1700724282000)/",9060,4000,10066600,91566000000,160,true,1.8
"BCG",142412,"/Date(1700724282000)/",9060,5000,10062600,91530000000,160,true,1.8
"BCG",142412,"/Date(1700724282000)/",9060,1000,10057600,91485000000,160,true,1.8
"BCG",142412,"/Date(1700724282000)/",9060,5000,10056600,91476000000,160,true,1.8
"BCG",142412,"/Date(1700724282000)/",9060,3000,10051600,91430000000,160,true,1.8
"BCG",142412,"/Date(1700724282000)/",9060,100,10048600,91403000000,160,true,1.8
"BCG",142412,"/Date(1700724282000)/",9060,500,10048500,91402000000,160,true,1.8
"BCG",142412,"/Date(1700724282000)/",9060,200,10048000,91398000000,160,true,1.8
"BCG",142412,"/Date(1700724282000)/",9060,2000,10047800,91396000000,160,true,1.8
"BCG",142412,"/Date(1700724282000)/",9060,5000,10045800,91378000000,160,true,1.8
"BCG",142412,"/Date(1700724282000)/",9060,900,10040800,91333000000,160,true,1.8
"BCG",142412,"/Date(1700724282000)/",9060,2000,10039900,91324000000,160,true,1.8
"BCG",142412,"/Date(1700724282000)/",9060,1000,10037900,91306000000,160,true,1.8
"BCG",142412,"/Date(1700724282000)/",9060,10000,10036900,91297000000,160,true,1.8
"BCG",142412,"/Date(1700724282000)/",9060,10300,10026900,91207000000,160,true,1.8
"BCG",142408,"/Date(1700724280000)/",9080,3000,10016600,91113000000,180,false,2.02
"BCG",142408,"/Date(1700724280000)/",9070,5000,10013600,91086000000,170,false,1.91
"BCG",142408,"/Date(1700724280000)/",9070,500,10008600,91041000000,170,false,1.91
"BCG",142408,"/Date(1700724280000)/",9070,9400,10008100,91036000000,170,false,1.91
"BCG",142408,"/Date(1700724280000)/",9070,600,9998700,90951000000,170,false,1.91
"BCG",142408,"/Date(1700724280000)/",9070,1500,9998100,90945000000,170,false,1.91
"BCG",142402,"/Date(1700724276000)/",9060,10000,9996600,90932000000,160,true,1.8
"BCG",142352,"/Date(1700724266000)/",9070,400,9986600,90841000000,170,true,1.91
"BCG",142352,"/Date(1700724266000)/",9070,100,9986200,90838000000,170,true,1.91
"BCG",142349,"/Date(1700724263000)/",9070,1200,9986100,90837000000,170,true,1.91
"BCG",142343,"/Date(1700724257000)/",9070,1700,9984900,90826000000,170,true,1.91
"BCG",142343,"/Date(1700724257000)/",9070,1000,9983200,90810000000,170,true,1.91
"BCG",142343,"/Date(1700724257000)/",9070,2300,9982200,90801000000,170,true,1.91
"BCG",142336,"/Date(1700724252000)/",9070,500,9979900,90781000000,170,true,1.91
"BCG",142330,"/Date(1700724244000)/",9070,1100,9979400,90776000000,170,true,1.91
"BCG",142327,"/Date(1700724242000)/",9080,1600,9978300,90766000000,180,false,2.02
"BCG",142324,"/Date(1700724239000)/",9080,1000,9976700,90751000000,180,false,2.02
"BCG",142324,"/Date(1700724239000)/",9080,1000,9975700,90742000000,180,false,2.02
"BCG",142324,"/Date(1700724239000)/",9080,400,9974700,90733000000,180,false,2.02
"BCG",142320,"/Date(1700724236000)/",9080,1000,9974300,90730000000,180,false,2.02
"BCG",142317,"/Date(1700724232000)/",9080,500,9973300,90721000000,180,false,2.02
"BCG",142311,"/Date(1700724226000)/",9070,6100,9972800,90716000000,170,true,1.91
"BCG",142311,"/Date(1700724226000)/",9070,2000,9966700,90661000000,170,true,1.91
"BCG",142311,"/Date(1700724226000)/",9070,1000,9964700,90643000000,170,true,1.91
"BCG",142311,"/Date(1700724226000)/",9070,1100,9963700,90634000000,170,true,1.91
"BCG",142311,"/Date(1700724226000)/",9070,200,9962600,90624000000,170,true,1.91
"BCG",142311,"/Date(1700724226000)/",9070,5000,9962400,90622000000,170,true,1.91
"BCG",142311,"/Date(1700724226000)/",9070,4600,9957400,90576000000,170,true,1.91
"BCG",142304,"/Date(1700724219000)/",9080,600,9952800,90535000000,180,false,2.02
"BCG",142301,"/Date(1700724217000)/",9080,400,9952200,90529000000,180,true,2.02
"BCG",142301,"/Date(1700724217000)/",9080,1000,9951800,90526000000,180,true,2.02
"BCG",142301,"/Date(1700724217000)/",9080,200,9950800,90516000000,180,true,2.02
"BCG",142301,"/Date(1700724217000)/",9080,1000,9950600,90515000000,180,true,2.02
"BCG",142301,"/Date(1700724217000)/",9080,2400,9949600,90506000000,180,true,2.02
"BCG",142252,"/Date(1700724207000)/",9080,100,9947200,90484000000,180,true,2.02
"BCG",142252,"/Date(1700724207000)/",9080,400,9947100,90483000000,180,true,2.02
"BCG",142252,"/Date(1700724207000)/",9080,8100,9946700,90479000000,180,true,2.02
"BCG",142252,"/Date(1700724205000)/",9080,8000,9938600,90406000000,180,true,2.02
"BCG",142232,"/Date(1700724189000)/",9090,5000,9930600,90333000000,190,false,2.13
"BCG",142229,"/Date(1700724184000)/",9090,4800,9925600,90288000000,190,false,2.13
"BCG",142226,"/Date(1700724181000)/",9090,5000,9920800,90244000000,190,true,2.13
"BCG",142220,"/Date(1700724175000)/",9090,1000,9915800,90199000000,190,true,2.13
"BCG",142216,"/Date(1700724173000)/",9090,1000,9914800,90189000000,190,true,2.13
"BCG",142216,"/Date(1700724172000)/",9090,1000,9913800,90180000000,190,true,2.13
"BCG",142216,"/Date(1700724171000)/",9090,2200,9912800,90171000000,190,true,2.13
"BCG",142216,"/Date(1700724171000)/",9090,100,9910600,90151000000,190,true,2.13
"BCG",142216,"/Date(1700724171000)/",9090,2700,9910500,90150000000,190,true,2.13
"BCG",142213,"/Date(1700724170000)/",9090,300,9907800,90126000000,190,true,2.13
"BCG",142213,"/Date(1700724170000)/",9090,4700,9907500,90123000000,190,true,2.13
"BCG",142207,"/Date(1700724162000)/",9090,500,9902800,90080000000,190,true,2.13
"BCG",142207,"/Date(1700724162000)/",9090,600,9902300,90076000000,190,true,2.13
"BCG",142157,"/Date(1700724152000)/",9090,2000,9901700,90070000000,190,true,2.13
"BCG",142154,"/Date(1700724151000)/",9090,200,9899700,90052000000,190,true,2.13
"BCG",142144,"/Date(1700724140000)/",9080,300,9899500,90050000000,180,true,2.02
"BCG",142138,"/Date(1700724133000)/",9080,100,9899200,90048000000,180,true,2.02
"BCG",142138,"/Date(1700724132000)/",9100,1000,9899100,90047000000,200,false,2.25
"BCG",142128,"/Date(1700724124000)/",9080,1000,9898100,90038000000,180,true,2.02
"BCG",142106,"/Date(1700724101000)/",9080,200,9897100,90029000000,180,false,2.02
"BCG",142106,"/Date(1700724101000)/",9080,82300,9896900,90027000000,180,false,2.02
"BCG",142100,"/Date(1700724095000)/",9080,100,9814600,89279000000,180,false,2.02
"BCG",142056,"/Date(1700724093000)/",9080,10000,9814500,89279000000,180,false,2.02
"BCG",142053,"/Date(1700724088000)/",9080,5800,9804500,89188000000,180,false,2.02
"BCG",142053,"/Date(1700724088000)/",9080,4200,9798700,89135000000,180,false,2.02
"BCG",142050,"/Date(1700724086000)/",9080,300,9794500,89097000000,180,false,2.02
"BCG",142047,"/Date(1700724083000)/",9080,500,9794200,89094000000,180,false,2.02
"BCG",142047,"/Date(1700724083000)/",9080,700,9793700,89090000000,180,false,2.02
"BCG",142044,"/Date(1700724079000)/",9080,500,9793000,89083000000,180,false,2.02
"BCG",142044,"/Date(1700724079000)/",9070,400,9792500,89079000000,170,true,1.91
"BCG",142044,"/Date(1700724079000)/",9070,100,9792100,89075000000,170,true,1.91
"BCG",142044,"/Date(1700724079000)/",9070,3500,9792000,89074000000,170,true,1.91
"BCG",142028,"/Date(1700724063000)/",9080,1000,9788500,89043000000,180,false,2.02
"BCG",142025,"/Date(1700724058000)/",9080,2000,9787500,89033000000,180,false,2.02
"BCG",142018,"/Date(1700724052000)/",9080,1000,9785500,89015000000,180,false,2.02
"BCG",142015,"/Date(1700724049000)/",9080,200,9784500,89006000000,180,false,2.02
"BCG",142012,"/Date(1700724047000)/",9070,2500,9784300,89004000000,170,true,1.91
"BCG",142012,"/Date(1700724047000)/",9070,100,9781800,88982000000,170,true,1.91
"BCG",142012,"/Date(1700724047000)/",9070,2400,9781700,88981000000,170,true,1.91
"BCG",142005,"/Date(1700724039000)/",9080,200,9779300,88959000000,180,false,2.02
"BCG",141959,"/Date(1700724034000)/",9080,5600,9779100,88957000000,180,false,2.02
"BCG",141956,"/Date(1700724032000)/",9080,10000,9773500,88906000000,180,false,2.02
"BCG",141949,"/Date(1700724025000)/",9080,5000,9763500,88816000000,180,false,2.02
"BCG",141949,"/Date(1700724025000)/",9070,100,9758500,88770000000,170,true,1.91
"BCG",141946,"/Date(1700724021000)/",9080,5000,9758400,88769000000,180,false,2.02
"BCG",141946,"/Date(1700724021000)/",9070,500,9753400,88724000000,170,true,1.91
"BCG",141946,"/Date(1700724021000)/",9070,100,9752900,88719000000,170,true,1.91
"BCG",141946,"/Date(1700724021000)/",9070,1000,9752800,88718000000,170,true,1.91
"BCG",141946,"/Date(1700724021000)/",9070,700,9751800,88709000000,170,true,1.91
"BCG",141933,"/Date(1700724008000)/",9080,15000,9751100,88703000000,180,true,2.02
"BCG",141933,"/Date(1700724007000)/",9080,2200,9736100,88567000000,180,true,2.02
"BCG",141933,"/Date(1700724007000)/",9080,2000,9733900,88547000000,180,true,2.02
"BCG",141933,"/Date(1700724007000)/",9080,500,9731900,88529000000,180,true,2.02
"BCG",141933,"/Date(1700724007000)/",9080,600,9731400,88524000000,180,true,2.02
"BCG",141933,"/Date(1700724007000)/",9080,2000,9730800,88519000000,180,true,2.02
"BCG",141933,"/Date(1700724007000)/",9080,3000,9728800,88501000000,180,true,2.02
"BCG",141933,"/Date(1700724007000)/",9080,5000,9725800,88473000000,180,true,2.02
"BCG",141933,"/Date(1700724007000)/",9080,1000,9720800,88428000000,180,true,2.02
"BCG",141933,"/Date(1700724007000)/",9080,1100,9719800,88419000000,180,true,2.02
"BCG",141933,"/Date(1700724007000)/",9080,1500,9718700,88409000000,180,true,2.02
"BCG",141933,"/Date(1700724007000)/",9080,200,9717200,88395000000,180,true,2.02
"BCG",141933,"/Date(1700724007000)/",9080,4800,9717000,88393000000,180,true,2.02
"BCG",141933,"/Date(1700724007000)/",9090,200,9712200,88350000000,190,true,2.13
"BCG",141933,"/Date(1700724007000)/",9090,1300,9712000,88348000000,190,true,2.13
"BCG",141933,"/Date(1700724007000)/",9090,2000,9710700,88336000000,190,true,2.13
"BCG",141933,"/Date(1700724007000)/",9090,10000,9708700,88318000000,190,true,2.13
"BCG",141933,"/Date(1700724007000)/",9090,2700,9698700,88227000000,190,true,2.13
"BCG",141924,"/Date(1700723999000)/",9090,100,9696000,88203000000,190,true,2.13
"BCG",141921,"/Date(1700723997000)/",9090,200,9695900,88202000000,190,true,2.13
"BCG",141921,"/Date(1700723997000)/",9090,1800,9695700,88200000000,190,true,2.13
"BCG",141901,"/Date(1700723976000)/",9090,500,9693900,88183000000,190,false,2.13
"BCG",141901,"/Date(1700723976000)/",9090,2000,9693400,88179000000,190,false,2.13
"BCG",141901,"/Date(1700723976000)/",9090,200,9691400,88161000000,190,false,2.13
"BCG",141901,"/Date(1700723976000)/",9090,500,9691200,88159000000,190,false,2.13
"BCG",141901,"/Date(1700723976000)/",9080,300,9690700,88154000000,180,true,2.02
"BCG",141858,"/Date(1700723974000)/",9090,300,9690400,88152000000,190,false,2.13
"BCG",141855,"/Date(1700723971000)/",9090,10000,9690100,88149000000,190,false,2.13
"BCG",141855,"/Date(1700723970000)/",9090,500,9680100,88058000000,190,false,2.13
"BCG",141852,"/Date(1700723967000)/",9090,5000,9679600,88053000000,190,false,2.13
"BCG",141852,"/Date(1700723966000)/",9090,3000,9674600,88008000000,190,false,2.13
"BCG",141845,"/Date(1700723960000)/",9090,200,9671600,87981000000,190,false,2.13
"BCG",141842,"/Date(1700723956000)/",9080,500,9671400,87979000000,180,true,2.02
"BCG",141839,"/Date(1700723953000)/",9090,2000,9670900,87974000000,190,false,2.13
"BCG",141829,"/Date(1700723943000)/",9090,2000,9668900,87956000000,190,false,2.13
"BCG",141820,"/Date(1700723935000)/",9080,4400,9666900,87938000000,180,true,2.02
"BCG",141820,"/Date(1700723935000)/",9080,500,9662500,87898000000,180,true,2.02
"BCG",141820,"/Date(1700723935000)/",9080,100,9662000,87894000000,180,true,2.02
"BCG",141814,"/Date(1700723930000)/",9090,1500,9661900,87893000000,190,false,2.13
"BCG",141814,"/Date(1700723930000)/",9090,500,9660400,87879000000,190,false,2.13
"BCG",141810,"/Date(1700723926000)/",9080,3000,9659900,87874000000,180,true,2.02
"BCG",141754,"/Date(1700723909000)/",9080,1900,9656900,87847000000,180,true,2.02
"BCG",141754,"/Date(1700723908000)/",9080,1000,9655000,87830000000,180,true,2.02
"BCG",141754,"/Date(1700723908000)/",9080,500,9654000,87821000000,180,true,2.02
"BCG",141751,"/Date(1700723906000)/",9080,100,9653500,87816000000,180,false,2.02
"BCG",141751,"/Date(1700723906000)/",9080,300,9653400,87815000000,180,false,2.02
"BCG",141748,"/Date(1700723903000)/",9080,1200,9653100,87813000000,180,false,2.02
"BCG",141748,"/Date(1700723903000)/",9080,1000,9651900,87802000000,180,false,2.02
"BCG",141748,"/Date(1700723902000)/",9080,2800,9650900,87793000000,180,false,2.02
"BCG",141748,"/Date(1700723902000)/",9080,2200,9648100,87767000000,180,false,2.02
"BCG",141748,"/Date(1700723902000)/",9080,4300,9645900,87747000000,180,false,2.02
"BCG",141748,"/Date(1700723901000)/",9080,700,9641600,87708000000,180,false,2.02
"BCG",141748,"/Date(1700723901000)/",9080,1000,9640900,87702000000,180,false,2.02
"BCG",141748,"/Date(1700723901000)/",9080,500,9639900,87693000000,180,false,2.02
"BCG",141748,"/Date(1700723901000)/",9080,100,9639400,87688000000,180,false,2.02
"BCG",141748,"/Date(1700723901000)/",9080,6000,9639300,87687000000,180,false,2.02
"BCG",141748,"/Date(1700723901000)/",9080,100,9633300,87633000000,180,false,2.02
"BCG",141748,"/Date(1700723901000)/",9080,1600,9633200,87632000000,180,false,2.02
"BCG",141742,"/Date(1700723895000)/",9080,3200,9631600,87617000000,180,false,2.02
"BCG",141738,"/Date(1700723893000)/",9080,3000,9628400,87588000000,180,false,2.02
"BCG",141735,"/Date(1700723890000)/",9080,2000,9625400,87561000000,180,false,2.02
"BCG",141719,"/Date(1700723873000)/",9080,5000,9623400,87543000000,180,false,2.02
"BCG",141719,"/Date(1700723873000)/",9070,100,9618400,87498000000,170,true,1.91
"BCG",141709,"/Date(1700723863000)/",9070,100,9618300,87497000000,170,true,1.91
"BCG",141706,"/Date(1700723860000)/",9080,100,9618200,87496000000,180,false,2.02
"BCG",141657,"/Date(1700723852000)/",9070,100,9618100,87495000000,170,true,1.91
"BCG",141650,"/Date(1700723844000)/",9070,1400,9618000,87494000000,170,false,1.91
"BCG",141650,"/Date(1700723844000)/",9070,100,9616600,87481000000,170,false,1.91
"BCG",141647,"/Date(1700723842000)/",9070,500,9616500,87480000000,170,false,1.91
"BCG",141647,"/Date(1700723841000)/",9070,400,9616000,87476000000,170,false,1.91
"BCG",141647,"/Date(1700723841000)/",9070,600,9615600,87472000000,170,false,1.91
"BCG",141644,"/Date(1700723840000)/",9070,1100,9615000,87467000000,170,false,1.91
"BCG",141644,"/Date(1700723838000)/",9060,1000,9613900,87457000000,160,true,1.8
"BCG",141641,"/Date(1700723836000)/",9070,1000,9612900,87448000000,170,false,1.91
"BCG",141641,"/Date(1700723836000)/",9070,300,9611900,87439000000,170,false,1.91
"BCG",141641,"/Date(1700723836000)/",9070,300,9611600,87436000000,170,false,1.91
"BCG",141641,"/Date(1700723836000)/",9070,1200,9611300,87433000000,170,false,1.91
"BCG",141641,"/Date(1700723836000)/",9070,600,9610100,87422000000,170,false,1.91
"BCG",141641,"/Date(1700723836000)/",9070,900,9609500,87417000000,170,false,1.91
"BCG",141634,"/Date(1700723828000)/",9070,1000,9608600,87409000000,170,false,1.91
"BCG",141625,"/Date(1700723818000)/",9070,5000,9607600,87400000000,170,false,1.91
"BCG",141615,"/Date(1700723810000)/",9060,600,9602600,87354000000,160,false,1.8
"BCG",141615,"/Date(1700723810000)/",9060,500,9602000,87349000000,160,false,1.8
"BCG",141615,"/Date(1700723810000)/",9060,10100,9601500,87344000000,160,false,1.8
"BCG",141612,"/Date(1700723807000)/",9060,800,9591400,87253000000,160,false,1.8
"BCG",141612,"/Date(1700723806000)/",9060,200,9590600,87246000000,160,false,1.8
"BCG",141609,"/Date(1700723805000)/",9060,2000,9590400,87244000000,160,false,1.8
"BCG",141609,"/Date(1700723803000)/",9060,3000,9588400,87226000000,160,false,1.8
"BCG",141606,"/Date(1700723802000)/",9060,3900,9585400,87198000000,160,false,1.8
"BCG",141606,"/Date(1700723802000)/",9060,1000,9581500,87163000000,160,false,1.8
"BCG",141606,"/Date(1700723802000)/",9060,2000,9580500,87154000000,160,false,1.8
"BCG",141606,"/Date(1700723802000)/",9060,3100,9578500,87136000000,160,false,1.8
"BCG",141606,"/Date(1700723799000)/",9060,500,9575400,87108000000,160,false,1.8
"BCG",141559,"/Date(1700723794000)/",9060,1000,9574900,87103000000,160,false,1.8
"BCG",141550,"/Date(1700723785000)/",9060,200,9573900,87094000000,160,false,1.8
"BCG",141550,"/Date(1700723783000)/",9060,5200,9573700,87092000000,160,false,1.8
"BCG",141550,"/Date(1700723783000)/",9060,2000,9568500,87045000000,160,false,1.8
"BCG",141546,"/Date(1700723782000)/",9060,2800,9566500,87027000000,160,true,1.8
"BCG",141540,"/Date(1700723774000)/",9060,2200,9563700,87002000000,160,false,1.8
"BCG",141540,"/Date(1700723774000)/",9060,2800,9561500,86982000000,160,false,1.8
"BCG",141540,"/Date(1700723774000)/",9050,200,9558700,86957000000,150,true,1.69
"BCG",141537,"/Date(1700723772000)/",9060,1200,9558500,86955000000,160,false,1.8
"BCG",141537,"/Date(1700723772000)/",9060,3800,9557300,86944000000,160,false,1.8
"BCG",141530,"/Date(1700723765000)/",9050,2200,9553500,86909000000,150,true,1.69
"BCG",141527,"/Date(1700723763000)/",9060,1000,9551300,86890000000,160,false,1.8
"BCG",141524,"/Date(1700723758000)/",9060,200,9550300,86881000000,160,false,1.8
"BCG",141518,"/Date(1700723754000)/",9060,5000,9550100,86879000000,160,false,1.8
"BCG",141518,"/Date(1700723752000)/",9050,15200,9545100,86833000000,150,true,1.69
"BCG",141518,"/Date(1700723752000)/",9050,100,9529900,86696000000,150,true,1.69
"BCG",141518,"/Date(1700723752000)/",9050,1000,9529800,86695000000,150,true,1.69
"BCG",141518,"/Date(1700723752000)/",9050,2000,9528800,86686000000,150,true,1.69
"BCG",141518,"/Date(1700723752000)/",9050,500,9526800,86668000000,150,true,1.69
"BCG",141518,"/Date(1700723752000)/",9050,1000,9526300,86663000000,150,true,1.69
"BCG",141518,"/Date(1700723752000)/",9050,1000,9525300,86654000000,150,true,1.69
"BCG",141518,"/Date(1700723752000)/",9050,3000,9524300,86645000000,150,true,1.69
"BCG",141518,"/Date(1700723752000)/",9050,3000,9521300,86618000000,150,true,1.69
"BCG",141518,"/Date(1700723752000)/",9050,200,9518300,86591000000,150,true,1.69
"BCG",141518,"/Date(1700723752000)/",9050,200,9518100,86589000000,150,true,1.69
"BCG",141518,"/Date(1700723752000)/",9050,22800,9517900,86587000000,150,true,1.69
"BCG",141518,"/Date(1700723751000)/",9070,5500,9495100,86381000000,170,false,1.91
"BCG",141514,"/Date(1700723750000)/",9050,1200,9489600,86331000000,150,true,1.69
"BCG",141514,"/Date(1700723750000)/",9060,800,9488400,86320000000,160,false,1.8
"BCG",141511,"/Date(1700723746000)/",9060,500,9487600,86313000000,160,false,1.8
"BCG",141511,"/Date(1700723746000)/",9060,800,9487100,86308000000,160,false,1.8
"BCG",141511,"/Date(1700723745000)/",9060,100,9486300,86301000000,160,false,1.8
"BCG",141511,"/Date(1700723745000)/",9060,1000,9486200,86300000000,160,false,1.8
"BCG",141505,"/Date(1700723738000)/",9060,100,9485200,86291000000,160,false,1.8
"BCG",141458,"/Date(1700723733000)/",9050,200,9485100,86290000000,150,true,1.69
"BCG",141455,"/Date(1700723731000)/",9050,5800,9484900,86288000000,150,true,1.69
"BCG",141455,"/Date(1700723731000)/",9050,30000,9479100,86236000000,150,true,1.69
"BCG",141455,"/Date(1700723731000)/",9050,200,9449100,85964000000,150,true,1.69
"BCG",141455,"/Date(1700723731000)/",9050,4000,9448900,85963000000,150,true,1.69
"BCG",141455,"/Date(1700723731000)/",9050,100,9444900,85926000000,150,true,1.69
"BCG",141455,"/Date(1700723731000)/",9060,1800,9444800,85926000000,160,false,1.8
"BCG",141455,"/Date(1700723729000)/",9060,1000,9443000,85909000000,160,false,1.8
"BCG",141455,"/Date(1700723729000)/",9060,500,9442000,85900000000,160,false,1.8
"BCG",141455,"/Date(1700723729000)/",9060,200,9441500,85896000000,160,false,1.8
"BCG",141455,"/Date(1700723729000)/",9060,500,9441300,85894000000,160,false,1.8
"BCG",141455,"/Date(1700723729000)/",9060,1000,9440800,85889000000,160,false,1.8
"BCG",141442,"/Date(1700723717000)/",9050,500,9439800,85880000000,150,true,1.69
"BCG",141442,"/Date(1700723717000)/",9060,1000,9439300,85876000000,160,false,1.8
"BCG",141442,"/Date(1700723716000)/",9060,1000,9438300,85867000000,160,false,1.8
"BCG",141426,"/Date(1700723699000)/",9060,1000,9437300,85858000000,160,false,1.8
"BCG",141420,"/Date(1700723693000)/",9060,500,9436300,85849000000,160,true,1.8
"BCG",141420,"/Date(1700723693000)/",9060,1400,9435800,85844000000,160,true,1.8
"BCG",141417,"/Date(1700723692000)/",9060,400,9434400,85831000000,160,true,1.8
"BCG",141417,"/Date(1700723692000)/",9060,100,9434000,85828000000,160,true,1.8
"BCG",141414,"/Date(1700723690000)/",9060,900,9433900,85827000000,160,true,1.8
"BCG",141414,"/Date(1700723690000)/",9060,10000,9433000,85819000000,160,true,1.8
"BCG",141414,"/Date(1700723690000)/",9060,500,9423000,85728000000,160,true,1.8
"BCG",141414,"/Date(1700723690000)/",9060,800,9422500,85724000000,160,true,1.8
"BCG",141414,"/Date(1700723689000)/",9060,200,9421700,85716000000,160,true,1.8
"BCG",141414,"/Date(1700723689000)/",9060,1000,9421500,85714000000,160,true,1.8
"BCG",141414,"/Date(1700723689000)/",9060,1000,9420500,85705000000,160,true,1.8
"BCG",141414,"/Date(1700723689000)/",9060,200,9419500,85696000000,160,true,1.8
"BCG",141414,"/Date(1700723689000)/",9060,300,9419300,85695000000,160,true,1.8
"BCG",141414,"/Date(1700723689000)/",9060,5000,9419000,85692000000,160,true,1.8
"BCG",141414,"/Date(1700723689000)/",9060,100,9414000,85647000000,160,true,1.8
"BCG",141414,"/Date(1700723689000)/",9060,2500,9413900,85646000000,160,true,1.8
"BCG",141414,"/Date(1700723689000)/",9060,1000,9411400,85623000000,160,true,1.8
"BCG",141414,"/Date(1700723689000)/",9060,900,9410400,85614000000,160,true,1.8
"BCG",141414,"/Date(1700723689000)/",9060,800,9409500,85606000000,160,true,1.8
"BCG",141410,"/Date(1700723686000)/",9060,200,9408700,85598000000,160,true,1.8
"BCG",141410,"/Date(1700723686000)/",9060,2000,9408500,85597000000,160,true,1.8
"BCG",141404,"/Date(1700723678000)/",9060,1000,9406500,85579000000,160,true,1.8
"BCG",141404,"/Date(1700723678000)/",9060,500,9405500,85569000000,160,true,1.8
"BCG",141404,"/Date(1700723678000)/",9060,100,9405000,85565000000,160,true,1.8
"BCG",141404,"/Date(1700723678000)/",9060,1000,9404900,85564000000,160,true,1.8
"BCG",141404,"/Date(1700723678000)/",9060,1000,9403900,85555000000,160,true,1.8
"BCG",141404,"/Date(1700723678000)/",9060,2000,9402900,85546000000,160,true,1.8
"BCG",141404,"/Date(1700723678000)/",9060,100,9400900,85528000000,160,true,1.8
"BCG",141404,"/Date(1700723678000)/",9060,300,9400800,85527000000,160,true,1.8
"BCG",141404,"/Date(1700723678000)/",9060,1000,9400500,85524000000,160,true,1.8
"BCG",141404,"/Date(1700723678000)/",9060,100,9399500,85515000000,160,true,1.8
"BCG",141404,"/Date(1700723678000)/",9060,400,9399400,85514000000,160,true,1.8
"BCG",141404,"/Date(1700723678000)/",9060,4000,9399000,85511000000,160,true,1.8
"BCG",141404,"/Date(1700723678000)/",9060,2000,9395000,85474000000,160,true,1.8
"BCG",141404,"/Date(1700723678000)/",9060,5000,9393000,85456000000,160,true,1.8
"BCG",141404,"/Date(1700723678000)/",9060,100,9388000,85411000000,160,true,1.8
"BCG",141404,"/Date(1700723678000)/",9060,1400,9387900,85410000000,160,true,1.8
"BCG",141358,"/Date(1700723672000)/",9070,5000,9386500,85397000000,170,false,1.91
"BCG",141358,"/Date(1700723671000)/",9070,1100,9381500,85352000000,170,false,1.91
"BCG",141354,"/Date(1700723667000)/",9070,1500,9380400,85342000000,170,false,1.91
"BCG",141351,"/Date(1700723667000)/",9070,3500,9378900,85328000000,170,true,1.91
"BCG",141351,"/Date(1700723666000)/",9070,100,9375400,85297000000,170,true,1.91
"BCG",141348,"/Date(1700723661000)/",9070,400,9375300,85296000000,170,false,1.91
"BCG",141348,"/Date(1700723661000)/",9070,6000,9374900,85292000000,170,false,1.91
"BCG",141342,"/Date(1700723658000)/",9070,1000,9368900,85238000000,170,true,1.91
"BCG",141342,"/Date(1700723655000)/",9070,2500,9367900,85229000000,170,true,1.91
"BCG",141338,"/Date(1700723652000)/",9070,500,9365400,85206000000,170,true,1.91
"BCG",141338,"/Date(1700723652000)/",9080,100,9364900,85201000000,180,false,2.02
"BCG",141329,"/Date(1700723644000)/",9080,2000,9364800,85201000000,180,false,2.02
"BCG",141329,"/Date(1700723643000)/",9070,500,9362800,85182000000,170,true,1.91
"BCG",141329,"/Date(1700723643000)/",9080,2000,9362300,85178000000,180,false,2.02
"BCG",141326,"/Date(1700723641000)/",9080,5000,9360300,85160000000,180,false,2.02
"BCG",141326,"/Date(1700723639000)/",9070,400,9355300,85114000000,170,true,1.91
"BCG",141319,"/Date(1700723635000)/",9070,300,9354900,85111000000,170,true,1.91
"BCG",141313,"/Date(1700723626000)/",9070,1300,9354600,85108000000,170,true,1.91
"BCG",141313,"/Date(1700723626000)/",9070,1000,9353300,85096000000,170,true,1.91
"BCG",141313,"/Date(1700723626000)/",9070,200,9352300,85087000000,170,true,1.91
"BCG",141313,"/Date(1700723626000)/",9070,100,9352100,85085000000,170,true,1.91
"BCG",141313,"/Date(1700723626000)/",9070,100,9352000,85084000000,170,true,1.91
"BCG",141313,"/Date(1700723626000)/",9070,2300,9351900,85083000000,170,true,1.91
"BCG",141310,"/Date(1700723626000)/",9070,600,9349600,85063000000,170,true,1.91
"BCG",141310,"/Date(1700723624000)/",9090,5000,9349000,85057000000,190,false,2.13
"BCG",141300,"/Date(1700723613000)/",9070,2000,9344000,85012000000,170,true,1.91
"BCG",141257,"/Date(1700723612000)/",9090,10000,9342000,84994000000,190,false,2.13
"BCG",141257,"/Date(1700723611000)/",9090,100,9332000,84903000000,190,false,2.13
"BCG",141257,"/Date(1700723611000)/",9090,100,9331900,84902000000,190,false,2.13
"BCG",141257,"/Date(1700723611000)/",9090,4800,9331800,84901000000,190,false,2.13
"BCG",141257,"/Date(1700723611000)/",9090,200,9327000,84857000000,190,false,2.13
"BCG",141257,"/Date(1700723611000)/",9090,1300,9326800,84855000000,190,false,2.13
"BCG",141257,"/Date(1700723610000)/",9090,2000,9325500,84844000000,190,false,2.13
"BCG",141257,"/Date(1700723610000)/",9090,5000,9323500,84825000000,190,false,2.13
"BCG",141254,"/Date(1700723607000)/",9090,200,9318500,84780000000,190,true,2.13
"BCG",141251,"/Date(1700723605000)/",9090,10000,9318300,84778000000,190,true,2.13
"BCG",141251,"/Date(1700723604000)/",9090,2000,9308300,84687000000,190,true,2.13
"BCG",141251,"/Date(1700723604000)/",9090,2000,9306300,84669000000,190,true,2.13
"BCG",141251,"/Date(1700723603000)/",9090,5000,9304300,84651000000,190,true,2.13
"BCG",141247,"/Date(1700723603000)/",9090,1500,9299300,84605000000,190,true,2.13
"BCG",141247,"/Date(1700723602000)/",9090,5000,9297800,84592000000,190,true,2.13
"BCG",141247,"/Date(1700723600000)/",9090,2000,9292800,84546000000,190,true,2.13
"BCG",141244,"/Date(1700723599000)/",9090,1000,9290800,84528000000,190,true,2.13
"BCG",141241,"/Date(1700723595000)/",9090,2000,9289800,84519000000,190,true,2.13
"BCG",141241,"/Date(1700723594000)/",9090,200,9287800,84501000000,190,true,2.13
"BCG",141238,"/Date(1700723593000)/",9090,3000,9287600,84499000000,190,true,2.13
"BCG",141235,"/Date(1700723589000)/",9090,500,9284600,84472000000,190,true,2.13
"BCG",141228,"/Date(1700723584000)/",9090,500,9284100,84467000000,190,true,2.13
"BCG",141228,"/Date(1700723582000)/",9090,500,9283600,84463000000,190,true,2.13
"BCG",141225,"/Date(1700723580000)/",9090,1500,9283100,84458000000,190,true,2.13
"BCG",141222,"/Date(1700723576000)/",9090,300,9281600,84445000000,190,true,2.13
"BCG",141215,"/Date(1700723569000)/",9090,4000,9281300,84442000000,190,true,2.13
"BCG",141209,"/Date(1700723564000)/",9090,500,9277300,84405000000,190,false,2.13
"BCG",141203,"/Date(1700723557000)/",9070,100,9276800,84401000000,170,false,1.91
"BCG",141203,"/Date(1700723555000)/",9060,2600,9276700,84400000000,160,true,1.8
"BCG",141203,"/Date(1700723555000)/",9060,1000,9274100,84376000000,160,true,1.8
"BCG",141203,"/Date(1700723555000)/",9060,5000,9273100,84367000000,160,true,1.8
"BCG",141203,"/Date(1700723555000)/",9060,1000,9268100,84322000000,160,true,1.8
"BCG",141203,"/Date(1700723555000)/",9060,100,9267100,84313000000,160,true,1.8
"BCG",141203,"/Date(1700723555000)/",9060,100,9267000,84312000000,160,true,1.8
"BCG",141203,"/Date(1700723555000)/",9060,200,9266900,84311000000,160,true,1.8
"BCG",141156,"/Date(1700723551000)/",9090,1500,9266700,84309000000,190,false,2.13
"BCG",141156,"/Date(1700723551000)/",9080,5400,9265200,84296000000,180,false,2.02
"BCG",141156,"/Date(1700723551000)/",9070,2100,9259800,84247000000,170,false,1.91
"BCG",141156,"/Date(1700723550000)/",9070,500,9257700,84228000000,170,false,1.91
"BCG",141147,"/Date(1700723541000)/",9070,100,9257200,84223000000,170,false,1.91
"BCG",141143,"/Date(1700723537000)/",9070,600,9257100,84222000000,170,false,1.91
"BCG",141143,"/Date(1700723537000)/",9070,600,9256500,84217000000,170,false,1.91
"BCG",141143,"/Date(1700723536000)/",9070,100,9255900,84211000000,170,false,1.91
"BCG",141143,"/Date(1700723536000)/",9070,500,9255800,84210000000,170,false,1.91
"BCG",141143,"/Date(1700723536000)/",9070,1800,9255300,84206000000,170,false,1.91
"BCG",141137,"/Date(1700723530000)/",9070,3000,9253500,84190000000,170,true,1.91
"BCG",141134,"/Date(1700723527000)/",9070,100,9250500,84162000000,170,true,1.91
"BCG",141131,"/Date(1700723526000)/",9070,100,9250400,84161000000,170,true,1.91
"BCG",141131,"/Date(1700723526000)/",9070,100,9250300,84161000000,170,true,1.91
"BCG",141131,"/Date(1700723526000)/",9070,100,9250200,84160000000,170,true,1.91
"BCG",141131,"/Date(1700723526000)/",9070,600,9250100,84159000000,170,true,1.91
"BCG",141131,"/Date(1700723526000)/",9070,4100,9249500,84153000000,170,true,1.91
"BCG",141131,"/Date(1700723524000)/",9070,900,9245400,84116000000,170,true,1.91
"BCG",141131,"/Date(1700723524000)/",9070,1600,9244500,84108000000,170,true,1.91
"BCG",141124,"/Date(1700723518000)/",9070,400,9242900,84093000000,170,true,1.91
"BCG",141124,"/Date(1700723518000)/",9070,1000,9242500,84090000000,170,true,1.91
"BCG",141124,"/Date(1700723518000)/",9070,1500,9241500,84081000000,170,true,1.91
"BCG",141124,"/Date(1700723518000)/",9070,500,9240000,84067000000,170,true,1.91
"BCG",141124,"/Date(1700723518000)/",9070,400,9239500,84063000000,170,true,1.91
"BCG",141124,"/Date(1700723518000)/",9070,2000,9239100,84059000000,170,true,1.91
"BCG",141124,"/Date(1700723518000)/",9070,100,9237100,84041000000,170,true,1.91
"BCG",141124,"/Date(1700723518000)/",9070,500,9237000,84040000000,170,true,1.91
"BCG",141124,"/Date(1700723518000)/",9070,500,9236500,84035000000,170,true,1.91
"BCG",141124,"/Date(1700723518000)/",9070,500,9236000,84031000000,170,true,1.91
"BCG",141124,"/Date(1700723518000)/",9070,500,9235500,84026000000,170,true,1.91
"BCG",141124,"/Date(1700723518000)/",9070,2000,9235000,84022000000,170,true,1.91
"BCG",141124,"/Date(1700723518000)/",9070,100,9233000,84004000000,170,true,1.91
"BCG",141121,"/Date(1700723516000)/",9080,500,9232900,84003000000,180,true,2.02
"BCG",141121,"/Date(1700723516000)/",9080,5000,9232400,83998000000,180,true,2.02
"BCG",141121,"/Date(1700723516000)/",9080,500,9227400,83953000000,180,true,2.02
"BCG",141121,"/Date(1700723516000)/",9080,1100,9226900,83948000000,180,true,2.02
"BCG",141121,"/Date(1700723516000)/",9080,5000,9225800,83938000000,180,true,2.02
"BCG",141121,"/Date(1700723516000)/",9080,5000,9220800,83893000000,180,true,2.02
"BCG",141121,"/Date(1700723516000)/",9080,1000,9215800,83847000000,180,true,2.02
"BCG",141121,"/Date(1700723516000)/",9080,200,9214800,83838000000,180,true,2.02
"BCG",141121,"/Date(1700723516000)/",9080,5000,9214600,83837000000,180,true,2.02
"BCG",141121,"/Date(1700723516000)/",9080,5000,9209600,83791000000,180,true,2.02
"BCG",141121,"/Date(1700723516000)/",9080,500,9204600,83746000000,180,true,2.02
"BCG",141121,"/Date(1700723516000)/",9080,100,9204100,83741000000,180,true,2.02
"BCG",141121,"/Date(1700723516000)/",9080,2000,9204000,83740000000,180,true,2.02
"BCG",141121,"/Date(1700723516000)/",9080,600,9202000,83722000000,180,true,2.02
"BCG",141121,"/Date(1700723516000)/",9080,500,9201400,83717000000,180,true,2.02
"BCG",141121,"/Date(1700723516000)/",9080,500,9200900,83712000000,180,true,2.02
"BCG",141121,"/Date(1700723516000)/",9080,700,9200400,83708000000,180,true,2.02
"BCG",141121,"/Date(1700723516000)/",9090,500,9199700,83701000000,190,true,2.13
"BCG",141121,"/Date(1700723516000)/",9090,1200,9199200,83697000000,190,true,2.13
"BCG",141121,"/Date(1700723516000)/",9090,500,9198000,83686000000,190,true,2.13
"BCG",141121,"/Date(1700723516000)/",9090,600,9197500,83681000000,190,true,2.13
"BCG",141121,"/Date(1700723516000)/",9090,5000,9196900,83676000000,190,true,2.13
"BCG",141121,"/Date(1700723516000)/",9090,500,9191900,83630000000,190,true,2.13
"BCG",141121,"/Date(1700723516000)/",9090,500,9191400,83626000000,190,true,2.13
"BCG",141121,"/Date(1700723516000)/",9090,1900,9190900,83621000000,190,true,2.13
"BCG",141121,"/Date(1700723516000)/",9090,500,9189000,83604000000,190,true,2.13
"BCG",141121,"/Date(1700723516000)/",9090,100,9188500,83599000000,190,true,2.13
"BCG",141121,"/Date(1700723516000)/",9090,10000,9188400,83599000000,190,true,2.13
"BCG",141121,"/Date(1700723516000)/",9090,2000,9178400,83508000000,190,true,2.13
"BCG",141121,"/Date(1700723516000)/",9090,3000,9176400,83489000000,190,true,2.13
"BCG",141121,"/Date(1700723516000)/",9090,100,9173400,83462000000,190,true,2.13
"BCG",141121,"/Date(1700723516000)/",9090,1000,9173300,83461000000,190,true,2.13
"BCG",141121,"/Date(1700723516000)/",9090,3000,9172300,83452000000,190,true,2.13
"BCG",141121,"/Date(1700723516000)/",9090,5000,9169300,83425000000,190,true,2.13
"BCG",141121,"/Date(1700723516000)/",9090,20000,9164300,83379000000,190,true,2.13
"BCG",141121,"/Date(1700723516000)/",9090,2000,9144300,83198000000,190,true,2.13
"BCG",141121,"/Date(1700723514000)/",9100,2500,9142300,83179000000,200,false,2.25
"BCG",141121,"/Date(1700723514000)/",9100,2000,9139800,83157000000,200,false,2.25
"BCG",141121,"/Date(1700723514000)/",9100,3000,9137800,83139000000,200,false,2.25
"BCG",141121,"/Date(1700723514000)/",9100,100,9134800,83111000000,200,false,2.25
"BCG",141121,"/Date(1700723514000)/",9100,1000,9134700,83110000000,200,false,2.25
"BCG",141121,"/Date(1700723514000)/",9100,1100,9133700,83101000000,200,false,2.25
"BCG",141121,"/Date(1700723514000)/",9100,300,9132600,83091000000,200,false,2.25
"BCG",141118,"/Date(1700723513000)/",9090,2000,9132300,83088000000,190,true,2.13
"BCG",141115,"/Date(1700723509000)/",9100,500,9130300,83070000000,200,false,2.25
"BCG",141105,"/Date(1700723498000)/",9090,2400,9129800,83066000000,190,true,2.13
"BCG",141105,"/Date(1700723498000)/",9090,500,9127400,83044000000,190,true,2.13
"BCG",141105,"/Date(1700723498000)/",9090,7000,9126900,83039000000,190,true,2.13
"BCG",141105,"/Date(1700723498000)/",9090,100,9119900,82976000000,190,true,2.13
"BCG",141046,"/Date(1700723480000)/",9100,100,9119800,82975000000,200,false,2.25
"BCG",141042,"/Date(1700723477000)/",9100,1000,9119700,82974000000,200,false,2.25
"BCG",141036,"/Date(1700723472000)/",9100,500,9118700,82965000000,200,false,2.25
"BCG",141036,"/Date(1700723471000)/",9090,900,9118200,82960000000,190,true,2.13
"BCG",141036,"/Date(1700723471000)/",9090,100,9117300,82952000000,190,true,2.13
"BCG",141027,"/Date(1700723459000)/",9100,1000,9117200,82951000000,200,false,2.25
"BCG",141017,"/Date(1700723452000)/",9100,1000,9116200,82942000000,200,false,2.25
"BCG",141014,"/Date(1700723448000)/",9100,400,9115200,82933000000,200,true,2.25
"BCG",141014,"/Date(1700723448000)/",9100,200,9114800,82929000000,200,true,2.25
"BCG",141007,"/Date(1700723442000)/",9100,6200,9114600,82928000000,200,true,2.25
"BCG",141007,"/Date(1700723442000)/",9100,100,9108400,82871000000,200,true,2.25
"BCG",141007,"/Date(1700723442000)/",9100,4000,9108300,82870000000,200,true,2.25
"BCG",141007,"/Date(1700723442000)/",9100,1700,9104300,82834000000,200,true,2.25
"BCG",141007,"/Date(1700723442000)/",9100,1000,9102600,82818000000,200,true,2.25
"BCG",141001,"/Date(1700723435000)/",9100,200,9101600,82809000000,200,true,2.25
"BCG",141001,"/Date(1700723435000)/",9100,900,9101400,82807000000,200,true,2.25
"BCG",141001,"/Date(1700723435000)/",9100,2000,9100500,82799000000,200,true,2.25
"BCG",141001,"/Date(1700723435000)/",9100,13300,9098500,82781000000,200,true,2.25
"BCG",140958,"/Date(1700723431000)/",9100,16700,9085200,82660000000,200,true,2.25
"BCG",140958,"/Date(1700723431000)/",9100,500,9068500,82508000000,200,true,2.25
"BCG",140958,"/Date(1700723431000)/",9100,1500,9068000,82503000000,200,true,2.25
"BCG",140958,"/Date(1700723431000)/",9100,1300,9066500,82490000000,200,true,2.25
"BCG",140958,"/Date(1700723431000)/",9100,8700,9065200,82478000000,200,true,2.25
"BCG",140958,"/Date(1700723431000)/",9100,300,9056500,82399000000,200,true,2.25
"BCG",140958,"/Date(1700723431000)/",9100,100,9056200,82396000000,200,true,2.25
"BCG",140958,"/Date(1700723431000)/",9100,9400,9056100,82395000000,200,true,2.25
"BCG",140955,"/Date(1700723428000)/",9100,600,9046700,82310000000,200,true,2.25
"BCG",140955,"/Date(1700723428000)/",9100,1000,9046100,82304000000,200,true,2.25
"BCG",140955,"/Date(1700723428000)/",9100,3400,9045100,82295000000,200,true,2.25
"BCG",140955,"/Date(1700723428000)/",9110,600,9041700,82264000000,210,false,2.36
"BCG",140942,"/Date(1700723417000)/",9110,1200,9041100,82259000000,210,false,2.36
"BCG",140942,"/Date(1700723417000)/",9110,800,9039900,82248000000,210,false,2.36
"BCG",140935,"/Date(1700723411000)/",9110,1000,9039100,82240000000,210,false,2.36
"BCG",140935,"/Date(1700723408000)/",9100,1600,9038100,82231000000,200,true,2.25
"BCG",140935,"/Date(1700723408000)/",9100,1400,9036500,82217000000,200,true,2.25
"BCG",140935,"/Date(1700723408000)/",9100,5000,9035100,82204000000,200,true,2.25
"BCG",140935,"/Date(1700723408000)/",9100,2500,9030100,82159000000,200,true,2.25
"BCG",140935,"/Date(1700723408000)/",9100,100,9027600,82136000000,200,true,2.25
"BCG",140935,"/Date(1700723408000)/",9100,10000,9027500,82135000000,200,true,2.25
"BCG",140935,"/Date(1700723408000)/",9100,100,9017500,82044000000,200,true,2.25
"BCG",140935,"/Date(1700723408000)/",9100,29300,9017400,82043000000,200,true,2.25
"BCG",140926,"/Date(1700723400000)/",9110,500,8988100,81776000000,210,true,2.36
"BCG",140926,"/Date(1700723399000)/",9110,2000,8987600,81772000000,210,true,2.36
"BCG",140926,"/Date(1700723399000)/",9110,700,8985600,81754000000,210,true,2.36
"BCG",140923,"/Date(1700723398000)/",9110,300,8984900,81747000000,210,true,2.36
"BCG",140923,"/Date(1700723398000)/",9110,200,8984600,81744000000,210,true,2.36
"BCG",140923,"/Date(1700723398000)/",9110,100,8984400,81743000000,210,true,2.36
"BCG",140923,"/Date(1700723398000)/",9110,7000,8984300,81742000000,210,true,2.36
"BCG",140923,"/Date(1700723398000)/",9110,1000,8977300,81678000000,210,true,2.36
"BCG",140923,"/Date(1700723398000)/",9110,1000,8976300,81669000000,210,true,2.36
"BCG",140923,"/Date(1700723398000)/",9110,300,8975300,81660000000,210,true,2.36
"BCG",140923,"/Date(1700723398000)/",9110,100,8975000,81657000000,210,true,2.36
"BCG",140923,"/Date(1700723396000)/",9110,400,8974900,81656000000,210,true,2.36
"BCG",140923,"/Date(1700723396000)/",9110,69600,8974500,81652000000,210,true,2.36
"BCG",140923,"/Date(1700723396000)/",9110,400,8904900,81018000000,210,true,2.36
"BCG",140923,"/Date(1700723396000)/",9110,300,8904500,81015000000,210,true,2.36
"BCG",140923,"/Date(1700723396000)/",9110,2000,8904200,81012000000,210,true,2.36
"BCG",140923,"/Date(1700723396000)/",9110,600,8902200,80994000000,210,true,2.36
"BCG",140923,"/Date(1700723396000)/",9110,1000,8901600,80988000000,210,true,2.36
"BCG",140923,"/Date(1700723396000)/",9110,1700,8900600,80979000000,210,true,2.36
"BCG",140910,"/Date(1700723384000)/",9110,8300,8898900,80964000000,210,true,2.36
"BCG",140910,"/Date(1700723384000)/",9110,200,8890600,80888000000,210,true,2.36
"BCG",140910,"/Date(1700723384000)/",9110,100,8890400,80886000000,210,true,2.36
"BCG",140910,"/Date(1700723384000)/",9110,8400,8890300,80885000000,210,true,2.36
"BCG",140907,"/Date(1700723380000)/",9110,10000,8881900,80809000000,210,true,2.36
"BCG",140851,"/Date(1700723364000)/",9110,300,8871900,80718000000,210,true,2.36
"BCG",140847,"/Date(1700723360000)/",9110,1000,8871600,80715000000,210,true,2.36
"BCG",140838,"/Date(1700723351000)/",9110,200,8870600,80706000000,210,true,2.36
"BCG",140835,"/Date(1700723348000)/",9110,100,8870400,80704000000,210,true,2.36
"BCG",140835,"/Date(1700723348000)/",9110,200,8870300,80703000000,210,true,2.36
"BCG",140828,"/Date(1700723342000)/",9120,100,8870100,80701000000,220,false,2.47
"BCG",140819,"/Date(1700723333000)/",9110,1000,8870000,80700000000,210,true,2.36
"BCG",140809,"/Date(1700723323000)/",9120,200,8869000,80691000000,220,false,2.47
"BCG",140806,"/Date(1700723321000)/",9110,300,8868800,80690000000,210,true,2.36
"BCG",140803,"/Date(1700723317000)/",9110,1500,8868500,80687000000,210,true,2.36
"BCG",140803,"/Date(1700723317000)/",9110,18500,8867000,80673000000,210,true,2.36
"BCG",140756,"/Date(1700723310000)/",9110,20000,8848500,80505000000,210,true,2.36
"BCG",140756,"/Date(1700723309000)/",9120,3900,8828500,80322000000,220,false,2.47
"BCG",140740,"/Date(1700723295000)/",9110,3000,8824600,80287000000,210,true,2.36
"BCG",140737,"/Date(1700723291000)/",9120,9500,8821600,80260000000,220,false,2.47
"BCG",140737,"/Date(1700723291000)/",9120,500,8812100,80173000000,220,false,2.47
"BCG",140737,"/Date(1700723291000)/",9120,500,8811600,80168000000,220,false,2.47
"BCG",140737,"/Date(1700723291000)/",9120,500,8811100,80164000000,220,false,2.47
"BCG",140737,"/Date(1700723291000)/",9120,200,8810600,80159000000,220,false,2.47
"BCG",140737,"/Date(1700723291000)/",9120,4200,8810400,80157000000,220,false,2.47
"BCG",140731,"/Date(1700723284000)/",9110,100,8806200,80119000000,210,true,2.36
"BCG",140731,"/Date(1700723284000)/",9120,700,8806100,80118000000,220,false,2.47
"BCG",140724,"/Date(1700723279000)/",9120,100,8805400,80112000000,220,false,2.47
"BCG",140718,"/Date(1700723271000)/",9120,300,8805300,80111000000,220,false,2.47
"BCG",140712,"/Date(1700723267000)/",9110,100,8805000,80108000000,210,true,2.36
"BCG",140708,"/Date(1700723262000)/",9120,500,8804900,80107000000,220,false,2.47
"BCG",140708,"/Date(1700723262000)/",9120,500,8804400,80103000000,220,false,2.47
"BCG",140656,"/Date(1700723250000)/",9120,1000,8803900,80098000000,220,false,2.47
"BCG",140656,"/Date(1700723250000)/",9110,100,8802900,80089000000,210,true,2.36
"BCG",140649,"/Date(1700723245000)/",9110,1000,8802800,80088000000,210,true,2.36
"BCG",140646,"/Date(1700723241000)/",9120,1300,8801800,80079000000,220,false,2.47
"BCG",140646,"/Date(1700723239000)/",9110,100,8800500,80067000000,210,true,2.36
"BCG",140643,"/Date(1700723237000)/",9120,100,8800400,80066000000,220,false,2.47
"BCG",140633,"/Date(1700723227000)/",9120,1000,8800300,80065000000,220,false,2.47
"BCG",140539,"/Date(1700723173000)/",9120,1100,8799300,80056000000,220,false,2.47
"BCG",140539,"/Date(1700723173000)/",9120,1400,8798200,80046000000,220,false,2.47
"BCG",140539,"/Date(1700723173000)/",9120,100,8796800,80033000000,220,false,2.47
"BCG",140539,"/Date(1700723173000)/",9120,400,8796700,80032000000,220,false,2.47
"BCG",140539,"/Date(1700723173000)/",9110,2500,8796300,80029000000,210,true,2.36
"BCG",140517,"/Date(1700723151000)/",9120,5000,8793800,80006000000,220,false,2.47
"BCG",140504,"/Date(1700723137000)/",9110,4600,8788800,79960000000,210,true,2.36
"BCG",140504,"/Date(1700723137000)/",9110,300,8784200,79919000000,210,true,2.36
"BCG",140504,"/Date(1700723137000)/",9110,100,8783900,79916000000,210,true,2.36
"BCG",140501,"/Date(1700723134000)/",9120,1200,8783800,79915000000,220,false,2.47
"BCG",140454,"/Date(1700723127000)/",9120,1000,8782600,79904000000,220,false,2.47
"BCG",140454,"/Date(1700723126000)/",9120,8800,8781600,79895000000,220,false,2.47
"BCG",140454,"/Date(1700723126000)/",9120,100,8772800,79815000000,220,false,2.47
"BCG",140454,"/Date(1700723126000)/",9120,500,8772700,79814000000,220,false,2.47
"BCG",140454,"/Date(1700723126000)/",9120,100,8772200,79809000000,220,false,2.47
"BCG",140454,"/Date(1700723126000)/",9120,500,8772100,79808000000,220,false,2.47
"BCG",140454,"/Date(1700723126000)/",9120,100,8771600,79804000000,220,false,2.47
"BCG",140454,"/Date(1700723126000)/",9120,1000,8771500,79803000000,220,false,2.47
"BCG",140454,"/Date(1700723126000)/",9120,1000,8770500,79794000000,220,false,2.47
"BCG",140454,"/Date(1700723126000)/",9120,100,8769500,79784000000,220,false,2.47
"BCG",140454,"/Date(1700723126000)/",9120,1000,8769400,79784000000,220,false,2.47
"BCG",140454,"/Date(1700723126000)/",9120,100,8768400,79774000000,220,false,2.47
"BCG",140454,"/Date(1700723126000)/",9120,6700,8768300,79774000000,220,false,2.47
"BCG",140451,"/Date(1700723126000)/",9120,1000,8761600,79712000000,220,false,2.47
"BCG",140448,"/Date(1700723122000)/",9120,6000,8760600,79703000000,220,false,2.47
"BCG",140445,"/Date(1700723119000)/",9120,3800,8754600,79649000000,220,false,2.47
"BCG",140438,"/Date(1700723112000)/",9120,5000,8750800,79614000000,220,false,2.47
"BCG",140438,"/Date(1700723110000)/",9120,5000,8745800,79568000000,220,false,2.47
"BCG",140435,"/Date(1700723107000)/",9120,2000,8740800,79523000000,220,false,2.47
"BCG",140432,"/Date(1700723106000)/",9120,2300,8738800,79504000000,220,false,2.47
"BCG",140432,"/Date(1700723106000)/",9120,1500,8736500,79483000000,220,false,2.47
"BCG",140432,"/Date(1700723106000)/",9110,1000,8735000,79470000000,210,true,2.36
"BCG",140432,"/Date(1700723105000)/",9120,100,8734000,79461000000,220,false,2.47
"BCG",140432,"/Date(1700723104000)/",9120,2000,8733900,79460000000,220,false,2.47
"BCG",140429,"/Date(1700723103000)/",9120,300,8731900,79442000000,220,false,2.47
"BCG",140429,"/Date(1700723102000)/",9120,5000,8731600,79439000000,220,false,2.47
"BCG",140429,"/Date(1700723101000)/",9120,2000,8726600,79393000000,220,false,2.47
"BCG",140425,"/Date(1700723099000)/",9120,12000,8724600,79375000000,220,false,2.47
"BCG",140425,"/Date(1700723099000)/",9120,200,8712600,79266000000,220,false,2.47
"BCG",140425,"/Date(1700723099000)/",9120,100,8712400,79264000000,220,false,2.47
"BCG",140425,"/Date(1700723098000)/",9120,2000,8712300,79263000000,220,false,2.47
"BCG",140422,"/Date(1700723097000)/",9120,7000,8710300,79245000000,220,false,2.47
"BCG",140419,"/Date(1700723093000)/",9120,3900,8703300,79181000000,220,false,2.47
"BCG",140416,"/Date(1700723089000)/",9120,1000,8699400,79145000000,220,false,2.47
"BCG",140413,"/Date(1700723085000)/",9120,7000,8698400,79136000000,220,false,2.47
"BCG",140406,"/Date(1700723080000)/",9120,1000,8691400,79072000000,220,false,2.47
"BCG",140403,"/Date(1700723078000)/",9120,2000,8690400,79063000000,220,false,2.47
"BCG",140403,"/Date(1700723076000)/",9110,2000,8688400,79045000000,210,true,2.36
"BCG",140400,"/Date(1700723073000)/",9120,2000,8686400,79027000000,220,false,2.47
"BCG",140344,"/Date(1700723059000)/",9110,800,8684400,79008000000,210,true,2.36
"BCG",140338,"/Date(1700723050000)/",9110,500,8683600,79001000000,210,true,2.36
"BCG",140322,"/Date(1700723034000)/",9110,600,8683100,78997000000,210,true,2.36
"BCG",140322,"/Date(1700723034000)/",9110,500,8682500,78991000000,210,true,2.36
"BCG",140322,"/Date(1700723034000)/",9110,400,8682000,78987000000,210,true,2.36
"BCG",140322,"/Date(1700723034000)/",9110,500,8681600,78983000000,210,true,2.36
"BCG",140322,"/Date(1700723030000)/",9120,6900,8681100,78978000000,220,false,2.47
"BCG",140256,"/Date(1700723010000)/",9110,2000,8674200,78915000000,210,true,2.36
"BCG",140253,"/Date(1700723006000)/",9110,5000,8672200,78897000000,210,true,2.36
