"Stockcode","Package","TradingDate","Price","Vol","TotalVol","TotalVal","Change","IsBuy","PerChange"
"DLG",144424,"/Date(1700725502000)/",2290,465000,2891100,6762000000,-20,true,-0.87
"DLG",142913,"/Date(1700724588000)/",2330,500,2426100,5697000000,20,false,0.87
"DLG",142907,"/Date(1700724582000)/",2320,100,2425600,5696000000,10,true,0.43
"DLG",142903,"/Date(1700724581000)/",2320,600,2425500,5695000000,10,true,0.43
"DLG",142857,"/Date(1700724571000)/",2320,1100,2424900,5694000000,10,true,0.43
"DLG",142857,"/Date(1700724571000)/",2320,3400,2423800,5691000000,10,true,0.43
"DLG",142851,"/Date(1700724567000)/",2320,100,2420400,5684000000,10,true,0.43
"DLG",142851,"/Date(1700724567000)/",2320,3200,2420300,5683000000,10,true,0.43
"DLG",142851,"/Date(1700724567000)/",2320,200,2417100,5676000000,10,true,0.43
"DLG",142851,"/Date(1700724567000)/",2320,100,2416900,5675000000,10,true,0.43
"DLG",142851,"/Date(1700724567000)/",2320,1000,2416800,5675000000,10,true,0.43
"DLG",142851,"/Date(1700724567000)/",2320,500,2415800,5673000000,10,true,0.43
"DLG",142841,"/Date(1700724557000)/",2320,1000,2415300,5672000000,10,true,0.43
"DLG",142838,"/Date(1700724552000)/",2320,100,2414300,5669000000,10,true,0.43
"DLG",142838,"/Date(1700724552000)/",2320,8900,2414200,5669000000,10,true,0.43
"DLG",142838,"/Date(1700724552000)/",2320,100,2405300,5649000000,10,true,0.43
"DLG",142838,"/Date(1700724552000)/",2320,9700,2405200,5648000000,10,true,0.43
"DLG",142835,"/Date(1700724552000)/",2320,200,2395500,5626000000,10,true,0.43
"DLG",142822,"/Date(1700724537000)/",2320,100,2395300,5625000000,10,true,0.43
"DLG",142753,"/Date(1700724510000)/",2330,200,2395200,5625000000,20,false,0.87
"DLG",142753,"/Date(1700724510000)/",2330,200,2395000,5625000000,20,false,0.87
"DLG",142753,"/Date(1700724510000)/",2330,700,2394800,5624000000,20,false,0.87
"DLG",142753,"/Date(1700724510000)/",2330,1000,2394100,5623000000,20,false,0.87
"DLG",142753,"/Date(1700724510000)/",2330,1000,2393100,5620000000,20,false,0.87
"DLG",142753,"/Date(1700724510000)/",2330,2300,2392100,5618000000,20,false,0.87
"DLG",142753,"/Date(1700724510000)/",2330,9100,2389800,5613000000,20,false,0.87
"DLG",142655,"/Date(1700724450000)/",2330,900,2380700,5591000000,20,true,0.87
"DLG",142655,"/Date(1700724450000)/",2330,4100,2379800,5589000000,20,true,0.87
"DLG",142633,"/Date(1700724429000)/",2340,800,2375700,5580000000,30,false,1.3
"DLG",142626,"/Date(1700724422000)/",2330,3600,2374900,5578000000,20,true,0.87
"DLG",142607,"/Date(1700724404000)/",2330,2300,2371300,5569000000,20,true,0.87
"DLG",142607,"/Date(1700724404000)/",2330,200,2369000,5564000000,20,true,0.87
"DLG",142607,"/Date(1700724404000)/",2330,1100,2368800,5564000000,20,true,0.87
"DLG",142607,"/Date(1700724404000)/",2330,100,2367700,5561000000,20,true,0.87
"DLG",142607,"/Date(1700724404000)/",2330,1000,2367600,5561000000,20,true,0.87
"DLG",142607,"/Date(1700724404000)/",2330,1000,2366600,5558000000,20,true,0.87
"DLG",142607,"/Date(1700724404000)/",2330,4300,2365600,5556000000,20,true,0.87
"DLG",142607,"/Date(1700724401000)/",2330,700,2361300,5546000000,20,true,0.87
"DLG",142607,"/Date(1700724401000)/",2330,500,2360600,5545000000,20,true,0.87
"DLG",142607,"/Date(1700724401000)/",2330,2100,2360100,5543000000,20,true,0.87
"DLG",142607,"/Date(1700724401000)/",2330,1600,2358000,5538000000,20,true,0.87
"DLG",142519,"/Date(1700724354000)/",2340,2000,2356400,5535000000,30,true,1.3
"DLG",142519,"/Date(1700724354000)/",2340,54600,2354400,5530000000,30,true,1.3
"DLG",142519,"/Date(1700724354000)/",2340,10000,2299800,5402000000,30,true,1.3
"DLG",142519,"/Date(1700724354000)/",2340,300,2289800,5379000000,30,true,1.3
"DLG",142519,"/Date(1700724354000)/",2340,10000,2289500,5378000000,30,true,1.3
"DLG",142519,"/Date(1700724354000)/",2340,5000,2279500,5355000000,30,true,1.3
"DLG",142519,"/Date(1700724354000)/",2340,800,2274500,5343000000,30,true,1.3
"DLG",142519,"/Date(1700724353000)/",2340,5000,2273700,5341000000,30,true,1.3
"DLG",142415,"/Date(1700724288000)/",2350,100,2268700,5330000000,40,true,1.73
"DLG",142346,"/Date(1700724261000)/",2350,9900,2268600,5329000000,40,true,1.73
"DLG",142346,"/Date(1700724261000)/",2350,8900,2258700,5306000000,40,true,1.73
"DLG",142346,"/Date(1700724261000)/",2350,500,2249800,5285000000,40,true,1.73
"DLG",142346,"/Date(1700724261000)/",2350,400,2249300,5284000000,40,true,1.73
"DLG",142346,"/Date(1700724261000)/",2350,300,2248900,5283000000,40,true,1.73
"DLG",142301,"/Date(1700724218000)/",2360,500,2248600,5282000000,50,false,2.16
"DLG",142255,"/Date(1700724210000)/",2360,10400,2248100,5281000000,50,false,2.16
"DLG",142213,"/Date(1700724167000)/",2360,900,2237700,5257000000,50,false,2.16
"DLG",142200,"/Date(1700724157000)/",2360,14600,2236800,5254000000,50,false,2.16
"DLG",142200,"/Date(1700724157000)/",2360,1200,2222200,5220000000,50,false,2.16
"DLG",142200,"/Date(1700724157000)/",2360,2200,2221000,5217000000,50,false,2.16
"DLG",142200,"/Date(1700724157000)/",2360,1100,2218800,5212000000,50,false,2.16
"DLG",142128,"/Date(1700724123000)/",2360,3400,2217700,5209000000,50,false,2.16
"DLG",142119,"/Date(1700724113000)/",2360,400,2214300,5201000000,50,false,2.16
"DLG",142106,"/Date(1700724101000)/",2350,50000,2213900,5200000000,40,true,1.73
"DLG",142056,"/Date(1700724093000)/",2350,300,2163900,5083000000,40,true,1.73
"DLG",142044,"/Date(1700724077000)/",2360,3300,2163600,5082000000,50,false,2.16
"DLG",142031,"/Date(1700724066000)/",2350,4000,2160300,5074000000,40,true,1.73
"DLG",142015,"/Date(1700724050000)/",2350,2300,2156300,5065000000,40,false,1.73
"DLG",141937,"/Date(1700724012000)/",2350,6200,2154000,5060000000,40,false,1.73
"DLG",141930,"/Date(1700724004000)/",2340,2000,2147800,5045000000,30,true,1.3
"DLG",141911,"/Date(1700723987000)/",2350,7700,2145800,5040000000,40,false,1.73
"DLG",141911,"/Date(1700723987000)/",2350,10000,2138100,5022000000,40,false,1.73
"DLG",141908,"/Date(1700723982000)/",2340,100,2128100,4999000000,30,true,1.3
"DLG",141858,"/Date(1700723975000)/",2340,2100,2128000,4998000000,30,true,1.3
"DLG",141845,"/Date(1700723961000)/",2340,100,2125900,4994000000,30,true,1.3
"DLG",141845,"/Date(1700723961000)/",2340,100,2125800,4993000000,30,true,1.3
"DLG",141845,"/Date(1700723961000)/",2340,100,2125700,4993000000,30,true,1.3
"DLG",141845,"/Date(1700723961000)/",2340,700,2125600,4993000000,30,true,1.3
"DLG",141732,"/Date(1700723888000)/",2340,300,2124900,4991000000,30,true,1.3
"DLG",141732,"/Date(1700723888000)/",2340,1000,2124600,4991000000,30,true,1.3
"DLG",141732,"/Date(1700723888000)/",2340,300,2123600,4988000000,30,true,1.3
"DLG",141732,"/Date(1700723888000)/",2340,500,2123300,4987000000,30,true,1.3
"DLG",141732,"/Date(1700723888000)/",2340,300,2122800,4986000000,30,true,1.3
"DLG",141657,"/Date(1700723851000)/",2340,8000,2122500,4986000000,30,true,1.3
"DLG",141653,"/Date(1700723849000)/",2340,900,2114500,4967000000,30,true,1.3
"DLG",141650,"/Date(1700723844000)/",2340,500,2113600,4965000000,30,false,1.3
"DLG",141650,"/Date(1700723844000)/",2340,300,2113100,4964000000,30,false,1.3
"DLG",141641,"/Date(1700723837000)/",2340,300,2112800,4963000000,30,false,1.3
"DLG",141612,"/Date(1700723808000)/",2340,500,2112500,4962000000,30,true,1.3
"DLG",141612,"/Date(1700723808000)/",2340,4500,2112000,4961000000,30,true,1.3
"DLG",141606,"/Date(1700723800000)/",2340,2000,2107500,4951000000,30,true,1.3
"DLG",141540,"/Date(1700723773000)/",2340,16800,2105500,4946000000,30,false,1.3
"DLG",141537,"/Date(1700723771000)/",2340,200,2088700,4907000000,30,false,1.3
"DLG",141508,"/Date(1700723742000)/",2330,1000,2088500,4906000000,20,true,0.87
"DLG",141455,"/Date(1700723731000)/",2340,200,2087500,4904000000,30,false,1.3
"DLG",141426,"/Date(1700723701000)/",2340,2000,2087300,4903000000,30,true,1.3
"DLG",141426,"/Date(1700723701000)/",2340,600,2085300,4899000000,30,true,1.3
"DLG",141426,"/Date(1700723701000)/",2340,100,2084700,4897000000,30,true,1.3
"DLG",141426,"/Date(1700723701000)/",2340,100,2084600,4897000000,30,true,1.3
"DLG",141351,"/Date(1700723667000)/",2340,4900,2084500,4897000000,30,true,1.3
"DLG",141351,"/Date(1700723667000)/",2340,5000,2079600,4885000000,30,true,1.3
"DLG",141351,"/Date(1700723667000)/",2340,100,2074600,4874000000,30,true,1.3
"DLG",141351,"/Date(1700723667000)/",2340,3900,2074500,4873000000,30,true,1.3
"DLG",141351,"/Date(1700723667000)/",2340,1100,2070600,4864000000,30,true,1.3
"DLG",141351,"/Date(1700723667000)/",2340,3900,2069500,4862000000,30,true,1.3
"DLG",141351,"/Date(1700723667000)/",2340,100,2065600,4852000000,30,true,1.3
"DLG",141351,"/Date(1700723667000)/",2340,6000,2065500,4852000000,30,true,1.3
"DLG",141342,"/Date(1700723657000)/",2340,20000,2059500,4838000000,30,true,1.3
"DLG",141310,"/Date(1700723625000)/",2340,8000,2039500,4791000000,30,true,1.3
"DLG",141310,"/Date(1700723624000)/",2340,6000,2031500,4773000000,30,true,1.3
"DLG",141222,"/Date(1700723577000)/",2350,100,2025500,4759000000,40,false,1.73
"DLG",141222,"/Date(1700723577000)/",2350,13900,2025400,4758000000,40,false,1.73
"DLG",141222,"/Date(1700723577000)/",2350,4000,2011500,4726000000,40,false,1.73
"DLG",141222,"/Date(1700723577000)/",2350,2700,2007500,4716000000,40,false,1.73
"DLG",141137,"/Date(1700723532000)/",2360,2000,2004800,4710000000,50,false,2.16
"DLG",141137,"/Date(1700723532000)/",2360,2600,2002800,4705000000,50,false,2.16
"DLG",141134,"/Date(1700723528000)/",2360,200,2000200,4699000000,50,false,2.16
"DLG",140958,"/Date(1700723432000)/",2360,5600,2000000,4699000000,50,true,2.16
"DLG",140958,"/Date(1700723432000)/",2360,100,1994400,4685000000,50,true,2.16
"DLG",140958,"/Date(1700723432000)/",2360,200,1994300,4685000000,50,true,2.16
"DLG",140958,"/Date(1700723432000)/",2360,100,1994100,4685000000,50,true,2.16
"DLG",140958,"/Date(1700723432000)/",2360,500,1994000,4685000000,50,true,2.16
"DLG",140958,"/Date(1700723432000)/",2360,10000,1993500,4683000000,50,true,2.16
"DLG",140958,"/Date(1700723432000)/",2360,20500,1983500,4660000000,50,true,2.16
"DLG",140935,"/Date(1700723409000)/",2360,200,1963000,4611000000,50,true,2.16
"DLG",140929,"/Date(1700723402000)/",2370,1500,1962800,4611000000,60,false,2.6
"DLG",140851,"/Date(1700723364000)/",2370,2000,1961300,4607000000,60,false,2.6
"DLG",140847,"/Date(1700723362000)/",2370,200,1959300,4603000000,60,false,2.6
"DLG",140847,"/Date(1700723361000)/",2370,100,1959100,4602000000,60,false,2.6
"DLG",140806,"/Date(1700723321000)/",2370,500,1959000,4602000000,60,false,2.6
"DLG",140756,"/Date(1700723310000)/",2370,100,1958500,4601000000,60,false,2.6
"DLG",140718,"/Date(1700723271000)/",2370,5100,1958400,4600000000,60,false,2.6
"DLG",140718,"/Date(1700723271000)/",2370,3900,1953300,4588000000,60,false,2.6
"DLG",140718,"/Date(1700723271000)/",2370,1000,1949400,4579000000,60,false,2.6
"DLG",140705,"/Date(1700723259000)/",2360,7500,1948400,4577000000,50,true,2.16
"DLG",140702,"/Date(1700723256000)/",2360,5000,1940900,4559000000,50,true,2.16
"DLG",140637,"/Date(1700723230000)/",2360,400,1935900,4547000000,50,true,2.16
"DLG",140542,"/Date(1700723175000)/",2360,1000,1935500,4546000000,50,false,2.16
"DLG",140542,"/Date(1700723175000)/",2360,1200,1934500,4544000000,50,false,2.16
"DLG",140542,"/Date(1700723175000)/",2360,1000,1933300,4541000000,50,false,2.16
"DLG",140542,"/Date(1700723175000)/",2360,1000,1932300,4539000000,50,false,2.16
"DLG",140542,"/Date(1700723175000)/",2360,100,1931300,4536000000,50,false,2.16
"DLG",140542,"/Date(1700723175000)/",2360,5000,1931200,4536000000,50,false,2.16
"DLG",140542,"/Date(1700723175000)/",2360,1400,1926200,4524000000,50,false,2.16
"DLG",140542,"/Date(1700723175000)/",2360,800,1924800,4521000000,50,false,2.16
"DLG",140542,"/Date(1700723175000)/",2360,2000,1924000,4519000000,50,false,2.16
"DLG",140542,"/Date(1700723175000)/",2360,1900,1922000,4514000000,50,false,2.16
"DLG",140542,"/Date(1700723175000)/",2360,2700,1920100,4510000000,50,false,2.16
"DLG",140536,"/Date(1700723170000)/",2360,100,1917400,4504000000,50,false,2.16
"DLG",140429,"/Date(1700723101000)/",2350,100,1917300,4503000000,40,true,1.73
"DLG",140419,"/Date(1700723093000)/",2350,100,1917200,4503000000,40,true,1.73
"DLG",140344,"/Date(1700723058000)/",2350,2100,1917100,4503000000,40,false,1.73
"DLG",140341,"/Date(1700723056000)/",2350,17900,1915000,4498000000,40,false,1.73
"DLG",140341,"/Date(1700723056000)/",2350,800,1897100,4456000000,40,false,1.73
"DLG",140341,"/Date(1700723056000)/",2350,100,1896300,4454000000,40,false,1.73
"DLG",140341,"/Date(1700723056000)/",2350,500,1896200,4454000000,40,false,1.73
"DLG",140341,"/Date(1700723056000)/",2350,1000,1895700,4453000000,40,false,1.73
"DLG",140341,"/Date(1700723056000)/",2350,2000,1894700,4450000000,40,false,1.73
"DLG",140341,"/Date(1700723056000)/",2350,38900,1892700,4446000000,40,false,1.73
"DLG",140217,"/Date(1700722971000)/",2350,5000,1853800,4354000000,40,false,1.73
"DLG",140201,"/Date(1700722954000)/",2350,5000,1848800,4342000000,40,false,1.73
"DLG",140101,"/Date(1700722896000)/",2350,5000,1843800,4331000000,40,false,1.73
"DLG",140045,"/Date(1700722878000)/",2340,300,1838800,4319000000,30,false,1.3
"DLG",140019,"/Date(1700722851000)/",2340,300,1838500,4318000000,30,true,1.3
"DLG",140019,"/Date(1700722851000)/",2340,7300,1838200,4317000000,30,true,1.3
"DLG",140010,"/Date(1700722842000)/",2340,5000,1830900,4300000000,30,false,1.3
"DLG",140003,"/Date(1700722837000)/",2340,2000,1825900,4289000000,30,false,1.3
"DLG",135950,"/Date(1700722823000)/",2340,15000,1823900,4284000000,30,false,1.3
"DLG",135925,"/Date(1700722796000)/",2340,100,1808900,4249000000,30,false,1.3
"DLG",135912,"/Date(1700722786000)/",2340,1000,1808800,4249000000,30,false,1.3
"DLG",135909,"/Date(1700722781000)/",2340,1000,1807800,4246000000,30,false,1.3
"DLG",135853,"/Date(1700722765000)/",2340,1400,1806800,4244000000,30,false,1.3
"DLG",135840,"/Date(1700722754000)/",2340,100,1805400,4241000000,30,false,1.3
"DLG",135830,"/Date(1700722742000)/",2340,100,1805300,4241000000,30,false,1.3
"DLG",135818,"/Date(1700722731000)/",2340,100,1805200,4240000000,30,false,1.3
"DLG",135811,"/Date(1700722725000)/",2340,100,1805100,4240000000,30,false,1.3
"DLG",135808,"/Date(1700722722000)/",2340,100,1805000,4240000000,30,false,1.3
"DLG",135805,"/Date(1700722718000)/",2340,100,1804900,4240000000,30,false,1.3
"DLG",135755,"/Date(1700722708000)/",2340,100,1804800,4239000000,30,false,1.3
"DLG",135752,"/Date(1700722704000)/",2340,100,1804700,4239000000,30,false,1.3
"DLG",135746,"/Date(1700722698000)/",2340,100,1804600,4239000000,30,false,1.3
"DLG",135720,"/Date(1700722673000)/",2340,400,1804500,4239000000,30,true,1.3
"DLG",135720,"/Date(1700722673000)/",2340,300,1804100,4238000000,30,true,1.3
"DLG",135720,"/Date(1700722673000)/",2340,100,1803800,4237000000,30,true,1.3
"DLG",135720,"/Date(1700722673000)/",2340,100,1803700,4237000000,30,true,1.3
"DLG",135720,"/Date(1700722673000)/",2340,100,1803600,4237000000,30,true,1.3
"DLG",135720,"/Date(1700722673000)/",2340,200,1803500,4236000000,30,true,1.3
"DLG",135720,"/Date(1700722673000)/",2340,500,1803300,4236000000,30,true,1.3
"DLG",135720,"/Date(1700722673000)/",2340,100,1802800,4235000000,30,true,1.3
"DLG",135720,"/Date(1700722673000)/",2340,600,1802700,4234000000,30,true,1.3
"DLG",135720,"/Date(1700722673000)/",2340,600,1802100,4233000000,30,true,1.3
"DLG",135720,"/Date(1700722673000)/",2340,200,1801500,4232000000,30,true,1.3
"DLG",135720,"/Date(1700722673000)/",2340,4700,1801300,4231000000,30,true,1.3
"DLG",135720,"/Date(1700722673000)/",2340,200,1796600,4220000000,30,true,1.3
"DLG",135720,"/Date(1700722673000)/",2340,600,1796400,4220000000,30,true,1.3
"DLG",135720,"/Date(1700722673000)/",2340,100,1795800,4218000000,30,true,1.3
"DLG",135655,"/Date(1700722648000)/",2340,100,1795700,4218000000,30,true,1.3
"DLG",135655,"/Date(1700722648000)/",2340,100,1795600,4218000000,30,true,1.3
"DLG",135642,"/Date(1700722635000)/",2340,1300,1795500,4218000000,30,true,1.3
"DLG",135632,"/Date(1700722625000)/",2340,4100,1794200,4215000000,30,true,1.3
"DLG",135632,"/Date(1700722625000)/",2340,100,1790100,4205000000,30,true,1.3
"DLG",135632,"/Date(1700722625000)/",2340,5800,1790000,4205000000,30,true,1.3
"DLG",135500,"/Date(1700722531000)/",2340,1600,1784200,4191000000,30,true,1.3
"DLG",135434,"/Date(1700722507000)/",2350,100,1782600,4187000000,40,false,1.73
"DLG",135346,"/Date(1700722460000)/",2350,200,1782500,4187000000,40,false,1.73
"DLG",135151,"/Date(1700722344000)/",2350,3700,1782300,4187000000,40,false,1.73
"DLG",135148,"/Date(1700722341000)/",2350,12100,1778600,4178000000,40,false,1.73
"DLG",135148,"/Date(1700722341000)/",2350,100,1766500,4150000000,40,false,1.73
"DLG",135148,"/Date(1700722341000)/",2350,2200,1766400,4149000000,40,false,1.73
"DLG",135148,"/Date(1700722341000)/",2350,200,1764200,4144000000,40,false,1.73
"DLG",135148,"/Date(1700722341000)/",2350,15400,1764000,4144000000,40,false,1.73
"DLG",135139,"/Date(1700722331000)/",2340,100,1748600,4107000000,30,true,1.3
"DLG",135113,"/Date(1700722305000)/",2350,2000,1748500,4107000000,40,false,1.73
"DLG",135107,"/Date(1700722298000)/",2340,800,1746500,4103000000,30,true,1.3
"DLG",135041,"/Date(1700722273000)/",2340,200,1745700,4101000000,30,true,1.3
"DLG",134931,"/Date(1700722204000)/",2350,500,1745500,4100000000,40,false,1.73
"DLG",134856,"/Date(1700722169000)/",2350,400,1745000,4099000000,40,false,1.73
"DLG",134830,"/Date(1700722143000)/",2350,100,1744600,4098000000,40,false,1.73
"DLG",134736,"/Date(1700722089000)/",2340,5000,1744500,4098000000,30,true,1.3
"DLG",134726,"/Date(1700722079000)/",2350,10000,1739500,4086000000,40,false,1.73
"DLG",134704,"/Date(1700722056000)/",2350,1600,1729500,4063000000,40,false,1.73
"DLG",134704,"/Date(1700722056000)/",2350,1400,1727900,4059000000,40,false,1.73
"DLG",134654,"/Date(1700722046000)/",2350,300,1726500,4056000000,40,false,1.73
"DLG",134619,"/Date(1700722011000)/",2350,100,1726200,4055000000,40,false,1.73
"DLG",134553,"/Date(1700721985000)/",2350,100,1726100,4055000000,40,false,1.73
"DLG",134424,"/Date(1700721896000)/",2350,500,1726000,4054000000,40,false,1.73
"DLG",134421,"/Date(1700721891000)/",2350,2600,1725500,4053000000,40,true,1.73
"DLG",134405,"/Date(1700721878000)/",2350,400,1722900,4047000000,40,false,1.73
"DLG",134359,"/Date(1700721872000)/",2350,1600,1722500,4046000000,40,false,1.73
"DLG",134359,"/Date(1700721872000)/",2350,7000,1720900,4042000000,40,false,1.73
"DLG",134359,"/Date(1700721872000)/",2350,500,1713900,4026000000,40,false,1.73
"DLG",134359,"/Date(1700721872000)/",2350,700,1713400,4025000000,40,false,1.73
"DLG",134359,"/Date(1700721872000)/",2350,3500,1712700,4023000000,40,false,1.73
"DLG",134359,"/Date(1700721872000)/",2350,6700,1709200,4015000000,40,false,1.73
"DLG",134235,"/Date(1700721788000)/",2350,200,1702500,3999000000,40,false,1.73
"DLG",134232,"/Date(1700721783000)/",2350,500,1702300,3999000000,40,false,1.73
"DLG",134210,"/Date(1700721763000)/",2350,100,1701800,3998000000,40,false,1.73
"DLG",134025,"/Date(1700721654000)/",2350,100,1701700,3997000000,40,false,1.73
"DLG",134002,"/Date(1700721635000)/",2350,700,1701600,3997000000,40,true,1.73
"DLG",133940,"/Date(1700721612000)/",2360,200,1700900,3995000000,50,false,2.16
"DLG",133839,"/Date(1700721549000)/",2350,5000,1700700,3995000000,40,true,1.73
"DLG",133839,"/Date(1700721549000)/",2350,700,1695700,3983000000,40,true,1.73
"DLG",133839,"/Date(1700721549000)/",2350,600,1695000,3982000000,40,true,1.73
"DLG",133745,"/Date(1700721497000)/",2350,400,1694400,3980000000,40,false,1.73
"DLG",133745,"/Date(1700721497000)/",2350,100,1694000,3979000000,40,false,1.73
"DLG",133732,"/Date(1700721483000)/",2350,500,1693900,3979000000,40,false,1.73
"DLG",133651,"/Date(1700721442000)/",2340,1300,1693400,3978000000,30,true,1.3
"DLG",133612,"/Date(1700721404000)/",2340,200,1692100,3975000000,30,false,1.3
"DLG",133556,"/Date(1700721389000)/",2340,200,1691900,3974000000,30,false,1.3
"DLG",133537,"/Date(1700721368000)/",2340,100,1691700,3974000000,30,false,1.3
"DLG",133342,"/Date(1700721252000)/",2330,100,1691600,3974000000,20,true,0.87
"DLG",133339,"/Date(1700721251000)/",2330,2300,1691500,3973000000,20,false,0.87
"DLG",133320,"/Date(1700721231000)/",2330,500,1689200,3968000000,20,true,0.87
"DLG",133320,"/Date(1700721231000)/",2330,100,1688700,3967000000,20,true,0.87
"DLG",133320,"/Date(1700721231000)/",2330,100,1688600,3967000000,20,true,0.87
"DLG",133320,"/Date(1700721231000)/",2330,100,1688500,3966000000,20,true,0.87
"DLG",133320,"/Date(1700721231000)/",2330,500,1688400,3966000000,20,true,0.87
"DLG",133248,"/Date(1700721200000)/",2330,500,1687900,3965000000,20,false,0.87
"DLG",133242,"/Date(1700721191000)/",2330,500,1687400,3964000000,20,false,0.87
"DLG",133238,"/Date(1700721188000)/",2330,400,1686900,3963000000,20,false,0.87
"DLG",133229,"/Date(1700721181000)/",2330,200,1686500,3962000000,20,false,0.87
"DLG",133222,"/Date(1700721172000)/",2330,100,1686300,3961000000,20,true,0.87
"DLG",133222,"/Date(1700721172000)/",2330,100,1686200,3961000000,20,true,0.87
"DLG",133222,"/Date(1700721172000)/",2330,1000,1686100,3961000000,20,true,0.87
"DLG",133222,"/Date(1700721172000)/",2330,3500,1685100,3958000000,20,true,0.87
"DLG",133222,"/Date(1700721172000)/",2330,100,1681600,3950000000,20,true,0.87
"DLG",133222,"/Date(1700721172000)/",2330,1100,1681500,3950000000,20,true,0.87
"DLG",133222,"/Date(1700721172000)/",2330,500,1680400,3948000000,20,true,0.87
"DLG",133222,"/Date(1700721172000)/",2330,300,1679900,3946000000,20,true,0.87
"DLG",133222,"/Date(1700721172000)/",2330,1700,1679600,3946000000,20,true,0.87
"DLG",133027,"/Date(1700721059000)/",2320,100,1677900,3942000000,10,false,0.43
"DLG",133027,"/Date(1700721059000)/",2320,900,1677800,3941000000,10,false,0.43
"DLG",133027,"/Date(1700721059000)/",2320,4400,1676900,3939000000,10,false,0.43
"DLG",133024,"/Date(1700721055000)/",2320,100,1672500,3929000000,10,false,0.43
"DLG",133024,"/Date(1700721054000)/",2320,5400,1672400,3929000000,10,false,0.43
"DLG",133024,"/Date(1700721054000)/",2320,4600,1667000,3916000000,10,false,0.43
"DLG",133024,"/Date(1700721054000)/",2320,5000,1662400,3906000000,10,false,0.43
"DLG",133024,"/Date(1700721054000)/",2320,5000,1657400,3894000000,10,false,0.43
"DLG",133021,"/Date(1700721053000)/",2320,2000,1652400,3883000000,10,false,0.43
"DLG",133021,"/Date(1700721052000)/",2320,84000,1650400,3878000000,10,false,0.43
"DLG",133018,"/Date(1700721050000)/",2320,2000,1566400,3683000000,10,false,0.43
"DLG",133018,"/Date(1700721050000)/",2320,24400,1564400,3678000000,10,false,0.43
"DLG",133018,"/Date(1700721049000)/",2320,100,1540000,3622000000,10,false,0.43
"DLG",133018,"/Date(1700721047000)/",2320,5000,1539900,3622000000,10,false,0.43
"DLG",133015,"/Date(1700721046000)/",2320,100,1534900,3610000000,10,false,0.43
"DLG",133012,"/Date(1700721043000)/",2320,100,1534800,3610000000,10,false,0.43
"DLG",133012,"/Date(1700721041000)/",2320,100,1534700,3609000000,10,false,0.43
"DLG",133008,"/Date(1700721040000)/",2320,2000,1534600,3609000000,10,false,0.43
"DLG",133008,"/Date(1700721039000)/",2320,100,1532600,3605000000,10,false,0.43
"DLG",133008,"/Date(1700721038000)/",2320,20000,1532500,3604000000,10,false,0.43
"DLG",133005,"/Date(1700721037000)/",2320,1100,1512500,3558000000,10,false,0.43
"DLG",133005,"/Date(1700721036000)/",2320,100,1511400,3555000000,10,false,0.43
"DLG",133005,"/Date(1700721035000)/",2320,5000,1511300,3555000000,10,false,0.43
"DLG",133002,"/Date(1700721034000)/",2320,100,1506300,3544000000,10,false,0.43
"DLG",133002,"/Date(1700721032000)/",2320,5000,1506200,3543000000,10,false,0.43
"DLG",132959,"/Date(1700721028000)/",2320,5000,1501200,3532000000,10,false,0.43
"DLG",132956,"/Date(1700721027000)/",2320,200,1496200,3520000000,10,false,0.43
"DLG",132956,"/Date(1700721025000)/",2320,1000,1496000,3520000000,10,false,0.43
"DLG",132956,"/Date(1700721024000)/",2320,5000,1495000,3517000000,10,false,0.43
"DLG",132949,"/Date(1700721020000)/",2320,200,1490000,3506000000,10,false,0.43
"DLG",132949,"/Date(1700721019000)/",2320,20000,1489800,3505000000,10,false,0.43
"DLG",132943,"/Date(1700721012000)/",2320,5000,1469800,3459000000,10,false,0.43
"DLG",132940,"/Date(1700721009000)/",2320,1000,1464800,3447000000,10,false,0.43
"DLG",132933,"/Date(1700721005000)/",2320,200,1463800,3445000000,10,false,0.43
"DLG",132933,"/Date(1700721002000)/",2320,500,1463600,3445000000,10,false,0.43
"DLG",132924,"/Date(1700720994000)/",2320,5000,1463100,3443000000,10,false,0.43
"DLG",132917,"/Date(1700720987000)/",2320,1000,1458100,3432000000,10,false,0.43
"DLG",132917,"/Date(1700720986000)/",2320,100,1457100,3429000000,10,false,0.43
"DLG",132852,"/Date(1700720963000)/",2320,1000,1457000,3429000000,10,false,0.43
"DLG",132852,"/Date(1700720963000)/",2320,5000,1456000,3427000000,10,false,0.43
"DLG",132852,"/Date(1700720963000)/",2320,500,1451000,3415000000,10,false,0.43
"DLG",132852,"/Date(1700720963000)/",2320,800,1450500,3414000000,10,false,0.43
"DLG",132852,"/Date(1700720963000)/",2320,10000,1449700,3412000000,10,false,0.43
"DLG",132852,"/Date(1700720963000)/",2320,500,1439700,3389000000,10,false,0.43
"DLG",132852,"/Date(1700720963000)/",2320,1000,1439200,3388000000,10,false,0.43
"DLG",132852,"/Date(1700720963000)/",2320,10000,1438200,3386000000,10,false,0.43
"DLG",132852,"/Date(1700720963000)/",2320,1000,1428200,3362000000,10,false,0.43
"DLG",132852,"/Date(1700720963000)/",2320,10000,1427200,3360000000,10,false,0.43
"DLG",132852,"/Date(1700720963000)/",2320,300,1417200,3337000000,10,false,0.43
"DLG",132852,"/Date(1700720963000)/",2320,5000,1416900,3336000000,10,false,0.43
"DLG",132852,"/Date(1700720963000)/",2320,500,1411900,3325000000,10,false,0.43
"DLG",132852,"/Date(1700720963000)/",2320,13400,1411400,3323000000,10,false,0.43
"DLG",132852,"/Date(1700720963000)/",2320,2000,1398000,3292000000,10,false,0.43
"DLG",132852,"/Date(1700720963000)/",2320,1000,1396000,3288000000,10,false,0.43
"DLG",132852,"/Date(1700720963000)/",2320,10000,1395000,3285000000,10,false,0.43
"DLG",132852,"/Date(1700720963000)/",2320,1000,1385000,3262000000,10,false,0.43
"DLG",132852,"/Date(1700720963000)/",2320,1000,1384000,3260000000,10,false,0.43
"DLG",132852,"/Date(1700720963000)/",2320,200,1383000,3258000000,10,false,0.43
"DLG",132852,"/Date(1700720963000)/",2320,100,1382800,3257000000,10,false,0.43
"DLG",132852,"/Date(1700720963000)/",2320,100,1382700,3257000000,10,false,0.43
"DLG",132852,"/Date(1700720963000)/",2320,100,1382600,3257000000,10,false,0.43
"DLG",132852,"/Date(1700720963000)/",2320,100,1382500,3256000000,10,false,0.43
"DLG",132852,"/Date(1700720963000)/",2320,100,1382400,3256000000,10,false,0.43
"DLG",132852,"/Date(1700720963000)/",2320,100,1382300,3256000000,10,false,0.43
"DLG",132852,"/Date(1700720963000)/",2320,500,1382200,3256000000,10,false,0.43
"DLG",132852,"/Date(1700720963000)/",2320,4000,1381700,3255000000,10,false,0.43
"DLG",132852,"/Date(1700720963000)/",2320,5000,1377700,3245000000,10,false,0.43
"DLG",132852,"/Date(1700720963000)/",2330,2400,1372700,3234000000,20,true,0.87
"DLG",132852,"/Date(1700720963000)/",2330,5000,1370300,3228000000,20,true,0.87
"DLG",132852,"/Date(1700720963000)/",2330,100,1365300,3216000000,20,true,0.87
"DLG",132852,"/Date(1700720963000)/",2330,100,1365200,3216000000,20,true,0.87
"DLG",132852,"/Date(1700720963000)/",2330,100,1365100,3216000000,20,true,0.87
"DLG",132852,"/Date(1700720963000)/",2330,100,1365000,3216000000,20,true,0.87
"DLG",132852,"/Date(1700720963000)/",2330,100,1364900,3215000000,20,true,0.87
"DLG",132852,"/Date(1700720963000)/",2330,100,1364800,3215000000,20,true,0.87
"DLG",132852,"/Date(1700720963000)/",2330,100,1364700,3215000000,20,true,0.87
"DLG",132852,"/Date(1700720963000)/",2330,100,1364600,3215000000,20,true,0.87
"DLG",132852,"/Date(1700720963000)/",2330,100,1364500,3215000000,20,true,0.87
"DLG",132852,"/Date(1700720963000)/",2330,100,1364400,3214000000,20,true,0.87
"DLG",132852,"/Date(1700720963000)/",2330,200,1364300,3214000000,20,true,0.87
"DLG",132852,"/Date(1700720963000)/",2330,100,1364100,3214000000,20,true,0.87
"DLG",132852,"/Date(1700720963000)/",2330,1000,1364000,3213000000,20,true,0.87
"DLG",132852,"/Date(1700720963000)/",2330,10000,1363000,3211000000,20,true,0.87
"DLG",132852,"/Date(1700720963000)/",2330,800,1353000,3188000000,20,true,0.87
"DLG",132852,"/Date(1700720963000)/",2330,200,1352200,3186000000,20,true,0.87
"DLG",132852,"/Date(1700720963000)/",2330,500,1352000,3185000000,20,true,0.87
"DLG",132852,"/Date(1700720963000)/",2330,1000,1351500,3184000000,20,true,0.87
"DLG",132852,"/Date(1700720963000)/",2330,2200,1350500,3182000000,20,true,0.87
"DLG",132852,"/Date(1700720963000)/",2330,10100,1348300,3177000000,20,true,0.87
"DLG",132852,"/Date(1700720963000)/",2330,5100,1338200,3153000000,20,true,0.87
"DLG",132852,"/Date(1700720963000)/",2330,100,1333100,3141000000,20,true,0.87
"DLG",132852,"/Date(1700720963000)/",2330,2000,1333000,3141000000,20,true,0.87
"DLG",132852,"/Date(1700720963000)/",2330,100,1331000,3136000000,20,true,0.87
"DLG",132852,"/Date(1700720963000)/",2330,100,1330900,3136000000,20,true,0.87
"DLG",132852,"/Date(1700720963000)/",2330,5000,1330800,3136000000,20,true,0.87
"DLG",132852,"/Date(1700720963000)/",2330,1300,1325800,3124000000,20,true,0.87
"DLG",132852,"/Date(1700720963000)/",2330,500,1324500,3121000000,20,true,0.87
"DLG",132852,"/Date(1700720963000)/",2330,1000,1324000,3120000000,20,true,0.87
"DLG",132852,"/Date(1700720963000)/",2330,200,1323000,3118000000,20,true,0.87
"DLG",132852,"/Date(1700720963000)/",2330,1000,1322800,3117000000,20,true,0.87
"DLG",132852,"/Date(1700720963000)/",2330,500,1321800,3115000000,20,true,0.87
"DLG",132852,"/Date(1700720963000)/",2330,3000,1321300,3114000000,20,true,0.87
"DLG",132852,"/Date(1700720963000)/",2330,5000,1318300,3107000000,20,true,0.87
"DLG",132852,"/Date(1700720963000)/",2330,3100,1313300,3095000000,20,true,0.87
"DLG",132852,"/Date(1700720963000)/",2340,3000,1310200,3088000000,30,true,1.3
"DLG",132852,"/Date(1700720963000)/",2340,6400,1307200,3081000000,30,true,1.3
"DLG",132852,"/Date(1700720963000)/",2340,3000,1300800,3066000000,30,true,1.3
"DLG",132852,"/Date(1700720963000)/",2340,5000,1297800,3059000000,30,true,1.3
"DLG",132852,"/Date(1700720963000)/",2340,300,1292800,3047000000,30,true,1.3
"DLG",132852,"/Date(1700720963000)/",2340,200,1292500,3047000000,30,true,1.3
"DLG",132852,"/Date(1700720963000)/",2350,3300,1292300,3046000000,40,true,1.73
"DLG",132833,"/Date(1700720944000)/",2350,8700,1289000,3038000000,40,true,1.73
"DLG",132826,"/Date(1700720938000)/",2350,400,1280300,3018000000,40,false,1.73
"DLG",132826,"/Date(1700720938000)/",2350,200,1279900,3017000000,40,false,1.73
"DLG",132826,"/Date(1700720938000)/",2350,300,1279700,3017000000,40,false,1.73
"DLG",132826,"/Date(1700720938000)/",2350,400,1279400,3016000000,40,false,1.73
"DLG",132820,"/Date(1700720932000)/",2360,1000,1279000,3015000000,50,false,2.16
"DLG",132657,"/Date(1700720847000)/",2350,4400,1278000,3013000000,40,false,1.73
"DLG",132634,"/Date(1700720825000)/",2350,5600,1273600,3002000000,40,false,1.73
"DLG",132634,"/Date(1700720825000)/",2350,100,1268000,2989000000,40,false,1.73
"DLG",132634,"/Date(1700720825000)/",2350,7300,1267900,2989000000,40,false,1.73
"DLG",132508,"/Date(1700720739000)/",2350,600,1260600,2972000000,40,false,1.73
"DLG",132455,"/Date(1700720727000)/",2350,2000,1260000,2970000000,40,false,1.73
"DLG",132455,"/Date(1700720727000)/",2350,400,1258000,2966000000,40,false,1.73
"DLG",132424,"/Date(1700720693000)/",2340,300,1257600,2965000000,30,false,1.3
"DLG",132417,"/Date(1700720688000)/",2340,200,1257300,2964000000,30,false,1.3
"DLG",132401,"/Date(1700720670000)/",2340,100,1257100,2963000000,30,false,1.3
"DLG",132355,"/Date(1700720664000)/",2340,400,1257000,2963000000,30,false,1.3
"DLG",132355,"/Date(1700720664000)/",2340,300,1256600,2962000000,30,false,1.3
"DLG",132355,"/Date(1700720664000)/",2340,3000,1256300,2962000000,30,false,1.3
"DLG",132355,"/Date(1700720664000)/",2340,52300,1253300,2954000000,30,false,1.3
"DLG",132316,"/Date(1700720625000)/",2340,700,1201000,2832000000,30,false,1.3
"DLG",132307,"/Date(1700720617000)/",2330,2000,1200300,2830000000,20,true,0.87
"DLG",132300,"/Date(1700720610000)/",2340,400,1198300,2826000000,30,false,1.3
"DLG",132244,"/Date(1700720594000)/",2330,8400,1197900,2825000000,20,true,0.87
"DLG",132225,"/Date(1700720574000)/",2330,600,1189500,2805000000,20,true,0.87
"DLG",132225,"/Date(1700720574000)/",2330,900,1188900,2804000000,20,true,0.87
"DLG",132225,"/Date(1700720574000)/",2330,100,1188000,2802000000,20,true,0.87
"DLG",132225,"/Date(1700720574000)/",2330,100,1187900,2802000000,20,true,0.87
"DLG",132225,"/Date(1700720574000)/",2330,1000,1187800,2801000000,20,true,0.87
"DLG",132225,"/Date(1700720574000)/",2330,100,1186800,2799000000,20,true,0.87
"DLG",132222,"/Date(1700720572000)/",2340,6000,1186700,2799000000,30,false,1.3
"DLG",132141,"/Date(1700720530000)/",2340,200,1180700,2785000000,30,false,1.3
"DLG",132141,"/Date(1700720530000)/",2340,400,1180500,2784000000,30,false,1.3
"DLG",132141,"/Date(1700720530000)/",2340,5000,1180100,2783000000,30,false,1.3
"DLG",132141,"/Date(1700720530000)/",2340,500,1175100,2772000000,30,false,1.3
"DLG",132141,"/Date(1700720530000)/",2340,5000,1174600,2770000000,30,false,1.3
"DLG",132141,"/Date(1700720530000)/",2340,1000,1169600,2759000000,30,false,1.3
"DLG",132141,"/Date(1700720530000)/",2340,100,1168600,2756000000,30,false,1.3
"DLG",132141,"/Date(1700720530000)/",2340,800,1168500,2756000000,30,false,1.3
"DLG",132141,"/Date(1700720530000)/",2340,5000,1167700,2754000000,30,false,1.3
"DLG",132141,"/Date(1700720530000)/",2340,7900,1162700,2743000000,30,false,1.3
"DLG",132021,"/Date(1700720451000)/",2340,1000,1154800,2724000000,30,true,1.3
"DLG",131920,"/Date(1700720390000)/",2340,500,1153800,2722000000,30,true,1.3
"DLG",131858,"/Date(1700720368000)/",2350,200,1153300,2721000000,40,true,1.73
"DLG",131858,"/Date(1700720368000)/",2350,2400,1153100,2720000000,40,true,1.73
"DLG",131751,"/Date(1700720301000)/",2350,2600,1150700,2715000000,40,true,1.73
"DLG",131751,"/Date(1700720301000)/",2350,1000,1148100,2708000000,40,true,1.73
"DLG",131751,"/Date(1700720301000)/",2350,100,1147100,2706000000,40,true,1.73
"DLG",131751,"/Date(1700720301000)/",2350,400,1147000,2706000000,40,true,1.73
"DLG",131751,"/Date(1700720301000)/",2350,900,1146600,2705000000,40,true,1.73
"DLG",131618,"/Date(1700720209000)/",2350,200,1145700,2703000000,40,true,1.73
"DLG",131553,"/Date(1700720183000)/",2350,100,1145500,2702000000,40,false,1.73
"DLG",131553,"/Date(1700720183000)/",2350,600,1145400,2702000000,40,false,1.73
"DLG",131553,"/Date(1700720183000)/",2350,100,1144800,2701000000,40,false,1.73
"DLG",131553,"/Date(1700720183000)/",2350,11000,1144700,2700000000,40,false,1.73
"DLG",131553,"/Date(1700720183000)/",2350,5000,1133700,2675000000,40,false,1.73
"DLG",131553,"/Date(1700720183000)/",2350,500,1128700,2663000000,40,false,1.73
"DLG",131553,"/Date(1700720183000)/",2350,700,1128200,2662000000,40,false,1.73
"DLG",131521,"/Date(1700720150000)/",2350,300,1127500,2660000000,40,false,1.73
"DLG",131521,"/Date(1700720150000)/",2350,700,1127200,2659000000,40,false,1.73
"DLG",131508,"/Date(1700720137000)/",2340,100,1126500,2658000000,30,true,1.3
"DLG",131452,"/Date(1700720121000)/",2340,100,1126400,2657000000,30,true,1.3
"DLG",131449,"/Date(1700720119000)/",2350,200,1126300,2657000000,40,false,1.73
"DLG",131404,"/Date(1700720073000)/",2350,200,1126100,2657000000,40,false,1.73
"DLG",131358,"/Date(1700720065000)/",2350,200,1125900,2656000000,40,false,1.73
"DLG",131351,"/Date(1700720059000)/",2350,700,1125700,2656000000,40,false,1.73
"DLG",131351,"/Date(1700720059000)/",2350,300,1125000,2654000000,40,false,1.73
"DLG",131335,"/Date(1700720043000)/",2350,300,1124700,2653000000,40,false,1.73
"DLG",131329,"/Date(1700720037000)/",2350,400,1124400,2653000000,40,false,1.73
"DLG",131329,"/Date(1700720037000)/",2350,200,1124000,2652000000,40,false,1.73
"DLG",131329,"/Date(1700720037000)/",2350,4400,1123800,2651000000,40,false,1.73
"DLG",131316,"/Date(1700720026000)/",2350,200,1119400,2641000000,40,false,1.73
"DLG",131303,"/Date(1700720013000)/",2350,100,1119200,2640000000,40,false,1.73
"DLG",131247,"/Date(1700719997000)/",2350,500,1119100,2640000000,40,false,1.73
"DLG",131228,"/Date(1700719976000)/",2340,500,1118600,2639000000,30,true,1.3
"DLG",131037,"/Date(1700719864000)/",2340,200,1118100,2638000000,30,true,1.3
"DLG",130952,"/Date(1700719820000)/",2340,700,1117900,2637000000,30,true,1.3
"DLG",130952,"/Date(1700719820000)/",2340,100,1117200,2636000000,30,true,1.3
"DLG",130952,"/Date(1700719820000)/",2340,500,1117100,2636000000,30,true,1.3
"DLG",130952,"/Date(1700719820000)/",2340,2700,1116600,2634000000,30,true,1.3
"DLG",130952,"/Date(1700719820000)/",2340,200,1113900,2628000000,30,true,1.3
"DLG",130952,"/Date(1700719820000)/",2340,16500,1113700,2628000000,30,true,1.3
"DLG",130826,"/Date(1700719734000)/",2340,3000,1097200,2589000000,30,true,1.3
"DLG",130806,"/Date(1700719715000)/",2340,400,1094200,2582000000,30,true,1.3
"DLG",130803,"/Date(1700719711000)/",2340,100,1093800,2581000000,30,true,1.3
"DLG",130803,"/Date(1700719711000)/",2340,2400,1093700,2581000000,30,true,1.3
"DLG",130653,"/Date(1700719641000)/",2340,1000,1091300,2575000000,30,true,1.3
"DLG",130653,"/Date(1700719641000)/",2340,200,1090300,2573000000,30,true,1.3
"DLG",130653,"/Date(1700719641000)/",2340,3000,1090100,2572000000,30,true,1.3
"DLG",130611,"/Date(1700719598000)/",2340,1600,1087100,2565000000,30,false,1.3
"DLG",130543,"/Date(1700719572000)/",2340,100,1085500,2562000000,30,false,1.3
"DLG",130543,"/Date(1700719570000)/",2340,100,1085400,2561000000,30,false,1.3
"DLG",130536,"/Date(1700719566000)/",2340,100,1085300,2561000000,30,false,1.3
"DLG",130536,"/Date(1700719565000)/",2340,100,1085200,2561000000,30,false,1.3
"DLG",130536,"/Date(1700719563000)/",2340,100,1085100,2561000000,30,false,1.3
"DLG",130530,"/Date(1700719560000)/",2340,800,1085000,2560000000,30,false,1.3
"DLG",130527,"/Date(1700719555000)/",2340,300,1084200,2559000000,30,false,1.3
"DLG",130527,"/Date(1700719555000)/",2340,1000,1083900,2558000000,30,false,1.3
"DLG",130527,"/Date(1700719555000)/",2340,100,1082900,2556000000,30,false,1.3
"DLG",130527,"/Date(1700719555000)/",2340,2600,1082800,2555000000,30,false,1.3
"DLG",130527,"/Date(1700719555000)/",2340,200,1080200,2549000000,30,false,1.3
"DLG",130527,"/Date(1700719555000)/",2340,600,1080000,2549000000,30,false,1.3
"DLG",130527,"/Date(1700719555000)/",2340,2300,1079400,2547000000,30,false,1.3
"DLG",130458,"/Date(1700719525000)/",2340,1700,1077100,2542000000,30,true,1.3
"DLG",130458,"/Date(1700719525000)/",2340,1000,1075400,2538000000,30,true,1.3
"DLG",130458,"/Date(1700719525000)/",2340,200,1074400,2536000000,30,true,1.3
"DLG",130401,"/Date(1700719468000)/",2340,2000,1074200,2535000000,30,true,1.3
"DLG",130313,"/Date(1700719421000)/",2340,500,1072200,2531000000,30,true,1.3
"DLG",130241,"/Date(1700719388000)/",2340,900,1071700,2529000000,30,true,1.3
"DLG",130228,"/Date(1700719377000)/",2350,100,1070800,2527000000,40,false,1.73
"DLG",130228,"/Date(1700719375000)/",2350,100,1070700,2527000000,40,false,1.73
"DLG",130115,"/Date(1700719301000)/",2350,400,1070600,2527000000,40,false,1.73
"DLG",130115,"/Date(1700719301000)/",2350,200,1070200,2526000000,40,false,1.73
"DLG",130115,"/Date(1700719301000)/",2350,200,1070000,2525000000,40,false,1.73
"DLG",130115,"/Date(1700719301000)/",2350,200,1069800,2525000000,40,false,1.73
"DLG",130115,"/Date(1700719301000)/",2350,600,1069600,2524000000,40,false,1.73
"DLG",130115,"/Date(1700719301000)/",2350,100,1069000,2523000000,40,false,1.73
"DLG",130027,"/Date(1700719255000)/",2340,200,1068900,2523000000,30,true,1.3
"DLG",130005,"/Date(1700719223000)/",2350,100,1068700,2522000000,40,false,1.73
"DLG",130001,"/Date(1700719218000)/",2350,100,1068600,2522000000,40,false,1.73
"DLG",125952,"/Date(1700719203000)/",2340,800,1068500,2522000000,30,true,1.3
"DLG",125952,"/Date(1700719203000)/",2350,1200,1067700,2520000000,40,true,1.73
"DLG",125949,"/Date(1700719202000)/",2350,100,1066500,2517000000,40,false,1.73
"DLG",125946,"/Date(1700719201000)/",2350,1700,1066400,2517000000,40,false,1.73
"DLG",125933,"/Date(1700719201000)/",2350,600,1064700,2513000000,40,false,1.73
"DLG",112847,"/Date(1700713746000)/",2350,12500,1064100,2512000000,40,true,1.73
"DLG",112847,"/Date(1700713746000)/",2350,3000,1051600,2482000000,40,true,1.73
"DLG",112847,"/Date(1700713746000)/",2350,200,1048600,2475000000,40,true,1.73
"DLG",112847,"/Date(1700713746000)/",2350,2000,1048400,2475000000,40,true,1.73
"DLG",111813,"/Date(1700713111000)/",2360,100,1046400,2470000000,50,false,2.16
"DLG",111703,"/Date(1700713039000)/",2340,400,1046300,2470000000,30,true,1.3
"DLG",111703,"/Date(1700713039000)/",2350,100,1045900,2469000000,40,true,1.73
"DLG",111615,"/Date(1700712994000)/",2350,200,1045800,2468000000,40,false,1.73
"DLG",111556,"/Date(1700712975000)/",2340,11400,1045600,2468000000,30,false,1.3
"DLG",111540,"/Date(1700712959000)/",2340,100,1034200,2441000000,30,false,1.3
"DLG",111540,"/Date(1700712958000)/",2340,5000,1034100,2441000000,30,false,1.3
"DLG",111517,"/Date(1700712937000)/",2340,3000,1029100,2429000000,30,false,1.3
"DLG",111508,"/Date(1700712927000)/",2340,100,1026100,2422000000,30,false,1.3
"DLG",111505,"/Date(1700712924000)/",2340,100,1026000,2422000000,30,false,1.3
"DLG",111505,"/Date(1700712923000)/",2340,100,1025900,2422000000,30,false,1.3
"DLG",111427,"/Date(1700712884000)/",2340,200,1025800,2422000000,30,false,1.3
"DLG",111417,"/Date(1700712874000)/",2340,100,1025600,2421000000,30,false,1.3
"DLG",111411,"/Date(1700712868000)/",2340,100,1025500,2421000000,30,false,1.3
"DLG",111401,"/Date(1700712860000)/",2340,100,1025400,2421000000,30,false,1.3
"DLG",111401,"/Date(1700712858000)/",2340,100,1025300,2421000000,30,false,1.3
"DLG",111339,"/Date(1700712835000)/",2340,1000,1025200,2420000000,30,false,1.3
"DLG",111339,"/Date(1700712835000)/",2340,1000,1024200,2418000000,30,false,1.3
"DLG",111339,"/Date(1700712835000)/",2340,4800,1023200,2416000000,30,false,1.3
"DLG",111339,"/Date(1700712835000)/",2340,3600,1018400,2404000000,30,false,1.3
"DLG",111339,"/Date(1700712835000)/",2340,100,1014800,2396000000,30,false,1.3
"DLG",111339,"/Date(1700712835000)/",2340,10000,1014700,2396000000,30,false,1.3
"DLG",111339,"/Date(1700712835000)/",2340,2000,1004700,2372000000,30,false,1.3
"DLG",111339,"/Date(1700712835000)/",2340,500,1002700,2368000000,30,false,1.3
"DLG",111339,"/Date(1700712835000)/",2340,6900,1002200,2366000000,30,false,1.3
"DLG",111339,"/Date(1700712835000)/",2340,1000,995300,2350000000,30,false,1.3
"DLG",111339,"/Date(1700712835000)/",2340,5000,994300,2348000000,30,false,1.3
"DLG",111339,"/Date(1700712835000)/",2350,100,989300,2336000000,40,false,1.73
"DLG",111339,"/Date(1700712835000)/",2350,9400,989200,2336000000,40,false,1.73
"DLG",111222,"/Date(1700712760000)/",2350,600,979800,2314000000,40,false,1.73
"DLG",111157,"/Date(1700712735000)/",2350,1000,979200,2313000000,40,false,1.73
"DLG",111157,"/Date(1700712735000)/",2350,10000,978200,2310000000,40,false,1.73
"DLG",111157,"/Date(1700712735000)/",2350,500,968200,2287000000,40,false,1.73
"DLG",111157,"/Date(1700712735000)/",2350,10000,967700,2286000000,40,false,1.73
"DLG",111157,"/Date(1700712735000)/",2350,500,957700,2262000000,40,false,1.73
"DLG",111157,"/Date(1700712735000)/",2350,100,957200,2261000000,40,false,1.73
"DLG",111157,"/Date(1700712735000)/",2350,100,957100,2261000000,40,false,1.73
"DLG",111157,"/Date(1700712735000)/",2350,700,957000,2260000000,40,false,1.73
"DLG",111157,"/Date(1700712735000)/",2350,100,956300,2259000000,40,false,1.73
"DLG",111157,"/Date(1700712735000)/",2350,100,956200,2259000000,40,false,1.73
"DLG",111157,"/Date(1700712735000)/",2350,100,956100,2258000000,40,false,1.73
"DLG",111157,"/Date(1700712735000)/",2350,100,956000,2258000000,40,false,1.73
"DLG",111157,"/Date(1700712735000)/",2350,100,955900,2258000000,40,false,1.73
"DLG",111157,"/Date(1700712735000)/",2350,100,955800,2258000000,40,false,1.73
"DLG",111157,"/Date(1700712735000)/",2350,100,955700,2257000000,40,false,1.73
"DLG",111157,"/Date(1700712735000)/",2350,100,955600,2257000000,40,false,1.73
"DLG",111157,"/Date(1700712735000)/",2350,300,955500,2257000000,40,false,1.73
"DLG",111157,"/Date(1700712735000)/",2350,1000,955200,2256000000,40,false,1.73
"DLG",111157,"/Date(1700712735000)/",2350,4400,954200,2254000000,40,false,1.73
"DLG",111138,"/Date(1700712714000)/",2360,1000,949800,2243000000,50,false,2.16
"DLG",110956,"/Date(1700712613000)/",2360,8400,948800,2241000000,50,false,2.16
"DLG",110836,"/Date(1700712534000)/",2350,700,940400,2221000000,40,true,1.73
"DLG",110751,"/Date(1700712490000)/",2350,300,939700,2220000000,40,true,1.73
"DLG",110736,"/Date(1700712474000)/",2360,300,939400,2219000000,50,false,2.16
"DLG",110729,"/Date(1700712467000)/",2360,1300,939100,2218000000,50,false,2.16
"DLG",110729,"/Date(1700712467000)/",2360,400,937800,2215000000,50,false,2.16
"DLG",110729,"/Date(1700712467000)/",2360,9600,937400,2214000000,50,false,2.16
"DLG",110657,"/Date(1700712435000)/",2360,200,927800,2192000000,50,false,2.16
"DLG",110654,"/Date(1700712430000)/",2360,200,927600,2191000000,50,false,2.16
"DLG",110509,"/Date(1700712327000)/",2350,500,927400,2191000000,40,true,1.73
"DLG",110447,"/Date(1700712303000)/",2350,100,926900,2189000000,40,true,1.73
"DLG",110201,"/Date(1700712136000)/",2350,1900,926800,2189000000,40,true,1.73
"DLG",110025,"/Date(1700712043000)/",2350,2100,924900,2185000000,40,true,1.73
"DLG",105859,"/Date(1700711956000)/",2350,400,922800,2180000000,40,false,1.73
"DLG",105852,"/Date(1700711950000)/",2350,200,922400,2179000000,40,true,1.73
"DLG",105852,"/Date(1700711950000)/",2350,1100,922200,2178000000,40,true,1.73
"DLG",105852,"/Date(1700711950000)/",2350,10000,921100,2176000000,40,true,1.73
"DLG",105852,"/Date(1700711950000)/",2350,5000,911100,2152000000,40,true,1.73
"DLG",105852,"/Date(1700711950000)/",2350,4700,906100,2141000000,40,true,1.73
"DLG",105749,"/Date(1700711886000)/",2370,100,901400,2130000000,60,false,2.6
"DLG",105726,"/Date(1700711861000)/",2350,6500,901300,2129000000,40,true,1.73
"DLG",105726,"/Date(1700711861000)/",2350,500,894800,2114000000,40,true,1.73
"DLG",105726,"/Date(1700711861000)/",2350,3600,894300,2113000000,40,true,1.73
"DLG",105726,"/Date(1700711861000)/",2350,700,890700,2104000000,40,true,1.73
"DLG",105726,"/Date(1700711861000)/",2350,2100,890000,2103000000,40,true,1.73
"DLG",105726,"/Date(1700711861000)/",2350,19800,887900,2098000000,40,true,1.73
"DLG",105726,"/Date(1700711861000)/",2360,100,868100,2051000000,50,false,2.16
"DLG",105726,"/Date(1700711861000)/",2360,600,868000,2051000000,50,false,2.16
"DLG",105726,"/Date(1700711861000)/",2360,500,867400,2050000000,50,false,2.16
"DLG",105726,"/Date(1700711861000)/",2360,15000,866900,2048000000,50,false,2.16
"DLG",105726,"/Date(1700711861000)/",2360,600,851900,2013000000,50,false,2.16
"DLG",105654,"/Date(1700711831000)/",2370,200,851300,2012000000,60,false,2.6
"DLG",105642,"/Date(1700711818000)/",2370,200,851100,2011000000,60,false,2.6
"DLG",105642,"/Date(1700711818000)/",2370,5000,850900,2011000000,60,false,2.6
"DLG",105642,"/Date(1700711818000)/",2370,2000,845900,1999000000,60,false,2.6
"DLG",105616,"/Date(1700711792000)/",2370,5000,843900,1994000000,60,true,2.6
"DLG",105457,"/Date(1700711712000)/",2370,5300,838900,1982000000,60,true,2.6
"DLG",105457,"/Date(1700711712000)/",2370,100,833600,1970000000,60,true,2.6
"DLG",105457,"/Date(1700711712000)/",2370,2600,833500,1969000000,60,true,2.6
"DLG",105434,"/Date(1700711689000)/",2370,1500,830900,1963000000,60,true,2.6
"DLG",105334,"/Date(1700711628000)/",2380,300,829400,1960000000,70,false,3.03
"DLG",105327,"/Date(1700711625000)/",2380,100,829100,1959000000,70,false,3.03
"DLG",105327,"/Date(1700711625000)/",2380,1000,829000,1959000000,70,false,3.03
"DLG",105327,"/Date(1700711625000)/",2380,1000,828000,1956000000,70,false,3.03
"DLG",105308,"/Date(1700711605000)/",2380,4000,827000,1954000000,70,false,3.03
"DLG",105308,"/Date(1700711605000)/",2380,5000,823000,1944000000,70,false,3.03
"DLG",105308,"/Date(1700711605000)/",2380,4100,818000,1933000000,70,false,3.03
"DLG",105308,"/Date(1700711605000)/",2380,5000,813900,1923000000,70,false,3.03
"DLG",105308,"/Date(1700711605000)/",2380,2000,808900,1911000000,70,false,3.03
"DLG",105308,"/Date(1700711605000)/",2380,500,806900,1906000000,70,false,3.03
"DLG",105308,"/Date(1700711605000)/",2380,1000,806400,1905000000,70,false,3.03
"DLG",105308,"/Date(1700711605000)/",2380,5000,805400,1903000000,70,false,3.03
"DLG",105308,"/Date(1700711605000)/",2380,100,800400,1891000000,70,false,3.03
"DLG",105308,"/Date(1700711605000)/",2380,100,800300,1890000000,70,false,3.03
"DLG",105308,"/Date(1700711605000)/",2380,200,800200,1890000000,70,false,3.03
"DLG",105308,"/Date(1700711605000)/",2380,2500,800000,1890000000,70,false,3.03
"DLG",105308,"/Date(1700711605000)/",2380,500,797500,1884000000,70,false,3.03
"DLG",105255,"/Date(1700711593000)/",2370,900,797000,1883000000,60,true,2.6
"DLG",105255,"/Date(1700711593000)/",2370,1100,796100,1880000000,60,true,2.6
"DLG",105120,"/Date(1700711495000)/",2370,1400,795000,1878000000,60,true,2.6
"DLG",105120,"/Date(1700711495000)/",2370,300,793600,1875000000,60,true,2.6
"DLG",105120,"/Date(1700711495000)/",2370,5000,793300,1874000000,60,true,2.6
"DLG",105120,"/Date(1700711495000)/",2370,300,788300,1862000000,60,true,2.6
"DLG",105110,"/Date(1700711488000)/",2380,2500,788000,1861000000,70,false,3.03
"DLG",105110,"/Date(1700711488000)/",2380,400,785500,1855000000,70,false,3.03
"DLG",104837,"/Date(1700711332000)/",2380,100,785100,1854000000,70,false,3.03
"DLG",104447,"/Date(1700711103000)/",2380,200,785000,1854000000,70,false,3.03
"DLG",104233,"/Date(1700710970000)/",2380,100,784800,1854000000,70,false,3.03
"DLG",104126,"/Date(1700710902000)/",2370,100,784700,1853000000,60,true,2.6
"DLG",104026,"/Date(1700710841000)/",2370,5000,784600,1853000000,60,true,2.6
"DLG",103903,"/Date(1700710757000)/",2370,2100,779600,1841000000,60,false,2.6
"DLG",103903,"/Date(1700710757000)/",2370,5000,777500,1836000000,60,false,2.6
"DLG",103903,"/Date(1700710757000)/",2370,500,772500,1824000000,60,false,2.6
"DLG",103903,"/Date(1700710757000)/",2370,1000,772000,1823000000,60,false,2.6
"DLG",103903,"/Date(1700710757000)/",2370,1000,771000,1821000000,60,false,2.6
"DLG",103903,"/Date(1700710757000)/",2370,5000,770000,1819000000,60,false,2.6
"DLG",103903,"/Date(1700710757000)/",2370,3000,765000,1807000000,60,false,2.6
"DLG",103903,"/Date(1700710757000)/",2370,100,762000,1800000000,60,false,2.6
"DLG",103903,"/Date(1700710757000)/",2370,100,761900,1799000000,60,false,2.6
"DLG",103903,"/Date(1700710757000)/",2370,100,761800,1799000000,60,false,2.6
"DLG",103903,"/Date(1700710757000)/",2370,7600,761700,1799000000,60,false,2.6
"DLG",103756,"/Date(1700710691000)/",2360,300,754100,1781000000,50,false,2.16
"DLG",103743,"/Date(1700710677000)/",2360,100,753800,1780000000,50,false,2.16
"DLG",103730,"/Date(1700710665000)/",2360,300,753700,1780000000,50,true,2.16
"DLG",103721,"/Date(1700710655000)/",2370,200,753400,1779000000,60,false,2.6
"DLG",103548,"/Date(1700710563000)/",2360,7300,753200,1779000000,50,true,2.16
"DLG",103545,"/Date(1700710560000)/",2360,1800,745900,1762000000,50,true,2.16
"DLG",103510,"/Date(1700710524000)/",2360,500,744100,1757000000,50,true,2.16
"DLG",103438,"/Date(1700710493000)/",2360,100,743600,1756000000,50,false,2.16
"DLG",103413,"/Date(1700710466000)/",2370,500,743500,1756000000,60,false,2.6
"DLG",103344,"/Date(1700710438000)/",2350,200,743000,1755000000,40,true,1.73
"DLG",103344,"/Date(1700710438000)/",2350,100,742800,1754000000,40,true,1.73
"DLG",103344,"/Date(1700710438000)/",2350,1600,742700,1754000000,40,true,1.73
"DLG",103344,"/Date(1700710438000)/",2350,100,741100,1750000000,40,true,1.73
"DLG",103224,"/Date(1700710357000)/",2370,100,741000,1750000000,60,false,2.6
"DLG",103211,"/Date(1700710346000)/",2360,100,740900,1750000000,50,true,2.16
"DLG",103211,"/Date(1700710346000)/",2360,100,740800,1750000000,50,true,2.16
"DLG",103211,"/Date(1700710346000)/",2360,2500,740700,1749000000,50,true,2.16
"DLG",103049,"/Date(1700710261000)/",2360,800,738200,1743000000,50,true,2.16
"DLG",103033,"/Date(1700710246000)/",2360,200,737400,1741000000,50,false,2.16
"DLG",102854,"/Date(1700710147000)/",2360,100,737200,1741000000,50,true,2.16
"DLG",102854,"/Date(1700710147000)/",2370,10000,737100,1741000000,60,false,2.6
"DLG",102810,"/Date(1700710104000)/",2370,100,727100,1717000000,60,false,2.6
"DLG",102747,"/Date(1700710081000)/",2370,500,727000,1717000000,60,false,2.6
"DLG",102747,"/Date(1700710081000)/",2360,4500,726500,1716000000,50,false,2.16
"DLG",102719,"/Date(1700710054000)/",2360,500,722000,1705000000,50,false,2.16
"DLG",102537,"/Date(1700709950000)/",2360,100,721500,1704000000,50,false,2.16
"DLG",102537,"/Date(1700709950000)/",2360,100,721400,1704000000,50,false,2.16
"DLG",102446,"/Date(1700709898000)/",2350,100,721300,1703000000,40,true,1.73
"DLG",102446,"/Date(1700709898000)/",2350,100,721200,1703000000,40,true,1.73
"DLG",102446,"/Date(1700709898000)/",2350,2000,721100,1703000000,40,true,1.73
"DLG",102446,"/Date(1700709898000)/",2350,500,719100,1698000000,40,true,1.73
"DLG",102446,"/Date(1700709898000)/",2350,12300,718600,1697000000,40,true,1.73
"DLG",102404,"/Date(1700709857000)/",2350,200,706300,1668000000,40,true,1.73
"DLG",102348,"/Date(1700709841000)/",2360,500,706100,1668000000,50,false,2.16
"DLG",102329,"/Date(1700709822000)/",2360,400,705600,1666000000,50,false,2.16
"DLG",102310,"/Date(1700709804000)/",2350,200,705200,1666000000,40,true,1.73
"DLG",102254,"/Date(1700709787000)/",2350,10000,705000,1665000000,40,true,1.73
"DLG",102251,"/Date(1700709785000)/",2350,3100,695000,1642000000,40,true,1.73
"DLG",102119,"/Date(1700709692000)/",2350,2100,691900,1634000000,40,true,1.73
"DLG",102100,"/Date(1700709672000)/",2360,300,689800,1629000000,50,false,2.16
"DLG",102037,"/Date(1700709651000)/",2360,1000,689500,1629000000,50,true,2.16
"DLG",102037,"/Date(1700709651000)/",2360,100,688500,1626000000,50,true,2.16
"DLG",102037,"/Date(1700709651000)/",2360,1000,688400,1626000000,50,true,2.16
"DLG",102037,"/Date(1700709651000)/",2360,400,687400,1624000000,50,true,2.16
"DLG",102037,"/Date(1700709651000)/",2360,200,687000,1623000000,50,true,2.16
"DLG",102037,"/Date(1700709651000)/",2360,500,686800,1622000000,50,true,2.16
"DLG",102037,"/Date(1700709651000)/",2360,400,686300,1621000000,50,true,2.16
"DLG",102037,"/Date(1700709651000)/",2360,500,685900,1620000000,50,true,2.16
"DLG",102037,"/Date(1700709651000)/",2360,1400,685400,1619000000,50,true,2.16
"DLG",101950,"/Date(1700709602000)/",2360,3600,684000,1616000000,50,true,2.16
"DLG",101950,"/Date(1700709602000)/",2360,100,680400,1607000000,50,true,2.16
"DLG",101856,"/Date(1700709550000)/",2370,3000,680300,1607000000,60,false,2.6
"DLG",101840,"/Date(1700709533000)/",2360,500,677300,1600000000,50,true,2.16
"DLG",101736,"/Date(1700709468000)/",2360,300,676800,1599000000,50,true,2.16
"DLG",101701,"/Date(1700709433000)/",2360,100,676500,1598000000,50,true,2.16
"DLG",101701,"/Date(1700709433000)/",2360,400,676400,1598000000,50,true,2.16
"DLG",101557,"/Date(1700709369000)/",2370,900,676000,1597000000,60,false,2.6
"DLG",101522,"/Date(1700709335000)/",2360,500,675100,1595000000,50,true,2.16
"DLG",101312,"/Date(1700709206000)/",2360,700,674600,1593000000,50,true,2.16
"DLG",101259,"/Date(1700709193000)/",2360,200,673900,1592000000,50,true,2.16
"DLG",101237,"/Date(1700709169000)/",2360,100,673700,1591000000,50,false,2.16
"DLG",101237,"/Date(1700709169000)/",2360,3100,673600,1591000000,50,false,2.16
"DLG",101221,"/Date(1700709152000)/",2360,1000,670500,1584000000,50,false,2.16
"DLG",101202,"/Date(1700709134000)/",2350,2100,669500,1581000000,40,false,1.73
"DLG",101155,"/Date(1700709127000)/",2350,200,667400,1576000000,40,true,1.73
"DLG",101155,"/Date(1700709127000)/",2350,1000,667200,1576000000,40,true,1.73
"DLG",101155,"/Date(1700709127000)/",2350,200,666200,1574000000,40,true,1.73
"DLG",101127,"/Date(1700709098000)/",2350,1600,666000,1573000000,40,true,1.73
"DLG",101020,"/Date(1700709031000)/",2350,3200,664400,1569000000,40,true,1.73
"DLG",101010,"/Date(1700709023000)/",2350,800,661200,1562000000,40,false,1.73
"DLG",101004,"/Date(1700709017000)/",2350,200,660400,1560000000,40,true,1.73
"DLG",101004,"/Date(1700709017000)/",2350,1000,660200,1560000000,40,true,1.73
"DLG",101004,"/Date(1700709017000)/",2350,1000,659200,1557000000,40,true,1.73
"DLG",101004,"/Date(1700709017000)/",2350,500,658200,1555000000,40,true,1.73
"DLG",101004,"/Date(1700709017000)/",2350,100,657700,1554000000,40,true,1.73
"DLG",101004,"/Date(1700709017000)/",2350,700,657600,1553000000,40,true,1.73
"DLG",101004,"/Date(1700709017000)/",2350,2000,656900,1552000000,40,true,1.73
"DLG",101004,"/Date(1700709017000)/",2350,100,654900,1547000000,40,true,1.73
"DLG",101004,"/Date(1700709017000)/",2350,200,654800,1547000000,40,true,1.73
"DLG",101004,"/Date(1700709017000)/",2350,1200,654600,1546000000,40,true,1.73
"DLG",100958,"/Date(1700709008000)/",2350,100,653400,1544000000,40,true,1.73
"DLG",100945,"/Date(1700708996000)/",2350,200,653300,1543000000,40,true,1.73
"DLG",100926,"/Date(1700708977000)/",2350,500,653100,1543000000,40,true,1.73
"DLG",100841,"/Date(1700708933000)/",2360,900,652600,1542000000,50,true,2.16
"DLG",100832,"/Date(1700708923000)/",2360,100,651700,1540000000,50,true,2.16
"DLG",100832,"/Date(1700708923000)/",2360,500,651600,1539000000,50,true,2.16
"DLG",100832,"/Date(1700708923000)/",2360,300,651100,1538000000,50,true,2.16
"DLG",100825,"/Date(1700708918000)/",2360,700,650800,1537000000,50,true,2.16
"DLG",100825,"/Date(1700708918000)/",2360,500,650100,1536000000,50,true,2.16
"DLG",100825,"/Date(1700708918000)/",2360,200,649600,1535000000,50,true,2.16
"DLG",100750,"/Date(1700708883000)/",2370,1000,649400,1534000000,60,false,2.6
"DLG",100722,"/Date(1700708855000)/",2370,1000,648400,1532000000,60,false,2.6
"DLG",100712,"/Date(1700708844000)/",2370,1000,647400,1529000000,60,true,2.6
"DLG",100712,"/Date(1700708844000)/",2370,1000,646400,1527000000,60,true,2.6
"DLG",100712,"/Date(1700708844000)/",2370,100,645400,1525000000,60,true,2.6
"DLG",100712,"/Date(1700708844000)/",2370,800,645300,1524000000,60,true,2.6
"DLG",100712,"/Date(1700708844000)/",2370,200,644500,1523000000,60,true,2.6
"DLG",100712,"/Date(1700708844000)/",2370,500,644300,1522000000,60,true,2.6
"DLG",100650,"/Date(1700708820000)/",2370,2500,643800,1521000000,60,true,2.6
"DLG",100650,"/Date(1700708820000)/",2370,2500,641300,1515000000,60,true,2.6
"DLG",100611,"/Date(1700708784000)/",2380,200,638800,1509000000,70,false,3.03
"DLG",100533,"/Date(1700708745000)/",2380,200,638600,1509000000,70,false,3.03
"DLG",100520,"/Date(1700708733000)/",2380,800,638400,1508000000,70,true,3.03
"DLG",100520,"/Date(1700708733000)/",2380,100,637600,1506000000,70,true,3.03
"DLG",100520,"/Date(1700708733000)/",2380,200,637500,1506000000,70,true,3.03
"DLG",100520,"/Date(1700708733000)/",2380,2000,637300,1505000000,70,true,3.03
"DLG",100520,"/Date(1700708733000)/",2380,5000,635300,1501000000,70,true,3.03
"DLG",100520,"/Date(1700708733000)/",2380,4900,630300,1489000000,70,true,3.03
"DLG",100511,"/Date(1700708722000)/",2380,200,625400,1477000000,70,true,3.03
"DLG",100505,"/Date(1700708718000)/",2380,10000,625200,1477000000,70,true,3.03
"DLG",100449,"/Date(1700708699000)/",2380,10000,615200,1453000000,70,true,3.03
"DLG",100442,"/Date(1700708693000)/",2380,18700,605200,1429000000,70,true,3.03
"DLG",100442,"/Date(1700708693000)/",2380,300,586500,1385000000,70,true,3.03
"DLG",100442,"/Date(1700708693000)/",2380,100,586200,1384000000,70,true,3.03
"DLG",100429,"/Date(1700708682000)/",2390,600,586100,1384000000,80,false,3.46
"DLG",100429,"/Date(1700708681000)/",2390,200,585500,1382000000,80,false,3.46
"DLG",100354,"/Date(1700708647000)/",2390,5000,585300,1382000000,80,false,3.46
"DLG",100335,"/Date(1700708628000)/",2390,400,580300,1370000000,80,false,3.46
"DLG",100323,"/Date(1700708614000)/",2390,2300,579900,1369000000,80,false,3.46
"DLG",100323,"/Date(1700708614000)/",2390,600,577600,1363000000,80,false,3.46
"DLG",100323,"/Date(1700708614000)/",2390,12100,577000,1362000000,80,false,3.46
"DLG",100300,"/Date(1700708591000)/",2390,4100,564900,1333000000,80,true,3.46
"DLG",100300,"/Date(1700708591000)/",2390,1000,560800,1323000000,80,true,3.46
"DLG",100300,"/Date(1700708591000)/",2390,200,559800,1321000000,80,true,3.46
"DLG",100300,"/Date(1700708591000)/",2390,100,559600,1320000000,80,true,3.46
"DLG",100300,"/Date(1700708591000)/",2390,200,559500,1320000000,80,true,3.46
"DLG",100300,"/Date(1700708591000)/",2390,100,559300,1320000000,80,true,3.46
"DLG",100300,"/Date(1700708591000)/",2390,100,559200,1319000000,80,true,3.46
"DLG",100300,"/Date(1700708591000)/",2390,7700,559100,1319000000,80,true,3.46
"DLG",100229,"/Date(1700708559000)/",2390,1300,551400,1301000000,80,true,3.46
"DLG",100229,"/Date(1700708559000)/",2390,700,550100,1298000000,80,true,3.46
"DLG",100210,"/Date(1700708542000)/",2390,2000,549400,1296000000,80,true,3.46
"DLG",100203,"/Date(1700708535000)/",2390,300,547400,1291000000,80,true,3.46
"DLG",100203,"/Date(1700708534000)/",2390,1000,547100,1290000000,80,true,3.46
"DLG",100144,"/Date(1700708516000)/",2390,1000,546100,1288000000,80,true,3.46
"DLG",100144,"/Date(1700708516000)/",2390,800,545100,1286000000,80,true,3.46
"DLG",100144,"/Date(1700708516000)/",2390,5000,544300,1284000000,80,true,3.46
"DLG",100144,"/Date(1700708516000)/",2390,2000,539300,1272000000,80,true,3.46
"DLG",100144,"/Date(1700708516000)/",2390,1200,537300,1267000000,80,true,3.46
"DLG",100128,"/Date(1700708500000)/",2390,400,536100,1264000000,80,true,3.46
"DLG",100125,"/Date(1700708498000)/",2390,1000,535700,1263000000,80,true,3.46
"DLG",100115,"/Date(1700708487000)/",2390,100,534700,1261000000,80,true,3.46
"DLG",100100,"/Date(1700708470000)/",2390,100,534600,1260000000,80,true,3.46
"DLG",100053,"/Date(1700708465000)/",2400,1000,534500,1260000000,90,false,3.9
"DLG",100028,"/Date(1700708438000)/",2390,1600,533500,1258000000,80,true,3.46
"DLG",100028,"/Date(1700708438000)/",2390,8100,531900,1254000000,80,true,3.46
"DLG",100015,"/Date(1700708427000)/",2400,1000,523800,1235000000,90,false,3.9
"DLG",100015,"/Date(1700708426000)/",2390,1600,522800,1232000000,80,true,3.46
"DLG",100012,"/Date(1700708423000)/",2390,500,521200,1228000000,80,true,3.46
"DLG",95959,"/Date(1700708412000)/",2390,9800,520700,1227000000,80,true,3.46
"DLG",95959,"/Date(1700708412000)/",2390,1200,510900,1204000000,80,true,3.46
"DLG",95959,"/Date(1700708411000)/",2400,400,509700,1201000000,90,false,3.9
"DLG",95940,"/Date(1700708390000)/",2390,2500,509300,1200000000,80,true,3.46
"DLG",95921,"/Date(1700708373000)/",2400,3300,506800,1194000000,90,false,3.9
"DLG",95921,"/Date(1700708373000)/",2400,1700,503500,1186000000,90,false,3.9
"DLG",95914,"/Date(1700708367000)/",2400,1000,501800,1182000000,90,false,3.9
"DLG",95905,"/Date(1700708357000)/",2400,300,500800,1180000000,90,false,3.9
"DLG",95905,"/Date(1700708357000)/",2400,100,500500,1179000000,90,false,3.9
"DLG",95859,"/Date(1700708351000)/",2390,9000,500400,1179000000,80,true,3.46
"DLG",95859,"/Date(1700708350000)/",2390,100,491400,1157000000,80,true,3.46
"DLG",95852,"/Date(1700708343000)/",2390,3000,491300,1157000000,80,true,3.46
"DLG",95830,"/Date(1700708321000)/",2390,10000,488300,1150000000,80,false,3.46
"DLG",95830,"/Date(1700708320000)/",2390,3000,478300,1126000000,80,false,3.46
"DLG",95830,"/Date(1700708320000)/",2390,200,475300,1119000000,80,false,3.46
"DLG",95830,"/Date(1700708320000)/",2390,1000,475100,1118000000,80,false,3.46
"DLG",95830,"/Date(1700708320000)/",2390,3000,474100,1116000000,80,false,3.46
"DLG",95830,"/Date(1700708320000)/",2390,500,471100,1109000000,80,false,3.46
"DLG",95827,"/Date(1700708318000)/",2390,1500,470600,1107000000,80,false,3.46
"DLG",95827,"/Date(1700708318000)/",2390,200,469100,1104000000,80,false,3.46
"DLG",95827,"/Date(1700708318000)/",2390,5000,468900,1103000000,80,false,3.46
"DLG",95827,"/Date(1700708318000)/",2390,100,463900,1091000000,80,false,3.46
"DLG",95827,"/Date(1700708318000)/",2390,1000,463800,1091000000,80,false,3.46
"DLG",95827,"/Date(1700708318000)/",2390,100,462800,1089000000,80,false,3.46
"DLG",95827,"/Date(1700708318000)/",2390,1000,462700,1089000000,80,false,3.46
"DLG",95827,"/Date(1700708318000)/",2390,1000,461700,1086000000,80,false,3.46
"DLG",95827,"/Date(1700708318000)/",2390,600,460700,1084000000,80,false,3.46
"DLG",95827,"/Date(1700708318000)/",2390,500,460100,1082000000,80,false,3.46
"DLG",95827,"/Date(1700708318000)/",2390,5000,459600,1081000000,80,false,3.46
"DLG",95827,"/Date(1700708318000)/",2390,1000,454600,1069000000,80,false,3.46
"DLG",95827,"/Date(1700708318000)/",2390,1000,453600,1067000000,80,false,3.46
"DLG",95827,"/Date(1700708318000)/",2390,100,452600,1064000000,80,false,3.46
"DLG",95827,"/Date(1700708318000)/",2390,500,452500,1064000000,80,false,3.46
"DLG",95827,"/Date(1700708318000)/",2390,10000,452000,1063000000,80,false,3.46
"DLG",95827,"/Date(1700708318000)/",2390,1400,442000,1039000000,80,false,3.46
"DLG",95755,"/Date(1700708285000)/",2390,700,440600,1036000000,80,false,3.46
"DLG",95742,"/Date(1700708274000)/",2390,100,439900,1034000000,80,false,3.46
"DLG",95726,"/Date(1700708257000)/",2380,200,439800,1034000000,70,true,3.03
"DLG",95726,"/Date(1700708257000)/",2380,200,439600,1033000000,70,true,3.03
"DLG",95726,"/Date(1700708257000)/",2380,600,439400,1033000000,70,true,3.03
"DLG",95713,"/Date(1700708245000)/",2390,800,438800,1031000000,80,false,3.46
"DLG",95713,"/Date(1700708245000)/",2390,200,438000,1030000000,80,false,3.46
"DLG",95645,"/Date(1700708217000)/",2380,600,437800,1029000000,70,true,3.03
"DLG",95645,"/Date(1700708217000)/",2380,100,437200,1028000000,70,true,3.03
"DLG",95645,"/Date(1700708217000)/",2380,300,437100,1027000000,70,true,3.03
"DLG",95635,"/Date(1700708206000)/",2390,100,436800,1027000000,80,false,3.46
"DLG",95619,"/Date(1700708190000)/",2380,700,436700,1026000000,70,true,3.03
"DLG",95619,"/Date(1700708189000)/",2380,300,436000,1025000000,70,true,3.03
"DLG",95619,"/Date(1700708189000)/",2380,2000,435700,1024000000,70,true,3.03
"DLG",95619,"/Date(1700708189000)/",2380,500,433700,1019000000,70,true,3.03
"DLG",95619,"/Date(1700708189000)/",2380,1000,433200,1018000000,70,true,3.03
"DLG",95619,"/Date(1700708189000)/",2380,100,432200,1016000000,70,true,3.03
"DLG",95619,"/Date(1700708189000)/",2380,100,432100,1016000000,70,true,3.03
"DLG",95551,"/Date(1700708160000)/",2380,1900,432000,1015000000,70,true,3.03
"DLG",95500,"/Date(1700708112000)/",2380,5000,430100,1011000000,70,false,3.03
"DLG",95500,"/Date(1700708112000)/",2380,200,425100,999000000,70,false,3.03
"DLG",95500,"/Date(1700708112000)/",2380,100,424900,998000000,70,false,3.03
"DLG",95500,"/Date(1700708112000)/",2380,2800,424800,998000000,70,false,3.03
"DLG",95500,"/Date(1700708109000)/",2380,200,422000,991000000,70,false,3.03
"DLG",95500,"/Date(1700708109000)/",2380,200,421800,991000000,70,false,3.03
"DLG",95500,"/Date(1700708109000)/",2380,100,421600,991000000,70,false,3.03
"DLG",95500,"/Date(1700708109000)/",2380,2000,421500,990000000,70,false,3.03
"DLG",95500,"/Date(1700708109000)/",2380,1000,419500,986000000,70,false,3.03
"DLG",95500,"/Date(1700708109000)/",2380,500,418500,983000000,70,false,3.03
"DLG",95500,"/Date(1700708109000)/",2380,300,418000,982000000,70,false,3.03
"DLG",95500,"/Date(1700708109000)/",2380,2000,417700,981000000,70,false,3.03
"DLG",95500,"/Date(1700708109000)/",2380,700,415700,976000000,70,false,3.03
"DLG",95441,"/Date(1700708092000)/",2380,1000,415000,975000000,70,false,3.03
"DLG",95422,"/Date(1700708072000)/",2370,100,414000,972000000,60,true,2.6
"DLG",95402,"/Date(1700708053000)/",2380,200,413900,972000000,70,false,3.03
"DLG",95356,"/Date(1700708047000)/",2380,2300,413700,972000000,70,false,3.03
"DLG",95356,"/Date(1700708047000)/",2380,2700,411400,966000000,70,false,3.03
"DLG",95343,"/Date(1700708034000)/",2370,1000,408700,960000000,60,true,2.6
"DLG",95302,"/Date(1700707992000)/",2370,200,407700,957000000,60,true,2.6
"DLG",95249,"/Date(1700707979000)/",2370,200,407500,957000000,60,true,2.6
"DLG",95243,"/Date(1700707973000)/",2370,500,407300,956000000,60,false,2.6
"DLG",95243,"/Date(1700707972000)/",2370,300,406800,955000000,60,false,2.6
"DLG",95240,"/Date(1700707971000)/",2380,1000,406500,955000000,70,false,3.03
"DLG",95233,"/Date(1700707963000)/",2370,200,405500,952000000,60,true,2.6
"DLG",95221,"/Date(1700707953000)/",2370,3700,405300,952000000,60,false,2.6
"DLG",95221,"/Date(1700707953000)/",2370,1100,401600,943000000,60,false,2.6
"DLG",95218,"/Date(1700707949000)/",2370,100,400500,940000000,60,true,2.6
"DLG",95158,"/Date(1700707931000)/",2370,500,400400,940000000,60,true,2.6
"DLG",95139,"/Date(1700707910000)/",2370,8300,399900,939000000,60,true,2.6
"DLG",95139,"/Date(1700707910000)/",2370,3700,391600,919000000,60,true,2.6
"DLG",95136,"/Date(1700707907000)/",2370,100,387900,911000000,60,true,2.6
"DLG",95127,"/Date(1700707899000)/",2370,700,387800,910000000,60,true,2.6
"DLG",95127,"/Date(1700707897000)/",2380,1300,387100,909000000,70,false,3.03
"DLG",95127,"/Date(1700707897000)/",2380,200,385800,906000000,70,false,3.03
"DLG",95127,"/Date(1700707897000)/",2380,500,385600,905000000,70,false,3.03
"DLG",95127,"/Date(1700707897000)/",2380,300,385100,904000000,70,false,3.03
"DLG",95127,"/Date(1700707897000)/",2380,100,384800,903000000,70,false,3.03
"DLG",95127,"/Date(1700707897000)/",2380,600,384700,903000000,70,false,3.03
"DLG",95127,"/Date(1700707897000)/",2380,2000,384100,901000000,70,false,3.03
"DLG",95123,"/Date(1700707894000)/",2370,200,382100,897000000,60,true,2.6
"DLG",95123,"/Date(1700707893000)/",2370,200,381900,896000000,60,true,2.6
"DLG",95058,"/Date(1700707868000)/",2370,100,381700,896000000,60,false,2.6
"DLG",95055,"/Date(1700707864000)/",2370,500,381600,896000000,60,false,2.6
"DLG",95055,"/Date(1700707864000)/",2370,2000,381100,894000000,60,false,2.6
"DLG",95052,"/Date(1700707862000)/",2370,5000,379100,890000000,60,false,2.6
"DLG",95036,"/Date(1700707848000)/",2370,13000,374100,878000000,60,false,2.6
"DLG",95036,"/Date(1700707848000)/",2370,5700,361100,847000000,60,false,2.6
"DLG",95036,"/Date(1700707848000)/",2370,100,355400,833000000,60,false,2.6
"DLG",95036,"/Date(1700707848000)/",2370,11000,355300,833000000,60,false,2.6
"DLG",95036,"/Date(1700707848000)/",2370,2000,344300,807000000,60,false,2.6
"DLG",95036,"/Date(1700707848000)/",2370,2000,342300,802000000,60,false,2.6
"DLG",95036,"/Date(1700707848000)/",2370,2000,340300,798000000,60,false,2.6
"DLG",95036,"/Date(1700707848000)/",2370,1000,338300,793000000,60,false,2.6
"DLG",95036,"/Date(1700707848000)/",2370,1000,337300,791000000,60,false,2.6
"DLG",95036,"/Date(1700707848000)/",2370,900,336300,788000000,60,false,2.6
"DLG",95036,"/Date(1700707848000)/",2370,500,335400,786000000,60,false,2.6
"DLG",95036,"/Date(1700707848000)/",2370,500,334900,785000000,60,false,2.6
"DLG",95036,"/Date(1700707848000)/",2370,300,334400,784000000,60,false,2.6
"DLG",94951,"/Date(1700707802000)/",2360,1800,334100,783000000,50,false,2.16
"DLG",94939,"/Date(1700707789000)/",2360,200,332300,779000000,50,false,2.16
"DLG",94939,"/Date(1700707789000)/",2360,200,332100,778000000,50,false,2.16
"DLG",94932,"/Date(1700707781000)/",2360,100,331900,778000000,50,false,2.16
"DLG",94857,"/Date(1700707747000)/",2360,700,331800,778000000,50,false,2.16
"DLG",94857,"/Date(1700707747000)/",2360,3300,331100,776000000,50,false,2.16
"DLG",94848,"/Date(1700707737000)/",2360,1700,327800,768000000,50,false,2.16
"DLG",94848,"/Date(1700707737000)/",2360,1000,326100,764000000,50,false,2.16
"DLG",94848,"/Date(1700707737000)/",2360,300,325100,762000000,50,false,2.16
"DLG",94757,"/Date(1700707688000)/",2360,2300,324800,761000000,50,true,2.16
"DLG",94738,"/Date(1700707669000)/",2360,1000,322500,756000000,50,false,2.16
"DLG",94738,"/Date(1700707669000)/",2360,1000,321500,753000000,50,false,2.16
"DLG",94738,"/Date(1700707669000)/",2360,700,320500,751000000,50,false,2.16
"DLG",94713,"/Date(1700707643000)/",2360,1600,319800,749000000,50,false,2.16
"DLG",94713,"/Date(1700707643000)/",2360,2000,318200,745000000,50,false,2.16
"DLG",94713,"/Date(1700707643000)/",2360,4400,316200,741000000,50,false,2.16
"DLG",94625,"/Date(1700707594000)/",2350,700,311800,730000000,40,true,1.73
"DLG",94619,"/Date(1700707590000)/",2360,600,311100,729000000,50,false,2.16
"DLG",94619,"/Date(1700707590000)/",2360,1400,310500,727000000,50,false,2.16
"DLG",94615,"/Date(1700707584000)/",2360,16600,309100,724000000,50,false,2.16
"DLG",94615,"/Date(1700707584000)/",2360,500,292500,685000000,50,false,2.16
"DLG",94615,"/Date(1700707584000)/",2360,500,292000,684000000,50,false,2.16
"DLG",94615,"/Date(1700707584000)/",2360,3000,291500,682000000,50,false,2.16
"DLG",94615,"/Date(1700707584000)/",2360,500,288500,675000000,50,false,2.16
"DLG",94615,"/Date(1700707584000)/",2360,8900,288000,674000000,50,false,2.16
"DLG",94606,"/Date(1700707575000)/",2360,12000,279100,653000000,50,false,2.16
"DLG",94531,"/Date(1700707541000)/",2350,2000,267100,625000000,40,true,1.73
"DLG",94502,"/Date(1700707512000)/",2350,600,265100,620000000,40,true,1.73
"DLG",94405,"/Date(1700707454000)/",2360,6300,264500,619000000,50,false,2.16
"DLG",94405,"/Date(1700707454000)/",2360,100,258200,604000000,50,false,2.16
"DLG",94405,"/Date(1700707454000)/",2360,300,258100,604000000,50,false,2.16
"DLG",94405,"/Date(1700707454000)/",2360,2000,257800,603000000,50,false,2.16
"DLG",94405,"/Date(1700707454000)/",2360,1000,255800,598000000,50,false,2.16
"DLG",94405,"/Date(1700707454000)/",2360,300,254800,596000000,50,false,2.16
"DLG",94340,"/Date(1700707431000)/",2350,4200,254500,595000000,40,true,1.73
"DLG",94340,"/Date(1700707429000)/",2350,1200,250300,585000000,40,true,1.73
"DLG",94333,"/Date(1700707423000)/",2350,1200,249100,582000000,40,true,1.73
"DLG",94317,"/Date(1700707408000)/",2350,18800,247900,580000000,40,false,1.73
"DLG",94252,"/Date(1700707382000)/",2350,27100,229100,535000000,40,false,1.73
"DLG",94252,"/Date(1700707382000)/",2350,1000,202000,472000000,40,false,1.73
"DLG",94252,"/Date(1700707382000)/",2350,100,201000,469000000,40,false,1.73
"DLG",94252,"/Date(1700707382000)/",2350,5000,200900,469000000,40,false,1.73
"DLG",94252,"/Date(1700707382000)/",2350,5000,195900,457000000,40,false,1.73
"DLG",94252,"/Date(1700707382000)/",2350,300,190900,446000000,40,false,1.73
"DLG",94252,"/Date(1700707382000)/",2350,200,190600,445000000,40,false,1.73
"DLG",94252,"/Date(1700707382000)/",2350,1000,190400,444000000,40,false,1.73
"DLG",94252,"/Date(1700707382000)/",2350,100,189400,442000000,40,false,1.73
"DLG",94252,"/Date(1700707382000)/",2350,300,189300,442000000,40,false,1.73
"DLG",94217,"/Date(1700707348000)/",2340,3000,189000,441000000,30,true,1.3
"DLG",93941,"/Date(1700707185000)/",2340,30000,186000,434000000,30,true,1.3
"DLG",93931,"/Date(1700707180000)/",2340,5000,156000,364000000,30,true,1.3
"DLG",93909,"/Date(1700707159000)/",2340,400,151000,352000000,30,true,1.3
"DLG",93909,"/Date(1700707159000)/",2340,400,150600,351000000,30,true,1.3
"DLG",93909,"/Date(1700707159000)/",2340,100,150200,350000000,30,true,1.3
"DLG",93909,"/Date(1700707159000)/",2340,400,150100,350000000,30,true,1.3
"DLG",93718,"/Date(1700707048000)/",2340,100,149700,349000000,30,true,1.3
"DLG",93718,"/Date(1700707048000)/",2340,200,149600,349000000,30,true,1.3
"DLG",93718,"/Date(1700707048000)/",2340,1300,149400,349000000,30,true,1.3
"DLG",93718,"/Date(1700707048000)/",2340,100,148100,345000000,30,true,1.3
"DLG",93715,"/Date(1700707045000)/",2340,100,148000,345000000,30,true,1.3
"DLG",93549,"/Date(1700706958000)/",2340,1000,147900,345000000,30,true,1.3
"DLG",93549,"/Date(1700706958000)/",2340,400,146900,343000000,30,true,1.3
"DLG",93549,"/Date(1700706958000)/",2340,300,146500,342000000,30,true,1.3
"DLG",93533,"/Date(1700706943000)/",2340,2900,146200,341000000,30,false,1.3
"DLG",93427,"/Date(1700706876000)/",2330,100,143300,334000000,20,true,0.87
"DLG",93427,"/Date(1700706876000)/",2330,100,143200,334000000,20,true,0.87
"DLG",93404,"/Date(1700706854000)/",2330,300,143100,334000000,20,true,0.87
"DLG",93401,"/Date(1700706849000)/",2340,1400,142800,333000000,30,false,1.3
"DLG",93401,"/Date(1700706849000)/",2340,200,141400,330000000,30,false,1.3
"DLG",93401,"/Date(1700706849000)/",2340,1200,141200,329000000,30,false,1.3
"DLG",93223,"/Date(1700706750000)/",2330,2100,140000,327000000,20,true,0.87
"DLG",93032,"/Date(1700706641000)/",2330,3500,137900,322000000,20,true,0.87
"DLG",93032,"/Date(1700706641000)/",2330,600,134400,313000000,20,true,0.87
"DLG",93032,"/Date(1700706641000)/",2330,900,133800,312000000,20,true,0.87
"DLG",93029,"/Date(1700706636000)/",2340,100,132900,310000000,30,false,1.3
"DLG",92931,"/Date(1700706581000)/",2330,100,132800,310000000,20,true,0.87
"DLG",92931,"/Date(1700706581000)/",2330,700,132700,310000000,20,true,0.87
"DLG",92931,"/Date(1700706581000)/",2330,4400,132000,308000000,20,true,0.87
"DLG",92931,"/Date(1700706581000)/",2330,100,127600,298000000,20,true,0.87
"DLG",92931,"/Date(1700706581000)/",2330,1500,127500,297000000,20,true,0.87
"DLG",92931,"/Date(1700706581000)/",2330,2000,126000,294000000,20,true,0.87
"DLG",92753,"/Date(1700706481000)/",2330,100,124000,289000000,20,true,0.87
"DLG",92734,"/Date(1700706464000)/",2340,100,123900,289000000,30,false,1.3
"DLG",92659,"/Date(1700706427000)/",2340,11000,123800,289000000,30,false,1.3
"DLG",92653,"/Date(1700706422000)/",2340,2600,112800,263000000,30,true,1.3
"DLG",92653,"/Date(1700706422000)/",2340,500,110200,257000000,30,true,1.3
"DLG",92653,"/Date(1700706421000)/",2340,1500,109700,256000000,30,true,1.3
"DLG",92653,"/Date(1700706421000)/",2340,3500,108200,252000000,30,true,1.3
"DLG",92621,"/Date(1700706391000)/",2340,1500,104700,244000000,30,true,1.3
"DLG",92621,"/Date(1700706391000)/",2340,3500,103200,241000000,30,true,1.3
"DLG",92621,"/Date(1700706390000)/",2340,300,99700,232000000,30,true,1.3
"DLG",92524,"/Date(1700706331000)/",2340,1000,99400,232000000,30,false,1.3
"DLG",92524,"/Date(1700706331000)/",2340,200,98400,229000000,30,false,1.3
"DLG",92509,"/Date(1700706318000)/",2340,1000,98200,229000000,30,false,1.3
"DLG",92509,"/Date(1700706318000)/",2340,4000,97200,227000000,30,false,1.3
"DLG",92418,"/Date(1700706267000)/",2340,200,93200,217000000,30,false,1.3
"DLG",92418,"/Date(1700706265000)/",2340,100,93000,217000000,30,false,1.3
"DLG",92411,"/Date(1700706261000)/",2340,200,92900,216000000,30,false,1.3
"DLG",92337,"/Date(1700706223000)/",2340,4300,92700,216000000,30,false,1.3
"DLG",92314,"/Date(1700706204000)/",2340,1200,88400,206000000,30,true,1.3
"DLG",92302,"/Date(1700706191000)/",2340,100,87200,203000000,30,true,1.3
"DLG",92302,"/Date(1700706190000)/",2340,200,87100,203000000,30,true,1.3
"DLG",92302,"/Date(1700706190000)/",2340,3700,86900,202000000,30,true,1.3
"DLG",92302,"/Date(1700706190000)/",2340,9800,83200,194000000,30,true,1.3
"DLG",92252,"/Date(1700706181000)/",2340,20000,73400,171000000,30,false,1.3
"DLG",92249,"/Date(1700706176000)/",2340,5000,53400,124000000,30,false,1.3
"DLG",92136,"/Date(1700706104000)/",2340,100,48400,112000000,30,false,1.3
"DLG",92114,"/Date(1700706081000)/",2340,10000,48300,112000000,30,false,1.3
"DLG",92058,"/Date(1700706067000)/",2340,200,38300,89000000,30,false,1.3
"DLG",92052,"/Date(1700706060000)/",2340,1000,38100,88000000,30,true,1.3
"DLG",92052,"/Date(1700706060000)/",2340,3900,37100,86000000,30,true,1.3
"DLG",92052,"/Date(1700706060000)/",2350,200,33200,77000000,40,false,1.73
"DLG",92052,"/Date(1700706058000)/",2340,1000,33000,76000000,30,true,1.3
"DLG",92020,"/Date(1700706029000)/",2340,5000,32000,74000000,30,true,1.3
"DLG",92020,"/Date(1700706029000)/",2340,100,27000,62000000,30,true,1.3
"DLG",92001,"/Date(1700706010000)/",2340,200,26900,62000000,30,false,1.3
"DLG",91904,"/Date(1700705950000)/",2330,100,26700,62000000,20,true,0.87
"DLG",91829,"/Date(1700705917000)/",2330,200,26600,61000000,20,true,0.87
"DLG",91732,"/Date(1700705858000)/",2330,600,26400,61000000,20,false,0.87
"DLG",91713,"/Date(1700705840000)/",2330,100,25800,59000000,20,false,0.87
"DLG",91710,"/Date(1700705838000)/",2330,800,25700,59000000,20,true,0.87
"DLG",91710,"/Date(1700705838000)/",2330,5500,24900,57000000,20,true,0.87
"DLG",91651,"/Date(1700705820000)/",2330,1000,19400,45000000,20,true,0.87
"DLG",91632,"/Date(1700705773000)/",2350,800,18400,42000000,40,false,1.73
"DLG",91632,"/Date(1700705773000)/",2350,200,17600,40000000,40,false,1.73
"DLG",91539,"/Date(1700705745000)/",2350,800,17400,40000000,40,false,1.73
"DLG",91455,"/Date(1700705701000)/",2320,16600,16600,38000000,10,true,0.43
