"Stockcode","Package","TradingDate","Price","Vol","TotalVol","TotalVal","Change","IsBuy","PerChange"
"GEX",144424,"/Date(1700725502000)/",21550,4426900,27252600,619681000000,-1600,false,-6.91
"GEX",142923,"/Date(1700724600000)/",22550,3000,22825700,524273000000,-600,true,-2.59
"GEX",142923,"/Date(1700724600000)/",22600,2000,22822700,524206000000,-550,false,-2.38
"GEX",142923,"/Date(1700724599000)/",22550,10000,22820700,524161000000,-600,true,-2.59
"GEX",142923,"/Date(1700724599000)/",22600,100,22810700,523935000000,-550,false,-2.38
"GEX",142923,"/Date(1700724599000)/",22600,5000,22810600,523933000000,-550,false,-2.38
"GEX",142923,"/Date(1700724597000)/",22600,100,22805600,523820000000,-550,false,-2.38
"GEX",142923,"/Date(1700724597000)/",22600,20000,22805500,523818000000,-550,false,-2.38
"GEX",142923,"/Date(1700724597000)/",22600,600,22785500,523366000000,-550,false,-2.38
"GEX",142919,"/Date(1700724596000)/",22550,9500,22784900,523352000000,-600,true,-2.59
"GEX",142919,"/Date(1700724596000)/",22600,1000,22775400,523138000000,-550,false,-2.38
"GEX",142919,"/Date(1700724595000)/",22600,1000,22774400,523115000000,-550,false,-2.38
"GEX",142919,"/Date(1700724594000)/",22550,1500,22773400,523093000000,-600,true,-2.59
"GEX",142916,"/Date(1700724593000)/",22600,3000,22771900,523059000000,-550,true,-2.38
"GEX",142916,"/Date(1700724592000)/",22600,1100,22768900,522991000000,-550,true,-2.38
"GEX",142916,"/Date(1700724592000)/",22550,4900,22767800,522966000000,-600,true,-2.59
"GEX",142916,"/Date(1700724592000)/",22600,10000,22762900,522856000000,-550,true,-2.38
"GEX",142916,"/Date(1700724592000)/",22600,200,22752900,522630000000,-550,true,-2.38
"GEX",142913,"/Date(1700724590000)/",22550,20300,22752700,522625000000,-600,true,-2.59
"GEX",142913,"/Date(1700724590000)/",22550,3000,22732400,522167000000,-600,true,-2.59
"GEX",142913,"/Date(1700724590000)/",22550,100,22729400,522100000000,-600,true,-2.59
"GEX",142913,"/Date(1700724590000)/",22550,200,22729300,522097000000,-600,true,-2.59
"GEX",142913,"/Date(1700724590000)/",22550,100,22729100,522093000000,-600,true,-2.59
"GEX",142913,"/Date(1700724590000)/",22550,1000,22729000,522091000000,-600,true,-2.59
"GEX",142913,"/Date(1700724590000)/",22550,400,22728000,522068000000,-600,true,-2.59
"GEX",142913,"/Date(1700724590000)/",22550,300,22727600,522059000000,-600,true,-2.59
"GEX",142913,"/Date(1700724590000)/",22550,10400,22727300,522052000000,-600,true,-2.59
"GEX",142913,"/Date(1700724590000)/",22600,1000,22716900,521818000000,-550,true,-2.38
"GEX",142913,"/Date(1700724590000)/",22600,3200,22715900,521795000000,-550,true,-2.38
"GEX",142913,"/Date(1700724589000)/",22650,9700,22712700,521723000000,-500,false,-2.16
"GEX",142913,"/Date(1700724589000)/",22650,800,22703000,521503000000,-500,false,-2.16
"GEX",142913,"/Date(1700724589000)/",22650,4500,22702200,521485000000,-500,false,-2.16
"GEX",142913,"/Date(1700724588000)/",22600,800,22697700,521383000000,-550,true,-2.38
"GEX",142910,"/Date(1700724587000)/",22550,3000,22696900,521365000000,-600,true,-2.59
"GEX",142910,"/Date(1700724587000)/",22600,500,22693900,521297000000,-550,false,-2.38
"GEX",142910,"/Date(1700724587000)/",22600,5000,22693400,521286000000,-550,false,-2.38
"GEX",142910,"/Date(1700724587000)/",22600,100,22688400,521173000000,-550,false,-2.38
"GEX",142910,"/Date(1700724587000)/",22600,1500,22688300,521171000000,-550,false,-2.38
"GEX",142910,"/Date(1700724587000)/",22600,700,22686800,521137000000,-550,false,-2.38
"GEX",142910,"/Date(1700724587000)/",22600,1400,22686100,521121000000,-550,false,-2.38
"GEX",142910,"/Date(1700724585000)/",22600,600,22684700,521089000000,-550,false,-2.38
"GEX",142910,"/Date(1700724585000)/",22600,400,22684100,521076000000,-550,false,-2.38
"GEX",142910,"/Date(1700724585000)/",22600,800,22683700,521067000000,-550,false,-2.38
"GEX",142910,"/Date(1700724585000)/",22600,2000,22682900,521049000000,-550,false,-2.38
"GEX",142910,"/Date(1700724585000)/",22600,4000,22680900,521004000000,-550,false,-2.38
"GEX",142910,"/Date(1700724585000)/",22600,2000,22676900,520913000000,-550,false,-2.38
"GEX",142910,"/Date(1700724585000)/",22600,800,22674900,520868000000,-550,false,-2.38
"GEX",142910,"/Date(1700724585000)/",22550,6600,22674100,520850000000,-600,true,-2.59
"GEX",142910,"/Date(1700724585000)/",22550,1000,22667500,520701000000,-600,true,-2.59
"GEX",142910,"/Date(1700724585000)/",22550,400,22666500,520679000000,-600,true,-2.59
"GEX",142910,"/Date(1700724585000)/",22550,100,22666100,520670000000,-600,true,-2.59
"GEX",142910,"/Date(1700724585000)/",22550,1000,22666000,520667000000,-600,true,-2.59
"GEX",142910,"/Date(1700724585000)/",22550,900,22665000,520645000000,-600,true,-2.59
"GEX",142910,"/Date(1700724585000)/",22600,300,22664100,520624000000,-550,false,-2.38
"GEX",142910,"/Date(1700724585000)/",22600,2000,22663800,520618000000,-550,false,-2.38
"GEX",142910,"/Date(1700724584000)/",22600,1000,22661800,520572000000,-550,false,-2.38
"GEX",142910,"/Date(1700724584000)/",22600,2000,22660800,520550000000,-550,false,-2.38
"GEX",142910,"/Date(1700724584000)/",22600,500,22658800,520505000000,-550,false,-2.38
"GEX",142907,"/Date(1700724584000)/",22600,500,22658300,520493000000,-550,false,-2.38
"GEX",142907,"/Date(1700724583000)/",22600,1000,22657800,520482000000,-550,false,-2.38
"GEX",142907,"/Date(1700724583000)/",22600,200,22656800,520459000000,-550,false,-2.38
"GEX",142907,"/Date(1700724583000)/",22550,100,22656600,520455000000,-600,true,-2.59
"GEX",142907,"/Date(1700724583000)/",22550,2000,22656500,520453000000,-600,true,-2.59
"GEX",142907,"/Date(1700724583000)/",22550,500,22654500,520408000000,-600,true,-2.59
"GEX",142907,"/Date(1700724583000)/",22550,1000,22654000,520396000000,-600,true,-2.59
"GEX",142907,"/Date(1700724583000)/",22550,2500,22653000,520374000000,-600,true,-2.59
"GEX",142907,"/Date(1700724583000)/",22550,300,22650500,520317000000,-600,true,-2.59
"GEX",142907,"/Date(1700724583000)/",22550,5000,22650200,520311000000,-600,true,-2.59
"GEX",142907,"/Date(1700724583000)/",22550,1000,22645200,520198000000,-600,true,-2.59
"GEX",142907,"/Date(1700724583000)/",22550,300,22644200,520175000000,-600,true,-2.59
"GEX",142907,"/Date(1700724583000)/",22550,1000,22643900,520169000000,-600,true,-2.59
"GEX",142907,"/Date(1700724583000)/",22550,5000,22642900,520146000000,-600,true,-2.59
"GEX",142907,"/Date(1700724583000)/",22550,5000,22637900,520033000000,-600,true,-2.59
"GEX",142907,"/Date(1700724583000)/",22550,1300,22632900,519920000000,-600,true,-2.59
"GEX",142907,"/Date(1700724582000)/",22600,3500,22631600,519891000000,-550,false,-2.38
"GEX",142907,"/Date(1700724582000)/",22600,3000,22628100,519812000000,-550,false,-2.38
"GEX",142907,"/Date(1700724582000)/",22600,1000,22625100,519744000000,-550,false,-2.38
"GEX",142907,"/Date(1700724581000)/",22600,800,22624100,519722000000,-550,false,-2.38
"GEX",142907,"/Date(1700724581000)/",22600,500,22623300,519704000000,-550,false,-2.38
"GEX",142903,"/Date(1700724581000)/",22600,500,22622800,519692000000,-550,false,-2.38
"GEX",142903,"/Date(1700724580000)/",22600,1500,22622300,519681000000,-550,false,-2.38
"GEX",142903,"/Date(1700724580000)/",22600,100,22620800,519647000000,-550,false,-2.38
"GEX",142903,"/Date(1700724579000)/",22600,1000,22620700,519645000000,-550,false,-2.38
"GEX",142903,"/Date(1700724578000)/",22600,300,22619700,519622000000,-550,false,-2.38
"GEX",142903,"/Date(1700724578000)/",22600,1000,22619400,519615000000,-550,false,-2.38
"GEX",142903,"/Date(1700724578000)/",22600,100,22618400,519593000000,-550,false,-2.38
"GEX",142900,"/Date(1700724577000)/",22550,2000,22618300,519591000000,-600,true,-2.59
"GEX",142900,"/Date(1700724577000)/",22600,1000,22616300,519546000000,-550,true,-2.38
"GEX",142900,"/Date(1700724577000)/",22600,500,22615300,519523000000,-550,true,-2.38
"GEX",142900,"/Date(1700724577000)/",22600,900,22614800,519512000000,-550,true,-2.38
"GEX",142900,"/Date(1700724577000)/",22600,3000,22613900,519491000000,-550,true,-2.38
"GEX",142900,"/Date(1700724577000)/",22600,100,22610900,519423000000,-550,true,-2.38
"GEX",142900,"/Date(1700724576000)/",22550,11000,22610800,519421000000,-600,true,-2.59
"GEX",142900,"/Date(1700724576000)/",22600,100,22599800,519173000000,-550,true,-2.38
"GEX",142900,"/Date(1700724576000)/",22550,10000,22599700,519171000000,-600,true,-2.59
"GEX",142900,"/Date(1700724576000)/",22600,1100,22589700,518945000000,-550,true,-2.38
"GEX",142900,"/Date(1700724576000)/",22600,10000,22588600,518921000000,-550,true,-2.38
"GEX",142900,"/Date(1700724576000)/",22600,1400,22578600,518695000000,-550,true,-2.38
"GEX",142900,"/Date(1700724576000)/",22600,1000,22577200,518663000000,-550,true,-2.38
"GEX",142900,"/Date(1700724576000)/",22600,3000,22576200,518640000000,-550,true,-2.38
"GEX",142900,"/Date(1700724576000)/",22600,100,22573200,518572000000,-550,true,-2.38
"GEX",142900,"/Date(1700724576000)/",22600,1000,22573100,518570000000,-550,true,-2.38
"GEX",142900,"/Date(1700724576000)/",22600,10000,22572100,518548000000,-550,true,-2.38
"GEX",142900,"/Date(1700724576000)/",22600,2000,22562100,518322000000,-550,true,-2.38
"GEX",142900,"/Date(1700724576000)/",22600,12700,22560100,518276000000,-550,true,-2.38
"GEX",142900,"/Date(1700724576000)/",22600,500,22547400,517989000000,-550,true,-2.38
"GEX",142900,"/Date(1700724574000)/",22650,500,22546900,517978000000,-500,false,-2.16
"GEX",142900,"/Date(1700724574000)/",22650,3000,22546400,517967000000,-500,false,-2.16
"GEX",142900,"/Date(1700724574000)/",22650,100,22543400,517899000000,-500,false,-2.16
"GEX",142900,"/Date(1700724574000)/",22650,2200,22543300,517897000000,-500,false,-2.16
"GEX",142857,"/Date(1700724574000)/",22650,100,22541100,517847000000,-500,false,-2.16
"GEX",142857,"/Date(1700724574000)/",22600,500,22541000,517844000000,-550,true,-2.38
"GEX",142854,"/Date(1700724571000)/",22650,1000,22540500,517833000000,-500,false,-2.16
"GEX",142854,"/Date(1700724571000)/",22600,200,22539500,517811000000,-550,true,-2.38
"GEX",142854,"/Date(1700724570000)/",22600,500,22539300,517806000000,-550,true,-2.38
"GEX",142854,"/Date(1700724570000)/",22600,2000,22538800,517795000000,-550,true,-2.38
"GEX",142854,"/Date(1700724570000)/",22600,3500,22536800,517750000000,-550,true,-2.38
"GEX",142854,"/Date(1700724569000)/",22600,500,22533300,517670000000,-550,true,-2.38
"GEX",142854,"/Date(1700724569000)/",22600,2000,22532800,517659000000,-550,true,-2.38
"GEX",142854,"/Date(1700724568000)/",22600,800,22530800,517614000000,-550,true,-2.38
"GEX",142854,"/Date(1700724568000)/",22600,1700,22530000,517596000000,-550,true,-2.38
"GEX",142854,"/Date(1700724568000)/",22600,800,22528300,517557000000,-550,true,-2.38
"GEX",142854,"/Date(1700724568000)/",22600,3000,22527500,517539000000,-550,true,-2.38
"GEX",142854,"/Date(1700724568000)/",22600,500,22524500,517472000000,-550,true,-2.38
"GEX",142854,"/Date(1700724568000)/",22600,500,22524000,517460000000,-550,true,-2.38
"GEX",142854,"/Date(1700724568000)/",22600,6200,22523500,517449000000,-550,true,-2.38
"GEX",142851,"/Date(1700724566000)/",22650,100,22517300,517309000000,-500,false,-2.16
"GEX",142851,"/Date(1700724566000)/",22600,500,22517200,517307000000,-550,false,-2.38
"GEX",142851,"/Date(1700724566000)/",22600,1300,22516700,517295000000,-550,false,-2.38
"GEX",142851,"/Date(1700724565000)/",22600,800,22515400,517266000000,-550,false,-2.38
"GEX",142851,"/Date(1700724565000)/",22600,200,22514600,517248000000,-550,false,-2.38
"GEX",142851,"/Date(1700724565000)/",22600,700,22514400,517243000000,-550,false,-2.38
"GEX",142851,"/Date(1700724565000)/",22600,3700,22513700,517227000000,-550,false,-2.38
"GEX",142847,"/Date(1700724565000)/",22600,1000,22510000,517144000000,-550,false,-2.38
"GEX",142847,"/Date(1700724564000)/",22600,1000,22509000,517121000000,-550,false,-2.38
"GEX",142847,"/Date(1700724564000)/",22550,5700,22508000,517099000000,-600,true,-2.59
"GEX",142847,"/Date(1700724564000)/",22550,3300,22502300,516970000000,-600,true,-2.59
"GEX",142847,"/Date(1700724564000)/",22600,1000,22499000,516896000000,-550,false,-2.38
"GEX",142847,"/Date(1700724563000)/",22600,100,22498000,516873000000,-550,false,-2.38
"GEX",142847,"/Date(1700724563000)/",22600,1000,22497900,516871000000,-550,false,-2.38
"GEX",142847,"/Date(1700724563000)/",22600,1000,22496900,516848000000,-550,false,-2.38
"GEX",142847,"/Date(1700724563000)/",22600,100,22495900,516826000000,-550,false,-2.38
"GEX",142847,"/Date(1700724562000)/",22600,100,22495800,516823000000,-550,false,-2.38
"GEX",142847,"/Date(1700724562000)/",22550,1000,22495700,516821000000,-600,true,-2.59
"GEX",142844,"/Date(1700724561000)/",22600,6000,22494700,516799000000,-550,false,-2.38
"GEX",142844,"/Date(1700724561000)/",22600,1900,22488700,516663000000,-550,false,-2.38
"GEX",142844,"/Date(1700724561000)/",22600,12100,22486800,516620000000,-550,false,-2.38
"GEX",142844,"/Date(1700724559000)/",22600,1000,22474700,516347000000,-550,false,-2.38
"GEX",142844,"/Date(1700724559000)/",22600,500,22473700,516324000000,-550,false,-2.38
"GEX",142844,"/Date(1700724559000)/",22600,1000,22473200,516313000000,-550,false,-2.38
"GEX",142841,"/Date(1700724558000)/",22600,500,22472200,516290000000,-550,false,-2.38
"GEX",142841,"/Date(1700724557000)/",22600,100,22471700,516279000000,-550,false,-2.38
"GEX",142841,"/Date(1700724557000)/",22600,100,22471600,516276000000,-550,false,-2.38
"GEX",142841,"/Date(1700724557000)/",22600,2000,22471500,516274000000,-550,false,-2.38
"GEX",142841,"/Date(1700724557000)/",22600,300,22469500,516229000000,-550,false,-2.38
"GEX",142841,"/Date(1700724557000)/",22600,5000,22469200,516222000000,-550,false,-2.38
"GEX",142841,"/Date(1700724557000)/",22600,200,22464200,516109000000,-550,false,-2.38
"GEX",142841,"/Date(1700724557000)/",22600,200,22464000,516105000000,-550,false,-2.38
"GEX",142841,"/Date(1700724557000)/",22600,1000,22463800,516100000000,-550,false,-2.38
"GEX",142841,"/Date(1700724557000)/",22600,3000,22462800,516078000000,-550,false,-2.38
"GEX",142841,"/Date(1700724557000)/",22600,500,22459800,516010000000,-550,false,-2.38
"GEX",142841,"/Date(1700724557000)/",22600,500,22459300,515999000000,-550,false,-2.38
"GEX",142841,"/Date(1700724557000)/",22600,100,22458800,515987000000,-550,false,-2.38
"GEX",142841,"/Date(1700724557000)/",22600,100000,22458700,515985000000,-550,false,-2.38
"GEX",142841,"/Date(1700724557000)/",22600,1500,22358700,513725000000,-550,false,-2.38
"GEX",142841,"/Date(1700724557000)/",22600,2000,22357200,513691000000,-550,false,-2.38
"GEX",142841,"/Date(1700724557000)/",22600,5000,22355200,513646000000,-550,false,-2.38
"GEX",142841,"/Date(1700724557000)/",22600,5000,22350200,513533000000,-550,false,-2.38
"GEX",142841,"/Date(1700724557000)/",22600,1000,22345200,513420000000,-550,false,-2.38
"GEX",142841,"/Date(1700724557000)/",22600,5000,22344200,513397000000,-550,false,-2.38
"GEX",142841,"/Date(1700724557000)/",22600,2000,22339200,513284000000,-550,false,-2.38
"GEX",142841,"/Date(1700724557000)/",22600,400,22337200,513239000000,-550,false,-2.38
"GEX",142841,"/Date(1700724556000)/",22650,300,22336800,513230000000,-500,false,-2.16
"GEX",142841,"/Date(1700724556000)/",22600,2500,22336500,513223000000,-550,false,-2.38
"GEX",142841,"/Date(1700724555000)/",22650,3300,22334000,513167000000,-500,false,-2.16
"GEX",142841,"/Date(1700724555000)/",22650,3500,22330700,513092000000,-500,false,-2.16
"GEX",142841,"/Date(1700724555000)/",22650,500,22327200,513013000000,-500,false,-2.16
"GEX",142841,"/Date(1700724555000)/",22650,2000,22326700,513001000000,-500,false,-2.16
"GEX",142841,"/Date(1700724555000)/",22650,2000,22324700,512956000000,-500,false,-2.16
"GEX",142841,"/Date(1700724555000)/",22650,5000,22322700,512911000000,-500,false,-2.16
"GEX",142841,"/Date(1700724555000)/",22650,100,22317700,512798000000,-500,false,-2.16
"GEX",142841,"/Date(1700724555000)/",22650,3600,22317600,512795000000,-500,false,-2.16
"GEX",142838,"/Date(1700724554000)/",22600,2100,22314000,512714000000,-550,true,-2.38
"GEX",142838,"/Date(1700724554000)/",22600,2000,22311900,512666000000,-550,true,-2.38
"GEX",142838,"/Date(1700724554000)/",22600,100,22309900,512621000000,-550,true,-2.38
"GEX",142838,"/Date(1700724554000)/",22600,15800,22309800,512619000000,-550,true,-2.38
"GEX",142838,"/Date(1700724554000)/",22650,1400,22294000,512262000000,-500,false,-2.16
"GEX",142838,"/Date(1700724554000)/",22650,3000,22292600,512230000000,-500,false,-2.16
"GEX",142838,"/Date(1700724554000)/",22650,3800,22289600,512162000000,-500,false,-2.16
"GEX",142838,"/Date(1700724554000)/",22650,500,22285800,512076000000,-500,false,-2.16
"GEX",142838,"/Date(1700724554000)/",22650,100,22285300,512065000000,-500,false,-2.16
"GEX",142838,"/Date(1700724554000)/",22650,6200,22285200,512062000000,-500,false,-2.16
"GEX",142838,"/Date(1700724553000)/",22600,10000,22279000,511922000000,-550,true,-2.38
"GEX",142835,"/Date(1700724552000)/",22600,7000,22269000,511696000000,-550,true,-2.38
"GEX",142835,"/Date(1700724552000)/",22650,1000,22262000,511538000000,-500,false,-2.16
"GEX",142835,"/Date(1700724551000)/",22650,700,22261000,511515000000,-500,false,-2.16
"GEX",142835,"/Date(1700724551000)/",22600,7200,22260300,511499000000,-550,true,-2.38
"GEX",142835,"/Date(1700724551000)/",22600,1000,22253100,511337000000,-550,true,-2.38
"GEX",142835,"/Date(1700724551000)/",22600,1800,22252100,511314000000,-550,true,-2.38
"GEX",142831,"/Date(1700724549000)/",22650,1000,22250300,511273000000,-500,false,-2.16
"GEX",142831,"/Date(1700724548000)/",22600,3200,22249300,511251000000,-550,true,-2.38
"GEX",142831,"/Date(1700724548000)/",22600,500,22246100,511178000000,-550,true,-2.38
"GEX",142831,"/Date(1700724548000)/",22600,100,22245600,511167000000,-550,true,-2.38
"GEX",142831,"/Date(1700724548000)/",22600,400,22245500,511165000000,-550,true,-2.38
"GEX",142831,"/Date(1700724548000)/",22600,1900,22245100,511156000000,-550,true,-2.38
"GEX",142831,"/Date(1700724547000)/",22650,1100,22243200,511113000000,-500,false,-2.16
"GEX",142831,"/Date(1700724547000)/",22650,100,22242100,511088000000,-500,false,-2.16
"GEX",142831,"/Date(1700724547000)/",22650,200,22242000,511086000000,-500,false,-2.16
"GEX",142831,"/Date(1700724547000)/",22600,100,22241800,511081000000,-550,true,-2.38
"GEX",142831,"/Date(1700724546000)/",22600,1000,22241700,511079000000,-550,true,-2.38
"GEX",142828,"/Date(1700724545000)/",22600,1000,22240700,511056000000,-550,true,-2.38
"GEX",142828,"/Date(1700724544000)/",22600,900,22239700,511034000000,-550,true,-2.38
"GEX",142828,"/Date(1700724543000)/",22600,3000,22238800,511013000000,-550,true,-2.38
"GEX",142825,"/Date(1700724541000)/",22600,500,22235800,510945000000,-550,true,-2.38
"GEX",142825,"/Date(1700724539000)/",22600,2200,22235300,510934000000,-550,true,-2.38
"GEX",142822,"/Date(1700724539000)/",22600,100,22233100,510884000000,-550,false,-2.38
"GEX",142822,"/Date(1700724538000)/",22600,600,22233000,510882000000,-550,false,-2.38
"GEX",142822,"/Date(1700724538000)/",22600,500,22232400,510869000000,-550,false,-2.38
"GEX",142822,"/Date(1700724538000)/",22600,1000,22231900,510857000000,-550,false,-2.38
"GEX",142822,"/Date(1700724538000)/",22600,3000,22230900,510835000000,-550,false,-2.38
"GEX",142822,"/Date(1700724538000)/",22600,1600,22227900,510767000000,-550,false,-2.38
"GEX",142822,"/Date(1700724538000)/",22600,300,22226300,510731000000,-550,false,-2.38
"GEX",142822,"/Date(1700724538000)/",22600,1000,22226000,510724000000,-550,false,-2.38
"GEX",142822,"/Date(1700724538000)/",22600,100,22225000,510701000000,-550,false,-2.38
"GEX",142822,"/Date(1700724538000)/",22600,1200,22224900,510699000000,-550,false,-2.38
"GEX",142822,"/Date(1700724538000)/",22600,800,22223700,510672000000,-550,false,-2.38
"GEX",142822,"/Date(1700724538000)/",22600,200,22222900,510654000000,-550,false,-2.38
"GEX",142822,"/Date(1700724538000)/",22600,500,22222700,510649000000,-550,false,-2.38
"GEX",142822,"/Date(1700724538000)/",22600,500,22222200,510638000000,-550,false,-2.38
"GEX",142822,"/Date(1700724538000)/",22600,1000,22221700,510627000000,-550,false,-2.38
"GEX",142822,"/Date(1700724538000)/",22600,2000,22220700,510604000000,-550,false,-2.38
"GEX",142822,"/Date(1700724538000)/",22600,1000,22218700,510559000000,-550,false,-2.38
"GEX",142822,"/Date(1700724538000)/",22600,2000,22217700,510536000000,-550,false,-2.38
"GEX",142822,"/Date(1700724538000)/",22600,100,22215700,510491000000,-550,false,-2.38
"GEX",142822,"/Date(1700724538000)/",22600,900,22215600,510489000000,-550,false,-2.38
"GEX",142822,"/Date(1700724537000)/",22600,100,22214700,510469000000,-550,false,-2.38
"GEX",142822,"/Date(1700724537000)/",22600,100,22214600,510466000000,-550,false,-2.38
"GEX",142822,"/Date(1700724537000)/",22600,800,22214500,510464000000,-550,false,-2.38
"GEX",142822,"/Date(1700724537000)/",22600,500,22213700,510446000000,-550,false,-2.38
"GEX",142822,"/Date(1700724537000)/",22600,2000,22213200,510435000000,-550,false,-2.38
"GEX",142822,"/Date(1700724537000)/",22600,1700,22211200,510389000000,-550,false,-2.38
"GEX",142822,"/Date(1700724537000)/",22600,3000,22209500,510351000000,-550,false,-2.38
"GEX",142822,"/Date(1700724537000)/",22600,300,22206500,510283000000,-550,false,-2.38
"GEX",142822,"/Date(1700724536000)/",22600,7200,22206200,510276000000,-550,false,-2.38
"GEX",142822,"/Date(1700724536000)/",22600,2800,22199000,510114000000,-550,false,-2.38
"GEX",142819,"/Date(1700724536000)/",22600,500,22196200,510050000000,-550,false,-2.38
"GEX",142819,"/Date(1700724536000)/",22600,1000,22195700,510039000000,-550,false,-2.38
"GEX",142819,"/Date(1700724535000)/",22600,3400,22194700,510017000000,-550,false,-2.38
"GEX",142819,"/Date(1700724535000)/",22600,200,22191300,509940000000,-550,false,-2.38
"GEX",142819,"/Date(1700724534000)/",22600,5000,22191100,509935000000,-550,false,-2.38
"GEX",142819,"/Date(1700724534000)/",22600,5000,22186100,509822000000,-550,false,-2.38
"GEX",142819,"/Date(1700724533000)/",22550,700,22181100,509709000000,-600,true,-2.59
"GEX",142819,"/Date(1700724533000)/",22550,500,22180400,509693000000,-600,true,-2.59
"GEX",142819,"/Date(1700724533000)/",22550,100,22179900,509682000000,-600,true,-2.59
"GEX",142819,"/Date(1700724533000)/",22550,500,22179800,509680000000,-600,true,-2.59
"GEX",142819,"/Date(1700724533000)/",22550,100,22179300,509669000000,-600,true,-2.59
"GEX",142819,"/Date(1700724533000)/",22550,5000,22179200,509666000000,-600,true,-2.59
"GEX",142819,"/Date(1700724533000)/",22550,24000,22174200,509554000000,-600,true,-2.59
"GEX",142819,"/Date(1700724533000)/",22550,100,22150200,509012000000,-600,true,-2.59
"GEX",142819,"/Date(1700724533000)/",22550,100,22150100,509010000000,-600,true,-2.59
"GEX",142819,"/Date(1700724533000)/",22550,1500,22150000,509008000000,-600,true,-2.59
"GEX",142819,"/Date(1700724533000)/",22550,5000,22148500,508974000000,-600,true,-2.59
"GEX",142819,"/Date(1700724533000)/",22550,300,22143500,508861000000,-600,true,-2.59
"GEX",142819,"/Date(1700724533000)/",22550,100,22143200,508855000000,-600,true,-2.59
"GEX",142819,"/Date(1700724533000)/",22550,5000,22143100,508852000000,-600,true,-2.59
"GEX",142819,"/Date(1700724533000)/",22550,700,22138100,508740000000,-600,true,-2.59
"GEX",142819,"/Date(1700724533000)/",22550,1000,22137400,508724000000,-600,true,-2.59
"GEX",142819,"/Date(1700724533000)/",22550,5300,22136400,508701000000,-600,true,-2.59
"GEX",142819,"/Date(1700724533000)/",22600,2100,22131100,508582000000,-550,false,-2.38
"GEX",142819,"/Date(1700724533000)/",22600,2000,22129000,508534000000,-550,false,-2.38
"GEX",142819,"/Date(1700724533000)/",22600,900,22127000,508489000000,-550,false,-2.38
"GEX",142815,"/Date(1700724532000)/",22600,1100,22126100,508469000000,-550,false,-2.38
"GEX",142815,"/Date(1700724532000)/",22600,1000,22125000,508444000000,-550,false,-2.38
"GEX",142815,"/Date(1700724532000)/",22600,2900,22124000,508421000000,-550,false,-2.38
"GEX",142815,"/Date(1700724532000)/",22600,5000,22121100,508356000000,-550,false,-2.38
"GEX",142815,"/Date(1700724531000)/",22600,100,22116100,508243000000,-550,false,-2.38
"GEX",142815,"/Date(1700724531000)/",22600,10000,22116000,508240000000,-550,false,-2.38
"GEX",142815,"/Date(1700724530000)/",22600,5000,22106000,508014000000,-550,false,-2.38
"GEX",142815,"/Date(1700724530000)/",22600,1000,22101000,507901000000,-550,false,-2.38
"GEX",142815,"/Date(1700724530000)/",22550,600,22100000,507879000000,-600,true,-2.59
"GEX",142812,"/Date(1700724529000)/",22600,200,22099400,507865000000,-550,false,-2.38
"GEX",142812,"/Date(1700724529000)/",22600,200,22099200,507861000000,-550,false,-2.38
"GEX",142812,"/Date(1700724527000)/",22600,4000,22099000,507856000000,-550,false,-2.38
"GEX",142812,"/Date(1700724527000)/",22600,700,22095000,507766000000,-550,false,-2.38
"GEX",142812,"/Date(1700724527000)/",22600,200,22094300,507750000000,-550,false,-2.38
"GEX",142812,"/Date(1700724527000)/",22600,4100,22094100,507746000000,-550,false,-2.38
"GEX",142812,"/Date(1700724527000)/",22550,1000,22090000,507653000000,-600,true,-2.59
"GEX",142809,"/Date(1700724526000)/",22600,900,22089000,507630000000,-550,false,-2.38
"GEX",142809,"/Date(1700724526000)/",22600,100,22088100,507610000000,-550,false,-2.38
"GEX",142809,"/Date(1700724526000)/",22600,100,22088000,507608000000,-550,false,-2.38
"GEX",142809,"/Date(1700724525000)/",22600,800,22087900,507605000000,-550,false,-2.38
"GEX",142809,"/Date(1700724525000)/",22600,1000,22087100,507587000000,-550,false,-2.38
"GEX",142809,"/Date(1700724525000)/",22600,200,22086100,507565000000,-550,false,-2.38
"GEX",142809,"/Date(1700724525000)/",22600,3000,22085900,507560000000,-550,false,-2.38
"GEX",142806,"/Date(1700724523000)/",22600,200,22082900,507492000000,-550,false,-2.38
"GEX",142806,"/Date(1700724522000)/",22600,500,22082700,507488000000,-550,false,-2.38
"GEX",142806,"/Date(1700724521000)/",22550,2000,22082200,507477000000,-600,true,-2.59
"GEX",142806,"/Date(1700724521000)/",22600,300,22080200,507432000000,-550,false,-2.38
"GEX",142806,"/Date(1700724521000)/",22600,2000,22079900,507425000000,-550,false,-2.38
"GEX",142806,"/Date(1700724521000)/",22600,500,22077900,507380000000,-550,false,-2.38
"GEX",142806,"/Date(1700724521000)/",22600,3000,22077400,507368000000,-550,false,-2.38
"GEX",142806,"/Date(1700724521000)/",22600,7100,22074400,507300000000,-550,false,-2.38
"GEX",142806,"/Date(1700724521000)/",22600,1000,22067300,507140000000,-550,false,-2.38
"GEX",142806,"/Date(1700724521000)/",22600,1000,22066300,507117000000,-550,false,-2.38
"GEX",142806,"/Date(1700724520000)/",22550,100,22065300,507095000000,-600,true,-2.59
"GEX",142803,"/Date(1700724520000)/",22550,1000,22065200,507093000000,-600,true,-2.59
"GEX",142803,"/Date(1700724520000)/",22550,5000,22064200,507070000000,-600,true,-2.59
"GEX",142803,"/Date(1700724520000)/",22550,1500,22059200,506957000000,-600,true,-2.59
"GEX",142803,"/Date(1700724520000)/",22600,300,22057700,506923000000,-550,false,-2.38
"GEX",142803,"/Date(1700724520000)/",22550,1200,22057400,506917000000,-600,true,-2.59
"GEX",142803,"/Date(1700724519000)/",22550,100,22056200,506890000000,-600,true,-2.59
"GEX",142803,"/Date(1700724519000)/",22600,200,22056100,506887000000,-550,false,-2.38
"GEX",142803,"/Date(1700724518000)/",22600,5000,22055900,506883000000,-550,false,-2.38
"GEX",142759,"/Date(1700724516000)/",22550,100,22050900,506770000000,-600,true,-2.59
"GEX",142759,"/Date(1700724515000)/",22600,1800,22050800,506768000000,-550,false,-2.38
"GEX",142759,"/Date(1700724515000)/",22550,5000,22049000,506727000000,-600,true,-2.59
"GEX",142759,"/Date(1700724515000)/",22550,2100,22044000,506614000000,-600,true,-2.59
"GEX",142759,"/Date(1700724515000)/",22550,500,22041900,506567000000,-600,true,-2.59
"GEX",142759,"/Date(1700724514000)/",22600,100,22041400,506556000000,-550,false,-2.38
"GEX",142759,"/Date(1700724514000)/",22550,4500,22041300,506553000000,-600,true,-2.59
"GEX",142759,"/Date(1700724514000)/",22550,500,22036800,506452000000,-600,true,-2.59
"GEX",142756,"/Date(1700724512000)/",22600,1200,22036300,506440000000,-550,false,-2.38
"GEX",142756,"/Date(1700724512000)/",22550,3000,22035100,506413000000,-600,true,-2.59
"GEX",142756,"/Date(1700724511000)/",22550,1500,22032100,506346000000,-600,true,-2.59
"GEX",142756,"/Date(1700724511000)/",22550,2000,22030600,506312000000,-600,true,-2.59
"GEX",142756,"/Date(1700724511000)/",22550,1000,22028600,506267000000,-600,true,-2.59
"GEX",142756,"/Date(1700724511000)/",22550,500,22027600,506244000000,-600,true,-2.59
"GEX",142756,"/Date(1700724511000)/",22550,1500,22027100,506233000000,-600,true,-2.59
"GEX",142756,"/Date(1700724511000)/",22550,1500,22025600,506199000000,-600,true,-2.59
"GEX",142756,"/Date(1700724510000)/",22600,5000,22024100,506165000000,-550,false,-2.38
"GEX",142753,"/Date(1700724510000)/",22600,7300,22019100,506052000000,-550,false,-2.38
"GEX",142753,"/Date(1700724510000)/",22600,200,22011800,505887000000,-550,false,-2.38
"GEX",142753,"/Date(1700724510000)/",22600,2500,22011600,505883000000,-550,false,-2.38
"GEX",142753,"/Date(1700724510000)/",22600,1100,22009100,505826000000,-550,false,-2.38
"GEX",142753,"/Date(1700724508000)/",22600,500,22008000,505801000000,-550,false,-2.38
"GEX",142753,"/Date(1700724507000)/",22600,2000,22007500,505790000000,-550,false,-2.38
"GEX",142750,"/Date(1700724505000)/",22550,500,22005500,505745000000,-600,true,-2.59
"GEX",142750,"/Date(1700724504000)/",22550,800,22005000,505734000000,-600,true,-2.59
"GEX",142750,"/Date(1700724504000)/",22550,19200,22004200,505716000000,-600,true,-2.59
"GEX",142750,"/Date(1700724504000)/",22600,1000,21985000,505283000000,-550,false,-2.38
"GEX",142747,"/Date(1700724504000)/",22600,1000,21984000,505260000000,-550,false,-2.38
"GEX",142747,"/Date(1700724502000)/",22600,100,21983000,505237000000,-550,false,-2.38
"GEX",142743,"/Date(1700724500000)/",22550,100,21982900,505235000000,-600,true,-2.59
"GEX",142743,"/Date(1700724500000)/",22600,5000,21982800,505233000000,-550,false,-2.38
"GEX",142743,"/Date(1700724500000)/",22600,500,21977800,505120000000,-550,false,-2.38
"GEX",142743,"/Date(1700724499000)/",22600,400,21977300,505109000000,-550,false,-2.38
"GEX",142743,"/Date(1700724498000)/",22550,1000,21976900,505100000000,-600,true,-2.59
"GEX",142743,"/Date(1700724498000)/",22600,100,21975900,505077000000,-550,false,-2.38
"GEX",142743,"/Date(1700724498000)/",22600,500,21975800,505075000000,-550,false,-2.38
"GEX",142743,"/Date(1700724498000)/",22600,500,21975300,505064000000,-550,false,-2.38
"GEX",142743,"/Date(1700724498000)/",22600,5000,21974800,505052000000,-550,false,-2.38
"GEX",142740,"/Date(1700724497000)/",22600,2300,21969800,504939000000,-550,false,-2.38
"GEX",142740,"/Date(1700724497000)/",22600,1000,21967500,504887000000,-550,false,-2.38
"GEX",142740,"/Date(1700724497000)/",22600,100,21966500,504865000000,-550,false,-2.38
"GEX",142740,"/Date(1700724497000)/",22600,1600,21966400,504862000000,-550,false,-2.38
"GEX",142740,"/Date(1700724496000)/",22600,400,21964800,504826000000,-550,false,-2.38
"GEX",142740,"/Date(1700724496000)/",22600,100,21964400,504817000000,-550,false,-2.38
"GEX",142740,"/Date(1700724496000)/",22600,100,21964300,504815000000,-550,false,-2.38
"GEX",142740,"/Date(1700724496000)/",22550,9700,21964200,504813000000,-600,true,-2.59
"GEX",142740,"/Date(1700724495000)/",22600,200,21954500,504594000000,-550,false,-2.38
"GEX",142740,"/Date(1700724495000)/",22600,10000,21954300,504589000000,-550,false,-2.38
"GEX",142737,"/Date(1700724493000)/",22600,3500,21944300,504363000000,-550,false,-2.38
"GEX",142734,"/Date(1700724491000)/",22600,1000,21940800,504284000000,-550,true,-2.38
"GEX",142734,"/Date(1700724490000)/",22600,30000,21939800,504262000000,-550,true,-2.38
"GEX",142734,"/Date(1700724490000)/",22600,700,21909800,503584000000,-550,true,-2.38
"GEX",142734,"/Date(1700724490000)/",22600,2000,21909100,503568000000,-550,true,-2.38
"GEX",142734,"/Date(1700724489000)/",22600,1000,21907100,503523000000,-550,true,-2.38
"GEX",142734,"/Date(1700724489000)/",22600,300,21906100,503500000000,-550,true,-2.38
"GEX",142734,"/Date(1700724489000)/",22600,1100,21905800,503493000000,-550,true,-2.38
"GEX",142734,"/Date(1700724488000)/",22600,3900,21904700,503468000000,-550,true,-2.38
"GEX",142734,"/Date(1700724488000)/",22600,100,21900800,503380000000,-550,true,-2.38
"GEX",142734,"/Date(1700724488000)/",22600,300,21900700,503378000000,-550,true,-2.38
"GEX",142734,"/Date(1700724488000)/",22600,1000,21900400,503371000000,-550,true,-2.38
"GEX",142734,"/Date(1700724488000)/",22600,100,21899400,503349000000,-550,true,-2.38
"GEX",142734,"/Date(1700724488000)/",22600,3600,21899300,503346000000,-550,true,-2.38
"GEX",142730,"/Date(1700724488000)/",22650,1000,21895700,503265000000,-500,false,-2.16
"GEX",142730,"/Date(1700724488000)/",22650,3000,21894700,503242000000,-500,false,-2.16
"GEX",142730,"/Date(1700724487000)/",22600,1400,21891700,503174000000,-550,true,-2.38
"GEX",142730,"/Date(1700724487000)/",22600,5000,21890300,503143000000,-550,true,-2.38
"GEX",142730,"/Date(1700724487000)/",22600,100,21885300,503030000000,-550,true,-2.38
"GEX",142730,"/Date(1700724485000)/",22550,38700,21885200,503028000000,-600,true,-2.59
"GEX",142730,"/Date(1700724485000)/",22600,1000,21846500,502155000000,-550,true,-2.38
"GEX",142730,"/Date(1700724485000)/",22600,1000,21845500,502132000000,-550,true,-2.38
"GEX",142730,"/Date(1700724485000)/",22600,500,21844500,502110000000,-550,true,-2.38
"GEX",142730,"/Date(1700724485000)/",22600,30000,21844000,502098000000,-550,true,-2.38
"GEX",142730,"/Date(1700724485000)/",22600,1000,21814000,501420000000,-550,true,-2.38
"GEX",142730,"/Date(1700724485000)/",22600,200,21813000,501398000000,-550,true,-2.38
"GEX",142730,"/Date(1700724485000)/",22600,500,21812800,501393000000,-550,true,-2.38
"GEX",142730,"/Date(1700724485000)/",22600,200,21812300,501382000000,-550,true,-2.38
"GEX",142730,"/Date(1700724485000)/",22600,200,21812100,501377000000,-550,true,-2.38
"GEX",142730,"/Date(1700724485000)/",22600,8900,21811900,501373000000,-550,true,-2.38
"GEX",142730,"/Date(1700724485000)/",22600,8000,21803000,501172000000,-550,true,-2.38
"GEX",142727,"/Date(1700724482000)/",22600,1700,21795000,500991000000,-550,true,-2.38
"GEX",142724,"/Date(1700724479000)/",22600,400,21793300,500953000000,-550,false,-2.38
"GEX",142721,"/Date(1700724478000)/",22600,2000,21792900,500944000000,-550,false,-2.38
"GEX",142721,"/Date(1700724478000)/",22600,200,21790900,500898000000,-550,false,-2.38
"GEX",142721,"/Date(1700724478000)/",22600,600,21790700,500894000000,-550,false,-2.38
"GEX",142721,"/Date(1700724478000)/",22600,8200,21790100,500880000000,-550,false,-2.38
"GEX",142721,"/Date(1700724477000)/",22600,1800,21781900,500695000000,-550,false,-2.38
"GEX",142721,"/Date(1700724477000)/",22600,500,21780100,500654000000,-550,false,-2.38
"GEX",142721,"/Date(1700724477000)/",22600,700,21779600,500643000000,-550,false,-2.38
"GEX",142721,"/Date(1700724477000)/",22600,2000,21778900,500627000000,-550,false,-2.38
"GEX",142721,"/Date(1700724477000)/",22600,1000,21776900,500582000000,-550,false,-2.38
"GEX",142721,"/Date(1700724477000)/",22550,6400,21775900,500559000000,-600,true,-2.59
"GEX",142721,"/Date(1700724476000)/",22600,3000,21769500,500415000000,-550,false,-2.38
"GEX",142721,"/Date(1700724475000)/",22600,10000,21766500,500347000000,-550,false,-2.38
"GEX",142718,"/Date(1700724474000)/",22600,300,21756500,500121000000,-550,false,-2.38
"GEX",142718,"/Date(1700724474000)/",22550,5000,21756200,500114000000,-600,true,-2.59
"GEX",142718,"/Date(1700724474000)/",22600,200,21751200,500002000000,-550,false,-2.38
"GEX",142718,"/Date(1700724473000)/",22600,1800,21751000,499997000000,-550,false,-2.38
"GEX",142718,"/Date(1700724472000)/",22550,100,21749200,499956000000,-600,true,-2.59
"GEX",142718,"/Date(1700724472000)/",22600,200,21749100,499954000000,-550,false,-2.38
"GEX",142718,"/Date(1700724472000)/",22600,500,21748900,499950000000,-550,false,-2.38
"GEX",142714,"/Date(1700724471000)/",22550,1000,21748400,499938000000,-600,true,-2.59
"GEX",142714,"/Date(1700724471000)/",22600,300,21747400,499916000000,-550,false,-2.38
"GEX",142714,"/Date(1700724470000)/",22600,1000,21747100,499909000000,-550,false,-2.38
"GEX",142714,"/Date(1700724470000)/",22600,1000,21746100,499886000000,-550,false,-2.38
"GEX",142714,"/Date(1700724470000)/",22600,10000,21745100,499864000000,-550,false,-2.38
"GEX",142711,"/Date(1700724468000)/",22600,600,21735100,499638000000,-550,true,-2.38
"GEX",142711,"/Date(1700724468000)/",22600,15000,21734500,499624000000,-550,true,-2.38
"GEX",142711,"/Date(1700724468000)/",22600,500,21719500,499285000000,-550,true,-2.38
"GEX",142711,"/Date(1700724467000)/",22550,18800,21719000,499274000000,-600,true,-2.59
"GEX",142711,"/Date(1700724467000)/",22550,1000,21700200,498850000000,-600,true,-2.59
"GEX",142711,"/Date(1700724467000)/",22550,2000,21699200,498827000000,-600,true,-2.59
"GEX",142711,"/Date(1700724467000)/",22550,1000,21697200,498782000000,-600,true,-2.59
"GEX",142711,"/Date(1700724467000)/",22550,5000,21696200,498760000000,-600,true,-2.59
"GEX",142711,"/Date(1700724467000)/",22550,100,21691200,498647000000,-600,true,-2.59
"GEX",142711,"/Date(1700724467000)/",22550,100,21691100,498645000000,-600,true,-2.59
"GEX",142711,"/Date(1700724467000)/",22550,5000,21691000,498643000000,-600,true,-2.59
"GEX",142711,"/Date(1700724467000)/",22550,100,21686000,498530000000,-600,true,-2.59
"GEX",142711,"/Date(1700724467000)/",22550,100,21685900,498528000000,-600,true,-2.59
"GEX",142711,"/Date(1700724467000)/",22550,500,21685800,498525000000,-600,true,-2.59
"GEX",142711,"/Date(1700724467000)/",22550,300,21685300,498514000000,-600,true,-2.59
"GEX",142711,"/Date(1700724467000)/",22550,1000,21685000,498507000000,-600,true,-2.59
"GEX",142711,"/Date(1700724467000)/",22550,800,21684000,498485000000,-600,true,-2.59
"GEX",142711,"/Date(1700724467000)/",22550,2000,21683200,498467000000,-600,true,-2.59
"GEX",142711,"/Date(1700724467000)/",22550,100,21681200,498422000000,-600,true,-2.59
"GEX",142711,"/Date(1700724467000)/",22550,5000,21681100,498419000000,-600,true,-2.59
"GEX",142711,"/Date(1700724467000)/",22550,10000,21676100,498307000000,-600,true,-2.59
"GEX",142711,"/Date(1700724467000)/",22550,200,21666100,498081000000,-600,true,-2.59
"GEX",142711,"/Date(1700724467000)/",22550,100,21665900,498077000000,-600,true,-2.59
"GEX",142711,"/Date(1700724467000)/",22550,200,21665800,498074000000,-600,true,-2.59
"GEX",142711,"/Date(1700724467000)/",22550,5800,21665600,498070000000,-600,true,-2.59
"GEX",142711,"/Date(1700724467000)/",22550,2000,21659800,497939000000,-600,true,-2.59
"GEX",142711,"/Date(1700724467000)/",22550,200,21657800,497894000000,-600,true,-2.59
"GEX",142711,"/Date(1700724467000)/",22550,1000,21657600,497889000000,-600,true,-2.59
"GEX",142711,"/Date(1700724467000)/",22550,500,21656600,497867000000,-600,true,-2.59
"GEX",142711,"/Date(1700724467000)/",22550,1600,21656100,497856000000,-600,true,-2.59
"GEX",142711,"/Date(1700724467000)/",22550,5000,21654500,497820000000,-600,true,-2.59
"GEX",142711,"/Date(1700724467000)/",22550,1000,21649500,497707000000,-600,true,-2.59
"GEX",142711,"/Date(1700724467000)/",22550,50000,21648500,497684000000,-600,true,-2.59
"GEX",142711,"/Date(1700724467000)/",22550,100,21598500,496557000000,-600,true,-2.59
"GEX",142711,"/Date(1700724467000)/",22550,500,21598400,496554000000,-600,true,-2.59
"GEX",142711,"/Date(1700724467000)/",22550,500,21597900,496543000000,-600,true,-2.59
"GEX",142711,"/Date(1700724467000)/",22550,3000,21597400,496532000000,-600,true,-2.59
"GEX",142711,"/Date(1700724467000)/",22550,1000,21594400,496464000000,-600,true,-2.59
"GEX",142711,"/Date(1700724467000)/",22550,500,21593400,496442000000,-600,true,-2.59
"GEX",142711,"/Date(1700724467000)/",22550,5000,21592900,496430000000,-600,true,-2.59
"GEX",142711,"/Date(1700724467000)/",22550,2000,21587900,496318000000,-600,true,-2.59
"GEX",142711,"/Date(1700724467000)/",22550,100,21585900,496273000000,-600,true,-2.59
"GEX",142711,"/Date(1700724467000)/",22550,2000,21585800,496270000000,-600,true,-2.59
"GEX",142711,"/Date(1700724467000)/",22550,3000,21583800,496225000000,-600,true,-2.59
"GEX",142711,"/Date(1700724467000)/",22550,1000,21580800,496158000000,-600,true,-2.59
"GEX",142711,"/Date(1700724467000)/",22550,500,21579800,496135000000,-600,true,-2.59
"GEX",142711,"/Date(1700724467000)/",22550,100,21579300,496124000000,-600,true,-2.59
"GEX",142711,"/Date(1700724467000)/",22550,10000,21579200,496121000000,-600,true,-2.59
"GEX",142711,"/Date(1700724467000)/",22550,200,21569200,495896000000,-600,true,-2.59
"GEX",142711,"/Date(1700724467000)/",22600,1000,21569000,495891000000,-550,true,-2.38
"GEX",142711,"/Date(1700724467000)/",22600,5000,21568000,495869000000,-550,true,-2.38
"GEX",142711,"/Date(1700724467000)/",22600,100,21563000,495756000000,-550,true,-2.38
"GEX",142711,"/Date(1700724467000)/",22600,100,21562900,495754000000,-550,true,-2.38
"GEX",142711,"/Date(1700724466000)/",22600,500,21562800,495751000000,-550,true,-2.38
"GEX",142708,"/Date(1700724465000)/",22600,400,21562300,495740000000,-550,true,-2.38
"GEX",142708,"/Date(1700724465000)/",22600,2000,21561900,495731000000,-550,true,-2.38
"GEX",142708,"/Date(1700724465000)/",22600,1000,21559900,495686000000,-550,true,-2.38
"GEX",142708,"/Date(1700724465000)/",22600,500,21558900,495663000000,-550,true,-2.38
"GEX",142708,"/Date(1700724465000)/",22600,100,21558400,495652000000,-550,true,-2.38
"GEX",142708,"/Date(1700724465000)/",22600,500,21558300,495650000000,-550,true,-2.38
"GEX",142708,"/Date(1700724465000)/",22600,1000,21557800,495638000000,-550,true,-2.38
"GEX",142708,"/Date(1700724465000)/",22600,400,21556800,495616000000,-550,true,-2.38
"GEX",142708,"/Date(1700724465000)/",22650,3000,21556400,495607000000,-500,false,-2.16
"GEX",142708,"/Date(1700724465000)/",22600,100,21553400,495539000000,-550,true,-2.38
"GEX",142708,"/Date(1700724465000)/",22600,2000,21553300,495537000000,-550,true,-2.38
"GEX",142708,"/Date(1700724465000)/",22600,1000,21551300,495491000000,-550,true,-2.38
"GEX",142708,"/Date(1700724465000)/",22600,200,21550300,495469000000,-550,true,-2.38
"GEX",142708,"/Date(1700724465000)/",22600,100,21550100,495464000000,-550,true,-2.38
"GEX",142708,"/Date(1700724465000)/",22600,100,21550000,495462000000,-550,true,-2.38
"GEX",142708,"/Date(1700724465000)/",22600,500,21549900,495460000000,-550,true,-2.38
"GEX",142708,"/Date(1700724465000)/",22600,300,21549400,495448000000,-550,true,-2.38
"GEX",142708,"/Date(1700724465000)/",22600,1000,21549100,495442000000,-550,true,-2.38
"GEX",142708,"/Date(1700724465000)/",22600,100,21548100,495419000000,-550,true,-2.38
"GEX",142708,"/Date(1700724465000)/",22600,3000,21548000,495417000000,-550,true,-2.38
"GEX",142708,"/Date(1700724465000)/",22600,400,21545000,495349000000,-550,true,-2.38
"GEX",142708,"/Date(1700724465000)/",22600,500,21544600,495340000000,-550,true,-2.38
"GEX",142708,"/Date(1700724465000)/",22600,100,21544100,495329000000,-550,true,-2.38
"GEX",142708,"/Date(1700724465000)/",22600,500,21544000,495326000000,-550,true,-2.38
"GEX",142708,"/Date(1700724465000)/",22600,1500,21543500,495315000000,-550,true,-2.38
"GEX",142708,"/Date(1700724465000)/",22600,300,21542000,495281000000,-550,true,-2.38
"GEX",142708,"/Date(1700724465000)/",22600,200,21541700,495274000000,-550,true,-2.38
"GEX",142708,"/Date(1700724465000)/",22600,5000,21541500,495270000000,-550,true,-2.38
"GEX",142708,"/Date(1700724465000)/",22600,500,21536500,495157000000,-550,true,-2.38
"GEX",142708,"/Date(1700724465000)/",22600,100,21536000,495146000000,-550,true,-2.38
"GEX",142708,"/Date(1700724465000)/",22600,200,21535900,495143000000,-550,true,-2.38
"GEX",142708,"/Date(1700724465000)/",22600,1000,21535700,495139000000,-550,true,-2.38
"GEX",142708,"/Date(1700724465000)/",22600,5000,21534700,495116000000,-550,true,-2.38
"GEX",142708,"/Date(1700724465000)/",22600,1000,21529700,495003000000,-550,true,-2.38
"GEX",142708,"/Date(1700724465000)/",22600,5000,21528700,494981000000,-550,true,-2.38
"GEX",142708,"/Date(1700724465000)/",22600,300,21523700,494868000000,-550,true,-2.38
"GEX",142708,"/Date(1700724465000)/",22650,2000,21523400,494861000000,-500,false,-2.16
"GEX",142708,"/Date(1700724465000)/",22650,100,21521400,494815000000,-500,false,-2.16
"GEX",142708,"/Date(1700724464000)/",22600,9700,21521300,494813000000,-550,true,-2.38
"GEX",142708,"/Date(1700724464000)/",22600,2000,21511600,494594000000,-550,true,-2.38
"GEX",142708,"/Date(1700724464000)/",22600,500,21509600,494549000000,-550,true,-2.38
"GEX",142708,"/Date(1700724464000)/",22600,5000,21509100,494537000000,-550,true,-2.38
"GEX",142708,"/Date(1700724464000)/",22600,500,21504100,494424000000,-550,true,-2.38
"GEX",142708,"/Date(1700724464000)/",22600,5000,21503600,494413000000,-550,true,-2.38
"GEX",142708,"/Date(1700724464000)/",22600,1000,21498600,494300000000,-550,true,-2.38
"GEX",142708,"/Date(1700724464000)/",22600,1000,21497600,494278000000,-550,true,-2.38
"GEX",142708,"/Date(1700724464000)/",22600,100,21496600,494255000000,-550,true,-2.38
"GEX",142708,"/Date(1700724464000)/",22600,200,21496500,494253000000,-550,true,-2.38
"GEX",142708,"/Date(1700724464000)/",22650,1000,21496300,494248000000,-500,false,-2.16
"GEX",142708,"/Date(1700724463000)/",22650,2000,21495300,494226000000,-500,false,-2.16
"GEX",142708,"/Date(1700724463000)/",22600,300,21493300,494180000000,-550,true,-2.38
"GEX",142708,"/Date(1700724463000)/",22600,6000,21493000,494173000000,-550,true,-2.38
"GEX",142708,"/Date(1700724463000)/",22600,2000,21487000,494038000000,-550,true,-2.38
"GEX",142708,"/Date(1700724463000)/",22600,300,21485000,493993000000,-550,true,-2.38
"GEX",142708,"/Date(1700724463000)/",22600,200,21484700,493986000000,-550,true,-2.38
"GEX",142708,"/Date(1700724463000)/",22600,100,21484500,493981000000,-550,true,-2.38
"GEX",142708,"/Date(1700724463000)/",22600,20000,21484400,493979000000,-550,true,-2.38
"GEX",142708,"/Date(1700724463000)/",22600,2000,21464400,493527000000,-550,true,-2.38
"GEX",142708,"/Date(1700724463000)/",22600,100,21462400,493482000000,-550,true,-2.38
"GEX",142708,"/Date(1700724463000)/",22600,700,21462300,493480000000,-550,true,-2.38
"GEX",142708,"/Date(1700724463000)/",22600,2000,21461600,493464000000,-550,true,-2.38
"GEX",142708,"/Date(1700724463000)/",22600,200,21459600,493419000000,-550,true,-2.38
"GEX",142708,"/Date(1700724463000)/",22600,100,21459400,493414000000,-550,true,-2.38
"GEX",142708,"/Date(1700724463000)/",22600,1000,21459300,493412000000,-550,true,-2.38
"GEX",142708,"/Date(1700724463000)/",22600,100,21458300,493389000000,-550,true,-2.38
"GEX",142708,"/Date(1700724463000)/",22600,500,21458200,493387000000,-550,true,-2.38
"GEX",142708,"/Date(1700724463000)/",22600,2200,21457700,493376000000,-550,true,-2.38
"GEX",142708,"/Date(1700724463000)/",22650,100,21455500,493326000000,-500,false,-2.16
"GEX",142708,"/Date(1700724463000)/",22650,1800,21455400,493324000000,-500,false,-2.16
"GEX",142708,"/Date(1700724463000)/",22650,1000,21453600,493283000000,-500,false,-2.16
"GEX",142708,"/Date(1700724463000)/",22650,500,21452600,493260000000,-500,false,-2.16
"GEX",142708,"/Date(1700724463000)/",22650,1700,21452100,493249000000,-500,false,-2.16
"GEX",142708,"/Date(1700724463000)/",22650,100,21450400,493210000000,-500,false,-2.16
"GEX",142708,"/Date(1700724463000)/",22650,2600,21450300,493208000000,-500,false,-2.16
"GEX",142708,"/Date(1700724463000)/",22650,500,21447700,493149000000,-500,false,-2.16
"GEX",142708,"/Date(1700724463000)/",22650,6900,21447200,493138000000,-500,false,-2.16
"GEX",142705,"/Date(1700724461000)/",22600,1400,21440300,492982000000,-550,true,-2.38
"GEX",142705,"/Date(1700724461000)/",22650,1000,21438900,492950000000,-500,false,-2.16
"GEX",142705,"/Date(1700724461000)/",22650,2000,21437900,492927000000,-500,false,-2.16
"GEX",142705,"/Date(1700724459000)/",22600,1700,21435900,492882000000,-550,true,-2.38
"GEX",142705,"/Date(1700724459000)/",22600,300,21434200,492844000000,-550,true,-2.38
"GEX",142702,"/Date(1700724457000)/",22650,5000,21433900,492837000000,-500,false,-2.16
"GEX",142658,"/Date(1700724455000)/",22600,100,21428900,492724000000,-550,true,-2.38
"GEX",142655,"/Date(1700724451000)/",22650,1000,21428800,492721000000,-500,false,-2.16
"GEX",142655,"/Date(1700724450000)/",22650,1100,21427800,492699000000,-500,false,-2.16
"GEX",142655,"/Date(1700724450000)/",22650,500,21426700,492674000000,-500,false,-2.16
"GEX",142655,"/Date(1700724450000)/",22650,1700,21426200,492663000000,-500,false,-2.16
"GEX",142655,"/Date(1700724450000)/",22650,1000,21424500,492624000000,-500,false,-2.16
"GEX",142655,"/Date(1700724450000)/",22650,700,21423500,492601000000,-500,false,-2.16
"GEX",142652,"/Date(1700724449000)/",22650,500,21422800,492586000000,-500,false,-2.16
"GEX",142652,"/Date(1700724449000)/",22600,1000,21422300,492574000000,-550,true,-2.38
"GEX",142649,"/Date(1700724444000)/",22650,600,21421300,492552000000,-500,false,-2.16
"GEX",142646,"/Date(1700724440000)/",22650,200,21420700,492538000000,-500,false,-2.16
"GEX",142646,"/Date(1700724440000)/",22650,200,21420500,492533000000,-500,false,-2.16
"GEX",142646,"/Date(1700724440000)/",22650,300,21420300,492529000000,-500,false,-2.16
"GEX",142642,"/Date(1700724439000)/",22600,1600,21420000,492522000000,-550,true,-2.38
"GEX",142642,"/Date(1700724439000)/",22600,100,21418400,492486000000,-550,true,-2.38
"GEX",142642,"/Date(1700724439000)/",22600,500,21418300,492484000000,-550,true,-2.38
"GEX",142642,"/Date(1700724439000)/",22600,900,21417800,492472000000,-550,true,-2.38
"GEX",142642,"/Date(1700724439000)/",22600,1100,21416900,492452000000,-550,true,-2.38
"GEX",142642,"/Date(1700724439000)/",22600,1000,21415800,492427000000,-550,true,-2.38
"GEX",142642,"/Date(1700724439000)/",22600,500,21414800,492405000000,-550,true,-2.38
"GEX",142642,"/Date(1700724439000)/",22600,100,21414300,492393000000,-550,true,-2.38
"GEX",142642,"/Date(1700724439000)/",22600,4200,21414200,492391000000,-550,true,-2.38
"GEX",142642,"/Date(1700724439000)/",22600,5800,21410000,492296000000,-550,true,-2.38
"GEX",142642,"/Date(1700724439000)/",22600,200,21404200,492165000000,-550,true,-2.38
"GEX",142639,"/Date(1700724435000)/",22650,1000,21404000,492161000000,-500,false,-2.16
"GEX",142639,"/Date(1700724434000)/",22650,1100,21403000,492138000000,-500,false,-2.16
"GEX",142639,"/Date(1700724434000)/",22600,800,21401900,492113000000,-550,true,-2.38
"GEX",142639,"/Date(1700724434000)/",22600,3200,21401100,492095000000,-550,true,-2.38
"GEX",142639,"/Date(1700724434000)/",22600,1800,21397900,492023000000,-550,true,-2.38
"GEX",142639,"/Date(1700724434000)/",22600,2000,21396100,491982000000,-550,true,-2.38
"GEX",142639,"/Date(1700724434000)/",22600,1000,21394100,491937000000,-550,true,-2.38
"GEX",142639,"/Date(1700724434000)/",22600,2000,21393100,491914000000,-550,true,-2.38
"GEX",142639,"/Date(1700724434000)/",22600,1000,21391100,491869000000,-550,true,-2.38
"GEX",142639,"/Date(1700724434000)/",22600,200,21390100,491846000000,-550,true,-2.38
"GEX",142639,"/Date(1700724434000)/",22600,1000,21389900,491842000000,-550,true,-2.38
"GEX",142639,"/Date(1700724433000)/",22600,2000,21388900,491819000000,-550,true,-2.38
"GEX",142636,"/Date(1700724433000)/",22600,1000,21386900,491774000000,-550,true,-2.38
"GEX",142636,"/Date(1700724433000)/",22600,1000,21385900,491751000000,-550,true,-2.38
"GEX",142636,"/Date(1700724433000)/",22600,100,21384900,491729000000,-550,true,-2.38
"GEX",142636,"/Date(1700724433000)/",22600,200,21384800,491727000000,-550,true,-2.38
"GEX",142636,"/Date(1700724433000)/",22600,500,21384600,491722000000,-550,true,-2.38
"GEX",142636,"/Date(1700724433000)/",22600,300,21384100,491711000000,-550,true,-2.38
"GEX",142636,"/Date(1700724433000)/",22600,1000,21383800,491704000000,-550,true,-2.38
"GEX",142636,"/Date(1700724433000)/",22600,900,21382800,491681000000,-550,true,-2.38
"GEX",142636,"/Date(1700724433000)/",22650,3700,21381900,491661000000,-500,false,-2.16
"GEX",142636,"/Date(1700724433000)/",22650,100,21378200,491577000000,-500,false,-2.16
"GEX",142636,"/Date(1700724433000)/",22650,1200,21378100,491575000000,-500,false,-2.16
"GEX",142636,"/Date(1700724432000)/",22650,500,21376900,491548000000,-500,false,-2.16
"GEX",142636,"/Date(1700724432000)/",22600,100,21376400,491536000000,-550,true,-2.38
"GEX",142636,"/Date(1700724432000)/",22600,200,21376300,491534000000,-550,true,-2.38
"GEX",142636,"/Date(1700724432000)/",22600,500,21376100,491530000000,-550,true,-2.38
"GEX",142636,"/Date(1700724432000)/",22600,300,21375600,491518000000,-550,true,-2.38
"GEX",142636,"/Date(1700724432000)/",22600,200,21375300,491512000000,-550,true,-2.38
"GEX",142636,"/Date(1700724432000)/",22600,200,21375100,491507000000,-550,true,-2.38
"GEX",142636,"/Date(1700724432000)/",22600,100,21374900,491502000000,-550,true,-2.38
"GEX",142636,"/Date(1700724432000)/",22600,100,21374800,491500000000,-550,true,-2.38
"GEX",142636,"/Date(1700724432000)/",22600,300,21374700,491498000000,-550,true,-2.38
"GEX",142636,"/Date(1700724432000)/",22600,400,21374400,491491000000,-550,true,-2.38
"GEX",142636,"/Date(1700724432000)/",22600,100,21374000,491482000000,-550,true,-2.38
"GEX",142636,"/Date(1700724431000)/",22600,200,21373900,491480000000,-550,true,-2.38
"GEX",142636,"/Date(1700724431000)/",22600,1000,21373700,491475000000,-550,true,-2.38
"GEX",142636,"/Date(1700724431000)/",22600,400,21372700,491453000000,-550,true,-2.38
"GEX",142636,"/Date(1700724431000)/",22600,1700,21372300,491444000000,-550,true,-2.38
"GEX",142636,"/Date(1700724430000)/",22600,300,21370600,491405000000,-550,true,-2.38
"GEX",142636,"/Date(1700724430000)/",22600,1700,21370300,491399000000,-550,true,-2.38
"GEX",142633,"/Date(1700724429000)/",22650,300,21368600,491360000000,-500,false,-2.16
"GEX",142633,"/Date(1700724427000)/",22600,25000,21368300,491353000000,-550,true,-2.38
"GEX",142630,"/Date(1700724425000)/",22600,200,21343300,490788000000,-550,true,-2.38
"GEX",142630,"/Date(1700724425000)/",22600,200,21343100,490784000000,-550,true,-2.38
"GEX",142630,"/Date(1700724425000)/",22600,200,21342900,490779000000,-550,true,-2.38
"GEX",142630,"/Date(1700724425000)/",22600,200,21342700,490775000000,-550,true,-2.38
"GEX",142630,"/Date(1700724425000)/",22600,200,21342500,490770000000,-550,true,-2.38
"GEX",142626,"/Date(1700724423000)/",22650,5000,21342300,490766000000,-500,false,-2.16
"GEX",142626,"/Date(1700724422000)/",22650,100,21337300,490652000000,-500,false,-2.16
"GEX",142626,"/Date(1700724422000)/",22650,100,21337200,490650000000,-500,false,-2.16
"GEX",142626,"/Date(1700724422000)/",22650,300,21337100,490648000000,-500,false,-2.16
"GEX",142626,"/Date(1700724421000)/",22650,200,21336800,490641000000,-500,false,-2.16
"GEX",142623,"/Date(1700724420000)/",22650,300,21336600,490637000000,-500,false,-2.16
"GEX",142623,"/Date(1700724420000)/",22600,200,21336300,490630000000,-550,true,-2.38
"GEX",142623,"/Date(1700724419000)/",22650,1000,21336100,490625000000,-500,false,-2.16
"GEX",142623,"/Date(1700724419000)/",22600,2000,21335100,490603000000,-550,true,-2.38
"GEX",142623,"/Date(1700724418000)/",22600,100,21333100,490557000000,-550,true,-2.38
"GEX",142623,"/Date(1700724418000)/",22650,1000,21333000,490555000000,-500,false,-2.16
"GEX",142623,"/Date(1700724418000)/",22650,200,21332000,490533000000,-500,false,-2.16
"GEX",142620,"/Date(1700724417000)/",22650,2000,21331800,490528000000,-500,false,-2.16
"GEX",142620,"/Date(1700724416000)/",22650,2000,21329800,490483000000,-500,false,-2.16
"GEX",142620,"/Date(1700724416000)/",22600,3800,21327800,490437000000,-550,true,-2.38
"GEX",142620,"/Date(1700724416000)/",22600,200,21324000,490352000000,-550,true,-2.38
"GEX",142620,"/Date(1700724416000)/",22600,9800,21323800,490347000000,-550,true,-2.38
"GEX",142620,"/Date(1700724416000)/",22600,100,21314000,490126000000,-550,true,-2.38
"GEX",142620,"/Date(1700724416000)/",22600,100,21313900,490123000000,-550,true,-2.38
"GEX",142620,"/Date(1700724415000)/",22650,500,21313800,490121000000,-500,false,-2.16
"GEX",142620,"/Date(1700724415000)/",22650,300,21313300,490110000000,-500,false,-2.16
"GEX",142620,"/Date(1700724415000)/",22650,200,21313000,490103000000,-500,false,-2.16
"GEX",142617,"/Date(1700724413000)/",22600,400,21312800,490098000000,-550,true,-2.38
"GEX",142617,"/Date(1700724413000)/",22600,400,21312400,490089000000,-550,true,-2.38
"GEX",142617,"/Date(1700724413000)/",22600,2000,21312000,490080000000,-550,true,-2.38
"GEX",142617,"/Date(1700724413000)/",22600,200,21310000,490035000000,-550,true,-2.38
"GEX",142617,"/Date(1700724413000)/",22650,200,21309800,490031000000,-500,false,-2.16
"GEX",142617,"/Date(1700724412000)/",22600,100,21309600,490026000000,-550,true,-2.38
"GEX",142617,"/Date(1700724412000)/",22600,300,21309500,490024000000,-550,true,-2.38
"GEX",142617,"/Date(1700724412000)/",22600,300,21309200,490017000000,-550,true,-2.38
"GEX",142617,"/Date(1700724412000)/",22600,500,21308900,490010000000,-550,true,-2.38
"GEX",142617,"/Date(1700724412000)/",22600,100,21308400,489999000000,-550,true,-2.38
"GEX",142617,"/Date(1700724412000)/",22600,100,21308300,489997000000,-550,true,-2.38
"GEX",142617,"/Date(1700724412000)/",22600,500,21308200,489994000000,-550,true,-2.38
"GEX",142617,"/Date(1700724412000)/",22600,200,21307700,489983000000,-550,true,-2.38
"GEX",142617,"/Date(1700724411000)/",22650,800,21307500,489979000000,-500,false,-2.16
"GEX",142617,"/Date(1700724411000)/",22650,700,21306700,489960000000,-500,false,-2.16
"GEX",142617,"/Date(1700724411000)/",22650,3500,21306000,489945000000,-500,false,-2.16
"GEX",142617,"/Date(1700724411000)/",22600,200,21302500,489865000000,-550,true,-2.38
"GEX",142617,"/Date(1700724411000)/",22600,500,21302300,489861000000,-550,true,-2.38
"GEX",142617,"/Date(1700724411000)/",22600,500,21301800,489849000000,-550,true,-2.38
"GEX",142617,"/Date(1700724411000)/",22600,300,21301300,489838000000,-550,true,-2.38
"GEX",142614,"/Date(1700724410000)/",22650,200,21301000,489831000000,-500,false,-2.16
"GEX",142614,"/Date(1700724410000)/",22650,300,21300800,489827000000,-500,false,-2.16
"GEX",142614,"/Date(1700724409000)/",22600,200,21300500,489820000000,-550,true,-2.38
"GEX",142614,"/Date(1700724409000)/",22600,1000,21300300,489816000000,-550,true,-2.38
"GEX",142614,"/Date(1700724409000)/",22600,1000,21299300,489793000000,-550,true,-2.38
"GEX",142614,"/Date(1700724409000)/",22600,400,21298300,489770000000,-550,true,-2.38
"GEX",142614,"/Date(1700724409000)/",22600,1000,21297900,489761000000,-550,true,-2.38
"GEX",142614,"/Date(1700724409000)/",22600,100,21296900,489739000000,-550,true,-2.38
"GEX",142614,"/Date(1700724409000)/",22600,1300,21296800,489736000000,-550,true,-2.38
"GEX",142614,"/Date(1700724409000)/",22650,1000,21295500,489707000000,-500,false,-2.16
"GEX",142614,"/Date(1700724408000)/",22650,300,21294500,489684000000,-500,false,-2.16
"GEX",142614,"/Date(1700724408000)/",22650,4700,21294200,489678000000,-500,false,-2.16
"GEX",142610,"/Date(1700724407000)/",22600,200,21289500,489571000000,-550,true,-2.38
"GEX",142610,"/Date(1700724407000)/",22600,300,21289300,489567000000,-550,true,-2.38
"GEX",142610,"/Date(1700724407000)/",22600,29700,21289000,489560000000,-550,true,-2.38
"GEX",142610,"/Date(1700724407000)/",22600,1000,21259300,488889000000,-550,true,-2.38
"GEX",142610,"/Date(1700724407000)/",22600,8000,21258300,488866000000,-550,true,-2.38
"GEX",142610,"/Date(1700724407000)/",22600,1000,21250300,488685000000,-550,true,-2.38
"GEX",142610,"/Date(1700724407000)/",22600,300,21249300,488663000000,-550,true,-2.38
"GEX",142610,"/Date(1700724407000)/",22650,300,21249000,488656000000,-500,false,-2.16
"GEX",142610,"/Date(1700724407000)/",22650,9700,21248700,488649000000,-500,false,-2.16
"GEX",142610,"/Date(1700724406000)/",22650,100,21239000,488429000000,-500,false,-2.16
"GEX",142610,"/Date(1700724405000)/",22650,200,21238900,488427000000,-500,false,-2.16
"GEX",142607,"/Date(1700724404000)/",22600,700,21238700,488423000000,-550,true,-2.38
"GEX",142607,"/Date(1700724404000)/",22600,300,21238000,488407000000,-550,true,-2.38
"GEX",142607,"/Date(1700724404000)/",22600,1700,21237700,488400000000,-550,true,-2.38
"GEX",142607,"/Date(1700724404000)/",22600,500,21236000,488362000000,-550,true,-2.38
"GEX",142607,"/Date(1700724404000)/",22600,5000,21235500,488350000000,-550,true,-2.38
"GEX",142607,"/Date(1700724404000)/",22600,3000,21230500,488237000000,-550,true,-2.38
"GEX",142607,"/Date(1700724404000)/",22600,2000,21227500,488169000000,-550,true,-2.38
"GEX",142607,"/Date(1700724404000)/",22600,2000,21225500,488124000000,-550,true,-2.38
"GEX",142607,"/Date(1700724404000)/",22600,3000,21223500,488079000000,-550,true,-2.38
"GEX",142607,"/Date(1700724404000)/",22600,300,21220500,488011000000,-550,true,-2.38
"GEX",142607,"/Date(1700724404000)/",22600,10000,21220200,488004000000,-550,true,-2.38
"GEX",142607,"/Date(1700724404000)/",22600,1000,21210200,487778000000,-550,true,-2.38
"GEX",142607,"/Date(1700724404000)/",22600,1000,21209200,487756000000,-550,true,-2.38
"GEX",142607,"/Date(1700724404000)/",22600,100,21208200,487733000000,-550,true,-2.38
"GEX",142607,"/Date(1700724404000)/",22600,300,21208100,487731000000,-550,true,-2.38
"GEX",142607,"/Date(1700724404000)/",22600,100,21207800,487724000000,-550,true,-2.38
"GEX",142607,"/Date(1700724404000)/",22600,1000,21207700,487722000000,-550,true,-2.38
"GEX",142607,"/Date(1700724404000)/",22600,100,21206700,487699000000,-550,true,-2.38
"GEX",142607,"/Date(1700724404000)/",22600,5000,21206600,487697000000,-550,true,-2.38
"GEX",142607,"/Date(1700724404000)/",22600,500,21201600,487584000000,-550,true,-2.38
"GEX",142607,"/Date(1700724404000)/",22600,500,21201100,487573000000,-550,true,-2.38
"GEX",142607,"/Date(1700724404000)/",22600,1000,21200600,487562000000,-550,true,-2.38
"GEX",142607,"/Date(1700724404000)/",22600,100,21199600,487539000000,-550,true,-2.38
"GEX",142607,"/Date(1700724404000)/",22600,2000,21199500,487537000000,-550,true,-2.38
"GEX",142607,"/Date(1700724404000)/",22600,3000,21197500,487491000000,-550,true,-2.38
"GEX",142607,"/Date(1700724404000)/",22600,500,21194500,487424000000,-550,true,-2.38
"GEX",142607,"/Date(1700724404000)/",22600,500,21194000,487412000000,-550,true,-2.38
"GEX",142607,"/Date(1700724404000)/",22600,400,21193500,487401000000,-550,true,-2.38
"GEX",142607,"/Date(1700724404000)/",22600,1000,21193100,487392000000,-550,true,-2.38
"GEX",142607,"/Date(1700724404000)/",22600,1500,21192100,487369000000,-550,true,-2.38
"GEX",142607,"/Date(1700724404000)/",22600,200,21190600,487336000000,-550,true,-2.38
"GEX",142607,"/Date(1700724404000)/",22600,2700,21190400,487331000000,-550,true,-2.38
"GEX",142607,"/Date(1700724404000)/",22600,1900,21187700,487270000000,-550,true,-2.38
"GEX",142607,"/Date(1700724403000)/",22600,5400,21185800,487227000000,-550,true,-2.38
"GEX",142607,"/Date(1700724403000)/",22600,100,21180400,487105000000,-550,true,-2.38
"GEX",142607,"/Date(1700724403000)/",22600,100,21180300,487103000000,-550,true,-2.38
"GEX",142607,"/Date(1700724403000)/",22600,1000,21180200,487100000000,-550,true,-2.38
"GEX",142607,"/Date(1700724403000)/",22600,2000,21179200,487078000000,-550,true,-2.38
"GEX",142607,"/Date(1700724403000)/",22600,1000,21177200,487033000000,-550,true,-2.38
"GEX",142607,"/Date(1700724403000)/",22600,5000,21176200,487010000000,-550,true,-2.38
"GEX",142607,"/Date(1700724403000)/",22600,1000,21171200,486897000000,-550,true,-2.38
"GEX",142607,"/Date(1700724403000)/",22600,500,21170200,486874000000,-550,true,-2.38
"GEX",142607,"/Date(1700724403000)/",22600,600,21169700,486863000000,-550,true,-2.38
"GEX",142607,"/Date(1700724403000)/",22600,100,21169100,486850000000,-550,true,-2.38
"GEX",142607,"/Date(1700724403000)/",22600,1100,21169000,486847000000,-550,true,-2.38
"GEX",142607,"/Date(1700724403000)/",22600,2000,21167900,486823000000,-550,true,-2.38
"GEX",142607,"/Date(1700724403000)/",22600,2000,21165900,486777000000,-550,true,-2.38
"GEX",142607,"/Date(1700724403000)/",22600,300,21163900,486732000000,-550,true,-2.38
"GEX",142607,"/Date(1700724403000)/",22600,300,21163600,486725000000,-550,true,-2.38
"GEX",142607,"/Date(1700724403000)/",22600,1000,21163300,486719000000,-550,true,-2.38
"GEX",142607,"/Date(1700724403000)/",22600,1000,21162300,486696000000,-550,true,-2.38
"GEX",142607,"/Date(1700724403000)/",22600,500,21161300,486673000000,-550,true,-2.38
"GEX",142607,"/Date(1700724403000)/",22600,200,21160800,486662000000,-550,true,-2.38
"GEX",142607,"/Date(1700724403000)/",22600,8000,21160600,486658000000,-550,true,-2.38
"GEX",142607,"/Date(1700724403000)/",22600,200,21152600,486477000000,-550,true,-2.38
"GEX",142607,"/Date(1700724403000)/",22600,200,21152400,486472000000,-550,true,-2.38
"GEX",142607,"/Date(1700724403000)/",22600,300,21152200,486468000000,-550,true,-2.38
"GEX",142607,"/Date(1700724403000)/",22600,500,21151900,486461000000,-550,true,-2.38
"GEX",142607,"/Date(1700724403000)/",22600,500,21151400,486450000000,-550,true,-2.38
"GEX",142607,"/Date(1700724403000)/",22600,1000,21150900,486438000000,-550,true,-2.38
"GEX",142607,"/Date(1700724403000)/",22600,1000,21149900,486416000000,-550,true,-2.38
"GEX",142607,"/Date(1700724403000)/",22600,200,21148900,486393000000,-550,true,-2.38
"GEX",142607,"/Date(1700724403000)/",22600,1000,21148700,486389000000,-550,true,-2.38
"GEX",142607,"/Date(1700724403000)/",22600,5000,21147700,486366000000,-550,true,-2.38
"GEX",142607,"/Date(1700724403000)/",22600,700,21142700,486253000000,-550,true,-2.38
"GEX",142607,"/Date(1700724401000)/",22600,300,21142000,486237000000,-550,true,-2.38
"GEX",142607,"/Date(1700724401000)/",22600,500,21141700,486230000000,-550,true,-2.38
"GEX",142607,"/Date(1700724401000)/",22600,1000,21141200,486219000000,-550,true,-2.38
"GEX",142607,"/Date(1700724401000)/",22600,1200,21140200,486196000000,-550,true,-2.38
"GEX",142607,"/Date(1700724401000)/",22650,500,21139000,486169000000,-500,false,-2.16
"GEX",142604,"/Date(1700724401000)/",22650,300,21138500,486158000000,-500,false,-2.16
"GEX",142604,"/Date(1700724398000)/",22650,500,21138200,486151000000,-500,false,-2.16
"GEX",142601,"/Date(1700724398000)/",22600,3800,21137700,486140000000,-550,true,-2.38
"GEX",142601,"/Date(1700724398000)/",22600,2000,21133900,486054000000,-550,true,-2.38
"GEX",142601,"/Date(1700724398000)/",22600,2000,21131900,486009000000,-550,true,-2.38
"GEX",142601,"/Date(1700724398000)/",22600,1000,21129900,485964000000,-550,true,-2.38
"GEX",142601,"/Date(1700724398000)/",22600,100,21128900,485941000000,-550,true,-2.38
"GEX",142601,"/Date(1700724398000)/",22600,100,21128800,485939000000,-550,true,-2.38
"GEX",142601,"/Date(1700724398000)/",22600,2000,21128700,485937000000,-550,true,-2.38
"GEX",142601,"/Date(1700724398000)/",22600,700,21126700,485891000000,-550,true,-2.38
"GEX",142601,"/Date(1700724398000)/",22600,5000,21126000,485876000000,-550,true,-2.38
"GEX",142601,"/Date(1700724398000)/",22600,1000,21121000,485763000000,-550,true,-2.38
"GEX",142601,"/Date(1700724398000)/",22600,200,21120000,485740000000,-550,true,-2.38
"GEX",142601,"/Date(1700724398000)/",22600,100,21119800,485735000000,-550,true,-2.38
"GEX",142601,"/Date(1700724398000)/",22600,2000,21119700,485733000000,-550,true,-2.38
"GEX",142601,"/Date(1700724398000)/",22600,5000,21117700,485688000000,-550,true,-2.38
"GEX",142601,"/Date(1700724398000)/",22600,5000,21112700,485575000000,-550,true,-2.38
"GEX",142601,"/Date(1700724398000)/",22600,1000,21107700,485462000000,-550,true,-2.38
"GEX",142601,"/Date(1700724398000)/",22600,100,21106700,485439000000,-550,true,-2.38
"GEX",142601,"/Date(1700724398000)/",22600,500,21106600,485437000000,-550,true,-2.38
"GEX",142601,"/Date(1700724398000)/",22600,100,21106100,485426000000,-550,true,-2.38
"GEX",142601,"/Date(1700724398000)/",22600,300,21106000,485424000000,-550,true,-2.38
"GEX",142601,"/Date(1700724398000)/",22600,500,21105700,485417000000,-550,true,-2.38
"GEX",142601,"/Date(1700724398000)/",22600,100,21105200,485405000000,-550,true,-2.38
"GEX",142601,"/Date(1700724398000)/",22600,100,21105100,485403000000,-550,true,-2.38
"GEX",142601,"/Date(1700724398000)/",22600,3000,21105000,485401000000,-550,true,-2.38
"GEX",142601,"/Date(1700724398000)/",22600,1000,21102000,485333000000,-550,true,-2.38
"GEX",142601,"/Date(1700724398000)/",22600,10000,21101000,485311000000,-550,true,-2.38
"GEX",142601,"/Date(1700724398000)/",22600,400,21091000,485085000000,-550,true,-2.38
"GEX",142601,"/Date(1700724398000)/",22600,1000,21090600,485075000000,-550,true,-2.38
"GEX",142601,"/Date(1700724398000)/",22600,10000,21089600,485053000000,-550,true,-2.38
"GEX",142601,"/Date(1700724398000)/",22600,100,21079600,484827000000,-550,true,-2.38
"GEX",142601,"/Date(1700724398000)/",22600,100,21079500,484825000000,-550,true,-2.38
"GEX",142601,"/Date(1700724398000)/",22600,1700,21079400,484822000000,-550,true,-2.38
"GEX",142601,"/Date(1700724398000)/",22600,100,21077700,484784000000,-550,true,-2.38
"GEX",142601,"/Date(1700724396000)/",22600,200,21077600,484782000000,-550,true,-2.38
"GEX",142601,"/Date(1700724396000)/",22600,1000,21077400,484777000000,-550,true,-2.38
"GEX",142601,"/Date(1700724396000)/",22600,800,21076400,484755000000,-550,true,-2.38
"GEX",142601,"/Date(1700724396000)/",22600,200,21075600,484736000000,-550,true,-2.38
"GEX",142601,"/Date(1700724396000)/",22600,500,21075400,484732000000,-550,true,-2.38
"GEX",142601,"/Date(1700724396000)/",22600,2300,21074900,484721000000,-550,true,-2.38
"GEX",142558,"/Date(1700724394000)/",22650,500,21072600,484669000000,-500,false,-2.16
"GEX",142558,"/Date(1700724394000)/",22600,700,21072100,484657000000,-550,true,-2.38
"GEX",142558,"/Date(1700724394000)/",22600,2000,21071400,484642000000,-550,true,-2.38
"GEX",142558,"/Date(1700724394000)/",22600,100,21069400,484596000000,-550,true,-2.38
"GEX",142558,"/Date(1700724394000)/",22600,200,21069300,484594000000,-550,true,-2.38
"GEX",142558,"/Date(1700724394000)/",22650,100,21069100,484590000000,-500,false,-2.16
"GEX",142558,"/Date(1700724393000)/",22600,800,21069000,484587000000,-550,true,-2.38
"GEX",142558,"/Date(1700724393000)/",22600,100,21068200,484569000000,-550,true,-2.38
"GEX",142558,"/Date(1700724393000)/",22600,100,21068100,484567000000,-550,true,-2.38
"GEX",142558,"/Date(1700724392000)/",22650,500,21068000,484565000000,-500,false,-2.16
"GEX",142554,"/Date(1700724390000)/",22650,300,21067500,484553000000,-500,false,-2.16
"GEX",142554,"/Date(1700724390000)/",22600,400,21067200,484547000000,-550,true,-2.38
"GEX",142554,"/Date(1700724390000)/",22600,100,21066800,484538000000,-550,true,-2.38
"GEX",142554,"/Date(1700724389000)/",22600,500,21066700,484535000000,-550,true,-2.38
"GEX",142554,"/Date(1700724389000)/",22650,100,21066200,484524000000,-500,false,-2.16
"GEX",142551,"/Date(1700724388000)/",22600,900,21066100,484522000000,-550,true,-2.38
"GEX",142551,"/Date(1700724388000)/",22600,100,21065200,484501000000,-550,true,-2.38
"GEX",142551,"/Date(1700724388000)/",22600,2000,21065100,484499000000,-550,true,-2.38
"GEX",142551,"/Date(1700724388000)/",22600,300,21063100,484454000000,-550,true,-2.38
"GEX",142551,"/Date(1700724388000)/",22600,5000,21062800,484447000000,-550,true,-2.38
"GEX",142551,"/Date(1700724388000)/",22600,300,21057800,484334000000,-550,true,-2.38
"GEX",142551,"/Date(1700724388000)/",22600,200,21057500,484327000000,-550,true,-2.38
"GEX",142551,"/Date(1700724388000)/",22600,200,21057300,484323000000,-550,true,-2.38
"GEX",142551,"/Date(1700724388000)/",22600,2000,21057100,484318000000,-550,true,-2.38
"GEX",142551,"/Date(1700724388000)/",22650,3000,21055100,484273000000,-500,false,-2.16
"GEX",142551,"/Date(1700724388000)/",22650,1100,21052100,484205000000,-500,false,-2.16
"GEX",142551,"/Date(1700724387000)/",22650,5000,21051000,484180000000,-500,false,-2.16
"GEX",142551,"/Date(1700724387000)/",22650,100,21046000,484067000000,-500,false,-2.16
"GEX",142551,"/Date(1700724387000)/",22650,300,21045900,484065000000,-500,false,-2.16
"GEX",142551,"/Date(1700724387000)/",22650,100,21045600,484058000000,-500,false,-2.16
"GEX",142551,"/Date(1700724387000)/",22650,500,21045500,484056000000,-500,false,-2.16
"GEX",142551,"/Date(1700724387000)/",22650,500,21045000,484044000000,-500,false,-2.16
"GEX",142551,"/Date(1700724387000)/",22650,500,21044500,484033000000,-500,false,-2.16
"GEX",142551,"/Date(1700724387000)/",22650,300,21044000,484022000000,-500,false,-2.16
"GEX",142551,"/Date(1700724387000)/",22650,5000,21043700,484015000000,-500,false,-2.16
"GEX",142551,"/Date(1700724387000)/",22650,3500,21038700,483902000000,-500,false,-2.16
"GEX",142551,"/Date(1700724387000)/",22650,200,21035200,483822000000,-500,false,-2.16
"GEX",142551,"/Date(1700724387000)/",22650,500,21035000,483818000000,-500,false,-2.16
"GEX",142551,"/Date(1700724387000)/",22650,1500,21034500,483807000000,-500,false,-2.16
"GEX",142551,"/Date(1700724387000)/",22650,100,21033000,483773000000,-500,false,-2.16
"GEX",142551,"/Date(1700724387000)/",22650,800,21032900,483770000000,-500,false,-2.16
"GEX",142551,"/Date(1700724387000)/",22650,200,21032100,483752000000,-500,false,-2.16
"GEX",142551,"/Date(1700724387000)/",22650,1000,21031900,483748000000,-500,false,-2.16
"GEX",142551,"/Date(1700724387000)/",22650,2000,21030900,483725000000,-500,false,-2.16
"GEX",142551,"/Date(1700724387000)/",22650,1000,21028900,483680000000,-500,false,-2.16
"GEX",142551,"/Date(1700724387000)/",22650,200,21027900,483657000000,-500,false,-2.16
"GEX",142551,"/Date(1700724387000)/",22650,600,21027700,483652000000,-500,false,-2.16
"GEX",142551,"/Date(1700724387000)/",22700,1500,21027100,483639000000,-450,false,-1.94
"GEX",142551,"/Date(1700724387000)/",22700,2000,21025600,483605000000,-450,false,-1.94
"GEX",142551,"/Date(1700724387000)/",22700,1000,21023600,483559000000,-450,false,-1.94
"GEX",142551,"/Date(1700724387000)/",22700,500,21022600,483537000000,-450,false,-1.94
"GEX",142551,"/Date(1700724387000)/",22650,1400,21022100,483525000000,-500,false,-2.16
"GEX",142551,"/Date(1700724387000)/",22650,300,21020700,483494000000,-500,false,-2.16
"GEX",142551,"/Date(1700724387000)/",22650,1000,21020400,483487000000,-500,false,-2.16
"GEX",142551,"/Date(1700724387000)/",22650,2000,21019400,483464000000,-500,false,-2.16
"GEX",142551,"/Date(1700724387000)/",22650,300,21017400,483419000000,-500,false,-2.16
"GEX",142548,"/Date(1700724385000)/",22700,200,21017100,483412000000,-450,false,-1.94
"GEX",142548,"/Date(1700724385000)/",22650,4700,21016900,483408000000,-500,true,-2.16
"GEX",142548,"/Date(1700724385000)/",22650,100,21012200,483301000000,-500,true,-2.16
"GEX",142548,"/Date(1700724385000)/",22650,500,21012100,483299000000,-500,true,-2.16
"GEX",142548,"/Date(1700724385000)/",22650,3000,21011600,483288000000,-500,true,-2.16
"GEX",142548,"/Date(1700724385000)/",22650,1700,21008600,483220000000,-500,true,-2.16
"GEX",142548,"/Date(1700724385000)/",22650,10000,21006900,483181000000,-500,true,-2.16
"GEX",142548,"/Date(1700724384000)/",22650,200,20996900,482955000000,-500,true,-2.16
"GEX",142548,"/Date(1700724384000)/",22650,500,20996700,482950000000,-500,true,-2.16
"GEX",142548,"/Date(1700724384000)/",22650,4500,20996200,482939000000,-500,true,-2.16
"GEX",142548,"/Date(1700724384000)/",22650,500,20991700,482837000000,-500,true,-2.16
"GEX",142548,"/Date(1700724384000)/",22650,100,20991200,482826000000,-500,true,-2.16
"GEX",142548,"/Date(1700724384000)/",22650,200,20991100,482823000000,-500,true,-2.16
"GEX",142548,"/Date(1700724384000)/",22650,300,20990900,482819000000,-500,true,-2.16
"GEX",142548,"/Date(1700724384000)/",22650,1900,20990600,482812000000,-500,true,-2.16
"GEX",142548,"/Date(1700724384000)/",22700,1300,20988700,482769000000,-450,false,-1.94
"GEX",142548,"/Date(1700724384000)/",22700,700,20987400,482739000000,-450,false,-1.94
"GEX",142548,"/Date(1700724384000)/",22650,2000,20986700,482723000000,-500,true,-2.16
"GEX",142548,"/Date(1700724383000)/",22650,1100,20984700,482678000000,-500,true,-2.16
"GEX",142545,"/Date(1700724381000)/",22650,100,20983600,482653000000,-500,true,-2.16
"GEX",142545,"/Date(1700724381000)/",22650,3000,20983500,482651000000,-500,true,-2.16
"GEX",142545,"/Date(1700724380000)/",22700,1000,20980500,482583000000,-450,false,-1.94
"GEX",142545,"/Date(1700724380000)/",22650,5000,20979500,482560000000,-500,true,-2.16
"GEX",142545,"/Date(1700724379000)/",22650,6900,20974500,482447000000,-500,true,-2.16
"GEX",142545,"/Date(1700724379000)/",22650,500,20967600,482291000000,-500,true,-2.16
"GEX",142545,"/Date(1700724379000)/",22650,800,20967100,482279000000,-500,true,-2.16
"GEX",142545,"/Date(1700724379000)/",22650,2000,20966300,482261000000,-500,true,-2.16
"GEX",142545,"/Date(1700724379000)/",22650,1000,20964300,482216000000,-500,true,-2.16
"GEX",142545,"/Date(1700724379000)/",22650,500,20963300,482193000000,-500,true,-2.16
"GEX",142545,"/Date(1700724379000)/",22650,500,20962800,482182000000,-500,true,-2.16
"GEX",142545,"/Date(1700724379000)/",22650,400,20962300,482171000000,-500,true,-2.16
"GEX",142545,"/Date(1700724379000)/",22650,200,20961900,482162000000,-500,true,-2.16
"GEX",142545,"/Date(1700724379000)/",22650,7200,20961700,482157000000,-500,true,-2.16
"GEX",142542,"/Date(1700724378000)/",22650,1000,20954500,481994000000,-500,true,-2.16
"GEX",142542,"/Date(1700724377000)/",22650,800,20953500,481971000000,-500,true,-2.16
"GEX",142542,"/Date(1700724377000)/",22650,100,20952700,481953000000,-500,true,-2.16
"GEX",142542,"/Date(1700724377000)/",22650,100,20952600,481951000000,-500,true,-2.16
"GEX",142538,"/Date(1700724375000)/",22650,1000,20952500,481949000000,-500,true,-2.16
"GEX",142538,"/Date(1700724375000)/",22700,6000,20951500,481926000000,-450,false,-1.94
"GEX",142538,"/Date(1700724375000)/",22700,5000,20945500,481790000000,-450,false,-1.94
"GEX",142538,"/Date(1700724375000)/",22650,8900,20940500,481676000000,-500,true,-2.16
"GEX",142538,"/Date(1700724375000)/",22650,100,20931600,481475000000,-500,true,-2.16
"GEX",142538,"/Date(1700724375000)/",22650,5000,20931500,481473000000,-500,true,-2.16
"GEX",142538,"/Date(1700724375000)/",22650,500,20926500,481359000000,-500,true,-2.16
"GEX",142538,"/Date(1700724375000)/",22650,500,20926000,481348000000,-500,true,-2.16
"GEX",142538,"/Date(1700724375000)/",22650,2000,20925500,481337000000,-500,true,-2.16
"GEX",142538,"/Date(1700724375000)/",22650,2000,20923500,481291000000,-500,true,-2.16
"GEX",142538,"/Date(1700724375000)/",22650,500,20921500,481246000000,-500,true,-2.16
"GEX",142538,"/Date(1700724375000)/",22650,100,20921000,481235000000,-500,true,-2.16
"GEX",142538,"/Date(1700724375000)/",22650,2000,20920900,481233000000,-500,true,-2.16
"GEX",142538,"/Date(1700724375000)/",22650,800,20918900,481187000000,-500,true,-2.16
"GEX",142538,"/Date(1700724375000)/",22650,2500,20918100,481169000000,-500,true,-2.16
"GEX",142538,"/Date(1700724375000)/",22650,600,20915600,481112000000,-500,true,-2.16
"GEX",142538,"/Date(1700724375000)/",22650,5000,20915000,481099000000,-500,true,-2.16
"GEX",142535,"/Date(1700724372000)/",22650,2000,20910000,480986000000,-500,true,-2.16
"GEX",142535,"/Date(1700724371000)/",22700,200,20908000,480940000000,-450,false,-1.94
"GEX",142535,"/Date(1700724371000)/",22700,1500,20907800,480936000000,-450,false,-1.94
"GEX",142535,"/Date(1700724371000)/",22700,500,20906300,480902000000,-450,false,-1.94
"GEX",142535,"/Date(1700724371000)/",22650,2400,20905800,480890000000,-500,true,-2.16
"GEX",142535,"/Date(1700724371000)/",22650,100,20903400,480836000000,-500,true,-2.16
"GEX",142535,"/Date(1700724371000)/",22650,2000,20903300,480834000000,-500,true,-2.16
"GEX",142535,"/Date(1700724371000)/",22650,500,20901300,480788000000,-500,true,-2.16
"GEX",142535,"/Date(1700724370000)/",22700,200,20900800,480777000000,-450,false,-1.94
"GEX",142535,"/Date(1700724370000)/",22700,300,20900600,480773000000,-450,false,-1.94
"GEX",142532,"/Date(1700724367000)/",22700,10000,20900300,480766000000,-450,true,-1.94
"GEX",142532,"/Date(1700724367000)/",22700,3000,20890300,480539000000,-450,true,-1.94
"GEX",142532,"/Date(1700724367000)/",22700,2000,20887300,480471000000,-450,true,-1.94
"GEX",142532,"/Date(1700724366000)/",22700,500,20885300,480425000000,-450,true,-1.94
"GEX",142532,"/Date(1700724366000)/",22700,700,20884800,480414000000,-450,true,-1.94
"GEX",142532,"/Date(1700724366000)/",22700,1000,20884100,480398000000,-450,true,-1.94
"GEX",142532,"/Date(1700724366000)/",22700,5000,20883100,480375000000,-450,true,-1.94
"GEX",142532,"/Date(1700724366000)/",22700,500,20878100,480262000000,-450,true,-1.94
"GEX",142532,"/Date(1700724366000)/",22700,500,20877600,480250000000,-450,true,-1.94
"GEX",142532,"/Date(1700724366000)/",22700,100,20877100,480239000000,-450,true,-1.94
"GEX",142532,"/Date(1700724366000)/",22700,500,20877000,480237000000,-450,true,-1.94
"GEX",142532,"/Date(1700724366000)/",22700,1000,20876500,480226000000,-450,true,-1.94
"GEX",142532,"/Date(1700724366000)/",22700,5000,20875500,480203000000,-450,true,-1.94
"GEX",142532,"/Date(1700724366000)/",22700,100,20870500,480089000000,-450,true,-1.94
"GEX",142532,"/Date(1700724366000)/",22700,300,20870400,480087000000,-450,true,-1.94
"GEX",142532,"/Date(1700724366000)/",22700,200,20870100,480080000000,-450,true,-1.94
"GEX",142532,"/Date(1700724366000)/",22700,500,20869900,480076000000,-450,true,-1.94
"GEX",142532,"/Date(1700724366000)/",22700,3000,20869400,480064000000,-450,true,-1.94
"GEX",142532,"/Date(1700724366000)/",22700,1000,20866400,479996000000,-450,true,-1.94
"GEX",142532,"/Date(1700724366000)/",22700,200,20865400,479974000000,-450,true,-1.94
"GEX",142532,"/Date(1700724366000)/",22700,300,20865200,479969000000,-450,true,-1.94
"GEX",142532,"/Date(1700724366000)/",22700,1000,20864900,479962000000,-450,true,-1.94
"GEX",142532,"/Date(1700724366000)/",22700,100,20863900,479940000000,-450,true,-1.94
"GEX",142532,"/Date(1700724366000)/",22700,500,20863800,479937000000,-450,true,-1.94
"GEX",142532,"/Date(1700724366000)/",22700,500,20863300,479926000000,-450,true,-1.94
"GEX",142532,"/Date(1700724366000)/",22700,1000,20862800,479915000000,-450,true,-1.94
"GEX",142532,"/Date(1700724366000)/",22700,100,20861800,479892000000,-450,true,-1.94
"GEX",142532,"/Date(1700724366000)/",22700,500,20861700,479890000000,-450,true,-1.94
"GEX",142532,"/Date(1700724366000)/",22700,200,20861200,479878000000,-450,true,-1.94
"GEX",142532,"/Date(1700724366000)/",22700,300,20861000,479874000000,-450,true,-1.94
"GEX",142532,"/Date(1700724366000)/",22700,500,20860700,479867000000,-450,true,-1.94
"GEX",142532,"/Date(1700724366000)/",22700,200,20860200,479856000000,-450,true,-1.94
"GEX",142532,"/Date(1700724366000)/",22700,200,20860000,479851000000,-450,true,-1.94
"GEX",142532,"/Date(1700724366000)/",22700,300,20859800,479846000000,-450,true,-1.94
"GEX",142532,"/Date(1700724366000)/",22700,400,20859500,479840000000,-450,true,-1.94
"GEX",142532,"/Date(1700724366000)/",22700,500,20859100,479831000000,-450,true,-1.94
"GEX",142532,"/Date(1700724366000)/",22700,300,20858600,479819000000,-450,true,-1.94
"GEX",142532,"/Date(1700724366000)/",22700,7400,20858300,479812000000,-450,true,-1.94
"GEX",142532,"/Date(1700724366000)/",22700,10000,20850900,479644000000,-450,true,-1.94
"GEX",142532,"/Date(1700724366000)/",22700,1000,20840900,479417000000,-450,true,-1.94
"GEX",142532,"/Date(1700724366000)/",22700,2000,20839900,479395000000,-450,true,-1.94
"GEX",142532,"/Date(1700724366000)/",22700,500,20837900,479349000000,-450,true,-1.94
"GEX",142532,"/Date(1700724366000)/",22700,1000,20837400,479338000000,-450,true,-1.94
"GEX",142532,"/Date(1700724366000)/",22700,500,20836400,479315000000,-450,true,-1.94
"GEX",142532,"/Date(1700724366000)/",22700,5000,20835900,479304000000,-450,true,-1.94
"GEX",142532,"/Date(1700724366000)/",22700,100,20830900,479190000000,-450,true,-1.94
"GEX",142532,"/Date(1700724366000)/",22700,700,20830800,479188000000,-450,true,-1.94
"GEX",142532,"/Date(1700724366000)/",22700,2000,20830100,479172000000,-450,true,-1.94
"GEX",142532,"/Date(1700724366000)/",22700,1000,20828100,479127000000,-450,true,-1.94
"GEX",142532,"/Date(1700724366000)/",22700,1500,20827100,479104000000,-450,true,-1.94
"GEX",142532,"/Date(1700724366000)/",22700,500,20825600,479070000000,-450,true,-1.94
"GEX",142532,"/Date(1700724366000)/",22700,10000,20825100,479059000000,-450,true,-1.94
"GEX",142532,"/Date(1700724366000)/",22700,500,20815100,478832000000,-450,true,-1.94
"GEX",142532,"/Date(1700724366000)/",22700,100,20814600,478820000000,-450,true,-1.94
"GEX",142532,"/Date(1700724366000)/",22700,2000,20814500,478818000000,-450,true,-1.94
"GEX",142532,"/Date(1700724366000)/",22700,100,20812500,478773000000,-450,true,-1.94
"GEX",142532,"/Date(1700724366000)/",22700,1000,20812400,478770000000,-450,true,-1.94
"GEX",142532,"/Date(1700724366000)/",22700,1000,20811400,478748000000,-450,true,-1.94
"GEX",142532,"/Date(1700724366000)/",22700,1000,20810400,478725000000,-450,true,-1.94
"GEX",142532,"/Date(1700724366000)/",22700,5000,20809400,478702000000,-450,true,-1.94
"GEX",142532,"/Date(1700724366000)/",22700,800,20804400,478589000000,-450,true,-1.94
"GEX",142532,"/Date(1700724366000)/",22700,100,20803600,478571000000,-450,true,-1.94
"GEX",142532,"/Date(1700724366000)/",22700,1000,20803500,478568000000,-450,true,-1.94
"GEX",142532,"/Date(1700724366000)/",22700,600,20802500,478546000000,-450,true,-1.94
"GEX",142532,"/Date(1700724366000)/",22700,100,20801900,478532000000,-450,true,-1.94
"GEX",142532,"/Date(1700724366000)/",22700,100,20801800,478530000000,-450,true,-1.94
"GEX",142532,"/Date(1700724366000)/",22700,10000,20801700,478528000000,-450,true,-1.94
"GEX",142532,"/Date(1700724366000)/",22700,1000,20791700,478301000000,-450,true,-1.94
"GEX",142532,"/Date(1700724366000)/",22700,2000,20790700,478278000000,-450,true,-1.94
"GEX",142532,"/Date(1700724366000)/",22700,500,20788700,478232000000,-450,true,-1.94
"GEX",142532,"/Date(1700724366000)/",22700,500,20788200,478221000000,-450,true,-1.94
"GEX",142532,"/Date(1700724366000)/",22700,200,20787700,478210000000,-450,true,-1.94
"GEX",142532,"/Date(1700724366000)/",22700,6000,20787500,478205000000,-450,true,-1.94
"GEX",142532,"/Date(1700724366000)/",22700,200,20781500,478069000000,-450,true,-1.94
"GEX",142532,"/Date(1700724366000)/",22700,3000,20781300,478064000000,-450,true,-1.94
"GEX",142532,"/Date(1700724366000)/",22700,300,20778300,477996000000,-450,true,-1.94
"GEX",142532,"/Date(1700724366000)/",22700,200,20778000,477990000000,-450,true,-1.94
"GEX",142532,"/Date(1700724366000)/",22700,1000,20777800,477985000000,-450,true,-1.94
"GEX",142532,"/Date(1700724366000)/",22700,1000,20776800,477962000000,-450,true,-1.94
"GEX",142532,"/Date(1700724366000)/",22700,10000,20775800,477940000000,-450,true,-1.94
"GEX",142532,"/Date(1700724366000)/",22700,5000,20765800,477713000000,-450,true,-1.94
"GEX",142532,"/Date(1700724366000)/",22700,5000,20760800,477599000000,-450,true,-1.94
"GEX",142532,"/Date(1700724366000)/",22700,500,20755800,477486000000,-450,true,-1.94
"GEX",142532,"/Date(1700724366000)/",22700,6000,20755300,477474000000,-450,true,-1.94
"GEX",142532,"/Date(1700724366000)/",22700,3000,20749300,477338000000,-450,true,-1.94
"GEX",142532,"/Date(1700724366000)/",22700,500,20746300,477270000000,-450,true,-1.94
"GEX",142532,"/Date(1700724366000)/",22700,200,20745800,477259000000,-450,true,-1.94
"GEX",142532,"/Date(1700724366000)/",22700,1000,20745600,477254000000,-450,true,-1.94
"GEX",142532,"/Date(1700724366000)/",22700,2000,20744600,477231000000,-450,true,-1.94
"GEX",142532,"/Date(1700724366000)/",22700,1000,20742600,477186000000,-450,true,-1.94
"GEX",142532,"/Date(1700724366000)/",22700,100,20741600,477163000000,-450,true,-1.94
"GEX",142532,"/Date(1700724366000)/",22700,100,20741500,477161000000,-450,true,-1.94
"GEX",142532,"/Date(1700724366000)/",22700,200,20741400,477159000000,-450,true,-1.94
"GEX",142532,"/Date(1700724366000)/",22700,100,20741200,477154000000,-450,true,-1.94
"GEX",142532,"/Date(1700724366000)/",22700,1000,20741100,477152000000,-450,true,-1.94
"GEX",142532,"/Date(1700724366000)/",22700,1000,20740100,477129000000,-450,true,-1.94
"GEX",142532,"/Date(1700724366000)/",22700,200,20739100,477107000000,-450,true,-1.94
"GEX",142532,"/Date(1700724366000)/",22700,1000,20738900,477102000000,-450,true,-1.94
"GEX",142532,"/Date(1700724366000)/",22700,1000,20737900,477079000000,-450,true,-1.94
"GEX",142532,"/Date(1700724366000)/",22700,300,20736900,477057000000,-450,true,-1.94
"GEX",142532,"/Date(1700724366000)/",22700,200,20736600,477050000000,-450,true,-1.94
"GEX",142532,"/Date(1700724366000)/",22700,200,20736400,477045000000,-450,true,-1.94
"GEX",142532,"/Date(1700724366000)/",22700,2000,20736200,477041000000,-450,true,-1.94
"GEX",142532,"/Date(1700724366000)/",22700,6600,20734200,476995000000,-450,true,-1.94
"GEX",142532,"/Date(1700724366000)/",22700,10000,20727600,476845000000,-450,true,-1.94
"GEX",142532,"/Date(1700724366000)/",22700,100,20717600,476618000000,-450,true,-1.94
"GEX",142532,"/Date(1700724366000)/",22700,10000,20717500,476616000000,-450,true,-1.94
"GEX",142532,"/Date(1700724366000)/",22700,1000,20707500,476389000000,-450,true,-1.94
"GEX",142532,"/Date(1700724366000)/",22700,100,20706500,476367000000,-450,true,-1.94
"GEX",142532,"/Date(1700724366000)/",22700,1000,20706400,476364000000,-450,true,-1.94
"GEX",142532,"/Date(1700724366000)/",22700,100,20705400,476342000000,-450,true,-1.94
"GEX",142532,"/Date(1700724366000)/",22700,5000,20705300,476339000000,-450,true,-1.94
"GEX",142532,"/Date(1700724366000)/",22700,100,20700300,476226000000,-450,true,-1.94
"GEX",142532,"/Date(1700724366000)/",22700,1000,20700200,476224000000,-450,true,-1.94
"GEX",142532,"/Date(1700724366000)/",22700,1000,20699200,476201000000,-450,true,-1.94
"GEX",142532,"/Date(1700724366000)/",22700,2000,20698200,476178000000,-450,true,-1.94
"GEX",142532,"/Date(1700724366000)/",22700,10000,20696200,476133000000,-450,true,-1.94
"GEX",142532,"/Date(1700724366000)/",22700,1000,20686200,475906000000,-450,true,-1.94
"GEX",142532,"/Date(1700724366000)/",22700,1400,20685200,475883000000,-450,true,-1.94
"GEX",142532,"/Date(1700724366000)/",22700,300,20683800,475851000000,-450,true,-1.94
"GEX",142532,"/Date(1700724366000)/",22700,2000,20683500,475844000000,-450,true,-1.94
"GEX",142532,"/Date(1700724366000)/",22700,600,20681500,475799000000,-450,true,-1.94
"GEX",142532,"/Date(1700724366000)/",22700,1000,20680900,475785000000,-450,true,-1.94
"GEX",142532,"/Date(1700724366000)/",22700,3000,20679900,475763000000,-450,true,-1.94
"GEX",142532,"/Date(1700724366000)/",22700,10000,20676900,475695000000,-450,true,-1.94
"GEX",142532,"/Date(1700724366000)/",22700,10000,20666900,475468000000,-450,true,-1.94
"GEX",142532,"/Date(1700724366000)/",22700,2000,20656900,475241000000,-450,true,-1.94
"GEX",142532,"/Date(1700724366000)/",22700,300,20654900,475195000000,-450,true,-1.94
"GEX",142532,"/Date(1700724366000)/",22700,5000,20654600,475188000000,-450,true,-1.94
"GEX",142532,"/Date(1700724366000)/",22700,1000,20649600,475075000000,-450,true,-1.94
"GEX",142532,"/Date(1700724366000)/",22700,600,20648600,475052000000,-450,true,-1.94
"GEX",142532,"/Date(1700724366000)/",22700,100,20648000,475039000000,-450,true,-1.94
"GEX",142532,"/Date(1700724366000)/",22700,1000,20647900,475036000000,-450,true,-1.94
"GEX",142532,"/Date(1700724366000)/",22700,100,20646900,475014000000,-450,true,-1.94
"GEX",142532,"/Date(1700724366000)/",22700,100,20646800,475011000000,-450,true,-1.94
"GEX",142532,"/Date(1700724366000)/",22700,100,20646700,475009000000,-450,true,-1.94
"GEX",142532,"/Date(1700724366000)/",22700,700,20646600,475007000000,-450,true,-1.94
"GEX",142532,"/Date(1700724366000)/",22700,200,20645900,474991000000,-450,true,-1.94
"GEX",142532,"/Date(1700724366000)/",22700,1000,20645700,474986000000,-450,true,-1.94
"GEX",142532,"/Date(1700724366000)/",22700,1000,20644700,474964000000,-450,true,-1.94
"GEX",142532,"/Date(1700724366000)/",22700,300,20643700,474941000000,-450,true,-1.94
"GEX",142532,"/Date(1700724366000)/",22700,1000,20643400,474934000000,-450,true,-1.94
"GEX",142532,"/Date(1700724366000)/",22700,100,20642400,474911000000,-450,true,-1.94
"GEX",142532,"/Date(1700724366000)/",22700,2000,20642300,474909000000,-450,true,-1.94
"GEX",142532,"/Date(1700724366000)/",22700,200,20640300,474864000000,-450,true,-1.94
"GEX",142532,"/Date(1700724366000)/",22700,1000,20640100,474859000000,-450,true,-1.94
"GEX",142532,"/Date(1700724366000)/",22700,10000,20639100,474837000000,-450,true,-1.94
"GEX",142532,"/Date(1700724366000)/",22700,200,20629100,474610000000,-450,true,-1.94
"GEX",142532,"/Date(1700724366000)/",22700,200,20628900,474605000000,-450,true,-1.94
"GEX",142532,"/Date(1700724366000)/",22700,100,20628700,474600000000,-450,true,-1.94
"GEX",142532,"/Date(1700724366000)/",22700,100,20628600,474598000000,-450,true,-1.94
"GEX",142532,"/Date(1700724366000)/",22700,2000,20628500,474596000000,-450,true,-1.94
"GEX",142532,"/Date(1700724366000)/",22700,1000,20626500,474551000000,-450,true,-1.94
"GEX",142532,"/Date(1700724366000)/",22700,300,20625500,474528000000,-450,true,-1.94
"GEX",142532,"/Date(1700724366000)/",22700,500,20625200,474521000000,-450,true,-1.94
"GEX",142532,"/Date(1700724366000)/",22700,500,20624700,474510000000,-450,true,-1.94
"GEX",142532,"/Date(1700724366000)/",22700,3000,20624200,474498000000,-450,true,-1.94
"GEX",142532,"/Date(1700724366000)/",22700,300,20621200,474430000000,-450,true,-1.94
"GEX",142532,"/Date(1700724366000)/",22700,1500,20620900,474423000000,-450,true,-1.94
"GEX",142532,"/Date(1700724366000)/",22700,300,20619400,474389000000,-450,true,-1.94
"GEX",142532,"/Date(1700724366000)/",22700,100,20619100,474383000000,-450,true,-1.94
"GEX",142532,"/Date(1700724366000)/",22700,100,20619000,474380000000,-450,true,-1.94
"GEX",142532,"/Date(1700724366000)/",22700,800,20618900,474378000000,-450,true,-1.94
"GEX",142532,"/Date(1700724366000)/",22700,1000,20618100,474360000000,-450,true,-1.94
"GEX",142532,"/Date(1700724366000)/",22700,1400,20617100,474337000000,-450,true,-1.94
"GEX",142532,"/Date(1700724366000)/",22700,600,20615700,474305000000,-450,true,-1.94
"GEX",142532,"/Date(1700724366000)/",22700,1000,20615100,474292000000,-450,true,-1.94
"GEX",142532,"/Date(1700724366000)/",22700,100,20614100,474269000000,-450,true,-1.94
"GEX",142532,"/Date(1700724366000)/",22700,100,20614000,474267000000,-450,true,-1.94
"GEX",142532,"/Date(1700724366000)/",22700,500,20613900,474265000000,-450,true,-1.94
"GEX",142532,"/Date(1700724366000)/",22700,1500,20613400,474253000000,-450,true,-1.94
"GEX",142532,"/Date(1700724366000)/",22700,500,20611900,474219000000,-450,true,-1.94
"GEX",142532,"/Date(1700724366000)/",22700,100,20611400,474208000000,-450,true,-1.94
"GEX",142532,"/Date(1700724366000)/",22700,500,20611300,474205000000,-450,true,-1.94
"GEX",142532,"/Date(1700724366000)/",22700,500,20610800,474194000000,-450,true,-1.94
"GEX",142532,"/Date(1700724366000)/",22700,500,20610300,474183000000,-450,true,-1.94
"GEX",142532,"/Date(1700724366000)/",22700,100,20609800,474171000000,-450,true,-1.94
"GEX",142529,"/Date(1700724365000)/",22700,1900,20609700,474169000000,-450,true,-1.94
"GEX",142529,"/Date(1700724365000)/",22700,400,20607800,474126000000,-450,true,-1.94
"GEX",142529,"/Date(1700724365000)/",22700,2700,20607400,474117000000,-450,true,-1.94
"GEX",142529,"/Date(1700724365000)/",22700,300,20604700,474056000000,-450,true,-1.94
"GEX",142529,"/Date(1700724365000)/",22700,200,20604400,474049000000,-450,true,-1.94
"GEX",142529,"/Date(1700724365000)/",22700,100,20604200,474044000000,-450,true,-1.94
"GEX",142529,"/Date(1700724365000)/",22700,500,20604100,474042000000,-450,true,-1.94
"GEX",142529,"/Date(1700724365000)/",22700,1000,20603600,474031000000,-450,true,-1.94
"GEX",142529,"/Date(1700724365000)/",22700,500,20602600,474008000000,-450,true,-1.94
"GEX",142529,"/Date(1700724365000)/",22700,400,20602100,473997000000,-450,true,-1.94
"GEX",142529,"/Date(1700724365000)/",22700,500,20601700,473988000000,-450,true,-1.94
"GEX",142529,"/Date(1700724365000)/",22700,2000,20601200,473976000000,-450,true,-1.94
"GEX",142529,"/Date(1700724365000)/",22700,1000,20599200,473931000000,-450,true,-1.94
"GEX",142529,"/Date(1700724365000)/",22700,200,20598200,473908000000,-450,true,-1.94
"GEX",142529,"/Date(1700724365000)/",22700,200,20598000,473904000000,-450,true,-1.94
"GEX",142529,"/Date(1700724365000)/",22700,500,20597800,473899000000,-450,true,-1.94
"GEX",142529,"/Date(1700724365000)/",22700,10000,20597300,473888000000,-450,true,-1.94
"GEX",142529,"/Date(1700724365000)/",22700,2000,20587300,473661000000,-450,true,-1.94
"GEX",142529,"/Date(1700724365000)/",22700,200,20585300,473615000000,-450,true,-1.94
"GEX",142529,"/Date(1700724365000)/",22700,400,20585100,473611000000,-450,true,-1.94
"GEX",142529,"/Date(1700724365000)/",22700,100,20584700,473602000000,-450,true,-1.94
"GEX",142529,"/Date(1700724365000)/",22700,10000,20584600,473599000000,-450,true,-1.94
"GEX",142529,"/Date(1700724365000)/",22700,500,20574600,473372000000,-450,true,-1.94
"GEX",142529,"/Date(1700724365000)/",22700,2000,20574100,473361000000,-450,true,-1.94
"GEX",142529,"/Date(1700724365000)/",22700,300,20572100,473316000000,-450,true,-1.94
"GEX",142529,"/Date(1700724365000)/",22700,300,20571800,473309000000,-450,true,-1.94
"GEX",142529,"/Date(1700724365000)/",22700,500,20571500,473302000000,-450,true,-1.94
"GEX",142529,"/Date(1700724365000)/",22700,200,20571000,473291000000,-450,true,-1.94
"GEX",142529,"/Date(1700724365000)/",22700,1000,20570800,473286000000,-450,true,-1.94
"GEX",142529,"/Date(1700724365000)/",22700,1000,20569800,473263000000,-450,true,-1.94
"GEX",142529,"/Date(1700724365000)/",22700,10000,20568800,473241000000,-450,true,-1.94
"GEX",142529,"/Date(1700724365000)/",22700,100,20558800,473014000000,-450,true,-1.94
"GEX",142529,"/Date(1700724365000)/",22700,4000,20558700,473011000000,-450,true,-1.94
"GEX",142529,"/Date(1700724365000)/",22700,100,20554700,472921000000,-450,true,-1.94
"GEX",142529,"/Date(1700724364000)/",22700,200,20554600,472918000000,-450,true,-1.94
"GEX",142529,"/Date(1700724364000)/",22700,500,20554400,472914000000,-450,true,-1.94
"GEX",142526,"/Date(1700724361000)/",22700,2000,20553900,472903000000,-450,true,-1.94
"GEX",142526,"/Date(1700724361000)/",22700,13200,20551900,472857000000,-450,true,-1.94
"GEX",142526,"/Date(1700724361000)/",22700,1000,20538700,472557000000,-450,true,-1.94
"GEX",142526,"/Date(1700724361000)/",22700,700,20537700,472535000000,-450,true,-1.94
"GEX",142526,"/Date(1700724361000)/",22700,3000,20537000,472519000000,-450,true,-1.94
"GEX",142526,"/Date(1700724361000)/",22700,500,20534000,472451000000,-450,true,-1.94
"GEX",142526,"/Date(1700724361000)/",22700,1000,20533500,472439000000,-450,true,-1.94
"GEX",142526,"/Date(1700724361000)/",22700,100,20532500,472417000000,-450,true,-1.94
"GEX",142526,"/Date(1700724361000)/",22700,1500,20532400,472414000000,-450,true,-1.94
"GEX",142526,"/Date(1700724361000)/",22700,400,20530900,472380000000,-450,true,-1.94
"GEX",142526,"/Date(1700724361000)/",22700,8600,20530500,472371000000,-450,true,-1.94
"GEX",142526,"/Date(1700724361000)/",22700,800,20521900,472176000000,-450,true,-1.94
"GEX",142522,"/Date(1700724359000)/",22750,30000,20521100,472158000000,-400,false,-1.73
"GEX",142522,"/Date(1700724358000)/",22700,900,20491100,471475000000,-450,true,-1.94
"GEX",142522,"/Date(1700724357000)/",22700,400,20490200,471455000000,-450,true,-1.94
"GEX",142522,"/Date(1700724357000)/",22750,1000,20489800,471446000000,-400,false,-1.73
"GEX",142522,"/Date(1700724357000)/",22700,1000,20488800,471423000000,-450,true,-1.94
"GEX",142519,"/Date(1700724356000)/",22700,5000,20487800,471400000000,-450,true,-1.94
"GEX",142519,"/Date(1700724356000)/",22700,200,20482800,471287000000,-450,true,-1.94
"GEX",142519,"/Date(1700724355000)/",22700,2000,20482600,471282000000,-450,true,-1.94
"GEX",142519,"/Date(1700724355000)/",22700,300,20480600,471237000000,-450,true,-1.94
"GEX",142519,"/Date(1700724355000)/",22700,800,20480300,471230000000,-450,true,-1.94
"GEX",142519,"/Date(1700724355000)/",22700,300,20479500,471212000000,-450,true,-1.94
"GEX",142519,"/Date(1700724355000)/",22700,600,20479200,471205000000,-450,true,-1.94
"GEX",142519,"/Date(1700724355000)/",22700,500,20478600,471192000000,-450,true,-1.94
"GEX",142519,"/Date(1700724355000)/",22700,500,20478100,471180000000,-450,true,-1.94
"GEX",142519,"/Date(1700724355000)/",22700,100,20477600,471169000000,-450,true,-1.94
"GEX",142519,"/Date(1700724355000)/",22700,2200,20477500,471167000000,-450,true,-1.94
