"price","change","match_qtty","side","time","total_vol"
22.05,0.15,312500,"","14:45:00",4828800
22.15,0.25,200,"bu","14:29:25",4516300
22.15,0.25,200,"bu","14:29:20",4516100
22.15,0.25,4000,"bu","14:29:14",4515900
22.1,0.2,1000,"sd","14:29:10",4511900
22.1,0.2,100,"sd","14:28:35",4510900
22.1,0.2,5400,"sd","14:28:28",4510800
22.1,0.2,45100,"bu","14:26:53",4505400
22.1,0.2,500,"bu","14:26:32",4460300
22.1,0.2,100,"bu","14:26:27",4459800
22.1,0.2,5000,"bu","14:26:21",4459700
22.1,0.2,5000,"bu","14:26:16",4454700
22.1,0.2,200,"bu","14:26:13",4449700
22.1,0.2,90000,"bu","14:26:04",4449500
22.1,0.2,500,"bu","14:25:47",4359500
22.1,0.2,10000,"bu","14:25:42",4359000
22.1,0.2,500,"bu","14:24:56",4349000
22.1,0.2,1000,"bu","14:24:53",4348500
22.1,0.2,80000,"bu","14:24:42",4347500
22.1,0.2,18900,"sd","14:24:33",4267500
22.15,0.25,14900,"bu","14:24:27",4248600
22.1,0.2,5100,"bu","14:24:27",4233700
22.1,0.2,100,"bu","14:24:16",4228600
22.1,0.2,500,"bu","14:24:14",4228500
22.1,0.2,500,"bu","14:24:12",4228000
22.1,0.2,10000,"bu","14:24:04",4227500
22.1,0.2,62000,"bu","14:24:01",4217500
22.1,0.2,100000,"bu","14:23:53",4155500
22.1,0.2,100,"bu","14:23:40",4055500
22.1,0.2,500,"bu","14:23:30",4055400
22.1,0.2,30000,"bu","14:23:22",4054900
22.1,0.2,1000,"bu","14:23:22",4024900
22.1,0.2,30000,"bu","14:23:02",4023900
22.1,0.2,10200,"sd","14:22:51",3993900
22.15,0.25,20000,"bu","14:22:48",3983700
22.1,0.2,2000,"sd","14:22:42",3963700
22.1,0.2,3000,"sd","14:22:24",3961700
22.1,0.2,10000,"sd","14:21:39",3958700
22.15,0.25,15000,"bu","14:21:27",3948700
22.15,0.25,100,"bu","14:21:19",3933700
22.15,0.25,1000,"bu","14:21:10",3933600
22.1,0.2,100,"sd","14:21:02",3932600
22.1,0.2,10100,"bu","14:20:51",3932500
22.1,0.2,1900,"sd","14:20:41",3922400
22.1,0.2,1100,"bu","14:20:39",3920500
22.1,0.2,18900,"sd","14:20:25",3919400
22.15,0.25,2000,"bu","14:20:20",3900500
22.15,0.25,2000,"bu","14:19:57",3898500
22.15,0.25,1000,"bu","14:19:23",3896500
22.15,0.25,500,"bu","14:19:10",3895500
22.1,0.2,600,"sd","14:19:10",3895000
22.15,0.25,200,"bu","14:18:54",3894400
22.1,0.2,2000,"sd","14:18:33",3894200
22.15,0.25,17400,"bu","14:18:30",3892200
22.1,0.2,100,"sd","14:17:58",3874800
22.1,0.2,300,"sd","14:17:35",3874700
22.1,0.2,3600,"sd","14:16:39",3874400
22.1,0.2,400,"sd","14:16:36",3870800
22.1,0.2,3000,"sd","14:16:21",3870400
22.1,0.2,2000,"sd","14:15:47",3867400
22.15,0.25,200,"bu","14:15:40",3865400
22.15,0.25,80000,"bu","14:15:17",3865200
22.1,0.2,1000,"sd","14:15:07",3785200
22.1,0.2,18300,"sd","14:14:32",3784200
22.1,0.2,2000,"sd","14:14:23",3765900
22.1,0.2,11400,"sd","14:14:18",3763900
22.15,0.25,1500,"bu","14:14:15",3752500
22.15,0.25,500,"bu","14:13:33",3751000
22.15,0.25,500,"bu","14:13:03",3750500
22.15,0.25,10000,"bu","14:12:24",3750000
22.15,0.25,200,"bu","14:12:10",3740000
22.15,0.25,29000,"bu","14:10:50",3739800
22.1,0.2,100,"sd","14:10:15",3710800
22.1,0.2,7100,"bu","14:10:00",3710700
22.1,0.2,2000,"bu","14:09:39",3703600
22.1,0.2,500,"bu","14:09:34",3701600
22.1,0.2,500,"bu","14:09:26",3701100
22.1,0.2,1000,"bu","14:09:25",3700600
22.1,0.2,18900,"sd","14:09:25",3699600
22.1,0.2,5000,"sd","14:09:23",3680700
22.15,0.25,29000,"bu","14:09:14",3675700
22.15,0.25,15000,"bu","14:08:41",3646700
22.15,0.25,49200,"sd","14:08:32",3631700
22.15,0.25,100,"sd","14:08:23",3582500
22.2,0.3,29000,"bu","14:08:13",3582400
22.15,0.25,100,"sd","14:07:44",3553400
22.2,0.3,45000,"bu","14:07:17",3553300
22.15,0.25,200,"bu","14:06:47",3508300
22.1,0.2,800,"sd","14:06:12",3508100
22.15,0.25,1200,"sd","14:06:12",3507300
22.15,0.25,400,"sd","14:06:01",3506100
22.15,0.25,200,"sd","14:05:53",3505700
22.15,0.25,500,"bu","14:05:51",3505500
22.1,0.2,15100,"bu","14:05:51",3505000
22.1,0.2,200,"bu","14:05:48",3489900
22.1,0.2,400,"bu","14:05:46",3489700
22.1,0.2,7000,"bu","14:05:40",3489300
22.1,0.2,25000,"bu","14:05:39",3482300
22.1,0.2,500,"bu","14:05:38",3457300
22.1,0.2,3500,"bu","14:05:36",3456800
22.1,0.2,17400,"bu","14:05:30",3453300
22.1,0.2,200,"bu","14:05:28",3435900
22.1,0.2,100,"bu","14:05:28",3435700
22.1,0.2,50000,"bu","14:05:24",3435600
22.1,0.2,20000,"bu","14:05:23",3385600
22.1,0.2,100,"bu","14:05:07",3365600
22.1,0.2,17400,"bu","14:05:05",3365500
22.1,0.2,800,"bu","14:05:01",3348100
22.1,0.2,2000,"bu","14:04:56",3347300
22.1,0.2,100,"bu","14:04:44",3345300
22.1,0.2,17400,"bu","14:04:42",3345200
22.1,0.2,17400,"bu","14:04:21",3327800
22.1,0.2,23200,"bu","14:04:20",3310400
22.1,0.2,1500,"bu","14:04:18",3287200
22.05,0.15,4600,"sd","14:04:10",3285700
22.1,0.2,5800,"bu","14:03:55",3281100
22.1,0.2,300,"bu","14:03:51",3275300
22.1,0.2,100,"bu","14:03:02",3275000
22.05,0.15,2000,"sd","14:02:57",3274900
22.1,0.2,25700,"sd","14:02:36",3272900
22.1,0.2,3300,"bu","14:02:19",3247200
22.05,0.15,4000,"sd","14:02:01",3243900
22.1,0.2,2000,"bu","14:01:55",3239900
22.05,0.15,1000,"sd","14:01:55",3237900
22.1,0.2,500,"bu","14:01:39",3236900
22.1,0.2,5000,"bu","14:01:36",3236400
22.1,0.2,17700,"bu","14:01:31",3231400
22.1,0.2,200,"bu","14:01:24",3213700
22.1,0.2,17400,"bu","14:01:14",3213500
22.1,0.2,10000,"bu","14:01:07",3196100
22.05,0.15,100,"sd","14:01:03",3186100
22.1,0.2,700,"bu","14:00:58",3186000
22.1,0.2,1000,"bu","14:00:57",3185300
22.1,0.2,29000,"bu","14:00:42",3184300
22.1,0.2,1000,"bu","13:59:48",3155300
22.1,0.2,100,"bu","13:59:39",3154300
22.05,0.15,1700,"sd","13:59:38",3154200
22.1,0.2,17400,"bu","13:59:23",3152500
22.1,0.2,2000,"bu","13:58:22",3135100
22.05,0.15,2000,"sd","13:57:55",3133100
22.1,0.2,2000,"bu","13:57:27",3131100
22.05,0.15,1000,"sd","13:56:17",3129100
22.05,0.15,40000,"sd","13:56:15",3128100
22.05,0.15,50000,"sd","13:56:08",3088100
22.1,0.2,500,"bu","13:56:03",3038100
22.05,0.15,1000,"sd","13:56:02",3037600
22.1,0.2,500,"bu","13:55:47",3036600
22.1,0.2,500,"bu","13:55:31",3036100
22.05,0.15,5000,"sd","13:54:22",3035600
22.1,0.2,17400,"bu","13:54:19",3030600
22.1,0.2,10000,"bu","13:54:16",3013200
22.1,0.2,300,"bu","13:54:08",3003200
22.1,0.2,3300,"bu","13:53:36",3002900
22.1,0.2,91900,"sd","13:53:33",2999600
22.15,0.25,27600,"sd","13:53:33",2907700
22.15,0.25,10000,"bu","13:52:53",2880100
22.15,0.25,500,"bu","13:52:46",2870100
22.15,0.25,100,"bu","13:52:36",2869600
22.15,0.25,10000,"bu","13:52:21",2869500
22.15,0.25,2000,"bu","13:52:04",2859500
22.15,0.25,500,"bu","13:51:40",2857500
22.15,0.25,49000,"sd","13:51:26",2857000
22.15,0.25,11000,"sd","13:50:38",2808000
22.15,0.25,7000,"sd","13:50:29",2797000
22.15,0.25,5400,"bu","13:50:07",2790000
22.15,0.25,10000,"bu","13:49:57",2784600
22.15,0.25,98900,"sd","13:49:47",2774600
22.2,0.3,21600,"sd","13:49:47",2675700
22.2,0.3,10000,"sd","13:49:25",2654100
22.2,0.3,3000,"sd","13:48:52",2644100
22.2,0.3,100,"sd","13:48:24",2641100
22.2,0.3,300,"sd","13:48:20",2641000
22.2,0.3,14000,"bu","13:48:18",2640700
22.2,0.3,100,"bu","13:48:16",2626700
22.2,0.3,1000,"bu","13:48:09",2626600
22.2,0.3,100,"bu","13:47:54",2625600
22.2,0.3,400,"bu","13:47:53",2625500
22.2,0.3,400,"sd","13:47:31",2625100
22.25,0.35,14000,"bu","13:47:23",2624700
22.2,0.3,3400,"bu","13:47:23",2610700
22.2,0.3,41900,"bu","13:47:07",2607300
22.2,0.3,8100,"bu","13:47:06",2565400
22.2,0.3,10000,"bu","13:46:42",2557300
22.2,0.3,1000,"bu","13:46:42",2547300
22.15,0.25,100,"sd","13:46:41",2546300
22.2,0.3,400,"bu","13:45:56",2546200
22.2,0.3,4700,"sd","13:45:51",2545800
22.25,0.35,1500,"bu","13:45:50",2541100
22.2,0.3,1000,"sd","13:45:20",2539600
22.2,0.3,100,"bu","13:45:03",2538600
22.2,0.3,1500,"bu","13:44:55",2538500
22.2,0.3,2000,"bu","13:44:45",2537000
22.2,0.3,100,"bu","13:44:37",2535000
22.2,0.3,53000,"sd","13:44:32",2534900
22.2,0.3,100,"sd","13:44:23",2481900
22.2,0.3,10000,"sd","13:43:58",2481800
22.25,0.35,1900,"bu","13:43:57",2471800
22.25,0.35,2100,"bu","13:43:45",2469900
22.25,0.35,1500,"bu","13:43:32",2467800
22.25,0.35,1800,"bu","13:43:22",2466300
22.25,0.35,1800,"bu","13:43:10",2464500
22.25,0.35,16700,"bu","13:43:03",2462700
22.2,0.3,15300,"bu","13:43:03",2446000
22.2,0.3,14700,"sd","13:43:01",2430700
22.25,0.35,2300,"bu","13:42:59",2416000
22.25,0.35,1800,"bu","13:42:44",2413700
22.2,0.3,30000,"sd","13:42:44",2411900
22.25,0.35,3000,"bu","13:42:41",2381900
22.25,0.35,1800,"bu","13:42:33",2378900
22.25,0.35,17400,"bu","13:42:30",2377100
22.25,0.35,1600,"bu","13:42:21",2359700
22.25,0.35,20000,"bu","13:42:17",2358100
22.25,0.35,17400,"bu","13:42:12",2338100
22.25,0.35,1800,"bu","13:42:11",2320700
22.25,0.35,2200,"bu","13:42:00",2318900
22.25,0.35,9200,"bu","13:41:58",2316700
22.25,0.35,7200,"bu","13:41:55",2307500
22.2,0.3,3300,"bu","13:41:55",2300300
22.2,0.3,10000,"bu","13:41:53",2297000
22.2,0.3,3000,"bu","13:41:50",2287000
22.2,0.3,12700,"bu","13:41:46",2284000
22.2,0.3,2400,"bu","13:41:46",2271300
22.2,0.3,17400,"bu","13:41:41",2268900
22.2,0.3,9200,"bu","13:41:39",2251500
22.2,0.3,2000,"sd","13:41:37",2242300
22.25,0.35,11100,"bu","13:41:34",2240300
22.2,0.3,600,"bu","13:41:34",2229200
22.25,0.35,200,"bu","13:41:31",2228600
22.2,0.3,1300,"bu","13:41:31",2228400
22.2,0.3,17400,"bu","13:41:23",2227100
22.2,0.3,1500,"bu","13:41:20",2209700
22.2,0.3,9200,"bu","13:41:19",2208200
22.2,0.3,12700,"bu","13:41:18",2199000
22.2,0.3,1500,"bu","13:41:11",2186300
22.2,0.3,1500,"bu","13:41:01",2184800
22.2,0.3,1900,"bu","13:40:52",2183300
22.2,0.3,1800,"bu","13:40:39",2181400
22.2,0.3,100,"bu","13:40:35",2179600
22.2,0.3,1900,"bu","13:40:28",2179500
22.2,0.3,1900,"bu","13:40:16",2177600
22.2,0.3,2000,"bu","13:40:04",2175700
22.2,0.3,2100,"bu","13:39:51",2173700
22.2,0.3,2000,"bu","13:39:37",2171600
22.2,0.3,1400,"bu","13:39:24",2169600
22.2,0.3,200,"bu","13:39:23",2168200
22.2,0.3,1500,"bu","13:39:16",2168000
22.2,0.3,9800,"sd","13:39:08",2166500
22.25,0.35,1800,"bu","13:39:06",2156700
22.2,0.3,10200,"bu","13:39:00",2154900
22.2,0.3,1600,"bu","13:38:55",2144700
22.2,0.3,1800,"bu","13:38:44",2143100
22.2,0.3,1600,"bu","13:38:33",2141300
22.2,0.3,1700,"bu","13:38:23",2139700
22.2,0.3,1600,"bu","13:38:12",2138000
22.2,0.3,1800,"bu","13:38:03",2136400
22.2,0.3,2100,"bu","13:37:50",2134600
22.2,0.3,2000,"bu","13:37:46",2132500
22.2,0.3,2000,"bu","13:37:41",2130500
22.2,0.3,20000,"bu","13:37:38",2128500
22.2,0.3,1800,"bu","13:37:36",2108500
22.2,0.3,2900,"bu","13:37:25",2106700
22.2,0.3,200,"bu","13:37:07",2103800
22.2,0.3,1700,"bu","13:37:06",2103600
22.2,0.3,300,"bu","13:37:03",2101900
22.2,0.3,1000,"bu","13:37:00",2101600
22.2,0.3,200,"bu","13:36:57",2100600
22.2,0.3,1800,"bu","13:36:56",2100400
22.2,0.3,1800,"bu","13:36:44",2098600
22.2,0.3,5000,"bu","13:36:39",2096800
22.2,0.3,6500,"bu","13:36:33",2091800
22.2,0.3,12300,"sd","13:36:30",2085300
22.25,0.35,1500,"bu","13:36:21",2073000
22.2,0.3,1900,"bu","13:35:56",2071500
22.2,0.3,100,"bu","13:35:36",2069600
22.2,0.3,18000,"sd","13:35:30",2069500
22.2,0.3,4000,"bu","13:35:15",2051500
22.2,0.3,2300,"bu","13:35:14",2047500
22.2,0.3,43700,"sd","13:35:08",2045200
22.25,0.35,1600,"bu","13:34:59",2001500
22.25,0.35,2400,"bu","13:34:50",1999900
22.25,0.35,1800,"bu","13:34:49",1997500
22.3,0.4,1400,"bu","13:34:37",1995700
22.3,0.4,1600,"bu","13:34:29",1994300
22.3,0.4,1500,"bu","13:34:18",1992700
22.3,0.4,200,"bu","13:34:09",1991200
22.25,0.35,1800,"bu","13:34:09",1991000
22.25,0.35,28200,"sd","13:33:58",1989200
22.3,0.4,2000,"bu","13:33:56",1961000
22.3,0.4,2300,"bu","13:33:44",1959000
22.3,0.4,1700,"bu","13:33:29",1956700
22.3,0.4,1500,"bu","13:33:17",1955000
22.3,0.4,2700,"bu","13:33:08",1953500
22.3,0.4,1600,"bu","13:32:51",1950800
22.3,0.4,1900,"bu","13:32:40",1949200
22.25,0.35,500,"sd","13:32:37",1947300
22.25,0.35,20000,"sd","13:32:31",1946800
22.25,0.35,1600,"bu","13:32:29",1926800
22.25,0.35,1500,"bu","13:32:28",1925200
22.25,0.35,1800,"bu","13:32:19",1923700
22.25,0.35,100,"sd","13:32:15",1921900
22.25,0.35,100,"bu","13:32:13",1921800
22.25,0.35,3000,"bu","13:32:09",1921700
22.25,0.35,2000,"bu","13:32:07",1918700
22.25,0.35,25100,"sd","13:31:59",1916700
22.3,0.4,1700,"bu","13:31:55",1891600
22.3,0.4,200,"bu","13:31:52",1889900
22.3,0.4,1700,"bu","13:31:44",1889700
22.3,0.4,1900,"bu","13:31:33",1888000
22.3,0.4,300,"bu","13:31:25",1886100
22.25,0.35,100,"sd","13:31:24",1885800
22.3,0.4,1800,"bu","13:31:21",1885700
22.3,0.4,1800,"bu","13:31:09",1883900
22.3,0.4,100,"bu","13:31:01",1882100
22.3,0.4,100,"bu","13:30:59",1882000
22.3,0.4,3400,"sd","13:30:57",1881900
22.3,0.4,100,"sd","13:30:51",1878500
22.35,0.45,1200,"bu","13:30:48",1878400
22.3,0.4,400,"bu","13:30:48",1877200
22.3,0.4,100,"sd","13:30:41",1876800
22.35,0.45,1700,"bu","13:30:38",1876700
22.35,0.45,500,"bu","13:30:28",1875000
22.35,0.45,500,"bu","13:30:27",1874500
22.3,0.4,1100,"bu","13:30:27",1874000
22.3,0.4,100000,"bu","13:30:22",1872900
22.3,0.4,111700,"bu","13:30:19",1772900
22.25,0.35,10000,"sd","13:30:17",1661200
22.3,0.4,1900,"bu","13:30:17",1651200
22.3,0.4,1700,"bu","13:30:05",1649300
22.25,0.35,20000,"sd","13:29:56",1647600
22.3,0.4,1500,"bu","13:29:53",1627600
22.25,0.35,40100,"bu","13:29:53",1626100
22.25,0.35,1000,"bu","13:29:51",1586000
22.25,0.35,1500,"bu","13:29:44",1585000
22.25,0.35,1800,"bu","13:29:34",1583500
22.25,0.35,2200,"bu","13:29:23",1581700
22.25,0.35,2000,"bu","13:29:19",1579500
22.25,0.35,200,"bu","13:29:18",1577500
22.25,0.35,1900,"bu","13:29:09",1577300
22.25,0.35,1900,"bu","13:28:57",1575400
22.25,0.35,2100,"bu","13:28:44",1573500
22.25,0.35,2000,"bu","13:28:31",1571400
22.2,0.3,300,"sd","13:28:28",1569400
22.25,0.35,2400,"bu","13:28:18",1569100
22.25,0.35,1900,"bu","13:28:07",1566700
22.25,0.35,100,"bu","13:28:03",1564800
22.25,0.35,2300,"bu","13:27:55",1564700
22.25,0.35,2000,"bu","13:27:48",1562400
22.25,0.35,2100,"bu","13:27:41",1560400
22.25,0.35,2600,"bu","13:27:29",1558300
22.25,0.35,1500,"bu","13:27:27",1555700
22.25,0.35,1500,"bu","13:27:18",1554200
22.25,0.35,1700,"bu","13:27:08",1552700
22.25,0.35,1500,"bu","13:26:57",1551000
22.25,0.35,1600,"bu","13:26:47",1549500
22.25,0.35,1700,"bu","13:26:37",1547900
22.25,0.35,1500,"bu","13:26:26",1546200
22.25,0.35,2100,"bu","13:26:16",1544700
22.25,0.35,1400,"bu","13:26:04",1542600
22.25,0.35,300,"bu","13:25:59",1541200
22.25,0.35,2200,"bu","13:25:54",1540900
22.25,0.35,2000,"bu","13:25:40",1538700
22.25,0.35,6600,"bu","13:25:37",1536700
22.25,0.35,1000,"bu","13:25:33",1530100
22.25,0.35,2300,"bu","13:25:27",1529100
22.2,0.3,15200,"bu","13:25:17",1526800
22.2,0.3,1000,"bu","13:25:15",1511600
22.2,0.3,2200,"bu","13:25:13",1510600
22.2,0.3,1000,"bu","13:25:13",1508400
22.2,0.3,4200,"bu","13:24:59",1507400
22.2,0.3,5800,"bu","13:24:58",1503200
22.2,0.3,21600,"sd","13:24:57",1497400
22.25,0.35,2000,"bu","13:24:56",1475800
22.2,0.3,500,"bu","13:24:49",1473800
22.15,0.25,43300,"sd","13:24:48",1473300
22.2,0.3,6700,"sd","13:24:48",1430000
22.2,0.3,1500,"bu","13:24:43",1423300
22.2,0.3,93800,"bu","13:24:42",1421800
22.2,0.3,6900,"bu","13:24:32",1328000
22.15,0.25,2400,"bu","13:24:32",1321100
22.15,0.25,100,"bu","13:24:28",1318700
22.15,0.25,3000,"bu","13:24:12",1318600
22.15,0.25,50000,"bu","13:24:07",1315600
22.15,0.25,45000,"bu","13:24:05",1265600
22.15,0.25,4000,"bu","13:23:33",1220600
22.15,0.25,1900,"bu","13:23:07",1216600
22.1,0.2,22200,"bu","13:22:59",1214700
22.1,0.2,3500,"bu","13:22:55",1192500
22.1,0.2,5800,"bu","13:22:53",1189000
22.1,0.2,130000,"bu","13:22:49",1183200
22.1,0.2,1900,"bu","13:22:32",1053200
22.1,0.2,2000,"bu","13:22:21",1051300
22.1,0.2,2700,"bu","13:22:08",1049300
22.1,0.2,3800,"bu","13:21:51",1046600
22.1,0.2,10000,"bu","13:21:42",1042800
22.1,0.2,100,"bu","13:21:33",1032800
22.1,0.2,500,"bu","13:21:27",1032700
22.1,0.2,3800,"bu","13:21:25",1032200
22.1,0.2,2100,"bu","13:21:02",1028400
22.1,0.2,30000,"bu","13:20:54",1026300
22.1,0.2,2200,"bu","13:20:48",996300
22.1,0.2,3900,"bu","13:20:35",994100
22.1,0.2,10000,"bu","13:20:32",990200
22.05,0.15,400,"sd","13:20:20",980200
22.1,0.2,7100,"bu","13:20:09",979800
22.1,0.2,200,"bu","13:20:00",972700
22.1,0.2,2700,"bu","13:19:24",972500
22.05,0.15,500,"sd","13:19:23",969800
22.1,0.2,2300,"bu","13:19:07",969300
22.1,0.2,2300,"bu","13:18:51",967000
22.1,0.2,5700,"bu","13:18:04",964700
22.05,0.15,500,"sd","13:17:30",959000
22.05,0.15,1000,"sd","13:17:24",958500
22.1,0.2,1200,"bu","13:17:09",957500
22.05,0.15,1600,"bu","13:16:57",955800
22.05,0.15,2100,"bu","13:16:48",954200
22.05,0.15,500,"bu","13:16:39",952100
22.05,0.15,1800,"bu","13:16:34",951600
22.05,0.15,2200,"bu","13:16:23",949800
22.05,0.15,2100,"bu","13:16:09",947600
22,0.1,200,"sd","13:16:00",945500
22.05,0.15,1600,"bu","13:15:55",945300
22.05,0.15,1800,"bu","13:15:45",943700
22.05,0.15,500,"bu","13:15:44",941900
22.05,0.15,1600,"bu","13:15:34",941400
22.05,0.15,1500,"bu","13:15:23",939800
22.05,0.15,2100,"bu","13:15:14",938300
22.05,0.15,1500,"bu","13:15:00",936200
22.05,0.15,2200,"bu","13:14:51",934700
22.05,0.15,2200,"bu","13:14:37",932500
22.05,0.15,1600,"bu","13:14:22",930300
22.05,0.15,2100,"bu","13:14:13",928700
22.05,0.15,1700,"bu","13:13:59",926600
22.05,0.15,2100,"bu","13:13:48",924900
22.05,0.15,2000,"bu","13:13:35",922800
22.05,0.15,2000,"bu","13:13:22",920800
22.05,0.15,1300,"bu","13:13:09",918800
22.05,0.15,2300,"bu","13:13:00",917500
22.05,0.15,1700,"bu","13:12:46",915200
22.05,0.15,1700,"bu","13:12:35",913500
22.05,0.15,2000,"bu","13:12:24",911800
22,0.1,100,"sd","13:12:22",909800
22.05,0.15,1900,"bu","13:12:11",909700
22.05,0.15,1500,"bu","13:12:00",907800
22.05,0.15,1600,"bu","13:11:50",906300
22.05,0.15,1800,"bu","13:11:40",904700
22.05,0.15,1500,"bu","13:11:28",902900
22.05,0.15,1800,"bu","13:11:18",901400
22.05,0.15,300,"bu","13:11:10",899600
22.05,0.15,2300,"bu","13:11:07",899300
22.05,0.15,17400,"bu","13:10:59",897000
22.05,0.15,1600,"bu","13:10:52",879600
22.05,0.15,2100,"bu","13:10:42",878000
22.05,0.15,1800,"bu","13:10:28",875900
22,0.1,1000,"sd","13:10:21",874100
22.05,0.15,1900,"bu","13:10:17",873100
22.05,0.15,1700,"bu","13:10:05",871200
22.05,0.15,1800,"bu","13:09:54",869500
22.05,0.15,1700,"bu","13:09:42",867700
22.05,0.15,1800,"bu","13:09:31",866000
22,0.1,500,"sd","13:09:26",864200
22.05,0.15,2000,"bu","13:09:20",863700
22.05,0.15,1400,"bu","13:09:07",861700
22.05,0.15,1700,"bu","13:08:58",860300
22.05,0.15,1500,"bu","13:08:47",858600
22.05,0.15,2000,"bu","13:08:38",857100
22.05,0.15,2100,"bu","13:08:25",855100
22,0.1,1000,"sd","13:08:18",853000
22,0.1,19400,"sd","13:08:11",852000
22,0.1,600,"sd","13:08:10",832600
22.05,0.15,1000,"bu","13:01:50",832000
22.05,0.15,200,"bu","13:00:43",831000
22,0.1,5000,"sd","13:00:21",830800
22.05,0.15,100,"bu","13:00:13",825800
22,0.1,100,"sd","13:00:04",825700
22.05,0.15,800,"bu","13:00:02",825600
22.05,0.15,500,"bu","13:00:01",824800
22,0.1,900,"sd","13:00:00",824300
22.05,0.15,500,"bu","13:00:00",823400
22.05,0.15,100,"bu","11:28:26",822900
22.05,0.15,200,"bu","11:28:00",822800
22,0.1,100,"bu","11:24:42",822600
22,0.1,900,"sd","11:24:22",822500
22,0.1,1400,"sd","11:24:16",821600
22,0.1,2000,"sd","11:24:08",820200
22,0.1,5000,"sd","11:24:03",818200
22,0.1,7000,"sd","11:23:12",813200
22,0.1,2900,"sd","11:23:03",806200
22,0.1,60000,"sd","11:22:49",803300
22.05,0.15,200,"bu","11:22:18",743300
22,0.1,600,"sd","11:21:18",743100
22,0.1,500,"sd","11:19:24",742500
22,0.1,1000,"sd","11:18:31",742000
22.05,0.15,300,"bu","11:18:15",741000
22.05,0.15,17400,"bu","11:16:31",740700
22.05,0.15,100,"bu","11:16:23",723300
22.05,0.15,1000,"bu","11:16:04",723200
22.05,0.15,500,"bu","11:12:42",722200
22,0.1,1000,"sd","11:11:45",721700
22,0.1,4900,"bu","11:09:53",720700
22,0.1,100,"bu","11:08:46",715800
22,0.1,18000,"sd","11:08:24",715700
22,0.1,3000,"sd","11:08:19",697700
22,0.1,10400,"sd","11:08:05",694700
22,0.1,76600,"sd","11:08:04",684300
22,0.1,100,"sd","11:07:12",607700
22,0.1,300,"sd","11:06:34",607600
22,0.1,1000,"sd","11:05:47",607300
22,0.1,2000,"sd","11:05:26",606300
22.05,0.15,100,"bu","11:04:58",604300
22,0.1,2200,"sd","11:04:27",604200
22,0.1,100,"sd","11:03:52",602000
22.05,0.15,1700,"sd","11:01:54",601900
22.05,0.15,700,"sd","11:01:45",600200
22.05,0.15,1100,"sd","11:01:36",599500
22.05,0.15,100,"sd","11:01:27",598400
22.05,0.15,400,"sd","11:01:15",598300
22.05,0.15,2000,"sd","11:01:12",597900
22.05,0.15,7400,"sd","10:59:43",595900
22.1,0.2,20000,"bu","10:59:36",588500
22.05,0.15,200,"sd","10:59:23",568500
22.05,0.15,15000,"sd","10:59:22",568300
22.05,0.15,6000,"sd","10:58:39",553300
22.05,0.15,16600,"bu","10:57:34",547300
22.05,0.15,100,"bu","10:57:27",530700
22,0.1,2300,"sd","10:56:43",530600
22,0.1,12700,"sd","10:56:42",528300
22,0.1,200,"sd","10:56:15",515600
22,0.1,1000,"sd","10:56:05",515400
22,0.1,1000,"sd","10:56:00",514400
22,0.1,100,"sd","10:55:59",513400
22,0.1,1000,"sd","10:55:35",513300
22,0.1,11000,"sd","10:54:46",512300
22,0.1,13000,"sd","10:54:26",501300
22,0.1,100,"sd","10:53:57",488300
22.05,0.15,100,"bu","10:52:20",488200
22.05,0.15,500,"bu","10:52:10",488100
22.05,0.15,100,"bu","10:52:09",487600
22.05,0.15,1900,"sd","10:51:52",487500
22.05,0.15,500,"sd","10:51:35",485600
22.05,0.15,200,"bu","10:51:32",485100
22.05,0.15,300,"sd","10:51:27",484900
22.05,0.15,1700,"bu","10:51:02",484600
22.05,0.15,900,"bu","10:50:49",482900
22.05,0.15,5000,"bu","10:50:43",482000
22.05,0.15,10000,"bu","10:50:28",477000
22.05,0.15,100,"bu","10:50:18",467000
22.05,0.15,2500,"bu","10:50:03",466900
22.05,0.15,100,"bu","10:48:55",464400
22.05,0.15,10000,"bu","10:48:33",464300
22,0.1,100,"sd","10:48:28",454300
22,0.1,1000,"sd","10:48:26",454200
22.05,0.15,2000,"bu","10:48:08",453200
22,0.1,500,"sd","10:47:19",451200
22.05,0.15,500,"bu","10:46:39",450700
22.05,0.15,100,"bu","10:46:24",450200
22.05,0.15,2000,"bu","10:46:07",450100
22.05,0.15,200,"bu","10:45:21",448100
22,0.1,2000,"sd","10:44:26",447900
22,0.1,3000,"sd","10:44:07",445900
22.05,0.15,100,"bu","10:42:22",442900
22,0.1,4000,"sd","10:41:57",442800
22.05,0.15,100,"bu","10:41:55",438800
22.05,0.15,1000,"bu","10:40:39",438700
22,0.1,1000,"sd","10:40:28",437700
22.05,0.15,100,"bu","10:40:20",436700
22.05,0.15,100,"bu","10:40:02",436600
22.05,0.15,100,"bu","10:39:58",436500
22.05,0.15,500,"bu","10:39:21",436400
22,0.1,100,"sd","10:39:19",435900
22.05,0.15,100,"bu","10:39:12",435800
22.05,0.15,100,"bu","10:38:23",435700
22.05,0.15,200,"bu","10:38:12",435600
22.05,0.15,500,"bu","10:37:09",435400
22,0.1,2000,"sd","10:36:27",434900
22.05,0.15,500,"bu","10:34:19",432900
22.05,0.15,300,"bu","10:32:35",432400
22.05,0.15,2000,"bu","10:32:32",432100
22,0.1,100,"sd","10:32:32",430100
22,0.1,300,"sd","10:32:10",430000
22.05,0.15,200,"bu","10:31:33",429700
22.05,0.15,200,"bu","10:31:03",429500
22.05,0.15,100,"bu","10:30:38",429300
22.05,0.15,100,"bu","10:30:30",429200
22.05,0.15,16400,"sd","10:29:44",429100
22.05,0.15,50000,"sd","10:29:13",412700
22.1,0.2,100,"bu","10:28:47",362700
22.1,0.2,200,"bu","10:26:15",362600
22.05,0.15,36700,"bu","10:25:43",362400
22.05,0.15,3300,"sd","10:24:32",325700
22.05,0.15,100,"sd","10:24:11",322400
22.05,0.15,100,"sd","10:24:03",322300
22.05,0.15,2500,"bu","10:23:15",322200
22.05,0.15,1500,"sd","10:22:34",319700
22.05,0.15,1000,"sd","10:22:32",318200
22.05,0.15,2000,"sd","10:22:15",317200
22.05,0.15,20000,"sd","10:21:55",315200
22.05,0.15,500,"sd","10:20:41",295200
22.05,0.15,700,"sd","10:20:10",294700
22.05,0.15,500,"sd","10:19:37",294000
22.05,0.15,1000,"sd","10:19:02",293500
22.05,0.15,500,"sd","10:18:58",292500
22.05,0.15,200,"sd","10:18:54",292000
22.05,0.15,3000,"sd","10:18:47",291800
22.05,0.15,500,"sd","10:18:30",288800
22.05,0.15,1000,"sd","10:18:20",288300
22.05,0.15,1000,"sd","10:18:13",287300
22.05,0.15,3000,"sd","10:17:33",286300
22.05,0.15,500,"sd","10:16:31",283300
22.05,0.15,500,"sd","10:16:12",282800
22.1,0.2,2300,"bu","10:15:56",282300
22.05,0.15,1000,"sd","10:15:53",280000
22.1,0.2,100,"bu","10:15:36",279000
22.05,0.15,1000,"sd","10:15:34",278900
22.1,0.2,100,"bu","10:14:33",277900
22.05,0.15,300,"sd","10:13:50",277800
22.1,0.2,200,"bu","10:13:08",277500
22.1,0.2,5000,"bu","10:12:46",277300
22.1,0.2,100,"bu","10:12:24",272300
22.1,0.2,10000,"bu","10:12:05",272200
22.05,0.15,100,"sd","10:11:51",262200
22.1,0.2,200,"bu","10:11:30",262100
22.1,0.2,5000,"bu","10:11:06",261900
22.05,0.15,500,"sd","10:10:47",256900
22.1,0.2,100,"bu","10:10:40",256400
22.05,0.15,100,"sd","10:10:26",256300
22.05,0.15,1000,"sd","10:10:23",256200
22.05,0.15,100,"sd","10:10:04",255200
22.1,0.2,28800,"bu","10:09:01",255100
22.1,0.2,2500,"bu","10:08:52",226300
22.1,0.2,800,"bu","10:08:45",223800
22.1,0.2,100,"bu","10:06:11",223000
22.05,0.15,100,"sd","10:05:58",222900
22.05,0.15,21100,"bu","10:05:27",222800
22.05,0.15,100,"bu","10:05:15",201700
22.05,0.15,200,"bu","10:04:56",201600
22.05,0.15,100,"bu","10:03:44",201400
22,0.1,100,"sd","10:03:35",201300
22,0.1,100,"sd","10:02:57",201200
22.05,0.15,500,"bu","10:02:52",201100
22,0.1,100,"sd","10:02:44",200600
22,0.1,1000,"sd","10:02:12",200500
22.05,0.15,200,"bu","10:01:48",199500
22,0.1,100,"sd","10:01:42",199300
22.05,0.15,100,"bu","10:00:59",199200
22.05,0.15,100,"bu","10:00:32",199100
22.05,0.15,500,"bu","10:00:31",199000
22,0.1,500,"sd","10:00:29",198500
22,0.1,1000,"sd","09:59:53",198000
22,0.1,10000,"sd","09:59:46",197000
22,0.1,200,"sd","09:59:01",187000
22,0.1,500,"sd","09:58:46",186800
22,0.1,100,"sd","09:58:20",186300
22.05,0.15,400,"bu","09:58:17",186200
22,0.1,1500,"sd","09:57:48",185800
22,0.1,200,"sd","09:56:28",184300
22,0.1,100,"sd","09:56:08",184100
22.05,0.15,7100,"bu","09:55:51",184000
22,0.1,1000,"sd","09:55:31",176900
22.05,0.15,4000,"bu","09:53:42",175900
22.05,0.15,10000,"bu","09:53:15",171900
22.05,0.15,10000,"bu","09:52:47",161900
22.05,0.15,100,"bu","09:51:44",151900
22.05,0.15,3700,"sd","09:51:41",151800
22.05,0.15,100,"sd","09:51:34",148100
22.05,0.15,500,"sd","09:51:33",148000
22.05,0.15,10000,"sd","09:51:14",147500
22.05,0.15,5000,"sd","09:50:46",137500
22.05,0.15,100,"sd","09:50:14",132500
22.05,0.15,700,"sd","09:49:39",132400
22.05,0.15,500,"sd","09:49:28",131700
22.05,0.15,1000,"sd","09:47:18",131200
22.05,0.15,100,"sd","09:47:10",130200
22.05,0.15,500,"sd","09:46:51",130100
22.1,0.2,100,"bu","09:45:49",129600
22.1,0.2,100,"bu","09:45:25",129500
22,0.1,900,"sd","09:44:02",129400
22.1,0.2,500,"bu","09:43:41",122400
22.1,0.2,800,"bu","09:43:15",121900
22.1,0.2,10300,"bu","09:42:08",121100
22.05,0.15,13700,"bu","09:42:08",110800
22.05,0.15,5000,"bu","09:41:54",97100
22.05,0.15,5000,"bu","09:40:20",92100
22.05,0.15,300,"bu","09:40:17",87100
22.05,0.15,1000,"bu","09:40:16",86800
22.05,0.15,100,"bu","09:40:13",85800
22.05,0.15,500,"bu","09:40:02",85700
22.05,0.15,3000,"bu","09:39:21",85200
22.05,0.15,5000,"bu","09:38:58",82200
22.05,0.15,100,"bu","09:38:31",77200
22.05,0.15,5000,"bu","09:37:28",77100
22.05,0.15,100,"bu","09:36:35",72100
22.05,0.15,1000,"bu","09:35:17",72000
22.05,0.15,3000,"bu","09:33:34",71000
22.05,0.15,1000,"bu","09:33:12",68000
22.05,0.15,200,"bu","09:32:28",67000
22,0.1,3000,"sd","09:32:26",66800
22,0.1,100,"sd","09:31:42",63800
22,0.1,500,"sd","09:31:35",63700
22,0.1,500,"sd","09:31:07",63200
22,0.1,1000,"sd","09:30:07",62700
22.05,0.15,500,"bu","09:30:05",61700
22.05,0.15,100,"sd","09:29:53",61200
22.05,0.15,900,"bu","09:29:34",61100
22.05,0.15,1100,"sd","09:28:59",60200
22.05,0.15,200,"sd","09:28:31",59100
22.05,0.15,500,"sd","09:27:16",58900
22,0.1,100,"sd","09:26:46",58400
22.05,0.15,100,"sd","09:26:46",58300
22.1,0.2,400,"bu","09:26:45",58200
22,0.1,200,"sd","09:25:23",57800
22.05,0.15,2000,"sd","09:24:43",57600
22.05,0.15,100,"sd","09:24:16",55600
22.05,0.15,3000,"sd","09:24:12",55500
22.05,0.15,100,"bu","09:23:29",52500
22.05,0.15,10000,"bu","09:23:08",52400
22.05,0.15,500,"bu","09:23:00",42400
22.05,0.15,16600,"sd","09:22:39",41900
22.1,0.2,100,"bu","09:22:15",25300
22.1,0.2,100,"bu","09:21:49",25200
22.1,0.2,100,"bu","09:21:22",25100
22.1,0.2,300,"bu","09:19:48",25000
22.1,0.2,100,"bu","09:18:30",24700
22.1,0.2,700,"bu","09:17:48",24600
22.1,0.2,300,"bu","09:17:09",23900
22.05,0.15,4500,"bu","09:16:36",23600
22.05,0.15,400,"bu","09:16:29",19100
22.05,0.15,1800,"bu","09:16:25",18700
22.05,0.15,100,"bu","09:16:15",16900
22.05,0.15,4000,"bu","09:15:51",16800
22,0.1,100,"sd","09:15:29",12800
22,0.1,12700,"","09:15:00",12700
