"price","change","match_qtty","side","time","total_vol"
27.3,0.3,43600,"","14:45:00",1349700
27.2,0.2,2000,"sd","14:29:45",1306100
27.3,0.3,100,"sd","14:29:22",1304100
27.3,0.3,10600,"sd","14:28:58",1304000
27.35,0.35,1000,"bu","14:28:45",1293400
27.35,0.35,100,"bu","14:28:37",1292400
27.3,0.3,500,"sd","14:28:15",1292300
27.3,0.3,2600,"bu","14:28:12",1291800
27.25,0.25,18500,"sd","14:28:11",1289200
27.3,0.3,100,"bu","14:28:02",1270700
27.3,0.3,1000,"bu","14:27:44",1270600
27.3,0.3,8300,"sd","14:27:36",1269600
27.3,0.3,500,"sd","14:27:25",1261300
27.3,0.3,200,"sd","14:27:24",1260800
27.35,0.35,9700,"sd","14:27:07",1260600
27.35,0.35,1000,"sd","14:27:04",1250900
27.35,0.35,1000,"sd","14:27:01",1249900
27.35,0.35,1000,"sd","14:26:55",1248900
27.35,0.35,5000,"sd","14:26:51",1247900
27.35,0.35,1000,"sd","14:26:47",1242900
27.35,0.35,1000,"sd","14:26:43",1241900
27.35,0.35,1000,"sd","14:26:25",1240900
27.4,0.4,500,"bu","14:26:23",1239900
27.4,0.4,200,"bu","14:26:14",1239400
27.4,0.4,500,"bu","14:25:33",1239200
27.4,0.4,1000,"bu","14:25:32",1238700
27.4,0.4,1000,"bu","14:25:28",1237700
27.4,0.4,3000,"bu","14:25:03",1236700
27.4,0.4,1000,"bu","14:24:32",1233700
27.45,0.45,2500,"bu","14:24:18",1232700
27.4,0.4,2500,"bu","14:24:18",1230200
27.4,0.4,5000,"bu","14:23:46",1227700
27.35,0.35,200,"sd","14:23:41",1222700
27.4,0.4,100,"bu","14:23:39",1222500
27.35,0.35,100,"bu","14:23:28",1222400
27.35,0.35,1100,"bu","14:22:13",1222300
27.35,0.35,200,"bu","14:22:04",1221200
27.35,0.35,400,"bu","14:22:02",1221000
27.35,0.35,200,"bu","14:21:56",1220600
27.35,0.35,100,"bu","14:21:44",1220400
27.35,0.35,1400,"bu","14:21:44",1220300
27.35,0.35,15000,"bu","14:21:13",1218900
27.35,0.35,1000,"bu","14:20:46",1203900
27.35,0.35,2700,"sd","14:20:43",1202900
27.4,0.4,200,"bu","14:20:39",1200200
27.35,0.35,1000,"sd","14:20:35",1200000
27.35,0.35,1000,"sd","14:19:33",1199000
27.35,0.35,1000,"sd","14:19:16",1198000
27.35,0.35,500,"sd","14:18:43",1197000
27.35,0.35,11200,"bu","14:18:36",1196500
27.3,0.3,4600,"bu","14:18:36",1185300
27.25,0.25,2000,"sd","14:18:25",1180700
27.25,0.25,4000,"sd","14:17:37",1178700
27.3,0.3,1000,"sd","14:17:00",1174700
27.3,0.3,2000,"sd","14:16:47",1173700
27.3,0.3,1000,"sd","14:16:45",1171700
27.3,0.3,1000,"sd","14:16:37",1170700
27.3,0.3,900,"sd","14:16:27",1169700
27.3,0.3,500,"sd","14:16:23",1168800
27.3,0.3,500,"sd","14:16:22",1168300
27.3,0.3,1000,"sd","14:16:17",1167800
27.3,0.3,100,"sd","14:16:03",1166800
27.3,0.3,200,"sd","14:15:56",1166700
27.35,0.35,100,"sd","14:15:02",1166500
27.35,0.35,1000,"sd","14:14:58",1166400
27.35,0.35,2000,"sd","14:14:34",1165400
27.4,0.4,1000,"bu","14:14:31",1163400
27.35,0.35,4900,"sd","14:14:20",1162400
27.4,0.4,100,"bu","14:14:16",1157500
27.35,0.35,100,"sd","14:14:11",1157400
27.4,0.4,2000,"bu","14:14:08",1157300
27.35,0.35,1000,"sd","14:13:47",1155300
27.4,0.4,300,"bu","14:13:14",1154300
27.45,0.45,13800,"bu","14:13:00",1154000
27.4,0.4,6200,"bu","14:13:00",1140200
27.4,0.4,6000,"bu","14:12:51",1134000
27.4,0.4,400,"bu","14:12:15",1128000
27.4,0.4,3000,"sd","14:11:54",1127600
27.4,0.4,3000,"sd","14:11:47",1124600
27.4,0.4,1400,"sd","14:11:39",1121600
27.45,0.45,2000,"bu","14:11:37",1120200
27.45,0.45,700,"bu","14:11:13",1118200
27.45,0.45,2000,"bu","14:11:11",1117500
27.4,0.4,15000,"sd","14:11:09",1115500
27.4,0.4,100,"sd","14:11:07",1100500
27.4,0.4,1000,"sd","14:10:44",1100400
27.45,0.45,100,"bu","14:10:27",1099400
27.45,0.45,600,"sd","14:10:18",1099300
27.45,0.45,500,"sd","14:10:14",1098700
27.45,0.45,700,"sd","14:10:11",1098200
27.45,0.45,5500,"sd","14:10:11",1097500
27.45,0.45,100,"sd","14:10:09",1092000
27.45,0.45,100,"sd","14:10:05",1091900
27.45,0.45,5000,"sd","14:09:49",1091800
27.5,0.5,2000,"bu","14:09:31",1086800
27.45,0.45,100,"sd","14:09:16",1084800
27.5,0.5,1000,"bu","14:09:03",1084700
27.5,0.5,700,"bu","14:08:58",1083700
27.5,0.5,3200,"bu","14:08:48",1083000
27.5,0.5,2000,"bu","14:08:45",1079800
27.5,0.5,100,"bu","14:08:45",1077800
27.5,0.5,10000,"bu","14:08:22",1077700
27.45,0.45,800,"bu","14:08:02",1067700
27.45,0.45,3000,"bu","14:08:01",1066900
27.45,0.45,20000,"bu","14:07:53",1063900
27.45,0.45,100,"bu","14:07:42",1043900
27.4,0.4,600,"sd","14:07:23",1043800
27.4,0.4,1400,"bu","14:07:17",1043200
27.4,0.4,2000,"bu","14:07:15",1041800
27.4,0.4,1000,"bu","14:07:13",1039800
27.4,0.4,1000,"bu","14:07:12",1038800
27.4,0.4,2500,"bu","14:07:10",1037800
27.4,0.4,100,"bu","14:07:09",1035300
27.4,0.4,1500,"bu","14:07:07",1035200
27.4,0.4,1000,"bu","14:07:05",1033700
27.4,0.4,1000,"bu","14:07:05",1032700
27.4,0.4,300,"bu","14:07:04",1031700
27.4,0.4,1000,"bu","14:07:02",1031400
27.4,0.4,5000,"bu","14:06:58",1030400
27.4,0.4,500,"bu","14:06:53",1025400
27.4,0.4,3000,"bu","14:06:47",1024900
27.4,0.4,5000,"bu","14:06:36",1021900
27.4,0.4,3000,"bu","14:06:33",1016900
27.4,0.4,100,"bu","14:06:22",1013900
27.4,0.4,200,"bu","14:06:08",1013800
27.4,0.4,5300,"bu","14:06:05",1013600
27.4,0.4,3700,"bu","14:05:58",1008300
27.4,0.4,400,"bu","14:05:47",1004600
27.4,0.4,1800,"bu","14:05:39",1004200
27.35,0.35,1000,"bu","14:04:51",1002400
27.35,0.35,2000,"bu","14:04:47",1001400
27.35,0.35,2000,"bu","14:04:45",999400
27.35,0.35,200,"bu","14:04:44",997400
27.35,0.35,200,"bu","14:04:42",997200
27.35,0.35,9000,"bu","14:04:28",997000
27.3,0.3,400,"sd","14:04:15",988000
27.3,0.3,4000,"sd","14:04:02",987600
27.3,0.3,1900,"bu","14:03:46",983600
27.3,0.3,100,"bu","14:03:44",981700
27.3,0.3,5000,"bu","14:03:44",981600
27.3,0.3,5000,"bu","14:03:42",976600
27.3,0.3,5000,"bu","14:03:41",971600
27.3,0.3,2000,"bu","14:03:33",966600
27.3,0.3,500,"bu","14:03:28",964600
27.3,0.3,2000,"bu","14:02:59",964100
27.3,0.3,500,"bu","14:02:56",962100
27.3,0.3,600,"bu","14:02:54",961600
27.3,0.3,500,"bu","14:02:39",961000
27.3,0.3,100,"bu","14:02:03",960500
27.3,0.3,800,"bu","14:01:25",960400
27.25,0.25,100,"sd","14:01:03",959600
27.25,0.25,100,"bu","14:00:59",959500
27.25,0.25,1400,"bu","14:00:54",959400
27.25,0.25,100,"bu","14:00:48",958000
27.25,0.25,300,"bu","14:00:40",957900
27.25,0.25,300,"bu","14:00:29",957600
27.3,0.3,500,"bu","13:57:11",957300
27.3,0.3,500,"bu","13:56:10",956800
27.2,0.2,1000,"sd","13:56:07",956300
27.2,0.2,200,"sd","13:55:29",955300
27.2,0.2,7100,"sd","13:54:53",955100
27.2,0.2,100,"sd","13:54:19",948000
27.25,0.25,100,"sd","13:53:02",947900
27.25,0.25,4800,"sd","13:52:45",947800
27.25,0.25,200,"sd","13:52:25",943000
27.3,0.3,1500,"sd","13:51:49",942800
27.3,0.3,100,"sd","13:51:22",941300
27.3,0.3,700,"sd","13:51:15",941200
27.3,0.3,100,"sd","13:51:01",940500
27.3,0.3,100,"sd","13:51:00",940400
27.3,0.3,100,"bu","13:50:56",940300
27.3,0.3,800,"bu","13:50:55",940200
27.3,0.3,100,"sd","13:50:02",939400
27.3,0.3,1900,"sd","13:49:55",939300
27.3,0.3,100,"sd","13:49:54",937400
27.3,0.3,3500,"sd","13:49:51",937300
27.3,0.3,500,"sd","13:49:21",933800
27.3,0.3,2000,"sd","13:49:17",933300
27.3,0.3,2000,"sd","13:49:16",931300
27.3,0.3,500,"sd","13:49:01",929300
27.35,0.35,200,"bu","13:48:57",928800
27.35,0.35,200,"bu","13:48:03",928600
27.35,0.35,1000,"bu","13:47:06",928400
27.35,0.35,1000,"bu","13:46:53",927400
27.35,0.35,2000,"bu","13:46:28",926400
27.35,0.35,2000,"bu","13:46:08",924400
27.35,0.35,500,"bu","13:46:03",922400
27.35,0.35,1300,"sd","13:45:57",921900
27.4,0.4,2000,"bu","13:45:46",920600
27.4,0.4,500,"bu","13:45:42",918600
27.4,0.4,1000,"bu","13:45:34",918100
27.4,0.4,3000,"bu","13:45:20",917100
27.4,0.4,500,"bu","13:44:37",914100
27.4,0.4,1200,"bu","13:44:35",913600
27.4,0.4,1100,"bu","13:44:34",912400
27.35,0.35,7800,"bu","13:44:06",911300
27.35,0.35,500,"bu","13:44:03",903500
27.35,0.35,1000,"bu","13:44:01",903000
27.35,0.35,2000,"bu","13:43:57",902000
27.35,0.35,4000,"bu","13:43:56",900000
27.3,0.3,6000,"bu","13:43:35",896000
27.3,0.3,7000,"bu","13:43:31",890000
27.3,0.3,3000,"bu","13:43:26",883000
27.3,0.3,100,"bu","13:43:25",880000
27.3,0.3,3000,"bu","13:43:23",879900
27.3,0.3,5000,"bu","13:43:19",876900
27.3,0.3,300,"bu","13:43:08",871900
27.25,0.25,100,"bu","13:42:42",871600
27.25,0.25,10000,"bu","13:42:35",871500
27.25,0.25,1000,"bu","13:42:24",861500
27.2,0.2,3800,"bu","13:42:10",860500
27.2,0.2,100,"bu","13:42:09",856700
27.2,0.2,200,"bu","13:42:08",856600
27.2,0.2,500,"bu","13:41:48",856400
27.2,0.2,100,"bu","13:41:45",855900
27.15,0.15,4500,"sd","13:41:14",855800
27.15,0.15,5000,"sd","13:40:06",851300
27.2,0.2,2000,"bu","13:37:53",846300
27.15,0.15,200,"sd","13:37:12",844300
27.15,0.15,400,"sd","13:37:09",844100
27.15,0.15,1000,"sd","13:36:42",843700
27.15,0.15,500,"sd","13:36:21",842700
27.2,0.2,1000,"bu","13:36:02",842200
27.15,0.15,1000,"sd","13:35:44",841200
27.2,0.2,500,"bu","13:34:34",840200
27.2,0.2,1000,"bu","13:34:29",839700
27.2,0.2,800,"bu","13:34:24",838700
27.2,0.2,100,"bu","13:33:21",837900
27.2,0.2,1000,"bu","13:32:07",837800
27.15,0.15,3000,"sd","13:30:17",836800
27.2,0.2,400,"bu","13:30:04",833800
27.2,0.2,1000,"bu","13:29:42",833400
27.2,0.2,9900,"bu","13:29:00",832400
27.15,0.15,200,"bu","13:27:58",821400
27.15,0.15,1000,"bu","13:27:48",821200
27.15,0.15,200,"bu","13:27:26",820200
27.1,0.1,900,"sd","13:26:47",820000
27.1,0.1,13400,"sd","13:25:49",819100
27.15,0.15,200,"bu","13:24:35",805700
27.15,0.15,500,"bu","13:23:44",805500
27.15,0.15,1000,"sd","13:22:33",805000
27.15,0.15,2000,"sd","13:21:15",804000
27.15,0.15,1000,"sd","13:20:31",802000
27.15,0.15,700,"sd","13:20:17",801000
27.15,0.15,3600,"sd","13:19:26",800300
27.15,0.15,3200,"sd","13:18:52",796700
27.2,0.2,100,"bu","13:18:32",793500
27.2,0.2,200,"bu","13:18:21",793400
27.15,0.15,800,"bu","13:17:41",793200
27.15,0.15,1000,"bu","13:17:32",792400
27.15,0.15,300,"bu","13:17:21",791100
27.15,0.15,3000,"bu","13:17:20",790800
27.15,0.15,200,"bu","13:17:19",787800
27.1,0.1,1000,"sd","13:11:44",787600
27.1,0.1,500,"sd","13:11:40",786600
27.1,0.1,600,"bu","13:11:36",786100
27.1,0.1,1000,"bu","13:11:34",785500
27.1,0.1,100,"bu","13:11:26",784500
27.05,0.05,300,"sd","13:10:58",784400
27.05,0.05,100,"sd","13:10:29",784100
27.1,0.1,1000,"bu","13:10:26",784000
27.1,0.1,2700,"sd","13:09:53",783000
27.1,0.1,22000,"sd","13:09:34",780300
27.15,0.15,6400,"sd","13:08:31",758300
27.15,0.15,1000,"sd","13:08:24",751900
27.15,0.15,100,"sd","13:08:10",750900
27.2,0.2,200,"sd","13:07:35",750800
27.2,0.2,300,"bu","13:07:28",750600
27.2,0.2,1000,"bu","13:07:21",750300
27.2,0.2,100,"bu","13:05:58",749300
27.2,0.2,2000,"bu","13:05:19",749200
27.2,0.2,1000,"bu","13:05:15",747200
27.2,0.2,500,"sd","13:04:21",746200
27.2,0.2,1500,"sd","13:03:53",745700
27.2,0.2,1200,"bu","13:03:30",744200
27.2,0.2,300,"bu","13:02:53",743000
27.2,0.2,400,"sd","13:02:18",742700
27.2,0.2,1300,"bu","13:01:46",742300
27.2,0.2,1000,"bu","13:01:39",741000
27.2,0.2,300,"bu","13:01:26",740000
27.15,0.15,200,"bu","13:00:18",739700
27.15,0.15,100,"bu","13:00:12",739500
27.1,0.1,800,"sd","13:00:00",739400
27.15,0.15,400,"sd","13:00:00",738600
27.15,0.15,100,"bu","11:29:47",738200
27.15,0.15,500,"bu","11:29:08",738100
27.15,0.15,400,"sd","11:28:07",737600
27.15,0.15,100,"bu","11:28:04",737200
27.15,0.15,100,"sd","11:27:30",737100
27.15,0.15,5800,"sd","11:26:52",737000
27.15,0.15,3600,"sd","11:26:36",731200
27.2,0.2,1000,"bu","11:24:16",714200
27.15,0.15,300,"sd","11:24:11",713200
27.2,0.2,100,"bu","11:23:50",712900
27.25,0.25,100,"bu","11:21:13",712800
27.15,0.15,800,"sd","11:20:27",712700
27.2,0.2,1200,"sd","11:20:27",711900
27.2,0.2,4200,"sd","11:18:57",710700
27.2,0.2,1000,"sd","11:18:15",706500
27.25,0.25,500,"bu","11:18:10",705500
27.2,0.2,9300,"bu","11:14:06",705000
27.2,0.2,300,"bu","11:13:45",695700
27.2,0.2,800,"bu","11:13:33",695400
27.2,0.2,2000,"bu","11:13:30",694600
27.2,0.2,200,"bu","11:12:29",692600
27.2,0.2,500,"bu","11:10:23",692400
27.2,0.2,500,"bu","11:09:38",691900
27.2,0.2,100,"bu","11:09:26",691400
27.2,0.2,500,"bu","11:08:07",691300
27.15,0.15,100,"sd","11:07:22",690800
27.2,0.2,500,"bu","11:07:21",690700
27.2,0.2,400,"bu","11:07:14",690200
27.2,0.2,500,"bu","11:07:06",689800
27.2,0.2,1000,"bu","11:07:01",689300
27.2,0.2,500,"bu","11:06:25",688300
27.2,0.2,100,"bu","11:06:21",687800
27.2,0.2,300,"bu","11:05:43",687700
27.2,0.2,200,"bu","11:05:43",687400
27.15,0.15,100,"sd","11:03:06",687200
27.2,0.2,100,"sd","11:02:41",687100
27.2,0.2,400,"sd","11:02:31",687000
27.2,0.2,500,"sd","11:01:55",686600
27.2,0.2,300,"sd","11:01:23",686100
27.2,0.2,5200,"sd","11:01:21",685800
27.2,0.2,100,"sd","11:01:04",680600
27.2,0.2,200,"sd","11:00:55",680500
27.2,0.2,700,"bu","11:00:28",680300
27.2,0.2,100,"bu","11:00:13",679600
27.2,0.2,200,"sd","10:59:11",679500
27.2,0.2,1000,"sd","10:58:32",679300
27.2,0.2,100,"sd","10:58:12",678300
27.2,0.2,200,"sd","10:57:44",678200
27.2,0.2,5000,"sd","10:57:02",678000
27.2,0.2,5000,"sd","10:56:28",673000
27.2,0.2,5000,"sd","10:56:17",668000
27.2,0.2,2000,"sd","10:55:57",663000
27.2,0.2,200,"sd","10:55:45",661000
27.2,0.2,2200,"sd","10:55:17",660800
27.2,0.2,200,"sd","10:54:56",658600
27.25,0.25,2700,"sd","10:54:00",658400
27.25,0.25,1000,"sd","10:53:21",655700
27.25,0.25,1100,"sd","10:53:00",654700
27.3,0.3,100,"bu","10:52:52",653600
27.3,0.3,100,"bu","10:51:53",653500
27.3,0.3,300,"sd","10:51:16",653400
27.3,0.3,1700,"bu","10:50:50",653100
27.3,0.3,100,"bu","10:50:48",651400
27.25,0.25,500,"sd","10:50:45",651300
27.3,0.3,2000,"bu","10:50:37",650800
27.3,0.3,2000,"bu","10:50:10",648800
27.3,0.3,1000,"bu","10:49:56",646800
27.3,0.3,200,"bu","10:49:27",645800
27.3,0.3,500,"bu","10:49:04",645600
27.25,0.25,200,"sd","10:49:03",645100
27.3,0.3,1500,"bu","10:48:41",644900
27.25,0.25,500,"sd","10:48:39",643400
27.3,0.3,1000,"bu","10:48:36",642900
27.3,0.3,3000,"bu","10:48:26",641900
27.25,0.25,100,"sd","10:48:22",638900
27.3,0.3,100,"bu","10:48:19",638800
27.3,0.3,200,"bu","10:48:00",638700
27.25,0.25,1200,"sd","10:47:44",638500
27.25,0.25,200,"sd","10:47:30",637300
27.25,0.25,3000,"bu","10:47:17",637100
27.2,0.2,1600,"bu","10:45:58",634100
27.2,0.2,1000,"bu","10:45:47",632500
27.2,0.2,200,"bu","10:45:28",631500
27.2,0.2,2000,"bu","10:45:21",631300
27.2,0.2,500,"bu","10:44:45",629300
27.2,0.2,5000,"bu","10:44:20",628800
27.15,0.15,400,"bu","10:44:02",623800
27.1,0.1,5000,"sd","10:43:39",623400
27.1,0.1,500,"sd","10:42:38",618400
27.1,0.1,5000,"sd","10:41:42",617900
27.1,0.1,1400,"sd","10:41:36",612900
27.1,0.1,1900,"sd","10:41:07",611500
27.1,0.1,1900,"sd","10:40:23",609600
27.1,0.1,6300,"sd","10:40:23",607700
27.15,0.15,6800,"sd","10:40:23",601400
27.15,0.15,1000,"sd","10:38:16",594600
27.15,0.15,300,"sd","10:37:49",593600
27.15,0.15,400,"sd","10:37:45",593300
27.15,0.15,200,"sd","10:37:27",592900
27.15,0.15,200,"sd","10:37:13",592700
27.2,0.2,500,"bu","10:36:58",592500
27.15,0.15,100,"sd","10:36:25",592000
27.15,0.15,400,"sd","10:36:00",591900
27.15,0.15,1000,"sd","10:35:10",591500
27.15,0.15,200,"sd","10:34:45",590500
27.15,0.15,2600,"sd","10:34:20",590300
27.15,0.15,500,"sd","10:33:29",587700
27.2,0.2,500,"bu","10:33:27",587200
27.2,0.2,6400,"sd","10:32:28",586700
27.25,0.25,300,"bu","10:30:21",580300
27.25,0.25,500,"bu","10:30:07",580000
27.2,0.2,100,"sd","10:29:54",579500
27.25,0.25,500,"bu","10:29:51",579400
27.25,0.25,300,"sd","10:29:30",578900
27.25,0.25,100,"bu","10:29:03",578600
27.25,0.25,500,"bu","10:28:51",578000
27.25,0.25,900,"sd","10:28:40",577500
27.25,0.25,100,"sd","10:28:28",576600
27.25,0.25,4200,"sd","10:28:04",576500
27.25,0.25,2300,"sd","10:27:59",572300
27.25,0.25,700,"sd","10:27:51",570000
27.25,0.25,1000,"sd","10:25:54",569300
27.25,0.25,5000,"sd","10:25:45",568300
27.3,0.3,4000,"bu","10:25:33",563300
27.3,0.3,100,"bu","10:25:30",559300
27.3,0.3,100,"bu","10:25:08",559200
27.3,0.3,1000,"bu","10:24:17",559100
27.25,0.25,200,"sd","10:23:39",558100
27.25,0.25,100,"sd","10:23:22",557900
27.3,0.3,1000,"bu","10:22:15",557800
27.3,0.3,1000,"bu","10:20:53",556800
27.3,0.3,2000,"bu","10:20:42",555800
27.3,0.3,1000,"bu","10:20:40",553800
27.3,0.3,1000,"bu","10:20:12",552800
27.3,0.3,100,"bu","10:20:10",551800
27.3,0.3,1000,"sd","10:20:08",551700
27.3,0.3,3000,"sd","10:20:02",550700
27.3,0.3,100,"sd","10:19:39",547700
27.3,0.3,1000,"sd","10:19:37",547600
27.3,0.3,10000,"sd","10:19:30",546600
27.3,0.3,1000,"sd","10:19:25",536600
27.3,0.3,300,"sd","10:19:24",535600
27.3,0.3,1400,"sd","10:19:16",535300
27.3,0.3,2000,"sd","10:19:04",533900
27.35,0.35,3000,"bu","10:15:28",531900
27.3,0.3,200,"sd","10:15:24",528900
27.3,0.3,500,"sd","10:15:12",528700
27.3,0.3,200,"sd","10:15:03",528200
27.3,0.3,300,"sd","10:14:54",528000
27.3,0.3,100,"sd","10:13:28",527700
27.3,0.3,100,"sd","10:13:26",527600
27.3,0.3,9100,"sd","10:12:39",527500
27.3,0.3,1000,"sd","10:12:37",518400
27.35,0.35,3000,"bu","10:11:24",517400
27.35,0.35,500,"bu","10:11:14",514400
27.35,0.35,400,"sd","10:10:45",513900
27.35,0.35,600,"sd","10:10:36",513500
27.35,0.35,200,"bu","10:10:03",512900
27.35,0.35,800,"bu","10:10:02",512700
27.35,0.35,600,"bu","10:10:01",511900
27.35,0.35,400,"sd","10:09:49",511300
27.35,0.35,6000,"sd","10:09:44",510900
27.35,0.35,1000,"sd","10:09:41",504900
27.35,0.35,1000,"sd","10:08:58",503900
27.35,0.35,100,"sd","10:08:04",502900
27.35,0.35,700,"bu","10:07:48",502800
27.35,0.35,300,"sd","10:07:41",502100
27.35,0.35,800,"bu","10:07:14",501800
27.35,0.35,500,"bu","10:07:13",501000
27.35,0.35,100,"bu","10:07:12",500500
27.35,0.35,600,"bu","10:07:11",500400
27.35,0.35,5700,"sd","10:06:56",499800
27.35,0.35,5000,"sd","10:06:52",494100
27.35,0.35,2000,"sd","10:06:04",489100
27.35,0.35,400,"bu","10:05:34",487100
27.35,0.35,1000,"sd","10:05:22",486700
27.35,0.35,3000,"sd","10:05:08",485700
27.35,0.35,1400,"sd","10:05:02",482700
27.35,0.35,1000,"sd","10:04:47",481300
27.35,0.35,1000,"sd","10:04:46",480300
27.35,0.35,1000,"sd","10:04:02",479300
27.35,0.35,1500,"sd","10:03:48",478300
27.4,0.4,100,"bu","10:02:52",476800
27.4,0.4,800,"sd","10:02:20",476700
27.4,0.4,1500,"sd","10:02:04",475900
27.4,0.4,500,"sd","10:01:37",474400
27.45,0.45,100,"bu","10:01:36",473900
27.4,0.4,9400,"bu","10:01:16",473800
27.4,0.4,1000,"bu","10:01:08",464400
27.4,0.4,5000,"bu","10:00:49",463400
27.4,0.4,200,"bu","10:00:46",458400
27.4,0.4,300,"bu","10:00:35",458200
27.4,0.4,300,"bu","10:00:16",457900
27.35,0.35,2000,"sd","10:00:07",457600
27.4,0.4,3600,"bu","09:59:59",455000
27.35,0.35,500,"sd","09:59:55",451400
27.35,0.35,300,"sd","09:59:43",450900
27.35,0.35,2400,"bu","09:59:26",450600
27.35,0.35,500,"bu","09:58:03",448200
27.3,0.3,2000,"sd","09:57:34",447700
27.35,0.35,900,"bu","09:57:29",445700
27.3,0.3,2000,"sd","09:57:01",444800
27.35,0.35,1000,"bu","09:56:31",442800
27.35,0.35,200,"bu","09:56:17",441800
27.35,0.35,200,"sd","09:56:17",441600
27.35,0.35,1800,"sd","09:56:16",441400
27.35,0.35,2000,"sd","09:56:08",439600
27.35,0.35,5000,"sd","09:55:56",437600
27.35,0.35,300,"sd","09:55:54",432600
27.35,0.35,2000,"sd","09:55:46",432300
27.35,0.35,2000,"sd","09:55:37",430300
27.35,0.35,2000,"sd","09:55:31",428300
27.35,0.35,200,"sd","09:55:30",426300
27.35,0.35,1000,"sd","09:55:22",426100
27.35,0.35,5000,"sd","09:55:20",425100
27.35,0.35,1000,"sd","09:55:05",420100
27.35,0.35,2000,"sd","09:54:43",419100
27.35,0.35,200,"sd","09:54:40",417100
27.35,0.35,900,"sd","09:53:54",416900
27.35,0.35,1000,"sd","09:53:36",416000
27.35,0.35,4100,"sd","09:53:22",415000
27.4,0.4,5900,"sd","09:53:22",410900
27.4,0.4,1900,"sd","09:53:16",405000
27.4,0.4,1000,"sd","09:53:06",403100
27.45,0.45,300,"sd","09:52:44",402100
27.45,0.45,100,"sd","09:52:41",401800
27.45,0.45,700,"bu","09:52:33",401700
27.45,0.45,500,"bu","09:52:30",401000
27.5,0.5,500,"bu","09:52:21",400500
27.45,0.45,2300,"sd","09:52:14",400000
27.45,0.45,2700,"sd","09:52:08",397700
27.45,0.45,300,"sd","09:52:04",395000
27.45,0.45,100,"sd","09:51:55",394700
27.45,0.45,200,"sd","09:51:52",394600
27.45,0.45,4800,"bu","09:51:51",394400
27.4,0.4,3000,"sd","09:51:48",389600
27.4,0.4,100,"sd","09:51:45",386600
27.4,0.4,800,"sd","09:51:31",386500
27.5,0.5,800,"bu","09:51:20",385700
27.5,0.5,1700,"bu","09:51:11",384900
27.4,0.4,300,"bu","09:51:10",383200
27.4,0.4,700,"sd","09:51:08",382900
27.45,0.45,1000,"sd","09:51:08",382200
27.5,0.5,400,"bu","09:51:06",381200
27.5,0.5,15400,"bu","09:50:51",380800
27.5,0.5,1700,"bu","09:50:48",365400
27.5,0.5,900,"bu","09:50:48",363700
27.4,0.4,400,"bu","09:50:48",362800
27.4,0.4,600,"sd","09:50:47",362400
27.4,0.4,300,"sd","09:50:39",361800
27.4,0.4,100,"sd","09:50:29",361500
27.5,0.5,13400,"bu","09:50:13",361400
27.45,0.45,1100,"bu","09:50:13",348000
27.45,0.45,1900,"bu","09:50:12",346900
27.4,0.4,3600,"bu","09:50:12",345000
27.45,0.45,10000,"bu","09:49:56",341400
27.35,0.35,300,"bu","09:49:32",331400
27.35,0.35,300,"bu","09:49:30",331100
27.35,0.35,400,"sd","09:49:28",330800
27.4,0.4,3600,"bu","09:49:28",327600
27.35,0.35,400,"bu","09:49:28",324000
27.35,0.35,1000,"bu","09:49:27",323600
27.35,0.35,4100,"bu","09:49:25",322600
27.35,0.35,500,"bu","09:49:23",318500
27.35,0.35,2000,"bu","09:49:09",318000
27.3,0.3,6600,"bu","09:48:57",316000
27.3,0.3,1600,"bu","09:48:53",309400
27.3,0.3,19000,"bu","09:48:50",307800
27.3,0.3,600,"bu","09:48:48",288800
27.3,0.3,2500,"bu","09:48:45",288200
27.3,0.3,2000,"bu","09:48:38",285700
27.3,0.3,9900,"bu","09:48:37",283700
27.3,0.3,400,"bu","09:48:35",273800
27.3,0.3,10000,"bu","09:48:32",273400
27.25,0.25,400,"sd","09:48:18",263400
27.25,0.25,4600,"bu","09:48:14",263000
27.25,0.25,5000,"bu","09:47:52",258400
27.25,0.25,1500,"bu","09:47:43",253400
27.2,0.2,100,"sd","09:47:42",251900
27.25,0.25,200,"bu","09:47:36",251800
27.2,0.2,2600,"bu","09:47:32",251600
27.2,0.2,200,"bu","09:47:32",249000
27.2,0.2,200,"bu","09:47:28",248800
27.2,0.2,3500,"bu","09:47:22",248600
27.2,0.2,300,"bu","09:47:17",245100
27.2,0.2,10000,"bu","09:47:13",244800
27.2,0.2,2200,"bu","09:47:10",234800
27.2,0.2,500,"bu","09:47:09",232600
27.2,0.2,500,"bu","09:47:07",232100
27.2,0.2,1000,"bu","09:46:53",231600
27.15,0.15,100,"sd","09:46:45",230600
27.2,0.2,500,"bu","09:46:43",230500
27.2,0.2,300,"bu","09:46:42",230000
27.15,0.15,2000,"sd","09:46:12",229700
27.15,0.15,7300,"bu","09:45:40",227700
27.15,0.15,2000,"bu","09:45:36",220400
27.1,0.1,1500,"bu","09:45:15",218400
27.1,0.1,700,"bu","09:45:02",216900
27.1,0.1,500,"bu","09:44:56",216200
27.1,0.1,2000,"bu","09:44:52",215700
27.1,0.1,100,"bu","09:44:49",213700
27.05,0.05,1800,"sd","09:44:32",213600
27.05,0.05,800,"bu","09:43:36",211800
27.05,0.05,100,"bu","09:43:28",211000
27.05,0.05,800,"sd","09:43:21",210900
27.05,0.05,700,"bu","09:43:20",210100
27.05,0.05,2800,"sd","09:42:54",209400
27.1,0.1,1000,"bu","09:42:54",206600
27.05,0.05,100,"sd","09:42:13",205600
27.05,0.05,1200,"bu","09:41:50",205500
27.05,0.05,500,"bu","09:41:47",204300
27.05,0.05,7400,"sd","09:41:39",203800
27.1,0.1,500,"bu","09:41:31",196400
27.1,0.1,100,"bu","09:41:11",195900
27.1,0.1,100,"bu","09:41:05",195800
27.1,0.1,100,"bu","09:41:03",195700
27.1,0.1,2500,"bu","09:41:01",195600
27.1,0.1,500,"bu","09:40:39",193100
27.1,0.1,1000,"bu","09:40:22",192600
27.05,0.05,500,"bu","09:38:44",191600
27.05,0.05,500,"bu","09:38:43",191100
27.05,0.05,1500,"bu","09:38:42",190600
27.05,0.05,2500,"sd","09:38:11",189100
27.05,0.05,200,"bu","09:37:48",186600
27.05,0.05,800,"bu","09:37:43",186400
27.05,0.05,500,"bu","09:37:37",185600
27.05,0.05,1000,"sd","09:37:15",185100
27.05,0.05,200,"sd","09:37:01",184100
27.05,0.05,100,"sd","09:36:20",183900
27.05,0.05,2000,"sd","09:35:46",183800
27.05,0.05,5000,"sd","09:35:24",181800
27.05,0.05,5000,"sd","09:34:56",176800
27.05,0.05,500,"bu","09:34:43",171800
27.05,0.05,100,"bu","09:34:32",171300
27.05,0.05,100,"bu","09:34:19",171200
27,0,1000,"sd","09:33:49",171100
27,0,100,"sd","09:33:26",170100
27,0,100,"sd","09:33:05",170000
27,0,2900,"sd","09:32:33",169900
27.05,0.05,100,"sd","09:32:33",167000
27.05,0.05,400,"bu","09:32:22",166900
27,0,2800,"sd","09:32:04",166500
27,0,1200,"sd","09:32:04",163700
27.05,0.05,1000,"sd","09:32:04",162500
27.05,0.05,3000,"sd","09:31:49",161500
27.05,0.05,3000,"sd","09:31:37",158500
27.05,0.05,3000,"sd","09:31:29",155500
27.05,0.05,1400,"sd","09:31:07",152500
27.05,0.05,200,"sd","09:30:38",151100
27.05,0.05,500,"sd","09:30:23",150900
27.05,0.05,1000,"sd","09:30:18",150400
27.05,0.05,500,"sd","09:29:48",149400
27.05,0.05,1000,"sd","09:29:22",148900
27.05,0.05,1000,"sd","09:28:59",147900
27.05,0.05,100,"sd","09:28:41",146900
27.05,0.05,2000,"sd","09:28:27",146800
27.05,0.05,800,"sd","09:28:25",144800
27.05,0.05,5000,"sd","09:28:15",144000
27.1,0.1,6200,"sd","09:27:10",139000
27.1,0.1,2000,"sd","09:27:00",132800
27.1,0.1,300,"sd","09:26:47",130800
27.15,0.15,1000,"bu","09:26:46",130500
27.15,0.15,5000,"bu","09:25:32",129500
27.15,0.15,100,"sd","09:25:16",124500
27.15,0.15,2000,"sd","09:25:11",124400
27.15,0.15,1000,"sd","09:25:08",122400
27.15,0.15,500,"sd","09:25:03",121400
27.15,0.15,2600,"sd","09:24:06",120900
27.2,0.2,1000,"bu","09:24:05",118300
27.15,0.15,3000,"sd","09:24:01",117300
27.15,0.15,100,"sd","09:23:29",114300
27.15,0.15,100,"bu","09:22:55",114200
27.15,0.15,100,"bu","09:22:46",114100
27.1,0.1,100,"sd","09:22:36",114000
27.1,0.1,500,"sd","09:22:34",113900
27.1,0.1,300,"sd","09:22:25",113400
27.1,0.1,100,"sd","09:22:10",113100
27.1,0.1,300,"bu","09:21:29",113000
27.1,0.1,2200,"sd","09:21:16",112700
27.15,0.15,400,"sd","09:21:08",110500
27.2,0.2,1000,"bu","09:20:43",110100
27.2,0.2,2700,"sd","09:20:35",109100
27.2,0.2,1000,"sd","09:20:30",106400
27.2,0.2,100,"sd","09:20:30",105400
27.2,0.2,1000,"sd","09:20:10",105300
27.25,0.25,100,"bu","09:20:00",104300
27.2,0.2,100,"sd","09:20:00",104200
27.2,0.2,2000,"sd","09:19:54",104100
27.2,0.2,3000,"sd","09:19:42",102100
27.2,0.2,600,"sd","09:19:41",99100
27.2,0.2,20000,"sd","09:19:33",98500
27.2,0.2,800,"sd","09:19:31",78500
27.25,0.25,2000,"bu","09:19:16",77700
27.25,0.25,200,"bu","09:19:06",75700
27.25,0.25,2500,"bu","09:18:56",75500
27.25,0.25,3600,"sd","09:18:28",73000
27.25,0.25,5000,"sd","09:18:27",69400
27.25,0.25,2000,"sd","09:18:13",64400
27.3,0.3,1000,"bu","09:18:01",62400
27.3,0.3,2000,"bu","09:18:00",61400
27.3,0.3,1000,"bu","09:17:55",59400
27.3,0.3,100,"bu","09:17:53",58400
27.3,0.3,9400,"bu","09:17:51",58300
27.3,0.3,800,"bu","09:17:32",48900
27.3,0.3,5000,"bu","09:17:26",48100
27.3,0.3,3500,"bu","09:17:22",43100
27.25,0.25,2000,"sd","09:17:20",39600
27.3,0.3,1000,"bu","09:17:18",37600
27.25,0.25,2100,"sd","09:17:15",36600
27.3,0.3,3000,"bu","09:16:51",34500
27.3,0.3,200,"bu","09:16:44",31500
27.25,0.25,300,"sd","09:16:32",31300
27.25,0.25,300,"sd","09:16:29",31000
27.25,0.25,100,"sd","09:16:18",30700
27.3,0.3,1500,"bu","09:16:13",30600
27.3,0.3,3900,"bu","09:16:00",29100
27.25,0.25,100,"bu","09:15:45",25200
27.25,0.25,900,"sd","09:15:42",25100
27.25,0.25,2100,"bu","09:15:27",24200
27.25,0.25,2000,"bu","09:15:20",22100
27.25,0.25,1000,"bu","09:15:19",20100
27.25,0.25,600,"bu","09:15:04",19100
27.2,0.2,1100,"sd","09:15:02",18500
27.2,0.2,17400,"","09:15:00",17400
