"price","change","match_qtty","side","time","total_vol"
31.55,0.35,196000,"","14:45:00",2259600
31.45,0.25,700,"sd","14:29:53",2063600
31.45,0.25,1000,"sd","14:29:52",2062900
31.45,0.25,1300,"sd","14:29:50",2061900
31.45,0.25,5000,"sd","14:29:47",2060600
31.45,0.25,500,"sd","14:29:31",2055600
31.45,0.25,10000,"sd","14:29:25",2055100
31.45,0.25,200,"sd","14:29:16",2045100
31.5,0.3,1000,"bu","14:29:15",2044900
31.5,0.3,2000,"bu","14:29:08",2043900
31.5,0.3,100,"bu","14:28:57",2041900
31.45,0.25,7000,"sd","14:28:45",2041800
31.45,0.25,10400,"sd","14:28:41",2034800
31.45,0.25,15900,"bu","14:28:37",2024400
31.45,0.25,2000,"bu","14:28:36",2008500
31.45,0.25,400,"bu","14:28:26",2006500
31.45,0.25,1000,"bu","14:28:18",2006100
31.45,0.25,500,"bu","14:28:08",2005100
31.4,0.2,300,"sd","14:27:26",2004600
31.45,0.25,5100,"bu","14:27:12",2004300
31.4,0.2,7400,"bu","14:27:08",1999100
31.4,0.2,1300,"bu","14:26:55",1991700
31.4,0.2,200,"bu","14:26:51",1990400
31.4,0.2,10000,"bu","14:26:45",1990200
31.4,0.2,2200,"bu","14:26:38",1980200
31.35,0.15,2500,"sd","14:26:33",1978000
31.35,0.15,400,"sd","14:26:25",1975500
31.4,0.2,100,"bu","14:26:24",1975100
31.35,0.15,1000,"sd","14:26:01",1975000
31.35,0.15,100,"sd","14:25:57",1974000
31.35,0.15,2000,"sd","14:25:46",1973900
31.35,0.15,300,"sd","14:25:38",1971900
31.35,0.15,500,"sd","14:25:37",1971600
31.35,0.15,5000,"sd","14:25:06",1971100
31.35,0.15,500,"sd","14:25:01",1966100
31.35,0.15,300,"sd","14:24:49",1965600
31.4,0.2,600,"bu","14:24:49",1965300
31.4,0.2,1000,"bu","14:24:31",1964700
31.35,0.15,300,"sd","14:24:24",1963700
31.4,0.2,1200,"bu","14:23:40",1963400
31.35,0.15,500,"sd","14:23:24",1962200
31.35,0.15,300,"sd","14:23:02",1961700
31.35,0.15,10800,"sd","14:22:42",1961400
31.35,0.15,1000,"sd","14:22:29",1950600
31.35,0.15,600,"sd","14:22:24",1949600
31.4,0.2,5300,"bu","14:22:08",1949000
31.35,0.15,12700,"bu","14:22:08",1943700
31.35,0.15,100,"bu","14:22:02",1931000
31.35,0.15,900,"sd","14:21:52",1930900
31.35,0.15,18100,"sd","14:21:51",1930000
31.35,0.15,1000,"sd","14:21:30",1911900
31.4,0.2,100,"bu","14:21:00",1910900
31.4,0.2,100,"sd","14:20:45",1910800
31.4,0.2,9900,"bu","14:20:39",1910700
31.4,0.2,200,"bu","14:20:39",1900800
31.4,0.2,400,"bu","14:20:29",1900600
31.4,0.2,1300,"bu","14:20:17",1900200
31.35,0.15,3000,"sd","14:20:10",1898900
31.4,0.2,1500,"bu","14:20:09",1895900
31.4,0.2,10000,"bu","14:20:03",1894400
31.35,0.15,30000,"sd","14:19:32",1884400
31.4,0.2,1000,"bu","14:18:36",1854400
31.4,0.2,2000,"bu","14:18:28",1853400
31.35,0.15,1000,"sd","14:18:26",1851400
31.35,0.15,400,"sd","14:17:38",1850400
31.4,0.2,100,"bu","14:17:30",1850000
31.35,0.15,300,"sd","14:17:20",1849900
31.35,0.15,1100,"sd","14:16:52",1849600
31.35,0.15,2000,"sd","14:16:37",1848500
31.4,0.2,2600,"sd","14:16:06",1846500
31.4,0.2,300,"sd","14:15:48",1843900
31.4,0.2,2100,"bu","14:15:46",1843600
31.4,0.2,5000,"bu","14:15:44",1841500
31.4,0.2,3000,"bu","14:15:36",1836500
31.4,0.2,9000,"bu","14:15:34",1833500
31.4,0.2,500,"bu","14:15:24",1824500
31.35,0.15,300,"sd","14:15:16",1824000
31.4,0.2,1000,"bu","14:15:13",1823700
31.4,0.2,20000,"bu","14:15:08",1822700
31.4,0.2,2000,"bu","14:14:47",1802700
31.4,0.2,4200,"sd","14:14:26",1800700
31.4,0.2,200,"sd","14:14:25",1796500
31.4,0.2,1000,"sd","14:14:17",1796300
31.4,0.2,600,"sd","14:14:03",1795300
31.4,0.2,5000,"sd","14:13:30",1794700
31.4,0.2,2000,"sd","14:13:22",1789700
31.4,0.2,500,"sd","14:13:11",1787700
31.4,0.2,200,"sd","14:12:42",1787200
31.4,0.2,100,"sd","14:12:34",1787000
31.4,0.2,100,"sd","14:12:23",1786900
31.4,0.2,100,"sd","14:12:21",1786800
31.4,0.2,100,"sd","14:12:06",1786700
31.4,0.2,10000,"sd","14:11:58",1786600
31.4,0.2,1000,"sd","14:11:51",1776600
31.4,0.2,10000,"sd","14:11:35",1775600
31.4,0.2,5000,"sd","14:11:25",1765600
31.45,0.25,1000,"bu","14:11:02",1760600
31.45,0.25,5000,"bu","14:10:34",1759600
31.45,0.25,300,"bu","14:10:33",1754600
31.45,0.25,3000,"bu","14:10:14",1754300
31.45,0.25,200,"bu","14:10:08",1751300
31.45,0.25,3000,"bu","14:09:37",1751100
31.45,0.25,3800,"bu","14:09:30",1748100
31.4,0.2,1200,"sd","14:09:29",1744300
31.45,0.25,800,"bu","14:09:22",1743100
31.4,0.2,1600,"sd","14:09:18",1742300
31.45,0.25,1000,"bu","14:09:06",1740700
31.4,0.2,5000,"sd","14:07:59",1739700
31.45,0.25,2000,"bu","14:07:33",1734700
31.45,0.25,100,"bu","14:07:28",1732700
31.45,0.25,1000,"bu","14:07:19",1732600
31.4,0.2,2400,"bu","14:06:53",1731600
31.4,0.2,200,"bu","14:06:43",1729200
31.4,0.2,2000,"bu","14:06:42",1729000
31.4,0.2,1000,"bu","14:06:38",1727000
31.4,0.2,2000,"bu","14:06:32",1726000
31.4,0.2,2000,"bu","14:06:23",1724000
31.4,0.2,200,"bu","14:06:16",1722000
31.4,0.2,1000,"bu","14:06:15",1721800
31.4,0.2,4000,"bu","14:06:04",1720800
31.4,0.2,3000,"bu","14:06:02",1716800
31.4,0.2,2200,"sd","14:05:49",1713800
31.4,0.2,2000,"sd","14:05:13",1711600
31.4,0.2,16600,"sd","14:05:12",1709600
31.4,0.2,100,"sd","14:04:21",1693000
31.4,0.2,1000,"sd","14:03:56",1692900
31.4,0.2,200,"sd","14:03:53",1691900
31.4,0.2,600,"sd","14:03:44",1691700
31.4,0.2,5000,"sd","14:03:32",1691100
31.4,0.2,200,"sd","14:03:18",1686100
31.45,0.25,4000,"bu","14:03:15",1685900
31.4,0.2,3100,"bu","14:03:06",1681900
31.4,0.2,1000,"bu","14:03:05",1678800
31.4,0.2,10000,"bu","14:03:01",1677800
31.4,0.2,1000,"bu","14:02:56",1667800
31.4,0.2,20000,"bu","14:02:51",1666800
31.4,0.2,26000,"bu","14:02:39",1646800
31.35,0.15,300,"sd","14:02:36",1620800
31.4,0.2,1500,"bu","14:02:34",1620500
31.35,0.15,900,"bu","14:02:01",1619000
31.35,0.15,100,"bu","14:01:54",1618100
31.35,0.15,5000,"bu","14:01:47",1618000
31.35,0.15,1000,"bu","14:01:20",1613000
31.35,0.15,500,"bu","14:00:58",1612000
31.35,0.15,1000,"sd","13:59:59",1611500
31.35,0.15,200,"sd","13:59:25",1610500
31.35,0.15,500,"sd","13:59:12",1610300
31.35,0.15,1400,"bu","13:58:46",1609800
31.3,0.1,100,"sd","13:57:11",1608400
31.3,0.1,300,"sd","13:56:21",1608300
31.3,0.1,900,"sd","13:56:04",1608000
31.3,0.1,19200,"bu","13:55:55",1607100
31.3,0.1,14500,"sd","13:54:27",1587900
31.35,0.15,200,"bu","13:53:51",1573400
31.35,0.15,2100,"sd","13:53:48",1573200
31.35,0.15,600,"sd","13:53:23",1571100
31.35,0.15,2000,"sd","13:53:19",1570500
31.35,0.15,500,"sd","13:53:02",1568500
31.35,0.15,200,"sd","13:52:53",1568000
31.4,0.2,1100,"sd","13:52:41",1567800
31.45,0.25,15500,"bu","13:52:39",1566700
31.45,0.25,10000,"bu","13:52:35",1551200
31.4,0.2,12000,"sd","13:52:33",1541200
31.45,0.25,100,"bu","13:51:58",1529200
31.45,0.25,2000,"bu","13:51:28",1529100
31.4,0.2,2500,"bu","13:50:46",1527100
31.4,0.2,100,"bu","13:49:32",1524600
31.4,0.2,200,"bu","13:49:19",1524500
31.4,0.2,1000,"bu","13:49:18",1524300
31.4,0.2,700,"sd","13:49:08",1523300
31.4,0.2,1300,"bu","13:48:48",1522600
31.35,0.15,300,"sd","13:48:38",1521300
31.4,0.2,100,"bu","13:48:28",1521000
31.35,0.15,5000,"sd","13:47:39",1520900
31.35,0.15,200,"sd","13:47:18",1515900
31.4,0.2,5000,"bu","13:46:58",1515700
31.4,0.2,1000,"bu","13:46:55",1510700
31.4,0.2,15600,"sd","13:46:48",1509700
31.45,0.25,3700,"sd","13:46:36",1494100
31.45,0.25,1000,"sd","13:46:32",1490400
31.45,0.25,20800,"bu","13:46:22",1489400
31.45,0.25,5000,"bu","13:46:20",1468600
31.45,0.25,1000,"bu","13:46:01",1463600
31.4,0.2,100,"sd","13:45:59",1462600
31.4,0.2,100,"bu","13:45:42",1462500
31.4,0.2,2000,"bu","13:45:39",1462400
31.4,0.2,1500,"bu","13:45:31",1460400
31.4,0.2,1000,"bu","13:45:28",1458900
31.4,0.2,1000,"bu","13:45:15",1457900
31.4,0.2,1000,"bu","13:45:10",1456900
31.4,0.2,200,"bu","13:45:09",1455900
31.4,0.2,200,"bu","13:45:05",1455700
31.4,0.2,200,"bu","13:45:04",1455500
31.4,0.2,7900,"sd","13:45:02",1455300
31.4,0.2,200,"sd","13:44:57",1447400
31.4,0.2,1900,"bu","13:44:56",1447200
31.4,0.2,9000,"bu","13:44:50",1445300
31.4,0.2,1000,"bu","13:44:49",1436300
31.4,0.2,300,"bu","13:44:44",1435300
31.4,0.2,1000,"bu","13:43:56",1435000
31.35,0.15,1600,"bu","13:43:40",1434000
31.35,0.15,1700,"bu","13:43:39",1432400
31.35,0.15,100,"bu","13:43:36",1430700
31.35,0.15,7600,"bu","13:43:25",1430600
31.35,0.15,2400,"bu","13:43:25",1423000
31.3,0.1,7000,"sd","13:43:19",1420600
31.3,0.1,200,"bu","13:43:08",1413600
31.3,0.1,5900,"bu","13:43:07",1413400
31.3,0.1,1000,"bu","13:43:01",1407500
31.3,0.1,300,"bu","13:42:58",1406500
31.3,0.1,400,"bu","13:42:58",1406200
31.3,0.1,300,"bu","13:42:53",1405800
31.3,0.1,3000,"bu","13:42:51",1405500
31.3,0.1,500,"bu","13:42:49",1402500
31.3,0.1,500,"bu","13:42:44",1402000
31.25,0.05,1700,"bu","13:42:33",1401500
31.25,0.05,500,"bu","13:42:32",1399800
31.25,0.05,100,"bu","13:42:31",1399300
31.25,0.05,100,"bu","13:42:15",1399200
31.25,0.05,500,"bu","13:42:12",1399100
31.25,0.05,3000,"bu","13:42:10",1398600
31.25,0.05,300,"bu","13:41:58",1395600
31.25,0.05,2900,"bu","13:41:53",1395300
31.25,0.05,500,"bu","13:41:52",1392400
31.25,0.05,500,"bu","13:41:48",1391900
31.25,0.05,300,"bu","13:41:39",1391400
31.25,0.05,500,"bu","13:41:38",1391100
31.25,0.05,200,"bu","13:41:35",1390600
31.25,0.05,1000,"bu","13:41:29",1390400
31.2,0,6100,"bu","13:41:03",1389400
31.2,0,2000,"bu","13:40:59",1383300
31.2,0,500,"bu","13:40:56",1381300
31.2,0,2000,"bu","13:40:48",1380800
31.2,0,500,"bu","13:40:46",1378800
31.2,0,100,"bu","13:40:43",1378300
31.2,0,200,"sd","13:40:42",1378200
31.25,0.05,1000,"bu","13:40:37",1378000
31.25,0.05,300,"bu","13:40:22",1377000
31.2,0,2700,"bu","13:40:22",1376700
31.2,0,2400,"sd","13:40:18",1374000
31.2,0,13100,"sd","13:40:06",1371600
31.2,0,100,"bu","13:39:35",1358500
31.2,0,2000,"bu","13:39:22",1358400
31.2,0,100,"bu","13:39:12",1356400
31.2,0,7400,"sd","13:39:03",1356300
31.2,0,5500,"sd","13:39:02",1348900
31.2,0,600,"sd","13:38:58",1343400
31.25,0.05,13000,"bu","13:38:46",1342800
31.25,0.05,2200,"sd","13:38:29",1329800
31.3,0.1,100,"bu","13:38:29",1327600
31.25,0.05,15000,"sd","13:38:25",1327500
31.3,0.1,1800,"sd","13:37:56",1312500
31.3,0.1,500,"sd","13:36:27",1310700
31.3,0.1,1300,"bu","13:36:15",1310200
31.3,0.1,900,"bu","13:36:06",1308900
31.3,0.1,100,"bu","13:35:47",1308000
31.3,0.1,2800,"sd","13:35:37",1307900
31.3,0.1,700,"bu","13:35:26",1305100
31.3,0.1,100,"bu","13:35:05",1304400
31.3,0.1,4200,"sd","13:34:52",1304300
31.3,0.1,100,"sd","13:34:45",1300100
31.3,0.1,6000,"sd","13:34:42",1300000
31.35,0.15,200,"bu","13:33:57",1294000
31.35,0.15,500,"bu","13:33:20",1293800
31.35,0.15,1900,"sd","13:33:07",1293300
31.35,0.15,3100,"bu","13:32:51",1291400
31.35,0.15,2100,"sd","13:32:26",1288300
31.35,0.15,2000,"sd","13:31:24",1286200
31.35,0.15,500,"bu","13:30:48",1284200
31.35,0.15,500,"bu","13:30:33",1283700
31.35,0.15,9000,"sd","13:30:24",1283200
31.35,0.15,1000,"bu","13:30:11",1274200
31.3,0.1,700,"bu","13:28:03",1273200
31.3,0.1,2000,"sd","13:27:26",1272500
31.25,0.05,100,"sd","13:27:02",1270500
31.35,0.15,200,"sd","13:27:02",1270400
31.35,0.15,5600,"bu","13:26:58",1270200
31.3,0.1,4200,"bu","13:26:58",1264600
31.25,0.05,3000,"sd","13:26:48",1260400
31.25,0.05,100,"sd","13:26:41",1257400
31.25,0.05,100,"sd","13:26:20",1257300
31.3,0.1,200,"sd","13:26:20",1257200
31.3,0.1,5000,"sd","13:25:49",1257000
31.35,0.15,900,"sd","13:25:37",1252000
31.35,0.15,100,"bu","13:25:19",1251100
31.35,0.15,1000,"bu","13:24:43",1251000
31.35,0.15,1000,"bu","13:24:32",1250000
31.35,0.15,1000,"bu","13:24:15",1249000
31.35,0.15,1900,"sd","13:24:13",1248000
31.35,0.15,1100,"bu","13:24:05",1246100
31.35,0.15,1900,"sd","13:23:56",1245000
31.4,0.2,500,"bu","13:23:49",1243100
31.35,0.15,100,"bu","13:23:28",1242600
31.35,0.15,200,"bu","13:23:18",1242500
31.35,0.15,500,"sd","13:22:38",1242300
31.35,0.15,900,"bu","13:22:23",1241800
31.35,0.15,100,"bu","13:21:55",1240900
31.3,0.1,5000,"sd","13:20:42",1240800
31.3,0.1,200,"sd","13:19:57",1235800
31.4,0.2,4500,"sd","13:18:35",1235600
31.4,0.2,1500,"bu","13:18:28",1231100
31.4,0.2,200,"bu","13:17:23",1229600
31.4,0.2,100,"bu","13:17:01",1229400
31.4,0.2,1100,"bu","13:17:00",1229300
31.3,0.1,400,"bu","13:16:31",1228200
31.25,0.05,400,"bu","13:16:23",1227800
31.25,0.05,2000,"bu","13:15:57",1227400
31.2,0,2600,"sd","13:15:13",1225400
31.25,0.05,500,"sd","13:15:13",1222800
31.2,0,54400,"sd","13:13:53",1222300
31.25,0.05,10700,"sd","13:13:53",1167900
31.3,0.1,4900,"sd","13:13:53",1157200
31.3,0.1,1000,"sd","13:13:33",1152300
31.3,0.1,200,"bu","13:12:17",1151300
31.3,0.1,2700,"bu","13:12:17",1151100
31.3,0.1,1200,"bu","13:12:06",1148400
31.3,0.1,800,"bu","13:11:53",1147200
31.3,0.1,100,"bu","13:11:33",1146400
31.3,0.1,2000,"bu","13:11:26",1146300
31.3,0.1,600,"bu","13:11:05",1144300
31.3,0.1,1000,"bu","13:10:55",1143700
31.3,0.1,700,"sd","13:10:48",1142700
31.3,0.1,800,"sd","13:10:43",1142000
31.35,0.15,200,"bu","13:10:41",1141200
31.3,0.1,15000,"sd","13:10:24",1141000
31.35,0.15,100,"bu","13:10:12",1126000
31.35,0.15,1000,"bu","13:10:08",1125900
31.3,0.1,8500,"sd","13:10:03",1124900
31.3,0.1,500,"sd","13:09:54",1116400
31.3,0.1,1500,"sd","13:09:48",1115900
31.3,0.1,3000,"sd","13:09:20",1114400
31.35,0.15,500,"bu","13:09:15",1111400
31.35,0.15,3500,"sd","13:09:05",1110900
31.35,0.15,9300,"sd","13:08:48",1107400
31.35,0.15,100,"sd","13:08:42",1098100
31.35,0.15,100,"sd","13:08:32",1098000
31.35,0.15,100,"sd","13:08:13",1097900
31.35,0.15,100,"sd","13:06:42",1097800
31.4,0.2,4300,"sd","13:06:42",1097700
31.4,0.2,200,"sd","13:06:32",1093400
31.4,0.2,600,"sd","13:06:28",1093200
31.4,0.2,400,"sd","13:06:20",1092600
31.4,0.2,400,"sd","13:06:08",1092200
31.4,0.2,500,"sd","13:05:57",1091800
31.4,0.2,400,"sd","13:05:56",1091300
31.4,0.2,3000,"sd","13:05:43",1090900
31.4,0.2,300,"sd","13:05:25",1087900
31.45,0.25,500,"bu","13:05:19",1087600
31.4,0.2,600,"sd","13:04:50",1087100
31.4,0.2,100,"sd","13:04:37",1086500
31.4,0.2,200,"sd","13:04:37",1086400
31.4,0.2,200,"sd","13:04:03",1086200
31.4,0.2,300,"sd","13:03:36",1086000
31.4,0.2,500,"sd","13:02:19",1085700
31.4,0.2,3000,"sd","13:02:13",1085200
31.4,0.2,500,"sd","13:01:47",1082200
31.4,0.2,5000,"sd","13:00:16",1081700
31.4,0.2,500,"sd","13:00:11",1076700
31.4,0.2,600,"sd","13:00:00",1076200
31.4,0.2,300,"sd","11:30:00",1075600
31.4,0.2,600,"sd","11:29:40",1075300
31.4,0.2,1000,"sd","11:29:14",1074700
31.4,0.2,5000,"sd","11:29:01",1073700
31.4,0.2,100,"sd","11:28:28",1068700
31.4,0.2,5000,"sd","11:28:14",1068600
31.4,0.2,600,"sd","11:27:09",1063600
31.45,0.25,200,"bu","11:26:04",1063000
31.45,0.25,11400,"bu","11:20:53",1062800
31.45,0.25,100,"bu","11:20:29",1051400
31.4,0.2,100,"sd","11:18:46",1051300
31.4,0.2,100,"sd","11:15:44",1051200
31.4,0.2,900,"sd","11:15:43",1051100
31.4,0.2,200,"sd","11:14:30",1050200
31.4,0.2,3900,"sd","11:14:14",1050000
31.4,0.2,2000,"sd","11:13:53",1040000
31.4,0.2,100,"sd","11:13:12",1038000
31.4,0.2,200,"sd","11:10:08",1037900
31.45,0.25,1800,"sd","11:09:15",1037700
31.45,0.25,200,"bu","11:08:16",1035900
31.45,0.25,200,"sd","11:07:54",1035700
31.45,0.25,200,"sd","11:07:52",1035500
31.45,0.25,500,"sd","11:07:43",1035300
31.45,0.25,700,"bu","11:07:32",1034800
31.45,0.25,800,"sd","11:07:28",1034100
31.45,0.25,4200,"bu","11:07:25",1033300
31.45,0.25,5000,"bu","11:07:21",1029100
31.4,0.2,1000,"sd","11:05:20",1024100
31.4,0.2,600,"sd","11:05:07",1023100
31.45,0.25,500,"bu","11:04:56",1022500
31.45,0.25,600,"bu","11:04:35",1022000
31.45,0.25,7800,"sd","11:03:47",1021400
31.45,0.25,12000,"sd","11:03:42",1013600
31.45,0.25,12000,"sd","11:03:39",1001600
31.5,0.3,1300,"bu","11:02:57",989600
31.45,0.25,5000,"sd","11:02:04",988300
31.45,0.25,1500,"sd","11:00:49",983300
31.45,0.25,500,"sd","11:00:38",981800
31.45,0.25,200,"sd","11:00:37",981300
31.45,0.25,5000,"sd","10:59:46",981100
31.45,0.25,500,"sd","10:59:41",976100
31.45,0.25,1000,"sd","10:59:33",975600
31.45,0.25,3500,"sd","10:58:55",974600
31.45,0.25,200,"sd","10:58:53",971100
31.45,0.25,1000,"sd","10:56:54",970900
31.45,0.25,300,"sd","10:56:49",969900
31.45,0.25,100,"sd","10:56:14",969600
31.45,0.25,600,"sd","10:53:20",969500
31.45,0.25,4500,"sd","10:52:13",968900
31.45,0.25,5000,"sd","10:51:42",964400
31.5,0.3,100,"bu","10:50:47",959400
31.5,0.3,200,"bu","10:50:40",959300
31.5,0.3,500,"bu","10:50:28",959100
31.5,0.3,500,"bu","10:50:24",958600
31.45,0.25,18500,"bu","10:49:44",958100
31.45,0.25,200,"bu","10:49:19",939600
31.4,0.2,4800,"bu","10:47:55",939400
31.4,0.2,100,"bu","10:47:34",934600
31.4,0.2,5100,"sd","10:47:22",934500
31.4,0.2,3000,"sd","10:47:02",929400
31.4,0.2,3000,"sd","10:47:00",926400
31.4,0.2,100,"sd","10:46:34",923400
31.4,0.2,1500,"sd","10:46:28",923300
31.4,0.2,100,"sd","10:45:34",921800
31.45,0.25,500,"bu","10:45:33",921700
31.4,0.2,9600,"bu","10:45:29",921200
31.4,0.2,200,"bu","10:45:04",911600
31.4,0.2,1000,"bu","10:44:53",911400
31.4,0.2,30800,"sd","10:44:27",910400
31.45,0.25,5000,"bu","10:43:45",879600
31.45,0.25,500,"bu","10:43:05",874600
31.45,0.25,1000,"bu","10:42:45",874100
31.4,0.2,1500,"sd","10:42:45",873100
31.45,0.25,100,"bu","10:41:52",871600
31.45,0.25,5000,"bu","10:41:40",871500
31.45,0.25,2200,"sd","10:41:08",866500
31.45,0.25,5000,"sd","10:41:03",864300
31.45,0.25,500,"sd","10:40:51",859300
31.45,0.25,500,"sd","10:40:50",858800
31.45,0.25,500,"sd","10:40:42",858300
31.45,0.25,2000,"sd","10:39:53",857800
31.45,0.25,10000,"sd","10:39:49",855800
31.45,0.25,2000,"sd","10:39:36",845800
31.45,0.25,500,"sd","10:39:32",843800
31.45,0.25,4000,"sd","10:37:27",843300
31.45,0.25,20000,"sd","10:36:52",839300
31.5,0.3,1000,"bu","10:36:39",819300
31.5,0.3,30000,"bu","10:36:23",818300
31.45,0.25,100,"sd","10:36:12",788300
31.5,0.3,100,"bu","10:35:42",788200
31.5,0.3,8700,"sd","10:35:35",788100
31.5,0.3,2000,"sd","10:35:34",779400
31.5,0.3,2500,"sd","10:35:25",777400
31.5,0.3,2000,"sd","10:35:02",774900
31.5,0.3,500,"sd","10:34:59",772900
31.55,0.35,1000,"bu","10:34:42",772400
31.55,0.35,400,"bu","10:34:18",771400
31.5,0.3,1000,"sd","10:34:03",771000
31.5,0.3,2000,"sd","10:33:36",770000
31.5,0.3,200,"sd","10:33:03",768000
31.5,0.3,1000,"sd","10:32:52",767800
31.5,0.3,1000,"sd","10:32:51",766800
31.5,0.3,10000,"sd","10:32:33",765800
31.55,0.35,1500,"bu","10:32:28",755800
31.55,0.35,500,"bu","10:31:08",754300
31.55,0.35,4000,"bu","10:29:54",753800
31.55,0.35,5000,"bu","10:29:44",749800
31.55,0.35,900,"bu","10:29:30",744800
31.5,0.3,100,"sd","10:29:25",743900
31.55,0.35,900,"bu","10:28:56",743800
31.55,0.35,500,"bu","10:28:37",742900
31.55,0.35,900,"bu","10:28:36",742400
31.55,0.35,5700,"bu","10:28:27",741500
31.55,0.35,20000,"bu","10:28:23",735800
31.55,0.35,10000,"bu","10:27:24",715800
31.55,0.35,10000,"bu","10:27:20",701600
31.55,0.35,200,"bu","10:26:53",691600
31.55,0.35,900,"bu","10:26:21",691400
31.55,0.35,2000,"bu","10:25:28",690500
31.55,0.35,1000,"bu","10:25:15",688500
31.5,0.3,200,"bu","10:24:06",687500
31.5,0.3,200,"bu","10:23:57",687300
31.5,0.3,2000,"bu","10:23:30",687100
31.5,0.3,5000,"bu","10:23:18",685100
31.45,0.25,100,"sd","10:22:23",680100
31.5,0.3,100,"bu","10:22:01",680000
31.5,0.3,100,"bu","10:21:42",679900
31.5,0.3,500,"bu","10:21:16",679800
31.45,0.25,1000,"sd","10:21:01",679300
31.45,0.25,1600,"sd","10:20:42",678300
31.45,0.25,1000,"sd","10:20:29",676700
31.5,0.3,400,"sd","10:20:14",675700
31.5,0.3,8100,"sd","10:20:09",675300
31.5,0.3,200,"sd","10:19:39",667200
31.5,0.3,100,"sd","10:19:36",667000
31.5,0.3,100,"sd","10:19:19",666900
31.5,0.3,100,"sd","10:19:06",666800
31.5,0.3,100,"sd","10:19:01",666700
31.5,0.3,900,"bu","10:18:58",666600
31.5,0.3,9800,"sd","10:18:16",665700
31.5,0.3,2200,"sd","10:17:58",655900
31.5,0.3,1200,"sd","10:17:43",653700
31.5,0.3,2500,"bu","10:17:15",652500
31.5,0.3,2100,"sd","10:16:56",650000
31.5,0.3,500,"sd","10:16:42",647900
31.55,0.35,500,"bu","10:15:35",647400
31.5,0.3,1000,"sd","10:15:33",646900
31.5,0.3,600,"sd","10:15:24",645900
31.5,0.3,4200,"bu","10:15:23",645300
31.5,0.3,500,"bu","10:15:23",641100
31.5,0.3,5800,"sd","10:15:03",640600
31.5,0.3,5000,"sd","10:15:03",634800
31.5,0.3,200,"sd","10:14:59",629800
31.5,0.3,300,"sd","10:14:51",629600
31.5,0.3,100,"sd","10:14:47",629300
31.5,0.3,2000,"sd","10:14:41",629200
31.5,0.3,19000,"bu","10:14:17",627200
31.5,0.3,1000,"bu","10:14:04",608200
31.5,0.3,15000,"bu","10:13:56",607200
31.5,0.3,11000,"bu","10:13:50",592200
31.5,0.3,4000,"bu","10:13:49",581200
31.45,0.25,6000,"sd","10:13:47",577200
31.45,0.25,5000,"sd","10:13:42",571200
31.45,0.25,2500,"sd","10:13:28",566200
31.45,0.25,5000,"sd","10:13:15",563700
31.45,0.25,4800,"sd","10:13:10",558700
31.5,0.3,1000,"bu","10:12:13",553900
31.5,0.3,500,"bu","10:11:51",552900
31.5,0.3,200,"bu","10:11:33",552400
31.45,0.25,2000,"sd","10:11:25",552200
31.45,0.25,300,"sd","10:11:05",550200
31.45,0.25,2000,"sd","10:09:57",549900
31.5,0.3,2000,"bu","10:09:43",547900
31.45,0.25,500,"sd","10:09:06",545900
31.5,0.3,800,"sd","10:07:29",545400
31.5,0.3,5000,"sd","10:07:28",544600
31.5,0.3,10000,"sd","10:07:18",539600
31.55,0.35,500,"bu","10:07:17",529600
31.5,0.3,200,"sd","10:07:13",529100
31.5,0.3,3200,"bu","10:06:57",528900
31.5,0.3,5000,"bu","10:06:54",525700
31.5,0.3,2800,"sd","10:06:48",520700
31.5,0.3,2000,"sd","10:06:44",517900
31.5,0.3,300,"sd","10:06:33",515900
31.5,0.3,700,"bu","10:06:31",515600
31.5,0.3,2800,"bu","10:06:29",514900
31.5,0.3,200,"bu","10:06:08",512100
31.5,0.3,500,"bu","10:05:53",511900
31.5,0.3,2000,"bu","10:05:40",511400
31.5,0.3,500,"bu","10:05:36",509400
31.5,0.3,500,"bu","10:05:29",508900
31.5,0.3,7200,"sd","10:05:27",508400
31.55,0.35,6400,"bu","10:05:00",501200
31.5,0.3,7800,"bu","10:04:55",494800
31.5,0.3,3300,"bu","10:04:48",487000
31.5,0.3,2000,"bu","10:04:28",483700
31.45,0.25,5000,"sd","10:04:13",481700
31.5,0.3,400,"sd","10:03:56",476700
31.5,0.3,1100,"sd","10:03:54",476300
31.5,0.3,300,"sd","10:03:46",475200
31.45,0.25,7100,"sd","10:03:39",474900
31.5,0.3,4900,"sd","10:03:39",467800
31.5,0.3,1000,"sd","10:03:06",462900
31.5,0.3,5000,"sd","10:02:48",461900
31.5,0.3,500,"sd","10:02:36",456900
31.5,0.3,200,"sd","10:02:31",456400
31.5,0.3,9600,"bu","10:02:06",456200
31.5,0.3,3800,"bu","10:02:04",446600
31.5,0.3,600,"bu","10:01:58",442800
31.5,0.3,3000,"bu","10:01:51",442200
31.5,0.3,1000,"bu","10:01:46",439200
31.5,0.3,1000,"bu","10:01:44",438200
31.5,0.3,2000,"bu","10:01:42",437200
31.5,0.3,10000,"bu","10:01:40",435200
31.5,0.3,1200,"bu","10:01:35",425200
31.5,0.3,5000,"bu","10:01:30",424000
31.5,0.3,30000,"bu","10:01:28",419000
31.5,0.3,6000,"bu","10:01:18",389000
31.5,0.3,10000,"bu","10:01:17",383000
31.45,0.25,1000,"sd","10:00:20",373000
31.45,0.25,1000,"sd","10:00:13",372000
31.45,0.25,5000,"sd","09:59:39",371000
31.45,0.25,200,"sd","09:59:23",366000
31.45,0.25,10000,"sd","09:58:42",365800
31.45,0.25,200,"sd","09:58:33",355800
31.45,0.25,5000,"sd","09:58:12",355600
31.45,0.25,400,"sd","09:57:54",350600
31.45,0.25,5000,"sd","09:57:51",350200
31.45,0.25,15000,"sd","09:57:32",345200
31.45,0.25,200,"sd","09:57:11",330200
31.45,0.25,4000,"sd","09:57:01",330000
31.45,0.25,300,"sd","09:56:53",326000
31.45,0.25,3500,"bu","09:56:52",325700
31.45,0.25,100,"bu","09:56:47",322200
31.45,0.25,2000,"bu","09:56:46",322100
31.45,0.25,24800,"bu","09:56:41",320100
31.4,0.2,100,"sd","09:56:25",295300
31.45,0.25,1900,"bu","09:55:01",295200
31.45,0.25,5400,"bu","09:54:26",293300
31.45,0.25,1000,"bu","09:54:25",287900
31.45,0.25,300,"bu","09:53:55",286900
31.4,0.2,3200,"sd","09:53:55",286600
31.4,0.2,1000,"sd","09:53:44",283400
31.4,0.2,1700,"sd","09:53:37",282400
31.4,0.2,500,"sd","09:53:14",280700
31.4,0.2,6500,"bu","09:53:03",280200
31.4,0.2,9000,"bu","09:52:43",273700
31.4,0.2,300,"bu","09:52:41",264700
31.4,0.2,20000,"bu","09:51:55",264400
31.4,0.2,200,"bu","09:51:53",244400
31.4,0.2,2400,"bu","09:50:19",244200
31.35,0.15,100,"sd","09:50:09",241800
31.35,0.15,1300,"sd","09:49:51",241700
31.4,0.2,100,"bu","09:49:49",240400
31.35,0.15,1800,"bu","09:49:09",240300
31.35,0.15,8200,"sd","09:48:39",238500
31.35,0.15,1000,"sd","09:48:23",230300
31.4,0.2,9000,"bu","09:47:44",229300
31.35,0.15,100,"sd","09:47:29",220300
31.4,0.2,6300,"sd","09:46:50",220200
31.4,0.2,2000,"sd","09:46:44",213900
31.4,0.2,100,"sd","09:46:16",211900
31.4,0.2,11600,"bu","09:46:15",211800
31.4,0.2,1000,"bu","09:45:44",200200
31.4,0.2,4000,"bu","09:45:20",199200
31.4,0.2,5700,"bu","09:45:07",195200
31.35,0.15,2000,"sd","09:44:56",189500
31.35,0.15,300,"sd","09:43:55",187500
31.4,0.2,2000,"bu","09:43:55",187200
31.4,0.2,5000,"bu","09:42:56",185200
31.3,0.1,1500,"sd","09:42:27",180200
31.4,0.2,23000,"bu","09:42:16",178700
31.35,0.15,2000,"bu","09:42:16",155700
31.35,0.15,8000,"sd","09:42:12",153700
31.4,0.2,200,"bu","09:41:46",145700
31.4,0.2,300,"bu","09:41:05",145500
31.4,0.2,400,"bu","09:40:10",145200
31.4,0.2,3000,"bu","09:39:45",144800
31.4,0.2,4300,"bu","09:38:42",141800
31.35,0.15,4500,"bu","09:38:41",137400
31.3,0.1,1100,"bu","09:38:41",132900
31.3,0.1,800,"bu","09:38:29",131800
31.3,0.1,100,"bu","09:38:17",131000
31.3,0.1,1000,"bu","09:38:14",130900
31.3,0.1,1300,"bu","09:38:01",129900
31.25,0.05,4600,"bu","09:37:37",128600
31.25,0.05,500,"bu","09:37:06",124000
31.2,0,1200,"bu","09:35:26",123500
31.2,0,3800,"sd","09:35:22",122300
31.2,0,300,"bu","09:33:31",118500
31.2,0,200,"bu","09:33:25",118200
31.2,0,500,"sd","09:33:19",118000
31.25,0.05,500,"bu","09:33:10",117500
31.2,0,500,"sd","09:32:52",117000
31.2,0,700,"sd","09:32:23",116500
31.2,0,5000,"sd","09:32:10",115800
31.25,0.05,1400,"sd","09:32:04",110800
31.25,0.05,200,"sd","09:31:56",109400
31.3,0.1,1300,"sd","09:30:31",109200
31.3,0.1,2000,"sd","09:30:12",107900
31.35,0.15,2000,"bu","09:30:12",105900
31.3,0.1,100,"sd","09:30:04",103900
31.3,0.1,10000,"sd","09:30:01",103800
31.3,0.1,500,"sd","09:30:00",93800
31.3,0.1,3200,"sd","09:29:53",93300
31.35,0.15,3500,"sd","09:29:25",90100
31.35,0.15,10000,"sd","09:29:02",86600
31.35,0.15,1600,"sd","09:27:05",76600
31.35,0.15,500,"sd","09:26:36",75000
31.35,0.15,300,"sd","09:25:29",74500
31.4,0.2,300,"bu","09:24:59",74200
31.35,0.15,400,"sd","09:24:50",73900
31.4,0.2,200,"bu","09:23:55",73500
31.4,0.2,1000,"bu","09:23:40",73300
31.4,0.2,2400,"bu","09:23:20",72300
31.4,0.2,2500,"bu","09:22:51",69900
31.4,0.2,1300,"sd","09:22:27",67400
31.45,0.25,1000,"bu","09:22:16",66100
31.4,0.2,100,"sd","09:22:14",65100
31.4,0.2,200,"sd","09:22:11",65000
31.4,0.2,400,"bu","09:22:00",64800
31.4,0.2,300,"bu","09:22:00",64400
31.4,0.2,3300,"sd","09:21:52",64100
31.4,0.2,2000,"sd","09:21:40",60800
31.4,0.2,2000,"sd","09:21:36",58800
31.45,0.25,5000,"bu","09:21:34",56800
31.4,0.2,2000,"sd","09:21:10",51800
31.4,0.2,2000,"sd","09:21:09",49800
31.4,0.2,3000,"sd","09:20:48",47800
31.4,0.2,1400,"sd","09:20:11",44800
31.45,0.25,200,"bu","09:20:09",43400
31.45,0.25,100,"bu","09:19:43",43200
31.45,0.25,300,"bu","09:19:24",43100
31.45,0.25,200,"bu","09:18:52",42800
31.45,0.25,2900,"bu","09:18:44",42600
31.45,0.25,1500,"bu","09:18:25",39700
31.45,0.25,1700,"bu","09:18:00",38200
31.4,0.2,300,"sd","09:17:37",36500
31.45,0.25,1000,"bu","09:17:33",36200
31.45,0.25,8000,"bu","09:17:21",35200
31.4,0.2,1000,"bu","09:16:41",27200
31.45,0.25,9500,"bu","09:16:24",26200
31.4,0.2,500,"bu","09:16:24",16700
31.45,0.25,1000,"bu","09:15:09",16200
31.45,0.25,15200,"","09:15:00",15200
