"price","change","match_qtty","side","time","total_vol"
32.6,0.3,100000,"","14:45:00",1001400
32.5,0.2,500,"bu","14:29:59",901400
32.5,0.2,500,"bu","14:29:23",900900
32.5,0.2,1300,"bu","14:29:11",900400
32.5,0.2,1000,"bu","14:29:10",899100
32.5,0.2,5200,"sd","14:28:47",898100
32.5,0.2,1000,"sd","14:28:21",892900
32.5,0.2,500,"sd","14:28:11",891900
32.5,0.2,200,"sd","14:28:06",891400
32.5,0.2,1000,"sd","14:28:04",891200
32.5,0.2,200,"sd","14:27:45",890200
32.5,0.2,200,"sd","14:27:13",890000
32.5,0.2,50000,"sd","14:26:58",889800
32.5,0.2,100,"sd","14:26:41",839800
32.5,0.2,1000,"sd","14:26:34",839700
32.5,0.2,500,"sd","14:26:30",838700
32.5,0.2,200,"sd","14:26:29",838200
32.5,0.2,500,"sd","14:26:21",838000
32.5,0.2,1000,"sd","14:26:15",837500
32.5,0.2,300,"sd","14:26:07",836500
32.5,0.2,400,"sd","14:25:37",836200
32.5,0.2,100,"sd","14:25:31",835800
32.5,0.2,400,"sd","14:24:49",835700
32.5,0.2,1000,"sd","14:24:27",835300
32.5,0.2,400,"sd","14:24:24",834300
32.5,0.2,1000,"sd","14:24:13",833900
32.5,0.2,400,"sd","14:24:03",832900
32.5,0.2,200,"sd","14:23:56",832500
32.5,0.2,200,"sd","14:23:27",832300
32.45,0.15,400,"sd","14:23:02",832100
32.5,0.2,100,"bu","14:22:52",831700
32.5,0.2,1900,"sd","14:22:51",831600
32.5,0.2,200,"sd","14:22:49",829700
32.5,0.2,100,"bu","14:22:02",829500
32.5,0.2,3000,"bu","14:21:47",829400
32.5,0.2,100,"bu","14:21:14",826400
32.5,0.2,500,"bu","14:21:06",826300
32.5,0.2,5000,"bu","14:20:56",825800
32.5,0.2,200,"bu","14:20:39",820800
32.5,0.2,100,"bu","14:20:27",820600
32.45,0.15,900,"sd","14:20:20",820500
32.5,0.2,20000,"bu","14:19:40",819600
32.45,0.15,5000,"sd","14:19:18",799600
32.5,0.2,1600,"bu","14:19:01",794600
32.5,0.2,100,"bu","14:18:46",793000
32.5,0.2,2200,"bu","14:18:23",792900
32.45,0.15,800,"sd","14:18:16",790700
32.45,0.15,400,"sd","14:17:20",789900
32.5,0.2,500,"bu","14:16:41",789500
32.5,0.2,6800,"sd","14:16:21",789000
32.5,0.2,20000,"sd","14:16:20",782200
32.5,0.2,100,"sd","14:16:13",762200
32.5,0.2,400,"sd","14:15:48",762100
32.55,0.25,100,"bu","14:15:46",761700
32.55,0.25,1000,"bu","14:15:15",761600
32.5,0.2,400,"sd","14:15:15",760600
32.55,0.25,1000,"bu","14:15:12",760200
32.55,0.25,6500,"bu","14:15:10",759200
32.55,0.25,5000,"bu","14:14:29",752700
32.5,0.2,200,"sd","14:14:04",747700
32.55,0.25,300,"bu","14:13:44",747500
32.5,0.2,500,"sd","14:13:26",747200
32.5,0.2,100,"sd","14:13:22",746700
32.5,0.2,200,"sd","14:13:09",746600
32.5,0.2,18800,"sd","14:11:16",746400
32.55,0.25,300,"bu","14:10:33",727600
32.5,0.2,10000,"sd","14:10:19",727300
32.5,0.2,300,"sd","14:09:21",717300
32.55,0.25,700,"bu","14:09:05",717000
32.55,0.25,2100,"bu","14:09:03",716300
32.55,0.25,1000,"bu","14:09:02",714200
32.55,0.25,500,"bu","14:08:43",713200
32.55,0.25,100,"bu","14:07:54",712700
32.55,0.25,600,"bu","14:07:45",712600
32.5,0.2,500,"sd","14:07:42",712000
32.55,0.25,200,"bu","14:07:36",711500
32.55,0.25,100,"bu","14:07:32",711300
32.55,0.25,1000,"bu","14:07:29",711200
32.55,0.25,600,"bu","14:07:18",710200
32.55,0.25,100,"bu","14:07:17",709600
32.55,0.25,1000,"bu","14:07:10",709500
32.55,0.25,5000,"bu","14:06:59",708500
32.5,0.2,7500,"bu","14:05:41",703500
32.5,0.2,200,"bu","14:05:34",696000
32.5,0.2,200,"bu","14:05:16",695800
32.5,0.2,200,"bu","14:05:10",695600
32.5,0.2,10000,"bu","14:04:50",695400
32.5,0.2,200,"bu","14:04:45",685400
32.5,0.2,100,"bu","14:04:33",685200
32.5,0.2,200,"bu","14:04:17",685100
32.5,0.2,800,"bu","14:04:07",684900
32.5,0.2,200,"bu","14:04:04",684100
32.5,0.2,100,"bu","14:03:21",683900
32.5,0.2,1500,"bu","14:02:55",683800
32.5,0.2,5000,"bu","14:02:53",682300
32.5,0.2,100,"bu","14:02:48",677300
32.5,0.2,2900,"bu","14:02:44",677200
32.5,0.2,400,"bu","14:02:27",674300
32.5,0.2,100,"bu","14:02:27",673900
32.5,0.2,100,"bu","14:01:26",673800
32.5,0.2,800,"bu","14:01:17",673700
32.45,0.15,500,"bu","14:00:39",672900
32.45,0.15,100,"bu","14:00:29",672400
32.4,0.1,1600,"bu","14:00:11",672300
32.4,0.1,200,"bu","14:00:00",670700
32.4,0.1,300,"bu","13:59:53",670500
32.4,0.1,300,"bu","13:59:46",670200
32.4,0.1,1000,"bu","13:59:33",669900
32.4,0.1,100,"bu","13:59:18",668900
32.35,0.05,100,"sd","13:59:14",668800
32.4,0.1,3000,"bu","13:59:07",668700
32.35,0.05,3000,"sd","13:58:50",665700
32.4,0.1,200,"bu","13:58:34",662700
32.4,0.1,500,"bu","13:58:30",662500
32.4,0.1,2900,"sd","13:57:45",662000
32.4,0.1,11500,"sd","13:57:45",659100
32.45,0.15,14100,"sd","13:57:45",647600
32.5,0.2,1000,"sd","13:56:38",633500
32.5,0.2,3500,"sd","13:56:13",632500
32.5,0.2,400,"bu","13:55:10",629000
32.5,0.2,800,"sd","13:55:01",628600
32.5,0.2,100,"bu","13:54:51",627800
32.5,0.2,1800,"sd","13:54:19",627700
32.5,0.2,200,"sd","13:53:53",625900
32.5,0.2,200,"sd","13:53:45",625700
32.55,0.25,100,"bu","13:51:20",625500
32.55,0.25,400,"bu","13:51:05",625400
32.5,0.2,500,"sd","13:51:02",625000
32.5,0.2,200,"sd","13:50:46",624500
32.55,0.25,2000,"bu","13:50:41",624300
32.55,0.25,500,"bu","13:50:35",622300
32.55,0.25,2600,"bu","13:50:30",621800
32.55,0.25,100,"bu","13:50:24",619200
32.55,0.25,10000,"bu","13:50:23",619100
32.55,0.25,10000,"bu","13:50:11",609100
32.5,0.2,200,"sd","13:50:03",599100
32.5,0.2,5000,"sd","13:50:02",598900
32.5,0.2,500,"sd","13:49:23",593900
32.5,0.2,400,"sd","13:49:11",593400
32.5,0.2,5000,"sd","13:49:09",593000
32.55,0.25,900,"bu","13:49:00",588000
32.55,0.25,2000,"bu","13:48:48",587100
32.55,0.25,2700,"bu","13:48:13",585100
32.55,0.25,100,"bu","13:47:37",582400
32.55,0.25,3000,"bu","13:47:14",582300
32.5,0.2,27500,"bu","13:47:05",579300
32.5,0.2,2500,"sd","13:46:49",551800
32.55,0.25,300,"bu","13:46:39",549300
32.55,0.25,300,"bu","13:46:38",549000
32.55,0.25,200,"bu","13:46:33",548700
32.55,0.25,10000,"bu","13:46:22",548500
32.55,0.25,200,"bu","13:46:07",538500
32.55,0.25,1000,"bu","13:45:58",538300
32.55,0.25,100,"bu","13:45:58",537300
32.55,0.25,1000,"bu","13:45:44",537200
32.5,0.2,1000,"sd","13:45:32",536200
32.55,0.25,300,"bu","13:45:04",535200
32.55,0.25,500,"bu","13:45:00",534900
32.55,0.25,100,"bu","13:44:50",534400
32.55,0.25,100,"bu","13:44:06",534300
32.45,0.15,500,"sd","13:43:30",534200
32.5,0.2,300,"sd","13:43:30",533700
32.5,0.2,1700,"bu","13:43:18",533400
32.5,0.2,10000,"bu","13:43:16",531700
32.5,0.2,2400,"bu","13:42:56",521700
32.5,0.2,100,"bu","13:42:27",519300
32.5,0.2,500,"bu","13:42:26",519200
32.5,0.2,200,"bu","13:42:19",518700
32.5,0.2,3000,"bu","13:42:06",518500
32.5,0.2,2900,"bu","13:41:59",515500
32.5,0.2,1600,"bu","13:41:57",512600
32.5,0.2,200,"bu","13:41:55",511000
32.5,0.2,300,"bu","13:41:37",510800
32.5,0.2,100,"bu","13:40:28",510500
32.5,0.2,1200,"bu","13:40:17",510400
32.45,0.15,3900,"sd","13:40:10",509200
32.45,0.15,1000,"sd","13:39:39",505300
32.45,0.15,200,"sd","13:39:11",504300
32.45,0.15,400,"sd","13:39:07",504100
32.45,0.15,7900,"sd","13:38:16",503700
32.45,0.15,100,"sd","13:37:39",495800
32.5,0.2,2000,"bu","13:37:21",495700
32.45,0.15,1000,"sd","13:37:20",493700
32.5,0.2,11700,"sd","13:36:24",492700
32.5,0.2,2000,"sd","13:36:14",481000
32.5,0.2,200,"sd","13:35:48",479000
32.5,0.2,300,"sd","13:34:42",478800
32.55,0.25,500,"bu","13:31:23",478500
32.5,0.2,3800,"bu","13:30:57",478000
32.5,0.2,100,"bu","13:29:24",474200
32.45,0.15,2200,"sd","13:28:54",474100
32.5,0.2,200,"bu","13:28:33",471900
32.45,0.15,1900,"sd","13:25:58",471700
32.5,0.2,2500,"sd","13:24:31",469800
32.55,0.25,100,"bu","13:24:27",467300
32.5,0.2,200,"sd","13:24:23",467200
32.5,0.2,2800,"bu","13:22:51",467000
32.5,0.2,4300,"bu","13:22:44",464200
32.45,0.15,200,"sd","13:22:31",459900
32.5,0.2,600,"bu","13:22:11",459700
32.45,0.15,500,"bu","13:19:48",459100
32.45,0.15,3000,"bu","13:19:40",458600
32.45,0.15,100,"bu","13:18:28",455600
32.4,0.1,1000,"bu","13:18:25",455500
32.45,0.15,25300,"bu","13:17:12",454500
32.4,0.1,4700,"bu","13:17:12",429200
32.4,0.1,5100,"sd","13:17:06",424500
32.45,0.15,2000,"bu","13:17:01",419400
32.45,0.15,500,"bu","13:16:56",417400
32.45,0.15,1400,"sd","13:16:55",416900
32.45,0.15,300,"bu","13:16:04",415500
32.45,0.15,1000,"bu","13:15:58",415200
32.45,0.15,700,"sd","13:15:17",414200
32.45,0.15,200,"sd","13:15:11",413500
32.45,0.15,100,"bu","13:14:51",413300
32.5,0.2,100,"bu","13:13:55",413200
32.4,0.1,4500,"sd","13:13:32",413100
32.4,0.1,200,"sd","13:12:59",408600
32.4,0.1,2000,"sd","13:12:57",408400
32.4,0.1,300,"sd","13:12:52",406400
32.4,0.1,1100,"sd","13:12:50",406100
32.4,0.1,200,"sd","13:12:10",405000
32.45,0.15,1500,"sd","13:11:18",404800
32.5,0.2,6100,"sd","13:07:58",403300
32.5,0.2,100,"sd","13:07:08",397200
32.5,0.2,400,"sd","13:06:59",397100
32.5,0.2,1800,"sd","13:06:51",396700
32.5,0.2,100,"sd","13:05:54",394900
32.5,0.2,300,"sd","13:05:30",394800
32.5,0.2,1700,"bu","13:05:17",394500
32.4,0.1,100,"sd","13:05:14",392800
32.5,0.2,100,"bu","13:04:16",392700
32.4,0.1,1000,"sd","13:00:30",392600
32.45,0.15,1000,"bu","13:00:16",391600
32.45,0.15,100,"bu","13:00:14",390600
32.45,0.15,200,"bu","13:00:09",390500
32.4,0.1,200,"sd","13:00:07",390300
32.45,0.15,300,"bu","13:00:00",390100
32.45,0.15,100,"bu","13:00:00",389800
32.5,0.2,500,"bu","13:00:00",389700
32.5,0.2,200,"bu","11:26:57",389200
32.5,0.2,100,"bu","11:24:42",389000
32.5,0.2,200,"sd","11:24:41",388900
32.5,0.2,200,"sd","11:24:18",388700
32.5,0.2,400,"bu","11:23:41",388500
32.5,0.2,800,"bu","11:23:37",388100
32.35,0.05,800,"bu","11:23:21",387300
32.35,0.05,200,"bu","11:22:58",386500
32.35,0.05,200,"bu","11:22:50",386300
32.35,0.05,500,"bu","11:22:47",386100
32.35,0.05,100,"bu","11:22:45",385600
32.35,0.05,1000,"bu","11:22:42",385500
32.35,0.05,5000,"bu","11:22:41",384500
32.35,0.05,100,"bu","11:22:31",379500
32.35,0.05,1000,"bu","11:22:27",379400
32.35,0.05,2000,"bu","11:22:24",378400
32.35,0.05,100,"bu","11:22:04",376400
32.35,0.05,700,"bu","11:21:58",376300
32.35,0.05,1000,"bu","11:21:50",375600
32.35,0.05,1200,"bu","11:21:47",374600
32.35,0.05,500,"bu","11:21:44",373400
32.35,0.05,100,"bu","11:21:37",372900
32.35,0.05,300,"bu","11:21:25",372800
32.35,0.05,3000,"bu","11:21:23",372500
32.35,0.05,200,"bu","11:21:21",369500
32.35,0.05,100,"bu","11:21:19",369300
32.35,0.05,100,"bu","11:21:15",369200
32.35,0.05,17300,"sd","11:20:50",369100
32.4,0.1,10100,"sd","11:20:50",351800
32.5,0.2,4400,"sd","11:20:50",341700
32.55,0.25,100,"bu","11:20:41",337300
32.5,0.2,100,"sd","11:20:22",337200
32.5,0.2,1000,"sd","11:18:27",337100
32.5,0.2,300,"sd","11:16:11",336100
32.55,0.25,2000,"bu","11:15:43",335800
32.5,0.2,200,"sd","11:15:40",333800
32.55,0.25,100,"bu","11:13:52",333600
32.5,0.2,200,"bu","11:12:32",333500
32.5,0.2,800,"bu","11:12:20",333300
32.4,0.1,1400,"sd","11:11:17",332500
32.5,0.2,500,"bu","11:10:46",331100
32.5,0.2,1500,"sd","11:10:11",330600
32.5,0.2,100,"sd","11:09:39",329100
32.5,0.2,200,"sd","11:08:25",329000
32.5,0.2,3200,"bu","11:07:46",328800
32.5,0.2,1000,"bu","11:07:35",325600
32.5,0.2,1000,"bu","11:07:21",324600
32.5,0.2,500,"bu","11:04:38",323600
32.4,0.1,10000,"sd","11:04:09",323100
32.4,0.1,5700,"sd","11:03:21",313100
32.55,0.25,100,"bu","11:01:04",307400
32.5,0.2,900,"bu","11:01:04",307300
32.5,0.2,200,"sd","11:00:28",306400
32.55,0.25,100,"bu","11:00:26",306200
32.5,0.2,800,"bu","11:00:11",306100
32.5,0.2,100,"bu","10:59:49",305300
32.5,0.2,100,"bu","10:59:31",305200
32.35,0.05,1900,"bu","10:54:24",305100
32.35,0.05,8100,"sd","10:54:21",303200
32.35,0.05,3700,"sd","10:54:04",295100
32.4,0.1,4300,"sd","10:54:04",291400
32.45,0.15,1800,"sd","10:54:04",287100
32.5,0.2,10200,"sd","10:54:04",285300
32.5,0.2,12700,"bu","10:52:49",275100
32.5,0.2,6500,"bu","10:52:41",262400
32.45,0.15,500,"sd","10:52:30",255900
32.5,0.2,3500,"bu","10:52:21",255400
32.5,0.2,500,"bu","10:52:10",251900
32.5,0.2,2000,"bu","10:51:59",251400
32.5,0.2,100,"bu","10:51:56",249400
32.45,0.15,1400,"sd","10:51:51",249300
32.5,0.2,100,"bu","10:51:44",247900
32.5,0.2,100,"bu","10:51:23",247800
32.5,0.2,500,"bu","10:51:17",247700
32.5,0.2,100,"bu","10:49:21",247200
32.5,0.2,100,"bu","10:48:44",247100
32.5,0.2,1000,"bu","10:48:26",247000
32.5,0.2,200,"bu","10:46:56",246000
32.5,0.2,100,"bu","10:45:42",245800
32.5,0.2,100,"bu","10:44:08",245700
32.5,0.2,100,"bu","10:43:42",245600
32.5,0.2,1000,"bu","10:42:57",245500
32.5,0.2,100,"bu","10:42:46",244500
32.5,0.2,2700,"bu","10:40:23",244400
32.5,0.2,300,"bu","10:39:20",241700
32.5,0.2,100,"bu","10:38:50",241400
32.5,0.2,3000,"bu","10:38:48",241300
32.5,0.2,1000,"bu","10:37:29",238300
32.5,0.2,600,"sd","10:37:05",237300
32.5,0.2,13800,"sd","10:35:52",236700
32.5,0.2,1000,"sd","10:35:04",222900
32.55,0.25,300,"bu","10:33:09",221900
32.5,0.2,100,"sd","10:32:39",221600
32.55,0.25,600,"bu","10:31:37",221500
32.55,0.25,500,"bu","10:31:08",220900
32.55,0.25,500,"bu","10:30:45",220400
32.55,0.25,2500,"bu","10:30:38",219900
32.55,0.25,1700,"bu","10:30:11",217400
32.55,0.25,100,"bu","10:29:59",215700
32.5,0.2,500,"sd","10:29:53",215600
32.55,0.25,2800,"sd","10:29:16",215100
32.6,0.3,500,"bu","10:29:05",212300
32.55,0.25,300,"sd","10:28:30",211800
32.55,0.25,400,"bu","10:27:54",211500
32.55,0.25,900,"sd","10:27:52",211100
32.55,0.25,200,"sd","10:27:30",210200
32.55,0.25,200,"sd","10:27:14",210000
32.55,0.25,2200,"bu","10:27:02",209800
32.55,0.25,1000,"bu","10:26:37",207600
32.55,0.25,100,"bu","10:26:25",206600
32.55,0.25,300,"bu","10:26:22",206500
32.55,0.25,1000,"bu","10:25:35",206200
32.55,0.25,1600,"bu","10:25:20",205200
32.55,0.25,200,"bu","10:25:02",203600
32.55,0.25,900,"bu","10:24:02",203400
32.55,0.25,500,"bu","10:23:58",202500
32.55,0.25,1600,"bu","10:20:49",202000
32.55,0.25,6100,"sd","10:19:53",200400
32.55,0.25,1000,"sd","10:19:42",194300
32.55,0.25,1000,"sd","10:19:37",193300
32.55,0.25,1000,"sd","10:19:17",192300
32.55,0.25,200,"sd","10:19:03",191300
32.55,0.25,200,"sd","10:18:50",191100
32.55,0.25,200,"sd","10:18:21",190900
32.6,0.3,400,"bu","10:18:16",190700
32.55,0.25,2000,"sd","10:18:08",190300
32.55,0.25,200,"sd","10:17:49",188300
32.55,0.25,200,"sd","10:17:14",188100
32.55,0.25,200,"sd","10:16:33",187900
32.6,0.3,1100,"bu","10:16:33",187700
32.6,0.3,3100,"bu","10:16:11",186600
32.6,0.3,100,"bu","10:16:08",183500
32.6,0.3,1100,"bu","10:15:08",183400
32.6,0.3,100,"bu","10:13:52",182300
32.55,0.25,300,"sd","10:13:50",182200
32.55,0.25,100,"sd","10:13:25",181900
32.55,0.25,2000,"sd","10:12:43",181800
32.55,0.25,1000,"sd","10:12:04",179800
32.55,0.25,4500,"sd","10:11:12",178800
32.55,0.25,200,"sd","10:10:47",174300
32.6,0.3,600,"bu","10:10:45",174100
32.55,0.25,200,"sd","10:10:31",173500
32.55,0.25,1000,"sd","10:10:25",173300
32.55,0.25,600,"sd","10:09:51",172300
32.6,0.3,100,"bu","10:08:58",171700
32.55,0.25,15000,"bu","10:08:29",171600
32.55,0.25,100,"bu","10:07:51",156600
32.55,0.25,2800,"bu","10:07:48",156500
32.55,0.25,10000,"bu","10:07:34",153700
32.55,0.25,800,"bu","10:06:51",143700
32.55,0.25,200,"bu","10:06:48",142900
32.55,0.25,700,"bu","10:05:40",142700
32.5,0.2,1300,"sd","10:05:21",142000
32.55,0.25,200,"bu","10:05:16",140700
32.5,0.2,500,"sd","10:05:03",140500
32.55,0.25,700,"bu","10:05:01",140000
32.55,0.25,600,"bu","10:04:39",139300
32.55,0.25,500,"bu","10:04:12",138700
32.55,0.25,2000,"bu","10:03:26",138200
32.55,0.25,2600,"bu","10:02:57",136200
32.55,0.25,200,"bu","10:02:53",133600
32.55,0.25,100,"bu","10:02:20",133400
32.55,0.25,700,"bu","10:01:36",133300
32.55,0.25,5000,"bu","10:01:27",132600
32.55,0.25,1000,"bu","10:01:12",127600
32.55,0.25,100,"bu","10:00:58",126600
32.55,0.25,100,"bu","10:00:50",126500
32.55,0.25,100,"bu","09:58:52",126400
32.55,0.25,100,"bu","09:58:49",126300
32.55,0.25,8400,"sd","09:58:10",126200
32.55,0.25,100,"sd","09:57:36",117800
32.55,0.25,100,"sd","09:57:10",117700
32.55,0.25,1000,"sd","09:56:43",117600
32.55,0.25,200,"sd","09:56:15",116600
32.55,0.25,200,"sd","09:55:55",116400
32.55,0.25,900,"bu","09:55:04",116200
32.6,0.3,400,"bu","09:52:43",115300
32.55,0.25,200,"bu","09:52:43",114900
32.55,0.25,800,"bu","09:52:43",114700
32.55,0.25,4200,"sd","09:52:33",113900
32.55,0.25,2000,"sd","09:52:28",109700
32.55,0.25,1000,"sd","09:52:07",107700
32.55,0.25,600,"sd","09:51:45",106700
32.55,0.25,2000,"sd","09:51:17",106100
32.6,0.3,200,"bu","09:50:18",104100
32.6,0.3,1000,"bu","09:49:13",103900
32.6,0.3,100,"bu","09:48:57",102900
32.6,0.3,900,"bu","09:48:43",102800
32.6,0.3,1600,"sd","09:48:26",101900
32.6,0.3,200,"sd","09:48:10",100300
32.6,0.3,200,"sd","09:47:01",100100
32.6,0.3,300,"bu","09:46:57",99900
32.55,0.25,400,"sd","09:45:26",99600
32.6,0.3,1000,"bu","09:45:15",99200
32.6,0.3,1000,"sd","09:44:51",98200
32.55,0.25,600,"sd","09:42:24",97200
32.6,0.3,300,"bu","09:41:57",96600
32.6,0.3,1000,"bu","09:41:43",96300
32.6,0.3,2000,"bu","09:41:37",95300
32.6,0.3,100,"bu","09:41:08",93300
32.6,0.3,200,"bu","09:41:01",93200
32.6,0.3,100,"bu","09:40:55",93000
32.6,0.3,100,"bu","09:40:47",92900
32.6,0.3,22000,"sd","09:40:32",92800
32.6,0.3,1000,"sd","09:40:08",70800
32.6,0.3,100,"sd","09:39:48",69800
32.65,0.35,5000,"bu","09:38:28",69700
32.65,0.35,300,"bu","09:38:01",64700
32.65,0.35,500,"bu","09:37:16",64400
32.65,0.35,600,"bu","09:35:25",63900
32.6,0.3,200,"sd","09:34:45",63300
32.6,0.3,500,"sd","09:34:30",63100
32.6,0.3,2000,"sd","09:33:56",62600
32.6,0.3,200,"sd","09:33:43",60600
32.6,0.3,500,"sd","09:32:58",60400
32.6,0.3,1000,"sd","09:32:55",59900
32.6,0.3,500,"sd","09:32:46",58900
32.6,0.3,2000,"sd","09:32:44",58400
32.6,0.3,3000,"sd","09:32:36",56400
32.6,0.3,2900,"sd","09:32:21",53400
32.6,0.3,200,"sd","09:31:55",50500
32.65,0.35,10000,"bu","09:31:51",50300
32.6,0.3,500,"sd","09:31:34",40300
32.6,0.3,100,"sd","09:30:52",39800
32.6,0.3,1000,"sd","09:30:46",39700
32.6,0.3,600,"sd","09:30:26",38700
32.6,0.3,3200,"bu","09:30:13",38100
32.6,0.3,1100,"bu","09:28:26",34900
32.6,0.3,500,"bu","09:27:03",33800
32.6,0.3,400,"sd","09:26:05",33300
32.65,0.35,200,"bu","09:25:52",32900
32.65,0.35,200,"bu","09:25:46",32700
32.65,0.35,200,"bu","09:25:41",32500
32.65,0.35,200,"bu","09:25:34",32300
32.65,0.35,700,"sd","09:25:19",32100
32.7,0.4,100,"bu","09:24:46",31400
32.7,0.4,600,"bu","09:23:13",31300
32.65,0.35,100,"bu","09:23:05",30700
32.65,0.35,500,"bu","09:22:57",30600
32.6,0.3,300,"sd","09:22:52",30100
32.6,0.3,300,"bu","09:22:41",29800
32.6,0.3,200,"sd","09:22:37",29500
32.6,0.3,1000,"sd","09:21:57",29300
32.75,0.45,100,"bu","09:21:29",28300
32.7,0.4,1500,"bu","09:21:29",28200
32.7,0.4,1200,"bu","09:21:06",26700
32.75,0.45,400,"sd","09:19:41",25500
32.75,0.45,300,"sd","09:19:39",25100
32.75,0.45,500,"sd","09:19:37",24800
32.75,0.45,18200,"bu","09:19:29",24300
32.7,0.4,600,"bu","09:19:29",6100
32.75,0.45,100,"bu","09:16:10",5500
32.8,0.5,5400,"","09:15:00",5400
