"price","change","match_qtty","side","time","total_vol"
21.9,0.4,659800,"","14:45:00",12976400
21.9,0.4,400,"bu","14:29:59",12316600
21.9,0.4,100,"bu","14:29:59",12316200
21.9,0.4,1000,"bu","14:29:57",12316100
21.9,0.4,4900,"bu","14:29:54",12315100
21.9,0.4,1300,"bu","14:29:54",12310200
21.9,0.4,5000,"bu","14:29:53",12308900
21.9,0.4,1000,"bu","14:29:52",12303900
21.9,0.4,8000,"bu","14:29:51",12302900
21.9,0.4,10300,"bu","14:29:50",12294900
21.9,0.4,4100,"bu","14:29:47",12284600
21.9,0.4,300,"bu","14:29:45",12280500
21.9,0.4,10000,"bu","14:29:45",12280200
21.9,0.4,20000,"bu","14:29:44",12270200
21.9,0.4,1000,"bu","14:29:44",12250200
21.85,0.35,30000,"sd","14:29:43",12249200
21.9,0.4,100,"bu","14:29:40",12219200
21.9,0.4,51500,"bu","14:29:39",12219100
21.9,0.4,2000,"bu","14:29:39",12167600
21.9,0.4,50000,"bu","14:29:36",12165600
21.9,0.4,6000,"bu","14:29:34",12115600
21.9,0.4,1100,"bu","14:29:32",12109600
21.9,0.4,11600,"bu","14:29:32",12108500
21.9,0.4,100,"bu","14:29:31",12096900
21.9,0.4,1000,"bu","14:29:30",12096800
21.85,0.35,200,"sd","14:29:30",12095800
21.85,0.35,100,"sd","14:29:30",12095600
21.9,0.4,3000,"bu","14:29:30",12095500
21.9,0.4,10000,"bu","14:29:29",12092500
21.9,0.4,6500,"bu","14:29:28",12082500
21.9,0.4,2000,"bu","14:29:28",12076000
21.9,0.4,2500,"bu","14:29:27",12074000
21.9,0.4,2000,"bu","14:29:26",12071500
21.9,0.4,5200,"bu","14:29:24",12069500
21.9,0.4,9800,"bu","14:29:23",12064300
21.9,0.4,4000,"bu","14:29:21",12054500
21.9,0.4,2000,"bu","14:29:18",12050500
21.9,0.4,1000,"bu","14:29:17",12048500
21.85,0.35,800,"sd","14:29:17",12047500
21.9,0.4,100,"bu","14:29:16",12046700
21.9,0.4,10000,"bu","14:29:15",12046600
21.9,0.4,12000,"bu","14:29:14",12036600
21.9,0.4,50500,"bu","14:29:12",12024600
21.9,0.4,7600,"bu","14:29:10",11974100
21.9,0.4,3100,"bu","14:29:07",11966500
21.9,0.4,300,"bu","14:29:06",11963400
21.9,0.4,100000,"bu","14:29:04",11963100
21.85,0.35,300,"sd","14:29:04",11863100
21.85,0.35,100,"sd","14:28:59",11862800
21.9,0.4,400,"bu","14:28:54",11862700
21.9,0.4,600,"bu","14:28:50",11862300
21.9,0.4,100000,"bu","14:28:49",11861700
21.9,0.4,500,"bu","14:28:48",11761700
21.85,0.35,200,"sd","14:28:47",11761200
21.85,0.35,100,"sd","14:28:43",11761000
21.85,0.35,6000,"sd","14:28:41",11760900
21.9,0.4,300000,"bu","14:28:36",11754900
21.85,0.35,500,"sd","14:28:31",11454900
21.85,0.35,300,"sd","14:28:30",11454400
21.85,0.35,100,"sd","14:28:28",11454100
21.85,0.35,300,"sd","14:28:26",11454000
21.85,0.35,200,"sd","14:28:18",11453700
21.85,0.35,500,"sd","14:28:10",11453500
21.85,0.35,2000,"sd","14:28:09",11453000
21.85,0.35,200,"sd","14:28:09",11451000
21.85,0.35,100,"sd","14:28:05",11450800
21.85,0.35,500,"sd","14:28:03",11450700
21.9,0.4,400,"bu","14:27:59",11450200
21.85,0.35,100,"sd","14:27:57",11449800
21.85,0.35,200,"sd","14:27:53",11449700
21.9,0.4,300,"bu","14:27:52",11449500
21.85,0.35,100,"sd","14:27:52",11449200
21.85,0.35,1000,"sd","14:27:52",11449100
21.85,0.35,500,"sd","14:27:50",11448100
21.85,0.35,600,"bu","14:27:47",11447600
21.85,0.35,100,"bu","14:27:47",11447000
21.85,0.35,300,"bu","14:27:46",11446900
21.85,0.35,1800,"sd","14:27:45",11446600
21.85,0.35,10000,"sd","14:27:42",11444800
21.85,0.35,17000,"sd","14:27:41",11434800
21.9,0.4,300,"bu","14:27:39",11417800
21.85,0.35,5000,"sd","14:27:38",11417500
21.85,0.35,2000,"sd","14:27:34",11412500
21.9,0.4,400,"bu","14:27:32",11410500
21.85,0.35,100,"sd","14:27:32",11410100
21.85,0.35,16000,"sd","14:27:31",11410000
21.85,0.35,600,"sd","14:27:30",11394000
21.9,0.4,300,"bu","14:27:26",11393400
21.85,0.35,100,"sd","14:27:25",11393100
21.85,0.35,5000,"sd","14:27:22",11393000
21.85,0.35,100,"sd","14:27:21",11388000
21.85,0.35,1000,"sd","14:27:20",11387900
21.9,0.4,400,"bu","14:27:19",11386900
21.85,0.35,5000,"sd","14:27:19",11386500
21.85,0.35,10200,"sd","14:27:15",11381500
21.85,0.35,2000,"sd","14:27:13",11371300
21.9,0.4,300,"bu","14:27:12",11369300
21.85,0.35,500,"sd","14:27:10",11369000
21.85,0.35,1000,"sd","14:27:09",11368500
21.85,0.35,100,"sd","14:27:08",11367500
21.9,0.4,300,"bu","14:27:05",11367400
21.85,0.35,2500,"sd","14:27:05",11367100
21.85,0.35,10600,"sd","14:27:02",11364600
21.85,0.35,900,"sd","14:27:01",11354000
21.9,0.4,400,"bu","14:26:59",11353100
21.85,0.35,2500,"sd","14:26:58",11352700
21.85,0.35,1000,"sd","14:26:55",11350200
21.85,0.35,39300,"bu","14:26:54",11349200
21.8,0.3,200,"sd","14:26:54",11309900
21.85,0.35,3000,"bu","14:26:53",11309700
21.85,0.35,10300,"bu","14:26:52",11306700
21.85,0.35,900,"bu","14:26:49",11296400
21.85,0.35,400,"bu","14:26:47",11295500
21.85,0.35,400,"bu","14:26:45",11295100
21.85,0.35,6000,"bu","14:26:41",11294700
21.8,0.3,100,"sd","14:26:41",11288700
21.85,0.35,300,"bu","14:26:39",11288600
21.85,0.35,1000,"bu","14:26:39",11288300
21.8,0.3,300,"sd","14:26:34",11287300
21.85,0.35,300,"bu","14:26:32",11287000
21.8,0.3,1100,"sd","14:26:29",11286700
21.85,0.35,400,"bu","14:26:26",11285600
21.85,0.35,100,"bu","14:26:26",11285200
21.85,0.35,400,"bu","14:26:25",11285100
21.8,0.3,10000,"sd","14:26:23",11284700
21.85,0.35,100,"bu","14:26:23",11274700
21.8,0.3,100,"sd","14:26:23",11274600
21.85,0.35,100,"bu","14:26:22",11274500
21.85,0.35,300,"bu","14:26:19",11274400
21.85,0.35,800,"bu","14:26:17",11274100
21.85,0.35,10000,"bu","14:26:16",11273300
21.85,0.35,1000,"bu","14:26:14",11263300
21.85,0.35,200,"bu","14:26:13",11262300
21.8,0.3,1000,"sd","14:26:13",11262100
21.85,0.35,400,"bu","14:26:12",11261100
21.85,0.35,5000,"bu","14:26:08",11260700
21.85,0.35,800,"bu","14:26:05",11255700
21.85,0.35,2000,"bu","14:26:00",11254900
21.85,0.35,300,"bu","14:25:58",11252900
21.85,0.35,100,"bu","14:25:56",11252600
21.85,0.35,1400,"sd","14:25:52",11252500
21.9,0.4,1500,"bu","14:25:52",11251100
21.85,0.35,100,"sd","14:25:52",11249600
21.85,0.35,1500,"sd","14:25:51",11249500
21.85,0.35,1500,"sd","14:25:49",11248000
21.85,0.35,3000,"sd","14:25:48",11246500
21.85,0.35,21000,"sd","14:25:47",11243500
21.9,0.4,300,"bu","14:25:45",11222500
21.85,0.35,10000,"sd","14:25:44",11222200
21.85,0.35,3000,"sd","14:25:42",11212200
21.85,0.35,200000,"sd","14:25:41",11209200
21.9,0.4,400,"bu","14:25:38",11009200
21.85,0.35,1300,"sd","14:25:37",11008800
21.9,0.4,200,"bu","14:25:37",11007500
21.9,0.4,300,"bu","14:25:32",11007300
21.85,0.35,1000,"sd","14:25:32",11007000
21.85,0.35,1000,"sd","14:25:30",11006000
21.85,0.35,100,"sd","14:25:29",11005000
21.85,0.35,200,"sd","14:25:27",11004900
21.9,0.4,300,"bu","14:25:25",11004700
21.85,0.35,100,"sd","14:25:21",11004400
21.9,0.4,400,"bu","14:25:18",11004300
21.85,0.35,100,"sd","14:25:16",11003900
21.9,0.4,4000,"bu","14:25:14",11003800
21.85,0.35,100,"sd","14:25:14",10999800
21.9,0.4,1000,"bu","14:25:14",10999700
21.9,0.4,300,"bu","14:25:12",10998700
21.9,0.4,100,"bu","14:25:08",10998400
21.85,0.35,2900,"sd","14:25:07",10998300
21.9,0.4,400,"bu","14:25:05",10995400
21.85,0.35,5000,"sd","14:25:00",10995000
21.85,0.35,100,"sd","14:24:58",10990000
21.9,0.4,300,"bu","14:24:58",10989900
21.85,0.35,100,"sd","14:24:57",10989600
21.85,0.35,800,"sd","14:24:56",10989500
21.9,0.4,400,"bu","14:24:56",10988700
21.85,0.35,600,"sd","14:24:54",10988300
21.85,0.35,2000,"sd","14:24:52",10987700
21.9,0.4,300,"bu","14:24:51",10985700
21.85,0.35,100,"sd","14:24:50",10985400
21.85,0.35,1300,"sd","14:24:49",10985300
21.9,0.4,400,"bu","14:24:45",10984000
21.9,0.4,4000,"bu","14:24:44",10983600
21.9,0.4,10000,"bu","14:24:40",10979600
21.9,0.4,300,"bu","14:24:38",10969600
21.85,0.35,60000,"sd","14:24:36",10969300
21.9,0.4,400,"bu","14:24:31",10909300
21.85,0.35,500,"sd","14:24:29",10908900
21.9,0.4,300,"bu","14:24:25",10908400
21.85,0.35,2000,"sd","14:24:24",10908100
21.85,0.35,1300,"sd","14:24:24",10906100
21.85,0.35,1000,"sd","14:24:23",10904800
21.9,0.4,300,"bu","14:24:18",10903800
21.85,0.35,200,"sd","14:24:18",10903500
21.9,0.4,4000,"bu","14:24:13",10903300
21.85,0.35,2000,"sd","14:24:13",10899300
21.9,0.4,200,"bu","14:24:12",10897300
21.9,0.4,500,"bu","14:24:11",10897100
21.9,0.4,300,"bu","14:24:05",10896600
21.85,0.35,1600,"sd","14:24:01",10896300
21.9,0.4,37000,"bu","14:24:00",10894700
21.85,0.35,500,"sd","14:24:00",10857700
21.85,0.35,3900,"sd","14:23:59",10857200
21.9,0.4,400,"bu","14:23:58",10853300
21.85,0.35,100,"sd","14:23:52",10852900
21.9,0.4,300,"bu","14:23:51",10852800
21.85,0.35,100,"sd","14:23:47",10852500
21.9,0.4,300,"bu","14:23:45",10852400
21.9,0.4,4100,"bu","14:23:42",10852100
21.9,0.4,400,"bu","14:23:38",10848000
21.85,0.35,1000,"sd","14:23:36",10847600
21.85,0.35,100,"sd","14:23:35",10846600
21.9,0.4,100,"bu","14:23:34",10846500
21.85,0.35,5000,"sd","14:23:32",10846400
21.85,0.35,200,"sd","14:23:31",10841400
21.9,0.4,300,"bu","14:23:31",10841200
21.9,0.4,400,"bu","14:23:24",10840900
21.85,0.35,800,"sd","14:23:21",10840500
21.85,0.35,2000,"sd","14:23:21",10839700
21.9,0.4,300,"bu","14:23:18",10837700
21.85,0.35,100,"sd","14:23:16",10837400
21.85,0.35,2000,"sd","14:23:12",10837300
21.9,0.4,4300,"bu","14:23:11",10835300
21.9,0.4,1000,"bu","14:23:09",10831000
21.9,0.4,400,"bu","14:23:04",10830000
21.85,0.35,100,"sd","14:23:04",10829600
21.85,0.35,1300,"sd","14:23:02",10829500
21.9,0.4,800,"bu","14:23:02",10828200
21.9,0.4,100,"bu","14:23:01",10827400
21.9,0.4,10300,"bu","14:22:58",10827300
21.9,0.4,5000,"bu","14:22:54",10817000
21.9,0.4,400,"bu","14:22:51",10812000
21.85,0.35,800,"sd","14:22:50",10811600
21.9,0.4,100,"bu","14:22:48",10810800
21.85,0.35,100,"sd","14:22:45",10810700
21.9,0.4,300,"bu","14:22:44",10810600
21.85,0.35,1000,"sd","14:22:40",10810300
21.9,0.4,4000,"bu","14:22:40",10809300
21.9,0.4,300,"bu","14:22:38",10805300
21.9,0.4,400,"bu","14:22:31",10805000
21.85,0.35,100,"sd","14:22:27",10804600
21.85,0.35,30000,"sd","14:22:24",10804500
21.9,0.4,300,"bu","14:22:24",10774500
21.85,0.35,500,"sd","14:22:22",10774200
21.85,0.35,800,"sd","14:22:19",10773700
21.9,0.4,400,"bu","14:22:17",10772900
21.85,0.35,8600,"bu","14:22:15",10772500
21.8,0.3,200,"sd","14:22:14",10763900
21.85,0.35,300,"bu","14:22:12",10763700
21.85,0.35,1300,"bu","14:22:11",10763400
21.85,0.35,9200,"bu","14:22:09",10762100
21.85,0.35,9900,"bu","14:22:09",10752900
21.85,0.35,30000,"bu","14:22:07",10743000
21.85,0.35,100,"bu","14:22:06",10713000
21.85,0.35,1000,"bu","14:22:05",10712900
21.85,0.35,2000,"bu","14:22:05",10711900
21.85,0.35,300,"bu","14:22:04",10709900
21.85,0.35,100,"bu","14:22:00",10709600
21.85,0.35,2000,"bu","14:22:00",10709500
21.85,0.35,3000,"bu","14:21:59",10707500
21.85,0.35,400,"bu","14:21:57",10704500
21.85,0.35,5000,"bu","14:21:55",10704100
21.85,0.35,4000,"bu","14:21:53",10699100
21.85,0.35,300,"bu","14:21:51",10695100
21.8,0.3,800,"sd","14:21:48",10694800
21.85,0.35,200,"bu","14:21:48",10694000
21.85,0.35,5000,"bu","14:21:47",10693800
21.8,0.3,8500,"sd","14:21:46",10688800
21.85,0.35,400,"bu","14:21:44",10680300
21.8,0.3,100,"sd","14:21:43",10679900
21.85,0.35,4000,"bu","14:21:38",10679800
21.85,0.35,3300,"bu","14:21:37",10675800
21.85,0.35,3000,"bu","14:21:36",10672500
21.85,0.35,300,"bu","14:21:31",10669500
21.85,0.35,1000,"bu","14:21:30",10669200
21.85,0.35,200,"bu","14:21:28",10668200
21.85,0.35,10000,"bu","14:21:26",10668000
21.85,0.35,500,"bu","14:21:25",10658000
21.85,0.35,400,"bu","14:21:24",10657500
21.85,0.35,5000,"bu","14:21:23",10657100
21.85,0.35,5000,"bu","14:21:23",10652100
21.85,0.35,5000,"bu","14:21:20",10647100
21.85,0.35,5000,"bu","14:21:19",10642100
21.8,0.3,5600,"sd","14:21:18",10637100
21.85,0.35,300,"bu","14:21:17",10631500
21.8,0.3,800,"sd","14:21:17",10631200
21.8,0.3,100,"sd","14:21:11",10630400
21.85,0.35,400,"bu","14:21:10",10630300
21.85,0.35,4000,"bu","14:21:07",10629900
21.85,0.35,4000,"bu","14:21:06",10625900
21.85,0.35,2000,"bu","14:21:05",10621900
21.85,0.35,300,"bu","14:21:04",10619900
21.85,0.35,1000,"bu","14:21:03",10619600
21.8,0.3,100,"sd","14:21:03",10618600
21.85,0.35,1000,"bu","14:21:02",10618500
21.8,0.3,1600,"sd","14:21:00",10617500
21.85,0.35,300,"bu","14:20:57",10615900
21.85,0.35,100,"bu","14:20:56",10615600
21.85,0.35,400,"bu","14:20:50",10615500
21.85,0.35,131400,"sd","14:20:49",10615100
21.85,0.35,700,"sd","14:20:46",10483700
21.9,0.4,100,"bu","14:20:45",10483000
21.9,0.4,300,"bu","14:20:44",10482900
21.9,0.4,400,"bu","14:20:43",10482600
21.85,0.35,100,"sd","14:20:40",10482200
21.9,0.4,2000,"bu","14:20:39",10482100
21.9,0.4,400,"bu","14:20:37",10480100
21.9,0.4,3900,"bu","14:20:35",10479700
21.9,0.4,2000,"bu","14:20:34",10475800
21.85,0.35,1000,"sd","14:20:32",10473800
21.9,0.4,300,"bu","14:20:30",10472800
21.9,0.4,300,"bu","14:20:24",10472500
21.9,0.4,200,"bu","14:20:24",10472200
21.9,0.4,500,"bu","14:20:17",10472000
21.9,0.4,100,"bu","14:20:17",10471500
21.85,0.35,700,"sd","14:20:15",10471400
21.9,0.4,300,"bu","14:20:10",10470700
21.85,0.35,100,"sd","14:20:09",10470400
21.9,0.4,3900,"bu","14:20:05",10470300
21.9,0.4,400,"bu","14:20:04",10466400
21.85,0.35,1000,"sd","14:20:03",10466000
21.85,0.35,300,"sd","14:20:02",10465000
21.85,0.35,24400,"bu","14:20:01",10464700
21.85,0.35,3000,"bu","14:19:58",10440300
21.85,0.35,300,"bu","14:19:57",10437300
21.85,0.35,5000,"bu","14:19:56",10437000
21.85,0.35,2000,"bu","14:19:56",10432000
21.85,0.35,14900,"bu","14:19:55",10430000
21.85,0.35,11300,"bu","14:19:55",10415100
21.85,0.35,1000,"bu","14:19:52",10403800
21.85,0.35,300,"bu","14:19:50",10402800
21.85,0.35,1000,"bu","14:19:50",10402500
21.8,0.3,1000,"sd","14:19:48",10401500
21.85,0.35,8000,"bu","14:19:48",10400500
21.8,0.3,2700,"sd","14:19:44",10392500
21.85,0.35,400,"bu","14:19:43",10389800
21.85,0.35,5000,"bu","14:19:39",10389400
21.8,0.3,300,"sd","14:19:38",10384400
21.85,0.35,300,"bu","14:19:37",10384100
21.85,0.35,4000,"bu","14:19:34",10383800
21.85,0.35,8400,"bu","14:19:34",10379800
21.85,0.35,400,"bu","14:19:30",10371400
21.85,0.35,300,"bu","14:19:23",10371000
21.85,0.35,1000,"bu","14:19:22",10370700
21.85,0.35,300,"bu","14:19:17",10369700
21.8,0.3,700,"sd","14:19:13",10369400
21.85,0.35,400,"bu","14:19:10",10368700
21.85,0.35,4200,"bu","14:19:03",10368300
21.8,0.3,200,"sd","14:19:02",10364100
21.85,0.35,3000,"bu","14:19:02",10363900
21.8,0.3,2000,"sd","14:19:00",10360900
21.85,0.35,300,"bu","14:18:58",10358900
21.85,0.35,400,"bu","14:18:57",10358600
21.8,0.3,19000,"sd","14:18:57",10358200
21.8,0.3,3000,"sd","14:18:55",10339200
21.85,0.35,100,"bu","14:18:54",10336200
21.8,0.3,500,"sd","14:18:52",10336100
21.85,0.35,300,"bu","14:18:50",10335600
21.8,0.3,2000,"sd","14:18:49",10335300
21.8,0.3,400,"sd","14:18:47",10333300
21.85,0.35,300,"bu","14:18:43",10332900
21.8,0.3,700,"sd","14:18:43",10332600
21.8,0.3,1700,"bu","14:18:41",10331900
21.8,0.3,1400,"bu","14:18:40",10330200
21.8,0.3,18600,"bu","14:18:39",10328800
21.8,0.3,5000,"bu","14:18:39",10310200
21.8,0.3,3400,"bu","14:18:36",10305200
21.8,0.3,20000,"bu","14:18:34",10301800
21.8,0.3,2200,"bu","14:18:33",10281800
21.8,0.3,4700,"bu","14:18:32",10279600
21.8,0.3,300,"bu","14:18:30",10274900
21.8,0.3,500,"bu","14:18:29",10274600
21.8,0.3,20000,"bu","14:18:28",10274100
21.8,0.3,400,"bu","14:18:23",10254100
21.8,0.3,1000,"bu","14:18:21",10253700
21.8,0.3,1400,"bu","14:18:17",10252700
21.8,0.3,300,"bu","14:18:16",10251300
21.75,0.25,700,"sd","14:18:12",10251000
21.8,0.3,3000,"bu","14:18:11",10250300
21.8,0.3,300,"bu","14:18:10",10247300
21.8,0.3,500,"bu","14:18:06",10247000
21.8,0.3,400,"bu","14:18:03",10246500
21.8,0.3,3900,"bu","14:18:01",10246100
21.8,0.3,2000,"bu","14:17:59",10242200
21.8,0.3,500,"bu","14:17:57",10240200
21.8,0.3,300,"bu","14:17:56",10239700
21.8,0.3,500,"bu","14:17:54",10239400
21.8,0.3,400,"bu","14:17:50",10238900
21.8,0.3,100,"bu","14:17:46",10238500
21.8,0.3,300,"bu","14:17:43",10238400
21.75,0.25,700,"sd","14:17:41",10238100
21.8,0.3,300,"bu","14:17:36",10237400
21.8,0.3,4000,"bu","14:17:31",10237100
21.8,0.3,3700,"bu","14:17:30",10233100
21.8,0.3,400,"bu","14:17:29",10229400
21.8,0.3,1000,"bu","14:17:26",10229000
21.75,0.25,500,"sd","14:17:24",10228000
21.8,0.3,300,"bu","14:17:23",10227500
21.75,0.25,1300,"sd","14:17:20",10227200
21.8,0.3,400,"bu","14:17:16",10225900
21.75,0.25,1200,"sd","14:17:14",10225500
21.8,0.3,1300,"bu","14:17:13",10224300
21.75,0.25,700,"sd","14:17:09",10223000
21.8,0.3,300,"bu","14:17:09",10222300
21.8,0.3,3000,"bu","14:17:06",10222000
21.75,0.25,1000,"sd","14:17:03",10219000
21.8,0.3,300,"bu","14:17:03",10218000
21.8,0.3,2300,"bu","14:17:02",10217700
21.8,0.3,3700,"bu","14:16:59",10215400
21.8,0.3,400,"bu","14:16:56",10211700
21.8,0.3,4900,"bu","14:16:54",10211300
21.75,0.25,500,"sd","14:16:49",10206400
21.8,0.3,300,"bu","14:16:47",10205900
21.75,0.25,700,"sd","14:16:38",10205500
21.8,0.3,100,"bu","14:16:37",10204800
21.8,0.3,200,"bu","14:16:35",10204700
21.8,0.3,3700,"bu","14:16:28",10204500
21.8,0.3,4200,"sd","14:16:27",10200800
21.8,0.3,5000,"sd","14:16:23",10196600
21.8,0.3,5000,"sd","14:16:22",10191600
21.8,0.3,2000,"sd","14:16:21",10186600
21.8,0.3,24200,"sd","14:16:15",10184600
21.8,0.3,75800,"sd","14:16:14",10160400
21.85,0.35,1000,"bu","14:16:08",10084600
21.8,0.3,700,"sd","14:16:08",10083600
21.8,0.3,20000,"sd","14:16:04",10082900
21.85,0.35,1500,"bu","14:16:04",10062900
21.85,0.35,3700,"bu","14:15:57",10061400
21.85,0.35,500,"bu","14:15:48",10057700
21.8,0.3,1300,"sd","14:15:48",10057200
21.85,0.35,500,"bu","14:15:47",10055900
21.85,0.35,500,"bu","14:15:42",10055400
21.8,0.3,700,"sd","14:15:37",10054900
21.85,0.35,10000,"bu","14:15:35",10052200
21.85,0.35,1400,"bu","14:15:30",10042200
21.85,0.35,100,"bu","14:15:29",10040800
21.85,0.35,3700,"bu","14:15:26",10040700
21.8,0.3,5000,"sd","14:15:26",10037000
21.85,0.35,1000,"bu","14:15:18",10032000
21.85,0.35,3200,"sd","14:15:16",10031000
21.85,0.35,1300,"sd","14:15:15",10027800
21.85,0.35,5000,"sd","14:15:15",10026500
21.85,0.35,2500,"sd","14:15:14",10021500
21.85,0.35,500,"sd","14:15:08",10019000
21.85,0.35,200700,"sd","14:15:06",10018500
21.9,0.4,3700,"bu","14:14:55",9817800
21.85,0.35,5000,"sd","14:14:54",9814100
21.85,0.35,300,"sd","14:14:51",9809100
21.85,0.35,100,"sd","14:14:50",9808800
21.9,0.4,300,"bu","14:14:50",9808700
21.85,0.35,100,"sd","14:14:48",9808400
21.85,0.35,500,"sd","14:14:43",9808300
21.85,0.35,500,"sd","14:14:42",9807800
21.85,0.35,500,"sd","14:14:41",9807300
21.85,0.35,2000,"sd","14:14:39",9806800
21.85,0.35,1700,"sd","14:14:35",9804800
21.9,0.4,100,"bu","14:14:32",9803100
21.85,0.35,2000,"sd","14:14:30",9803000
21.9,0.4,3700,"bu","14:14:29",9801000
21.85,0.35,4800,"sd","14:14:29",9797300
21.85,0.35,1000,"sd","14:14:25",9792500
21.9,0.4,500,"bu","14:14:23",9791500
21.85,0.35,5300,"sd","14:14:22",9791000
21.85,0.35,4600,"sd","14:14:21",9785700
21.9,0.4,100,"bu","14:14:20",9781100
21.9,0.4,500,"bu","14:14:16",9781000
21.85,0.35,3000,"sd","14:14:16",9780500
21.85,0.35,100,"sd","14:14:14",9777500
21.9,0.4,3000,"bu","14:14:11",9777400
21.85,0.35,500,"sd","14:14:08",9774400
21.9,0.4,1000,"bu","14:14:08",9773900
21.85,0.35,1000,"sd","14:14:07",9772900
21.85,0.35,700,"sd","14:14:04",9771900
21.9,0.4,5000,"bu","14:14:00",9771200
21.9,0.4,1000,"bu","14:13:59",9766200
21.85,0.35,1000,"sd","14:13:54",9765200
21.9,0.4,3700,"bu","14:13:54",9764200
21.9,0.4,10000,"bu","14:13:48",9760500
21.9,0.4,1000,"bu","14:13:48",9750500
21.85,0.35,600,"sd","14:13:45",9749500
21.9,0.4,100,"bu","14:13:35",9748900
21.85,0.35,700,"sd","14:13:33",9748800
21.9,0.4,3700,"bu","14:13:23",9748100
21.85,0.35,200,"sd","14:13:21",9744400
21.85,0.35,500,"sd","14:13:20",9744200
21.85,0.35,5000,"sd","14:13:18",9743700
21.85,0.35,2200,"sd","14:13:16",9738700
21.85,0.35,1000,"sd","14:13:14",9736500
21.85,0.35,200,"sd","14:13:13",9735500
21.85,0.35,500,"sd","14:13:04",9735300
21.85,0.35,700,"sd","14:13:02",9734800
21.85,0.35,100,"sd","14:12:54",9734100
21.85,0.35,100,"sd","14:12:52",9734000
21.9,0.4,3700,"bu","14:12:52",9733900
21.85,0.35,2000,"sd","14:12:47",9730200
21.85,0.35,1000,"sd","14:12:44",9728200
21.85,0.35,500,"sd","14:12:38",9727200
21.85,0.35,1300,"sd","14:12:35",9726600
21.85,0.35,700,"sd","14:12:31",9725300
21.85,0.35,1000,"sd","14:12:30",9724600
21.85,0.35,4200,"sd","14:12:27",9723600
21.85,0.35,2500,"sd","14:12:22",9719400
21.9,0.4,3600,"bu","14:12:21",9716900
21.85,0.35,700,"sd","14:12:20",9713300
21.85,0.35,9300,"sd","14:12:20",9712600
21.85,0.35,500,"sd","14:12:19",9703300
21.85,0.35,2100,"sd","14:12:15",9702800
21.85,0.35,5000,"sd","14:12:14",9700700
21.85,0.35,1000,"sd","14:12:07",9695700
21.85,0.35,1000,"sd","14:12:04",9694700
21.85,0.35,700,"sd","14:12:00",9693700
21.85,0.35,300,"sd","14:11:59",9693000
21.85,0.35,10000,"sd","14:11:54",9692700
21.85,0.35,10000,"sd","14:11:50",9682700
21.9,0.4,300,"bu","14:11:49",9672700
21.85,0.35,3500,"sd","14:11:46",9672400
21.85,0.35,200,"sd","14:11:44",9668900
21.85,0.35,2400,"sd","14:11:32",9668700
21.85,0.35,5000,"sd","14:11:31",9666300
21.85,0.35,5000,"sd","14:11:30",9660300
21.85,0.35,700,"sd","14:11:29",9655300
21.85,0.35,10000,"sd","14:11:21",9654600
21.85,0.35,1000,"sd","14:11:16",9644600
21.85,0.35,5900,"bu","14:11:11",9643600
21.85,0.35,400,"bu","14:11:07",9637700
21.85,0.35,200,"bu","14:11:02",9637300
21.85,0.35,2700,"sd","14:10:59",9637100
21.85,0.35,6000,"sd","14:10:59",9634400
21.85,0.35,700,"sd","14:10:58",9628400
21.9,0.4,20000,"bu","14:10:57",9627700
21.9,0.4,2000,"bu","14:10:56",9607700
21.9,0.4,600,"bu","14:10:55",9605700
21.9,0.4,1000,"bu","14:10:45",9605100
21.8,0.3,146900,"sd","14:10:45",9604100
21.85,0.35,43100,"sd","14:10:45",9457200
21.85,0.35,100,"sd","14:10:42",9414100
21.85,0.35,3000,"sd","14:10:41",9414000
21.85,0.35,500,"sd","14:10:41",9411000
21.85,0.35,11700,"bu","14:10:40",9410500
21.85,0.35,2200,"bu","14:10:40",9398800
21.85,0.35,1000,"bu","14:10:39",9396600
21.85,0.35,100,"bu","14:10:37",9395600
21.85,0.35,300,"bu","14:10:36",9395500
21.85,0.35,500,"bu","14:10:35",9395200
21.85,0.35,8600,"sd","14:10:34",9394700
21.85,0.35,18600,"sd","14:10:34",9386100
21.9,0.4,1000,"bu","14:10:33",9367500
21.85,0.35,100,"sd","14:10:32",9366500
21.85,0.35,1000,"sd","14:10:29",9366400
21.85,0.35,1000,"sd","14:10:27",9365400
21.85,0.35,800,"sd","14:10:27",9364400
21.85,0.35,5000,"sd","14:10:23",9363600
21.85,0.35,3800,"bu","14:10:18",9358600
21.85,0.35,2100,"bu","14:10:17",9354800
21.85,0.35,500,"bu","14:10:15",9352700
21.85,0.35,100,"bu","14:10:14",9352200
21.85,0.35,7100,"sd","14:10:11",9352100
21.9,0.4,100,"bu","14:10:09",9345000
21.85,0.35,1600,"bu","14:10:06",9344900
21.85,0.35,2000,"bu","14:10:05",9343300
21.85,0.35,5000,"bu","14:10:04",9341300
21.85,0.35,1000,"bu","14:10:04",9336300
21.85,0.35,1400,"bu","14:10:03",9335300
21.85,0.35,500,"bu","14:10:02",9333900
21.85,0.35,2000,"bu","14:10:02",9333400
21.85,0.35,1500,"bu","14:10:01",9331400
21.85,0.35,100,"bu","14:10:00",9329900
21.8,0.3,1800,"sd","14:10:00",9329800
21.85,0.35,20000,"bu","14:10:00",9328000
21.85,0.35,16000,"bu","14:09:59",9308000
21.85,0.35,5100,"bu","14:09:57",9292000
21.8,0.3,700,"sd","14:09:55",9286900
21.85,0.35,1100,"bu","14:09:55",9286200
21.85,0.35,16000,"bu","14:09:54",9285100
21.85,0.35,1000,"bu","14:09:54",9269100
21.85,0.35,2300,"bu","14:09:52",9265100
21.85,0.35,900,"bu","14:09:51",9262800
21.85,0.35,10000,"bu","14:09:47",9261900
21.85,0.35,5000,"bu","14:09:46",9251900
21.85,0.35,10200,"bu","14:09:43",9246900
21.85,0.35,1000,"bu","14:09:42",9236700
21.85,0.35,1000,"bu","14:09:39",9235700
21.85,0.35,37500,"bu","14:09:35",9234700
21.8,0.3,700,"sd","14:09:25",9197200
21.85,0.35,1000,"bu","14:09:13",9196500
21.8,0.3,700,"sd","14:09:02",9195500
21.85,0.35,1000,"bu","14:08:59",9194800
21.85,0.35,3000,"bu","14:08:58",9193800
21.85,0.35,1000,"bu","14:08:55",9190800
21.85,0.35,200,"bu","14:08:54",9189800
21.8,0.3,700,"sd","14:08:54",9189600
21.85,0.35,5000,"bu","14:08:52",9188900
21.85,0.35,1000,"bu","14:08:49",9183900
21.85,0.35,500,"bu","14:08:44",9182900
21.8,0.3,10000,"sd","14:08:41",9182400
21.85,0.35,100,"bu","14:08:40",9172400
21.85,0.35,1000,"bu","14:08:39",9172300
21.85,0.35,1000,"bu","14:08:33",9171300
21.85,0.35,1700,"bu","14:08:32",9170300
21.85,0.35,100,"bu","14:08:31",9168600
21.85,0.35,700,"bu","14:08:26",9168500
21.85,0.35,2000,"bu","14:08:23",9167800
21.85,0.35,500,"bu","14:08:22",9165800
21.8,0.3,700,"sd","14:08:22",9165300
21.85,0.35,500,"bu","14:08:20",9164600
21.85,0.35,100,"bu","14:08:19",9164100
21.85,0.35,100,"bu","14:08:12",9164000
21.85,0.35,5000,"bu","14:08:08",9163900
21.85,0.35,10100,"bu","14:08:07",9158900
21.85,0.35,500,"bu","14:08:01",9148800
21.85,0.35,3900,"bu","14:08:00",9148300
21.85,0.35,134100,"sd","14:07:58",9144400
21.9,0.4,3000,"bu","14:07:57",9010300
21.9,0.4,500,"bu","14:07:55",9007300
21.9,0.4,5000,"bu","14:07:54",9006800
21.9,0.4,1300,"bu","14:07:53",9001800
21.9,0.4,5000,"bu","14:07:52",9000500
21.85,0.35,700,"sd","14:07:51",8995500
21.9,0.4,20600,"bu","14:07:50",8994800
21.9,0.4,20400,"bu","14:07:49",8974200
21.9,0.4,2000,"bu","14:07:48",8953800
21.9,0.4,100,"bu","14:07:48",8951800
21.9,0.4,1000,"bu","14:07:47",8951700
21.9,0.4,500,"bu","14:07:46",8950700
21.9,0.4,10000,"bu","14:07:45",8950200
21.9,0.4,5700,"bu","14:07:42",8940200
21.9,0.4,4300,"bu","14:07:41",8934500
21.9,0.4,100,"bu","14:07:37",8930200
21.9,0.4,100,"bu","14:07:37",8930100
21.9,0.4,7000,"bu","14:07:36",8930000
21.9,0.4,60000,"bu","14:07:33",8923000
21.9,0.4,10000,"bu","14:07:32",8863000
21.9,0.4,4600,"bu","14:07:31",8853000
21.9,0.4,500,"bu","14:07:31",8848400
21.9,0.4,300,"bu","14:07:28",8847900
21.9,0.4,500,"bu","14:07:27",8847600
21.9,0.4,1000,"bu","14:07:26",8847100
21.9,0.4,10000,"bu","14:07:25",8846100
21.9,0.4,1000,"bu","14:07:20",8836100
21.85,0.35,700,"sd","14:07:20",8835100
21.9,0.4,500,"bu","14:07:19",8833400
21.9,0.4,50000,"bu","14:07:16",8832900
21.9,0.4,300,"bu","14:07:15",8782900
21.85,0.35,1000,"sd","14:07:14",8782600
21.9,0.4,200,"bu","14:07:13",8781600
21.9,0.4,100,"bu","14:07:13",8781400
21.9,0.4,500,"bu","14:06:57",8781300
21.9,0.4,30000,"bu","14:06:57",8780800
21.9,0.4,4700,"bu","14:06:55",8750800
21.9,0.4,100,"bu","14:06:53",8746100
21.9,0.4,600,"bu","14:06:51",8746000
21.85,0.35,3700,"sd","14:06:49",8745400
21.85,0.35,5000,"sd","14:06:43",8741700
21.85,0.35,1000,"sd","14:06:39",8736700
21.85,0.35,1100,"sd","14:06:36",8735700
21.85,0.35,200,"sd","14:06:30",8734600
21.9,0.4,300,"bu","14:06:30",8734400
21.85,0.35,100,"sd","14:06:26",8734100
21.85,0.35,100,"sd","14:06:20",8734000
21.85,0.35,600,"sd","14:06:18",8733900
21.85,0.35,500,"sd","14:06:09",8733300
21.85,0.35,1600,"bu","14:06:08",8732800
21.85,0.35,35000,"bu","14:06:04",8731200
21.85,0.35,2500,"bu","14:06:01",8696200
21.85,0.35,100,"bu","14:05:58",8693700
21.85,0.35,1000,"bu","14:05:57",8693600
21.85,0.35,1000,"bu","14:05:56",8692600
21.85,0.35,2900,"bu","14:05:49",8691600
21.8,0.3,600,"sd","14:05:48",8688700
21.85,0.35,1000,"bu","14:05:44",8688100
21.8,0.3,200,"sd","14:05:30",8687100
21.8,0.3,6400,"bu","14:05:25",8686900
21.8,0.3,1500,"bu","14:05:24",8680500
21.8,0.3,5000,"bu","14:05:22",8679000
21.8,0.3,3700,"bu","14:05:20",8674000
21.8,0.3,800,"bu","14:05:19",8670300
21.8,0.3,100,"bu","14:05:18",8669500
21.8,0.3,500,"bu","14:05:17",8669400
21.75,0.25,600,"sd","14:05:17",8668900
21.8,0.3,2000,"bu","14:05:16",8668300
21.8,0.3,45100,"sd","14:05:16",8666300
21.8,0.3,84900,"sd","14:05:15",8621200
21.85,0.35,30000,"bu","14:05:14",8536300
21.85,0.35,10000,"bu","14:05:08",8506300
21.85,0.35,10000,"bu","14:05:03",8496300
21.8,0.3,7300,"bu","14:05:01",8486300
21.8,0.3,14000,"bu","14:05:01",8479000
21.8,0.3,6100,"bu","14:05:00",8465000
21.8,0.3,500,"bu","14:04:59",8458900
21.8,0.3,1000,"bu","14:04:56",8458400
21.8,0.3,1000,"bu","14:04:55",8457400
21.8,0.3,65000,"bu","14:04:53",8456400
21.8,0.3,20000,"bu","14:04:49",8391400
21.8,0.3,3000,"bu","14:04:48",8371400
21.8,0.3,32200,"sd","14:04:47",8368400
21.85,0.35,1000,"bu","14:04:46",8336200
21.8,0.3,600,"sd","14:04:45",8335200
21.85,0.35,3000,"bu","14:04:43",8334600
21.85,0.35,5400,"bu","14:04:41",8331600
21.85,0.35,7000,"bu","14:04:39",8326200
21.85,0.35,25000,"bu","14:04:38",8319200
21.85,0.35,100000,"bu","14:04:32",8294200
21.85,0.35,4000,"bu","14:04:23",8194200
21.8,0.3,600,"sd","14:04:14",8190200
21.8,0.3,3000,"sd","14:04:13",8189600
21.8,0.3,1000,"sd","14:04:08",8186600
21.8,0.3,2000,"sd","14:04:07",8185600
21.8,0.3,2000,"sd","14:04:03",8183600
21.8,0.3,500,"sd","14:04:00",8181600
21.8,0.3,5000,"sd","14:03:44",8181100
21.8,0.3,600,"sd","14:03:43",8176100
21.8,0.3,1000,"sd","14:03:38",8175500
21.8,0.3,2000,"sd","14:03:28",8174500
21.8,0.3,100,"sd","14:03:12",8172500
21.8,0.3,600,"sd","14:03:12",8172400
21.8,0.3,300,"bu","14:03:11",8171800
21.8,0.3,500,"bu","14:03:09",8171500
21.8,0.3,2000,"bu","14:03:07",8171000
21.8,0.3,5000,"bu","14:03:05",8169000
21.8,0.3,500,"bu","14:03:01",8164000
21.8,0.3,2000,"bu","14:02:58",8163500
21.8,0.3,3500,"bu","14:02:56",8161500
21.8,0.3,6000,"bu","14:02:55",8158000
21.8,0.3,300,"bu","14:02:53",8152000
21.8,0.3,11000,"bu","14:02:52",8151700
21.8,0.3,8800,"bu","14:02:46",8140700
21.8,0.3,200,"bu","14:02:42",8131900
21.75,0.25,600,"sd","14:02:41",8131700
21.8,0.3,52000,"bu","14:02:37",8131100
21.8,0.3,5000,"bu","14:02:36",8079100
21.8,0.3,500,"bu","14:02:31",8074100
21.8,0.3,100,"bu","14:02:29",8073600
21.8,0.3,10000,"bu","14:02:23",8073500
21.8,0.3,1500,"bu","14:02:22",8063500
21.8,0.3,1000,"bu","14:02:14",8062000
21.75,0.25,100,"sd","14:02:11",8061000
21.75,0.25,500,"sd","14:02:11",8060900
21.75,0.25,600,"sd","14:02:10",8060400
21.8,0.3,2000,"bu","14:02:04",8059800
21.8,0.3,900,"bu","14:02:03",8057800
21.75,0.25,11200,"sd","14:02:01",8056900
21.75,0.25,500,"sd","14:01:51",8045700
21.75,0.25,600,"sd","14:01:39",8045200
21.75,0.25,100,"sd","14:01:37",8044600
21.8,0.3,5000,"bu","14:01:35",8044500
21.8,0.3,25000,"bu","14:01:32",8039500
21.8,0.3,10000,"bu","14:01:31",8014500
21.75,0.25,2100,"sd","14:01:28",8004500
21.8,0.3,5000,"bu","14:01:27",8002400
21.75,0.25,100,"sd","14:01:11",7997400
21.75,0.25,600,"sd","14:01:08",7997300
21.75,0.25,100,"sd","14:00:56",7996700
21.75,0.25,200,"sd","14:00:43",7996600
21.75,0.25,2000,"sd","14:00:40",7996400
21.75,0.25,600,"sd","14:00:38",7994400
21.75,0.25,500,"sd","14:00:18",7993800
21.75,0.25,600,"sd","14:00:06",7993300
21.75,0.25,19800,"bu","14:00:03",7992700
21.75,0.25,400,"bu","14:00:01",7972900
21.75,0.25,300,"bu","13:59:58",7972500
21.75,0.25,500,"bu","13:59:57",7972200
21.75,0.25,5000,"bu","13:59:55",7971700
21.75,0.25,6500,"bu","13:59:48",7966700
21.75,0.25,1000,"bu","13:59:42",7960200
21.75,0.25,2000,"bu","13:59:41",7959200
21.7,0.2,600,"sd","13:59:35",7957200
21.75,0.25,6000,"bu","13:59:34",7956600
21.75,0.25,3000,"bu","13:59:28",7950600
21.75,0.25,2000,"bu","13:59:25",7947600
21.75,0.25,10500,"bu","13:59:22",7945600
21.7,0.2,600,"sd","13:59:03",7935100
21.75,0.25,2000,"bu","13:59:03",7934500
21.7,0.2,2000,"sd","13:59:01",7932500
21.75,0.25,500,"bu","13:58:50",7930500
21.7,0.2,10000,"sd","13:58:47",7930000
21.7,0.2,600,"sd","13:58:32",7920000
21.75,0.25,3000,"bu","13:58:28",7919400
21.75,0.25,200,"bu","13:58:28",7916400
21.75,0.25,100,"bu","13:58:27",7916200
21.75,0.25,5000,"bu","13:58:20",7916100
21.75,0.25,1000,"bu","13:58:15",7911100
21.75,0.25,100,"bu","13:58:01",7910100
21.7,0.2,600,"sd","13:58:01",7910000
21.75,0.25,800,"bu","13:58:01",7909400
21.7,0.2,1000,"sd","13:58:01",7908600
21.75,0.25,500,"bu","13:58:00",7907600
21.75,0.25,800,"bu","13:57:51",7907100
21.75,0.25,3000,"bu","13:57:49",7906300
21.75,0.25,2000,"bu","13:57:46",7903300
21.7,0.2,1000,"sd","13:57:45",7901300
21.75,0.25,1200,"bu","13:57:35",7900300
21.75,0.25,500,"bu","13:57:34",7899100
21.75,0.25,4600,"bu","13:57:33",7898600
21.7,0.2,600,"sd","13:57:30",7894000
21.75,0.25,3900,"bu","13:57:13",7893400
21.7,0.2,600,"sd","13:56:59",7889500
21.75,0.25,5200,"sd","13:56:58",7888900
21.75,0.25,2000,"sd","13:56:57",7883700
21.75,0.25,1000,"sd","13:56:55",7881700
21.75,0.25,1000,"sd","13:56:55",7880700
21.75,0.25,40000,"sd","13:56:50",7879700
21.75,0.25,5000,"sd","13:56:44",7839700
21.75,0.25,1000,"sd","13:56:35",7834700
21.75,0.25,7000,"sd","13:56:33",7833700
21.75,0.25,600,"sd","13:56:28",7826700
21.75,0.25,2000,"sd","13:56:20",7826100
21.75,0.25,7000,"sd","13:56:14",7824100
21.75,0.25,5500,"sd","13:56:07",7817100
21.75,0.25,2000,"sd","13:56:06",7811600
21.75,0.25,5000,"sd","13:56:04",7809600
21.75,0.25,900,"sd","13:55:57",7804600
21.75,0.25,100,"sd","13:55:56",7803700
21.75,0.25,5000,"sd","13:55:48",7803600
21.75,0.25,128000,"bu","13:55:45",7798600
21.7,0.2,600,"sd","13:55:26",7670600
21.75,0.25,3000,"bu","13:55:16",7670000
21.75,0.25,1000,"bu","13:55:14",7667000
21.75,0.25,5000,"bu","13:55:13",7666000
21.75,0.25,11200,"bu","13:55:10",7661000
21.75,0.25,400,"bu","13:55:01",7649800
21.7,0.2,600,"sd","13:54:55",7649400
21.75,0.25,300,"bu","13:54:46",7648800
21.75,0.25,200,"bu","13:54:45",7648500
21.75,0.25,111000,"sd","13:54:40",7648300
21.75,0.25,2000,"sd","13:54:31",7537300
21.75,0.25,600,"sd","13:54:23",7535300
21.75,0.25,5000,"sd","13:54:16",7534700
21.8,0.3,3000,"bu","13:54:12",7529700
21.75,0.25,200,"sd","13:54:11",7526700
21.75,0.25,2000,"sd","13:54:06",7526500
21.75,0.25,100,"sd","13:53:55",7524500
21.75,0.25,800,"sd","13:53:52",7524400
21.75,0.25,200,"sd","13:53:51",7523600
21.75,0.25,7800,"sd","13:53:48",7523400
21.75,0.25,400,"sd","13:53:23",7515600
21.75,0.25,600,"sd","13:53:20",7515200
21.8,0.3,300,"bu","13:53:13",7514600
21.8,0.3,500,"bu","13:53:08",7514300
21.8,0.3,20000,"bu","13:53:07",7513800
21.75,0.25,300,"sd","13:53:07",7493800
21.75,0.25,200,"sd","13:53:01",7493500
21.8,0.3,700,"bu","13:52:59",7493300
21.8,0.3,300,"bu","13:52:56",7492600
21.8,0.3,500,"bu","13:52:53",7492300
21.75,0.25,1100,"sd","13:52:52",7491800
21.75,0.25,600,"sd","13:52:48",7490700
21.8,0.3,1000,"bu","13:52:33",7490100
21.75,0.25,600,"sd","13:52:17",7489100
21.8,0.3,500,"bu","13:52:14",7488500
21.75,0.25,500,"sd","13:52:13",7488000
21.8,0.3,100,"bu","13:52:04",7487500
21.75,0.25,600,"sd","13:51:45",7487400
21.8,0.3,10000,"bu","13:51:36",7486800
21.75,0.25,500,"sd","13:51:31",7476800
21.75,0.25,3000,"sd","13:51:19",7476300
21.8,0.3,2000,"bu","13:51:19",7473300
21.75,0.25,600,"sd","13:51:14",7471300
21.8,0.3,20000,"bu","13:51:11",7470700
21.8,0.3,3000,"bu","13:51:04",7450700
21.8,0.3,100,"bu","13:50:46",7447700
21.8,0.3,500,"bu","13:50:41",7447600
21.75,0.25,600,"sd","13:50:39",7447100
21.8,0.3,500,"bu","13:50:39",7446500
21.8,0.3,7000,"bu","13:50:37",7446000
21.8,0.3,20000,"sd","13:50:31",7439000
21.8,0.3,100,"sd","13:50:30",7419000
21.8,0.3,10000,"sd","13:50:30",7418900
21.8,0.3,15300,"sd","13:50:29",7408900
21.8,0.3,11600,"sd","13:50:27",7393600
21.8,0.3,10000,"sd","13:50:27",7382000
21.8,0.3,10000,"sd","13:50:26",7372000
21.8,0.3,200,"sd","13:50:26",7362000
21.8,0.3,5700,"sd","13:50:24",7361800
21.8,0.3,5000,"sd","13:50:19",7356100
21.8,0.3,35000,"sd","13:50:17",7351100
21.85,0.35,100,"bu","13:50:13",7316100
21.8,0.3,600,"sd","13:50:08",7316000
21.85,0.35,400,"bu","13:50:05",7315400
21.85,0.35,8200,"bu","13:50:00",7315000
21.8,0.3,300,"sd","13:50:00",7306800
21.8,0.3,100,"sd","13:49:59",7306500
21.8,0.3,500,"sd","13:49:55",7306400
21.8,0.3,500,"sd","13:49:53",7305900
21.8,0.3,5000,"sd","13:49:47",7305400
21.8,0.3,200,"sd","13:49:45",7300400
21.8,0.3,600,"sd","13:49:37",7300200
21.85,0.35,5000,"bu","13:49:26",7299600
21.8,0.3,800,"sd","13:49:26",7294600
21.85,0.35,200,"bu","13:49:24",7293800
21.85,0.35,500,"bu","13:49:23",7293600
21.8,0.3,900,"sd","13:49:22",7293100
21.85,0.35,5000,"bu","13:49:08",7292200
21.8,0.3,600,"sd","13:49:06",7287200
21.85,0.35,5000,"bu","13:49:00",7286600
21.85,0.35,500,"bu","13:48:57",7281600
21.85,0.35,300,"bu","13:48:51",7281100
21.85,0.35,1000,"bu","13:48:46",7280800
21.8,0.3,5000,"sd","13:48:46",7279800
21.8,0.3,15000,"sd","13:48:41",7274800
21.8,0.3,200,"sd","13:48:40",7259800
21.8,0.3,5200,"sd","13:48:35",7259600
21.8,0.3,1000,"sd","13:48:29",7254400
21.8,0.3,500,"sd","13:48:24",7253400
21.85,0.35,300,"bu","13:48:22",7252900
21.85,0.35,200,"bu","13:48:20",7252600
21.8,0.3,800,"sd","13:48:18",7252400
21.8,0.3,300,"sd","13:48:18",7251600
21.8,0.3,100,"sd","13:48:12",7251300
21.85,0.35,1000,"bu","13:48:12",7251200
21.85,0.35,8100,"bu","13:48:09",7250200
21.8,0.3,1900,"sd","13:48:08",7242100
21.85,0.35,4000,"bu","13:48:08",7240200
21.8,0.3,500,"sd","13:48:06",7236200
21.85,0.35,5000,"bu","13:48:04",7235700
21.8,0.3,600,"sd","13:48:04",7230700
21.85,0.35,300,"bu","13:48:00",7230100
21.85,0.35,200,"bu","13:47:58",7229800
21.8,0.3,3000,"sd","13:47:56",7229600
21.85,0.35,1000,"bu","13:47:56",7226600
21.85,0.35,100,"bu","13:47:55",7225600
21.85,0.35,1300,"bu","13:47:54",7225500
21.85,0.35,10000,"bu","13:47:52",7224200
21.85,0.35,100,"bu","13:47:51",7214200
21.85,0.35,200,"bu","13:47:47",7214100
21.85,0.35,200,"bu","13:47:46",7213900
21.85,0.35,300,"bu","13:47:45",7213700
21.85,0.35,1000,"bu","13:47:43",7213400
21.85,0.35,10000,"bu","13:47:38",7212400
21.85,0.35,100,"bu","13:47:37",7202400
21.8,0.3,5000,"sd","13:47:35",7202300
21.85,0.35,100,"bu","13:47:33",7197300
21.8,0.3,600,"sd","13:47:32",7197200
21.85,0.35,10000,"bu","13:47:31",7196600
21.85,0.35,30000,"bu","13:47:30",7186600
21.85,0.35,1500,"bu","13:47:29",7156600
21.85,0.35,1500,"bu","13:47:26",7155100
21.85,0.35,5100,"bu","13:47:23",7153600
21.85,0.35,4900,"bu","13:47:22",7148500
21.8,0.3,10000,"sd","13:47:20",7143600
21.85,0.35,5000,"bu","13:47:05",7133600
21.85,0.35,1000,"bu","13:47:04",7128600
21.8,0.3,600,"sd","13:47:01",7127600
21.8,0.3,700,"sd","13:46:59",7127000
21.85,0.35,38000,"bu","13:46:56",7126300
21.8,0.3,5000,"sd","13:46:54",7088300
21.85,0.35,6000,"bu","13:46:51",7083300
21.8,0.3,300,"sd","13:46:45",7077300
21.8,0.3,100,"sd","13:46:44",7077000
21.8,0.3,500,"sd","13:46:42",7076900
21.8,0.3,1000,"sd","13:46:41",7076400
21.8,0.3,2000,"sd","13:46:36",7075400
21.8,0.3,3000,"sd","13:46:33",7073400
21.8,0.3,600,"sd","13:46:30",7070400
21.85,0.35,2000,"bu","13:46:30",7069800
21.8,0.3,400,"sd","13:46:29",7067800
21.8,0.3,2000,"sd","13:46:24",7067400
21.8,0.3,1600,"sd","13:46:06",7065400
21.85,0.35,5000,"bu","13:46:05",7063800
21.8,0.3,5000,"sd","13:46:02",7058800
21.85,0.35,500,"bu","13:46:02",7053800
21.8,0.3,600,"sd","13:45:59",7053300
21.8,0.3,5000,"sd","13:45:58",7052700
21.85,0.35,1500,"bu","13:45:56",7047700
21.8,0.3,500,"sd","13:45:55",7046200
21.85,0.35,3000,"bu","13:45:55",7045700
21.85,0.35,2000,"bu","13:45:54",7042700
21.8,0.3,2000,"sd","13:45:53",7040700
21.85,0.35,5000,"bu","13:45:53",7038700
21.85,0.35,5000,"bu","13:45:53",7033700
21.85,0.35,3000,"bu","13:45:52",7028700
21.8,0.3,1000,"sd","13:45:51",7025700
21.85,0.35,1400,"bu","13:45:51",7024700
21.85,0.35,300,"bu","13:45:48",7023300
21.85,0.35,4500,"bu","13:45:48",7023000
21.85,0.35,400,"bu","13:45:47",7018500
21.85,0.35,2000,"bu","13:45:46",7018100
21.85,0.35,1800,"bu","13:45:45",7016100
21.85,0.35,100000,"bu","13:45:45",7014300
21.85,0.35,500,"bu","13:45:40",6914300
21.85,0.35,100,"bu","13:45:39",6913800
21.85,0.35,3000,"bu","13:45:34",6913700
21.85,0.35,500,"bu","13:45:31",6910700
21.85,0.35,65000,"bu","13:45:29",6910200
21.8,0.3,600,"sd","13:45:27",6845200
21.85,0.35,2000,"bu","13:45:20",6844600
21.8,0.3,5000,"sd","13:45:19",6842600
21.8,0.3,100,"sd","13:45:16",6837600
21.8,0.3,7300,"bu","13:45:10",6837500
21.8,0.3,22100,"bu","13:45:09",6830200
21.8,0.3,1000,"bu","13:45:08",6808100
21.8,0.3,15400,"bu","13:45:08",6807100
21.8,0.3,1000,"bu","13:45:07",6791700
21.8,0.3,2000,"bu","13:45:05",6790700
21.8,0.3,500,"bu","13:45:04",6788700
21.8,0.3,8000,"bu","13:45:03",6788200
21.8,0.3,13300,"bu","13:45:03",6780200
21.8,0.3,24000,"bu","13:45:01",6766900
21.8,0.3,100,"bu","13:45:00",6742900
21.8,0.3,400,"bu","13:44:59",6742800
21.8,0.3,5200,"bu","13:44:57",6742400
21.75,0.25,600,"sd","13:44:56",6737200
21.8,0.3,6800,"bu","13:44:55",6736600
21.8,0.3,1200,"bu","13:44:54",6729800
21.8,0.3,5500,"bu","13:44:53",6728600
21.8,0.3,1400,"bu","13:44:52",6723100
21.8,0.3,200,"bu","13:44:51",6721700
21.8,0.3,5000,"bu","13:44:50",6721500
21.8,0.3,100,"bu","13:44:43",6716500
21.8,0.3,5400,"bu","13:44:42",6716400
21.8,0.3,30000,"bu","13:44:41",6711000
21.8,0.3,500,"bu","13:44:31",6681000
21.8,0.3,1000,"bu","13:44:29",6680500
21.8,0.3,5000,"bu","13:44:27",6679500
21.8,0.3,5600,"bu","13:44:26",6674500
21.75,0.25,600,"sd","13:44:25",6668900
21.8,0.3,100,"bu","13:44:22",6668300
21.8,0.3,1300,"bu","13:44:21",6668200
21.8,0.3,3000,"bu","13:44:20",6666900
21.8,0.3,400,"bu","13:44:20",6663900
21.8,0.3,500,"bu","13:44:19",6663500
21.8,0.3,10000,"bu","13:44:15",6663000
21.8,0.3,500,"bu","13:44:14",6653000
21.8,0.3,500,"bu","13:44:13",6652500
21.8,0.3,2000,"bu","13:44:09",6652000
21.8,0.3,100,"bu","13:44:07",6650000
21.8,0.3,5000,"bu","13:44:06",6649900
21.8,0.3,200,"bu","13:44:06",6644900
21.8,0.3,1900,"bu","13:44:05",6644700
21.8,0.3,3800,"bu","13:43:57",6642800
21.75,0.25,800,"bu","13:43:57",6639000
21.75,0.25,15000,"bu","13:43:56",6638200
21.75,0.25,23000,"bu","13:43:55",6623200
21.75,0.25,16700,"bu","13:43:54",6600200
21.7,0.2,600,"sd","13:43:54",6583500
21.75,0.25,2700,"bu","13:43:53",6582900
21.75,0.25,250000,"bu","13:43:50",6580200
21.7,0.2,900,"sd","13:43:50",6330200
21.7,0.2,1000,"sd","13:43:47",6329300
21.75,0.25,500,"bu","13:43:43",6328300
21.75,0.25,100,"bu","13:43:41",6327800
21.75,0.25,200,"bu","13:43:29",6327700
21.7,0.2,1000,"sd","13:43:25",6327500
21.75,0.25,200,"bu","13:43:24",6326500
21.7,0.2,600,"sd","13:43:22",6326300
21.75,0.25,10000,"bu","13:43:19",6325700
21.75,0.25,1000,"bu","13:43:08",6315700
21.7,0.2,500,"sd","13:43:05",6314700
21.75,0.25,1500,"bu","13:43:04",6314200
21.75,0.25,100,"bu","13:43:03",6312700
21.75,0.25,5000,"bu","13:42:57",6312600
21.7,0.2,600,"sd","13:42:51",6307600
21.75,0.25,13000,"bu","13:42:49",6307000
21.7,0.2,500,"sd","13:42:47",6294000
21.75,0.25,100,"bu","13:42:41",6293500
21.75,0.25,900,"bu","13:42:38",6293400
21.75,0.25,25000,"bu","13:42:29",6292500
21.75,0.25,200,"bu","13:42:28",6267500
21.7,0.2,3000,"sd","13:42:28",6267300
21.7,0.2,1100,"sd","13:42:20",6264300
21.75,0.25,100,"bu","13:42:18",6263200
21.75,0.25,3000,"bu","13:42:09",6263100
21.75,0.25,2000,"bu","13:41:59",6260100
21.75,0.25,13000,"bu","13:41:51",6258100
21.7,0.2,600,"sd","13:41:49",6245100
21.7,0.2,300,"sd","13:41:41",6244500
21.75,0.25,1000,"bu","13:41:40",6244200
21.7,0.2,1000,"sd","13:41:20",6243200
21.7,0.2,5000,"sd","13:41:19",6242200
21.7,0.2,600,"sd","13:41:18",6237200
21.7,0.2,500,"sd","13:41:04",6236600
21.7,0.2,5000,"sd","13:40:58",6236100
21.7,0.2,3600,"sd","13:40:47",6231100
21.7,0.2,500,"sd","13:40:40",6227500
21.7,0.2,1500,"sd","13:40:30",6227000
21.7,0.2,3000,"sd","13:40:26",6225500
21.7,0.2,300,"sd","13:40:23",6222500
21.7,0.2,600,"sd","13:40:15",6222200
21.75,0.25,100,"bu","13:40:14",6221600
21.7,0.2,500,"sd","13:40:10",6221500
21.7,0.2,300,"sd","13:40:08",6221000
21.75,0.25,5000,"bu","13:39:56",6220700
21.75,0.25,200,"bu","13:39:55",6215700
21.75,0.25,100,"bu","13:39:53",6215500
21.7,0.2,200,"sd","13:39:47",6215400
21.7,0.2,500,"sd","13:39:47",6215200
21.7,0.2,600,"sd","13:39:44",6214700
21.7,0.2,29000,"sd","13:39:29",6214100
21.7,0.2,500,"sd","13:39:27",6185100
21.75,0.25,100,"bu","13:39:26",6184600
21.75,0.25,100,"bu","13:39:20",6184500
21.75,0.25,6000,"bu","13:39:15",6184400
21.7,0.2,600,"sd","13:39:13",6178400
21.7,0.2,100,"sd","13:39:09",6177800
21.7,0.2,1100,"sd","13:39:08",6177700
21.7,0.2,500,"sd","13:39:08",6176600
21.7,0.2,200,"sd","13:39:03",6176100
21.7,0.2,2100,"sd","13:39:02",6175900
21.7,0.2,300,"sd","13:39:01",6173800
21.7,0.2,2000,"sd","13:38:59",6173500
21.7,0.2,5000,"sd","13:38:51",6171500
21.7,0.2,500,"sd","13:38:49",6166500
21.7,0.2,100,"sd","13:38:46",6166000
21.7,0.2,500,"sd","13:38:44",6165900
21.7,0.2,600,"sd","13:38:41",6165400
21.75,0.25,2000,"bu","13:38:41",6164800
21.7,0.2,33000,"bu","13:38:39",6162800
21.7,0.2,100,"bu","13:38:38",6129800
21.7,0.2,96300,"sd","13:38:35",6129700
21.75,0.25,800,"bu","13:38:28",6033400
21.7,0.2,1000,"sd","13:38:27",6032600
21.7,0.2,500,"sd","13:38:26",6031600
21.7,0.2,1300,"sd","13:38:23",6031100
21.7,0.2,2700,"sd","13:38:14",6029800
21.7,0.2,100,"sd","13:38:11",6027100
21.7,0.2,600,"sd","13:38:10",6027000
21.7,0.2,100,"sd","13:38:05",6026400
21.7,0.2,10000,"sd","13:38:02",6026300
21.7,0.2,300,"sd","13:38:00",6016300
21.7,0.2,1000,"sd","13:37:53",6016000
21.7,0.2,500,"sd","13:37:53",6015000
21.7,0.2,1000,"sd","13:37:47",6014500
21.7,0.2,200,"sd","13:37:40",6013500
21.7,0.2,600,"sd","13:37:39",6013300
21.7,0.2,5000,"sd","13:37:36",6012700
21.7,0.2,2000,"sd","13:37:31",6007700
21.7,0.2,2000,"sd","13:37:31",6005700
21.75,0.25,3400,"bu","13:37:23",6003700
21.7,0.2,500,"sd","13:37:21",6000300
21.7,0.2,5000,"sd","13:37:17",5999800
21.7,0.2,600,"sd","13:37:08",5994800
21.75,0.25,500,"bu","13:37:03",5994200
21.7,0.2,1000,"sd","13:36:54",5993700
21.7,0.2,200,"sd","13:36:51",5992700
21.7,0.2,100,"sd","13:36:49",5992500
21.7,0.2,500,"sd","13:36:46",5992400
21.7,0.2,600,"sd","13:36:37",5991900
21.7,0.2,500,"sd","13:36:20",5991300
21.75,0.25,6000,"bu","13:36:20",5990800
21.7,0.2,600,"sd","13:36:05",5984800
21.75,0.25,200,"bu","13:35:47",5984200
21.7,0.2,500,"sd","13:35:44",5984000
21.7,0.2,600,"sd","13:35:35",5983500
21.7,0.2,400,"sd","13:35:32",5982900
21.75,0.25,2000,"bu","13:35:26",5982500
21.7,0.2,500,"sd","13:35:13",5980500
21.7,0.2,1000,"sd","13:35:07",5980000
21.75,0.25,400,"bu","13:35:03",5979000
21.7,0.2,600,"sd","13:35:02",5978600
21.7,0.2,500,"sd","13:34:51",5978000
21.7,0.2,200,"sd","13:34:42",5977500
21.7,0.2,500,"sd","13:34:40",5977300
21.75,0.25,100,"bu","13:34:36",5976800
21.7,0.2,1100,"sd","13:34:34",5976700
21.7,0.2,600,"sd","13:34:31",5975600
21.75,0.25,200,"bu","13:34:16",5975000
21.7,0.2,700,"sd","13:34:09",5974800
21.7,0.2,600,"sd","13:34:00",5974100
21.7,0.2,2000,"sd","13:33:57",5973500
21.7,0.2,300,"sd","13:33:44",5971500
21.75,0.25,1300,"bu","13:33:37",5971200
21.7,0.2,2000,"sd","13:33:32",5969900
21.7,0.2,600,"sd","13:33:28",5967900
21.7,0.2,2000,"sd","13:33:25",5967300
21.7,0.2,2000,"sd","13:33:24",5965300
21.7,0.2,600,"sd","13:32:57",5963300
21.7,0.2,600,"sd","13:32:55",5962700
21.7,0.2,500,"sd","13:32:47",5962100
21.7,0.2,1000,"sd","13:32:36",5961600
21.7,0.2,300,"sd","13:32:34",5960600
21.7,0.2,3000,"sd","13:32:17",5960300
21.75,0.25,100,"bu","13:32:15",5957300
21.75,0.25,100,"bu","13:32:12",5957200
21.75,0.25,200,"bu","13:32:03",5957100
21.75,0.25,5000,"bu","13:31:55",5956900
21.75,0.25,100,"bu","13:31:53",5951900
21.75,0.25,96600,"bu","13:31:49",5951800
21.75,0.25,3400,"bu","13:31:48",5855200
21.75,0.25,14500,"bu","13:31:38",5851800
21.75,0.25,4200,"bu","13:31:25",5837300
21.75,0.25,100,"bu","13:31:12",5833100
21.75,0.25,400,"bu","13:31:01",5833000
21.7,0.2,600,"sd","13:31:00",5832600
21.7,0.2,500,"sd","13:30:58",5832000
21.75,0.25,2300,"bu","13:30:52",5831500
21.7,0.2,3700,"bu","13:30:52",5829200
21.7,0.2,3000,"bu","13:30:47",5825500
21.7,0.2,400,"bu","13:30:46",5822500
21.7,0.2,100,"bu","13:30:43",5822100
21.7,0.2,100000,"bu","13:30:42",5822000
21.65,0.15,600,"sd","13:30:29",5722000
21.7,0.2,1000,"bu","13:30:28",5721400
21.7,0.2,500,"bu","13:30:22",5720400
21.7,0.2,5000,"bu","13:30:18",5719900
21.7,0.2,1000,"bu","13:30:07",5714900
21.7,0.2,10000,"bu","13:30:04",5713900
21.65,0.15,1100,"sd","13:29:59",5703900
21.65,0.15,600,"sd","13:29:58",5702800
21.7,0.2,2000,"bu","13:29:57",5702200
21.7,0.2,1000,"bu","13:29:56",5700200
21.7,0.2,300,"bu","13:29:46",5699200
21.7,0.2,2000,"bu","13:29:45",5698900
21.7,0.2,3000,"bu","13:29:40",5696900
21.65,0.15,600,"sd","13:29:28",5693900
21.7,0.2,200,"bu","13:29:14",5693300
21.7,0.2,1000,"bu","13:29:12",5693100
21.7,0.2,800,"bu","13:29:10",5692100
21.65,0.15,600,"sd","13:28:57",5691300
21.7,0.2,500,"bu","13:28:49",5690700
21.65,0.15,600,"sd","13:28:26",5690200
21.7,0.2,100,"bu","13:28:14",5689600
21.65,0.15,600,"sd","13:27:55",5689500
21.7,0.2,2000,"bu","13:27:33",5688900
21.65,0.15,600,"sd","13:27:24",5686900
21.7,0.2,1000,"bu","13:27:21",5686300
21.65,0.15,500,"sd","13:27:19",5685300
21.7,0.2,1000,"bu","13:27:08",5684800
21.7,0.2,1000,"bu","13:27:01",5683800
21.65,0.15,600,"sd","13:26:53",5682800
21.7,0.2,2000,"bu","13:26:42",5682200
21.7,0.2,100,"bu","13:26:40",5680200
21.7,0.2,1300,"sd","13:26:36",5680100
21.7,0.2,4000,"sd","13:26:32",5678800
21.7,0.2,600,"sd","13:26:22",5674800
21.7,0.2,1100,"bu","13:26:20",5674200
21.7,0.2,1000,"bu","13:26:14",5673100
21.7,0.2,100,"bu","13:25:59",5672100
21.7,0.2,3000,"bu","13:25:55",5672000
21.7,0.2,200,"bu","13:25:54",5669000
21.65,0.15,600,"sd","13:25:51",5668800
21.7,0.2,1000,"bu","13:25:49",5668200
21.7,0.2,10100,"bu","13:25:40",5667200
21.7,0.2,100,"bu","13:25:34",5657100
21.7,0.2,1000,"bu","13:25:28",5657000
21.65,0.15,1100,"sd","13:25:25",5656000
21.65,0.15,600,"sd","13:25:20",5654900
21.7,0.2,3000,"bu","13:25:18",5654300
21.7,0.2,800,"bu","13:25:08",5651300
21.65,0.15,600,"sd","13:24:48",5650500
21.7,0.2,2000,"bu","13:24:43",5649900
21.7,0.2,2000,"bu","13:24:38",5647900
21.7,0.2,13000,"bu","13:24:35",5645900
21.7,0.2,5000,"bu","13:24:31",5632900
21.7,0.2,5000,"bu","13:24:27",5627900
21.65,0.15,600,"sd","13:24:18",5622900
21.7,0.2,12000,"bu","13:24:17",5622300
21.7,0.2,600,"bu","13:24:09",5610300
21.7,0.2,200,"bu","13:24:06",5609700
21.7,0.2,200,"bu","13:23:59",5609500
21.7,0.2,500,"bu","13:23:49",5609300
21.65,0.15,600,"sd","13:23:47",5608800
21.7,0.2,76800,"sd","13:23:38",5608200
21.7,0.2,20700,"sd","13:23:37",5531400
21.7,0.2,5000,"sd","13:23:28",5510700
21.7,0.2,14400,"sd","13:23:25",5505700
21.7,0.2,600,"sd","13:23:16",5491300
21.7,0.2,500,"sd","13:23:07",5490700
21.7,0.2,500,"sd","13:23:03",5490200
21.7,0.2,600,"sd","13:22:45",5489700
21.7,0.2,100,"sd","13:22:36",5489100
21.7,0.2,600,"sd","13:22:14",5489000
21.7,0.2,2000,"sd","13:22:12",5488400
21.7,0.2,600,"sd","13:21:44",5486400
21.75,0.25,300,"bu","13:21:30",5485800
21.75,0.25,500,"bu","13:21:21",5485500
21.7,0.2,600,"sd","13:21:12",5485000
21.7,0.2,2000,"sd","13:21:08",5484400
21.7,0.2,200,"sd","13:21:05",5482400
21.7,0.2,1100,"sd","13:20:50",5482200
21.7,0.2,2000,"sd","13:20:44",5481100
21.7,0.2,700,"sd","13:20:41",5479100
21.7,0.2,4000,"sd","13:20:39",5478400
21.7,0.2,200,"sd","13:20:23",5474400
21.7,0.2,600,"sd","13:20:10",5474200
21.7,0.2,600,"sd","13:20:06",5473600
21.7,0.2,500,"sd","13:19:59",5473000
21.7,0.2,200,"sd","13:19:59",5472500
21.7,0.2,5000,"sd","13:19:56",5472300
21.7,0.2,1000,"sd","13:19:54",5467300
21.7,0.2,5000,"sd","13:19:51",5466300
21.7,0.2,30000,"sd","13:19:44",5461300
21.7,0.2,600,"sd","13:19:39",5431300
21.7,0.2,1500,"sd","13:19:31",5430700
21.7,0.2,600,"sd","13:19:08",5429200
21.7,0.2,100,"sd","13:19:04",5428600
21.7,0.2,500,"sd","13:18:59",5428500
21.7,0.2,5000,"sd","13:18:49",5428000
21.7,0.2,2000,"sd","13:18:45",5423000
21.7,0.2,1000,"sd","13:18:43",5421000
21.7,0.2,600,"sd","13:18:38",5420000
21.7,0.2,200,"sd","13:18:31",5419400
21.7,0.2,200,"sd","13:18:29",5419200
21.7,0.2,5000,"sd","13:18:26",5419000
21.7,0.2,3100,"bu","13:18:16",5414000
21.7,0.2,50000,"bu","13:18:10",5410900
21.7,0.2,18000,"bu","13:18:08",5360900
21.65,0.15,600,"sd","13:18:07",5342900
21.7,0.2,100,"bu","13:18:05",5342300
21.7,0.2,10000,"bu","13:18:05",5342200
21.7,0.2,1000,"bu","13:17:47",5332200
21.65,0.15,600,"sd","13:17:35",5331200
21.7,0.2,2000,"bu","13:17:32",5330600
21.7,0.2,100,"bu","13:17:31",5328600
21.65,0.15,700,"sd","13:17:12",5328500
21.65,0.15,600,"sd","13:17:04",5327800
21.65,0.15,600,"sd","13:16:33",5327200
21.65,0.15,100,"sd","13:16:20",5326600
21.65,0.15,1100,"sd","13:16:16",5326500
21.65,0.15,600,"sd","13:16:02",5325400
21.65,0.15,100,"sd","13:15:38",5324800
21.65,0.15,600,"sd","13:15:32",5324700
21.65,0.15,300,"sd","13:15:30",5324100
21.65,0.15,300,"sd","13:15:18",5323800
21.7,0.2,28600,"bu","13:15:14",5323500
21.65,0.15,600,"sd","13:15:00",5294900
21.65,0.15,5000,"sd","13:14:54",5294300
21.65,0.15,1000,"sd","13:14:50",5289300
21.65,0.15,5300,"sd","13:14:41",5288300
21.65,0.15,600,"sd","13:14:29",5283000
21.65,0.15,100,"sd","13:14:22",5282400
21.65,0.15,600,"sd","13:13:58",5282300
21.65,0.15,100,"sd","13:13:39",5281700
21.65,0.15,600,"sd","13:13:27",5281600
21.65,0.15,200,"sd","13:13:04",5281000
21.65,0.15,600,"sd","13:12:57",5280800
21.65,0.15,100,"sd","13:12:46",5280200
21.65,0.15,100,"sd","13:12:39",5280100
21.65,0.15,20000,"sd","13:12:30",5280000
21.7,0.2,4100,"bu","13:12:27",5260000
21.65,0.15,600,"sd","13:12:26",5255900
21.65,0.15,600,"sd","13:11:55",5255300
21.65,0.15,1100,"sd","13:11:52",5254700
21.7,0.2,100,"bu","13:11:40",5253600
21.7,0.2,100,"bu","13:11:26",5253500
21.65,0.15,500,"bu","13:11:25",5253400
21.6,0.1,600,"sd","13:11:24",5252900
21.65,0.15,100,"bu","13:11:20",5252300
21.65,0.15,1600,"sd","13:11:14",5252200
21.65,0.15,30200,"bu","13:11:13",5250600
21.65,0.15,2000,"bu","13:11:10",5220400
21.6,0.1,1000,"sd","13:11:08",5218400
21.65,0.15,1000,"bu","13:10:53",5217400
21.6,0.1,600,"sd","13:10:52",5216400
21.6,0.1,2000,"sd","13:10:46",5215800
21.65,0.15,1000,"bu","13:10:33",5213800
21.65,0.15,1000,"bu","13:10:31",5212800
21.65,0.15,2500,"bu","13:10:29",5211800
21.65,0.15,1500,"bu","13:10:23",5209300
21.6,0.1,600,"sd","13:10:21",5207800
21.65,0.15,21000,"bu","13:10:19",5207200
21.65,0.15,2000,"bu","13:09:52",5186200
21.6,0.1,600,"sd","13:09:51",5184200
21.65,0.15,5000,"sd","13:09:42",5183600
21.65,0.15,152000,"sd","13:09:38",5178600
21.65,0.15,10000,"sd","13:09:31",5026600
21.65,0.15,2000,"sd","13:09:21",5016600
21.65,0.15,600,"sd","13:09:20",5014600
21.65,0.15,600,"sd","13:08:49",5014000
21.65,0.15,4000,"sd","13:08:46",5013400
21.7,0.2,2000,"bu","13:08:42",5009400
21.65,0.15,600,"sd","13:08:18",5007400
21.65,0.15,3000,"sd","13:08:13",5006800
21.65,0.15,600,"sd","13:07:47",5003800
21.7,0.2,3000,"bu","13:07:40",5003200
21.7,0.2,1000,"bu","13:07:18",5000200
21.65,0.15,300,"sd","13:07:17",4999200
21.65,0.15,600,"sd","13:07:15",4998900
21.7,0.2,25000,"bu","13:07:15",4998300
21.7,0.2,50000,"bu","13:07:00",4973300
21.65,0.15,600,"sd","13:06:44",4923300
21.65,0.15,4000,"sd","13:06:30",4922700
21.65,0.15,600,"sd","13:06:13",4918700
21.65,0.15,3900,"sd","13:06:08",4918100
21.65,0.15,2000,"sd","13:05:57",4914200
21.7,0.2,4500,"bu","13:05:46",4912200
21.65,0.15,600,"sd","13:05:43",4907700
21.7,0.2,100,"bu","13:05:39",4907100
21.65,0.15,600,"sd","13:05:12",4907000
21.7,0.2,100,"bu","13:05:09",4906400
21.65,0.15,200,"sd","13:05:06",4906300
21.65,0.15,100,"sd","13:04:56",4906100
21.65,0.15,600,"sd","13:04:41",4906000
21.65,0.15,2000,"sd","13:04:37",4905400
21.65,0.15,100,"sd","13:04:33",4903400
21.65,0.15,500,"sd","13:04:24",4903300
21.7,0.2,300,"bu","13:04:22",4902800
21.65,0.15,600,"sd","13:04:10",4902500
21.7,0.2,2000,"bu","13:04:03",4901400
21.7,0.2,2000,"bu","13:03:41",4899400
21.65,0.15,5000,"sd","13:03:40",4897400
21.65,0.15,600,"sd","13:03:39",4892400
21.65,0.15,200,"sd","13:03:25",4891800
21.65,0.15,1200,"sd","13:03:14",4891600
21.65,0.15,500,"sd","13:03:10",4890400
21.7,0.2,800,"bu","13:03:10",4889900
21.65,0.15,600,"sd","13:03:08",4889100
21.65,0.15,4500,"sd","13:02:56",4888500
21.65,0.15,300,"sd","13:02:49",4884000
21.65,0.15,600,"sd","13:02:37",4883700
21.7,0.2,100,"bu","13:02:34",4883100
21.7,0.2,13000,"sd","13:02:29",4883000
21.75,0.25,100,"bu","13:02:18",4870000
21.75,0.25,1400,"bu","13:02:17",4869900
21.7,0.2,500,"sd","13:02:06",4868500
21.7,0.2,5000,"sd","13:02:02",4868000
21.7,0.2,200,"sd","13:01:58",4863000
21.7,0.2,200,"sd","13:01:50",4862800
21.7,0.2,6100,"sd","13:01:49",4862600
21.7,0.2,2000,"sd","13:01:48",4856500
21.7,0.2,500,"sd","13:01:36",4854500
21.7,0.2,3000,"sd","13:01:35",4854000
21.7,0.2,2000,"sd","13:01:25",4851000
21.7,0.2,100,"sd","13:01:23",4849000
21.7,0.2,3000,"sd","13:01:20",4848900
21.7,0.2,100,"sd","13:01:08",4845900
21.7,0.2,600,"sd","13:01:04",4845800
21.7,0.2,1200,"sd","13:01:01",4845200
21.7,0.2,1000,"sd","13:00:34",4844000
21.7,0.2,3500,"sd","13:00:26",4843000
21.7,0.2,600,"sd","13:00:24",4839500
21.7,0.2,9800,"sd","13:00:19",4838900
21.7,0.2,200,"sd","13:00:18",4829100
21.7,0.2,1000,"sd","13:00:17",4828900
21.7,0.2,1900,"sd","13:00:13",4827900
21.7,0.2,100,"sd","13:00:11",4826000
21.7,0.2,200,"sd","13:00:04",4825900
21.7,0.2,100,"sd","13:00:02",4825700
21.75,0.25,4600,"bu","13:00:01",4825600
21.7,0.2,8000,"sd","13:00:00",4821000
21.75,0.25,200,"bu","13:00:00",4813000
21.7,0.2,200,"sd","13:00:00",4812800
21.7,0.2,1000,"sd","11:29:48",4812600
21.7,0.2,14200,"sd","11:29:34",4811600
21.7,0.2,2000,"sd","11:29:29",4797400
21.7,0.2,500,"sd","11:29:07",4795400
21.75,0.25,500,"bu","11:29:01",4794900
21.7,0.2,200,"sd","11:28:29",4794400
21.7,0.2,15000,"sd","11:28:24",4794200
21.7,0.2,1200,"sd","11:27:57",4779200
21.7,0.2,100,"sd","11:27:49",4778000
21.7,0.2,2000,"bu","11:27:48",4777900
21.7,0.2,24700,"bu","11:27:48",4775900
21.65,0.15,3000,"sd","11:27:33",4751200
21.65,0.15,700,"sd","11:27:27",4748200
21.7,0.2,4000,"bu","11:27:02",4747500
21.65,0.15,700,"sd","11:26:57",4743500
21.7,0.2,1000,"bu","11:26:51",4742800
21.7,0.2,41800,"sd","11:26:32",4741800
21.7,0.2,700,"sd","11:26:26",4700000
21.75,0.25,500,"bu","11:25:57",4699300
21.7,0.2,700,"sd","11:25:55",4698800
21.7,0.2,2000,"sd","11:25:54",4698100
21.7,0.2,5000,"sd","11:25:51",4696100
21.7,0.2,1000,"sd","11:25:43",4691100
21.7,0.2,700,"sd","11:25:24",4690100
21.7,0.2,10000,"sd","11:25:06",4689400
21.7,0.2,700,"sd","11:24:53",4679400
21.7,0.2,2000,"sd","11:24:52",4678700
21.75,0.25,100,"bu","11:24:42",4676700
21.75,0.25,400,"bu","11:24:39",4676600
21.75,0.25,400,"bu","11:24:37",4676200
21.7,0.2,1100,"sd","11:24:28",4675800
21.7,0.2,700,"sd","11:24:22",4674700
21.7,0.2,1000,"sd","11:24:06",4674000
21.7,0.2,700,"sd","11:23:51",4673000
21.7,0.2,800,"sd","11:23:23",4672300
21.7,0.2,300,"sd","11:23:23",4671500
21.7,0.2,700,"sd","11:23:20",4670200
21.7,0.2,700,"sd","11:22:49",4669500
21.7,0.2,500,"sd","11:22:31",4668800
21.7,0.2,700,"sd","11:22:18",4668300
21.7,0.2,9000,"sd","11:22:08",4667600
21.7,0.2,16000,"sd","11:22:07",4658600
21.7,0.2,200,"sd","11:22:05",4642600
21.7,0.2,700,"sd","11:21:47",4642400
21.7,0.2,700,"sd","11:21:16",4641700
21.7,0.2,2000,"sd","11:20:50",4641000
21.7,0.2,700,"sd","11:20:45",4639000
21.75,0.25,400,"bu","11:20:44",4638300
21.75,0.25,500,"bu","11:20:26",4637900
21.75,0.25,5000,"bu","11:20:21",4637400
21.7,0.2,700,"sd","11:20:14",4632400
21.75,0.25,700,"bu","11:20:06",4631700
21.7,0.2,500,"sd","11:19:56",4631000
21.7,0.2,1000,"sd","11:19:53",4630500
21.7,0.2,700,"sd","11:19:43",4629500
21.7,0.2,100,"sd","11:19:20",4628800
21.7,0.2,500,"sd","11:19:15",4628700
21.7,0.2,700,"sd","11:19:12",4628200
21.7,0.2,500,"sd","11:18:58",4627500
21.7,0.2,1100,"sd","11:18:48",4627000
21.7,0.2,700,"sd","11:18:41",4625900
21.7,0.2,600,"sd","11:18:10",4625200
21.7,0.2,600,"sd","11:17:39",4624600
21.75,0.25,300,"bu","11:17:36",4624000
21.7,0.2,300,"sd","11:17:15",4623700
21.7,0.2,600,"sd","11:17:08",4623400
21.7,0.2,200,"sd","11:17:01",4622800
21.75,0.25,50000,"bu","11:17:00",4622600
21.7,0.2,500,"sd","11:16:42",4572600
21.7,0.2,600,"sd","11:16:37",4572100
21.7,0.2,500,"sd","11:16:17",4571500
21.7,0.2,100,"sd","11:16:11",4571000
21.7,0.2,600,"sd","11:16:07",4570900
21.7,0.2,100,"sd","11:16:04",4570300
21.7,0.2,5700,"sd","11:15:41",4570200
21.7,0.2,600,"sd","11:15:36",4564500
21.7,0.2,500,"sd","11:15:26",4563900
21.7,0.2,600,"sd","11:15:04",4563400
21.7,0.2,600,"sd","11:14:34",4562800
21.75,0.25,1000,"bu","11:14:05",4562200
21.7,0.2,400,"sd","11:14:03",4561200
21.7,0.2,200,"sd","11:14:02",4560800
21.75,0.25,3000,"bu","11:13:49",4560600
21.7,0.2,600,"sd","11:13:32",4557600
21.7,0.2,2000,"sd","11:13:17",4557000
21.7,0.2,10000,"sd","11:13:16",4555000
21.7,0.2,600,"sd","11:13:01",4545000
21.7,0.2,3000,"sd","11:12:30",4544400
21.7,0.2,600,"sd","11:12:30",4541400
21.7,0.2,7100,"sd","11:12:25",4540800
21.7,0.2,1000,"sd","11:12:20",4533700
21.7,0.2,500,"sd","11:12:07",4532700
21.7,0.2,500,"sd","11:12:05",4532200
21.7,0.2,600,"sd","11:11:58",4531700
21.7,0.2,10000,"sd","11:11:55",4531100
21.7,0.2,8000,"sd","11:11:47",4521100
21.7,0.2,2000,"sd","11:11:32",4513100
21.7,0.2,600,"sd","11:11:28",4511100
21.7,0.2,1500,"sd","11:11:16",4510500
21.7,0.2,1000,"sd","11:11:15",4509000
21.7,0.2,500,"sd","11:11:11",4508000
21.7,0.2,600,"sd","11:10:57",4507500
21.7,0.2,10000,"sd","11:10:42",4506900
21.7,0.2,600,"sd","11:10:25",4496900
21.7,0.2,1000,"sd","11:10:23",4496300
21.7,0.2,600,"sd","11:09:55",4495300
21.7,0.2,100,"sd","11:09:51",4494700
21.75,0.25,9000,"bu","11:09:50",4494600
21.7,0.2,1100,"sd","11:09:39",4485600
21.7,0.2,3000,"sd","11:09:29",4484500
21.7,0.2,600,"sd","11:09:24",4481500
21.7,0.2,100,"sd","11:09:04",4480900
21.7,0.2,600,"sd","11:08:53",4480800
21.7,0.2,5000,"sd","11:08:46",4480200
21.7,0.2,100,"sd","11:08:43",4475200
21.7,0.2,100,"sd","11:08:38",4475100
21.7,0.2,100,"sd","11:08:35",4475000
21.7,0.2,600,"sd","11:08:22",4474900
21.75,0.25,100,"bu","11:08:11",4474300
21.7,0.2,600,"sd","11:07:51",4474200
21.7,0.2,600,"sd","11:07:20",4473600
21.7,0.2,5000,"sd","11:07:11",4473000
21.75,0.25,3000,"bu","11:06:59",4468000
21.75,0.25,300,"bu","11:06:53",4465000
21.7,0.2,600,"sd","11:06:49",4464700
21.7,0.2,100,"sd","11:06:48",4464100
21.75,0.25,3200,"bu","11:06:28",4464000
21.7,0.2,50000,"sd","11:06:21",4460800
21.7,0.2,600,"sd","11:06:19",4410800
21.7,0.2,500,"sd","11:06:13",4410200
21.75,0.25,300,"bu","11:06:08",4409700
21.75,0.25,10000,"bu","11:05:57",4409400
21.7,0.2,300,"sd","11:05:53",4399400
21.7,0.2,600,"sd","11:05:48",4399100
21.7,0.2,500,"sd","11:05:43",4398500
21.7,0.2,600,"sd","11:05:17",4398000
21.7,0.2,1200,"sd","11:05:05",4397400
21.7,0.2,600,"sd","11:04:46",4396200
21.75,0.25,16200,"bu","11:04:36",4395600
21.7,0.2,200,"sd","11:04:24",4379400
21.7,0.2,100,"sd","11:04:19",4379200
21.7,0.2,600,"sd","11:04:15",4379100
21.75,0.25,18200,"sd","11:03:45",4378500
21.75,0.25,600,"sd","11:03:44",4360300
21.75,0.25,14000,"sd","11:03:43",4359700
21.75,0.25,19400,"sd","11:03:42",4345700
21.75,0.25,30600,"sd","11:03:41",4326300
21.75,0.25,1000,"sd","11:03:40",4295700
21.75,0.25,30000,"sd","11:03:38",4294700
21.75,0.25,200,"sd","11:03:35",4264700
21.75,0.25,14000,"sd","11:03:31",4264500
21.75,0.25,15000,"sd","11:03:25",4250500
21.75,0.25,4600,"sd","11:03:21",4235500
21.75,0.25,600,"sd","11:03:12",4230900
21.75,0.25,5000,"sd","11:03:01",4230300
21.75,0.25,600,"sd","11:03:00",4225300
21.75,0.25,5000,"sd","11:02:58",4224700
21.75,0.25,300,"sd","11:02:51",4219700
21.75,0.25,200,"sd","11:02:44",4219400
21.8,0.3,200,"bu","11:02:42",4219200
21.75,0.25,14000,"sd","11:02:42",4219000
21.75,0.25,2100,"sd","11:02:41",4205000
21.75,0.25,2500,"sd","11:02:31",4202900
21.75,0.25,600,"sd","11:02:10",4200400
21.75,0.25,200,"sd","11:02:09",4199800
21.75,0.25,1000,"sd","11:02:05",4199600
21.75,0.25,1400,"sd","11:01:56",4198600
21.75,0.25,1000,"sd","11:01:51",4197200
21.75,0.25,1000,"sd","11:01:50",4196200
21.75,0.25,600,"sd","11:01:39",4195200
21.75,0.25,1000,"sd","11:01:34",4194600
21.8,0.3,500,"bu","11:01:27",4193600
21.75,0.25,1000,"sd","11:01:14",4193100
21.75,0.25,600,"sd","11:01:08",4192100
21.75,0.25,3900,"sd","11:00:47",4191500
21.75,0.25,4300,"sd","11:00:39",4187600
21.75,0.25,600,"sd","11:00:37",4183300
21.75,0.25,1100,"sd","11:00:30",4182700
21.75,0.25,600,"sd","11:00:06",4181600
21.75,0.25,600,"sd","10:59:35",4181000
21.8,0.3,2800,"bu","10:59:32",4180400
21.75,0.25,600,"sd","10:59:04",4177600
21.75,0.25,13500,"sd","10:59:03",4177000
21.8,0.3,500,"bu","10:58:59",4163500
21.75,0.25,5000,"sd","10:58:58",4163000
21.75,0.25,1000,"sd","10:58:48",4158000
21.75,0.25,1600,"sd","10:58:47",4157000
21.8,0.3,2000,"bu","10:58:43",4155400
21.75,0.25,600,"sd","10:58:33",4153400
21.75,0.25,5500,"sd","10:58:26",4152800
21.75,0.25,100,"sd","10:58:18",4147300
21.75,0.25,500,"sd","10:58:17",4147200
21.75,0.25,1000,"sd","10:58:16",4146700
21.75,0.25,200,"sd","10:58:12",4145700
21.75,0.25,600,"sd","10:58:02",4145500
21.75,0.25,1500,"sd","10:57:54",4144900
21.75,0.25,500,"sd","10:57:36",4143400
21.75,0.25,100,"sd","10:57:35",4142900
21.75,0.25,700,"sd","10:57:32",4142800
21.75,0.25,1000,"sd","10:57:25",4142100
21.75,0.25,1000,"sd","10:57:24",4141100
21.75,0.25,200,"sd","10:57:21",4140100
21.75,0.25,10000,"sd","10:57:14",4139900
21.75,0.25,600,"sd","10:57:00",4129900
21.75,0.25,4700,"sd","10:56:54",4129300
21.75,0.25,35000,"sd","10:56:44",4124600
21.75,0.25,100,"sd","10:56:43",4089600
21.75,0.25,600,"sd","10:56:29",4089500
21.75,0.25,600,"sd","10:55:58",4088900
21.75,0.25,1000,"sd","10:55:55",4088300
21.75,0.25,10100,"sd","10:55:54",4087300
21.8,0.3,500,"bu","10:55:54",4077200
21.75,0.25,3000,"sd","10:55:53",4076700
21.75,0.25,600,"sd","10:55:28",4073700
21.8,0.3,2000,"bu","10:55:19",4073100
21.8,0.3,1000,"bu","10:55:17",4071100
21.75,0.25,600,"sd","10:54:57",4070100
21.8,0.3,5000,"bu","10:54:45",4069500
21.8,0.3,100,"bu","10:54:26",4064500
21.75,0.25,600,"sd","10:54:26",4064400
21.8,0.3,1000,"bu","10:54:20",4063800
21.8,0.3,100,"bu","10:54:02",4062800
21.75,0.25,600,"sd","10:53:55",4062700
21.8,0.3,3800,"sd","10:53:33",4062100
21.8,0.3,1700,"sd","10:53:29",4058300
21.8,0.3,500,"sd","10:53:27",4056600
21.8,0.3,1000,"sd","10:53:25",4056100
21.8,0.3,600,"sd","10:53:24",4055100
21.8,0.3,10500,"sd","10:53:23",4054500
21.8,0.3,2000,"sd","10:53:19",4044000
21.8,0.3,19000,"sd","10:53:16",4042000
21.8,0.3,200,"sd","10:53:13",4023000
21.8,0.3,2000,"sd","10:53:12",4022800
21.8,0.3,5000,"sd","10:53:10",4020800
21.8,0.3,500,"sd","10:53:05",4015800
21.8,0.3,10000,"sd","10:53:02",4015300
21.8,0.3,100,"sd","10:53:01",4005300
21.8,0.3,600,"sd","10:52:53",4005200
21.8,0.3,200,"sd","10:52:44",4004600
21.85,0.35,1000,"bu","10:52:43",4004400
21.8,0.3,2100,"sd","10:52:39",4003400
21.8,0.3,100,"sd","10:52:33",4001300
21.8,0.3,100,"sd","10:52:30",4001200
21.8,0.3,600,"sd","10:52:22",4001100
21.85,0.35,2000,"bu","10:52:17",4000500
21.85,0.35,80000,"bu","10:52:08",3998500
21.8,0.3,600,"sd","10:51:51",3918500
21.85,0.35,500,"bu","10:51:44",3917900
21.8,0.3,100,"sd","10:51:42",3917400
21.8,0.3,2000,"sd","10:51:39",3917300
21.8,0.3,11600,"bu","10:51:32",3915300
21.8,0.3,6000,"bu","10:51:31",3903700
21.8,0.3,7000,"bu","10:51:29",3897700
21.8,0.3,6000,"bu","10:51:27",3890700
21.8,0.3,3000,"bu","10:51:23",3884700
21.75,0.25,600,"sd","10:51:20",3881700
21.8,0.3,5500,"bu","10:51:19",3881100
21.8,0.3,10000,"bu","10:51:17",3875600
21.8,0.3,100,"bu","10:51:15",3865600
21.8,0.3,2500,"bu","10:51:13",3864000
21.8,0.3,4600,"bu","10:51:10",3861500
21.8,0.3,900,"bu","10:51:08",3856900
21.8,0.3,2300,"bu","10:51:07",3856000
21.8,0.3,19100,"bu","10:51:03",3853700
21.8,0.3,58000,"bu","10:50:59",3834600
21.8,0.3,3000,"bu","10:50:57",3776600
21.75,0.25,800,"sd","10:50:49",3773600
21.75,0.25,800,"sd","10:50:48",3772800
21.75,0.25,500,"sd","10:50:39",3772000
21.75,0.25,100,"sd","10:50:37",3771500
21.75,0.25,600,"sd","10:50:18",3771400
21.8,0.3,6700,"bu","10:50:10",3770800
21.75,0.25,44600,"bu","10:50:10",3764100
21.75,0.25,1000,"bu","10:50:10",3719500
21.75,0.25,200,"bu","10:50:09",3718500
21.75,0.25,2000,"bu","10:50:08",3718300
21.75,0.25,3000,"bu","10:50:06",3709800
21.75,0.25,3000,"bu","10:50:05",3706800
21.75,0.25,5000,"bu","10:50:03",3703800
21.75,0.25,2000,"bu","10:50:03",3698800
21.75,0.25,36000,"bu","10:50:00",3696800
21.75,0.25,5000,"bu","10:49:55",3660800
21.75,0.25,6000,"bu","10:49:51",3655800
21.75,0.25,500,"bu","10:49:50",3649800
21.75,0.25,5000,"bu","10:49:47",3649300
21.7,0.2,600,"sd","10:49:47",3644300
21.75,0.25,800,"bu","10:49:46",3643700
21.75,0.25,5600,"bu","10:49:40",3642900
21.75,0.25,9800,"bu","10:49:27",3637300
21.75,0.25,10200,"bu","10:49:27",3627500
21.7,0.2,1000,"sd","10:49:23",3617300
21.7,0.2,500,"sd","10:49:21",3616300
21.7,0.2,600,"sd","10:49:16",3615800
21.7,0.2,200,"sd","10:49:09",3615200
21.7,0.2,600,"sd","10:48:44",3615000
21.7,0.2,1000,"sd","10:48:31",3614400
21.7,0.2,3300,"bu","10:48:28",3613400
21.7,0.2,50000,"bu","10:48:25",3610100
21.65,0.15,2000,"sd","10:48:25",3560100
21.7,0.2,100,"bu","10:48:18",3558100
21.65,0.15,600,"sd","10:48:14",3558000
21.7,0.2,40000,"bu","10:48:03",3557400
21.7,0.2,100,"bu","10:47:48",3517400
21.65,0.15,600,"sd","10:47:43",3517300
21.65,0.15,2000,"sd","10:47:33",3516700
21.65,0.15,300,"sd","10:47:13",3514700
21.65,0.15,600,"sd","10:47:12",3514400
21.65,0.15,10000,"sd","10:47:09",3513800
21.7,0.2,800,"bu","10:47:06",3503800
21.65,0.15,500,"sd","10:46:59",3503000
21.65,0.15,1100,"sd","10:46:46",3502500
21.65,0.15,17000,"sd","10:46:42",3501400
21.65,0.15,600,"sd","10:46:40",3484400
21.65,0.15,500,"sd","10:46:18",3483800
21.65,0.15,2000,"sd","10:46:13",3483300
21.65,0.15,600,"sd","10:46:09",3481300
21.65,0.15,6000,"sd","10:46:00",3480700
21.65,0.15,1000,"sd","10:45:50",3474700
21.65,0.15,400,"sd","10:45:45",3473700
21.65,0.15,1000,"sd","10:45:42",3473300
21.65,0.15,600,"sd","10:45:36",3472300
21.65,0.15,600,"sd","10:45:04",3471700
21.65,0.15,2700,"sd","10:44:42",3471100
21.65,0.15,500,"sd","10:44:37",3468400
21.65,0.15,600,"sd","10:44:34",3467900
21.65,0.15,42900,"bu","10:44:29",3467300
21.65,0.15,400,"bu","10:44:21",3424400
21.6,0.1,3000,"sd","10:44:21",3424000
21.6,0.1,5000,"sd","10:44:16",3421000
21.65,0.15,1000,"bu","10:44:14",3416000
21.6,0.1,100,"sd","10:44:14",3415000
21.6,0.1,500,"sd","10:44:08",3414900
21.6,0.1,600,"sd","10:44:02",3414400
21.65,0.15,1900,"bu","10:44:00",3413800
21.6,0.1,500,"sd","10:43:58",3411900
21.65,0.15,4900,"bu","10:43:54",3411400
21.65,0.15,100,"bu","10:43:46",3406500
21.65,0.15,500,"bu","10:43:40",3406400
21.6,0.1,8900,"sd","10:43:37",3405900
21.6,0.1,600,"sd","10:43:32",3397000
21.6,0.1,3200,"sd","10:43:20",3396400
21.6,0.1,600,"sd","10:43:00",3393200
21.6,0.1,600,"sd","10:42:29",3392600
21.6,0.1,3000,"sd","10:42:27",3392000
21.6,0.1,1200,"sd","10:42:11",3389000
21.6,0.1,600,"sd","10:41:58",3387800
21.65,0.15,2000,"bu","10:41:40",3387200
21.65,0.15,1700,"sd","10:41:32",3385200
21.65,0.15,2200,"sd","10:41:29",3383500
21.65,0.15,600,"sd","10:41:27",3381300
21.65,0.15,500,"sd","10:41:11",3380700
21.65,0.15,3300,"sd","10:41:09",3380200
21.65,0.15,600,"sd","10:40:57",3376900
21.65,0.15,2000,"sd","10:40:55",3376300
21.65,0.15,10000,"sd","10:40:46",3374300
21.65,0.15,5000,"sd","10:40:45",3364300
21.65,0.15,4700,"sd","10:40:42",3359300
21.65,0.15,8600,"sd","10:40:41",3354600
21.65,0.15,11000,"sd","10:40:40",3346000
21.65,0.15,1000,"sd","10:40:37",3335000
21.65,0.15,1000,"sd","10:40:34",3334000
21.65,0.15,2000,"sd","10:40:33",3333000
21.65,0.15,500,"sd","10:40:32",3331000
21.65,0.15,9500,"sd","10:40:31",3330500
21.65,0.15,600,"sd","10:40:26",3321000
21.65,0.15,5000,"sd","10:40:24",3270400
21.65,0.15,500,"sd","10:40:20",3265400
21.65,0.15,20000,"sd","10:40:19",3264900
21.65,0.15,500,"sd","10:40:07",3244900
21.65,0.15,1000,"sd","10:40:06",3244400
21.65,0.15,6000,"sd","10:40:02",3243400
21.65,0.15,5000,"sd","10:40:01",3237400
21.65,0.15,10000,"sd","10:39:59",3232400
21.65,0.15,5000,"sd","10:39:57",3222400
21.65,0.15,500,"sd","10:39:55",3217400
21.65,0.15,5000,"sd","10:39:53",3216900
21.65,0.15,2200,"sd","10:39:50",3211900
21.65,0.15,2000,"sd","10:39:47",3209700
21.65,0.15,2000,"sd","10:39:42",3207700
21.65,0.15,100,"sd","10:39:37",3205700
21.65,0.15,2000,"sd","10:39:33",3205600
21.65,0.15,2500,"sd","10:39:29",3203600
21.65,0.15,500,"sd","10:39:24",3201100
21.65,0.15,300,"sd","10:39:15",3200600
21.65,0.15,1000,"sd","10:39:11",3200300
21.65,0.15,15000,"sd","10:39:05",3199300
21.65,0.15,200,"sd","10:38:58",3184300
21.65,0.15,500,"sd","10:38:53",3184100
21.65,0.15,10000,"sd","10:38:50",3183600
21.7,0.2,100,"bu","10:38:27",3173600
21.65,0.15,500,"sd","10:38:22",3173500
21.65,0.15,4000,"sd","10:38:02",3173000
21.65,0.15,500,"sd","10:37:51",3169000
21.7,0.2,2400,"bu","10:37:49",3168500
21.7,0.2,100,"bu","10:37:46",3166100
21.65,0.15,1000,"sd","10:37:37",3166000
21.65,0.15,500,"sd","10:37:20",3165000
21.65,0.15,10000,"sd","10:36:52",3164500
21.65,0.15,500,"sd","10:36:49",3154500
21.65,0.15,1000,"sd","10:36:39",3154000
21.65,0.15,4200,"sd","10:36:36",3153000
21.65,0.15,500,"sd","10:36:35",3148800
21.65,0.15,1100,"sd","10:36:31",3148300
21.65,0.15,1000,"sd","10:36:28",3147200
21.65,0.15,500,"sd","10:36:17",3146200
21.65,0.15,3500,"sd","10:36:03",3145700
21.65,0.15,20000,"sd","10:35:54",3142200
21.65,0.15,500,"sd","10:35:47",3122200
21.65,0.15,4000,"sd","10:35:37",3121700
21.65,0.15,2000,"sd","10:35:35",3117700
21.65,0.15,500,"sd","10:35:16",3115700
21.65,0.15,10000,"sd","10:35:14",3115200
21.65,0.15,100,"sd","10:34:52",3105200
21.65,0.15,500,"sd","10:34:45",3105100
21.65,0.15,1000,"sd","10:34:22",3104600
21.65,0.15,500,"sd","10:34:14",3103600
21.65,0.15,500,"sd","10:34:12",3103100
21.65,0.15,2000,"sd","10:34:10",3102600
21.65,0.15,1000,"sd","10:34:08",3100600
21.65,0.15,200,"sd","10:33:55",3099600
21.65,0.15,100,"sd","10:33:54",3099400
21.65,0.15,1000,"sd","10:33:52",3099300
21.65,0.15,500,"sd","10:33:43",3098300
21.7,0.2,3000,"bu","10:33:32",3097800
21.7,0.2,2000,"bu","10:33:20",3094800
21.65,0.15,500,"sd","10:33:13",3092800
21.65,0.15,200,"sd","10:33:07",3091800
21.7,0.2,1000,"bu","10:33:01",3091600
21.7,0.2,1000,"bu","10:32:58",3090600
21.7,0.2,200,"bu","10:32:56",3089600
21.7,0.2,700,"bu","10:32:52",3089400
21.7,0.2,20000,"bu","10:32:47",3088700
21.65,0.15,500,"sd","10:32:42",3068700
21.7,0.2,2000,"bu","10:32:32",3068200
21.65,0.15,3900,"sd","10:32:24",3066200
21.65,0.15,500,"sd","10:32:11",3062300
21.65,0.15,2000,"sd","10:32:09",3061800
21.65,0.15,200,"sd","10:31:48",3059800
21.65,0.15,1000,"sd","10:31:45",3059600
21.65,0.15,500,"sd","10:31:40",3058600
21.7,0.2,20000,"bu","10:31:23",3058100
21.65,0.15,500,"sd","10:31:21",3038100
21.65,0.15,500,"sd","10:31:08",3037600
21.65,0.15,500,"sd","10:30:38",3037100
21.7,0.2,1500,"bu","10:30:29",3036600
21.65,0.15,5000,"sd","10:30:27",3035100
21.65,0.15,500,"sd","10:30:07",3030100
21.7,0.2,10000,"bu","10:29:55",3029600
21.7,0.2,1200,"bu","10:29:52",3019600
21.65,0.15,500,"sd","10:29:36",3018400
21.7,0.2,500,"bu","10:29:20",3017900
21.7,0.2,200,"bu","10:29:10",3017400
21.65,0.15,500,"sd","10:29:05",3017200
21.7,0.2,1000,"bu","10:28:50",3016700
21.65,0.15,500,"sd","10:28:34",3015700
21.7,0.2,400,"bu","10:28:11",3015200
21.7,0.2,43700,"sd","10:28:05",3014800
21.7,0.2,21400,"sd","10:28:04",2971100
21.7,0.2,79100,"sd","10:28:03",2949700
21.75,0.25,100,"bu","10:28:02",2870600
21.7,0.2,1000,"sd","10:28:01",2870500
21.7,0.2,3000,"sd","10:28:00",2869500
21.7,0.2,2000,"sd","10:27:57",2866500
21.7,0.2,4000,"sd","10:27:55",2864500
21.7,0.2,3000,"sd","10:27:48",2860500
21.7,0.2,100,"sd","10:27:47",2857500
21.7,0.2,500,"sd","10:27:44",2857400
21.7,0.2,5000,"sd","10:27:43",2856900
21.7,0.2,1000,"sd","10:27:38",2851900
21.7,0.2,500,"sd","10:27:37",2850900
21.7,0.2,100,"sd","10:27:35",2850400
21.7,0.2,1000,"sd","10:27:33",2850300
21.7,0.2,500,"sd","10:27:32",2849300
21.7,0.2,3000,"sd","10:27:29",2848800
21.7,0.2,500,"sd","10:27:28",2845800
21.7,0.2,5700,"sd","10:27:11",2845300
21.7,0.2,1000,"sd","10:27:07",2839600
21.7,0.2,2000,"sd","10:27:05",2838600
21.7,0.2,500,"sd","10:27:01",2836600
21.7,0.2,300,"sd","10:26:51",2836100
21.7,0.2,1700,"sd","10:26:46",2835800
21.7,0.2,2000,"sd","10:26:39",2834100
21.7,0.2,100,"sd","10:26:38",2832100
21.7,0.2,3000,"sd","10:26:34",2832000
21.7,0.2,500,"sd","10:26:30",2829000
21.7,0.2,100,"sd","10:26:26",2828500
21.7,0.2,300,"sd","10:26:22",2828400
21.7,0.2,500,"sd","10:25:59",2828100
21.7,0.2,10000,"sd","10:25:54",2827600
21.7,0.2,100,"sd","10:25:52",2817600
21.7,0.2,200,"sd","10:25:43",2817500
21.7,0.2,30000,"sd","10:25:29",2817300
21.7,0.2,3000,"sd","10:25:26",2786800
21.7,0.2,500,"sd","10:24:58",2783800
21.7,0.2,1000,"sd","10:24:57",2783300
21.7,0.2,1400,"sd","10:24:39",2782300
21.7,0.2,500,"sd","10:24:27",2780900
21.7,0.2,500,"sd","10:23:56",2780400
21.75,0.25,1700,"bu","10:23:51",2779900
21.75,0.25,100,"bu","10:23:50",2778200
21.75,0.25,200,"bu","10:23:44",2778100
21.75,0.25,1000,"bu","10:23:38",2777900
21.75,0.25,1000,"bu","10:23:35",2776900
21.7,0.2,500,"sd","10:23:25",2775900
21.7,0.2,5000,"sd","10:23:21",2775400
21.7,0.2,500,"sd","10:22:54",2770400
21.7,0.2,500,"sd","10:22:53",2769900
21.7,0.2,500,"sd","10:22:48",2769400
21.7,0.2,2000,"sd","10:22:44",2768900
21.7,0.2,1000,"sd","10:22:37",2766900
21.7,0.2,500,"sd","10:22:23",2765900
21.7,0.2,500,"sd","10:22:20",2765400
21.7,0.2,3000,"sd","10:22:18",2764900
21.75,0.25,500,"bu","10:21:54",2761900
21.7,0.2,500,"sd","10:21:52",2761400
21.7,0.2,1000,"sd","10:21:32",2760900
21.7,0.2,2100,"sd","10:21:32",2759900
21.7,0.2,100,"sd","10:21:24",2757800
21.75,0.25,1000,"bu","10:21:22",2757700
21.7,0.2,500,"sd","10:21:21",2756700
21.7,0.2,500,"sd","10:20:49",2756200
21.75,0.25,5000,"bu","10:20:27",2755700
21.7,0.2,500,"sd","10:20:19",2750700
21.7,0.2,500,"sd","10:20:19",2750200
21.7,0.2,5000,"sd","10:20:14",2749700
21.7,0.2,1000,"sd","10:20:12",2744700
21.7,0.2,500,"sd","10:20:09",2743700
21.75,0.25,900,"bu","10:20:08",2743200
21.7,0.2,500,"sd","10:20:02",2742300
21.7,0.2,5000,"sd","10:19:57",2741800
21.7,0.2,500,"sd","10:19:47",2736800
21.75,0.25,1300,"bu","10:19:47",2736300
21.7,0.2,500,"sd","10:19:40",2735000
21.75,0.25,4000,"bu","10:19:39",2734500
21.7,0.2,100,"sd","10:19:29",2730500
21.7,0.2,5000,"sd","10:19:20",2730400
21.7,0.2,1100,"sd","10:19:18",2725400
21.7,0.2,1100,"sd","10:19:17",2724300
21.75,0.25,1000,"bu","10:19:11",2723200
21.7,0.2,300,"sd","10:19:01",2722200
21.7,0.2,500,"sd","10:18:46",2721900
21.7,0.2,10000,"sd","10:18:23",2721400
21.75,0.25,300,"bu","10:18:19",2711400
21.7,0.2,500,"sd","10:18:16",2711100
21.7,0.2,300,"sd","10:18:12",2710600
21.75,0.25,500,"bu","10:18:00",2710300
21.7,0.2,500,"sd","10:17:47",2709800
21.75,0.25,2000,"bu","10:17:46",2709300
21.75,0.25,8000,"bu","10:17:40",2707300
21.7,0.2,1000,"sd","10:17:34",2699300
21.75,0.25,1000,"bu","10:17:29",2698300
21.75,0.25,1300,"bu","10:17:21",2697300
21.75,0.25,500,"bu","10:17:16",2696000
21.7,0.2,500,"sd","10:17:13",2695500
21.7,0.2,5000,"sd","10:17:12",2695000
21.7,0.2,500,"sd","10:16:43",2690000
21.75,0.25,5000,"bu","10:16:42",2689500
21.7,0.2,500,"sd","10:16:40",2684500
21.75,0.25,100,"bu","10:16:39",2684000
21.7,0.2,1000,"sd","10:16:32",2683900
21.7,0.2,100,"sd","10:16:32",2682900
21.7,0.2,500,"sd","10:16:21",2682800
21.75,0.25,4600,"bu","10:16:21",2682300
21.7,0.2,2000,"sd","10:16:20",2677700
21.7,0.2,500,"sd","10:16:12",2675700
21.75,0.25,5000,"bu","10:16:10",2675200
21.75,0.25,38000,"bu","10:16:08",2670200
21.75,0.25,100,"bu","10:15:59",2632200
21.75,0.25,400,"bu","10:15:58",2632100
21.75,0.25,700,"bu","10:15:56",2631700
21.75,0.25,4000,"bu","10:15:53",2631000
21.75,0.25,2000,"bu","10:15:45",2627000
21.7,0.2,500,"sd","10:15:41",2625000
21.7,0.2,3000,"sd","10:15:41",2624500
21.75,0.25,1300,"bu","10:15:38",2621500
21.7,0.2,2000,"sd","10:15:35",2620200
21.7,0.2,600,"sd","10:15:26",2618200
21.7,0.2,5000,"sd","10:15:16",2617600
21.7,0.2,500,"sd","10:15:11",2612600
21.7,0.2,1000,"sd","10:14:44",2612100
21.75,0.25,200,"bu","10:14:43",2611100
21.7,0.2,500,"sd","10:14:39",2610900
21.7,0.2,1600,"sd","10:14:21",2610400
21.7,0.2,500,"sd","10:14:08",2608800
21.75,0.25,500,"bu","10:14:02",2608300
21.75,0.25,1200,"bu","10:14:01",2607800
21.75,0.25,18000,"bu","10:13:56",2606600
21.75,0.25,500,"bu","10:13:52",2588600
21.75,0.25,1600,"bu","10:13:44",2588100
21.7,0.2,300,"sd","10:13:41",2586500
21.7,0.2,500,"sd","10:13:36",2586200
21.75,0.25,2000,"bu","10:13:09",2585700
21.75,0.25,800,"bu","10:13:06",2583700
21.7,0.2,500,"sd","10:13:05",2582900
21.75,0.25,1200,"bu","10:13:01",2582400
21.7,0.2,4000,"sd","10:13:00",2581200
21.75,0.25,2000,"bu","10:12:54",2577200
21.75,0.25,500,"bu","10:12:51",2575200
21.75,0.25,300,"bu","10:12:43",2574700
21.7,0.2,500,"sd","10:12:34",2574400
21.75,0.25,1000,"bu","10:12:30",2573900
21.75,0.25,2000,"bu","10:12:25",2572900
21.75,0.25,1000,"bu","10:12:21",2570900
21.75,0.25,2000,"bu","10:12:12",2569900
21.75,0.25,1000,"bu","10:12:06",2567900
21.7,0.2,500,"sd","10:12:03",2566900
21.75,0.25,19000,"bu","10:12:00",2566400
21.7,0.2,100,"sd","10:12:00",2547400
21.75,0.25,5000,"bu","10:11:58",2547300
21.7,0.2,500,"sd","10:11:33",2542300
21.75,0.25,2000,"bu","10:11:23",2541800
21.75,0.25,12200,"bu","10:11:13",2539800
21.7,0.2,500,"sd","10:11:02",2527600
21.7,0.2,1000,"sd","10:10:54",2527100
21.75,0.25,10000,"bu","10:10:50",2526100
21.75,0.25,2000,"bu","10:10:45",2516100
21.75,0.25,2000,"bu","10:10:40",2514100
21.7,0.2,100,"sd","10:10:39",2512100
21.7,0.2,500,"sd","10:10:31",2512000
21.75,0.25,2000,"bu","10:10:28",2511500
21.75,0.25,5000,"bu","10:10:17",2509500
21.75,0.25,800,"bu","10:10:16",2504500
21.75,0.25,700,"bu","10:10:02",2503700
21.7,0.2,500,"sd","10:10:00",2503000
21.75,0.25,1500,"bu","10:09:59",2502500
21.75,0.25,10000,"bu","10:09:56",2501000
21.75,0.25,600,"bu","10:09:31",2491000
21.7,0.2,500,"sd","10:09:29",2490400
21.7,0.2,5000,"sd","10:09:24",2489900
21.75,0.25,5000,"bu","10:09:23",2484900
21.7,0.2,30000,"sd","10:09:01",2479900
21.7,0.2,500,"sd","10:08:58",2449900
21.75,0.25,2000,"bu","10:08:50",2449400
21.75,0.25,1000,"bu","10:08:49",2447400
21.7,0.2,1000,"sd","10:08:49",2446400
21.7,0.2,1100,"sd","10:08:44",2445400
21.7,0.2,5000,"sd","10:08:32",2444300
21.75,0.25,10000,"bu","10:08:30",2439300
21.7,0.2,500,"sd","10:08:26",2429300
21.75,0.25,10000,"bu","10:08:23",2428800
21.75,0.25,2500,"bu","10:08:08",2418800
21.75,0.25,1000,"bu","10:08:01",2416300
21.75,0.25,1800,"bu","10:07:55",2415300
21.7,0.2,500,"sd","10:07:55",2413500
21.75,0.25,500,"bu","10:07:44",2413000
21.75,0.25,1000,"bu","10:07:41",2412500
21.75,0.25,100,"bu","10:07:34",2411500
21.7,0.2,500,"sd","10:07:24",2411400
21.7,0.2,3000,"sd","10:07:01",2410900
21.7,0.2,500,"sd","10:06:52",2407900
21.7,0.2,500,"sd","10:06:21",2407400
21.7,0.2,100,"sd","10:05:52",2406900
21.7,0.2,500,"sd","10:05:50",2406800
21.75,0.25,5000,"bu","10:05:50",2406300
21.7,0.2,400,"sd","10:05:43",2401300
21.7,0.2,1100,"sd","10:05:35",2400900
21.7,0.2,1000,"sd","10:05:25",2399800
21.7,0.2,500,"sd","10:05:19",2398800
21.75,0.25,500,"bu","10:05:10",2398300
21.7,0.2,400,"sd","10:05:10",2397800
21.75,0.25,1000,"bu","10:04:57",2397400
21.75,0.25,500,"bu","10:04:51",2396400
21.7,0.2,500,"sd","10:04:48",2395900
21.75,0.25,1000,"bu","10:04:41",2395400
21.7,0.2,5000,"sd","10:04:37",2394400
21.75,0.25,44800,"sd","10:04:35",2389400
21.75,0.25,2000,"sd","10:04:33",2344600
21.75,0.25,8200,"bu","10:04:30",2342600
21.75,0.25,700,"bu","10:04:26",2334400
21.75,0.25,5000,"bu","10:04:25",2333700
21.75,0.25,2000,"bu","10:04:20",2328700
21.7,0.2,500,"sd","10:04:17",2326700
21.75,0.25,3000,"bu","10:04:16",2326200
21.75,0.25,1000,"bu","10:04:15",2323200
21.75,0.25,1000,"bu","10:04:14",2322200
21.7,0.2,1000,"sd","10:04:10",2321200
21.7,0.2,100,"sd","10:04:04",2320200
21.75,0.25,11800,"bu","10:03:59",2320100
21.7,0.2,500,"sd","10:03:46",2308300
21.75,0.25,100,"bu","10:03:46",2307800
21.75,0.25,15000,"bu","10:03:43",2307700
21.75,0.25,500,"bu","10:03:41",2292700
21.75,0.25,100,"bu","10:03:33",2292200
21.75,0.25,33700,"sd","10:03:27",2292100
21.75,0.25,900,"sd","10:03:24",2258400
21.75,0.25,800,"sd","10:03:16",2257500
21.75,0.25,500,"sd","10:03:16",2256700
21.75,0.25,5600,"bu","10:03:13",2256200
21.75,0.25,300,"bu","10:03:12",2250600
21.75,0.25,45000,"bu","10:03:11",2250300
21.75,0.25,10300,"bu","10:03:05",2205300
21.75,0.25,2000,"bu","10:02:58",2195000
21.75,0.25,2000,"bu","10:02:53",2193000
21.7,0.2,16000,"sd","10:02:52",2191000
21.75,0.25,100,"bu","10:02:50",2175000
21.75,0.25,1000,"bu","10:02:45",2174900
21.75,0.25,5000,"bu","10:02:45",2173900
21.7,0.2,500,"sd","10:02:45",2168900
21.75,0.25,1000,"bu","10:02:39",2168400
21.75,0.25,20500,"bu","10:02:33",2167400
21.75,0.25,200,"bu","10:02:32",2146900
21.75,0.25,2000,"bu","10:02:20",2146700
21.75,0.25,3900,"bu","10:02:15",2144700
21.7,0.2,500,"sd","10:02:14",2140800
21.75,0.25,300,"bu","10:02:05",2140300
21.7,0.2,100,"sd","10:02:02",2140000
21.75,0.25,1000,"bu","10:01:56",2139900
21.7,0.2,500,"sd","10:01:43",2138900
21.7,0.2,1000,"sd","10:01:21",2138400
21.75,0.25,1000,"bu","10:01:15",2137400
21.7,0.2,500,"sd","10:01:12",2136400
21.75,0.25,5900,"bu","10:01:06",2135900
21.75,0.25,100,"bu","10:01:04",2130000
21.7,0.2,200,"sd","10:01:03",2129900
21.75,0.25,5000,"bu","10:00:57",2129700
21.75,0.25,9200,"bu","10:00:46",2124700
21.75,0.25,500,"bu","10:00:41",2115500
21.7,0.2,500,"sd","10:00:41",2115000
21.75,0.25,2700,"bu","10:00:26",2114500
21.75,0.25,20000,"bu","10:00:20",2111800
21.75,0.25,200,"bu","10:00:14",2091800
21.7,0.2,500,"sd","10:00:10",2091600
21.75,0.25,500,"bu","10:00:02",2091100
21.75,0.25,20000,"bu","10:00:00",2090600
21.7,0.2,800,"sd","10:00:00",2070600
21.7,0.2,500,"sd","09:59:39",2069800
21.75,0.25,300,"bu","09:59:38",2069300
21.75,0.25,300,"bu","09:59:36",2069000
21.75,0.25,20700,"bu","09:59:30",2068700
21.75,0.25,500,"bu","09:59:15",2048000
21.7,0.2,5000,"sd","09:59:10",2047500
21.7,0.2,500,"sd","09:59:08",2042500
21.7,0.2,11200,"sd","09:59:01",2042000
21.7,0.2,12800,"bu","09:58:52",2030800
21.7,0.2,1000,"bu","09:58:47",2018000
21.7,0.2,100,"bu","09:58:41",2017000
21.7,0.2,3000,"bu","09:58:40",2016900
21.65,0.15,500,"sd","09:58:37",2013900
21.7,0.2,1300,"bu","09:58:31",2013400
21.65,0.15,500,"sd","09:58:06",2012100
21.7,0.2,4000,"bu","09:57:59",2011600
21.7,0.2,15000,"bu","09:57:58",2007600
21.7,0.2,5000,"bu","09:57:54",1992600
21.7,0.2,10000,"bu","09:57:46",1987600
21.7,0.2,100,"bu","09:57:45",1977600
21.7,0.2,4300,"bu","09:57:37",1977500
21.65,0.15,500,"sd","09:57:35",1973200
21.7,0.2,100,"bu","09:57:26",1972700
21.7,0.2,1000,"bu","09:57:19",1972600
21.7,0.2,100,"bu","09:57:13",1971600
21.65,0.15,500,"sd","09:57:04",1971500
21.7,0.2,4000,"bu","09:57:02",1971000
21.7,0.2,100,"bu","09:56:54",1967000
21.7,0.2,3000,"bu","09:56:52",1966900
21.7,0.2,300,"bu","09:56:44",1963900
21.7,0.2,300,"bu","09:56:34",1963600
21.65,0.15,500,"sd","09:56:33",1963300
21.65,0.15,500,"sd","09:56:26",1962800
21.65,0.15,1100,"sd","09:56:25",1962300
21.65,0.15,3400,"sd","09:56:16",1961200
21.65,0.15,200,"sd","09:56:14",1957800
21.7,0.2,300,"bu","09:56:08",1957600
21.65,0.15,500,"sd","09:56:02",1957300
21.7,0.2,2900,"sd","09:55:27",1956800
21.7,0.2,500,"sd","09:55:24",1953900
21.7,0.2,200,"sd","09:55:21",1953400
21.75,0.25,500,"bu","09:55:16",1953200
21.7,0.2,16400,"bu","09:55:06",1952700
21.7,0.2,3900,"sd","09:54:37",1936300
21.7,0.2,6000,"sd","09:54:34",1932400
21.7,0.2,600,"sd","09:54:28",1926400
21.7,0.2,700,"sd","09:54:27",1925800
21.7,0.2,200,"sd","09:54:22",1925100
21.7,0.2,5000,"sd","09:54:13",1924900
21.7,0.2,3000,"sd","09:54:06",1919900
21.7,0.2,5000,"sd","09:53:58",1916900
21.7,0.2,5000,"sd","09:53:53",1911900
21.7,0.2,1000,"sd","09:53:49",1906900
21.7,0.2,100,"sd","09:53:34",1905900
21.7,0.2,1000,"sd","09:53:31",1905800
21.7,0.2,1500,"sd","09:53:30",1904800
21.7,0.2,30000,"sd","09:53:26",1903300
21.75,0.25,1500,"bu","09:53:15",1873300
21.7,0.2,1000,"sd","09:53:13",1871800
21.7,0.2,5000,"sd","09:53:12",1870800
21.7,0.2,20000,"sd","09:53:11",1865800
21.7,0.2,400,"sd","09:53:04",1845800
21.7,0.2,200,"sd","09:53:03",1845400
21.7,0.2,200,"sd","09:52:51",1845200
21.7,0.2,300,"sd","09:52:36",1845000
21.7,0.2,20000,"sd","09:52:29",1844700
21.7,0.2,1000,"sd","09:52:21",1824700
21.7,0.2,2000,"sd","09:52:19",1823700
21.7,0.2,5000,"sd","09:52:17",1821700
21.7,0.2,900,"sd","09:52:14",1816700
21.7,0.2,2000,"sd","09:52:09",1815800
21.7,0.2,100,"sd","09:52:08",1813800
21.7,0.2,100,"sd","09:52:05",1813700
21.7,0.2,10000,"sd","09:51:57",1813600
21.7,0.2,7000,"sd","09:51:55",1803600
21.7,0.2,10000,"sd","09:51:53",1796600
21.7,0.2,1100,"sd","09:51:51",1786600
21.7,0.2,1000,"sd","09:51:50",1785500
21.7,0.2,2000,"sd","09:51:44",1784500
21.7,0.2,40000,"sd","09:51:31",1782500
21.7,0.2,100,"sd","09:51:15",1742500
21.7,0.2,500,"sd","09:51:07",1742400
21.75,0.25,1000,"bu","09:50:56",1741900
21.7,0.2,300,"sd","09:50:52",1740900
21.7,0.2,200,"sd","09:50:44",1740600
21.75,0.25,100,"bu","09:50:34",1740400
21.75,0.25,84600,"sd","09:50:30",1740300
21.75,0.25,1000,"sd","09:50:27",1655700
21.75,0.25,100,"sd","09:50:18",1654700
21.75,0.25,2500,"sd","09:50:04",1654600
21.75,0.25,2200,"sd","09:49:54",1652100
21.75,0.25,1000,"sd","09:49:46",1649900
21.8,0.3,2000,"bu","09:49:43",1648900
21.75,0.25,100,"sd","09:49:40",1646900
21.75,0.25,500,"sd","09:49:29",1646800
21.8,0.3,100,"bu","09:49:26",1646300
21.75,0.25,200,"sd","09:49:23",1646200
21.75,0.25,3000,"sd","09:49:21",1646000
21.75,0.25,1700,"sd","09:49:20",1643000
21.75,0.25,100,"sd","09:49:20",1641300
21.75,0.25,1000,"sd","09:49:12",1641200
21.75,0.25,200,"sd","09:49:08",1640200
21.75,0.25,5000,"sd","09:49:03",1640000
21.75,0.25,100,"sd","09:49:00",1635000
21.75,0.25,200,"sd","09:48:47",1634900
21.75,0.25,700,"sd","09:48:34",1634700
21.75,0.25,1000,"sd","09:48:31",1634000
21.75,0.25,3000,"sd","09:48:28",1633000
21.75,0.25,300,"sd","09:48:27",1630000
21.75,0.25,1000,"sd","09:48:25",1629700
21.8,0.3,100,"bu","09:48:22",1628700
21.75,0.25,300,"sd","09:48:16",1628600
21.75,0.25,10000,"sd","09:48:14",1628300
21.75,0.25,2000,"sd","09:48:13",1618300
21.75,0.25,100,"sd","09:48:05",1616300
21.8,0.3,8000,"bu","09:47:54",1616200
21.75,0.25,3000,"sd","09:47:52",1608200
21.75,0.25,2300,"bu","09:47:51",1605200
21.75,0.25,10000,"bu","09:47:50",1602900
21.75,0.25,5200,"bu","09:47:49",1592900
21.75,0.25,91900,"bu","09:47:48",1587700
21.75,0.25,200,"bu","09:47:47",1495800
21.75,0.25,8000,"bu","09:47:43",1495600
21.75,0.25,700,"bu","09:47:41",1487600
21.75,0.25,5000,"bu","09:47:39",1486900
21.75,0.25,15000,"bu","09:47:38",1481900
21.75,0.25,5000,"bu","09:47:37",1466900
21.75,0.25,5000,"bu","09:47:36",1461900
21.75,0.25,1200,"bu","09:47:35",1456900
21.75,0.25,6500,"bu","09:47:35",1455700
21.75,0.25,5000,"bu","09:47:34",1449200
21.75,0.25,800,"bu","09:47:30",1444200
21.75,0.25,10000,"bu","09:47:26",1443400
21.75,0.25,20000,"bu","09:47:25",1433400
21.75,0.25,100,"bu","09:47:23",1413400
21.75,0.25,4000,"bu","09:47:17",1413300
21.75,0.25,3200,"bu","09:47:14",1409300
21.75,0.25,200,"bu","09:47:13",1406100
21.75,0.25,300,"bu","09:47:11",1405900
21.7,0.2,200,"sd","09:47:11",1405600
21.75,0.25,15000,"bu","09:47:06",1405400
21.7,0.2,200,"sd","09:47:06",1390400
21.75,0.25,100,"bu","09:47:04",1390200
21.75,0.25,100,"bu","09:47:03",1390100
21.75,0.25,50000,"bu","09:47:01",1390000
21.75,0.25,3000,"bu","09:46:57",1340000
21.7,0.2,100,"sd","09:46:56",1337000
21.75,0.25,1000,"bu","09:46:51",1336900
21.75,0.25,500,"bu","09:46:48",1335900
21.75,0.25,1000,"bu","09:46:46",1335400
21.75,0.25,100,"bu","09:46:19",1334400
21.7,0.2,4000,"sd","09:46:00",1334300
21.75,0.25,100,"bu","09:45:52",1330300
21.75,0.25,4000,"bu","09:45:39",1330200
21.7,0.2,1500,"sd","09:45:31",1326200
21.75,0.25,100,"bu","09:45:27",1324700
21.7,0.2,2000,"sd","09:45:17",1324600
21.75,0.25,100,"bu","09:45:17",1322500
21.75,0.25,100,"bu","09:45:12",1322400
21.7,0.2,1000,"sd","09:45:07",1322300
21.7,0.2,3000,"sd","09:45:01",1321300
21.7,0.2,200,"sd","09:44:56",1318300
21.7,0.2,5000,"sd","09:44:55",1318100
21.7,0.2,2000,"sd","09:44:48",1313100
21.7,0.2,100,"sd","09:44:40",1311100
21.7,0.2,10000,"sd","09:44:27",1311000
21.7,0.2,2000,"sd","09:44:19",1301000
21.7,0.2,2000,"sd","09:43:35",1299000
21.7,0.2,2000,"sd","09:43:22",1297000
21.7,0.2,1000,"sd","09:43:13",1295000
21.7,0.2,100,"sd","09:43:11",1294000
21.7,0.2,5000,"sd","09:43:07",1293900
21.75,0.25,5000,"bu","09:42:52",1288900
21.7,0.2,1000,"sd","09:42:42",1283900
21.7,0.2,500,"sd","09:42:40",1282900
21.7,0.2,10000,"sd","09:42:29",1282400
21.7,0.2,900,"bu","09:42:10",1272400
21.7,0.2,500,"bu","09:42:07",1271500
21.7,0.2,1000,"bu","09:42:02",1271000
21.7,0.2,500,"bu","09:42:00",1270000
21.7,0.2,17100,"sd","09:42:00",1269500
21.75,0.25,3000,"bu","09:41:50",1252400
21.7,0.2,2000,"sd","09:41:41",1249400
21.7,0.2,3500,"sd","09:41:28",1247400
21.7,0.2,200,"bu","09:41:23",1243900
21.7,0.2,1000,"bu","09:41:21",1243700
21.7,0.2,4000,"bu","09:41:19",1242700
21.7,0.2,200,"bu","09:41:14",1238700
21.7,0.2,1500,"bu","09:41:10",1238500
21.7,0.2,1000,"bu","09:41:09",1237000
21.7,0.2,8300,"bu","09:41:08",1236000
21.7,0.2,1700,"bu","09:41:08",1227700
21.7,0.2,10000,"bu","09:41:06",1226000
21.7,0.2,5000,"bu","09:41:02",1216000
21.7,0.2,200,"bu","09:41:01",1211000
21.7,0.2,200,"bu","09:41:00",1210800
21.7,0.2,1200,"bu","09:40:56",1210600
21.7,0.2,1000,"bu","09:40:50",1209400
21.7,0.2,500,"bu","09:40:46",1208400
21.7,0.2,400,"bu","09:40:44",1207900
21.7,0.2,8000,"bu","09:40:43",1207500
21.7,0.2,2000,"bu","09:40:41",1199500
21.7,0.2,100,"bu","09:40:40",1197500
21.7,0.2,3600,"bu","09:40:39",1197400
21.7,0.2,2000,"bu","09:40:37",1193800
21.7,0.2,5000,"bu","09:40:35",1191800
21.7,0.2,500,"bu","09:40:29",1186800
21.7,0.2,500,"bu","09:40:20",1186300
21.7,0.2,100,"bu","09:40:16",1185800
21.7,0.2,5000,"bu","09:40:15",1185700
21.7,0.2,7500,"bu","09:40:08",1180700
21.7,0.2,1000,"bu","09:40:05",1173200
21.7,0.2,1400,"bu","09:40:04",1172200
21.7,0.2,1000,"bu","09:40:02",1170800
21.7,0.2,1000,"bu","09:39:59",1169800
21.7,0.2,18600,"bu","09:39:57",1168800
21.7,0.2,3000,"bu","09:39:55",1150200
21.7,0.2,2000,"bu","09:39:45",1147200
21.7,0.2,2000,"bu","09:39:43",1145200
21.7,0.2,2900,"bu","09:39:34",1143200
21.65,0.15,1000,"sd","09:39:34",1140300
21.7,0.2,500,"bu","09:39:34",1139300
21.7,0.2,2000,"bu","09:39:31",1138800
21.7,0.2,12000,"bu","09:39:30",1136800
21.7,0.2,5000,"bu","09:39:26",1124800
21.7,0.2,1000,"bu","09:39:20",1119800
21.65,0.15,100,"sd","09:39:11",1118800
21.65,0.15,5400,"sd","09:39:01",1118700
21.65,0.15,26600,"bu","09:38:51",1113300
21.65,0.15,39500,"bu","09:38:50",1086700
21.65,0.15,10000,"bu","09:38:48",1047200
21.65,0.15,100,"bu","09:38:36",1037200
21.65,0.15,100,"bu","09:38:27",1037100
21.65,0.15,500,"bu","09:38:27",1037000
21.65,0.15,100,"bu","09:38:19",1036500
21.6,0.1,1200,"sd","09:38:07",1036400
21.6,0.1,1200,"bu","09:37:43",1035200
21.6,0.1,1000,"bu","09:37:39",1034000
21.6,0.1,1000,"bu","09:37:24",1033000
21.6,0.1,100,"bu","09:37:20",1032000
21.6,0.1,2000,"bu","09:37:18",1031900
21.6,0.1,800,"bu","09:37:03",1029900
21.6,0.1,500,"sd","09:36:46",1029100
21.6,0.1,1500,"bu","09:36:46",1028600
21.6,0.1,500,"bu","09:36:45",1027100
21.6,0.1,100,"bu","09:36:36",1026600
21.6,0.1,1500,"bu","09:36:33",1026500
21.6,0.1,2900,"bu","09:36:32",1025000
21.6,0.1,100,"bu","09:36:02",1022100
21.55,0.05,1000,"sd","09:36:01",1022000
21.6,0.1,1500,"bu","09:35:59",1021000
21.6,0.1,500,"bu","09:35:56",1019500
21.6,0.1,1500,"bu","09:35:53",1019000
21.6,0.1,400,"bu","09:35:41",1017500
21.6,0.1,400,"sd","09:35:24",1017100
21.6,0.1,2000,"sd","09:35:23",1016700
21.6,0.1,11900,"sd","09:35:18",1014700
21.6,0.1,500,"sd","09:35:14",1002800
21.6,0.1,2500,"sd","09:35:04",1002300
21.6,0.1,100,"sd","09:35:03",999800
21.6,0.1,2000,"sd","09:35:01",999700
21.6,0.1,3000,"sd","09:35:01",997700
21.6,0.1,100,"sd","09:34:46",994700
21.6,0.1,2000,"sd","09:34:42",994600
21.6,0.1,30000,"sd","09:34:40",992600
21.6,0.1,7500,"sd","09:34:35",962600
21.6,0.1,500,"sd","09:34:31",955100
21.6,0.1,300,"sd","09:34:28",954600
21.6,0.1,100,"sd","09:34:26",954300
21.65,0.15,200,"bu","09:34:16",954200
21.65,0.15,1500,"bu","09:34:05",954000
21.6,0.1,700,"sd","09:34:04",952500
21.6,0.1,5000,"sd","09:33:46",951800
21.6,0.1,300,"sd","09:33:40",946800
21.6,0.1,100,"sd","09:33:34",946500
21.6,0.1,1100,"sd","09:33:32",946400
21.6,0.1,1000,"sd","09:33:22",945300
21.65,0.15,500,"bu","09:33:07",944300
21.65,0.15,900,"bu","09:33:04",943800
21.65,0.15,1000,"bu","09:32:53",942900
21.65,0.15,200,"bu","09:32:47",941900
21.65,0.15,500,"bu","09:32:04",941700
21.65,0.15,5000,"bu","09:32:01",941200
21.65,0.15,3900,"bu","09:31:50",936200
21.65,0.15,300,"bu","09:31:44",932300
21.65,0.15,500,"bu","09:31:22",932000
21.65,0.15,5000,"bu","09:30:43",931500
21.65,0.15,17800,"bu","09:29:51",926500
21.65,0.15,100,"bu","09:29:17",908700
21.6,0.1,1100,"sd","09:28:58",908600
21.6,0.1,1600,"sd","09:28:18",907500
21.65,0.15,6400,"bu","09:28:15",905900
21.65,0.15,100,"bu","09:28:14",899500
21.65,0.15,100,"bu","09:28:13",899400
21.65,0.15,100,"bu","09:27:52",899300
21.65,0.15,3500,"bu","09:27:46",899200
21.65,0.15,700,"sd","09:27:24",895700
21.65,0.15,200,"sd","09:27:22",895000
21.65,0.15,6000,"sd","09:27:20",894800
21.65,0.15,600,"sd","09:27:16",888800
21.65,0.15,6000,"sd","09:27:08",888200
21.65,0.15,5000,"sd","09:27:08",882200
21.65,0.15,3000,"sd","09:27:06",877200
21.65,0.15,1000,"sd","09:26:58",874200
21.65,0.15,1000,"sd","09:26:47",873200
21.65,0.15,500,"sd","09:26:44",872200
21.65,0.15,3000,"sd","09:26:36",871700
21.65,0.15,200,"sd","09:26:35",868700
21.65,0.15,500,"sd","09:26:27",868500
21.65,0.15,22000,"sd","09:26:18",868000
21.7,0.2,400,"bu","09:26:03",846000
21.7,0.2,200,"bu","09:26:02",845600
21.65,0.15,100,"sd","09:26:00",845400
21.7,0.2,7800,"sd","09:25:34",845300
21.7,0.2,2300,"sd","09:25:30",837500
21.7,0.2,400,"sd","09:25:29",835200
21.7,0.2,5000,"sd","09:25:28",834800
21.7,0.2,10000,"sd","09:25:22",829800
21.7,0.2,500,"sd","09:25:22",819800
21.7,0.2,4500,"bu","09:25:21",819300
21.7,0.2,17700,"bu","09:25:14",814800
21.7,0.2,7200,"sd","09:25:09",797100
21.7,0.2,27100,"sd","09:25:09",789900
21.7,0.2,300,"sd","09:25:08",762800
21.7,0.2,20000,"sd","09:25:06",762500
21.7,0.2,2000,"sd","09:25:01",742500
21.7,0.2,3000,"sd","09:24:59",740500
21.7,0.2,6000,"sd","09:24:56",737500
21.7,0.2,800,"sd","09:24:54",731500
21.7,0.2,400,"sd","09:24:52",730700
21.7,0.2,4000,"sd","09:24:41",730300
21.7,0.2,700,"sd","09:24:40",726300
21.7,0.2,7100,"sd","09:24:40",725600
21.7,0.2,2000,"sd","09:24:35",718500
21.7,0.2,100,"bu","09:24:35",716500
21.7,0.2,15200,"bu","09:24:34",716400
21.7,0.2,500,"bu","09:24:26",701200
21.7,0.2,500,"bu","09:24:22",700700
21.7,0.2,5000,"bu","09:24:21",700200
21.7,0.2,800,"bu","09:24:05",695200
21.7,0.2,100,"bu","09:24:04",694400
21.7,0.2,21100,"sd","09:23:58",694300
21.7,0.2,10000,"sd","09:23:57",673200
21.7,0.2,700,"sd","09:23:55",663200
21.7,0.2,500,"sd","09:23:53",662500
21.7,0.2,5700,"sd","09:23:52",662000
21.7,0.2,2000,"sd","09:23:51",656300
21.7,0.2,10000,"bu","09:23:50",654300
21.7,0.2,40000,"sd","09:23:49",644300
21.7,0.2,25000,"sd","09:23:46",604300
21.7,0.2,1000,"sd","09:23:34",579300
21.75,0.25,10000,"bu","09:23:32",578300
21.7,0.2,5000,"sd","09:23:30",568300
21.7,0.2,8000,"sd","09:23:29",563300
21.75,0.25,5000,"bu","09:23:26",555300
21.7,0.2,500,"sd","09:23:16",545300
21.7,0.2,300,"sd","09:23:12",544800
21.7,0.2,1000,"sd","09:23:05",544500
21.7,0.2,100,"sd","09:22:57",543500
21.7,0.2,133700,"bu","09:22:55",543400
21.65,0.15,1000,"sd","09:22:50",409700
21.65,0.15,500,"sd","09:22:49",408700
21.65,0.15,1500,"sd","09:22:44",408200
21.65,0.15,9000,"sd","09:22:28",406700
21.65,0.15,500,"sd","09:22:25",397700
21.65,0.15,1000,"sd","09:22:18",397200
21.65,0.15,1000,"sd","09:22:04",396200
21.7,0.2,200,"bu","09:21:54",395200
21.7,0.2,100,"bu","09:21:48",395000
21.65,0.15,1000,"sd","09:21:46",394900
21.65,0.15,1500,"sd","09:21:43",393900
21.65,0.15,2000,"sd","09:21:35",392400
21.7,0.2,500,"bu","09:21:34",390400
21.65,0.15,400,"sd","09:21:34",389900
21.7,0.2,300,"bu","09:21:31",389500
21.65,0.15,2000,"sd","09:21:24",389200
21.7,0.2,500,"bu","09:21:21",387200
21.7,0.2,300,"bu","09:21:21",386700
21.7,0.2,200,"bu","09:21:20",386400
21.7,0.2,200,"bu","09:21:01",386200
21.7,0.2,500,"bu","09:21:01",386000
21.7,0.2,1000,"bu","09:21:00",385500
21.7,0.2,100,"bu","09:20:59",384500
21.7,0.2,8800,"sd","09:20:58",384400
21.7,0.2,5500,"sd","09:20:57",375600
21.7,0.2,1000,"sd","09:20:52",370100
21.7,0.2,5000,"sd","09:20:50",369100
21.7,0.2,2000,"sd","09:20:49",364100
21.7,0.2,20000,"sd","09:20:45",362100
21.75,0.25,300,"bu","09:20:28",342100
21.75,0.25,800,"bu","09:20:21",341800
21.7,0.2,200,"sd","09:20:18",341000
21.7,0.2,4000,"sd","09:20:14",340800
21.7,0.2,3000,"sd","09:20:12",336800
21.7,0.2,1000,"sd","09:20:06",333800
21.75,0.25,4000,"bu","09:20:03",332800
21.7,0.2,2000,"sd","09:19:54",328800
21.75,0.25,300,"bu","09:19:54",326800
21.7,0.2,1000,"sd","09:19:51",326500
21.7,0.2,1100,"sd","09:19:49",325500
21.7,0.2,1500,"sd","09:19:48",324400
21.7,0.2,1000,"sd","09:19:46",322900
21.7,0.2,1000,"sd","09:19:43",321900
21.7,0.2,5000,"sd","09:19:43",320900
21.7,0.2,5000,"sd","09:19:39",315900
21.7,0.2,1000,"sd","09:19:36",310900
21.7,0.2,100,"sd","09:19:33",309900
21.7,0.2,10600,"bu","09:19:29",309800
21.7,0.2,400,"bu","09:19:27",299200
21.7,0.2,3300,"bu","09:19:23",298800
21.7,0.2,2000,"bu","09:19:12",295500
21.7,0.2,4300,"sd","09:19:11",293500
21.7,0.2,2000,"sd","09:19:10",289200
21.7,0.2,1000,"sd","09:19:08",287200
21.7,0.2,100,"sd","09:19:06",286200
21.7,0.2,200,"sd","09:19:05",286100
21.7,0.2,100,"sd","09:18:57",285900
21.7,0.2,400,"sd","09:18:56",285800
21.7,0.2,3700,"sd","09:18:51",285400
21.7,0.2,6300,"bu","09:18:50",281700
21.7,0.2,2500,"bu","09:18:49",275400
21.7,0.2,5000,"bu","09:18:42",272900
21.7,0.2,11100,"bu","09:18:38",267900
21.7,0.2,2100,"sd","09:18:35",256800
21.7,0.2,1400,"sd","09:18:30",254700
21.7,0.2,500,"sd","09:18:29",253300
21.7,0.2,1000,"sd","09:18:23",252800
