"price","change","match_qtty","side","time","total_vol"
19.85,0.25,103700,"","14:45:01",1369700
19.8,0.2,7000,"sd","14:29:57",1266000
19.8,0.2,500,"sd","14:29:50",1259000
19.85,0.25,200,"bu","14:29:47",1258500
19.85,0.25,3000,"bu","14:29:46",1258300
19.8,0.2,2000,"sd","14:29:43",1255300
19.8,0.2,2000,"sd","14:29:37",1253300
19.8,0.2,100,"sd","14:29:31",1251300
19.8,0.2,100,"sd","14:29:15",1251200
19.8,0.2,1000,"sd","14:28:44",1251100
19.8,0.2,500,"sd","14:28:41",1250100
19.8,0.2,1000,"sd","14:28:39",1249600
19.8,0.2,800,"sd","14:28:19",1248600
19.85,0.25,100,"bu","14:28:14",1247800
19.85,0.25,500,"bu","14:28:09",1247700
19.8,0.2,1000,"sd","14:28:04",1247200
19.8,0.2,3000,"sd","14:28:00",1246200
19.85,0.25,300,"bu","14:27:57",1243200
19.85,0.25,500,"bu","14:27:23",1242900
19.85,0.25,500,"bu","14:27:06",1242400
19.85,0.25,1000,"bu","14:26:39",1241900
19.85,0.25,10000,"bu","14:26:12",1240900
19.8,0.2,100,"sd","14:26:11",1230900
19.8,0.2,300,"sd","14:26:03",1230800
19.85,0.25,8700,"sd","14:25:41",1230500
19.85,0.25,100,"sd","14:25:34",1221800
19.85,0.25,200,"sd","14:25:30",1221700
19.85,0.25,100,"sd","14:25:26",1221500
19.85,0.25,500,"sd","14:25:16",1221400
19.85,0.25,400,"sd","14:25:12",1220900
19.9,0.3,400,"bu","14:24:46",1220500
19.85,0.25,1000,"sd","14:24:45",1220100
19.85,0.25,500,"sd","14:24:44",1219100
19.85,0.25,73300,"bu","14:24:31",1218600
19.8,0.2,21700,"bu","14:24:31",1145300
19.8,0.2,2000,"bu","14:24:29",1123600
19.75,0.15,100,"sd","14:24:26",1121600
19.8,0.2,500,"bu","14:24:12",1121500
19.8,0.2,2200,"bu","14:24:11",1121000
19.8,0.2,2000,"bu","14:24:09",1118800
19.8,0.2,2000,"bu","14:24:03",1116800
19.8,0.2,2000,"bu","14:23:58",1114800
19.8,0.2,400,"bu","14:23:48",1112800
19.8,0.2,100,"bu","14:23:47",1112400
19.8,0.2,400,"bu","14:23:26",1112300
19.8,0.2,5000,"bu","14:23:18",1111900
19.8,0.2,1500,"bu","14:23:17",1106900
19.8,0.2,1000,"bu","14:23:01",1105400
19.75,0.15,3400,"sd","14:22:56",1104400
19.75,0.15,500,"sd","14:22:09",1101000
19.75,0.15,10000,"sd","14:22:08",1100500
19.8,0.2,1000,"bu","14:21:23",1090500
19.75,0.15,100,"sd","14:21:09",1089500
19.75,0.15,1000,"sd","14:20:11",1089400
19.8,0.2,4500,"bu","14:19:47",1088400
19.8,0.2,1300,"bu","14:19:24",1083900
19.75,0.15,5000,"sd","14:19:04",1082600
19.75,0.15,500,"sd","14:18:54",1077600
19.75,0.15,8200,"bu","14:18:13",1077100
19.75,0.15,10000,"bu","14:18:06",1068900
19.75,0.15,2500,"bu","14:17:55",1058900
19.75,0.15,2000,"bu","14:17:35",1056400
19.7,0.1,1000,"sd","14:17:16",1054400
19.7,0.1,2000,"sd","14:16:47",1053400
19.7,0.1,100,"sd","14:16:34",1051400
19.7,0.1,2000,"sd","14:16:16",1051300
19.75,0.15,10500,"sd","14:16:02",1049300
19.75,0.15,7700,"sd","14:16:01",1038800
19.75,0.15,1000,"sd","14:15:53",1031100
19.75,0.15,100,"sd","14:15:49",1030100
19.75,0.15,100,"sd","14:15:34",1030000
19.8,0.2,300,"bu","14:15:27",1029900
19.8,0.2,200,"bu","14:15:10",1029600
19.8,0.2,1500,"bu","14:14:55",1029400
19.75,0.15,200,"sd","14:14:51",1027900
19.75,0.15,5500,"sd","14:14:32",1027700
19.8,0.2,200,"bu","14:14:29",1022200
19.75,0.15,300,"sd","14:14:26",1022000
19.75,0.15,100,"sd","14:14:25",1021700
19.75,0.15,500,"sd","14:14:17",1021600
19.8,0.2,2000,"bu","14:14:09",1021100
19.8,0.2,400,"bu","14:14:08",1019100
19.8,0.2,200,"bu","14:13:57",1018700
19.8,0.2,3400,"bu","14:13:27",1018500
19.75,0.15,500,"sd","14:13:13",1015100
19.8,0.2,100,"bu","14:12:53",1014600
19.8,0.2,500,"bu","14:12:32",1014500
19.8,0.2,500,"bu","14:11:48",1014000
19.8,0.2,100,"bu","14:11:31",1013500
19.8,0.2,100,"bu","14:11:28",1013400
19.8,0.2,100,"bu","14:11:06",1013300
19.75,0.15,10000,"sd","14:10:58",1013200
19.8,0.2,300,"sd","14:10:54",1003200
19.8,0.2,500,"sd","14:10:53",1002900
19.85,0.25,1500,"bu","14:10:52",1002400
19.8,0.2,700,"sd","14:10:27",1000900
19.8,0.2,100,"sd","14:10:22",1000200
19.8,0.2,400,"sd","14:10:06",1000100
19.8,0.2,500,"sd","14:10:04",999700
19.8,0.2,5000,"sd","14:10:03",999200
19.8,0.2,5000,"sd","14:09:59",994200
19.85,0.25,1000,"bu","14:09:50",989200
19.85,0.25,1000,"bu","14:09:49",988200
19.8,0.2,100,"sd","14:09:48",987200
19.85,0.25,1000,"bu","14:09:33",987100
19.85,0.25,1500,"bu","14:09:16",986100
19.85,0.25,5000,"bu","14:08:36",984600
19.85,0.25,1500,"bu","14:08:13",979600
19.8,0.2,2000,"sd","14:07:55",978100
19.8,0.2,2000,"sd","14:07:48",976100
19.8,0.2,900,"sd","14:07:26",974100
19.8,0.2,39300,"bu","14:07:20",973200
19.8,0.2,10000,"bu","14:07:14",933900
19.75,0.15,10000,"sd","14:07:08",923900
19.8,0.2,300,"bu","14:07:02",913900
19.75,0.15,9000,"sd","14:07:00",913600
19.8,0.2,10000,"bu","14:06:33",904600
19.8,0.2,2000,"bu","14:06:29",894600
19.8,0.2,1000,"bu","14:06:27",892600
19.8,0.2,500,"bu","14:06:10",891600
19.75,0.15,4300,"bu","14:05:41",891100
19.75,0.15,5700,"sd","14:05:31",886800
19.75,0.15,1000,"sd","14:05:30",881100
19.75,0.15,5000,"sd","14:05:24",880100
19.75,0.15,100,"sd","14:04:57",875100
19.75,0.15,1000,"sd","14:04:56",875000
19.75,0.15,700,"bu","14:04:53",874000
19.75,0.15,4300,"sd","14:04:46",873300
19.8,0.2,1200,"bu","14:04:32",869000
19.8,0.2,1300,"bu","14:04:19",867800
19.8,0.2,300,"bu","14:03:52",866500
19.75,0.15,11000,"sd","14:03:50",866200
19.8,0.2,5000,"bu","14:03:40",855200
19.75,0.15,1000,"sd","14:03:39",850200
19.75,0.15,500,"sd","14:03:28",849200
19.8,0.2,4800,"bu","14:03:26",848700
19.75,0.15,200,"bu","14:03:26",843900
19.75,0.15,10000,"bu","14:03:22",843700
19.75,0.15,5000,"bu","14:03:18",833700
19.7,0.1,1700,"sd","14:03:13",828700
19.75,0.15,3000,"bu","14:03:00",827000
19.75,0.15,10000,"bu","14:02:46",824000
19.75,0.15,10000,"bu","14:02:42",814000
19.75,0.15,1500,"bu","14:02:21",804000
19.7,0.1,100,"sd","14:02:20",802500
19.7,0.1,200,"sd","14:01:55",802400
19.75,0.15,500,"bu","14:01:44",802200
19.7,0.1,2000,"sd","14:01:33",801700
19.7,0.1,600,"bu","14:01:20",799700
19.7,0.1,100,"bu","14:01:13",799100
19.7,0.1,900,"bu","14:01:11",799000
19.7,0.1,300,"bu","14:00:59",798100
19.7,0.1,2000,"bu","14:00:52",797800
19.7,0.1,1500,"bu","14:00:43",795800
19.7,0.1,300,"bu","14:00:42",794300
19.7,0.1,300,"bu","14:00:41",794000
19.7,0.1,2000,"bu","14:00:41",793700
19.7,0.1,3100,"bu","14:00:39",791700
19.65,0.05,1900,"sd","14:00:38",788600
19.7,0.1,2000,"bu","14:00:10",786700
19.7,0.1,1000,"bu","13:59:51",784700
19.7,0.1,1000,"bu","13:59:48",783700
19.7,0.1,1000,"bu","13:59:42",782700
19.7,0.1,1000,"bu","13:59:30",781700
19.7,0.1,3500,"bu","13:59:28",780700
19.7,0.1,2000,"bu","13:59:25",777200
19.7,0.1,2000,"bu","13:59:22",775200
19.7,0.1,5000,"bu","13:59:05",773200
19.7,0.1,1000,"bu","13:58:12",768200
19.7,0.1,2500,"bu","13:58:09",767200
19.7,0.1,1900,"bu","13:57:57",764700
19.7,0.1,5000,"bu","13:57:38",762800
19.65,0.05,1700,"sd","13:56:44",757800
19.65,0.05,300,"sd","13:55:49",756100
19.65,0.05,300,"sd","13:54:56",755800
19.65,0.05,2200,"sd","13:54:54",755500
19.65,0.05,1000,"sd","13:54:46",753300
19.7,0.1,300,"bu","13:54:43",752300
19.7,0.1,300,"bu","13:54:42",752000
19.65,0.05,1900,"sd","13:54:37",751700
19.65,0.05,100,"sd","13:54:09",749800
19.65,0.05,100,"sd","13:54:03",749700
19.7,0.1,1000,"bu","13:53:29",749600
19.65,0.05,1000,"sd","13:53:26",748600
19.7,0.1,700,"bu","13:53:19",747600
19.7,0.1,2000,"bu","13:53:08",746900
19.7,0.1,2000,"bu","13:53:02",744900
19.7,0.1,500,"bu","13:52:59",742900
19.7,0.1,600,"bu","13:52:38",742400
19.7,0.1,100,"bu","13:52:33",741800
19.7,0.1,800,"bu","13:52:11",741700
19.7,0.1,400,"sd","13:51:43",740900
19.75,0.15,600,"bu","13:51:31",740500
19.7,0.1,25000,"sd","13:51:30",739900
19.7,0.1,100,"sd","13:51:26",714900
19.75,0.15,1000,"bu","13:51:24",714800
19.7,0.1,5000,"sd","13:51:17",713800
19.75,0.15,4600,"bu","13:51:09",708800
19.75,0.15,500,"bu","13:51:03",704200
19.7,0.1,200,"sd","13:50:55",703700
19.7,0.1,200,"sd","13:50:47",703500
19.7,0.1,200,"sd","13:50:13",703300
19.75,0.15,300,"bu","13:50:09",703100
19.75,0.15,300,"bu","13:50:07",702800
19.75,0.15,500,"bu","13:49:54",702500
19.75,0.15,1700,"sd","13:49:49",702000
19.75,0.15,1000,"sd","13:49:45",700300
19.75,0.15,100,"sd","13:49:45",699300
19.75,0.15,1000,"sd","13:49:44",699200
19.75,0.15,10000,"sd","13:49:25",698200
19.75,0.15,800,"sd","13:49:23",688200
19.75,0.15,100,"sd","13:49:20",687400
19.75,0.15,100,"sd","13:49:17",687300
19.75,0.15,5700,"bu","13:49:13",687200
19.75,0.15,2500,"bu","13:49:06",681500
19.75,0.15,25000,"bu","13:48:58",679000
19.75,0.15,500,"bu","13:48:54",654000
19.75,0.15,1000,"bu","13:48:53",653500
19.75,0.15,300,"bu","13:48:19",652500
19.7,0.1,100,"sd","13:48:08",652200
19.75,0.15,10000,"bu","13:48:06",652100
19.75,0.15,2500,"bu","13:47:53",642100
19.7,0.1,500,"sd","13:47:43",639600
19.75,0.15,1000,"bu","13:47:42",639100
19.75,0.15,600,"bu","13:47:22",638100
19.75,0.15,500,"bu","13:47:00",637500
19.75,0.15,300,"bu","13:46:30",637000
19.75,0.15,2900,"bu","13:46:29",636700
19.7,0.1,5900,"sd","13:46:15",633800
19.7,0.1,8300,"bu","13:46:05",627900
19.7,0.1,6300,"bu","13:45:58",619600
19.7,0.1,300,"bu","13:45:49",613300
19.65,0.05,2000,"sd","13:45:29",613000
19.7,0.1,4000,"bu","13:45:06",611000
19.7,0.1,20000,"bu","13:44:30",607000
19.7,0.1,300,"bu","13:44:25",587000
19.65,0.05,800,"sd","13:44:20",586700
19.6,0,600,"sd","13:44:17",585900
19.65,0.05,10100,"bu","13:44:08",585300
19.65,0.05,600,"bu","13:44:06",575200
19.65,0.05,3000,"bu","13:44:05",574600
19.65,0.05,3000,"bu","13:44:02",571600
19.65,0.05,2000,"bu","13:43:56",568600
19.65,0.05,2000,"bu","13:43:55",566600
19.65,0.05,400,"bu","13:43:54",564600
19.65,0.05,100,"bu","13:43:45",564200
19.65,0.05,500,"bu","13:43:42",564100
19.65,0.05,300,"bu","13:43:41",563600
19.65,0.05,5000,"bu","13:43:32",563300
19.65,0.05,500,"bu","13:42:58",558300
19.65,0.05,100,"bu","13:42:37",557800
19.65,0.05,300,"bu","13:42:25",557700
19.65,0.05,7500,"bu","13:42:13",557400
19.65,0.05,400,"bu","13:41:59",549900
19.65,0.05,500,"bu","13:41:57",549500
19.65,0.05,300,"bu","13:41:56",549000
19.6,0,9900,"bu","13:41:54",548700
19.6,0,10000,"bu","13:41:53",538800
19.6,0,10000,"bu","13:41:51",528800
19.6,0,700,"bu","13:41:47",518800
19.6,0,2000,"bu","13:41:46",518100
19.6,0,400,"bu","13:41:40",516100
19.6,0,600,"bu","13:41:38",515700
19.6,0,500,"bu","13:41:34",515100
19.6,0,300,"bu","13:41:32",514600
19.6,0,100,"bu","13:41:31",514300
19.6,0,600,"bu","13:41:20",514200
19.6,0,400,"bu","13:41:20",513600
19.6,0,300,"bu","13:41:08",513200
19.6,0,300,"bu","13:41:05",512900
19.6,0,100,"bu","13:40:56",512600
19.6,0,200,"bu","13:40:47",512500
19.55,-0.05,200,"sd","13:38:39",512300
19.55,-0.05,400,"sd","13:38:31",512100
19.55,-0.05,10000,"sd","13:37:46",511700
19.55,-0.05,1000,"sd","13:34:42",501700
19.55,-0.05,3000,"sd","13:33:54",500700
19.55,-0.05,10000,"sd","13:33:46",497700
19.55,-0.05,3000,"sd","13:33:22",487700
19.55,-0.05,2200,"sd","13:32:40",484700
19.55,-0.05,200,"sd","13:32:35",482500
19.6,0,300,"bu","13:31:22",482300
19.6,0,200,"bu","13:30:58",482000
19.6,0,400,"bu","13:30:41",481800
19.6,0,300,"bu","13:30:32",481400
19.55,-0.05,2000,"sd","13:28:02",481100
19.6,0,300,"bu","13:28:01",479100
19.6,0,1000,"bu","13:27:22",478800
19.55,-0.05,2000,"sd","13:27:12",477800
19.6,0,300,"bu","13:27:03",475800
19.55,-0.05,100,"sd","13:26:19",475500
19.55,-0.05,500,"sd","13:25:23",475400
19.6,0,1000,"bu","13:24:23",474900
19.6,0,3000,"bu","13:23:33",473900
19.6,0,1300,"bu","13:22:42",470900
19.6,0,900,"bu","13:21:07",469600
19.55,-0.05,6700,"bu","13:20:58",468700
19.55,-0.05,200,"bu","13:20:26",462000
19.55,-0.05,100,"bu","13:20:08",461800
19.55,-0.05,200,"bu","13:19:55",461700
19.55,-0.05,100,"bu","13:19:29",461500
19.55,-0.05,2300,"sd","13:19:14",461400
19.55,-0.05,400,"sd","13:19:11",459100
19.55,-0.05,1500,"sd","13:19:05",458700
19.55,-0.05,1000,"sd","13:18:53",457200
19.55,-0.05,4000,"sd","13:18:33",456200
19.55,-0.05,17400,"sd","13:17:48",452200
19.6,0,300,"bu","13:16:52",434800
19.55,-0.05,100,"sd","13:14:48",434500
19.6,0,100,"bu","13:14:33",434400
19.6,0,100,"bu","13:13:55",434300
19.6,0,100,"bu","13:12:36",434200
19.6,0,600,"bu","13:12:17",434100
19.6,0,2900,"sd","13:10:42",433500
19.6,0,5000,"sd","13:10:37",430600
19.6,0,15000,"sd","13:10:24",425600
19.65,0.05,600,"bu","13:10:19",410600
19.6,0,2000,"sd","13:10:07",410000
19.6,0,4000,"sd","13:09:11",408000
19.6,0,5200,"sd","13:09:00",404000
19.6,0,5000,"sd","13:08:57",398800
19.6,0,100,"sd","13:08:55",393800
19.6,0,1000,"sd","13:08:42",393700
19.65,0.05,1000,"bu","13:08:36",392700
19.6,0,200,"sd","13:08:08",391700
19.6,0,2000,"sd","13:08:03",391500
19.6,0,1500,"sd","13:07:59",389500
19.6,0,2000,"sd","13:07:10",388000
19.6,0,200,"sd","13:06:26",386000
19.6,0,100,"sd","13:04:45",385800
19.65,0.05,700,"bu","13:03:56",385700
19.6,0,500,"sd","13:03:40",385000
19.6,0,200,"sd","13:02:13",384500
19.6,0,100,"sd","13:01:41",384300
19.6,0,600,"sd","13:00:12",384200
19.6,0,600,"sd","13:00:09",383600
19.6,0,200,"sd","13:00:04",383000
19.6,0,1900,"bu","13:00:01",382800
19.6,0,800,"bu","13:00:00",380900
19.6,0,500,"bu","11:29:04",380100
19.6,0,2000,"bu","11:27:48",379600
19.6,0,5000,"bu","11:27:23",377600
19.6,0,100,"bu","11:23:49",372600
19.6,0,100,"bu","11:23:29",372500
19.6,0,100,"bu","11:23:27",372400
19.6,0,300,"bu","11:22:53",372300
19.6,0,100,"sd","11:21:05",372000
19.6,0,2000,"bu","11:18:44",371900
19.6,0,100,"bu","11:18:31",369900
19.6,0,400,"bu","11:18:28",369800
19.6,0,800,"bu","11:16:17",369400
19.6,0,1000,"bu","11:16:10",368600
19.6,0,1500,"bu","11:16:01",367600
19.6,0,500,"bu","11:15:53",366100
19.6,0,3000,"bu","11:15:46",365600
19.6,0,1100,"bu","11:15:01",362600
19.6,0,5000,"bu","11:14:33",361500
19.6,0,100,"bu","11:11:50",356500
19.55,-0.05,4400,"sd","11:11:50",356400
19.55,-0.05,500,"sd","11:09:57",352000
19.6,0,100,"bu","11:09:55",351500
19.6,0,500,"bu","11:09:50",351400
19.6,0,1000,"bu","11:09:40",350900
19.6,0,5000,"bu","11:09:15",349900
19.6,0,1000,"bu","11:04:36",344900
19.6,0,2300,"bu","11:02:50",343900
19.6,0,100,"bu","11:01:38",341600
19.55,-0.05,100,"sd","11:01:34",341500
19.55,-0.05,1000,"sd","11:01:08",341400
19.55,-0.05,1000,"sd","11:00:11",340400
19.55,-0.05,5000,"sd","10:59:58",339400
19.55,-0.05,200,"sd","10:59:30",334400
19.55,-0.05,700,"sd","10:58:55",334200
19.55,-0.05,10000,"sd","10:58:40",333500
19.55,-0.05,300,"sd","10:58:37",323500
19.55,-0.05,600,"sd","10:57:24",323200
19.55,-0.05,500,"sd","10:56:21",322600
19.6,0,200,"bu","10:56:14",322100
19.55,-0.05,500,"sd","10:56:04",321900
19.55,-0.05,500,"sd","10:55:16",321400
19.55,-0.05,200,"sd","10:55:08",320900
19.6,0,100,"bu","10:55:07",320700
19.55,-0.05,1000,"sd","10:54:22",320600
19.55,-0.05,600,"sd","10:53:57",319600
19.6,0,1500,"bu","10:52:39",319000
19.55,-0.05,600,"sd","10:52:37",317500
19.6,0,100,"bu","10:52:01",316900
19.55,-0.05,600,"sd","10:51:42",316800
19.6,0,1000,"bu","10:51:37",316200
19.6,0,200,"bu","10:51:17",315200
19.6,0,100,"bu","10:51:04",315000
19.55,-0.05,1200,"sd","10:50:45",314900
19.55,-0.05,600,"sd","10:50:44",313700
19.6,0,100,"bu","10:50:39",313100
19.55,-0.05,3000,"sd","10:50:20",313000
19.55,-0.05,500,"sd","10:49:48",310000
19.55,-0.05,1000,"sd","10:49:16",309500
19.6,0,1000,"bu","10:48:32",308500
19.6,0,200,"bu","10:48:05",307500
19.55,-0.05,2000,"sd","10:47:51",307300
19.6,0,300,"bu","10:46:31",305300
19.6,0,100,"bu","10:46:24",305000
19.6,0,400,"bu","10:45:06",304900
19.6,0,100,"bu","10:44:42",304500
19.55,-0.05,1000,"sd","10:44:38",304400
19.6,0,1000,"bu","10:44:37",303400
19.55,-0.05,500,"sd","10:44:13",302400
19.6,0,500,"bu","10:44:08",301900
19.6,0,500,"bu","10:43:48",301400
19.6,0,100,"bu","10:42:56",300900
19.55,-0.05,600,"sd","10:42:38",300800
19.6,0,100,"bu","10:42:22",300200
19.55,-0.05,14000,"sd","10:42:15",300100
19.55,-0.05,800,"sd","10:42:15",286100
19.55,-0.05,600,"sd","10:42:06",285300
19.6,0,100,"bu","10:41:26",284700
19.55,-0.05,600,"sd","10:41:22",284600
19.6,0,1000,"bu","10:41:21",284000
19.6,0,100,"bu","10:40:51",283000
19.55,-0.05,600,"sd","10:39:42",282900
19.55,-0.05,800,"sd","10:38:52",282300
19.6,0,2000,"bu","10:38:06",281500
19.6,0,100,"bu","10:37:30",279500
19.65,0.05,100,"bu","10:32:32",279400
19.6,0,500,"bu","10:32:04",279300
19.6,0,100,"bu","10:32:00",278800
19.6,0,200,"sd","10:31:50",278700
19.6,0,600,"sd","10:31:50",278500
19.6,0,600,"sd","10:31:48",277900
19.6,0,600,"sd","10:31:47",277300
19.65,0.05,100,"bu","10:30:24",276700
19.6,0,500,"sd","10:30:16",276600
19.6,0,100,"sd","10:30:10",276100
19.65,0.05,100,"bu","10:28:58",276000
19.6,0,300,"sd","10:28:38",275900
19.6,0,100,"sd","10:28:34",275600
19.65,0.05,100,"bu","10:26:54",275500
19.6,0,100,"sd","10:26:29",275400
19.6,0,600,"bu","10:26:18",275300
19.6,0,100,"bu","10:26:17",274700
19.6,0,4400,"sd","10:26:09",274600
19.6,0,4000,"sd","10:26:01",270200
19.65,0.05,100,"bu","10:25:46",266200
19.6,0,200,"sd","10:25:42",266100
19.6,0,700,"sd","10:25:26",265900
19.6,0,500,"sd","10:25:05",265200
19.6,0,800,"sd","10:24:14",264700
19.6,0,300,"bu","10:22:54",263900
19.6,0,5200,"sd","10:22:49",263600
19.6,0,10000,"sd","10:22:45",258400
19.6,0,100,"sd","10:22:23",248400
19.6,0,10000,"sd","10:22:20",248300
19.65,0.05,100,"bu","10:18:06",238300
19.6,0,600,"sd","10:16:14",238200
19.65,0.05,2400,"sd","10:15:07",237600
19.65,0.05,600,"sd","10:14:55",235200
19.65,0.05,1000,"sd","10:14:45",234600
19.65,0.05,9000,"sd","10:14:32",233600
19.7,0.1,500,"bu","10:12:29",224600
19.65,0.05,7000,"sd","10:11:51",224100
19.65,0.05,5000,"sd","10:11:14",217100
19.65,0.05,100,"sd","10:10:41",212100
19.65,0.05,500,"sd","10:08:20",212000
19.65,0.05,800,"sd","10:08:16",211500
19.65,0.05,500,"sd","10:07:53",210700
19.7,0.1,1000,"bu","10:07:11",210200
19.7,0.1,2000,"bu","10:06:26",209200
19.7,0.1,500,"bu","10:04:48",207200
19.7,0.1,300,"bu","10:04:09",206700
19.7,0.1,200,"bu","10:04:07",206400
19.7,0.1,100,"bu","10:03:37",206200
19.7,0.1,1500,"bu","09:59:22",206100
19.7,0.1,100,"bu","09:57:52",204600
19.7,0.1,2000,"bu","09:56:11",204500
19.7,0.1,500,"bu","09:54:04",202500
19.7,0.1,200,"bu","09:53:54",202000
19.7,0.1,200,"bu","09:53:22",201800
19.7,0.1,1000,"bu","09:53:08",201600
19.7,0.1,500,"bu","09:52:35",200600
19.65,0.05,7100,"bu","09:52:15",200100
19.65,0.05,500,"bu","09:51:34",193000
19.65,0.05,2000,"bu","09:50:29",192500
19.6,0,200,"sd","09:50:23",190500
19.6,0,2000,"sd","09:49:20",190300
19.65,0.05,2000,"bu","09:48:48",188300
19.65,0.05,400,"bu","09:48:13",186300
19.65,0.05,10000,"bu","09:48:03",185900
19.65,0.05,1000,"bu","09:47:47",175900
19.65,0.05,6000,"sd","09:47:10",174900
19.65,0.05,1000,"sd","09:45:41",168900
19.65,0.05,5400,"sd","09:45:25",167900
19.65,0.05,6000,"sd","09:43:26",162500
19.7,0.1,13000,"sd","09:42:47",156500
19.7,0.1,7000,"bu","09:41:51",143500
19.7,0.1,10000,"bu","09:41:31",136500
19.65,0.05,500,"sd","09:39:39",126500
19.65,0.05,2000,"sd","09:39:09",126000
19.7,0.1,1000,"bu","09:38:33",124000
19.7,0.1,5700,"bu","09:35:55",123000
19.65,0.05,300,"bu","09:35:55",117300
19.65,0.05,100,"bu","09:35:39",117000
19.6,0,100,"sd","09:33:01",116900
19.6,0,2000,"sd","09:32:52",116800
19.6,0,200,"sd","09:32:40",114800
19.6,0,10000,"sd","09:31:24",114600
19.6,0,3000,"sd","09:30:55",104600
19.6,0,1400,"sd","09:30:42",101600
19.65,0.05,1000,"sd","09:29:48",100200
19.65,0.05,1000,"sd","09:29:35",99200
19.65,0.05,600,"sd","09:29:27",98200
19.65,0.05,100,"sd","09:29:17",97600
19.65,0.05,10000,"sd","09:29:04",97500
19.65,0.05,1000,"sd","09:28:55",87500
19.65,0.05,100,"sd","09:28:37",86500
19.65,0.05,1000,"sd","09:28:24",86400
19.7,0.1,300,"bu","09:26:29",85400
19.7,0.1,1700,"sd","09:24:49",85100
19.7,0.1,2500,"bu","09:24:42",83400
19.7,0.1,3800,"bu","09:24:12",80900
19.7,0.1,100,"bu","09:23:48",77100
19.7,0.1,5000,"bu","09:23:28",77000
19.7,0.1,7000,"sd","09:23:08",72000
19.7,0.1,1000,"sd","09:22:57",65000
19.7,0.1,1200,"sd","09:22:40",64000
19.7,0.1,500,"sd","09:21:59",62800
19.7,0.1,5000,"sd","09:21:14",62300
19.75,0.15,1000,"bu","09:21:12",57300
19.75,0.15,1000,"sd","09:21:10",56300
19.75,0.15,2000,"bu","09:20:49",55300
19.75,0.15,400,"bu","09:20:45",53300
19.75,0.15,1100,"bu","09:20:39",52900
19.75,0.15,900,"sd","09:20:33",51800
19.75,0.15,2200,"sd","09:20:26",50900
19.75,0.15,1900,"bu","09:20:12",48700
19.75,0.15,9000,"bu","09:19:57",46800
19.75,0.15,5000,"bu","09:19:31",37800
19.7,0.1,100,"sd","09:19:19",32800
19.7,0.1,100,"sd","09:18:59",32700
19.7,0.1,5000,"sd","09:18:27",32600
19.7,0.1,1000,"sd","09:18:26",27600
19.7,0.1,1000,"sd","09:17:57",26600
19.75,0.15,100,"bu","09:17:48",25600
19.7,0.1,100,"sd","09:17:25",25500
19.7,0.1,4200,"bu","09:16:44",25400
19.7,0.1,3900,"bu","09:16:43",21200
19.65,0.05,800,"sd","09:16:08",17300
19.65,0.05,100,"sd","09:16:02",16500
19.65,0.05,400,"sd","09:15:56",16400
19.65,0.05,100,"sd","09:15:25",16000
19.65,0.05,2000,"sd","09:15:19",15900
19.65,0.05,100,"sd","09:15:05",13900
19.7,0.1,13800,"","09:15:00",13800
