"price","change","match_qtty","side","time","total_vol"
27.3,0.3,293200,"","14:45:01",8671600
27.25,0.25,10000,"bu","14:30:00",8378400
27.2,0.2,300,"sd","14:29:56",8368400
27.25,0.25,1200,"bu","14:29:55",8368100
27.2,0.2,500,"sd","14:29:42",8366900
27.2,0.2,100,"sd","14:29:37",8366400
27.2,0.2,100,"sd","14:29:31",8366300
27.2,0.2,400,"sd","14:29:30",8366200
27.2,0.2,7200,"bu","14:29:29",8365800
27.2,0.2,2000,"bu","14:29:28",8358600
27.2,0.2,3000,"bu","14:29:18",8356600
27.2,0.2,2600,"bu","14:29:16",8353600
27.2,0.2,1600,"bu","14:29:03",8351000
27.2,0.2,1500,"bu","14:28:55",8349400
27.2,0.2,200,"bu","14:28:50",8347900
27.15,0.15,1400,"sd","14:28:48",8347700
27.15,0.15,600,"sd","14:28:48",8346300
27.2,0.2,400,"bu","14:28:44",8345700
27.2,0.2,5100,"bu","14:28:42",8345300
27.2,0.2,1000,"bu","14:28:41",8340200
27.2,0.2,3600,"sd","14:28:38",8339200
27.2,0.2,100,"sd","14:28:33",8335600
27.2,0.2,2000,"sd","14:28:31",8335500
27.2,0.2,1000,"sd","14:28:26",8333500
27.2,0.2,1000,"sd","14:28:24",8332500
27.25,0.25,1000,"bu","14:28:23",8331500
27.2,0.2,1000,"sd","14:28:16",8330500
27.2,0.2,900,"bu","14:28:15",8329500
27.2,0.2,900,"sd","14:28:14",8328600
27.2,0.2,4900,"sd","14:28:14",8327700
27.2,0.2,100,"sd","14:28:12",8322800
27.2,0.2,1000,"sd","14:28:11",8322700
27.2,0.2,400,"sd","14:28:09",8321700
27.2,0.2,100,"sd","14:28:07",8321300
27.25,0.25,1000,"bu","14:28:06",8321200
27.2,0.2,500,"sd","14:28:03",8320200
27.2,0.2,300,"sd","14:27:57",8319700
27.2,0.2,2400,"sd","14:27:53",8319400
27.2,0.2,1000,"sd","14:27:52",8317000
27.2,0.2,1100,"bu","14:27:49",8316000
27.2,0.2,400,"bu","14:27:48",8314900
27.2,0.2,500,"bu","14:27:48",8314500
27.2,0.2,300,"bu","14:27:42",8314000
27.2,0.2,500,"bu","14:27:39",8313700
27.2,0.2,200,"bu","14:27:37",8313200
27.2,0.2,500,"bu","14:27:36",8313000
27.15,0.15,3100,"sd","14:27:35",8312500
27.2,0.2,1000,"bu","14:27:32",8309400
27.2,0.2,500,"bu","14:27:31",8308400
27.2,0.2,1500,"bu","14:27:30",8307900
27.2,0.2,500,"bu","14:27:23",8306400
27.2,0.2,800,"sd","14:27:21",8305900
27.2,0.2,700,"sd","14:27:20",8305100
27.2,0.2,3400,"bu","14:27:15",8304400
27.2,0.2,9700,"sd","14:27:07",8301000
27.2,0.2,100,"sd","14:27:05",8291300
27.2,0.2,500,"sd","14:27:05",8291200
27.2,0.2,400,"sd","14:27:04",8290700
27.2,0.2,500,"sd","14:26:59",8290300
27.2,0.2,200,"sd","14:26:57",8289800
27.2,0.2,21900,"bu","14:26:54",8289600
27.2,0.2,5000,"bu","14:26:47",8267700
27.2,0.2,100,"bu","14:26:35",8262700
27.15,0.15,100,"sd","14:26:32",8262600
27.15,0.15,6000,"sd","14:26:08",8262500
27.15,0.15,400,"sd","14:26:06",8256500
27.2,0.2,5000,"bu","14:26:00",8256100
27.2,0.2,4000,"bu","14:25:56",8251100
27.2,0.2,1000,"bu","14:25:46",8247100
27.2,0.2,100,"bu","14:25:41",8246100
27.15,0.15,700,"sd","14:25:37",8246000
27.15,0.15,2000,"sd","14:25:34",8245300
27.15,0.15,100,"sd","14:25:33",8243300
27.2,0.2,5000,"bu","14:25:32",8243200
27.2,0.2,1000,"bu","14:25:30",8238200
27.2,0.2,100,"bu","14:25:27",8237200
27.2,0.2,500,"bu","14:25:24",8237100
27.2,0.2,2000,"bu","14:25:21",8236600
27.2,0.2,59900,"sd","14:25:20",8234600
27.2,0.2,2900,"sd","14:25:18",8174700
27.2,0.2,2100,"sd","14:25:18",8171800
27.25,0.25,10000,"bu","14:25:17",8169700
27.2,0.2,10000,"sd","14:25:17",8159700
27.25,0.25,10000,"bu","14:25:16",8149700
27.2,0.2,500,"sd","14:25:11",8139700
27.2,0.2,100,"sd","14:25:10",8139200
27.2,0.2,200,"sd","14:25:07",8139100
27.2,0.2,10000,"sd","14:25:03",8138900
27.2,0.2,6000,"sd","14:24:57",8128900
27.2,0.2,300,"sd","14:24:50",8122900
27.2,0.2,700,"sd","14:24:49",8122600
27.25,0.25,300,"bu","14:24:48",8121900
27.2,0.2,100,"sd","14:24:44",8121600
27.2,0.2,200,"sd","14:24:41",8121500
27.2,0.2,300,"sd","14:24:37",8121300
27.2,0.2,100,"sd","14:24:34",8121000
27.25,0.25,500,"bu","14:24:34",8120900
27.2,0.2,200,"sd","14:24:31",8120400
27.25,0.25,1000,"bu","14:24:31",8120200
27.2,0.2,700,"sd","14:24:23",8119200
27.25,0.25,4100,"bu","14:24:21",8118500
27.25,0.25,3100,"bu","14:24:20",8114400
27.25,0.25,100,"bu","14:24:14",8111300
27.2,0.2,1000,"sd","14:24:14",8111200
27.25,0.25,100,"bu","14:24:12",8110200
27.25,0.25,500,"bu","14:24:08",8110100
27.25,0.25,9000,"bu","14:24:03",8109600
27.25,0.25,300,"bu","14:24:00",8100600
27.25,0.25,1000,"bu","14:23:59",8100300
27.25,0.25,500,"bu","14:23:59",8099300
27.25,0.25,5000,"bu","14:23:52",8098800
27.25,0.25,11800,"sd","14:23:35",8093800
27.25,0.25,500,"sd","14:23:22",8082000
27.25,0.25,1000,"sd","14:23:15",8081500
27.25,0.25,400,"sd","14:23:11",8080500
27.3,0.3,100,"bu","14:23:11",8080100
27.25,0.25,2000,"sd","14:23:08",8080000
27.25,0.25,1000,"sd","14:23:08",8078000
27.25,0.25,700,"sd","14:23:02",8077000
27.25,0.25,200,"bu","14:22:54",8076300
27.25,0.25,2000,"bu","14:22:52",8076100
27.25,0.25,2000,"bu","14:22:47",8074100
27.25,0.25,200,"bu","14:22:41",8072100
27.25,0.25,300,"bu","14:22:37",8071900
27.2,0.2,100,"sd","14:22:36",8071600
27.25,0.25,1600,"sd","14:22:35",8071500
27.3,0.3,300,"bu","14:22:34",8069900
27.3,0.3,2000,"bu","14:22:25",8069600
27.25,0.25,3000,"bu","14:22:25",8067600
27.25,0.25,500,"bu","14:22:21",8064600
27.25,0.25,1000,"bu","14:22:14",8064100
27.2,0.2,300,"sd","14:22:12",8063100
27.25,0.25,300,"bu","14:22:11",8062800
27.25,0.25,100,"bu","14:22:02",8062500
27.25,0.25,3900,"sd","14:22:02",8062400
27.25,0.25,4000,"sd","14:21:49",8058500
27.25,0.25,2600,"bu","14:21:44",8054500
27.25,0.25,1000,"bu","14:21:42",8051900
27.25,0.25,200,"bu","14:21:41",8050900
27.25,0.25,10100,"bu","14:21:39",8050700
27.2,0.2,100,"sd","14:21:36",8040600
27.25,0.25,100,"bu","14:21:33",8040500
27.2,0.2,1000,"sd","14:21:32",8040400
27.25,0.25,200,"bu","14:21:28",8039400
27.25,0.25,200,"bu","14:21:27",8039200
27.25,0.25,200,"bu","14:21:26",8039000
27.25,0.25,3100,"bu","14:21:26",8038800
27.25,0.25,5000,"bu","14:21:23",8035700
27.25,0.25,1400,"bu","14:21:22",8030700
27.25,0.25,10000,"bu","14:21:18",8029300
27.25,0.25,100,"bu","14:21:14",8019300
27.25,0.25,100,"bu","14:21:08",8019200
27.25,0.25,900,"bu","14:21:02",8019100
27.25,0.25,4100,"bu","14:21:01",8018200
27.25,0.25,13800,"sd","14:20:52",8014100
27.25,0.25,14800,"sd","14:20:49",8000300
27.3,0.3,400,"bu","14:20:39",7985500
27.25,0.25,48100,"bu","14:20:37",7985100
27.2,0.2,100,"sd","14:20:37",7937000
27.25,0.25,10000,"bu","14:20:36",7936900
27.25,0.25,1000,"bu","14:20:27",7926900
27.25,0.25,1000,"bu","14:20:26",7925900
27.25,0.25,100,"bu","14:20:24",7924900
27.25,0.25,10000,"bu","14:20:23",7924800
27.25,0.25,2800,"bu","14:20:22",7914800
27.25,0.25,100,"bu","14:20:21",7912000
27.2,0.2,300,"sd","14:20:18",7911900
27.25,0.25,1900,"bu","14:20:18",7911600
27.25,0.25,3000,"bu","14:20:16",7909700
27.25,0.25,2800,"bu","14:20:15",7906700
27.25,0.25,5000,"bu","14:20:14",7903900
27.25,0.25,5000,"bu","14:20:07",7898900
27.25,0.25,700,"bu","14:20:06",7893900
27.2,0.2,1800,"sd","14:20:05",7893200
27.2,0.2,200,"sd","14:20:03",7891400
27.2,0.2,2000,"sd","14:19:50",7891200
27.2,0.2,100,"sd","14:19:38",7889200
27.2,0.2,400,"sd","14:19:14",7889100
27.25,0.25,3000,"bu","14:19:06",7888700
27.2,0.2,600,"sd","14:19:05",7885700
27.25,0.25,500,"bu","14:19:02",7885100
27.2,0.2,1500,"sd","14:19:01",7884600
27.25,0.25,500,"bu","14:19:01",7883100
27.25,0.25,2000,"bu","14:18:56",7882600
27.2,0.2,500,"sd","14:18:52",7880600
27.2,0.2,900,"sd","14:18:50",7880100
27.2,0.2,4000,"sd","14:18:49",7879200
27.25,0.25,5000,"bu","14:18:44",7875200
27.2,0.2,100,"sd","14:18:43",7870200
27.2,0.2,5000,"sd","14:18:30",7870100
27.2,0.2,2000,"sd","14:18:17",7865100
27.25,0.25,5000,"bu","14:18:17",7863100
27.2,0.2,300,"sd","14:18:10",7858100
27.2,0.2,10000,"sd","14:18:07",7857800
27.25,0.25,500,"bu","14:18:06",7847800
27.25,0.25,1000,"bu","14:17:54",7847300
27.25,0.25,1800,"bu","14:17:51",7846300
27.25,0.25,300,"bu","14:17:44",7844500
27.3,0.3,2100,"bu","14:17:36",7844200
27.25,0.25,6900,"bu","14:17:36",7842100
27.25,0.25,3900,"sd","14:17:28",7835200
27.25,0.25,100,"sd","14:17:26",7831300
27.25,0.25,300,"sd","14:17:21",7831200
27.25,0.25,700,"sd","14:17:19",7830900
27.25,0.25,1000,"sd","14:17:12",7830200
27.25,0.25,4200,"bu","14:17:09",7829200
27.25,0.25,1500,"bu","14:17:08",7825000
27.25,0.25,6000,"bu","14:17:04",7823500
27.2,0.2,2000,"sd","14:17:03",7817500
27.2,0.2,400,"sd","14:17:00",7815500
27.2,0.2,7000,"sd","14:16:49",7815100
27.2,0.2,100,"sd","14:16:43",7808100
27.2,0.2,100,"sd","14:16:41",7808000
27.2,0.2,2000,"sd","14:16:38",7807900
27.2,0.2,1000,"sd","14:16:33",7805900
27.2,0.2,3000,"sd","14:16:23",7804900
27.2,0.2,5000,"sd","14:16:20",7801900
27.25,0.25,200,"bu","14:16:19",7796900
27.2,0.2,100,"sd","14:16:12",7796700
27.2,0.2,1000,"sd","14:15:57",7796600
27.2,0.2,700,"sd","14:15:48",7795600
27.25,0.25,400,"bu","14:15:46",7794900
27.25,0.25,100,"bu","14:15:44",7794500
27.25,0.25,2000,"bu","14:15:38",7794400
27.25,0.25,1000,"bu","14:15:33",7792400
27.25,0.25,1300,"bu","14:15:28",7791400
27.2,0.2,1000,"sd","14:15:27",7790100
27.25,0.25,300,"bu","14:15:25",7789100
27.25,0.25,1000,"bu","14:15:23",7788800
27.25,0.25,100,"bu","14:15:23",7787800
27.2,0.2,2000,"sd","14:15:19",7787700
27.25,0.25,5000,"bu","14:15:17",7785700
27.2,0.2,700,"sd","14:15:15",7780700
27.2,0.2,11500,"sd","14:15:12",7780000
27.2,0.2,1500,"sd","14:15:11",7768500
27.25,0.25,100,"bu","14:15:08",7767000
27.2,0.2,2500,"sd","14:15:00",7766900
27.25,0.25,700,"sd","14:14:52",7764400
27.25,0.25,100,"sd","14:14:51",7763700
27.25,0.25,1000,"sd","14:14:50",7763600
27.25,0.25,500,"sd","14:14:50",7762600
27.25,0.25,500,"sd","14:14:49",7762100
27.25,0.25,100,"sd","14:14:45",7761600
27.25,0.25,100,"sd","14:14:44",7761500
27.25,0.25,100,"sd","14:14:42",7761400
27.25,0.25,2000,"sd","14:14:36",7761300
27.25,0.25,10000,"sd","14:14:32",7759300
27.25,0.25,100,"sd","14:14:25",7749300
27.25,0.25,100,"sd","14:14:22",7749200
27.3,0.3,1200,"sd","14:13:59",7749100
27.3,0.3,2200,"sd","14:13:57",7747900
27.3,0.3,400,"sd","14:13:56",7745700
27.3,0.3,12000,"sd","14:13:55",7745300
27.3,0.3,7000,"sd","14:13:52",7733300
27.3,0.3,2000,"sd","14:13:50",7726300
27.3,0.3,600,"sd","14:13:49",7724300
27.3,0.3,100,"sd","14:13:48",7723700
27.3,0.3,400,"sd","14:13:47",7723600
27.3,0.3,1000,"sd","14:13:47",7723200
27.3,0.3,2000,"sd","14:13:44",7722200
27.3,0.3,900,"sd","14:13:40",7720200
27.3,0.3,1900,"sd","14:13:36",7719300
27.3,0.3,500,"sd","14:13:36",7717400
27.3,0.3,500,"sd","14:13:33",7716900
27.35,0.35,800,"bu","14:13:33",7716400
27.35,0.35,1000,"bu","14:13:28",7715600
27.3,0.3,2100,"sd","14:13:26",7714600
27.35,0.35,3700,"bu","14:13:26",7712500
27.3,0.3,2000,"sd","14:13:21",7708800
27.35,0.35,1600,"bu","14:13:15",7706800
27.35,0.35,500,"bu","14:13:13",7705200
27.35,0.35,500,"bu","14:12:54",7704700
27.3,0.3,200,"sd","14:12:53",7704200
27.35,0.35,400,"bu","14:12:50",7704000
27.3,0.3,100,"sd","14:12:46",7703600
27.35,0.35,500,"bu","14:12:45",7703500
27.35,0.35,20000,"bu","14:12:32",7703000
27.35,0.35,5500,"bu","14:12:31",7683000
27.35,0.35,14100,"sd","14:12:26",7677500
27.4,0.4,2000,"bu","14:12:22",7663400
27.35,0.35,1500,"sd","14:12:21",7661400
27.4,0.4,100,"bu","14:12:19",7659900
27.35,0.35,20600,"sd","14:12:17",7659800
27.35,0.35,100,"sd","14:12:08",7639200
27.4,0.4,1000,"bu","14:11:36",7639100
27.35,0.35,100,"sd","14:11:33",7638100
27.4,0.4,2500,"sd","14:11:31",7638000
27.45,0.45,100,"bu","14:11:29",7635500
27.4,0.4,100,"sd","14:11:28",7635400
27.4,0.4,2000,"sd","14:11:25",7635300
27.4,0.4,11100,"bu","14:11:22",7633300
27.4,0.4,1200,"bu","14:11:20",7622200
27.35,0.35,100,"sd","14:11:19",7621000
27.4,0.4,1000,"bu","14:11:16",7620900
27.4,0.4,900,"bu","14:11:15",7619900
27.4,0.4,5200,"sd","14:11:12",7619000
27.4,0.4,5300,"sd","14:11:11",7613800
27.4,0.4,100,"sd","14:11:10",7608500
27.4,0.4,5100,"sd","14:11:09",7608400
27.4,0.4,500,"sd","14:11:07",7603300
27.4,0.4,2500,"sd","14:11:06",7602800
27.4,0.4,500,"sd","14:11:03",7600300
27.4,0.4,3000,"sd","14:11:02",7599800
27.4,0.4,1000,"sd","14:11:00",7596800
27.4,0.4,1000,"sd","14:10:57",7595800
27.4,0.4,100,"sd","14:10:54",7594800
27.4,0.4,10000,"sd","14:10:53",7594700
27.4,0.4,100,"sd","14:10:45",7584700
27.45,0.45,3000,"bu","14:10:43",7584600
27.4,0.4,100,"sd","14:10:42",7581600
27.4,0.4,5000,"sd","14:10:40",7581500
27.4,0.4,2200,"sd","14:10:39",7576500
27.4,0.4,1000,"sd","14:10:37",7574300
27.45,0.45,300,"bu","14:10:37",7573300
27.4,0.4,2100,"sd","14:10:30",7573000
27.4,0.4,100,"sd","14:10:27",7570900
27.4,0.4,100,"sd","14:10:20",7570800
27.45,0.45,1100,"bu","14:10:20",7570700
27.45,0.45,1000,"bu","14:10:19",7569600
27.4,0.4,200,"sd","14:10:17",7568600
27.45,0.45,1100,"bu","14:10:14",7568400
27.4,0.4,200,"sd","14:10:11",7567300
27.45,0.45,3100,"bu","14:10:09",7567100
27.4,0.4,100,"sd","14:10:06",7564000
27.45,0.45,3100,"bu","14:10:04",7563900
27.4,0.4,100,"sd","14:10:03",7560800
27.45,0.45,2300,"bu","14:09:59",7560700
27.4,0.4,500,"sd","14:09:58",7558400
27.4,0.4,2000,"bu","14:09:57",7557900
27.4,0.4,2300,"bu","14:09:54",7555900
27.4,0.4,1000,"bu","14:09:54",7553600
27.35,0.35,1000,"sd","14:09:53",7552600
27.4,0.4,1500,"bu","14:09:49",7551600
27.35,0.35,100,"sd","14:09:49",7550100
27.4,0.4,1400,"bu","14:09:48",7550000
27.4,0.4,1500,"bu","14:09:45",7548600
27.35,0.35,3000,"sd","14:09:44",7547100
27.35,0.35,10000,"sd","14:09:36",7544100
27.4,0.4,2100,"bu","14:09:36",7534100
27.4,0.4,400,"bu","14:09:35",7532000
27.4,0.4,1200,"bu","14:09:31",7531600
27.4,0.4,200,"bu","14:09:29",7530400
27.4,0.4,3000,"sd","14:09:29",7530200
27.4,0.4,10000,"sd","14:09:27",7527200
27.45,0.45,3100,"bu","14:09:25",7517200
27.4,0.4,300,"bu","14:09:25",7514100
27.4,0.4,700,"sd","14:09:25",7513800
27.45,0.45,3100,"bu","14:09:23",7513100
27.4,0.4,5400,"bu","14:09:23",7510000
27.4,0.4,8600,"sd","14:09:22",7504600
27.4,0.4,10200,"sd","14:09:20",7496000
27.45,0.45,200,"bu","14:09:20",7485800
27.4,0.4,200,"sd","14:09:19",7485600
27.45,0.45,3100,"bu","14:09:19",7485400
27.4,0.4,500,"sd","14:09:17",7482300
27.45,0.45,2300,"bu","14:09:15",7481800
27.45,0.45,300,"bu","14:09:13",7479500
27.4,0.4,5000,"sd","14:09:13",7479200
27.45,0.45,2000,"bu","14:09:11",7474200
27.45,0.45,2300,"bu","14:09:09",7472200
27.4,0.4,10800,"sd","14:09:08",7469900
27.4,0.4,5500,"sd","14:09:07",7459100
27.4,0.4,100,"sd","14:09:07",7453600
27.45,0.45,7400,"bu","14:09:06",7453500
27.45,0.45,2800,"bu","14:09:03",7446100
27.45,0.45,300,"bu","14:09:03",7443300
27.45,0.45,1500,"bu","14:09:01",7443000
27.45,0.45,1000,"bu","14:08:59",7441500
27.45,0.45,1500,"bu","14:08:56",7440500
27.4,0.4,1000,"sd","14:08:56",7439000
27.45,0.45,1000,"bu","14:08:55",7438000
27.4,0.4,100,"sd","14:08:44",7437000
27.45,0.45,500,"bu","14:08:42",7436900
27.45,0.45,300,"bu","14:08:37",7436400
27.45,0.45,3900,"sd","14:08:35",7436100
27.45,0.45,22500,"sd","14:08:35",7432200
27.45,0.45,3000,"sd","14:08:34",7409700
27.45,0.45,6000,"sd","14:08:33",7406700
27.45,0.45,4000,"sd","14:08:33",7400700
27.45,0.45,500,"sd","14:08:32",7396700
27.45,0.45,1000,"sd","14:08:31",7396200
27.45,0.45,10900,"sd","14:08:30",7395200
27.45,0.45,2500,"sd","14:08:30",7384300
27.45,0.45,500,"sd","14:08:29",7381800
27.45,0.45,800,"sd","14:08:28",7381300
27.45,0.45,24000,"sd","14:08:28",7380500
27.45,0.45,5500,"sd","14:08:27",7356500
27.45,0.45,500,"sd","14:08:25",7351000
27.45,0.45,500,"sd","14:08:25",7350500
27.45,0.45,23500,"sd","14:08:23",7350000
27.45,0.45,200,"sd","14:08:22",7326500
27.5,0.5,900,"bu","14:08:21",7326300
27.45,0.45,500,"sd","14:08:21",7325400
27.45,0.45,100,"sd","14:08:21",7324900
27.45,0.45,4000,"sd","14:08:18",7324800
27.45,0.45,1000,"sd","14:08:16",7320800
27.45,0.45,1000,"sd","14:08:14",7319800
27.45,0.45,1000,"sd","14:08:13",7318800
27.5,0.5,2400,"bu","14:08:10",7317800
27.45,0.45,200,"sd","14:08:09",7315400
27.45,0.45,500,"sd","14:08:02",7315200
27.45,0.45,7000,"sd","14:07:58",7314700
27.5,0.5,5000,"bu","14:07:56",7307700
27.45,0.45,1000,"sd","14:07:52",7302700
27.5,0.5,500,"bu","14:07:52",7301700
27.45,0.45,500,"sd","14:07:51",7301200
27.5,0.5,700,"bu","14:07:49",7300700
27.5,0.5,600,"bu","14:07:40",7300000
27.45,0.45,2500,"sd","14:07:38",7299400
27.5,0.5,5000,"bu","14:07:32",7296900
27.5,0.5,1000,"bu","14:07:31",7291900
27.45,0.45,1000,"sd","14:07:25",7290900
27.5,0.5,10000,"bu","14:07:20",7289900
27.45,0.45,3000,"sd","14:07:15",7279900
27.45,0.45,1000,"sd","14:07:14",7276900
27.45,0.45,200,"sd","14:07:13",7275900
27.45,0.45,100,"sd","14:07:08",7275700
27.5,0.5,300,"bu","14:07:08",7275600
27.45,0.45,100,"sd","14:07:07",7275300
27.45,0.45,200,"sd","14:07:06",7275200
27.5,0.5,2000,"bu","14:07:03",7275000
27.5,0.5,10000,"bu","14:07:02",7273000
27.45,0.45,1000,"sd","14:06:59",7263000
27.45,0.45,3000,"sd","14:06:55",7262000
27.5,0.5,5000,"bu","14:06:54",7259000
27.45,0.45,100,"sd","14:06:43",7254000
27.45,0.45,25200,"bu","14:06:42",7253900
27.45,0.45,5000,"bu","14:06:41",7228700
27.45,0.45,600,"bu","14:06:37",7223700
27.4,0.4,3800,"sd","14:06:36",7223100
27.4,0.4,200,"sd","14:06:35",7219300
27.4,0.4,100,"sd","14:06:33",7219100
27.4,0.4,5000,"sd","14:06:32",7219000
27.45,0.45,102000,"bu","14:06:31",7214000
27.4,0.4,2600,"sd","14:06:27",7112000
27.4,0.4,200,"sd","14:06:26",7109400
27.4,0.4,100,"sd","14:06:18",7109200
27.4,0.4,100,"sd","14:06:15",7109100
27.4,0.4,100,"sd","14:06:13",7109000
27.4,0.4,400,"sd","14:06:06",7108900
27.4,0.4,15000,"sd","14:06:03",7108500
27.4,0.4,2000,"sd","14:06:02",7093500
27.4,0.4,100,"sd","14:05:59",7091500
27.4,0.4,100,"sd","14:05:58",7091400
27.4,0.4,5000,"sd","14:05:54",7091300
27.4,0.4,7200,"bu","14:05:54",7086300
27.4,0.4,1000,"bu","14:05:53",7079100
27.4,0.4,3000,"bu","14:05:52",7078100
27.4,0.4,3000,"bu","14:05:50",7075100
27.4,0.4,7400,"bu","14:05:48",7072100
27.4,0.4,100,"bu","14:05:47",7064700
27.4,0.4,7800,"bu","14:05:46",7064600
27.35,0.35,2000,"sd","14:05:45",7056800
27.4,0.4,200,"bu","14:05:45",7054800
27.4,0.4,2200,"bu","14:05:43",7054600
27.4,0.4,5800,"bu","14:05:41",7052400
27.4,0.4,200,"bu","14:05:38",7046600
27.4,0.4,2000,"bu","14:05:36",7046400
27.4,0.4,15000,"bu","14:05:34",7044400
27.4,0.4,15000,"bu","14:05:25",7029400
27.35,0.35,300,"sd","14:05:22",7014400
27.4,0.4,20000,"bu","14:05:21",7014100
27.35,0.35,24200,"bu","14:05:20",6994100
27.3,0.3,200,"sd","14:05:20",6969900
27.35,0.35,1000,"bu","14:05:19",6969700
27.35,0.35,5000,"bu","14:05:18",6968700
27.35,0.35,500,"bu","14:05:07",6963700
27.35,0.35,3600,"bu","14:05:01",6963200
27.35,0.35,3500,"bu","14:04:59",6959600
27.3,0.3,500,"sd","14:04:58",6956100
27.35,0.35,1500,"bu","14:04:56",6955600
27.3,0.3,100,"sd","14:04:50",6954100
27.3,0.3,200,"sd","14:04:24",6954000
27.3,0.3,21300,"bu","14:04:14",6953800
27.3,0.3,500,"bu","14:04:13",6932500
27.3,0.3,1000,"bu","14:04:08",6932000
27.3,0.3,1000,"bu","14:04:07",6931000
27.3,0.3,200,"bu","14:03:52",6930000
27.3,0.3,100,"bu","14:03:44",6929800
27.25,0.25,5500,"bu","14:03:35",6929700
27.25,0.25,6000,"bu","14:03:33",6924200
27.25,0.25,1000,"bu","14:03:31",6918200
27.2,0.2,200,"sd","14:03:18",6917200
27.2,0.2,1400,"bu","14:03:12",6917000
27.2,0.2,600,"sd","14:03:10",6915600
27.25,0.25,400,"bu","14:02:57",6915000
27.25,0.25,1000,"bu","14:02:55",6914600
27.2,0.2,100,"bu","14:02:54",6913600
27.2,0.2,9900,"sd","14:02:51",6913500
27.25,0.25,1000,"bu","14:02:47",6903600
27.2,0.2,1500,"sd","14:02:45",6902600
27.2,0.2,2000,"sd","14:02:38",6901100
27.2,0.2,1100,"bu","14:02:28",6899100
27.2,0.2,1000,"bu","14:02:27",6898000
27.2,0.2,1000,"bu","14:02:25",6897000
27.2,0.2,200,"bu","14:02:24",6896000
27.2,0.2,1900,"bu","14:02:13",6895800
27.2,0.2,1100,"bu","14:02:10",6893900
27.2,0.2,2000,"bu","14:02:06",6892800
27.2,0.2,1300,"bu","14:02:04",6890800
27.2,0.2,1000,"bu","14:02:01",6889500
27.2,0.2,1000,"bu","14:01:58",6888500
27.2,0.2,10000,"bu","14:01:55",6887500
27.2,0.2,5000,"bu","14:01:54",6877500
27.2,0.2,20000,"bu","14:01:51",6872500
27.2,0.2,1000,"bu","14:01:47",6852500
27.2,0.2,3500,"bu","14:01:43",6851500
27.2,0.2,500,"bu","14:01:42",6848000
27.15,0.15,1000,"sd","14:01:39",6847500
27.2,0.2,2000,"bu","14:01:29",6846500
27.15,0.15,100,"sd","14:01:27",6844500
27.15,0.15,100,"sd","14:01:17",6844400
27.2,0.2,20000,"bu","14:01:13",6844300
27.15,0.15,1200,"sd","14:01:07",6824300
27.15,0.15,500,"sd","14:00:49",6823100
27.15,0.15,100,"sd","14:00:33",6822600
27.15,0.15,300,"sd","14:00:28",6822500
27.15,0.15,100,"sd","14:00:26",6822200
27.15,0.15,100,"sd","14:00:25",6822100
27.15,0.15,100,"sd","14:00:19",6822000
27.15,0.15,100,"sd","14:00:11",6821900
27.2,0.2,300,"bu","13:59:50",6821800
27.15,0.15,2400,"sd","13:59:47",6821500
27.2,0.2,200,"bu","13:59:45",6819100
27.15,0.15,100,"sd","13:59:42",6818900
27.15,0.15,5000,"sd","13:59:41",6818800
27.2,0.2,100,"bu","13:59:16",6813800
27.2,0.2,11000,"bu","13:58:51",6813700
27.15,0.15,10000,"sd","13:58:42",6802700
27.2,0.2,400,"bu","13:58:42",6792700
27.2,0.2,500,"bu","13:57:50",6792300
27.2,0.2,1200,"bu","13:57:43",6791800
27.15,0.15,100,"sd","13:57:42",6790600
27.15,0.15,400,"sd","13:57:31",6790500
27.15,0.15,1000,"sd","13:57:30",6790100
27.15,0.15,2200,"sd","13:57:28",6789100
27.15,0.15,5000,"sd","13:57:23",6786900
27.15,0.15,1000,"sd","13:57:18",6781900
27.15,0.15,500,"sd","13:57:16",6778400
27.15,0.15,100,"sd","13:56:59",6777900
27.15,0.15,200,"sd","13:56:55",6777800
27.15,0.15,500,"sd","13:56:43",6777600
27.15,0.15,300,"sd","13:56:42",6777100
27.15,0.15,100,"sd","13:56:41",6776800
27.15,0.15,1100,"bu","13:56:30",6776700
27.15,0.15,200,"bu","13:56:27",6775600
27.15,0.15,1100,"bu","13:56:06",6775400
27.15,0.15,7800,"sd","13:56:03",6774300
27.15,0.15,7000,"sd","13:56:02",6766500
27.15,0.15,100,"sd","13:55:57",6759500
27.15,0.15,10000,"sd","13:55:49",6759400
27.15,0.15,100,"sd","13:55:43",6749400
27.15,0.15,400,"sd","13:55:40",6749300
27.15,0.15,300,"sd","13:55:30",6748900
27.15,0.15,100,"sd","13:55:28",6748600
27.15,0.15,100,"sd","13:55:14",6748500
27.15,0.15,14000,"sd","13:55:10",6748400
27.15,0.15,200,"sd","13:54:56",6734400
27.15,0.15,7700,"sd","13:54:42",6734200
27.15,0.15,500,"sd","13:54:28",6726500
27.2,0.2,100,"bu","13:54:26",6726000
27.15,0.15,100,"sd","13:54:26",6725900
27.15,0.15,2200,"sd","13:54:20",6725800
27.15,0.15,6400,"sd","13:54:07",6723600
27.15,0.15,2000,"sd","13:53:52",6717200
27.15,0.15,100,"sd","13:53:43",6715200
27.2,0.2,10000,"bu","13:53:39",6715100
27.2,0.2,100,"bu","13:53:34",6705100
27.15,0.15,500,"sd","13:53:33",6705000
27.2,0.2,1000,"bu","13:53:24",6704500
27.15,0.15,100,"sd","13:53:19",6703500
27.2,0.2,700,"sd","13:53:18",6703400
27.2,0.2,3000,"sd","13:53:15",6702700
27.2,0.2,1000,"sd","13:53:13",6699700
27.2,0.2,200,"sd","13:53:11",6698700
27.2,0.2,10500,"sd","13:53:10",6698500
27.2,0.2,2000,"sd","13:53:09",6688000
27.2,0.2,1400,"sd","13:53:05",6686000
27.2,0.2,1200,"bu","13:53:02",6684600
27.2,0.2,9900,"sd","13:52:58",6683400
27.2,0.2,1400,"sd","13:52:57",6673500
27.2,0.2,3800,"sd","13:52:55",6672100
27.2,0.2,2000,"sd","13:52:54",6668300
27.2,0.2,200,"sd","13:52:51",6666300
27.2,0.2,2000,"sd","13:52:51",6666100
27.2,0.2,7000,"sd","13:52:50",6664100
27.2,0.2,900,"sd","13:52:49",6657100
27.2,0.2,1000,"sd","13:52:47",6656200
27.2,0.2,800,"sd","13:52:46",6655200
27.2,0.2,100,"sd","13:52:35",6654400
27.2,0.2,20000,"sd","13:52:33",6654300
27.2,0.2,200,"sd","13:52:28",6634300
27.2,0.2,100,"sd","13:52:26",6634100
27.2,0.2,2000,"sd","13:52:24",6634000
27.2,0.2,3000,"sd","13:52:24",6632000
27.2,0.2,1000,"sd","13:52:22",6629000
27.2,0.2,400,"sd","13:52:19",6628000
27.2,0.2,500,"sd","13:52:15",6627600
27.2,0.2,100,"sd","13:52:03",6627100
27.2,0.2,1000,"sd","13:52:00",6627000
27.2,0.2,2000,"sd","13:51:59",6626000
27.2,0.2,100,"sd","13:51:56",6624000
27.2,0.2,100,"sd","13:51:54",6623900
27.2,0.2,100,"sd","13:51:52",6623800
27.2,0.2,1000,"sd","13:51:47",6623700
27.2,0.2,5000,"sd","13:51:43",6622700
27.2,0.2,3000,"sd","13:51:39",6617700
27.2,0.2,10000,"sd","13:51:37",6614700
27.2,0.2,1000,"sd","13:51:36",6604700
27.2,0.2,1000,"sd","13:51:29",6603700
27.2,0.2,1200,"sd","13:51:28",6602700
27.2,0.2,2000,"sd","13:51:15",6601500
27.2,0.2,200,"sd","13:51:13",6599500
27.25,0.25,1000,"bu","13:51:11",6599300
27.2,0.2,100,"sd","13:51:10",6598300
27.25,0.25,500,"bu","13:51:10",6598200
27.2,0.2,1000,"sd","13:51:08",6597700
27.25,0.25,100,"bu","13:51:01",6596700
27.2,0.2,1000,"sd","13:50:54",6596600
27.2,0.2,200,"sd","13:50:44",6595600
27.2,0.2,100,"sd","13:50:35",6595400
27.25,0.25,300,"bu","13:50:26",6595300
27.2,0.2,100,"sd","13:50:24",6595000
27.2,0.2,6200,"sd","13:50:23",6594900
27.2,0.2,200,"sd","13:50:21",6588700
27.25,0.25,300,"bu","13:50:19",6588500
27.25,0.25,500,"bu","13:50:13",6588200
27.2,0.2,100,"sd","13:50:12",6587700
27.2,0.2,100,"sd","13:50:10",6587600
27.2,0.2,4000,"sd","13:50:01",6587500
27.25,0.25,1000,"bu","13:49:57",6583500
27.2,0.2,100,"sd","13:49:53",6582500
27.2,0.2,2000,"sd","13:49:51",6582400
27.2,0.2,800,"bu","13:49:43",6580400
27.2,0.2,2000,"bu","13:49:41",6579600
27.2,0.2,2000,"sd","13:49:27",6577600
27.2,0.2,9400,"sd","13:49:16",6575600
27.25,0.25,3000,"sd","13:49:00",6566200
27.25,0.25,100,"sd","13:48:59",6563200
27.25,0.25,100,"sd","13:48:58",6563100
27.25,0.25,1000,"sd","13:48:54",6563000
27.25,0.25,600,"sd","13:48:54",6562000
27.25,0.25,400,"sd","13:48:51",6561400
27.25,0.25,300,"sd","13:48:43",6561000
27.3,0.3,37500,"sd","13:48:37",6560700
27.35,0.35,800,"sd","13:48:37",6523200
27.35,0.35,29900,"bu","13:48:36",6522400
27.3,0.3,300,"sd","13:48:35",6492500
27.3,0.3,500,"sd","13:48:34",6492200
27.3,0.3,21000,"sd","13:48:33",6491700
27.3,0.3,6000,"sd","13:48:32",6470700
27.3,0.3,2000,"sd","13:48:30",6464700
27.35,0.35,2000,"bu","13:48:30",6462700
27.3,0.3,10200,"sd","13:48:29",6460700
27.3,0.3,5000,"sd","13:48:28",6450500
27.35,0.35,100,"bu","13:48:28",6445500
27.3,0.3,20000,"sd","13:48:26",6445400
27.3,0.3,400,"sd","13:48:22",6425400
27.3,0.3,1800,"sd","13:48:17",6425000
27.35,0.35,500,"bu","13:48:08",6423200
27.35,0.35,500,"bu","13:48:07",6422700
27.3,0.3,3000,"sd","13:48:03",6422200
27.3,0.3,5000,"sd","13:48:02",6419200
27.35,0.35,600,"bu","13:48:01",6414200
27.3,0.3,1000,"sd","13:48:00",6413600
27.35,0.35,5000,"bu","13:47:59",6412600
27.3,0.3,500,"sd","13:47:58",6407600
27.35,0.35,11000,"bu","13:47:52",6407100
27.35,0.35,50000,"bu","13:47:49",6396100
27.3,0.3,2000,"sd","13:47:47",6346100
27.35,0.35,1000,"bu","13:47:39",6344100
27.3,0.3,5000,"sd","13:47:24",6343100
27.35,0.35,100,"bu","13:47:18",6338100
27.35,0.35,100,"bu","13:47:17",6338000
27.35,0.35,700,"bu","13:47:10",6337900
27.35,0.35,700,"bu","13:47:05",6337200
27.35,0.35,100,"bu","13:46:55",6336500
27.35,0.35,700,"bu","13:46:48",6336400
27.3,0.3,2000,"sd","13:46:41",6335700
27.35,0.35,5000,"bu","13:46:38",6333700
27.3,0.3,100,"sd","13:46:31",6328700
27.3,0.3,100,"sd","13:46:18",6328600
27.3,0.3,1000,"sd","13:46:17",6328500
27.3,0.3,1000,"sd","13:46:14",6326500
27.3,0.3,300,"sd","13:46:10",6325500
27.3,0.3,100,"sd","13:46:07",6325200
27.3,0.3,13800,"bu","13:45:59",6325100
27.3,0.3,200,"sd","13:45:57",6311300
27.3,0.3,2700,"bu","13:45:56",6311100
27.3,0.3,1000,"bu","13:45:52",6308400
27.3,0.3,900,"bu","13:45:47",6307400
27.3,0.3,2000,"bu","13:45:45",6306500
27.3,0.3,3700,"sd","13:45:45",6304500
27.3,0.3,200,"sd","13:45:40",6300800
27.3,0.3,100,"sd","13:45:38",6300600
27.35,0.35,1000,"sd","13:45:35",6300500
27.4,0.4,5000,"bu","13:45:32",6299500
27.3,0.3,500,"sd","13:45:28",6294500
27.4,0.4,29200,"bu","13:45:25",6294000
27.35,0.35,800,"bu","13:45:25",6264800
27.35,0.35,200,"sd","13:45:21",6264000
27.35,0.35,100,"bu","13:45:20",6263800
27.4,0.4,13900,"bu","13:45:13",6263700
27.35,0.35,1100,"bu","13:45:13",6249800
27.25,0.25,100,"sd","13:45:07",6248700
27.25,0.25,600,"sd","13:45:06",6248600
27.3,0.3,400,"sd","13:45:06",6248000
27.4,0.4,25700,"bu","13:45:04",6247600
27.35,0.35,47300,"bu","13:45:04",6221900
27.3,0.3,70000,"bu","13:45:04",6174600
27.25,0.25,100,"bu","13:45:00",6104600
27.25,0.25,6700,"bu","13:44:59",6104500
27.25,0.25,5000,"bu","13:44:55",6097800
27.25,0.25,10000,"bu","13:44:53",6092800
27.25,0.25,1900,"bu","13:44:47",6082800
27.25,0.25,1600,"bu","13:44:43",6080900
27.2,0.2,4000,"sd","13:44:40",6079300
27.25,0.25,300,"bu","13:44:39",6075300
27.2,0.2,44200,"bu","13:44:25",6075000
27.2,0.2,1000,"bu","13:44:22",6030800
27.2,0.2,1200,"bu","13:44:19",6029800
27.2,0.2,2000,"bu","13:44:11",6028600
27.2,0.2,500,"bu","13:44:10",6026600
27.2,0.2,500,"bu","13:44:03",6026100
27.2,0.2,1000,"bu","13:44:02",6025600
27.15,0.15,1000,"sd","13:43:55",6024600
27.15,0.15,400,"sd","13:43:49",6023600
27.15,0.15,300,"sd","13:43:45",6023200
27.2,0.2,200,"bu","13:43:42",6022900
27.15,0.15,100,"sd","13:43:38",6022700
27.15,0.15,1000,"sd","13:43:19",6022600
27.2,0.2,10000,"bu","13:43:19",6021600
27.15,0.15,100,"sd","13:43:14",6011600
27.15,0.15,800,"bu","13:43:10",6011500
27.15,0.15,40000,"bu","13:43:06",6010700
27.15,0.15,100,"bu","13:43:05",5970700
27.15,0.15,1000,"bu","13:43:03",5970600
27.15,0.15,2000,"bu","13:43:02",5969600
27.15,0.15,400,"bu","13:43:02",5967600
27.15,0.15,600,"bu","13:42:56",5967200
27.15,0.15,1400,"bu","13:42:55",5966600
27.15,0.15,10000,"bu","13:42:44",5965200
27.1,0.1,16200,"bu","13:42:44",5955200
27.1,0.1,2000,"bu","13:42:43",5939000
27.1,0.1,13000,"bu","13:42:42",5937000
27.1,0.1,100,"bu","13:42:41",5924000
27.1,0.1,3000,"bu","13:42:39",5923900
27.1,0.1,7000,"bu","13:42:39",5920900
27.1,0.1,500,"bu","13:42:37",5913900
27.1,0.1,2000,"bu","13:42:32",5913400
27.1,0.1,5000,"bu","13:42:12",5911400
27.05,0.05,3800,"bu","13:42:08",5906400
27.05,0.05,1000,"bu","13:42:07",5902600
27.05,0.05,3000,"bu","13:42:05",5901600
27.05,0.05,200,"bu","13:42:04",5898600
27.05,0.05,100,"bu","13:42:01",5898400
27.05,0.05,6800,"bu","13:42:00",5898300
27,0,700,"sd","13:41:58",5891500
27.05,0.05,100,"bu","13:41:56",5890800
27.05,0.05,2000,"bu","13:41:46",5890700
27.05,0.05,10000,"bu","13:41:43",5888700
27.05,0.05,20000,"bu","13:41:38",5878700
27.05,0.05,5000,"bu","13:41:33",5858700
27.05,0.05,400,"bu","13:41:31",5853700
27,0,200,"sd","13:41:08",5853300
27,0,10000,"sd","13:40:56",5853100
27.05,0.05,2000,"bu","13:40:44",5843100
27.05,0.05,200,"bu","13:40:43",5841100
27.05,0.05,10000,"bu","13:40:31",5840900
27,0,600,"sd","13:40:11",5830900
27,0,3000,"sd","13:39:39",5830300
27.05,0.05,200,"bu","13:39:22",5827300
27.05,0.05,30000,"bu","13:39:04",5827100
27,0,100,"sd","13:38:58",5797100
27,0,2000,"sd","13:38:54",5797000
27,0,500,"sd","13:38:53",5795000
27,0,200,"sd","13:38:52",5794500
27,0,100,"sd","13:38:50",5794300
27,0,7800,"bu","13:38:49",5794200
27,0,2200,"sd","13:38:46",5786400
27,0,100,"sd","13:38:40",5784200
27,0,4700,"bu","13:38:39",5784100
27,0,100,"bu","13:38:31",5779400
27,0,1300,"sd","13:38:29",5779300
27,0,1900,"sd","13:38:25",5778000
27,0,20000,"sd","13:38:23",5776100
27,0,1000,"sd","13:38:22",5756100
27,0,900,"sd","13:38:13",5755100
27,0,800,"bu","13:38:06",5754200
27,0,100,"bu","13:38:01",5753400
27,0,1100,"sd","13:38:01",5753300
27,0,3000,"sd","13:37:49",5752200
27,0,20000,"sd","13:37:48",5749200
27,0,2000,"sd","13:37:46",5729200
27,0,500,"sd","13:37:36",5727200
27,0,500,"sd","13:37:30",5726700
27,0,500,"sd","13:37:22",5726200
27.05,0.05,16200,"bu","13:37:03",5725700
27,0,3700,"sd","13:37:01",5709500
27,0,500,"sd","13:37:00",5705800
27,0,100,"sd","13:36:40",5705300
27,0,4000,"bu","13:36:31",5705200
27,0,800,"bu","13:36:27",5701200
27,0,2000,"bu","13:36:26",5700400
27,0,9900,"sd","13:36:19",5698400
27,0,100,"bu","13:36:18",5688500
27,0,1900,"sd","13:36:17",5688400
27,0,200,"sd","13:36:13",5686500
27,0,1800,"bu","13:36:04",5686300
27,0,500,"bu","13:36:01",5684500
27,0,500,"bu","13:36:00",5684000
27,0,700,"bu","13:35:58",5683500
26.95,-0.05,100,"sd","13:35:57",5682800
27,0,5000,"bu","13:35:51",5682700
27,0,100,"bu","13:35:50",5677700
27,0,100,"bu","13:35:48",5677600
27,0,2500,"bu","13:35:46",5677500
27,0,2600,"bu","13:35:46",5675000
27,0,400,"bu","13:35:44",5672400
27,0,500,"bu","13:35:42",5672000
27,0,1000,"bu","13:35:41",5671500
27,0,900,"bu","13:35:38",5670500
27,0,200,"bu","13:35:34",5669600
27,0,200,"bu","13:35:33",5669400
27,0,200,"bu","13:35:30",5669200
27,0,200,"bu","13:35:28",5669000
27,0,100,"bu","13:35:25",5668800
27,0,200,"bu","13:35:20",5668700
27,0,200,"bu","13:35:19",5668500
27,0,1000,"bu","13:35:17",5668300
27,0,5000,"bu","13:35:16",5667300
27,0,800,"bu","13:35:12",5662300
27,0,100,"bu","13:35:11",5661500
27,0,300,"bu","13:35:10",5661400
27,0,200,"bu","13:35:08",5661100
27,0,2000,"bu","13:35:06",5660900
27,0,100,"bu","13:35:03",5658900
27,0,1700,"bu","13:35:02",5658800
27,0,100,"bu","13:34:58",5657100
27,0,2000,"bu","13:34:52",5657000
27,0,100,"bu","13:34:51",5655000
27,0,2000,"bu","13:34:50",5654900
27,0,3400,"sd","13:34:49",5652900
27,0,200,"sd","13:34:48",5649500
27,0,3000,"bu","13:34:44",5649300
27,0,10000,"bu","13:34:43",5646300
27,0,200,"bu","13:34:42",5636300
27,0,500,"bu","13:34:39",5636100
26.95,-0.05,500,"sd","13:34:37",5635600
27,0,100,"bu","13:34:37",5635100
27,0,500,"bu","13:34:36",5635000
27,0,300,"bu","13:34:35",5634500
27,0,10000,"bu","13:34:32",5634200
27,0,400,"bu","13:34:31",5624200
27,0,200,"bu","13:34:30",5623800
27,0,100,"bu","13:34:28",5623600
27,0,1000,"bu","13:34:28",5623500
27,0,200,"bu","13:34:22",5622500
27,0,100,"bu","13:34:13",5622300
27,0,500,"bu","13:34:11",5622200
27,0,300,"bu","13:34:11",5621700
27,0,100,"bu","13:34:10",5621400
27,0,300,"bu","13:34:02",5621300
27,0,1000,"bu","13:33:59",5621000
27,0,800,"bu","13:33:55",5620000
27,0,400,"bu","13:33:54",5619200
27,0,100,"bu","13:33:47",5618800
27,0,100,"bu","13:33:35",5618700
27,0,200,"bu","13:33:28",5618600
27,0,1400,"bu","13:33:26",5618400
27,0,500,"bu","13:33:22",5617000
27,0,200,"bu","13:33:17",5616500
27,0,4800,"sd","13:33:16",5616300
27,0,600,"sd","13:33:13",5611500
27,0,3000,"sd","13:33:09",5610900
27,0,700,"sd","13:33:08",5607900
27,0,2000,"sd","13:33:06",5607200
27,0,40000,"sd","13:33:00",5605200
27.05,0.05,1000,"bu","13:32:55",5565200
27,0,83900,"sd","13:32:53",5564200
27.05,0.05,3900,"bu","13:32:52",5480300
27.05,0.05,1000,"bu","13:32:36",5476400
27.05,0.05,2000,"bu","13:32:31",5475400
27.05,0.05,5000,"bu","13:32:22",5473400
27,0,30000,"sd","13:31:57",5468400
27.05,0.05,200,"bu","13:31:53",5438400
27.05,0.05,100,"bu","13:31:44",5438200
27,0,20000,"sd","13:31:40",5438100
27.05,0.05,100,"bu","13:31:26",5418100
27.05,0.05,1200,"bu","13:31:25",5418000
27.05,0.05,2000,"bu","13:31:17",5416800
27.05,0.05,12600,"sd","13:31:16",5414800
27.1,0.1,2600,"bu","13:31:15",5402200
27.1,0.1,1000,"bu","13:31:08",5399600
27.05,0.05,13000,"sd","13:31:06",5398600
27.1,0.1,600,"bu","13:30:57",5385600
27.05,0.05,12000,"sd","13:30:55",5385000
27.1,0.1,2000,"bu","13:30:53",5373000
27.1,0.1,2000,"bu","13:30:46",5371000
27.1,0.1,300,"bu","13:30:43",5369000
27.1,0.1,9000,"bu","13:30:33",5368700
27.05,0.05,15000,"sd","13:30:32",5359700
27.1,0.1,1400,"bu","13:30:29",5344700
27.1,0.1,100,"bu","13:30:28",5343300
27.1,0.1,200,"bu","13:30:27",5343200
27.05,0.05,19000,"sd","13:30:23",5343000
27.1,0.1,100,"bu","13:30:10",5324000
27.1,0.1,1000,"bu","13:30:04",5323900
27.1,0.1,800,"bu","13:30:03",5322900
27.1,0.1,300,"bu","13:30:00",5322100
27.1,0.1,800,"bu","13:29:57",5321800
27.1,0.1,800,"bu","13:29:56",5321000
27.1,0.1,100,"bu","13:29:54",5320200
27.1,0.1,500,"bu","13:29:30",5320100
27.1,0.1,800,"sd","13:29:26",5319600
27.1,0.1,100,"bu","13:29:25",5318800
27.15,0.15,15200,"bu","13:29:22",5318700
27.1,0.1,4800,"bu","13:29:22",5303500
27.1,0.1,500,"bu","13:29:22",5298700
27.1,0.1,6000,"bu","13:29:20",5298200
27.1,0.1,500,"bu","13:29:15",5292200
27.1,0.1,10000,"bu","13:29:14",5291700
27.1,0.1,100,"bu","13:29:11",5281700
27.1,0.1,1000,"bu","13:29:01",5281600
27.1,0.1,1000,"bu","13:28:50",5280600
27.05,0.05,2300,"bu","13:28:29",5279600
27.05,0.05,300,"bu","13:28:26",5277300
27.05,0.05,1000,"bu","13:28:22",5277000
27.05,0.05,1000,"bu","13:28:16",5276000
27,0,500,"sd","13:28:09",5275000
27,0,3100,"sd","13:28:01",5274500
27,0,1200,"sd","13:28:00",5271400
27,0,2000,"sd","13:27:54",5270200
27,0,1500,"sd","13:27:47",5268200
27,0,600,"sd","13:27:36",5266700
27,0,17000,"sd","13:27:34",5266100
27.05,0.05,100,"bu","13:27:31",5249100
27,0,700,"sd","13:27:31",5249000
27,0,1300,"sd","13:27:29",5248300
27,0,14700,"sd","13:27:29",5247000
27,0,900,"sd","13:27:24",5232300
27,0,1000,"sd","13:27:22",5231400
27,0,15000,"sd","13:27:16",5230400
27,0,14000,"sd","13:27:10",5215400
27,0,13000,"sd","13:27:03",5201400
27,0,2000,"sd","13:26:59",5188400
27.05,0.05,1000,"bu","13:26:58",5186400
27,0,10000,"sd","13:26:53",5185400
27.05,0.05,1200,"bu","13:26:49",5175400
27,0,10000,"sd","13:26:48",5174200
27.05,0.05,500,"bu","13:26:47",5164200
27.05,0.05,3000,"bu","13:26:43",5163700
27.05,0.05,500,"bu","13:26:37",5160700
27.05,0.05,1000,"bu","13:26:33",5160200
27.05,0.05,200,"bu","13:26:31",5159200
27,0,100,"sd","13:26:30",5159000
27.05,0.05,500,"bu","13:26:29",5158900
27.05,0.05,100,"bu","13:26:06",5158400
27.05,0.05,1000,"bu","13:26:05",5158300
27.05,0.05,100,"bu","13:26:00",5157300
27,0,500,"sd","13:25:49",5157200
27,0,600,"sd","13:25:47",5156700
27,0,500,"sd","13:25:45",5156100
27,0,4000,"sd","13:25:43",5155600
27,0,500,"sd","13:25:40",5151600
27,0,1900,"sd","13:25:38",5151100
27,0,6000,"sd","13:25:35",5149200
27,0,400,"sd","13:25:32",5143200
27,0,200,"sd","13:25:28",5142800
27,0,1000,"sd","13:25:21",5142600
27,0,100,"sd","13:25:02",5141600
27,0,100,"sd","13:24:52",5141500
27,0,2000,"sd","13:24:51",5141400
27.05,0.05,2000,"bu","13:24:49",5139400
27,0,400,"sd","13:24:49",5137400
27,0,200,"sd","13:24:48",5137000
27,0,10000,"sd","13:24:48",5136800
27,0,200,"sd","13:24:43",5126800
27,0,1500,"sd","13:24:16",5126600
27,0,1000,"sd","13:24:05",5125100
27.05,0.05,1000,"bu","13:23:41",5124100
27.05,0.05,300,"bu","13:23:39",5123100
27.05,0.05,200,"bu","13:23:07",5122800
27,0,20000,"sd","13:22:43",5122600
27.05,0.05,1000,"sd","13:22:42",5102600
27.05,0.05,11900,"sd","13:22:42",5101600
27.05,0.05,500,"sd","13:22:34",5089700
27.05,0.05,13000,"sd","13:22:31",5089200
27.1,0.1,1000,"bu","13:22:23",5076200
27.05,0.05,17000,"sd","13:22:21",5075200
27.1,0.1,1000,"bu","13:22:17",5058200
27.05,0.05,14000,"sd","13:22:13",5057200
27.1,0.1,700,"bu","13:22:12",5043200
27.1,0.1,9700,"sd","13:22:04",5042500
27.1,0.1,10300,"bu","13:22:01",5032800
27.05,0.05,12000,"sd","13:21:59",5022500
27.1,0.1,3000,"bu","13:21:45",5010500
27.1,0.1,18000,"bu","13:21:44",5007500
27.1,0.1,9600,"bu","13:21:43",4989500
27.1,0.1,2000,"bu","13:21:42",4979900
27.1,0.1,11000,"bu","13:21:36",4977900
27.1,0.1,5000,"bu","13:21:36",4966900
27.05,0.05,4000,"sd","13:21:36",4961900
27.1,0.1,600,"bu","13:21:32",4957900
27.1,0.1,500,"bu","13:21:27",4957300
27.05,0.05,1000,"sd","13:21:25",4956800
27.1,0.1,200,"bu","13:21:23",4955800
27.1,0.1,14000,"bu","13:21:20",4955600
27.1,0.1,1000,"bu","13:21:18",4941600
27.1,0.1,100,"bu","13:21:17",4940600
27.1,0.1,100,"bu","13:21:16",4940500
27.1,0.1,800,"bu","13:21:13",4940400
27.1,0.1,100,"bu","13:21:08",4939600
27.1,0.1,1000,"bu","13:21:04",4939500
27.1,0.1,8000,"bu","13:21:03",4938500
27.1,0.1,200,"bu","13:21:01",4930500
27.1,0.1,10000,"bu","13:20:54",4930300
27.1,0.1,700,"bu","13:20:51",4920300
27.1,0.1,11000,"bu","13:20:50",4919600
27.05,0.05,10000,"sd","13:20:50",4908600
27.1,0.1,500,"bu","13:20:47",4898600
27.1,0.1,1400,"bu","13:20:44",4898100
27.1,0.1,200,"bu","13:20:43",4896700
27.1,0.1,9800,"bu","13:20:42",4896500
27.1,0.1,7000,"bu","13:20:37",4886700
27.1,0.1,400,"bu","13:20:34",4879700
27.1,0.1,100,"bu","13:20:32",4879300
27.1,0.1,5000,"bu","13:20:09",4879200
27.05,0.05,1300,"sd","13:19:08",4874200
27.1,0.1,700,"bu","13:19:06",4872900
27.1,0.1,500,"bu","13:19:00",4872200
27.1,0.1,2200,"bu","13:18:56",4871700
27.1,0.1,100,"bu","13:18:55",4869500
27.1,0.1,100,"bu","13:18:48",4869400
27.1,0.1,100,"bu","13:18:39",4869300
27.1,0.1,200,"bu","13:18:32",4869200
27.1,0.1,20000,"bu","13:18:30",4869000
27.1,0.1,200,"bu","13:18:29",4849000
27.1,0.1,100,"bu","13:18:05",4848800
27.1,0.1,1000,"bu","13:18:01",4848700
27.1,0.1,5000,"bu","13:17:59",4847700
27.1,0.1,1000,"bu","13:17:58",4842700
27.1,0.1,300,"bu","13:17:54",4841700
27.1,0.1,100,"bu","13:17:53",4841400
27.1,0.1,1000,"bu","13:17:52",4841300
27.1,0.1,400,"bu","13:17:50",4840300
27.1,0.1,800,"bu","13:17:50",4839900
27.1,0.1,100,"bu","13:17:38",4839100
27.1,0.1,100,"bu","13:17:36",4839000
27.1,0.1,500,"bu","13:17:33",4838900
27.1,0.1,200,"bu","13:17:30",4838400
27.1,0.1,10000,"bu","13:17:29",4838200
27.1,0.1,1000,"bu","13:17:27",4828200
27.1,0.1,4000,"bu","13:17:25",4827200
27.1,0.1,100,"bu","13:17:22",4823200
27.1,0.1,500,"bu","13:17:20",4823100
27.1,0.1,2400,"bu","13:17:16",4822600
27.1,0.1,2400,"bu","13:17:11",4820200
27.1,0.1,3500,"bu","13:17:09",4817800
27.1,0.1,300,"bu","13:17:02",4814300
27.1,0.1,500,"bu","13:17:01",4814000
27.05,0.05,200,"sd","13:16:46",4813500
27.05,0.05,1000,"sd","13:16:35",4813300
27.05,0.05,400,"sd","13:16:24",4812300
27.05,0.05,600,"sd","13:16:20",4811900
27.05,0.05,500,"sd","13:16:15",4811300
27.05,0.05,100,"sd","13:16:07",4810800
27.05,0.05,3000,"sd","13:15:57",4810700
27.1,0.1,5800,"bu","13:15:55",4807700
27.05,0.05,4000,"sd","13:15:51",4801900
27.1,0.1,1000,"bu","13:15:50",4797900
27.1,0.1,200,"bu","13:15:40",4796900
27.05,0.05,1000,"sd","13:15:38",4796700
27.05,0.05,3000,"sd","13:14:56",4795700
27.05,0.05,100,"sd","13:14:51",4792700
27.05,0.05,100,"sd","13:14:26",4792600
27.05,0.05,1000,"sd","13:14:04",4792500
27.05,0.05,100,"sd","13:13:38",4791500
27.05,0.05,800,"sd","13:13:36",4791400
27.05,0.05,500,"sd","13:13:34",4790600
27.05,0.05,2000,"sd","13:13:23",4790100
27.1,0.1,600,"bu","13:13:15",4788100
27.05,0.05,100,"sd","13:13:08",4787500
27.1,0.1,1000,"bu","13:13:05",4787400
27.05,0.05,400,"sd","13:13:00",4786400
27.05,0.05,4600,"bu","13:12:46",4786000
27.05,0.05,10000,"bu","13:12:42",4781400
27,0,3000,"sd","13:12:33",4771400
27.05,0.05,5000,"bu","13:12:28",4768400
27,0,1700,"sd","13:12:22",4763400
27.05,0.05,2000,"bu","13:12:20",4761700
27.05,0.05,5000,"bu","13:12:18",4759700
27.05,0.05,1000,"bu","13:12:09",4754700
27.05,0.05,3000,"bu","13:12:02",4753700
27.05,0.05,500,"bu","13:11:57",4750700
27.05,0.05,600,"bu","13:11:55",4750200
27.05,0.05,100,"bu","13:11:52",4749600
27.05,0.05,300,"bu","13:11:38",4749500
27.05,0.05,1000,"bu","13:11:17",4749200
27,0,2000,"sd","13:11:08",4748200
27,0,700,"sd","13:11:02",4746200
27,0,800,"sd","13:10:58",4745500
27.05,0.05,200,"bu","13:10:46",4744700
27.05,0.05,600,"bu","13:10:44",4744500
27.05,0.05,100,"bu","13:10:40",4743900
27.05,0.05,200,"bu","13:10:21",4743800
27,0,1000,"sd","13:10:10",4743600
27.05,0.05,200,"bu","13:09:58",4742600
27.05,0.05,100,"bu","13:09:43",4742400
27.05,0.05,200,"bu","13:09:18",4742300
27,0,10000,"sd","13:09:12",4742100
27.05,0.05,200,"bu","13:09:08",4732100
27.05,0.05,6600,"sd","13:08:51",4731900
27.05,0.05,100,"sd","13:08:49",4725300
27.05,0.05,200,"sd","13:08:48",4725200
27.05,0.05,500,"sd","13:08:46",4725000
27.05,0.05,7900,"sd","13:08:41",4724500
27.05,0.05,2000,"sd","13:08:40",4716600
27.05,0.05,7100,"sd","13:08:33",4714600
27.05,0.05,1000,"sd","13:08:22",4707500
27.1,0.1,2000,"bu","13:08:11",4706500
27.05,0.05,700,"sd","13:08:05",4704500
27.05,0.05,5500,"bu","13:07:40",4703800
27.05,0.05,10000,"bu","13:07:32",4698300
27.05,0.05,1000,"bu","13:07:30",4688300
27.05,0.05,10000,"bu","13:07:27",4687300
27.05,0.05,1000,"bu","13:07:24",4677300
27.05,0.05,10000,"bu","13:07:22",4676300
27.05,0.05,200,"bu","13:07:22",4666300
27.05,0.05,200,"bu","13:07:14",4666100
27.05,0.05,1000,"bu","13:07:08",4665900
27.05,0.05,1000,"bu","13:07:07",4664900
27.05,0.05,300,"bu","13:07:02",4663900
27,0,500,"sd","13:07:02",4663600
27.05,0.05,100,"bu","13:07:01",4663100
27,0,1000,"sd","13:06:57",4663000
27.05,0.05,10000,"bu","13:06:46",4662000
27,0,200,"sd","13:06:43",4652000
27.05,0.05,1000,"bu","13:06:40",4651800
27,0,3000,"sd","13:06:38",4650800
27,0,100,"sd","13:06:26",4647800
27.05,0.05,200,"bu","13:06:26",4647700
27,0,500,"sd","13:06:22",4647500
27,0,1800,"sd","13:06:20",4647000
27,0,5000,"sd","13:06:19",4645200
27.05,0.05,100,"bu","13:06:16",4640200
27.05,0.05,300,"bu","13:05:44",4640100
27.05,0.05,3200,"sd","13:05:37",4639800
27.05,0.05,2100,"sd","13:05:29",4636600
27.05,0.05,300,"bu","13:05:27",4634500
27.05,0.05,100,"bu","13:05:23",4634200
27.05,0.05,200,"bu","13:05:20",4634100
27.05,0.05,400,"sd","13:05:14",4633900
27.05,0.05,100,"sd","13:05:12",4633500
27.1,0.1,3000,"bu","13:05:11",4633400
27.05,0.05,10000,"sd","13:05:06",4630400
27.05,0.05,5000,"sd","13:04:58",4620400
27.1,0.1,100,"bu","13:04:49",4615400
27.05,0.05,79800,"sd","13:04:49",4615300
27.05,0.05,1300,"sd","13:04:44",4535500
27.1,0.1,500,"bu","13:04:30",4534200
27.1,0.1,500,"bu","13:04:25",4533700
27.1,0.1,700,"bu","13:03:50",4533200
27.1,0.1,500,"bu","13:03:33",4532500
27.1,0.1,100,"bu","13:03:27",4532000
27.1,0.1,200,"bu","13:03:21",4531900
27.1,0.1,800,"bu","13:03:07",4531700
27.05,0.05,100,"sd","13:03:07",4530900
27.05,0.05,100,"sd","13:03:01",4530800
27.05,0.05,200,"sd","13:02:51",4530700
27.1,0.1,200,"bu","13:02:26",4530500
27.1,0.1,200,"bu","13:02:00",4530300
27.1,0.1,4200,"sd","13:01:57",4530100
27.1,0.1,100,"sd","13:01:54",4525900
27.1,0.1,400,"sd","13:01:46",4525800
27.1,0.1,500,"sd","13:01:17",4525400
27.1,0.1,100,"sd","13:01:12",4524900
27.1,0.1,13000,"sd","13:01:03",4524800
27.1,0.1,10700,"sd","13:00:57",4511800
27.1,0.1,9700,"sd","13:00:50",4501100
27.1,0.1,8800,"sd","13:00:46",4491400
27.1,0.1,8000,"sd","13:00:41",4482600
27.15,0.15,100,"bu","13:00:23",4474600
27.1,0.1,200,"sd","13:00:22",4474500
27.15,0.15,1200,"bu","13:00:21",4474300
27.1,0.1,200,"sd","13:00:16",4473100
27.15,0.15,400,"bu","13:00:15",4472900
27.15,0.15,100,"bu","13:00:03",4472500
27.15,0.15,100,"bu","13:00:02",4472400
27.15,0.15,2000,"bu","13:00:01",4472300
27.1,0.1,1300,"sd","13:00:01",4470300
27.15,0.15,500,"sd","13:00:01",4469000
27.2,0.2,100,"bu","13:00:00",4468500
27.15,0.15,200,"sd","13:00:00",4468400
27.15,0.15,1700,"sd","13:00:00",4468200
27.2,0.2,200,"bu","13:00:00",4466500
27.15,0.15,16300,"sd","11:29:57",4466300
27.15,0.15,15400,"sd","11:29:52",4450000
27.15,0.15,3000,"sd","11:29:48",4434600
27.15,0.15,11900,"bu","11:29:46",4431600
27.1,0.1,1000,"sd","11:29:44",4419700
27.15,0.15,20000,"bu","11:29:40",4418700
27.15,0.15,17000,"bu","11:29:33",4398700
27.15,0.15,15000,"bu","11:29:27",4381700
27.1,0.1,3000,"sd","11:29:22",4366700
27.15,0.15,12000,"bu","11:29:19",4363700
27.15,0.15,10000,"bu","11:29:12",4351700
27.15,0.15,10000,"bu","11:29:08",4341700
27.15,0.15,500,"bu","11:28:46",4331700
27.1,0.1,10000,"sd","11:28:41",4331200
27.1,0.1,800,"sd","11:28:26",4321200
27.15,0.15,100,"bu","11:27:32",4320400
27.1,0.1,5000,"sd","11:27:18",4320300
27.1,0.1,100,"sd","11:26:59",4315300
27.15,0.15,500,"bu","11:26:56",4315200
27.1,0.1,100,"sd","11:26:43",4314700
27.1,0.1,3000,"sd","11:26:40",4314600
27.15,0.15,1000,"bu","11:25:58",4311600
27.1,0.1,100,"sd","11:25:51",4310600
27.1,0.1,500,"sd","11:24:06",4310500
27.1,0.1,400,"bu","11:23:35",4310000
27.1,0.1,1900,"bu","11:23:05",4309600
27.1,0.1,47100,"bu","11:23:04",4307700
27.1,0.1,1000,"bu","11:22:47",4260600
27.1,0.1,10000,"sd","11:22:31",4259600
27.1,0.1,1200,"sd","11:22:23",4249600
27.1,0.1,200,"sd","11:22:18",4248400
27.1,0.1,500,"sd","11:22:14",4248200
27.1,0.1,500,"sd","11:22:02",4247700
27.1,0.1,500,"sd","11:21:45",4247200
27.1,0.1,7800,"sd","11:21:36",4246700
27.1,0.1,2000,"sd","11:21:28",4238900
27.1,0.1,400,"sd","11:21:15",4236900
27.1,0.1,5000,"sd","11:21:15",4236500
27.1,0.1,1000,"sd","11:21:02",4231500
27.1,0.1,1500,"sd","11:20:31",4230500
27.15,0.15,28600,"sd","11:20:15",4229000
27.15,0.15,10000,"sd","11:20:09",4200400
27.2,0.2,900,"sd","11:19:34",4190400
27.2,0.2,1100,"bu","11:19:14",4189500
27.2,0.2,2200,"bu","11:18:59",4188400
27.2,0.2,600,"bu","11:18:55",4186200
27.2,0.2,20600,"bu","11:18:49",4185600
27.2,0.2,3600,"bu","11:17:51",4165000
27.2,0.2,4700,"sd","11:17:10",4161400
27.2,0.2,1000,"sd","11:17:02",4156700
27.2,0.2,100,"sd","11:16:35",4155700
27.2,0.2,100,"sd","11:16:34",4155600
27.2,0.2,1100,"sd","11:16:33",4155500
27.2,0.2,1000,"sd","11:16:23",4154400
27.2,0.2,300,"sd","11:16:12",4153400
27.2,0.2,6300,"sd","11:16:04",4153100
27.2,0.2,300,"sd","11:15:57",4146800
27.2,0.2,1000,"sd","11:15:36",4146500
27.2,0.2,6000,"bu","11:15:35",4145500
27.2,0.2,14000,"bu","11:15:12",4139500
27.2,0.2,100,"bu","11:15:02",4125500
27.2,0.2,15900,"bu","11:15:02",4125400
27.15,0.15,500,"sd","11:14:58",4109500
27.15,0.15,18900,"bu","11:14:52",4109000
27.15,0.15,13000,"bu","11:14:48",4090100
27.15,0.15,12000,"bu","11:14:39",4077100
27.15,0.15,3200,"bu","11:14:26",4065100
27.1,0.1,10800,"bu","11:14:26",4061900
27.1,0.1,11000,"bu","11:14:17",4051100
27.1,0.1,12000,"sd","11:14:06",4040100
27.1,0.1,1800,"sd","11:14:05",4028100
27.1,0.1,200,"sd","11:13:54",4026300
27.1,0.1,2000,"sd","11:13:34",4026100
27.1,0.1,100,"sd","11:13:30",4024100
27.1,0.1,2000,"sd","11:13:15",4024000
27.1,0.1,16000,"sd","11:13:02",4022000
27.1,0.1,200,"sd","11:12:44",4006000
27.1,0.1,7900,"bu","11:12:36",4005800
27.1,0.1,1200,"bu","11:12:16",3997900
27.05,0.05,26000,"sd","11:11:49",3996700
27.05,0.05,10300,"sd","11:11:42",3970700
27.1,0.1,6700,"sd","11:11:42",3960400
27.1,0.1,200,"sd","11:11:38",3953700
27.1,0.1,400,"sd","11:11:36",3953500
27.1,0.1,15000,"sd","11:11:34",3953100
27.1,0.1,12000,"sd","11:11:27",3938100
27.1,0.1,10000,"sd","11:11:16",3926100
27.1,0.1,7000,"sd","11:11:08",3916100
27.1,0.1,5000,"sd","11:11:03",3909100
27.15,0.15,10000,"bu","11:10:58",3904100
27.15,0.15,2000,"bu","11:10:56",3894100
27.1,0.1,4200,"sd","11:10:53",3892100
27.1,0.1,800,"sd","11:10:52",3887900
27.15,0.15,3000,"bu","11:10:17",3887100
27.15,0.15,2000,"bu","11:09:19",3884100
27.1,0.1,300,"sd","11:09:16",3882100
27.1,0.1,100,"sd","11:08:06",3881800
27.1,0.1,500,"sd","11:07:54",3881700
27.1,0.1,100,"sd","11:07:22",3881200
27.1,0.1,4200,"sd","11:07:18",3881100
27.1,0.1,100,"sd","11:06:50",3876900
27.1,0.1,9900,"bu","11:06:40",3876800
27.1,0.1,12000,"bu","11:06:26",3866900
27.1,0.1,14000,"bu","11:06:16",3854900
27.1,0.1,2000,"bu","11:05:20",3840900
27.1,0.1,200,"bu","11:05:16",3838900
27.1,0.1,700,"bu","11:04:14",3838700
27.1,0.1,200,"bu","11:04:09",3838000
27.1,0.1,200,"bu","11:03:43",3837800
27.1,0.1,3500,"bu","11:03:19",3837600
27.1,0.1,1000,"bu","11:03:18",3834100
27.1,0.1,1000,"bu","11:02:43",3833100
27.1,0.1,500,"bu","11:02:13",3832100
27.1,0.1,200,"bu","11:01:50",3831600
27.1,0.1,100,"bu","11:01:40",3831400
27.1,0.1,1000,"bu","11:01:36",3831300
27.05,0.05,1000,"sd","11:01:15",3830300
27.1,0.1,1000,"bu","11:00:55",3829300
27.1,0.1,1000,"bu","11:00:45",3828300
27.1,0.1,800,"bu","11:00:44",3827300
27.1,0.1,300,"bu","11:00:29",3826500
27.1,0.1,1000,"bu","11:00:27",3826200
27.1,0.1,200,"bu","11:00:10",3825200
27.1,0.1,100,"bu","11:00:02",3825000
27.1,0.1,2000,"bu","10:59:59",3824900
27.1,0.1,1000,"bu","10:59:56",3822900
27.1,0.1,100,"bu","10:59:49",3821900
27.1,0.1,1700,"bu","10:59:31",3821800
27.1,0.1,500,"bu","10:59:00",3820100
27.1,0.1,500,"bu","10:58:59",3819600
27.1,0.1,500,"bu","10:57:46",3819100
27.1,0.1,3000,"bu","10:57:44",3818600
27.1,0.1,200,"bu","10:57:40",3815600
27.1,0.1,100,"bu","10:57:29",3815400
27.1,0.1,300,"bu","10:57:15",3815300
27.1,0.1,300,"bu","10:57:12",3815000
27.1,0.1,20500,"sd","10:57:10",3814700
27.1,0.1,10000,"sd","10:57:00",3794200
27.15,0.15,300,"bu","10:56:58",3784200
27.1,0.1,1000,"sd","10:56:51",3783900
27.15,0.15,2000,"bu","10:56:23",3782900
27.15,0.15,100,"bu","10:56:16",3780900
27.15,0.15,800,"bu","10:56:01",3780800
27.15,0.15,500,"bu","10:55:59",3780000
27.15,0.15,1000,"bu","10:55:56",3779500
27.15,0.15,2000,"bu","10:55:47",3778500
27.15,0.15,1200,"sd","10:55:25",3776500
27.15,0.15,300,"sd","10:55:17",3775300
27.15,0.15,200,"sd","10:55:06",3775000
27.15,0.15,600,"sd","10:54:57",3774800
27.15,0.15,1400,"sd","10:54:50",3774200
27.15,0.15,8000,"sd","10:54:38",3772800
27.2,0.2,100,"bu","10:54:13",3764800
27.2,0.2,300,"bu","10:54:08",3764700
27.2,0.2,1000,"bu","10:53:17",3764400
27.2,0.2,500,"bu","10:53:14",3763400
27.15,0.15,2100,"sd","10:53:09",3762900
27.2,0.2,300,"bu","10:53:09",3760800
27.2,0.2,30000,"bu","10:53:01",3760500
27.2,0.2,1000,"bu","10:52:43",3730500
27.15,0.15,1000,"sd","10:52:10",3729500
27.15,0.15,1600,"sd","10:52:06",3728500
27.2,0.2,2000,"bu","10:52:05",3726900
27.15,0.15,400,"sd","10:51:35",3724900
27.15,0.15,2100,"bu","10:50:53",3724500
27.15,0.15,5000,"bu","10:50:51",3722400
27.1,0.1,500,"bu","10:50:31",3717400
27.1,0.1,200,"bu","10:50:30",3716900
27.1,0.1,2000,"bu","10:50:29",3716700
27.1,0.1,300,"bu","10:50:29",3714700
27.1,0.1,1000,"bu","10:50:27",3714400
27.1,0.1,1000,"bu","10:50:26",3713400
27.1,0.1,200,"bu","10:50:26",3712400
27.1,0.1,1200,"bu","10:50:25",3712200
27.1,0.1,5000,"bu","10:50:23",3711000
27.1,0.1,7000,"bu","10:50:18",3706000
27.1,0.1,200,"bu","10:50:17",3699000
27.1,0.1,1000,"bu","10:50:15",3698800
27.1,0.1,1000,"bu","10:50:09",3697800
27.1,0.1,100,"bu","10:50:05",3696800
27.1,0.1,7300,"sd","10:49:54",3696700
27.15,0.15,2000,"bu","10:49:44",3689400
27.15,0.15,2000,"bu","10:49:39",3687400
27.1,0.1,15400,"sd","10:49:24",3685400
27.15,0.15,3000,"bu","10:49:20",3670000
27.15,0.15,500,"bu","10:49:13",3667000
27.1,0.1,1200,"sd","10:49:06",3666500
27.1,0.1,1000,"sd","10:48:55",3665300
27.1,0.1,200,"sd","10:48:54",3664300
27.15,0.15,12000,"bu","10:48:53",3664100
27.15,0.15,500,"bu","10:48:38",3652100
27.1,0.1,10300,"bu","10:48:38",3651600
27.1,0.1,1000,"bu","10:48:37",3641300
27.1,0.1,100,"bu","10:48:36",3640300
27.1,0.1,15000,"bu","10:48:35",3640200
27.1,0.1,100,"bu","10:48:33",3625200
27.1,0.1,2000,"bu","10:48:31",3625100
27.1,0.1,2600,"bu","10:48:30",3623100
27.1,0.1,100,"bu","10:48:29",3620500
27.1,0.1,200,"bu","10:48:28",3620400
27.1,0.1,100,"bu","10:48:28",3620200
27.05,0.05,1000,"sd","10:48:27",3620100
27.1,0.1,6300,"bu","10:48:26",3619100
27.1,0.1,300,"bu","10:48:24",3612800
27.1,0.1,15000,"bu","10:48:22",3612500
27.1,0.1,2000,"bu","10:48:21",3597500
27.1,0.1,11000,"bu","10:48:19",3595500
27.1,0.1,1000,"bu","10:48:12",3584500
27.1,0.1,100,"bu","10:48:10",3583500
27.1,0.1,4800,"bu","10:48:09",3583400
27.1,0.1,100,"bu","10:48:07",3578600
27.1,0.1,1000,"bu","10:47:52",3578500
27.1,0.1,100,"bu","10:47:47",3577500
27.1,0.1,1000,"bu","10:47:41",3577400
27.1,0.1,100,"bu","10:47:40",3576400
27.1,0.1,100,"bu","10:47:32",3576300
27.05,0.05,4000,"sd","10:47:23",3576200
27.1,0.1,100,"bu","10:46:58",3572200
27.05,0.05,2000,"sd","10:46:56",3572100
27.1,0.1,100,"bu","10:46:53",3570100
27.1,0.1,1000,"bu","10:46:13",3570000
27.05,0.05,1000,"sd","10:46:13",3569000
27.05,0.05,100,"sd","10:45:57",3568000
27.05,0.05,100,"sd","10:45:28",3567900
27.1,0.1,7000,"bu","10:45:21",3567800
27.05,0.05,200,"sd","10:44:36",3560800
27.05,0.05,500,"sd","10:44:20",3560600
27.1,0.1,1500,"bu","10:44:13",3560100
27.1,0.1,1000,"bu","10:44:11",3558600
27.1,0.1,1000,"bu","10:44:06",3557600
27.1,0.1,300,"bu","10:44:04",3556600
27.1,0.1,700,"bu","10:44:00",3556300
27.1,0.1,100,"bu","10:43:51",3555600
27.1,0.1,500,"bu","10:43:48",3555500
27.1,0.1,100,"bu","10:43:45",3555000
27.05,0.05,200,"sd","10:43:43",3554900
27.05,0.05,5000,"sd","10:43:36",3554700
27.05,0.05,10000,"sd","10:43:29",3549700
27.05,0.05,300,"sd","10:43:08",3539700
27.05,0.05,10000,"sd","10:43:04",3539400
27.05,0.05,700,"sd","10:43:00",3529400
27.05,0.05,2000,"sd","10:42:41",3528700
27.05,0.05,600,"sd","10:42:37",3526700
27.05,0.05,100,"sd","10:42:32",3526100
27.05,0.05,400,"sd","10:42:27",3526000
27.05,0.05,100,"sd","10:42:25",3525600
27.05,0.05,500,"sd","10:42:20",3525500
27.05,0.05,50000,"sd","10:42:07",3525000
27.05,0.05,3000,"sd","10:41:49",3475000
27.1,0.1,100,"bu","10:41:34",3472000
27.05,0.05,50000,"sd","10:41:26",3471900
27.1,0.1,500,"bu","10:41:20",3421900
27.1,0.1,2000,"bu","10:41:14",3421400
27.1,0.1,64900,"sd","10:41:01",3419400
27.15,0.15,3000,"sd","10:41:01",3354500
27.15,0.15,100,"sd","10:40:57",3351500
27.15,0.15,200,"sd","10:40:46",3351400
27.15,0.15,8500,"bu","10:40:40",3351200
27.1,0.1,2000,"sd","10:40:35",3342700
27.15,0.15,3000,"bu","10:40:25",3340700
27.1,0.1,100,"sd","10:40:22",3337700
27.15,0.15,3200,"sd","10:40:12",3337600
27.15,0.15,5000,"sd","10:40:09",3334400
27.15,0.15,200,"sd","10:40:06",3329400
27.15,0.15,500,"sd","10:40:05",3329200
27.15,0.15,2600,"sd","10:40:05",3328700
27.15,0.15,3500,"sd","10:40:02",3326100
27.15,0.15,200,"sd","10:39:56",3322600
27.15,0.15,2700,"sd","10:39:55",3322400
27.15,0.15,2000,"sd","10:39:54",3319700
27.15,0.15,100,"sd","10:39:20",3317700
27.15,0.15,100,"sd","10:39:19",3317600
27.2,0.2,600,"bu","10:39:19",3317500
27.15,0.15,100,"sd","10:39:04",3316900
27.15,0.15,200,"sd","10:39:03",3316800
27.15,0.15,2000,"sd","10:39:03",3316600
27.15,0.15,3500,"sd","10:38:56",3314600
27.15,0.15,6200,"sd","10:38:54",3311100
27.15,0.15,1000,"sd","10:38:49",3304900
27.15,0.15,3100,"sd","10:38:46",3303900
27.15,0.15,500,"sd","10:38:43",3300800
27.15,0.15,10000,"sd","10:38:34",3300300
27.15,0.15,1000,"sd","10:38:12",3290300
27.15,0.15,500,"sd","10:38:02",3289300
27.15,0.15,400,"sd","10:37:52",3288800
27.15,0.15,50000,"sd","10:37:46",3288400
27.2,0.2,600,"bu","10:37:38",3238400
27.15,0.15,1000,"sd","10:37:31",3237800
27.15,0.15,1000,"sd","10:37:07",3236800
27.2,0.2,2000,"bu","10:37:07",3235800
27.2,0.2,200,"bu","10:36:58",3233800
27.15,0.15,3000,"sd","10:36:48",3233600
27.15,0.15,600,"sd","10:36:47",3230600
27.2,0.2,2000,"bu","10:36:40",3230000
27.15,0.15,3000,"sd","10:36:27",3228000
27.2,0.2,2000,"bu","10:36:19",3225000
27.15,0.15,500,"sd","10:36:17",3223000
27.2,0.2,600,"bu","10:36:08",3222500
27.2,0.2,400,"bu","10:36:00",3221900
27.2,0.2,2000,"bu","10:35:58",3221500
27.2,0.2,1300,"bu","10:35:45",3219500
27.2,0.2,500,"bu","10:35:36",3218200
27.2,0.2,100,"bu","10:35:24",3217700
27.2,0.2,100,"bu","10:35:06",3217600
27.2,0.2,200,"bu","10:34:45",3217500
27.2,0.2,400,"bu","10:34:34",3217300
27.2,0.2,5200,"bu","10:34:28",3216900
27.2,0.2,800,"bu","10:34:19",3211700
27.2,0.2,3600,"sd","10:34:11",3210900
27.2,0.2,300,"sd","10:33:59",3207300
27.2,0.2,10000,"bu","10:33:56",3205900
27.2,0.2,2100,"bu","10:33:40",3195900
27.15,0.15,400,"sd","10:33:18",3193800
27.15,0.15,1000,"sd","10:33:09",3193400
27.2,0.2,100,"sd","10:33:04",3192400
27.25,0.25,300,"bu","10:33:02",3192300
27.25,0.25,1200,"bu","10:33:01",3192000
27.2,0.2,500,"bu","10:33:01",3190800
27.2,0.2,97900,"sd","10:32:36",3190300
27.2,0.2,200,"sd","10:32:32",3092400
27.25,0.25,200,"bu","10:32:27",3092200
27.2,0.2,2000,"sd","10:32:19",3092000
27.2,0.2,5000,"sd","10:32:14",3090000
27.2,0.2,200,"sd","10:31:57",3085000
27.2,0.2,10000,"sd","10:31:45",3084800
27.2,0.2,500,"sd","10:31:40",3074800
27.2,0.2,500,"sd","10:31:26",3074300
27.2,0.2,400,"sd","10:31:12",3073800
27.2,0.2,5100,"sd","10:31:08",3073400
27.2,0.2,300,"sd","10:31:06",3068300
27.2,0.2,10000,"sd","10:30:48",3068000
27.25,0.25,20000,"bu","10:30:14",3058000
27.25,0.25,200,"bu","10:30:07",3038000
27.25,0.25,300,"bu","10:29:57",3037800
27.25,0.25,20000,"bu","10:29:26",3037500
27.25,0.25,300,"bu","10:29:21",3017500
27.25,0.25,1200,"sd","10:29:18",3017200
27.25,0.25,500,"sd","10:29:13",3016000
27.25,0.25,300,"bu","10:29:09",3015500
27.25,0.25,400,"bu","10:29:08",3015200
27.25,0.25,11300,"sd","10:29:00",3014800
27.25,0.25,200,"sd","10:28:59",3003500
27.25,0.25,1000,"sd","10:28:58",3003300
27.25,0.25,2000,"sd","10:28:55",3002300
27.25,0.25,700,"sd","10:28:50",3000300
27.25,0.25,1000,"sd","10:28:49",2999600
27.25,0.25,1000,"sd","10:28:48",2998600
27.25,0.25,1000,"sd","10:28:46",2997600
27.25,0.25,100,"sd","10:28:45",2996600
27.25,0.25,400,"sd","10:28:44",2996500
27.25,0.25,200,"sd","10:28:25",2996100
27.25,0.25,3400,"sd","10:28:18",2995900
27.25,0.25,1000,"sd","10:27:42",2992500
27.25,0.25,1000,"sd","10:27:39",2991500
27.3,0.3,1000,"bu","10:27:27",2990500
27.25,0.25,200,"sd","10:27:26",2989500
27.25,0.25,300,"sd","10:27:21",2989300
27.25,0.25,100,"sd","10:27:18",2989000
27.25,0.25,2000,"sd","10:27:05",2988900
27.25,0.25,200,"sd","10:26:48",2986900
27.3,0.3,100,"bu","10:26:37",2986700
27.25,0.25,2400,"sd","10:26:31",2986600
27.25,0.25,5000,"sd","10:26:14",2984200
27.25,0.25,1000,"sd","10:26:13",2979200
27.25,0.25,200,"sd","10:26:09",2978200
27.25,0.25,100,"sd","10:25:53",2978000
27.25,0.25,1500,"sd","10:25:38",2977900
27.25,0.25,3700,"bu","10:25:23",2976400
27.25,0.25,500,"bu","10:25:21",2972700
27.25,0.25,9000,"bu","10:25:17",2972200
27.25,0.25,7000,"bu","10:25:12",2963200
27.25,0.25,5000,"bu","10:25:02",2956200
27.25,0.25,2000,"bu","10:25:00",2951200
27.2,0.2,6000,"sd","10:24:54",2949200
27.2,0.2,2000,"sd","10:24:47",2943200
27.25,0.25,800,"bu","10:24:40",2941200
27.2,0.2,200,"sd","10:24:22",2940400
27.25,0.25,2000,"bu","10:24:20",2940200
27.25,0.25,400,"bu","10:24:06",2938200
27.2,0.2,1000,"sd","10:23:44",2937800
27.25,0.25,200,"bu","10:23:41",2936800
27.25,0.25,1200,"sd","10:23:36",2936600
27.25,0.25,100,"sd","10:23:28",2935400
27.25,0.25,1000,"sd","10:23:21",2935300
27.25,0.25,100,"sd","10:22:41",2934300
27.25,0.25,500,"sd","10:22:37",2934200
27.25,0.25,3800,"sd","10:22:25",2933700
27.25,0.25,1000,"sd","10:22:10",2929900
27.25,0.25,100,"sd","10:21:59",2928900
27.25,0.25,1000,"sd","10:21:28",2928800
27.25,0.25,400,"sd","10:21:21",2927800
27.25,0.25,5100,"bu","10:21:16",2927400
27.25,0.25,1000,"sd","10:20:58",2922300
27.25,0.25,200,"sd","10:20:57",2921300
27.25,0.25,100,"sd","10:20:56",2921100
27.25,0.25,1400,"bu","10:20:35",2921000
27.25,0.25,3400,"bu","10:20:33",2919600
27.25,0.25,1600,"bu","10:20:32",2916200
27.2,0.2,10000,"sd","10:20:30",2914600
27.2,0.2,1000,"sd","10:20:13",2904600
27.25,0.25,500,"bu","10:20:11",2903600
27.25,0.25,10000,"bu","10:20:04",2903100
27.2,0.2,100,"sd","10:19:58",2893100
27.2,0.2,100,"sd","10:19:51",2893000
27.2,0.2,500,"sd","10:19:50",2892900
27.2,0.2,21400,"sd","10:19:49",2892400
27.2,0.2,200,"sd","10:19:43",2871000
27.25,0.25,200,"bu","10:19:38",2870800
27.25,0.25,2000,"bu","10:19:19",2870600
27.25,0.25,1200,"bu","10:19:09",2868600
27.2,0.2,1000,"sd","10:19:08",2867400
27.25,0.25,500,"sd","10:18:46",2866400
27.25,0.25,55100,"sd","10:18:36",2865900
27.25,0.25,6000,"sd","10:18:33",2810800
27.25,0.25,1500,"sd","10:18:32",2804800
27.25,0.25,100,"sd","10:18:20",2803300
27.25,0.25,100,"sd","10:18:10",2803200
27.25,0.25,1000,"sd","10:18:07",2803100
27.3,0.3,1000,"bu","10:17:49",2802100
27.3,0.3,27600,"sd","10:17:29",2801100
27.3,0.3,500,"sd","10:17:15",2773500
27.35,0.35,100,"bu","10:17:05",2773000
27.3,0.3,500,"sd","10:16:57",2772900
27.3,0.3,2500,"sd","10:16:51",2772400
27.3,0.3,100,"sd","10:16:42",2769900
27.3,0.3,100,"sd","10:16:41",2769800
27.3,0.3,100,"sd","10:16:35",2769700
27.3,0.3,500,"sd","10:16:35",2769600
27.3,0.3,1000,"sd","10:16:27",2769100
27.3,0.3,1000,"sd","10:16:17",2768100
27.35,0.35,100,"bu","10:16:13",2767100
27.35,0.35,1000,"bu","10:15:46",2767000
27.35,0.35,2000,"bu","10:15:29",2766000
27.35,0.35,400,"bu","10:15:26",2764000
27.35,0.35,100,"bu","10:14:55",2763600
27.3,0.3,700,"sd","10:14:53",2763500
27.3,0.3,500,"sd","10:14:50",2762800
27.35,0.35,1500,"sd","10:14:45",2762300
27.3,0.3,20000,"sd","10:14:25",2760800
27.45,0.45,3700,"bu","10:14:20",2740800
27.4,0.4,22300,"bu","10:14:20",2737100
27.4,0.4,15000,"bu","10:14:11",2714800
27.35,0.35,1000,"bu","10:14:11",2699800
27.35,0.35,4000,"bu","10:14:06",2698800
27.4,0.4,14000,"bu","10:14:03",2694800
27.3,0.3,100,"sd","10:14:01",2680800
27.4,0.4,11000,"bu","10:13:56",2680700
27.4,0.4,4900,"bu","10:13:48",2669700
27.35,0.35,4100,"bu","10:13:48",2664800
27.35,0.35,6000,"bu","10:13:40",2660700
27.3,0.3,100,"sd","10:13:35",2654700
27.35,0.35,4000,"bu","10:13:33",2654600
27.35,0.35,4000,"bu","10:13:26",2650600
27.3,0.3,2000,"sd","10:13:24",2646600
27.35,0.35,300,"bu","10:13:21",2644600
27.35,0.35,100,"bu","10:13:20",2644300
27.35,0.35,5000,"bu","10:13:19",2644200
27.35,0.35,1000,"bu","10:13:13",2639200
27.35,0.35,2000,"bu","10:13:11",2638200
27.35,0.35,1000,"bu","10:12:47",2636200
27.35,0.35,100,"bu","10:12:41",2635200
27.35,0.35,500,"bu","10:12:30",2635100
27.35,0.35,9900,"bu","10:12:28",2634600
27.3,0.3,1000,"sd","10:12:24",2624700
27.35,0.35,5000,"bu","10:12:24",2623700
27.35,0.35,500,"bu","10:12:09",2618700
27.3,0.3,1000,"sd","10:12:08",2618200
27.3,0.3,500,"sd","10:12:04",2617200
27.3,0.3,5000,"sd","10:11:58",2616700
27.3,0.3,300,"sd","10:11:55",2611700
27.3,0.3,1000,"sd","10:11:23",2611400
27.3,0.3,100,"sd","10:11:18",2610400
27.3,0.3,1000,"sd","10:11:14",2610300
27.3,0.3,2000,"sd","10:11:13",2609300
27.35,0.35,5000,"bu","10:11:05",2607300
27.3,0.3,100,"sd","10:11:03",2602300
27.3,0.3,1000,"sd","10:11:02",2602200
27.3,0.3,2500,"sd","10:10:57",2601200
27.3,0.3,1000,"sd","10:10:48",2598700
27.3,0.3,300,"sd","10:10:43",2597700
27.35,0.35,200,"bu","10:10:40",2597400
27.35,0.35,500,"bu","10:10:37",2597200
27.3,0.3,1000,"sd","10:10:31",2596700
27.4,0.4,11000,"bu","10:10:27",2595700
27.35,0.35,5000,"bu","10:10:27",2584700
27.4,0.4,13000,"bu","10:10:20",2579700
27.35,0.35,1000,"bu","10:10:20",2566700
27.35,0.35,500,"bu","10:10:14",2565700
27.35,0.35,11000,"bu","10:10:11",2565200
27.35,0.35,2500,"sd","10:10:08",2554200
27.4,0.4,9000,"bu","10:10:02",2551700
27.4,0.4,300,"bu","10:10:01",2542700
27.4,0.4,8000,"bu","10:09:54",2542400
27.4,0.4,4000,"bu","10:09:47",2534400
27.35,0.35,3500,"bu","10:09:46",2530400
27.35,0.35,9500,"sd","10:09:43",2526900
27.4,0.4,4000,"bu","10:09:40",2517400
27.35,0.35,3000,"sd","10:09:39",2513400
27.35,0.35,2000,"sd","10:09:33",2510400
27.35,0.35,500,"sd","10:09:32",2508400
27.4,0.4,200,"bu","10:09:31",2507900
27.4,0.4,300,"bu","10:09:30",2507700
27.35,0.35,11000,"sd","10:09:29",2507400
27.4,0.4,5900,"sd","10:09:24",2496400
27.4,0.4,9000,"sd","10:09:23",2490500
27.4,0.4,600,"sd","10:09:23",2481500
27.4,0.4,5000,"sd","10:09:21",2480900
27.4,0.4,7000,"sd","10:09:18",2475900
27.4,0.4,10000,"sd","10:09:14",2468900
27.45,0.45,700,"bu","10:09:10",2458900
27.4,0.4,100,"sd","10:09:09",2458200
27.4,0.4,5000,"sd","10:09:08",2458100
27.4,0.4,12100,"sd","10:09:04",2453100
27.4,0.4,400,"sd","10:09:01",2441000
27.4,0.4,100,"sd","10:08:54",2440600
27.4,0.4,1000,"sd","10:08:44",2440500
27.4,0.4,8000,"sd","10:08:43",2439500
27.4,0.4,100,"sd","10:08:41",2431500
27.45,0.45,1900,"bu","10:08:37",2431400
27.4,0.4,1000,"sd","10:08:36",2429500
27.45,0.45,1300,"bu","10:08:30",2428500
27.4,0.4,500,"sd","10:08:26",2427200
27.4,0.4,1000,"sd","10:08:25",2426700
27.45,0.45,1400,"bu","10:08:25",2425700
27.45,0.45,500,"bu","10:08:22",2424300
27.4,0.4,600,"sd","10:08:19",2423800
27.4,0.4,2700,"sd","10:08:18",2423200
27.4,0.4,5800,"sd","10:08:17",2420500
27.45,0.45,3000,"bu","10:08:17",2414700
27.4,0.4,1000,"sd","10:08:16",2411700
27.45,0.45,500,"bu","10:08:15",2410700
27.4,0.4,1000,"sd","10:08:09",2410200
27.45,0.45,1100,"bu","10:08:08",2409200
27.4,0.4,2000,"sd","10:08:07",2408100
27.45,0.45,14000,"bu","10:08:03",2406100
27.4,0.4,5200,"bu","10:08:01",2392100
27.4,0.4,200,"bu","10:08:00",2386900
27.4,0.4,15000,"bu","10:07:55",2386700
27.4,0.4,1000,"bu","10:07:54",2371700
27.4,0.4,300,"bu","10:07:53",2370700
27.4,0.4,13000,"bu","10:07:49",2370400
27.4,0.4,5000,"bu","10:07:46",2357400
27.4,0.4,11700,"sd","10:07:45",2352400
27.4,0.4,300,"sd","10:07:44",2340700
27.45,0.45,13000,"bu","10:07:43",2340400
27.4,0.4,100,"sd","10:07:42",2327400
27.4,0.4,2000,"sd","10:07:39",2327300
27.4,0.4,500,"sd","10:07:35",2325300
27.45,0.45,1200,"bu","10:07:34",2324800
27.4,0.4,200,"sd","10:07:34",2323600
27.4,0.4,500,"bu","10:07:32",2323400
27.4,0.4,1000,"sd","10:07:27",2322900
27.4,0.4,500,"sd","10:07:27",2321900
27.4,0.4,5900,"bu","10:07:19",2321400
27.4,0.4,1000,"bu","10:07:18",2315500
27.35,0.35,500,"sd","10:07:15",2314500
27.4,0.4,1000,"bu","10:07:15",2314000
27.4,0.4,5000,"bu","10:07:12",2313000
27.4,0.4,1000,"bu","10:07:11",2308000
27.4,0.4,100,"bu","10:07:05",2307000
27.4,0.4,600,"bu","10:07:05",2306900
27.4,0.4,1300,"bu","10:07:04",2306300
27.4,0.4,100,"bu","10:07:00",2305000
27.4,0.4,1300,"bu","10:06:57",2304900
27.4,0.4,1400,"bu","10:06:55",2303600
27.4,0.4,500,"bu","10:06:50",2302200
27.35,0.35,100,"sd","10:06:46",2301700
27.4,0.4,1400,"bu","10:06:46",2301600
27.4,0.4,7900,"bu","10:06:44",2300200
27.4,0.4,1000,"bu","10:06:42",2292300
27.4,0.4,2000,"bu","10:06:41",2291300
27.4,0.4,1000,"bu","10:06:39",2289300
27.4,0.4,1200,"bu","10:06:37",2288300
27.4,0.4,5000,"bu","10:06:34",2287100
27.4,0.4,500,"bu","10:06:33",2282100
27.4,0.4,2000,"bu","10:06:31",2281600
27.4,0.4,1200,"bu","10:06:30",2279600
27.4,0.4,1000,"bu","10:06:22",2278400
27.4,0.4,500,"bu","10:06:18",2277400
27.4,0.4,1000,"bu","10:06:16",2276900
27.35,0.35,1400,"sd","10:06:08",2275900
27.4,0.4,5000,"bu","10:06:06",2274500
27.4,0.4,14000,"bu","10:06:06",2269500
27.4,0.4,4200,"bu","10:05:59",2255500
27.4,0.4,5900,"bu","10:05:58",2251300
27.35,0.35,1900,"bu","10:05:58",2245400
27.35,0.35,9000,"bu","10:05:56",2243500
27.35,0.35,10000,"bu","10:05:51",2234500
27.35,0.35,500,"bu","10:05:50",2224500
27.35,0.35,10000,"bu","10:05:44",2224000
27.35,0.35,2000,"bu","10:05:34",2214000
27.3,0.3,500,"sd","10:05:23",2212000
27.35,0.35,100,"bu","10:05:20",2211500
27.35,0.35,600,"bu","10:05:19",2211400
27.35,0.35,100,"bu","10:05:17",2210800
27.3,0.3,10000,"sd","10:05:16",2210700
27.3,0.3,500,"sd","10:05:14",2200700
27.3,0.3,2800,"bu","10:05:05",2200200
27.3,0.3,2300,"bu","10:05:04",2197400
27.3,0.3,500,"bu","10:05:04",2195100
27.3,0.3,400,"bu","10:05:03",2189600
27.3,0.3,100,"bu","10:05:01",2189200
27.3,0.3,1000,"bu","10:05:00",2189100
27.25,0.25,200,"sd","10:04:59",2188100
27.3,0.3,500,"bu","10:04:56",2187900
27.3,0.3,10000,"bu","10:04:49",2187400
27.25,0.25,200,"sd","10:04:40",2177400
27.25,0.25,100,"sd","10:04:33",2177200
27.25,0.25,1000,"sd","10:04:26",2177100
27.25,0.25,2000,"sd","10:03:47",2176100
27.25,0.25,1200,"bu","10:03:01",2174100
27.25,0.25,500,"bu","10:02:55",2172900
27.25,0.25,100,"bu","10:02:50",2172400
27.25,0.25,400,"sd","10:02:47",2172300
27.25,0.25,600,"bu","10:02:46",2171900
27.25,0.25,5000,"bu","10:02:45",2171300
27.25,0.25,800,"bu","10:02:43",2166300
27.25,0.25,1000,"bu","10:02:41",2165500
27.25,0.25,200,"bu","10:02:38",2164500
27.25,0.25,5200,"sd","10:02:35",2164300
27.3,0.3,2000,"bu","10:02:33",2159100
27.25,0.25,12500,"sd","10:02:20",2157100
27.25,0.25,500,"sd","10:02:15",2144600
27.25,0.25,11600,"sd","10:02:12",2144100
27.25,0.25,2800,"bu","10:02:10",2132500
27.25,0.25,20000,"bu","10:02:07",2129600
27.25,0.25,1000,"bu","10:02:06",2109600
27.25,0.25,1100,"bu","10:02:02",2108600
27.25,0.25,1000,"bu","10:02:02",2107500
27.25,0.25,2000,"bu","10:01:59",2106500
27.25,0.25,2000,"bu","10:01:54",2104500
27.25,0.25,200,"bu","10:01:54",2102500
27.25,0.25,3300,"bu","10:01:50",2102300
27.25,0.25,100,"bu","10:01:49",2099000
27.25,0.25,1100,"bu","10:01:48",2098900
27.25,0.25,3000,"bu","10:01:43",2097800
27.25,0.25,500,"bu","10:01:41",2094800
27.25,0.25,2600,"sd","10:01:40",2094300
27.25,0.25,7700,"sd","10:01:39",2091700
27.3,0.3,3000,"bu","10:01:38",2084000
27.3,0.3,200,"bu","10:01:37",2081000
27.3,0.3,300,"bu","10:01:32",2080800
27.3,0.3,1000,"sd","10:01:28",2080500
27.35,0.35,300,"bu","10:01:23",2079500
27.35,0.35,1000,"bu","10:01:21",2079200
27.35,0.35,1000,"bu","10:01:15",2078200
27.35,0.35,8000,"bu","10:01:09",2077200
27.25,0.25,700,"sd","10:01:05",2069200
27.25,0.25,100,"bu","10:01:04",2068500
27.25,0.25,3500,"sd","10:01:03",2068400
27.3,0.3,13400,"sd","10:01:03",2064900
27.25,0.25,7000,"bu","10:00:50",2051500
27.25,0.25,7900,"sd","10:00:47",2044500
27.3,0.3,1300,"sd","10:00:47",2036600
27.25,0.25,300,"sd","10:00:43",2035300
27.3,0.3,700,"sd","10:00:43",2035000
27.25,0.25,14000,"sd","10:00:35",2034300
27.35,0.35,200,"bu","10:00:35",2020300
27.3,0.3,3000,"bu","10:00:33",2020100
27.35,0.35,100,"bu","10:00:25",2017100
27.25,0.25,17900,"sd","10:00:24",2017000
27.3,0.3,100,"sd","10:00:24",1999100
27.25,0.25,500,"sd","10:00:18",1999000
27.3,0.3,15500,"sd","10:00:18",1998500
27.3,0.3,7900,"bu","10:00:11",1983000
27.3,0.3,2000,"bu","10:00:10",1975100
27.3,0.3,10000,"bu","10:00:09",1973100
27.3,0.3,500,"bu","10:00:08",1963100
27.3,0.3,1000,"bu","10:00:07",1962600
27.25,0.25,15000,"sd","10:00:06",1961600
27.3,0.3,1400,"bu","10:00:06",1946600
27.3,0.3,3800,"bu","10:00:03",1945200
27.3,0.3,2800,"bu","10:00:03",1941400
27.3,0.3,4000,"bu","10:00:02",1938600
27.3,0.3,1600,"bu","10:00:01",1934600
27.3,0.3,3000,"bu","10:00:00",1933000
27.3,0.3,300,"bu","09:59:59",1930000
27.25,0.25,12000,"sd","09:59:58",1929700
27.3,0.3,1000,"bu","09:59:57",1917700
27.3,0.3,5000,"bu","09:59:55",1916700
27.25,0.25,7300,"sd","09:59:53",1911700
27.3,0.3,500,"bu","09:59:53",1904400
27.3,0.3,800,"bu","09:59:48",1903900
27.25,0.25,6100,"sd","09:59:46",1903100
27.3,0.3,500,"bu","09:59:45",1897000
27.3,0.3,2000,"bu","09:59:40",1896500
27.3,0.3,10000,"bu","09:59:39",1889500
27.3,0.3,200,"bu","09:59:38",1879500
27.3,0.3,3000,"bu","09:59:33",1879300
27.3,0.3,500,"bu","09:59:30",1876300
27.3,0.3,100,"bu","09:59:28",1875800
27.25,0.25,400,"sd","09:59:27",1875700
27.25,0.25,500,"sd","09:59:27",1875300
27.3,0.3,100,"bu","09:59:24",1874800
27.25,0.25,9400,"sd","09:59:17",1874700
27.3,0.3,4000,"bu","09:59:13",1865300
27.3,0.3,3000,"bu","09:59:13",1861300
27.3,0.3,5000,"bu","09:59:08",1858300
27.3,0.3,14000,"bu","09:59:06",1844900
27.25,0.25,9400,"bu","09:58:59",1830900
27.25,0.25,2000,"bu","09:58:56",1821500
27.25,0.25,1300,"bu","09:58:53",1819500
27.25,0.25,20000,"bu","09:58:48",1818200
27.2,0.2,18600,"bu","09:58:43",1798200
27.2,0.2,100,"bu","09:58:42",1779600
27.2,0.2,100,"bu","09:58:35",1779500
27.15,0.15,300,"bu","09:58:33",1779400
27.15,0.15,500,"bu","09:58:32",1779100
27.15,0.15,7600,"sd","09:58:30",1778600
27.2,0.2,100,"bu","09:58:25",1771000
27.15,0.15,200,"bu","09:58:14",1770900
27.1,0.1,2000,"sd","09:58:12",1770700
27.15,0.15,800,"sd","09:58:04",1768700
27.15,0.15,4200,"bu","09:57:59",1767900
27.15,0.15,600,"bu","09:57:56",1763700
27.15,0.15,200,"bu","09:57:51",1763100
27.15,0.15,500,"bu","09:57:50",1762900
27.15,0.15,200,"bu","09:57:44",1762400
27.15,0.15,100,"bu","09:57:37",1762200
27.15,0.15,500,"bu","09:57:37",1762100
27.1,0.1,5000,"sd","09:57:33",1761600
27.15,0.15,3800,"sd","09:57:24",1756600
27.15,0.15,2000,"sd","09:57:22",1752800
27.15,0.15,300,"sd","09:57:09",1750800
27.15,0.15,5100,"sd","09:56:59",1750500
27.15,0.15,400,"sd","09:56:46",1745400
27.15,0.15,2000,"sd","09:56:44",1745000
27.15,0.15,2000,"sd","09:56:28",1743000
27.2,0.2,1600,"bu","09:56:26",1741000
27.15,0.15,1500,"sd","09:56:23",1739400
27.15,0.15,2000,"sd","09:56:12",1737900
27.2,0.2,4000,"bu","09:56:05",1735900
27.15,0.15,400,"sd","09:56:04",1731900
27.15,0.15,300,"sd","09:56:02",1731500
27.2,0.2,500,"bu","09:55:59",1731200
27.2,0.2,100,"bu","09:55:38",1730700
27.15,0.15,700,"sd","09:55:37",1730600
27.15,0.15,1500,"sd","09:55:13",1729900
27.15,0.15,4000,"sd","09:54:37",1728400
27.15,0.15,200,"sd","09:54:36",1724400
27.15,0.15,100,"sd","09:54:33",1724200
27.15,0.15,300,"sd","09:54:24",1724100
27.15,0.15,1000,"sd","09:54:07",1723800
27.15,0.15,10500,"sd","09:54:05",1722800
27.2,0.2,600,"bu","09:53:52",1712300
27.15,0.15,100,"sd","09:53:32",1711700
27.2,0.2,300,"bu","09:53:28",1711600
27.15,0.15,7000,"sd","09:53:21",1711300
27.15,0.15,100,"sd","09:53:13",1704300
27.15,0.15,100,"sd","09:53:08",1704200
27.2,0.2,100,"bu","09:53:07",1704100
27.15,0.15,2000,"sd","09:53:01",1704000
27.2,0.2,100,"bu","09:52:40",1702000
27.2,0.2,1000,"bu","09:52:35",1701900
27.2,0.2,100,"bu","09:52:32",1700900
27.2,0.2,36000,"sd","09:52:15",1700800
27.2,0.2,5000,"sd","09:52:13",1664800
27.2,0.2,400,"sd","09:52:12",1659800
27.2,0.2,100,"sd","09:52:09",1659400
27.2,0.2,1000,"sd","09:52:06",1659300
27.2,0.2,100,"sd","09:51:56",1658300
27.2,0.2,500,"sd","09:51:19",1658200
27.25,0.25,800,"bu","09:51:08",1657700
27.2,0.2,3000,"sd","09:51:03",1656900
27.25,0.25,100,"bu","09:50:58",1653900
27.2,0.2,200,"sd","09:50:48",1653800
27.25,0.25,2400,"bu","09:50:40",1653600
27.25,0.25,1000,"bu","09:50:38",1651200
27.25,0.25,1000,"bu","09:50:37",1650200
27.25,0.25,1000,"bu","09:50:33",1649200
27.25,0.25,2000,"bu","09:50:29",1648200
27.25,0.25,300,"bu","09:50:27",1646200
27.25,0.25,100,"bu","09:50:25",1645900
27.25,0.25,100,"bu","09:50:24",1645800
27.25,0.25,500,"bu","09:50:15",1645700
27.25,0.25,1300,"bu","09:49:58",1645200
27.25,0.25,5000,"bu","09:49:48",1643900
27.25,0.25,300,"bu","09:49:46",1638900
27.25,0.25,1000,"bu","09:49:38",1638600
27.25,0.25,800,"sd","09:49:31",1637600
27.25,0.25,5000,"sd","09:49:22",1636800
27.25,0.25,7200,"sd","09:49:08",1631800
27.25,0.25,1000,"sd","09:48:54",1624600
27.25,0.25,3200,"bu","09:48:50",1623600
27.25,0.25,2500,"bu","09:48:49",1620400
27.25,0.25,900,"sd","09:48:42",1617900
27.25,0.25,100,"sd","09:48:38",1617000
27.25,0.25,200,"bu","09:48:37",1616900
27.25,0.25,100,"bu","09:48:34",1616700
27.25,0.25,700,"sd","09:48:30",1616600
27.25,0.25,5800,"sd","09:48:29",1615900
27.25,0.25,3500,"bu","09:48:24",1610100
27.25,0.25,2000,"bu","09:48:21",1606600
27.25,0.25,1600,"sd","09:48:18",1604600
27.25,0.25,5000,"sd","09:48:15",1603000
27.25,0.25,1200,"sd","09:48:10",1598000
27.25,0.25,8300,"sd","09:48:06",1596800
27.25,0.25,600,"sd","09:48:04",1588500
27.25,0.25,100,"sd","09:48:03",1587900
27.25,0.25,2000,"sd","09:48:01",1587800
27.25,0.25,100,"sd","09:47:59",1585800
27.25,0.25,6500,"sd","09:47:58",1585700
27.25,0.25,500,"sd","09:47:56",1579200
27.25,0.25,7600,"sd","09:47:38",1578700
27.25,0.25,9000,"sd","09:47:31",1571100
27.3,0.3,300,"bu","09:47:28",1562100
27.3,0.3,3000,"bu","09:47:15",1561800
27.3,0.3,100,"bu","09:47:09",1558800
27.25,0.25,700,"sd","09:47:08",1558700
27.3,0.3,500,"bu","09:46:50",1558000
27.3,0.3,5800,"bu","09:46:43",1557500
27.25,0.25,200,"sd","09:46:40",1551700
27.25,0.25,3000,"sd","09:46:14",1551500
27.25,0.25,5000,"sd","09:45:58",1548500
27.25,0.25,100,"sd","09:45:41",1543500
27.25,0.25,300,"sd","09:45:40",1543400
27.25,0.25,2000,"bu","09:45:33",1543100
27.25,0.25,300,"bu","09:45:32",1541100
27.25,0.25,700,"sd","09:45:28",1540800
27.25,0.25,100,"sd","09:45:23",1540100
27.25,0.25,1200,"bu","09:45:19",1540000
27.25,0.25,200,"bu","09:45:13",1538800
27.25,0.25,500,"bu","09:45:12",1538600
27.25,0.25,5000,"bu","09:45:03",1538100
27.25,0.25,500,"bu","09:45:02",1533100
27.2,0.2,2000,"sd","09:44:54",1532600
27.25,0.25,1000,"bu","09:44:49",1530600
27.25,0.25,100,"bu","09:44:46",1529600
27.25,0.25,1000,"bu","09:44:39",1529500
27.2,0.2,1600,"sd","09:44:38",1528500
27.2,0.2,7700,"bu","09:44:28",1526900
27.2,0.2,1000,"bu","09:44:21",1519200
27.2,0.2,200,"bu","09:44:18",1518200
27.2,0.2,300,"bu","09:44:14",1518000
27.2,0.2,3000,"bu","09:44:08",1517700
27.2,0.2,500,"bu","09:44:04",1514700
27.2,0.2,200,"sd","09:43:56",1514200
27.2,0.2,1200,"sd","09:43:44",1514000
27.2,0.2,10000,"sd","09:43:33",1512800
27.25,0.25,500,"bu","09:43:23",1502800
27.25,0.25,200,"bu","09:43:19",1502300
27.25,0.25,200,"bu","09:43:16",1502100
27.25,0.25,3200,"sd","09:43:11",1501900
27.25,0.25,2100,"sd","09:43:04",1498700
27.25,0.25,5900,"sd","09:43:03",1496600
27.3,0.3,5000,"bu","09:42:55",1490700
27.3,0.3,200,"bu","09:42:52",1485700
27.25,0.25,15000,"sd","09:42:47",1485500
27.3,0.3,3000,"bu","09:42:45",1470500
27.3,0.3,300,"bu","09:42:44",1467500
27.3,0.3,4500,"bu","09:42:43",1467200
27.3,0.3,300,"bu","09:42:42",1462700
27.3,0.3,3000,"bu","09:42:41",1462400
27.25,0.25,13000,"sd","09:42:41",1459400
27.3,0.3,2000,"bu","09:42:40",1446400
27.3,0.3,1300,"bu","09:42:37",1444400
27.3,0.3,1000,"bu","09:42:27",1443100
27.3,0.3,100,"bu","09:42:25",1442100
27.3,0.3,2000,"sd","09:42:22",1442000
27.35,0.35,100,"bu","09:42:22",1440000
27.3,0.3,3000,"sd","09:42:20",1439900
27.3,0.3,200,"sd","09:42:19",1436900
27.3,0.3,700,"bu","09:42:12",1436700
27.3,0.3,1000,"bu","09:42:05",1436000
27.3,0.3,1000,"bu","09:42:02",1435000
27.3,0.3,10000,"bu","09:42:00",1434000
27.3,0.3,5000,"bu","09:42:00",1424000
27.3,0.3,1000,"bu","09:41:57",1419000
27.3,0.3,100,"bu","09:41:48",1418000
27.3,0.3,1500,"bu","09:41:47",1417900
27.3,0.3,200,"bu","09:41:46",1416400
27.3,0.3,200,"bu","09:41:40",1416200
27.3,0.3,1900,"bu","09:41:39",1416000
27.3,0.3,400,"bu","09:41:37",1414100
27.3,0.3,100,"sd","09:41:36",1413700
27.35,0.35,1300,"bu","09:41:34",1413600
27.3,0.3,5400,"sd","09:41:30",1412300
27.3,0.3,3600,"sd","09:41:30",1406900
27.35,0.35,1400,"bu","09:41:29",1403300
27.35,0.35,1200,"bu","09:41:25",1401900
27.3,0.3,7000,"sd","09:41:25",1400700
27.35,0.35,1200,"bu","09:41:23",1393700
27.35,0.35,1000,"bu","09:41:19",1392500
27.35,0.35,1000,"bu","09:41:18",1391500
27.35,0.35,1000,"bu","09:41:17",1390500
27.3,0.3,5000,"sd","09:41:16",1389500
27.35,0.35,2600,"bu","09:41:13",1384500
27.35,0.35,500,"sd","09:41:11",1381900
27.35,0.35,4500,"bu","09:41:10",1381400
27.35,0.35,200,"bu","09:41:08",1375600
27.35,0.35,5000,"bu","09:41:08",1375400
27.35,0.35,1400,"bu","09:41:05",1370400
27.35,0.35,1200,"bu","09:41:02",1369000
27.35,0.35,1200,"bu","09:41:00",1367800
27.35,0.35,1000,"bu","09:40:57",1366600
27.35,0.35,1000,"bu","09:40:55",1365600
27.3,0.3,200,"sd","09:40:52",1364600
27.35,0.35,500,"bu","09:40:52",1364400
27.35,0.35,1900,"bu","09:40:50",1363900
27.35,0.35,1000,"bu","09:40:48",1362000
27.35,0.35,1300,"bu","09:40:46",1361000
27.3,0.3,100,"sd","09:40:46",1359700
27.35,0.35,2000,"bu","09:40:44",1359600
27.35,0.35,1400,"bu","09:40:43",1357600
27.35,0.35,1200,"bu","09:40:40",1356200
27.35,0.35,1200,"bu","09:40:38",1355000
27.35,0.35,2000,"bu","09:40:37",1353800
27.3,0.3,300,"sd","09:40:37",1351800
27.35,0.35,1500,"bu","09:40:35",1351500
27.35,0.35,900,"bu","09:40:33",1350000
27.35,0.35,1100,"bu","09:40:32",1349100
27.3,0.3,1200,"bu","09:40:32",1348000
27.3,0.3,1000,"bu","09:40:31",1346800
27.3,0.3,1500,"bu","09:40:28",1345800
27.3,0.3,300,"bu","09:40:28",1344300
27.3,0.3,10000,"bu","09:40:26",1344000
27.3,0.3,1000,"bu","09:40:25",1334000
27.3,0.3,400,"bu","09:40:23",1333000
27.3,0.3,1000,"bu","09:40:20",1332600
27.3,0.3,10000,"bu","09:40:19",1331600
27.3,0.3,300,"bu","09:40:15",1321600
27.3,0.3,800,"bu","09:40:08",1321300
27.3,0.3,500,"bu","09:40:07",1320500
27.3,0.3,1500,"bu","09:40:05",1320000
27.3,0.3,1700,"bu","09:40:04",1318500
27.3,0.3,100,"bu","09:40:03",1316800
27.3,0.3,3300,"bu","09:40:02",1316700
27.3,0.3,1000,"bu","09:39:59",1313400
27.3,0.3,100,"bu","09:39:59",1312400
27.3,0.3,500,"bu","09:39:58",1312300
27.3,0.3,500,"bu","09:39:55",1311800
27.3,0.3,2000,"bu","09:39:52",1311300
27.3,0.3,1600,"sd","09:39:51",1309300
27.35,0.35,2000,"bu","09:39:51",1307700
27.35,0.35,1000,"bu","09:39:51",1305700
27.3,0.3,40000,"sd","09:39:49",1304700
27.35,0.35,200,"bu","09:39:44",1264700
27.35,0.35,200,"sd","09:39:40",1264500
27.35,0.35,500,"sd","09:39:39",1264300
27.4,0.4,1000,"bu","09:39:39",1263800
27.35,0.35,10000,"sd","09:39:36",1262800
27.4,0.4,300,"bu","09:39:28",1252800
27.35,0.35,1000,"sd","09:39:26",1252500
27.4,0.4,1000,"sd","09:39:26",1251500
27.4,0.4,500,"bu","09:39:25",1250500
27.4,0.4,500,"sd","09:39:23",1250000
27.45,0.45,5000,"bu","09:39:22",1249500
27.4,0.4,1000,"sd","09:39:22",1244500
27.4,0.4,3500,"bu","09:39:21",1243500
27.35,0.35,1000,"sd","09:39:18",1240000
27.4,0.4,100,"bu","09:39:18",1239000
27.4,0.4,1500,"bu","09:39:18",1238900
27.4,0.4,500,"bu","09:39:17",1237400
27.4,0.4,18000,"bu","09:39:15",1236900
27.4,0.4,4000,"bu","09:39:13",1218900
27.4,0.4,1000,"bu","09:39:09",1214900
27.4,0.4,800,"bu","09:39:07",1213900
27.4,0.4,8000,"bu","09:39:05",1213100
27.4,0.4,1000,"bu","09:39:02",1205100
27.4,0.4,500,"bu","09:39:01",1204100
27.4,0.4,100,"bu","09:38:59",1203600
27.4,0.4,1000,"bu","09:38:54",1203500
27.35,0.35,1500,"bu","09:38:48",1202500
27.3,0.3,1000,"sd","09:38:40",1201000
25.9,-0.7,100,"bu","10:16:02",2652100
25.9,-0.7,500,"bu","10:16:01",2652000
25.9,-0.7,1000,"bu","10:15:47",2608800
25.85,-0.75,100,"sd","10:14:59",2572700
25.85,-0.75,13000,"sd","10:14:06",2509400
25.85,-0.75,100,"sd","10:14:04",2496400
26.6,0,9000,"sd","09:28:17",394900
26.6,0,1500,"bu","09:26:38",326000
25.95,-0.65,17200,"sd","10:10:50",2239700
25.95,-0.65,1000,"sd","10:10:50",2222500
25.9,-0.7,30000,"sd","10:10:17",2148200
25.9,-0.7,500,"sd","10:10:16",2118200
26.05,-0.55,100,"bu","10:32:02",3516300
26,-0.6,1000,"bu","10:30:55",3492100
26,-0.6,1500,"bu","10:30:54",3491100
26,-0.6,100,"bu","10:30:53",3489600
25.95,-0.65,5000,"bu","10:17:30",2780300
25.95,-0.65,5000,"bu","10:17:29",2775300
25.95,-0.65,500,"bu","10:16:48",2743400
25.9,-0.7,1000,"bu","10:16:01",2651500
27.3,0.3,8100,"bu","09:38:18",1045300
27.3,0.3,900,"bu","09:38:17",1037200
27.3,0.3,30000,"bu","09:38:16",1036300
27.3,0.3,500,"bu","09:38:15",1006300
27.3,0.3,3000,"bu","09:38:14",1005800
27.25,0.25,100,"sd","09:38:02",1002800
27.3,0.3,14800,"bu","09:38:00",1002700
27.25,0.25,5200,"bu","09:38:00",987900
27.25,0.25,5000,"bu","09:38:00",982700
27.25,0.25,30000,"bu","09:37:59",977700
27.25,0.25,1500,"bu","09:37:58",947700
27.25,0.25,20200,"bu","09:37:54",946200
27.25,0.25,16800,"bu","09:37:53",926000
27.25,0.25,6500,"bu","09:37:50",909200
27.25,0.25,10000,"bu","09:37:48",902700
27.2,0.2,2500,"bu","09:37:44",892700
27.2,0.2,1000,"bu","09:37:43",890200
27.2,0.2,5000,"bu","09:37:42",889200
27.2,0.2,5000,"bu","09:37:40",884200
27.2,0.2,10200,"bu","09:37:38",879200
27.15,0.15,7000,"sd","09:37:36",869000
27.2,0.2,5000,"bu","09:37:36",862000
27.2,0.2,100,"bu","09:37:36",857000
27.2,0.2,2000,"bu","09:37:33",856900
27.15,0.15,7000,"sd","09:37:30",854900
27.2,0.2,20000,"bu","09:37:29",847900
27.2,0.2,5000,"bu","09:37:27",827900
27.2,0.2,5000,"bu","09:37:21",822900
27.2,0.2,1000,"bu","09:37:20",817900
27.2,0.2,1500,"bu","09:37:20",816900
27.15,0.15,3800,"sd","09:37:17",815400
27.2,0.2,200,"bu","09:37:15",811600
27.15,0.15,32900,"bu","09:37:11",811400
27.15,0.15,400,"bu","09:37:09",778500
27.15,0.15,600,"bu","09:37:08",778100
27.15,0.15,10000,"bu","09:37:05",777500
27.15,0.15,4000,"bu","09:37:03",767500
27.15,0.15,1000,"bu","09:37:03",763500
27.15,0.15,100,"bu","09:37:01",762500
27.15,0.15,20000,"bu","09:37:00",762400
27.15,0.15,1000,"bu","09:36:58",742400
27.15,0.15,500,"bu","09:36:52",741400
27.15,0.15,200,"bu","09:36:49",740900
27.15,0.15,2600,"bu","09:36:42",740700
27.1,0.1,5000,"bu","09:36:40",730700
27.1,0.1,30000,"bu","09:36:39",725700
27.05,0.05,1000,"sd","09:36:38",695700
27.1,0.1,10000,"bu","09:36:29",694700
27.05,0.05,2000,"sd","09:36:17",684700
27.05,0.05,700,"sd","09:36:16",682700
27.05,0.05,1000,"sd","09:35:54",682000
27.05,0.05,10000,"sd","09:35:45",681000
27.05,0.05,5500,"bu","09:35:39",671000
27.05,0.05,10000,"bu","09:35:34",665500
27.05,0.05,500,"bu","09:35:32",655500
27.05,0.05,10000,"bu","09:35:29",655000
27.05,0.05,3000,"bu","09:35:22",645000
27.05,0.05,100,"bu","09:35:21",642000
27.05,0.05,500,"bu","09:35:08",641900
27.05,0.05,3000,"bu","09:35:07",641400
27.05,0.05,100,"bu","09:34:48",638400
27.05,0.05,2000,"bu","09:34:40",638300
27.05,0.05,2400,"bu","09:34:21",636300
27.05,0.05,5000,"bu","09:34:19",633900
27.05,0.05,1000,"bu","09:34:07",628900
27.05,0.05,400,"sd","09:33:58",627900
27.05,0.05,1400,"sd","09:33:55",627500
27.05,0.05,2000,"sd","09:33:47",626100
27.05,0.05,700,"sd","09:33:41",624100
27.05,0.05,2000,"sd","09:33:39",623400
27.05,0.05,900,"sd","09:33:23",621400
27.05,0.05,3600,"bu","09:33:20",620500
27.05,0.05,100,"bu","09:33:17",616900
27,0,2000,"sd","09:33:16",616800
27,0,300,"sd","09:33:14",594800
27.05,0.05,700,"bu","09:33:11",594500
27,0,400,"sd","09:33:09",593800
27,0,900,"sd","09:32:59",593400
27,0,1000,"sd","09:32:58",591700
27.05,0.05,2000,"bu","09:32:55",590700
27,0,600,"sd","09:32:52",588700
27.05,0.05,2000,"bu","09:32:51",588100
27.05,0.05,800,"bu","09:32:49",586100
27.05,0.05,1000,"bu","09:32:45",585300
27,0,1200,"sd","09:32:44",584300
27.05,0.05,500,"bu","09:32:37",583100
27,0,500,"sd","09:32:30",582600
27.05,0.05,100,"bu","09:32:27",582100
27.05,0.05,1900,"bu","09:32:20",582000
27.05,0.05,3000,"bu","09:32:16",580100
27.05,0.05,500,"bu","09:32:10",577100
27,0,100,"sd","09:31:55",576600
27.05,0.05,1800,"bu","09:31:50",576500
27.05,0.05,700,"bu","09:31:49",574700
27.05,0.05,10000,"bu","09:31:45",574000
27.05,0.05,500,"bu","09:31:44",564000
27.05,0.05,20000,"bu","09:31:39",563500
27.05,0.05,300,"bu","09:31:25",543500
27.05,0.05,500,"bu","09:31:05",543200
27.05,0.05,800,"bu","09:31:05",542700
27,0,5000,"sd","09:30:50",541900
27.05,0.05,500,"bu","09:30:49",536900
27,0,2000,"sd","09:30:47",536400
27.05,0.05,600,"bu","09:30:41",534400
27.05,0.05,100,"bu","09:30:10",533800
27.05,0.05,2000,"sd","09:29:56",533700
27.1,0.1,1000,"bu","09:29:52",531700
27.05,0.05,3000,"sd","09:29:46",530700
27.05,0.05,200,"sd","09:29:42",527700
27.1,0.1,500,"bu","09:29:40",527500
27.05,0.05,300,"sd","09:29:37",527000
27.1,0.1,500,"bu","09:29:34",526700
27.05,0.05,1000,"sd","09:29:33",526200
27.05,0.05,500,"sd","09:29:31",525200
27.05,0.05,1000,"sd","09:29:30",524700
27.05,0.05,6000,"sd","09:29:26",523700
27.1,0.1,5000,"bu","09:29:22",517700
27.05,0.05,6000,"sd","09:29:22",512700
27.1,0.1,900,"bu","09:29:20",506700
27.05,0.05,100,"sd","09:29:15",505800
27.05,0.05,1000,"sd","09:29:14",505700
27.05,0.05,5000,"sd","09:29:11",504700
27.05,0.05,100,"sd","09:29:09",499700
27.05,0.05,100,"sd","09:28:59",499600
27.05,0.05,900,"bu","09:28:52",499500
27.05,0.05,100,"sd","09:28:46",498600
27.05,0.05,10000,"sd","09:28:44",498500
27.05,0.05,300,"sd","09:28:43",488500
27.05,0.05,2000,"sd","09:28:39",488200
27.1,0.1,200,"bu","09:28:34",486200
27.05,0.05,500,"sd","09:28:33",486000
27.05,0.05,2000,"sd","09:28:32",485500
27.05,0.05,200,"sd","09:28:26",483500
27.05,0.05,2000,"sd","09:28:23",483300
27.05,0.05,1500,"sd","09:28:21",481300
27.05,0.05,300,"sd","09:28:17",479800
27.05,0.05,1700,"sd","09:28:11",479500
27.05,0.05,300,"sd","09:27:59",477800
27.05,0.05,1000,"sd","09:27:51",477500
27.05,0.05,1000,"sd","09:27:43",476500
27.05,0.05,100,"sd","09:27:37",475500
27.05,0.05,1000,"sd","09:27:32",475400
27.1,0.1,13000,"bu","09:27:30",474400
27.05,0.05,1300,"sd","09:27:28",461400
27.05,0.05,1000,"sd","09:27:26",460100
27.05,0.05,6100,"sd","09:27:20",459100
27.05,0.05,3900,"sd","09:27:19",453000
27.05,0.05,200,"sd","09:27:14",449100
27.1,0.1,3000,"bu","09:27:10",448900
27.05,0.05,500,"sd","09:27:09",445900
27.05,0.05,1000,"sd","09:27:05",445400
27.05,0.05,1000,"sd","09:26:57",444400
27.05,0.05,500,"sd","09:26:55",443400
27.1,0.1,1400,"bu","09:26:54",442900
27.05,0.05,5000,"sd","09:26:47",441500
27.05,0.05,2000,"sd","09:26:46",436500
27.05,0.05,7000,"sd","09:26:44",434500
27.05,0.05,2000,"sd","09:26:39",427500
27.05,0.05,1000,"sd","09:26:33",425500
27.05,0.05,1000,"sd","09:26:32",424500
27.05,0.05,2000,"sd","09:26:31",423500
27.05,0.05,10000,"sd","09:26:28",421500
27.05,0.05,1700,"sd","09:26:25",411500
27.05,0.05,100,"sd","09:26:23",409800
27.05,0.05,1500,"sd","09:26:21",409700
27.05,0.05,500,"sd","09:26:19",408200
27.05,0.05,300,"sd","09:26:12",407700
27.05,0.05,1100,"sd","09:26:09",407400
27.05,0.05,500,"sd","09:26:04",406300
27.05,0.05,500,"sd","09:26:02",405800
27.05,0.05,100,"sd","09:25:58",405300
27.05,0.05,300,"sd","09:25:43",405200
27.05,0.05,10000,"sd","09:25:39",404800
27.05,0.05,100,"sd","09:25:32",394800
27.05,0.05,5000,"sd","09:25:28",394700
27.05,0.05,500,"sd","09:25:22",389700
27.05,0.05,200,"sd","09:25:19",389200
27.05,0.05,1000,"sd","09:25:13",389000
27.05,0.05,1000,"sd","09:25:08",388000
27.1,0.1,500,"bu","09:24:59",387000
27.05,0.05,1000,"sd","09:24:57",386500
27.1,0.1,8000,"bu","09:24:55",385500
27.1,0.1,100,"bu","09:24:43",377500
27.1,0.1,20000,"bu","09:24:26",377400
27.05,0.05,1000,"sd","09:24:24",357400
27.1,0.1,500,"bu","09:24:04",356400
27.1,0.1,10000,"bu","09:23:48",355900
27.1,0.1,500,"bu","09:23:47",345900
27.1,0.1,200,"bu","09:23:44",345400
27.1,0.1,1000,"bu","09:23:40",345200
27.05,0.05,500,"sd","09:23:39",344200
27.05,0.05,1000,"sd","09:23:39",343700
27.1,0.1,2000,"bu","09:23:38",342700
27.1,0.1,100,"bu","09:23:25",340700
27.05,0.05,1000,"sd","09:23:24",340600
27.05,0.05,100,"sd","09:23:18",339600
27.1,0.1,1300,"bu","09:23:17",339500
27.1,0.1,3600,"sd","09:23:03",338200
27.1,0.1,1000,"sd","09:22:59",333600
27.1,0.1,22000,"sd","09:22:58",332600
27.1,0.1,500,"sd","09:22:56",310600
27.1,0.1,6000,"sd","09:22:53",310100
27.1,0.1,600,"sd","09:22:49",304100
27.15,0.15,100,"bu","09:22:48",303500
27.1,0.1,100,"sd","09:22:47",303400
27.1,0.1,1500,"sd","09:22:40",303300
27.1,0.1,3000,"sd","09:22:39",301800
27.1,0.1,100,"sd","09:22:35",298800
27.1,0.1,300,"sd","09:22:30",298700
27.1,0.1,300,"sd","09:22:29",298400
27.1,0.1,1000,"sd","09:22:19",298100
27.1,0.1,100,"sd","09:22:18",297100
27.1,0.1,2600,"sd","09:22:17",297000
27.1,0.1,2000,"sd","09:22:16",294400
27.1,0.1,6300,"bu","09:22:15",292400
27.1,0.1,100,"bu","09:22:14",286100
27.1,0.1,25700,"sd","09:22:03",286000
27.1,0.1,1000,"sd","09:22:02",260300
27.1,0.1,1200,"sd","09:22:00",259300
27.15,0.15,400,"bu","09:21:56",258100
27.1,0.1,3000,"sd","09:21:55",257700
27.1,0.1,500,"sd","09:21:54",254700
27.15,0.15,1000,"bu","09:21:52",254200
27.15,0.15,10000,"bu","09:21:44",253200
27.15,0.15,1800,"bu","09:21:42",243200
27.15,0.15,900,"bu","09:21:27",241400
27.15,0.15,200,"bu","09:21:26",240500
27.15,0.15,300,"bu","09:21:03",240300
27.1,0.1,100,"sd","09:21:01",240000
27.15,0.15,1100,"bu","09:21:00",239900
27.15,0.15,200,"bu","09:20:58",238800
27.15,0.15,1100,"bu","09:20:54",238600
27.15,0.15,100,"bu","09:20:51",237500
27.15,0.15,500,"sd","09:20:50",237400
27.15,0.15,2500,"bu","09:20:45",236900
27.15,0.15,1000,"bu","09:20:30",234400
27.15,0.15,2600,"sd","09:20:29",233400
27.15,0.15,200,"sd","09:20:26",230800
27.15,0.15,200,"sd","09:20:24",230600
27.15,0.15,1300,"bu","09:20:20",230400
27.15,0.15,100,"bu","09:20:18",229100
27.15,0.15,700,"bu","09:20:17",229000
27.15,0.15,400,"bu","09:20:17",228300
27.15,0.15,1000,"bu","09:20:12",227900
27.1,0.1,800,"sd","09:20:11",226900
27.15,0.15,4900,"bu","09:20:05",226100
27.15,0.15,500,"bu","09:20:02",221200
27.15,0.15,2000,"bu","09:20:01",220700
27.15,0.15,500,"bu","09:19:52",218700
27.15,0.15,100,"bu","09:19:51",218200
27.15,0.15,3500,"bu","09:19:50",218100
27.15,0.15,4500,"bu","09:19:46",214600
27.15,0.15,10000,"bu","09:19:43",210100
27.15,0.15,100,"bu","09:19:42",200100
27.15,0.15,1000,"bu","09:19:36",200000
27.1,0.1,2000,"sd","09:19:16",199000
27.1,0.1,200,"sd","09:19:14",197000
27.15,0.15,10000,"bu","09:19:11",196800
27.1,0.1,5000,"sd","09:18:57",186800
27.1,0.1,200,"sd","09:18:55",181800
27.1,0.1,1000,"sd","09:18:51",181600
27.1,0.1,2000,"sd","09:18:32",180600
27.1,0.1,4200,"bu","09:18:23",178600
27.1,0.1,4000,"bu","09:18:21",174400
27.1,0.1,1800,"sd","09:18:21",170400
27.1,0.1,100,"sd","09:18:19",168600
27.15,0.15,500,"bu","09:18:19",168500
27.1,0.1,100,"bu","09:18:13",168000
27.1,0.1,400,"bu","09:18:06",167900
27.1,0.1,9500,"sd","09:18:02",167500
27.1,0.1,4000,"bu","09:18:00",158000
27.1,0.1,100,"bu","09:17:57",154000
27.1,0.1,1100,"bu","09:17:55",153900
27.1,0.1,4000,"bu","09:17:49",152800
27.1,0.1,2000,"bu","09:17:44",148800
27.1,0.1,1900,"bu","09:17:43",146800
27.1,0.1,100,"bu","09:17:39",144900
27.1,0.1,6800,"sd","09:17:33",144800
27.1,0.1,900,"bu","09:17:28",138000
27.1,0.1,2000,"bu","09:17:27",137100
27.1,0.1,1900,"bu","09:17:19",135100
27.1,0.1,1300,"bu","09:17:15",133200
27.1,0.1,3000,"bu","09:17:11",131900
27.1,0.1,500,"bu","09:17:09",128900
27.1,0.1,1000,"bu","09:17:08",128400
27.1,0.1,600,"bu","09:17:05",127400
27.1,0.1,10000,"bu","09:17:02",126800
27.1,0.1,100,"bu","09:16:58",116800
27.1,0.1,9500,"bu","09:16:56",116700
27.05,0.05,500,"sd","09:16:55",107200
27.1,0.1,200,"bu","09:16:52",106700
27.1,0.1,300,"bu","09:16:49",106500
27.1,0.1,5000,"bu","09:16:47",106200
27.1,0.1,200,"bu","09:16:44",101200
27.1,0.1,300,"bu","09:16:43",101000
27.1,0.1,500,"bu","09:16:41",100700
27.1,0.1,200,"bu","09:16:40",100200
27.1,0.1,2500,"sd","09:16:29",100000
27.1,0.1,2400,"sd","09:16:29",97500
27.1,0.1,5000,"sd","09:16:27",95100
27.15,0.15,800,"bu","09:16:25",90100
27.1,0.1,100,"sd","09:16:18",89300
27.1,0.1,200,"bu","09:16:13",89200
27.1,0.1,1000,"bu","09:16:12",89000
27.1,0.1,2000,"bu","09:16:09",88000
27.1,0.1,100,"bu","09:16:08",86000
27.1,0.1,2000,"sd","09:16:04",85900
27.1,0.1,8600,"bu","09:16:02",83900
27.1,0.1,100,"bu","09:16:00",75300
27.1,0.1,300,"bu","09:15:54",75200
27.1,0.1,3000,"sd","09:15:49",74900
27.1,0.1,7000,"bu","09:15:46",71900
27.1,0.1,1900,"bu","09:15:45",64900
27.1,0.1,2000,"bu","09:15:38",63000
27.05,0.05,500,"sd","09:15:34",61000
27.1,0.1,100,"bu","09:15:32",60500
27.05,0.05,3500,"bu","09:15:23",60400
27.05,0.05,1000,"bu","09:15:12",56900
27,0,55900,"","09:15:00",55900
