"price","change","match_qtty","side","time","total_vol"
11.3,0,357000,"","14:45:01",3554900
11.35,0.05,8500,"bu","14:29:23",3197900
11.3,0,200,"sd","14:29:21",3189400
11.35,0.05,3000,"bu","14:29:10",3189200
11.3,0,1000,"sd","14:29:07",3186200
11.3,0,700,"sd","14:29:00",3185200
11.35,0.05,200,"sd","14:29:00",3184500
11.3,0,2400,"sd","14:28:50",3184300
11.35,0.05,600,"sd","14:28:50",3181900
11.35,0.05,7400,"bu","14:28:43",3181300
11.35,0.05,600,"bu","14:28:41",3173900
11.3,0,2000,"sd","14:28:41",3173300
11.3,0,3200,"sd","14:28:30",3171300
11.35,0.05,3500,"bu","14:28:30",3168100
11.35,0.05,10000,"bu","14:28:26",3164600
11.35,0.05,900,"bu","14:28:22",3154600
11.3,0,200,"sd","14:28:10",3153700
11.35,0.05,100,"bu","14:28:05",3153500
11.3,0,700,"sd","14:28:00",3153400
11.3,0,2400,"sd","14:27:50",3152700
11.35,0.05,8100,"bu","14:27:48",3150300
11.35,0.05,100,"bu","14:27:42",3142200
11.35,0.05,100,"bu","14:27:20",3142100
11.3,0,100,"sd","14:27:20",3142000
11.35,0.05,200,"bu","14:27:15",3141900
11.3,0,200,"sd","14:27:10",3141700
11.35,0.05,100,"bu","14:27:04",3141500
11.35,0.05,600,"bu","14:27:03",3141400
11.3,0,200,"sd","14:27:00",3140800
11.35,0.05,100,"bu","14:26:51",3140600
11.3,0,600,"sd","14:26:50",3140500
11.35,0.05,200,"bu","14:26:43",3139900
11.35,0.05,700,"bu","14:26:41",3139700
11.35,0.05,100,"bu","14:26:41",3139000
11.3,0,1000,"sd","14:26:40",3138900
11.35,0.05,100,"bu","14:26:38",3137900
11.35,0.05,2000,"bu","14:26:35",3137800
11.35,0.05,100,"bu","14:26:31",3135800
11.35,0.05,1000,"bu","14:26:30",3135700
11.3,0,200,"sd","14:26:30",3134700
11.3,0,100,"sd","14:26:29",3134500
11.35,0.05,100,"bu","14:26:25",3134400
11.3,0,500,"sd","14:26:20",3134300
11.35,0.05,100,"bu","14:26:18",3133800
11.3,0,100,"sd","14:26:18",3133700
11.3,0,1700,"sd","14:26:10",3133600
11.3,0,3800,"sd","14:26:04",3131900
11.3,0,800,"sd","14:26:03",3128100
11.35,0.05,100,"bu","14:26:02",3127300
11.3,0,1100,"sd","14:26:00",3127200
11.3,0,3900,"sd","14:25:50",3126100
11.4,0.1,11900,"bu","14:25:44",3122200
11.35,0.05,1000,"sd","14:25:44",3110300
11.35,0.05,300,"sd","14:25:40",3109300
11.35,0.05,500,"bu","14:25:32",3109000
11.3,0,800,"sd","14:25:30",3108500
11.35,0.05,2900,"sd","14:25:25",3107700
11.35,0.05,100,"bu","14:25:16",3104800
11.3,0,100,"sd","14:25:10",3104700
11.3,0,400,"sd","14:25:02",3104600
11.35,0.05,100,"bu","14:25:00",3104200
11.3,0,1600,"sd","14:24:52",3104100
11.3,0,200,"sd","14:24:40",3102500
11.35,0.05,200,"bu","14:24:37",3102300
11.35,0.05,300,"sd","14:24:31",3102100
11.35,0.05,200,"sd","14:24:30",3101800
11.3,0,800,"sd","14:24:20",3101600
11.3,0,2700,"sd","14:24:10",3100800
11.3,0,8000,"sd","14:24:00",3098100
11.35,0.05,1000,"sd","14:24:00",3090100
11.35,0.05,4900,"sd","14:23:54",3089100
11.35,0.05,25100,"sd","14:23:53",3084200
11.35,0.05,100,"sd","14:23:50",3059100
11.35,0.05,100,"sd","14:23:43",3059000
11.35,0.05,300,"sd","14:23:40",3058900
11.35,0.05,1000,"sd","14:23:32",3058600
11.35,0.05,200,"sd","14:22:20",3057600
11.35,0.05,800,"sd","14:22:10",3057400
11.35,0.05,2800,"sd","14:22:05",3056600
11.35,0.05,100,"sd","14:21:40",3053800
11.35,0.05,500,"sd","14:21:32",3053700
11.35,0.05,200,"sd","14:21:15",3053200
11.35,0.05,100,"sd","14:20:47",3053000
11.35,0.05,100,"sd","14:20:42",3052900
11.4,0.1,400,"bu","14:20:35",3052800
11.35,0.05,100,"sd","14:20:28",3052400
11.35,0.05,300,"sd","14:20:00",3052300
11.35,0.05,1000,"sd","14:19:56",3052000
11.35,0.05,200,"sd","14:19:50",3051000
11.35,0.05,900,"sd","14:19:40",3050800
11.35,0.05,3000,"sd","14:19:38",3049900
11.35,0.05,300,"sd","14:19:30",3046900
11.35,0.05,700,"sd","14:19:29",3046600
11.35,0.05,300,"sd","14:19:20",3045900
11.35,0.05,1000,"sd","14:19:16",3045600
11.35,0.05,100,"sd","14:19:00",3044600
11.35,0.05,400,"sd","14:18:50",3044500
11.3,0,1600,"sd","14:18:40",3044100
11.4,0.1,2500,"bu","14:18:39",3042500
11.35,0.05,500,"bu","14:18:39",3040000
11.3,0,200,"sd","14:18:31",3039500
11.35,0.05,2400,"bu","14:18:31",3039300
11.3,0,1000,"sd","14:18:20",3036900
11.3,0,3600,"sd","14:18:10",3035900
11.35,0.05,12000,"bu","14:18:01",3032300
11.3,0,100,"sd","14:17:50",3020300
11.35,0.05,600,"bu","14:17:43",3020200
11.3,0,300,"sd","14:17:30",3019600
11.3,0,1000,"sd","14:17:20",3019300
11.35,0.05,400,"bu","14:17:19",3018300
11.35,0.05,500,"bu","14:17:14",3017900
11.35,0.05,2600,"bu","14:17:11",3017400
11.3,0,300,"sd","14:16:20",3014800
11.35,0.05,1000,"bu","14:16:17",3014500
11.3,0,100,"sd","14:16:00",3013500
11.3,0,200,"sd","14:15:50",3013400
11.3,0,900,"sd","14:15:40",3013200
11.3,0,3000,"sd","14:15:30",3012300
11.35,0.05,9700,"bu","14:15:22",3009300
11.3,0,300,"sd","14:15:20",2999600
11.35,0.05,200,"bu","14:15:14",2999300
11.3,0,800,"sd","14:15:10",2999100
11.35,0.05,2000,"bu","14:15:02",2998300
11.3,0,800,"sd","14:15:00",2996300
11.3,0,2700,"sd","14:14:50",2995500
11.3,0,9200,"sd","14:14:40",2992800
11.35,0.05,29600,"sd","14:14:35",2983600
11.35,0.05,100,"sd","14:14:32",2954000
11.35,0.05,1100,"sd","14:14:30",2953900
11.35,0.05,1600,"sd","14:14:29",2952800
11.35,0.05,800,"sd","14:14:28",2951200
11.35,0.05,800,"sd","14:14:27",2950400
11.35,0.05,600,"sd","14:14:20",2949600
11.35,0.05,2000,"sd","14:14:18",2949000
11.35,0.05,200,"sd","14:14:00",2947000
11.35,0.05,900,"sd","14:13:50",2946800
11.35,0.05,3000,"sd","14:13:40",2945900
11.35,0.05,10100,"bu","14:13:30",2942900
11.3,0,200,"sd","14:13:30",2932800
11.3,0,900,"sd","14:13:20",2932600
11.35,0.05,2000,"bu","14:13:15",2931700
11.3,0,1300,"sd","14:13:10",2929700
11.35,0.05,500,"bu","14:13:08",2928400
11.35,0.05,3000,"bu","14:13:07",2927900
11.35,0.05,200,"bu","14:13:05",2924900
11.3,0,900,"sd","14:13:00",2924700
11.35,0.05,2000,"bu","14:12:54",2923800
11.3,0,1100,"sd","14:12:50",2921800
11.3,0,3000,"sd","14:12:49",2920700
11.35,0.05,700,"bu","14:12:48",2917700
11.3,0,200,"sd","14:12:40",2917000
11.35,0.05,400,"bu","14:12:34",2916800
11.3,0,200,"sd","14:12:21",2916400
11.3,0,900,"sd","14:12:10",2916200
11.35,0.05,1500,"bu","14:12:08",2915300
11.3,0,1500,"sd","14:12:00",2913800
11.3,0,5200,"sd","14:11:50",2912300
11.35,0.05,400,"bu","14:11:47",2907100
11.35,0.05,16800,"sd","14:11:46",2906700
11.35,0.05,200,"sd","14:11:40",2889900
11.35,0.05,900,"sd","14:11:30",2889700
11.35,0.05,3300,"sd","14:11:27",2888800
11.35,0.05,300,"sd","14:11:10",2885500
11.35,0.05,1200,"sd","14:11:00",2885200
11.4,0.1,4000,"bu","14:10:50",2884000
11.35,0.05,1000,"sd","14:10:45",2879700
11.35,0.05,300,"sd","14:09:50",2878700
11.35,0.05,500,"sd","14:09:49",2878400
11.35,0.05,600,"sd","14:09:40",2877900
11.35,0.05,300,"sd","14:09:30",2877300
11.4,0.1,2000,"bu","14:09:30",2877000
11.35,0.05,1200,"sd","14:09:20",2875000
11.4,0.1,4000,"bu","14:09:17",2873800
11.35,0.05,300,"sd","14:08:30",2869800
11.35,0.05,1200,"sd","14:08:20",2869500
11.4,0.1,4000,"bu","14:08:13",2868300
11.35,0.05,300,"sd","14:08:00",2864300
11.35,0.05,1100,"bu","14:07:55",2864000
11.3,0,100,"sd","14:07:50",2862900
11.3,0,500,"sd","14:07:40",2862800
11.3,0,1700,"sd","14:07:30",2862300
11.35,0.05,5000,"bu","14:07:29",2860600
11.35,0.05,800,"bu","14:07:28",2855600
11.35,0.05,100,"bu","14:07:17",2854800
11.35,0.05,100,"bu","14:07:16",2854700
11.3,0,100,"sd","14:07:10",2854600
11.3,0,600,"sd","14:07:00",2854500
11.35,0.05,1000,"bu","14:06:52",2853900
11.35,0.05,100,"bu","14:06:50",2852900
11.3,0,1200,"sd","14:06:50",2852800
11.35,0.05,4000,"bu","14:06:46",2851600
11.3,0,100,"sd","14:06:40",2847600
11.3,0,500,"sd","14:06:30",2847500
11.35,0.05,1500,"bu","14:06:23",2847000
11.3,0,300,"sd","14:06:20",2845500
11.35,0.05,100,"bu","14:06:17",2845200
11.3,0,1200,"sd","14:06:10",2845100
11.35,0.05,1000,"bu","14:06:08",2843900
11.35,0.05,100,"bu","14:06:05",2842900
11.3,0,2900,"sd","14:06:04",2842800
11.35,0.05,2400,"bu","14:05:51",2839900
11.3,0,7500,"sd","14:05:50",2837500
11.3,0,25200,"sd","14:05:40",2830000
11.35,0.05,4000,"bu","14:05:38",2804800
11.35,0.05,60000,"bu","14:05:34",2800800
11.3,0,10000,"sd","14:05:32",2740800
11.35,0.05,10000,"bu","14:05:32",2730800
11.3,0,200,"sd","14:05:20",2720800
11.3,0,700,"sd","14:05:10",2720600
11.35,0.05,2400,"bu","14:05:05",2719900
11.3,0,100,"sd","14:04:50",2717500
11.3,0,400,"sd","14:04:40",2717400
11.3,0,1400,"sd","14:04:30",2717000
11.35,0.05,2400,"bu","14:04:22",2715600
11.3,0,2300,"sd","14:04:20",2713200
11.35,0.05,3200,"bu","14:04:18",2710900
11.3,0,4500,"sd","14:04:10",2707700
11.35,0.05,15000,"bu","14:04:04",2703200
11.3,0,200,"sd","14:04:00",2688200
11.35,0.05,800,"bu","14:03:53",2688000
11.3,0,100,"sd","14:03:30",2687200
11.35,0.05,400,"bu","14:03:29",2687100
11.3,0,300,"sd","14:02:40",2686700
11.3,0,1200,"sd","14:02:30",2686400
11.35,0.05,4000,"bu","14:02:21",2685200
11.3,0,100,"sd","14:01:50",2681200
11.35,0.05,500,"bu","14:01:46",2681100
11.3,0,200,"sd","14:01:30",2680600
11.3,0,700,"sd","14:01:20",2680400
11.35,0.05,2400,"bu","14:01:14",2679700
11.3,0,200,"sd","14:01:10",2677300
11.3,0,700,"sd","14:01:00",2677100
11.35,0.05,800,"bu","14:00:59",2676400
11.3,0,1600,"sd","14:00:50",2675600
11.35,0.05,800,"bu","14:00:43",2674000
11.35,0.05,800,"bu","14:00:42",2673200
11.35,0.05,4000,"bu","14:00:41",2672400
11.3,0,100,"sd","13:59:32",2668400
11.3,0,100,"sd","13:59:10",2668300
11.35,0.05,500,"bu","13:59:00",2668200
11.3,0,100,"sd","13:58:41",2667700
11.3,0,100,"sd","13:58:14",2667600
11.3,0,100,"sd","13:58:00",2667500
11.3,0,400,"sd","13:57:50",2667400
11.3,0,1600,"sd","13:57:40",2667000
11.35,0.05,100,"sd","13:57:37",2665400
11.3,0,5000,"sd","13:57:30",2665300
11.35,0.05,300,"sd","13:57:30",2660300
11.35,0.05,17700,"bu","13:57:28",2660000
11.3,0,200,"sd","13:57:10",2642300
11.3,0,400,"sd","13:57:00",2642100
11.35,0.05,1500,"bu","13:56:56",2641700
11.3,0,100,"sd","13:56:43",2640200
11.3,0,100,"sd","13:56:19",2640100
11.3,0,200,"sd","13:56:10",2640000
11.3,0,900,"sd","13:56:00",2639800
11.3,0,3100,"sd","13:55:54",2638900
11.3,0,100,"sd","13:55:50",2635800
11.3,0,300,"sd","13:55:30",2635700
11.3,0,100,"sd","13:55:26",2635400
11.3,0,900,"sd","13:55:20",2635300
11.3,0,3200,"sd","13:55:18",2634400
11.3,0,100,"sd","13:55:03",2631200
11.3,0,200,"sd","13:55:01",2631100
11.3,0,700,"sd","13:54:50",2630900
11.35,0.05,800,"bu","13:54:42",2630200
11.35,0.05,800,"bu","13:54:41",2629400
11.3,0,800,"sd","13:54:40",2628600
11.35,0.05,400,"bu","13:54:31",2627800
11.3,0,2500,"sd","13:54:30",2627400
11.3,0,100,"sd","13:54:29",2624900
11.35,0.05,6000,"bu","13:54:26",2624800
11.35,0.05,2400,"bu","13:54:20",2618800
11.3,0,100,"sd","13:54:05",2616400
11.3,0,100,"sd","13:53:40",2616300
11.35,0.05,100,"bu","13:53:29",2616200
11.3,0,100,"sd","13:53:20",2616100
11.35,0.05,500,"bu","13:53:18",2616000
11.3,0,300,"sd","13:53:00",2615500
11.3,0,100,"sd","13:52:58",2615200
11.3,0,1000,"sd","13:52:56",2615100
11.3,0,200,"sd","13:52:50",2614100
11.3,0,100,"sd","13:52:46",2613900
11.35,0.05,400,"bu","13:52:46",2613800
11.35,0.05,400,"bu","13:52:43",2613400
11.3,0,100,"sd","13:52:20",2613000
11.3,0,600,"sd","13:52:10",2612900
11.3,0,2100,"sd","13:52:00",2612300
11.3,0,200,"sd","13:51:57",2610200
11.35,0.05,7000,"bu","13:51:56",2610000
11.3,0,300,"sd","13:51:30",2603000
11.3,0,1100,"sd","13:51:20",2602700
11.3,0,3700,"sd","13:51:10",2601600
11.35,0.05,11800,"sd","13:51:08",2597900
11.35,0.05,700,"sd","13:51:00",2586100
11.35,0.05,200,"sd","13:50:54",2585400
11.35,0.05,2200,"sd","13:50:50",2585200
11.35,0.05,4600,"sd","13:50:41",2583000
11.35,0.05,3000,"sd","13:50:40",2578400
11.35,0.05,10000,"sd","13:50:30",2575400
11.35,0.05,100,"sd","13:50:23",2565400
11.35,0.05,200,"sd","13:50:10",2565300
11.35,0.05,900,"sd","13:50:00",2565100
11.35,0.05,3000,"sd","13:49:50",2564200
11.35,0.05,10000,"sd","13:49:40",2561200
11.35,0.05,200,"sd","13:49:20",2551200
11.4,0.1,900,"bu","13:49:16",2551000
11.35,0.05,100,"sd","13:48:50",2550100
11.35,0.05,600,"sd","13:48:40",2550000
11.35,0.05,200,"sd","13:48:38",2549400
11.4,0.1,200,"bu","13:48:31",2549200
11.35,0.05,1800,"sd","13:48:30",2549000
11.35,0.05,2100,"sd","13:48:27",2547200
11.4,0.1,3900,"bu","13:48:24",2545100
11.4,0.1,200,"bu","13:48:05",2541200
11.4,0.1,100,"bu","13:47:51",2541000
11.35,0.05,200,"sd","13:47:40",2540900
11.35,0.05,700,"sd","13:47:30",2540700
11.4,0.1,2400,"bu","13:47:24",2540000
11.35,0.05,100,"sd","13:46:50",2537600
11.35,0.05,500,"sd","13:46:40",2537500
11.4,0.1,800,"bu","13:46:31",2537000
11.35,0.05,1000,"sd","13:46:30",2536200
11.3,0,100,"sd","13:46:22",2535200
11.3,0,2200,"sd","13:46:20",2535100
11.35,0.05,200,"sd","13:46:20",2532900
11.35,0.05,900,"sd","13:46:20",2532700
11.35,0.05,100,"bu","13:46:15",2531800
11.35,0.05,200,"sd","13:46:13",2531700
11.35,0.05,9800,"bu","13:46:11",2531500
11.3,0,1200,"sd","13:46:10",2521700
11.35,0.05,500,"bu","13:46:04",2520500
11.3,0,3500,"sd","13:46:00",2520000
11.35,0.05,200,"bu","13:46:00",2516500
11.35,0.05,2500,"bu","13:45:57",2516300
11.35,0.05,100,"bu","13:45:55",2513800
11.35,0.05,3000,"bu","13:45:54",2513700
11.35,0.05,1000,"bu","13:45:54",2510700
11.3,0,5100,"sd","13:45:50",2509700
11.35,0.05,800,"bu","13:45:49",2504600
11.3,0,14500,"sd","13:45:40",2503800
11.35,0.05,2000,"bu","13:45:40",2489300
11.35,0.05,5000,"bu","13:45:37",2487300
11.35,0.05,100,"bu","13:45:36",2482300
11.35,0.05,25000,"bu","13:45:33",2482200
11.3,0,18200,"sd","13:45:30",2457200
11.35,0.05,300,"bu","13:45:30",2439000
11.35,0.05,1000,"bu","13:45:24",2438700
11.35,0.05,20000,"bu","13:45:21",2437700
11.3,0,39700,"sd","13:45:20",2417700
11.35,0.05,14800,"bu","13:45:18",2378000
11.35,0.05,10000,"bu","13:45:17",2363200
11.35,0.05,100000,"bu","13:45:13",2353200
11.3,0,7800,"sd","13:45:10",2253200
11.3,0,26200,"sd","13:45:00",2245400
11.35,0.05,86800,"bu","13:44:58",2219200
11.3,0,200,"sd","13:44:52",2132400
11.3,0,400,"sd","13:44:50",2132200
11.35,0.05,1500,"bu","13:44:45",2131800
11.3,0,200,"sd","13:44:30",2130300
11.35,0.05,800,"bu","13:44:25",2130100
11.3,0,200,"sd","13:43:50",2129300
11.35,0.05,800,"bu","13:43:41",2129100
11.3,0,100,"sd","13:43:10",2128300
11.3,0,400,"sd","13:43:00",2128200
11.3,0,1400,"sd","13:42:50",2127800
11.35,0.05,500,"bu","13:42:45",2126400
11.3,0,4200,"sd","13:42:40",2125900
11.35,0.05,3000,"bu","13:42:36",2121700
11.35,0.05,2400,"bu","13:42:31",2118700
11.3,0,8600,"sd","13:42:30",2116300
11.35,0.05,19000,"bu","13:42:26",2107700
11.35,0.05,800,"bu","13:42:25",2088700
11.35,0.05,6000,"bu","13:42:23",2087900
11.3,0,3100,"sd","13:42:20",2081900
11.35,0.05,10000,"bu","13:42:11",2078800
11.3,0,500,"sd","13:42:10",2068800
11.3,0,1900,"sd","13:42:00",2068300
11.35,0.05,1200,"bu","13:41:59",2066400
11.35,0.05,1900,"bu","13:41:58",2065200
11.35,0.05,800,"bu","13:41:56",2063300
11.3,0,2600,"sd","13:41:50",2062500
11.35,0.05,2200,"bu","13:41:45",2059900
11.35,0.05,2400,"bu","13:41:44",2057700
11.35,0.05,2400,"bu","13:41:41",2055300
11.3,0,1700,"sd","13:41:40",2052900
11.35,0.05,1200,"bu","13:41:38",2051200
11.35,0.05,2100,"bu","13:41:33",2050000
11.35,0.05,800,"bu","13:41:32",2047900
11.35,0.05,100,"bu","13:41:31",2047100
11.3,0,1500,"sd","13:41:30",2047000
11.35,0.05,2400,"bu","13:41:23",2045500
11.35,0.05,2200,"bu","13:41:20",2043100
11.3,0,400,"sd","13:41:20",2040900
11.35,0.05,1200,"bu","13:41:19",2040500
11.3,0,200,"sd","13:41:10",2039300
11.35,0.05,800,"bu","13:41:05",2039100
11.3,0,100,"sd","13:39:36",2038300
11.3,0,300,"sd","13:39:20",2038200
11.3,0,1200,"sd","13:39:10",2037900
11.3,0,4000,"sd","13:39:07",2036700
11.3,0,100,"sd","13:38:47",2032700
11.3,0,100,"sd","13:38:20",2032600
11.3,0,600,"sd","13:38:10",2032500
11.3,0,2000,"sd","13:38:06",2031900
11.3,0,200,"sd","13:37:40",2029900
11.3,0,800,"sd","13:37:30",2029700
11.3,0,2700,"sd","13:37:20",2028900
11.3,0,9100,"sd","13:37:10",2026200
11.35,0.05,1500,"bu","13:37:04",2017100
11.35,0.05,20000,"bu","13:37:02",2015600
11.3,0,9000,"sd","13:37:00",1995600
11.35,0.05,100,"bu","13:36:57",1986600
11.35,0.05,30000,"bu","13:36:51",1986500
11.3,0,300,"sd","13:35:00",1956500
11.3,0,1300,"sd","13:34:50",1956200
11.3,0,1400,"sd","13:34:44",1954900
11.3,0,3000,"sd","13:34:40",1953500
11.3,0,10000,"sd","13:34:37",1950500
11.3,0,100,"sd","13:34:30",1940500
11.3,0,600,"sd","13:34:20",1940400
11.3,0,2000,"sd","13:34:12",1939800
11.3,0,200,"sd","13:32:51",1937800
11.3,0,200,"sd","13:31:49",1937600
11.3,0,100,"sd","13:31:20",1937400
11.3,0,500,"sd","13:31:10",1937300
11.3,0,100,"sd","13:31:02",1936800
11.3,0,1800,"sd","13:31:00",1936700
11.3,0,6000,"sd","13:30:50",1934900
11.3,0,20000,"sd","13:30:49",1928900
11.3,0,200,"sd","13:30:40",1908900
11.35,0.05,800,"bu","13:30:32",1908700
11.3,0,100,"sd","13:28:20",1907900
11.3,0,500,"sd","13:28:10",1907800
11.35,0.05,800,"bu","13:28:01",1907300
11.3,0,900,"sd","13:28:00",1906500
11.3,0,3000,"sd","13:27:57",1905600
11.3,0,200,"sd","13:27:50",1902600
11.3,0,700,"sd","13:27:40",1902400
11.3,0,2500,"sd","13:27:30",1901700
11.3,0,8600,"sd","13:27:20",1899200
11.3,0,28700,"sd","13:27:10",1890600
11.35,0.05,800,"bu","13:27:03",1861900
11.3,0,95000,"sd","13:27:00",1861100
11.3,0,100,"sd","13:26:40",1766100
11.3,0,100,"sd","13:26:38",1766000
11.3,0,300,"sd","13:25:30",1765900
11.3,0,1300,"sd","13:25:20",1765600
11.35,0.05,800,"bu","13:25:11",1764300
11.3,0,3700,"sd","13:25:10",1763500
11.35,0.05,12600,"bu","13:25:03",1759800
11.35,0.05,100,"bu","13:24:37",1747200
11.35,0.05,100,"bu","13:23:56",1747100
11.3,0,100,"sd","13:23:20",1747000
11.3,0,400,"sd","13:23:10",1746900
11.3,0,1500,"sd","13:23:00",1746500
11.35,0.05,5000,"bu","13:22:59",1745000
11.35,0.05,300,"bu","13:22:29",1740000
11.3,0,100,"sd","13:20:10",1739700
11.3,0,500,"sd","13:20:08",1739600
11.3,0,200,"sd","13:19:51",1739100
11.3,0,900,"sd","13:19:40",1738900
11.3,0,3000,"sd","13:19:30",1738000
11.3,0,10000,"sd","13:19:27",1735000
11.3,0,300,"sd","13:19:10",1725000
11.35,0.05,1000,"bu","13:19:02",1724700
11.3,0,100,"sd","13:17:50",1723700
11.3,0,600,"sd","13:17:40",1723600
11.35,0.05,2000,"bu","13:17:38",1723000
11.35,0.05,100,"bu","13:17:31",1721000
11.3,0,100,"sd","13:17:10",1720900
11.3,0,500,"sd","13:17:00",1720800
11.35,0.05,800,"bu","13:16:52",1720300
11.3,0,900,"sd","13:16:50",1719500
11.3,0,3000,"sd","13:16:40",1718600
11.35,0.05,10000,"bu","13:16:37",1715600
11.35,0.05,100,"bu","13:16:05",1705600
11.3,0,100,"sd","13:15:30",1705500
11.3,0,500,"sd","13:15:28",1705400
11.3,0,100,"sd","13:15:20",1704900
11.3,0,400,"sd","13:15:10",1704800
11.35,0.05,1500,"bu","13:15:06",1704400
11.3,0,300,"sd","13:14:20",1702900
11.3,0,600,"sd","13:14:19",1702600
11.3,0,500,"sd","13:14:15",1702000
11.3,0,100,"sd","13:12:30",1701500
11.3,0,400,"sd","13:12:20",1701400
11.35,0.05,1600,"bu","13:12:17",1701000
11.35,0.05,200,"bu","13:11:10",1699400
11.3,0,300,"sd","13:10:58",1699200
11.3,0,100,"sd","13:10:40",1698900
11.3,0,600,"sd","13:10:30",1698800
11.35,0.05,100,"bu","13:10:29",1698200
11.3,0,300,"sd","13:10:20",1698100
11.35,0.05,1600,"bu","13:10:20",1697800
11.3,0,1000,"sd","13:10:10",1696200
11.3,0,2100,"sd","13:10:02",1695200
11.3,0,1400,"sd","13:10:00",1693100
11.3,0,4900,"sd","13:09:50",1691700
11.3,0,10000,"sd","13:09:44",1686800
11.3,0,2600,"sd","13:09:43",1676800
11.3,0,300,"sd","13:09:20",1674200
11.3,0,500,"sd","13:09:10",1673900
11.3,0,1300,"sd","13:09:03",1673400
11.3,0,500,"sd","13:09:00",1672100
11.3,0,100,"sd","13:08:10",1671600
11.35,0.05,500,"bu","13:08:07",1671500
11.3,0,100,"sd","13:07:40",1671000
11.3,0,500,"sd","13:07:30",1670900
11.3,0,500,"sd","13:07:28",1670400
11.3,0,1400,"sd","13:07:20",1669900
11.3,0,4900,"sd","13:07:18",1668500
11.3,0,100,"sd","13:03:20",1663600
11.3,0,500,"sd","13:03:10",1663500
11.3,0,1800,"sd","13:03:00",1663000
11.3,0,6000,"sd","13:02:50",1661200
11.3,0,200,"sd","13:02:42",1655200
11.35,0.05,20000,"bu","13:02:40",1655000
11.3,0,300,"sd","13:01:22",1635000
11.3,0,200,"sd","13:01:00",1634700
11.3,0,700,"sd","13:00:50",1634500
11.3,0,2400,"sd","13:00:40",1633800
11.3,0,8100,"sd","13:00:30",1631400
11.35,0.05,1000,"bu","13:00:27",1623300
11.3,0,20000,"sd","13:00:23",1622300
11.3,0,6200,"sd","13:00:20",1602300
11.3,0,17800,"sd","13:00:18",1596100
11.35,0.05,2000,"bu","13:00:16",1578300
11.3,0,1100,"sd","13:00:10",1576300
11.3,0,3000,"sd","13:00:01",1575200
11.35,0.05,800,"bu","13:00:00",1572200
11.3,0,200,"sd","11:29:10",1571400
11.3,0,900,"sd","11:29:00",1571200
11.35,0.05,3000,"bu","11:28:54",1570300
11.35,0.05,100,"bu","11:28:25",1567300
11.3,0,200,"sd","11:26:50",1567200
11.3,0,900,"sd","11:26:40",1567000
11.3,0,3300,"sd","11:26:30",1566100
11.35,0.05,3000,"bu","11:26:24",1562800
11.3,0,8200,"sd","11:26:20",1559800
11.35,0.05,24500,"sd","11:26:13",1551600
11.35,0.05,3100,"sd","11:26:10",1527100
11.35,0.05,10000,"sd","11:26:07",1524000
11.35,0.05,500,"sd","11:26:00",1514000
11.35,0.05,1800,"sd","11:25:50",1513500
11.35,0.05,6000,"sd","11:25:42",1511700
11.35,0.05,200,"sd","11:25:30",1505700
11.35,0.05,900,"sd","11:25:20",1505500
11.35,0.05,100,"sd","11:25:19",1504600
11.35,0.05,2900,"bu","11:25:12",1504500
11.3,0,100,"sd","11:24:00",1501600
11.35,0.05,400,"bu","11:23:59",1501500
11.35,0.05,300,"bu","11:23:37",1501100
11.3,0,100,"sd","11:23:20",1500800
11.35,0.05,500,"bu","11:23:16",1500700
11.35,0.05,100,"bu","11:22:09",1500200
11.3,0,200,"sd","11:21:00",1500100
11.35,0.05,700,"sd","11:20:53",1499900
11.35,0.05,200,"sd","11:20:45",1499200
11.35,0.05,100,"sd","11:20:40",1499000
11.35,0.05,500,"sd","11:20:30",1498900
11.35,0.05,1400,"bu","11:20:21",1498400
11.35,0.05,400,"bu","11:20:20",1497000
11.35,0.05,200,"bu","11:20:00",1496600
11.3,0,100,"sd","11:19:30",1496400
11.3,0,600,"sd","11:19:20",1496300
11.35,0.05,2000,"bu","11:19:16",1495700
11.3,0,300,"sd","11:19:00",1493700
11.3,0,1000,"sd","11:18:51",1493400
11.3,0,100,"sd","11:17:40",1492400
11.3,0,600,"sd","11:17:30",1492300
11.3,0,900,"sd","11:17:20",1490500
11.35,0.05,3000,"bu","11:17:12",1489600
11.3,0,100,"sd","11:16:32",1486600
11.3,0,200,"sd","11:15:40",1486500
11.3,0,900,"sd","11:15:30",1486300
11.3,0,2000,"sd","11:15:23",1485400
11.3,0,1300,"sd","11:15:20",1483400
11.3,0,4500,"sd","11:15:10",1482100
11.35,0.05,15000,"bu","11:15:09",1477600
11.3,0,300,"sd","11:14:40",1462600
11.35,0.05,1100,"bu","11:14:35",1462300
11.35,0.05,200,"bu","11:14:32",1461200
11.3,0,100,"sd","11:14:10",1461000
11.35,0.05,500,"bu","11:14:01",1460900
11.35,0.05,100,"bu","11:13:27",1460400
11.3,0,300,"sd","11:12:50",1460300
11.3,0,1200,"sd","11:12:40",1460000
11.3,0,4000,"sd","11:12:33",1458800
11.3,0,200,"sd","11:12:30",1454800
11.35,0.05,600,"bu","11:12:27",1454600
11.3,0,300,"sd","11:12:19",1454000
11.3,0,1000,"sd","11:12:13",1453700
11.3,0,200,"sd","11:12:00",1452700
11.3,0,900,"sd","11:11:50",1452500
11.3,0,3000,"sd","11:11:40",1451600
11.3,0,10000,"sd","11:11:29",1448600
11.35,0.05,100,"bu","11:11:28",1438600
11.3,0,100,"sd","11:11:20",1438500
11.3,0,400,"sd","11:11:10",1438400
11.3,0,1500,"sd","11:11:00",1438000
11.35,0.05,5000,"bu","11:10:50",1436500
11.3,0,100,"sd","11:10:40",1431500
11.3,0,600,"sd","11:10:30",1431400
11.3,0,2000,"sd","11:10:20",1430800
11.35,0.05,5000,"bu","11:10:17",1428800
11.3,0,1800,"sd","11:10:10",1423800
11.3,0,6000,"sd","11:10:00",1422000
11.3,0,100,"sd","11:09:57",1416000
11.35,0.05,200,"bu","11:09:56",1415900
11.35,0.05,20000,"bu","11:09:51",1415700
11.3,0,100,"sd","11:09:20",1395700
11.3,0,100,"sd","11:09:16",1395600
11.3,0,300,"sd","11:09:10",1395500
11.35,0.05,1000,"bu","11:09:04",1395200
11.35,0.05,300,"bu","11:07:56",1394200
11.3,0,100,"sd","11:07:40",1393900
11.35,0.05,500,"bu","11:07:30",1393800
11.35,0.05,100,"bu","11:07:18",1393300
11.35,0.05,100,"bu","11:06:48",1393200
11.3,0,300,"sd","11:06:20",1393100
11.35,0.05,1000,"bu","11:06:15",1392800
11.35,0.05,100,"bu","11:06:11",1391800
11.35,0.05,100,"bu","11:05:54",1391700
11.35,0.05,100,"bu","11:05:39",1391600
11.35,0.05,100,"bu","11:05:26",1391500
11.35,0.05,100,"bu","11:05:16",1391400
11.35,0.05,100,"bu","11:04:59",1391300
11.35,0.05,100,"bu","11:04:44",1391200
11.3,0,100,"sd","11:02:30",1391100
11.3,0,600,"sd","11:02:20",1391000
11.35,0.05,100,"bu","11:02:12",1390400
11.3,0,1900,"sd","11:02:10",1390300
11.3,0,6600,"sd","11:02:00",1388400
11.3,0,22300,"sd","11:01:50",1381800
11.35,0.05,74400,"sd","11:01:40",1359500
11.35,0.05,100,"sd","11:01:30",1285100
11.35,0.05,200,"sd","11:01:00",1285000
11.35,0.05,900,"sd","11:00:50",1284800
11.35,0.05,3100,"sd","11:00:39",1283900
11.35,0.05,10000,"sd","11:00:35",1280800
11.35,0.05,100,"sd","11:00:30",1270800
11.35,0.05,400,"sd","11:00:20",1270700
11.35,0.05,100,"sd","11:00:19",1270300
11.35,0.05,1500,"sd","11:00:10",1270200
11.35,0.05,5000,"sd","11:00:05",1268700
11.35,0.05,100,"sd","11:00:00",1263700
11.35,0.05,600,"sd","10:59:50",1263600
11.35,0.05,2000,"sd","10:59:41",1263000
11.35,0.05,100,"sd","10:59:39",1261000
11.35,0.05,200,"sd","10:59:20",1260900
11.35,0.05,200,"sd","10:59:11",1260700
11.35,0.05,600,"sd","10:59:10",1260500
11.35,0.05,100,"sd","10:59:02",1259900
11.35,0.05,2000,"sd","10:59:01",1259800
11.35,0.05,100,"sd","10:58:48",1257800
11.35,0.05,100,"sd","10:57:40",1257700
11.35,0.05,600,"sd","10:57:30",1257600
11.35,0.05,2100,"sd","10:57:20",1257000
11.35,0.05,5000,"sd","10:57:18",1254900
11.35,0.05,1400,"sd","10:57:10",1249900
11.35,0.05,4400,"sd","10:57:04",1248500
11.35,0.05,400,"sd","10:57:00",1244100
11.35,0.05,100,"sd","10:56:50",1243700
11.4,0.1,1000,"bu","10:56:50",1243600
11.4,0.1,500,"bu","10:56:46",1242100
11.35,0.05,100,"sd","10:56:40",1241600
11.35,0.05,600,"sd","10:56:30",1241500
11.35,0.05,2000,"sd","10:56:28",1240900
11.35,0.05,100,"sd","10:56:20",1238900
11.35,0.05,400,"sd","10:56:10",1238800
11.35,0.05,1500,"sd","10:56:00",1238400
11.35,0.05,5000,"sd","10:55:50",1236900
11.4,0.1,100,"bu","10:55:45",1231900
11.35,0.05,100,"sd","10:55:16",1231800
11.35,0.05,100,"sd","10:54:30",1231700
11.35,0.05,100,"sd","10:54:13",1231600
11.35,0.05,100,"sd","10:54:10",1231500
11.35,0.05,500,"sd","10:54:00",1231400
11.35,0.05,1600,"sd","10:53:57",1230900
11.35,0.05,100,"sd","10:53:53",1229300
11.4,0.1,100,"bu","10:53:45",1229200
11.35,0.05,100,"sd","10:52:50",1229100
11.35,0.05,500,"sd","10:52:40",1229000
11.4,0.1,100,"bu","10:52:39",1228500
11.35,0.05,1600,"sd","10:52:37",1228400
11.4,0.1,100,"bu","10:52:20",1226800
11.35,0.05,100,"sd","10:52:00",1226700
11.35,0.05,500,"sd","10:51:50",1226600
11.4,0.1,100,"bu","10:51:45",1226100
11.35,0.05,1600,"sd","10:51:42",1226000
11.35,0.05,100,"sd","10:51:40",1224400
11.35,0.05,300,"sd","10:51:30",1224300
11.4,0.1,100,"bu","10:51:30",1224000
11.35,0.05,1000,"sd","10:51:26",1223900
11.35,0.05,100,"sd","10:51:19",1222900
11.35,0.05,300,"sd","10:51:10",1222800
11.4,0.1,100,"bu","10:51:10",1222500
11.35,0.05,100,"sd","10:51:09",1222400
11.35,0.05,1000,"sd","10:51:00",1222300
11.35,0.05,500,"sd","10:50:59",1221300
11.4,0.1,100,"bu","10:50:52",1220800
11.35,0.05,2800,"sd","10:50:50",1220700
11.35,0.05,1600,"sd","10:50:45",1217900
11.35,0.05,1600,"sd","10:50:44",1216300
11.35,0.05,1600,"sd","10:50:43",1214700
11.35,0.05,4800,"sd","10:50:40",1213100
11.4,0.1,16100,"bu","10:50:36",1208300
11.35,0.05,100,"sd","10:50:29",1192200
11.35,0.05,600,"sd","10:50:20",1192100
11.35,0.05,2100,"sd","10:50:10",1191500
11.35,0.05,100,"bu","10:50:03",1189400
11.3,0,5800,"sd","10:50:00",1189300
11.35,0.05,1200,"sd","10:50:00",1183500
11.35,0.05,23400,"sd","10:49:50",1182300
11.4,0.1,100,"bu","10:49:34",1158900
11.35,0.05,100,"sd","10:48:31",1158800
11.35,0.05,200,"sd","10:48:30",1158700
11.35,0.05,700,"sd","10:48:20",1158500
11.35,0.05,2500,"sd","10:48:15",1157800
11.35,0.05,100,"sd","10:46:10",1155300
11.35,0.05,400,"sd","10:46:00",1155200
11.35,0.05,1600,"sd","10:45:49",1154800
11.35,0.05,5000,"sd","10:45:44",1153200
11.35,0.05,400,"sd","10:45:43",1148200
11.35,0.05,200,"sd","10:44:40",1147800
11.35,0.05,800,"sd","10:44:30",1147600
11.35,0.05,500,"sd","10:44:28",1146800
11.35,0.05,2300,"sd","10:44:20",1146300
11.35,0.05,7500,"sd","10:44:13",1144000
11.35,0.05,300,"sd","10:44:10",1136500
11.35,0.05,1000,"sd","10:44:08",1136200
11.35,0.05,100,"sd","10:44:00",1135200
11.35,0.05,400,"sd","10:43:50",1135100
11.35,0.05,300,"sd","10:43:41",1134700
11.35,0.05,1200,"sd","10:43:40",1134400
11.35,0.05,4300,"bu","10:43:38",1133200
11.3,0,100,"sd","10:43:25",1128900
11.3,0,300,"sd","10:42:49",1128800
11.3,0,1000,"sd","10:42:40",1128500
11.3,0,1600,"sd","10:42:38",1127500
11.35,0.05,1600,"bu","10:42:30",1125900
11.3,0,200,"sd","10:42:29",1124300
11.3,0,700,"sd","10:42:20",1124100
11.35,0.05,2000,"bu","10:42:14",1123400
11.35,0.05,200,"bu","10:42:11",1121400
11.3,0,400,"sd","10:42:10",1121200
11.3,0,1600,"sd","10:42:06",1120800
11.3,0,200,"sd","10:41:40",1119200
11.3,0,900,"sd","10:41:30",1119000
11.3,0,1600,"sd","10:41:22",1118100
11.3,0,1500,"sd","10:41:20",1116500
11.35,0.05,5000,"bu","10:41:17",1115000
11.3,0,300,"sd","10:40:40",1110000
11.35,0.05,1000,"bu","10:40:32",1109700
11.3,0,100,"sd","10:40:10",1108700
11.3,0,400,"sd","10:40:00",1108600
11.35,0.05,1000,"bu","10:39:53",1108200
11.3,0,400,"sd","10:39:50",1107200
11.3,0,1600,"sd","10:39:42",1106800
11.35,0.05,100,"bu","10:39:16",1105200
11.3,0,100,"sd","10:38:23",1105100
11.3,0,100,"sd","10:36:40",1105000
11.3,0,400,"sd","10:36:30",1104900
11.35,0.05,1500,"sd","10:36:25",1104500
11.35,0.05,100,"sd","10:35:50",1103000
11.35,0.05,400,"sd","10:35:40",1102900
11.35,0.05,1000,"sd","10:35:33",1102500
11.35,0.05,400,"sd","10:35:30",1101500
11.35,0.05,400,"sd","10:35:20",1101100
11.35,0.05,1000,"sd","10:35:20",1100700
11.35,0.05,1000,"sd","10:35:13",1099700
11.35,0.05,100,"sd","10:35:00",1098700
11.35,0.05,200,"sd","10:34:57",1098600
11.35,0.05,300,"sd","10:34:50",1098400
11.35,0.05,1000,"bu","10:34:49",1098100
11.3,0,200,"sd","10:34:30",1097100
11.3,0,800,"sd","10:34:20",1096900
11.3,0,800,"sd","10:34:10",1096100
11.35,0.05,2000,"sd","10:34:10",1095300
11.35,0.05,2000,"sd","10:34:09",1093300
11.35,0.05,4000,"sd","10:34:07",1091300
11.35,0.05,500,"sd","10:34:02",1087300
11.35,0.05,3000,"sd","10:34:00",1086800
11.35,0.05,3000,"sd","10:33:55",1083800
11.35,0.05,6200,"sd","10:33:50",1080800
11.35,0.05,700,"sd","10:33:46",1073600
11.35,0.05,20000,"sd","10:33:42",1072900
11.35,0.05,200,"sd","10:33:40",1052900
11.35,0.05,900,"sd","10:33:30",1052700
11.35,0.05,3200,"sd","10:33:20",1051800
11.4,0.1,1500,"bu","10:33:13",1048600
11.35,0.05,9200,"sd","10:33:10",1047100
11.35,0.05,1000,"sd","10:33:08",1037900
11.35,0.05,28000,"sd","10:33:02",1036900
11.35,0.05,1800,"sd","10:33:00",1008900
11.35,0.05,3000,"sd","10:32:55",1007100
11.35,0.05,3000,"sd","10:32:50",1004100
11.35,0.05,5000,"sd","10:32:46",1001100
11.35,0.05,300,"sd","10:32:45",996100
11.35,0.05,5000,"sd","10:32:44",995800
11.35,0.05,200,"sd","10:32:20",990800
11.35,0.05,500,"sd","10:32:16",990600
11.35,0.05,200,"sd","10:32:10",990100
11.35,0.05,700,"sd","10:32:00",989900
11.35,0.05,1600,"sd","10:31:50",989200
11.35,0.05,900,"sd","10:31:50",987600
11.35,0.05,1600,"sd","10:31:49",986700
11.35,0.05,1600,"sd","10:31:48",985100
11.35,0.05,100,"sd","10:31:34",983500
11.35,0.05,200,"sd","10:31:30",983400
11.35,0.05,900,"sd","10:31:20",983200
11.35,0.05,3000,"sd","10:31:15",982300
11.35,0.05,100,"sd","10:30:50",979300
11.35,0.05,100,"sd","10:30:30",979200
11.35,0.05,500,"sd","10:30:21",979100
11.35,0.05,100,"sd","10:29:50",978600
11.35,0.05,600,"sd","10:29:40",978500
11.35,0.05,2000,"sd","10:29:33",977900
11.35,0.05,100,"sd","10:29:10",975900
11.35,0.05,600,"sd","10:29:00",975800
11.4,0.1,2000,"bu","10:28:54",975200
11.35,0.05,300,"sd","10:28:00",973200
11.4,0.1,1000,"bu","10:27:54",972900
11.4,0.1,100,"bu","10:27:49",971900
11.35,0.05,100,"sd","10:27:47",971800
11.35,0.05,100,"sd","10:26:40",971700
11.35,0.05,100,"sd","10:26:37",971600
11.35,0.05,300,"sd","10:26:33",971500
11.4,0.1,200,"bu","10:26:31",971200
11.35,0.05,200,"sd","10:26:00",971000
11.35,0.05,900,"sd","10:25:57",970800
11.35,0.05,100,"sd","10:25:20",969900
11.35,0.05,600,"sd","10:25:10",969800
11.35,0.05,700,"sd","10:25:06",969200
11.4,0.1,1500,"bu","10:25:02",968500
11.35,0.05,100,"sd","10:23:51",967000
11.35,0.05,200,"sd","10:23:40",966900
11.35,0.05,100,"sd","10:23:16",966700
11.35,0.05,200,"sd","10:23:04",966600
11.35,0.05,100,"sd","10:22:36",966400
11.35,0.05,100,"sd","10:21:30",966300
11.35,0.05,600,"sd","10:21:20",966200
11.4,0.1,2100,"bu","10:21:15",965600
11.35,0.05,100,"sd","10:20:00",963500
11.4,0.1,500,"bu","10:19:54",963400
11.35,0.05,300,"sd","10:19:35",962900
11.35,0.05,300,"sd","10:19:09",962600
11.35,0.05,100,"sd","10:18:59",962300
11.35,0.05,500,"sd","10:18:52",962200
11.35,0.05,300,"sd","10:18:10",961700
11.4,0.1,100,"bu","10:18:05",961400
11.35,0.05,1000,"sd","10:18:04",961300
11.35,0.05,100,"sd","10:18:00",960300
11.35,0.05,400,"sd","10:17:50",960200
11.4,0.1,1500,"bu","10:17:43",959800
11.35,0.05,100,"sd","10:17:10",958300
11.35,0.05,600,"sd","10:17:00",958200
11.35,0.05,2300,"sd","10:16:50",957600
11.35,0.05,7800,"sd","10:16:40",955300
11.4,0.1,26200,"bu","10:16:32",947500
11.35,0.05,100,"sd","10:16:30",921300
11.35,0.05,400,"sd","10:16:20",921200
11.35,0.05,1600,"sd","10:16:14",920800
11.35,0.05,100,"sd","10:16:00",919200
11.35,0.05,400,"sd","10:15:50",919100
11.4,0.1,500,"bu","10:15:48",918700
11.35,0.05,1000,"sd","10:15:40",918200
11.35,0.05,500,"sd","10:15:39",917200
11.35,0.05,3000,"sd","10:15:30",916700
11.4,0.1,10000,"bu","10:15:23",913700
11.35,0.05,100,"sd","10:15:23",903700
11.35,0.05,200,"sd","10:15:10",903600
11.35,0.05,700,"sd","10:15:00",903400
11.35,0.05,1600,"sd","10:14:54",902700
11.35,0.05,1000,"sd","10:14:50",901100
11.35,0.05,300,"sd","10:14:40",900100
11.35,0.05,1300,"sd","10:14:30",899800
11.35,0.05,2100,"sd","10:14:22",898500
11.35,0.05,2400,"sd","10:14:20",896400
11.35,0.05,8000,"sd","10:14:18",894000
11.35,0.05,100,"sd","10:14:15",886000
11.35,0.05,100,"sd","10:13:20",885900
11.35,0.05,400,"sd","10:13:10",885800
11.35,0.05,1400,"sd","10:13:00",885400
11.35,0.05,4800,"sd","10:12:51",884000
11.35,0.05,200,"sd","10:12:00",879200
11.35,0.05,100,"sd","10:11:00",879000
11.35,0.05,600,"sd","10:10:50",878900
11.4,0.1,1500,"bu","10:10:42",878300
11.35,0.05,400,"sd","10:10:42",876800
11.35,0.05,200,"sd","10:10:40",876400
11.35,0.05,900,"sd","10:10:34",876200
11.35,0.05,100,"sd","10:10:10",875300
11.35,0.05,500,"sd","10:10:00",875200
11.35,0.05,600,"sd","10:09:54",874700
11.35,0.05,1200,"sd","10:09:50",874100
11.4,0.1,4000,"bu","10:09:48",872900
11.35,0.05,100,"sd","10:09:46",868900
11.35,0.05,100,"sd","10:09:23",868800
11.35,0.05,300,"sd","10:08:30",868700
11.35,0.05,1000,"sd","10:08:25",868400
11.35,0.05,100,"sd","10:07:10",867400
11.3,0,600,"sd","10:07:00",867300
11.35,0.05,2100,"bu","10:06:57",866700
11.3,0,100,"sd","10:06:40",864600
11.35,0.05,400,"bu","10:06:33",864500
11.3,0,100,"sd","10:06:30",864100
11.35,0.05,500,"bu","10:06:24",864000
11.3,0,100,"sd","10:06:10",863500
11.35,0.05,100,"bu","10:06:03",863400
11.3,0,500,"sd","10:06:00",863300
11.35,0.05,1000,"bu","10:05:58",862800
11.35,0.05,500,"bu","10:05:51",861800
11.3,0,300,"sd","10:05:50",861300
11.35,0.05,1000,"bu","10:05:46",861000
11.3,0,100,"sd","10:04:50",860000
11.3,0,500,"sd","10:04:40",859900
11.3,0,300,"sd","10:04:19",859400
11.35,0.05,100,"bu","10:04:18",859100
11.3,0,1200,"sd","10:04:10",859000
11.3,0,2600,"sd","10:04:00",857800
11.35,0.05,13500,"sd","10:03:53",853800
11.35,0.05,100,"sd","10:03:40",840300
11.35,0.05,600,"sd","10:03:30",840200
11.35,0.05,2300,"sd","10:03:20",839600
11.35,0.05,1300,"sd","10:03:13",837300
11.35,0.05,6500,"sd","10:03:10",836000
11.35,0.05,20000,"sd","10:03:06",829500
11.35,0.05,1800,"sd","10:03:00",809500
11.35,0.05,5000,"sd","10:02:59",807700
11.35,0.05,1100,"sd","10:02:50",802700
11.35,0.05,3900,"sd","10:02:40",801600
11.35,0.05,13300,"sd","10:02:34",797700
11.35,0.05,300,"sd","10:02:00",784400
11.35,0.05,1000,"sd","10:01:50",784100
11.35,0.05,3400,"sd","10:01:40",783100
11.35,0.05,11600,"bu","10:01:35",779700
11.3,0,200,"sd","10:01:28",768100
11.3,0,100,"sd","10:00:40",767900
11.3,0,600,"sd","10:00:30",767800
11.3,0,2100,"sd","10:00:20",767200
11.35,0.05,7000,"bu","10:00:18",765100
11.3,0,300,"sd","09:58:40",758100
11.35,0.05,1000,"bu","09:58:36",757800
11.3,0,100,"sd","09:58:10",756800
11.3,0,600,"sd","09:58:00",756700
11.35,0.05,1700,"bu","09:57:54",756100
11.3,0,600,"sd","09:57:50",754400
11.3,0,2300,"sd","09:57:40",753800
11.3,0,7900,"sd","09:57:30",751500
11.35,0.05,26600,"bu","09:57:22",743600
11.35,0.05,200,"bu","09:56:20",717000
11.3,0,100,"sd","09:56:20",716800
11.35,0.05,500,"bu","09:56:18",716700
11.3,0,300,"sd","09:54:30",716200
11.35,0.05,900,"bu","09:54:28",715900
11.35,0.05,300,"bu","09:54:26",715000
11.35,0.05,100,"bu","09:53:28",714700
11.3,0,100,"sd","09:52:50",714600
11.3,0,200,"sd","09:52:41",714500
11.3,0,100,"sd","09:52:30",714300
11.3,0,600,"sd","09:52:20",714200
11.3,0,2000,"sd","09:52:16",713600
11.3,0,300,"sd","09:50:30",711600
11.3,0,1100,"sd","09:50:20",711300
11.3,0,3900,"sd","09:50:10",710200
11.35,0.05,9000,"bu","09:50:08",706300
11.3,0,4100,"sd","09:50:02",697300
11.3,0,100,"sd","09:50:00",693200
11.3,0,600,"sd","09:49:50",693100
11.3,0,100,"sd","09:49:46",692500
11.35,0.05,1500,"bu","09:49:44",692400
11.3,0,600,"sd","09:49:40",690900
11.3,0,2000,"sd","09:49:29",690300
11.3,0,100,"sd","09:49:10",688300
11.3,0,400,"sd","09:49:00",688200
11.3,0,1500,"sd","09:48:50",687800
11.35,0.05,5000,"bu","09:48:43",686300
11.3,0,300,"sd","09:48:30",681300
11.35,0.05,200,"bu","09:48:29",681000
11.3,0,900,"sd","09:48:19",680800
11.35,0.05,3000,"bu","09:48:10",679900
11.3,0,100,"sd","09:48:10",676900
11.3,0,600,"sd","09:48:00",676800
11.3,0,2000,"sd","09:47:50",676200
11.35,0.05,4200,"bu","09:47:48",674200
11.35,0.05,100,"bu","09:47:47",670000
11.3,0,2600,"sd","09:47:40",669900
11.35,0.05,2700,"bu","09:47:37",667300
11.35,0.05,200,"bu","09:47:33",664600
11.3,0,6000,"sd","09:47:29",664400
11.35,0.05,20000,"bu","09:47:23",658400
11.35,0.05,300,"bu","09:47:12",638400
11.3,0,200,"sd","09:46:20",638100
11.3,0,900,"sd","09:46:10",637900
11.3,0,3100,"sd","09:46:00",637000
11.3,0,10500,"sd","09:45:50",633900
11.35,0.05,20000,"bu","09:45:44",623400
11.3,0,15000,"sd","09:45:40",603400
11.35,0.05,50000,"bu","09:45:37",588400
11.3,0,100,"sd","09:44:20",538400
11.35,0.05,400,"bu","09:44:13",538300
11.35,0.05,100,"bu","09:44:09",537900
11.3,0,300,"sd","09:43:40",537800
11.35,0.05,300,"bu","09:43:38",537500
11.35,0.05,100,"bu","09:43:33",537200
11.35,0.05,700,"bu","09:43:31",537100
11.35,0.05,200,"bu","09:43:14",536400
11.3,0,100,"sd","09:42:51",536200
11.3,0,100,"sd","09:42:40",536100
11.35,0.05,400,"bu","09:42:30",536000
11.35,0.05,100,"bu","09:41:53",535600
11.35,0.05,100,"bu","09:41:14",535500
11.3,0,200,"sd","09:38:50",535400
11.3,0,800,"sd","09:38:39",535200
11.3,0,2700,"sd","09:38:30",534400
11.35,0.05,9000,"bu","09:38:20",531700
11.3,0,300,"sd","09:37:46",522700
11.3,0,100,"sd","09:36:00",522400
11.35,0.05,100,"bu","09:35:59",522300
11.3,0,300,"sd","09:35:50",522200
11.3,0,400,"sd","09:35:49",521900
11.3,0,600,"sd","09:35:39",521500
11.3,0,2000,"sd","09:35:32",520900
11.3,0,100,"sd","09:34:50",518900
11.3,0,400,"sd","09:34:41",518800
11.3,0,100,"sd","09:34:00",518400
11.35,0.05,200,"bu","09:33:56",518300
11.3,0,300,"sd","09:33:50",518100
11.3,0,1000,"sd","09:33:40",517800
11.3,0,3400,"sd","09:33:30",516800
11.4,0.1,500,"bu","09:33:23",513400
11.35,0.05,500,"bu","09:33:23",512900
11.3,0,10600,"sd","09:33:20",512400
11.35,0.05,34500,"sd","09:33:18",501800
11.35,0.05,900,"sd","09:33:10",467300
11.35,0.05,1000,"sd","09:33:05",466400
11.35,0.05,2000,"sd","09:33:02",465400
11.35,0.05,300,"sd","09:31:00",463400
11.35,0.05,1000,"sd","09:30:58",463100
11.35,0.05,300,"sd","09:30:19",462100
11.35,0.05,1100,"sd","09:30:10",461800
11.35,0.05,100,"sd","09:30:06",460700
11.35,0.05,3600,"sd","09:30:00",460600
11.35,0.05,100,"sd","09:29:55",457000
11.35,0.05,12000,"sd","09:29:50",456900
11.35,0.05,19700,"sd","09:29:43",444900
11.35,0.05,20300,"sd","09:29:43",425200
11.35,0.05,300,"sd","09:29:30",404900
11.35,0.05,1000,"sd","09:29:29",404600
11.35,0.05,200,"sd","09:28:20",403600
11.35,0.05,900,"sd","09:28:10",403400
11.35,0.05,1000,"sd","09:28:02",402500
11.35,0.05,2000,"sd","09:28:01",401500
11.35,0.05,100,"sd","09:27:20",399500
11.35,0.05,600,"sd","09:27:10",399400
11.35,0.05,2100,"sd","09:27:00",398800
11.35,0.05,7000,"sd","09:26:50",396700
11.35,0.05,100,"sd","09:26:49",389700
11.4,0.1,300,"bu","09:26:40",389600
11.35,0.05,100,"sd","09:26:40",389300
11.35,0.05,600,"sd","09:26:30",389200
11.4,0.1,300,"bu","09:26:23",388600
11.4,0.1,500,"bu","09:26:20",388300
11.35,0.05,1500,"sd","09:26:20",387800
11.4,0.1,5000,"bu","09:26:11",386300
11.35,0.05,100,"sd","09:26:10",381300
11.35,0.05,600,"sd","09:26:00",381200
11.35,0.05,2100,"sd","09:25:50",380600
11.35,0.05,7200,"sd","09:25:39",378500
11.35,0.05,24000,"sd","09:25:30",371300
11.4,0.1,41000,"bu","09:25:21",347300
11.4,0.1,39000,"bu","09:25:21",306300
11.35,0.05,200,"sd","09:25:20",267300
11.35,0.05,800,"sd","09:25:18",267100
11.35,0.05,100,"sd","09:24:44",266300
11.4,0.1,100,"bu","09:23:57",266200
11.35,0.05,100,"sd","09:23:50",266100
11.35,0.05,500,"sd","09:23:40",266000
11.35,0.05,1800,"sd","09:23:29",265500
11.35,0.05,6000,"sd","09:23:19",263700
11.35,0.05,20000,"sd","09:23:10",257700
11.35,0.05,100,"sd","09:21:50",237700
11.35,0.05,400,"sd","09:21:40",237600
11.35,0.05,1000,"sd","09:21:30",237200
11.35,0.05,300,"sd","09:21:30",236200
11.35,0.05,100,"sd","09:21:29",235900
11.35,0.05,1100,"sd","09:21:20",235800
11.35,0.05,3700,"sd","09:21:10",234700
11.4,0.1,4000,"bu","09:21:02",231000
11.35,0.05,8500,"sd","09:21:00",227000
11.35,0.05,28500,"sd","09:20:50",218500
11.4,0.1,200,"bu","09:20:48",190000
11.4,0.1,90000,"bu","09:20:42",189800
11.35,0.05,5000,"sd","09:20:40",99800
11.4,0.1,100,"bu","09:20:15",94800
11.35,0.05,200,"sd","09:19:56",94700
11.35,0.05,300,"sd","09:19:00",94500
11.35,0.05,1200,"sd","09:18:50",94200
11.35,0.05,4000,"sd","09:18:40",93000
11.3,0,9200,"sd","09:18:30",89000
11.35,0.05,4400,"sd","09:18:30",79800
11.35,0.05,45600,"bu","09:18:28",75400
11.3,0,100,"sd","09:18:07",29800
11.3,0,100,"sd","09:17:20",29700
11.35,0.05,600,"bu","09:17:11",29600
11.35,0.05,100,"bu","09:16:18",29000
11.35,0.05,100,"bu","09:15:49",28900
11.35,0.05,300,"bu","09:15:44",28800
11.35,0.05,28500,"","09:15:01",28500
