"price","change","match_qtty","side","time","total_vol"
27.8,-0.35,1058300,"","14:45:05",12029500
27.95,-0.2,200,"sd","14:30:00",10971200
28,-0.15,100,"bu","14:29:57",10971000
28,-0.15,500,"bu","14:29:56",10970900
28,-0.15,1000,"bu","14:29:55",10970400
28,-0.15,10000,"bu","14:29:54",10969400
27.95,-0.2,2000,"sd","14:29:51",10959400
28,-0.15,2500,"bu","14:29:50",10957400
28,-0.15,100,"bu","14:29:49",10954900
28,-0.15,500,"bu","14:29:37",10954800
28,-0.15,700,"bu","14:29:32",10954300
27.95,-0.2,1200,"sd","14:29:28",10953600
27.95,-0.2,2000,"sd","14:29:20",10952400
27.95,-0.2,500,"sd","14:29:16",10950400
28,-0.15,1400,"bu","14:29:11",10949900
27.95,-0.2,5000,"sd","14:29:11",10948500
27.95,-0.2,1000,"sd","14:29:10",10943500
27.95,-0.2,10000,"sd","14:29:09",10942500
27.95,-0.2,10000,"sd","14:29:07",10932500
27.95,-0.2,5000,"sd","14:29:05",10922500
27.95,-0.2,1000,"sd","14:28:59",10917500
27.95,-0.2,100,"sd","14:28:56",10916500
27.95,-0.2,6000,"bu","14:28:53",10916400
27.95,-0.2,100,"bu","14:28:50",10910400
27.9,-0.25,900,"sd","14:28:48",10910300
27.95,-0.2,1000,"sd","14:28:44",10909400
27.95,-0.2,500,"sd","14:28:44",10908400
27.95,-0.2,2200,"bu","14:28:41",10907900
27.95,-0.2,500,"bu","14:28:38",10905700
27.9,-0.25,900,"sd","14:28:38",10905200
27.95,-0.2,100,"bu","14:28:29",10904300
27.9,-0.25,1000,"sd","14:28:28",10904200
27.95,-0.2,300,"bu","14:28:19",10903200
27.9,-0.25,1000,"sd","14:28:16",10902900
28,-0.15,1600,"bu","14:28:06",10901900
27.95,-0.2,3400,"bu","14:28:06",10900300
27.9,-0.25,1000,"sd","14:28:06",10896900
27.95,-0.2,400,"bu","14:28:06",10895900
27.95,-0.2,6700,"sd","14:28:04",10895500
27.95,-0.2,200,"sd","14:27:59",10888800
27.95,-0.2,20700,"sd","14:27:56",10888600
27.95,-0.2,900,"sd","14:27:55",10867900
28,-0.15,500,"bu","14:27:51",10867000
28,-0.15,1000,"bu","14:27:49",10866500
27.95,-0.2,200,"sd","14:27:46",10865500
27.95,-0.2,1000,"sd","14:27:45",10865300
27.95,-0.2,3900,"sd","14:27:39",10864300
28,-0.15,200,"bu","14:27:38",10860400
27.95,-0.2,2000,"sd","14:27:36",10860200
27.95,-0.2,1000,"sd","14:27:34",10858200
28,-0.15,200,"bu","14:27:24",10857200
27.95,-0.2,1000,"sd","14:27:23",10857000
27.95,-0.2,2000,"sd","14:27:20",10856000
27.95,-0.2,47600,"bu","14:27:19",10854000
27.9,-0.25,900,"sd","14:27:13",10806400
27.9,-0.25,100,"sd","14:27:05",10805500
27.9,-0.25,1000,"sd","14:27:03",10805400
27.95,-0.2,100,"bu","14:27:02",10804400
27.95,-0.2,60000,"bu","14:27:01",10804300
27.95,-0.2,2000,"bu","14:26:57",10744300
27.95,-0.2,5800,"sd","14:26:52",10742300
27.95,-0.2,1000,"sd","14:26:51",10736500
27.95,-0.2,300,"sd","14:26:50",10735500
27.95,-0.2,5000,"sd","14:26:48",10735200
27.95,-0.2,50000,"sd","14:26:46",10730200
27.95,-0.2,4000,"sd","14:26:43",10680200
27.95,-0.2,10000,"sd","14:26:42",10676200
27.95,-0.2,1000,"sd","14:26:41",10666200
27.95,-0.2,4200,"sd","14:26:41",10665200
27.95,-0.2,5000,"sd","14:26:40",10661000
27.95,-0.2,1000,"sd","14:26:37",10656000
27.95,-0.2,2500,"sd","14:26:32",10655000
27.95,-0.2,900,"sd","14:26:30",10652500
27.95,-0.2,500,"sd","14:26:25",10651600
27.95,-0.2,1000,"sd","14:26:24",10651100
27.95,-0.2,1000,"sd","14:26:19",10650100
27.95,-0.2,200,"sd","14:26:19",10649100
27.95,-0.2,7000,"sd","14:26:15",10648900
28,-0.15,200,"bu","14:26:14",10641900
27.95,-0.2,1000,"sd","14:26:10",10641700
27.95,-0.2,1000,"sd","14:26:06",10640700
27.95,-0.2,6000,"sd","14:26:05",10639700
28,-0.15,6100,"bu","14:26:04",10633700
27.95,-0.2,3100,"sd","14:26:03",10627600
27.95,-0.2,1500,"sd","14:26:00",10624500
27.95,-0.2,1000,"sd","14:25:58",10623000
27.95,-0.2,1000,"sd","14:25:55",10622000
27.95,-0.2,500,"sd","14:25:52",10621000
27.95,-0.2,2400,"sd","14:25:47",10620500
27.95,-0.2,1000,"sd","14:25:42",10618100
27.95,-0.2,1000,"sd","14:25:37",10617100
27.95,-0.2,2100,"sd","14:25:30",10616100
27.95,-0.2,10000,"sd","14:25:29",10614000
27.95,-0.2,1000,"sd","14:25:26",10604000
27.95,-0.2,1000,"sd","14:25:23",10603000
27.95,-0.2,3000,"sd","14:25:22",10602000
27.95,-0.2,2000,"sd","14:25:21",10599000
27.95,-0.2,1000,"sd","14:25:19",10597000
28,-0.15,200,"bu","14:25:19",10596000
27.95,-0.2,1000,"sd","14:25:16",10595800
27.95,-0.2,6000,"sd","14:25:16",10594800
27.95,-0.2,1000,"sd","14:25:14",10588800
27.95,-0.2,3800,"sd","14:25:10",10587800
28,-0.15,500,"bu","14:25:08",10584000
27.95,-0.2,900,"sd","14:25:05",10583500
27.95,-0.2,5000,"sd","14:25:00",10582600
28,-0.15,4500,"bu","14:24:56",10577600
28,-0.15,200,"bu","14:24:55",10573100
27.95,-0.2,3600,"sd","14:24:54",10572900
27.95,-0.2,3900,"sd","14:24:44",10569300
27.95,-0.2,400,"sd","14:24:44",10565400
27.95,-0.2,300,"sd","14:24:38",10565000
27.95,-0.2,1000,"sd","14:24:33",10564700
27.95,-0.2,3200,"sd","14:24:33",10563700
27.95,-0.2,200,"sd","14:24:32",10560500
27.95,-0.2,2000,"sd","14:24:31",10560300
27.95,-0.2,100,"sd","14:24:29",10558300
27.95,-0.2,900,"sd","14:24:23",10558200
27.95,-0.2,3600,"sd","14:24:21",10557300
27.95,-0.2,1000,"sd","14:24:17",10553700
27.95,-0.2,2000,"sd","14:24:16",10552700
27.95,-0.2,1000,"sd","14:24:13",10550700
27.95,-0.2,8400,"sd","14:24:09",10549700
27.95,-0.2,200,"sd","14:24:06",10541300
27.95,-0.2,8000,"sd","14:24:01",10541100
27.95,-0.2,1000,"sd","14:24:01",10533100
27.95,-0.2,1000,"sd","14:23:59",10532100
27.95,-0.2,1000,"sd","14:23:50",10531100
27.95,-0.2,3500,"sd","14:23:47",10530100
27.95,-0.2,100,"sd","14:23:42",10526600
27.95,-0.2,900,"sd","14:23:40",10526500
27.95,-0.2,500,"sd","14:23:40",10525600
27.95,-0.2,3500,"sd","14:23:34",10525100
27.95,-0.2,300,"sd","14:23:33",10521600
28,-0.15,6000,"bu","14:23:32",10521300
27.95,-0.2,1000,"sd","14:23:29",10515300
27.95,-0.2,1100,"sd","14:23:25",10514300
27.95,-0.2,4200,"sd","14:23:20",10513200
27.95,-0.2,200,"sd","14:23:19",10509000
27.95,-0.2,1000,"sd","14:23:18",10508800
27.95,-0.2,1000,"sd","14:23:09",10507800
27.95,-0.2,1000,"sd","14:23:06",10506800
27.95,-0.2,5000,"sd","14:23:03",10505800
27.95,-0.2,900,"sd","14:22:57",10500800
27.95,-0.2,100,"sd","14:22:52",10499900
27.95,-0.2,1000,"sd","14:22:47",10499800
27.95,-0.2,600,"sd","14:22:44",10498800
27.95,-0.2,3600,"sd","14:22:43",10498200
27.95,-0.2,900,"sd","14:22:40",10494600
27.95,-0.2,1000,"sd","14:22:36",10493700
27.9,-0.25,7300,"sd","14:22:29",10492700
27.95,-0.2,1100,"sd","14:22:29",10485400
28,-0.15,200,"bu","14:22:27",10484300
27.95,-0.2,1000,"sd","14:22:25",10484100
27.95,-0.2,200,"sd","14:22:24",10483100
27.95,-0.2,1000,"sd","14:22:23",10482900
28,-0.15,200,"bu","14:22:23",10481900
27.95,-0.2,59700,"bu","14:22:19",10481700
27.9,-0.25,1000,"sd","14:22:15",10422000
27.9,-0.25,9300,"bu","14:22:08",10421000
27.85,-0.3,900,"sd","14:22:04",10411700
27.9,-0.25,16000,"bu","14:22:02",10410800
27.9,-0.25,1000,"bu","14:22:00",10394800
27.9,-0.25,5000,"bu","14:21:57",10393800
27.85,-0.3,1000,"sd","14:21:53",10388800
27.9,-0.25,100,"bu","14:21:52",10387800
27.85,-0.3,1000,"sd","14:21:43",10387700
27.9,-0.25,3300,"bu","14:21:42",10386700
27.9,-0.25,2000,"bu","14:21:40",10383400
27.9,-0.25,1000,"bu","14:21:36",10381400
27.85,-0.3,1000,"sd","14:21:32",10380400
27.9,-0.25,2000,"bu","14:21:31",10379400
27.9,-0.25,100,"bu","14:21:28",10377400
27.85,-0.3,900,"sd","14:21:22",10377300
27.85,-0.3,5100,"sd","14:21:15",10376400
27.85,-0.3,1000,"sd","14:21:11",10371300
27.9,-0.25,600,"bu","14:21:10",10370300
27.9,-0.25,100,"bu","14:21:05",10369700
27.9,-0.25,40300,"sd","14:21:03",10369600
27.9,-0.25,1000,"sd","14:21:00",10329300
27.9,-0.25,1500,"sd","14:20:58",10328300
27.9,-0.25,2300,"sd","14:20:55",10326800
27.9,-0.25,1600,"sd","14:20:51",10324500
27.9,-0.25,1000,"sd","14:20:50",10322900
27.9,-0.25,2700,"sd","14:20:45",10321900
27.9,-0.25,900,"sd","14:20:39",10319200
27.9,-0.25,9000,"sd","14:20:35",10318300
27.9,-0.25,1000,"sd","14:20:28",10309300
27.9,-0.25,1000,"sd","14:20:18",10308300
27.9,-0.25,500,"sd","14:20:12",10307300
27.9,-0.25,1000,"sd","14:20:07",10306800
27.9,-0.25,3200,"sd","14:19:59",10305800
27.9,-0.25,900,"sd","14:19:56",10302600
27.9,-0.25,6300,"sd","14:19:46",10301700
27.9,-0.25,100,"sd","14:19:40",10295400
27.9,-0.25,100,"sd","14:19:39",10295300
27.9,-0.25,1000,"sd","14:19:35",10295200
27.95,-0.2,500,"bu","14:19:32",10294200
27.95,-0.2,3000,"bu","14:19:27",10293700
27.9,-0.25,8600,"sd","14:19:26",10290700
27.9,-0.25,1000,"sd","14:19:24",10282100
27.9,-0.25,900,"sd","14:19:14",10281100
27.9,-0.25,2000,"sd","14:19:10",10280200
27.95,-0.2,300,"bu","14:19:07",10278200
27.9,-0.25,1000,"sd","14:19:03",10277900
27.9,-0.25,5000,"sd","14:19:01",10276900
27.95,-0.2,500,"bu","14:18:57",10271900
27.9,-0.25,2500,"sd","14:18:54",10271400
27.9,-0.25,8000,"sd","14:18:52",10268900
27.9,-0.25,100,"sd","14:18:46",10260900
27.9,-0.25,700,"sd","14:18:45",10260800
27.9,-0.25,1000,"sd","14:18:42",10260100
27.9,-0.25,8100,"sd","14:18:40",10259100
27.9,-0.25,6100,"sd","14:18:35",10251000
27.9,-0.25,900,"sd","14:18:31",10244900
27.9,-0.25,1300,"sd","14:18:30",10244000
27.95,-0.2,9300,"bu","14:18:30",10242700
27.9,-0.25,500,"sd","14:18:26",10233400
27.9,-0.25,100,"bu","14:18:24",10232900
27.85,-0.3,18000,"sd","14:18:23",10232800
27.95,-0.2,800,"bu","14:18:22",10213700
27.9,-0.25,1000,"sd","14:18:21",10212900
27.95,-0.2,2000,"bu","14:18:16",10211900
27.85,-0.3,15800,"sd","14:18:13",10209900
27.85,-0.3,18600,"sd","14:18:13",10194100
27.9,-0.25,15600,"sd","14:18:13",10175500
27.9,-0.25,300,"sd","14:18:12",10159900
27.9,-0.25,1000,"sd","14:18:10",10159600
27.9,-0.25,4000,"sd","14:18:09",10158600
27.9,-0.25,1000,"sd","14:18:07",10154600
27.9,-0.25,50000,"sd","14:18:06",10153600
27.9,-0.25,1200,"sd","14:18:04",10103600
27.9,-0.25,1600,"sd","14:18:03",10102400
27.9,-0.25,3000,"sd","14:18:01",10100800
27.9,-0.25,1000,"sd","14:17:59",10097800
27.9,-0.25,900,"sd","14:17:49",10096800
27.9,-0.25,300,"sd","14:17:39",10095900
27.9,-0.25,700,"sd","14:17:38",10095600
27.9,-0.25,500,"sd","14:17:31",10094900
27.9,-0.25,1000,"sd","14:17:28",10094400
27.9,-0.25,1000,"sd","14:17:17",10093400
27.95,-0.2,500,"bu","14:17:14",10092400
27.9,-0.25,5000,"sd","14:17:13",10091900
27.95,-0.2,100,"bu","14:17:09",10086900
27.9,-0.25,1000,"sd","14:17:07",10086800
27.9,-0.25,900,"sd","14:17:06",10085800
27.95,-0.2,200,"bu","14:17:06",10084900
27.9,-0.25,1000,"sd","14:17:04",10084700
27.9,-0.25,200,"sd","14:17:01",10083700
27.9,-0.25,300,"sd","14:17:00",10083500
27.9,-0.25,1000,"sd","14:16:55",10083200
27.9,-0.25,100,"sd","14:16:49",10082200
27.95,-0.2,300,"bu","14:16:47",10082100
27.9,-0.25,1000,"sd","14:16:45",10081800
27.95,-0.2,100,"bu","14:16:45",10080800
27.9,-0.25,400,"sd","14:16:38",10080700
27.9,-0.25,11500,"sd","14:16:34",10080300
27.95,-0.2,100,"bu","14:16:33",10068800
27.9,-0.25,900,"sd","14:16:23",10068700
27.9,-0.25,1000,"sd","14:16:15",10067800
27.9,-0.25,1000,"sd","14:16:13",10066800
27.9,-0.25,6400,"sd","14:16:11",10065800
27.95,-0.2,1800,"bu","14:16:11",10059400
27.9,-0.25,400,"sd","14:16:03",10057600
27.9,-0.25,600,"sd","14:16:02",10057200
27.95,-0.2,1000,"bu","14:16:01",10056600
27.95,-0.2,200,"bu","14:15:59",10055600
27.95,-0.2,45000,"sd","14:15:53",10055400
27.95,-0.2,9000,"sd","14:15:52",10010400
27.95,-0.2,500,"sd","14:15:51",10001400
27.95,-0.2,300,"sd","14:15:50",10000900
27.95,-0.2,5000,"sd","14:15:48",10000600
27.95,-0.2,5000,"sd","14:15:46",9995600
27.95,-0.2,7800,"sd","14:15:45",9990600
27.95,-0.2,5000,"sd","14:15:44",9982800
27.95,-0.2,4000,"sd","14:15:43",9977800
27.95,-0.2,2000,"sd","14:15:42",9973800
27.95,-0.2,10000,"sd","14:15:42",9971800
28,-0.15,200,"bu","14:15:41",9961800
27.95,-0.2,1300,"sd","14:15:41",9961600
27.95,-0.2,100000,"sd","14:15:39",9960300
27.95,-0.2,1000,"sd","14:15:30",9860300
27.95,-0.2,500,"sd","14:15:30",9859300
27.95,-0.2,400,"sd","14:15:28",9858800
27.95,-0.2,500,"sd","14:15:26",9858400
28,-0.15,200,"bu","14:15:24",9857900
27.95,-0.2,1000,"sd","14:15:21",9857700
27.95,-0.2,4300,"sd","14:15:15",9856700
28,-0.15,600,"bu","14:15:11",9852400
27.95,-0.2,1000,"sd","14:15:09",9851800
27.95,-0.2,1900,"sd","14:14:58",9850800
27.95,-0.2,5100,"sd","14:14:57",9848900
28,-0.15,200,"bu","14:14:52",9843800
27.95,-0.2,1000,"sd","14:14:48",9843600
28,-0.15,100,"bu","14:14:41",9842600
27.95,-0.2,2000,"sd","14:14:40",9842500
27.95,-0.2,3000,"sd","14:14:39",9840500
27.95,-0.2,5600,"sd","14:14:37",9837500
28,-0.15,300,"bu","14:14:36",9831900
27.95,-0.2,7200,"sd","14:14:36",9831600
27.95,-0.2,26700,"sd","14:14:34",9824400
28,-0.15,2000,"bu","14:14:32",9797700
27.95,-0.2,7200,"sd","14:14:26",9795700
27.95,-0.2,9800,"sd","14:14:18",9788500
28,-0.15,5000,"bu","14:14:16",9778700
27.95,-0.2,900,"sd","14:14:16",9773700
28,-0.15,200,"bu","14:14:16",9772800
28,-0.15,400,"bu","14:14:15",9772600
28,-0.15,300,"bu","14:14:09",9772200
27.95,-0.2,4700,"sd","14:14:06",9771900
27.95,-0.2,1000,"sd","14:14:05",9767200
28,-0.15,500,"bu","14:14:04",9766200
28,-0.15,1000,"bu","14:14:01",9765700
28,-0.15,3000,"bu","14:13:57",9764700
28,-0.15,2000,"bu","14:13:56",9761700
28,-0.15,200,"bu","14:13:55",9759700
28,-0.15,500,"bu","14:13:54",9759500
27.95,-0.2,1000,"sd","14:13:54",9759000
28,-0.15,2000,"bu","14:13:54",9758000
27.95,-0.2,4900,"sd","14:13:53",9756000
28,-0.15,200,"bu","14:13:49",9751100
27.95,-0.2,3700,"sd","14:13:47",9750900
27.95,-0.2,1000,"sd","14:13:45",9747200
28,-0.15,400,"bu","14:13:42",9746200
28,-0.15,4800,"bu","14:13:41",9745800
28,-0.15,100,"bu","14:13:38",9741000
28,-0.15,600,"bu","14:13:34",9740900
27.95,-0.2,900,"sd","14:13:33",9740300
27.95,-0.2,7300,"sd","14:13:33",9739400
28,-0.15,1200,"bu","14:13:28",9732100
28,-0.15,4700,"bu","14:13:26",9730900
28,-0.15,12500,"sd","14:13:25",9726200
28,-0.15,1000,"sd","14:13:23",9713700
28.05,-0.1,400,"bu","14:13:22",9712700
28,-0.15,500,"sd","14:13:15",9712300
28,-0.15,3500,"sd","14:13:14",9711800
28,-0.15,1000,"sd","14:13:12",9708300
28,-0.15,500,"sd","14:13:12",9707300
28,-0.15,10000,"sd","14:13:10",9706800
28.05,-0.1,500,"bu","14:13:07",9696800
28,-0.15,200,"sd","14:13:07",9696300
28.05,-0.1,200,"bu","14:13:04",9696100
28,-0.15,10300,"sd","14:13:03",9695900
28,-0.15,1200,"sd","14:13:01",9685600
28.05,-0.1,200,"bu","14:13:00",9684400
28,-0.15,100,"sd","14:12:57",9684200
28,-0.15,900,"sd","14:12:51",9684100
28,-0.15,7000,"sd","14:12:44",9683200
28,-0.15,1000,"sd","14:12:43",9676200
28,-0.15,1000,"sd","14:12:40",9675200
28,-0.15,100,"sd","14:12:36",9674200
28,-0.15,1000,"sd","14:12:29",9674100
28.05,-0.1,100,"bu","14:12:28",9673100
28,-0.15,3100,"sd","14:12:23",9673000
28,-0.15,1000,"sd","14:12:19",9669900
28.05,-0.1,200,"bu","14:12:14",9668900
28,-0.15,3700,"sd","14:12:10",9668700
28,-0.15,900,"sd","14:12:08",9665000
28,-0.15,300,"sd","14:12:07",9664100
28.05,-0.1,200,"bu","14:12:04",9663800
28,-0.15,1100,"sd","14:12:04",9663600
28,-0.15,1000,"sd","14:12:02",9662500
28,-0.15,1000,"sd","14:11:57",9661500
28,-0.15,4400,"sd","14:11:57",9660500
28.05,-0.1,200,"bu","14:11:49",9656100
28,-0.15,1000,"sd","14:11:47",9655900
28.05,-0.1,200,"bu","14:11:47",9654900
28.05,-0.1,1000,"bu","14:11:46",9654700
28,-0.15,200,"sd","14:11:44",9653700
28,-0.15,3200,"bu","14:11:42",9653500
28,-0.15,46800,"sd","14:11:41",9650300
28.05,-0.1,1000,"bu","14:11:38",9603500
28,-0.15,1000,"sd","14:11:36",9602500
28,-0.15,100,"sd","14:11:35",9601500
28,-0.15,10200,"sd","14:11:31",9601400
28,-0.15,10000,"sd","14:11:29",9591200
28,-0.15,2700,"bu","14:11:28",9581200
28,-0.15,300,"bu","14:11:27",9578500
27.95,-0.2,900,"sd","14:11:26",9578200
28,-0.15,2000,"bu","14:11:26",9577300
28,-0.15,1000,"bu","14:11:24",9575300
28,-0.15,2000,"bu","14:11:22",9574300
28,-0.15,3000,"bu","14:11:21",9572300
28,-0.15,5000,"bu","14:11:19",9569300
28,-0.15,2200,"bu","14:11:18",9564300
28,-0.15,7500,"bu","14:11:15",9562100
27.95,-0.2,1000,"sd","14:11:15",9554600
28,-0.15,2600,"bu","14:11:15",9553600
28,-0.15,15000,"bu","14:11:12",9551000
28,-0.15,1100,"bu","14:11:11",9536000
28,-0.15,2000,"bu","14:11:10",9534900
28,-0.15,4000,"bu","14:11:09",9532900
28,-0.15,4000,"bu","14:11:08",9528900
28,-0.15,200,"bu","14:11:07",9524900
27.95,-0.2,1000,"sd","14:11:04",9524700
28,-0.15,2400,"bu","14:11:02",9523700
28,-0.15,10000,"bu","14:11:00",9521300
28,-0.15,2200,"bu","14:10:55",9511300
27.95,-0.2,1000,"sd","14:10:54",9509100
27.95,-0.2,100,"sd","14:10:54",9508100
28,-0.15,40000,"bu","14:10:52",9508000
27.95,-0.2,100,"sd","14:10:50",9468000
28,-0.15,15500,"bu","14:10:49",9467900
27.95,-0.2,900,"sd","14:10:43",9452400
27.95,-0.2,12400,"sd","14:10:36",9451500
27.95,-0.2,1000,"sd","14:10:32",9439100
28,-0.15,200,"bu","14:10:24",9438100
27.95,-0.2,1000,"sd","14:10:22",9437900
28,-0.15,200,"bu","14:10:18",9436900
28,-0.15,1000,"bu","14:10:16",9436700
28,-0.15,4000,"bu","14:10:15",9435700
27.95,-0.2,2000,"sd","14:10:11",9431700
28,-0.15,5100,"bu","14:10:04",9429700
28,-0.15,500,"bu","14:10:03",9424600
28,-0.15,500,"bu","14:10:01",9424100
27.95,-0.2,900,"sd","14:10:00",9423600
28,-0.15,500,"bu","14:10:00",9422700
28,-0.15,1000,"bu","14:09:59",9422200
28,-0.15,5000,"bu","14:09:56",9421200
28,-0.15,1000,"bu","14:09:52",9416200
27.95,-0.2,1000,"sd","14:09:50",9415200
28,-0.15,200,"bu","14:09:50",9414200
27.95,-0.2,6700,"sd","14:09:47",9414000
28,-0.15,13600,"bu","14:09:44",9407300
28,-0.15,1200,"bu","14:09:41",9393700
27.95,-0.2,1000,"sd","14:09:39",9392500
28,-0.15,100,"bu","14:09:39",9391500
28,-0.15,200,"bu","14:09:38",9391400
28,-0.15,8200,"bu","14:09:36",9391200
28,-0.15,700,"bu","14:09:35",9383000
28,-0.15,200,"bu","14:09:31",9382300
28,-0.15,200,"bu","14:09:29",9382100
27.95,-0.2,1000,"sd","14:09:28",9381900
28,-0.15,200,"bu","14:09:27",9380900
27.95,-0.2,2000,"sd","14:09:24",9380700
28,-0.15,1100,"bu","14:09:22",9378700
28,-0.15,200,"bu","14:09:21",9377600
27.95,-0.2,1000,"sd","14:09:18",9377400
28,-0.15,15500,"bu","14:09:18",9376400
27.95,-0.2,1000,"sd","14:09:17",9360900
28,-0.15,200,"bu","14:09:13",9359900
27.95,-0.2,900,"sd","14:09:07",9359700
28,-0.15,800,"bu","14:09:06",9358800
27.95,-0.2,500,"sd","14:09:00",9358000
28,-0.15,300,"bu","14:09:00",9357500
27.95,-0.2,1000,"sd","14:08:57",9357200
28,-0.15,100,"bu","14:08:52",9356200
28,-0.15,500,"bu","14:08:50",9356100
27.95,-0.2,1000,"sd","14:08:46",9355600
28,-0.15,1000,"bu","14:08:42",9354600
28,-0.15,200,"bu","14:08:39",9353600
27.95,-0.2,1000,"sd","14:08:35",9353400
28,-0.15,200,"bu","14:08:32",9352400
27.95,-0.2,1000,"sd","14:08:32",9352200
27.95,-0.2,900,"sd","14:08:26",9351200
27.95,-0.2,500,"sd","14:08:23",9350300
27.95,-0.2,76600,"bu","14:08:16",9349800
27.9,-0.25,1000,"sd","14:08:14",9273200
27.95,-0.2,300,"bu","14:08:14",9272200
27.9,-0.25,2600,"sd","14:08:14",9271900
27.95,-0.2,15500,"bu","14:08:13",9269300
27.95,-0.2,10000,"bu","14:08:12",9253800
27.95,-0.2,2000,"bu","14:08:10",9243800
27.9,-0.25,6200,"sd","14:08:04",9241800
27.9,-0.25,1000,"sd","14:08:03",9235600
27.95,-0.2,1000,"bu","14:08:02",9234600
27.95,-0.2,5400,"bu","14:07:57",9233600
27.9,-0.25,1000,"sd","14:07:53",9228200
27.95,-0.2,200,"bu","14:07:50",9227200
27.9,-0.25,1000,"sd","14:07:45",9227000
27.9,-0.25,900,"sd","14:07:42",9226000
27.9,-0.25,7900,"sd","14:07:39",9225100
27.95,-0.2,100,"bu","14:07:37",9217200
27.95,-0.2,300,"bu","14:07:37",9217100
27.95,-0.2,2000,"bu","14:07:34",9216800
27.95,-0.2,4000,"bu","14:07:33",9214800
27.9,-0.25,1000,"sd","14:07:31",9210800
27.95,-0.2,1000,"bu","14:07:23",9209800
27.9,-0.25,1000,"sd","14:07:21",9208800
27.9,-0.25,1000,"sd","14:07:18",9207800
27.9,-0.25,100,"sd","14:07:15",9206800
27.95,-0.2,500,"bu","14:07:14",9206700
27.9,-0.25,1000,"sd","14:07:10",9206200
27.9,-0.25,8900,"sd","14:07:08",9205200
27.95,-0.2,1000,"bu","14:07:07",9196300
27.9,-0.25,900,"sd","14:06:59",9195300
27.9,-0.25,1800,"sd","14:06:51",9194400
27.9,-0.25,1000,"sd","14:06:49",9192600
27.95,-0.2,15500,"bu","14:06:49",9191600
27.95,-0.2,2000,"bu","14:06:48",9176100
27.95,-0.2,100,"bu","14:06:47",9174100
27.95,-0.2,2000,"bu","14:06:42",9174000
27.9,-0.25,2000,"sd","14:06:41",9172000
27.9,-0.25,1000,"sd","14:06:38",9170000
27.9,-0.25,1000,"sd","14:06:28",9169000
27.95,-0.2,5000,"bu","14:06:25",9168000
27.95,-0.2,500,"bu","14:06:23",9163000
27.9,-0.25,500,"sd","14:06:21",9162500
27.9,-0.25,900,"sd","14:06:17",9162000
27.9,-0.25,200,"sd","14:06:14",9161100
27.95,-0.2,5000,"bu","14:06:09",9160900
27.9,-0.25,1000,"sd","14:06:06",9155900
27.95,-0.2,500,"bu","14:06:05",9154900
27.9,-0.25,1000,"sd","14:05:56",9154400
27.95,-0.2,9300,"bu","14:05:50",9153400
27.9,-0.25,1000,"sd","14:05:45",9144100
27.9,-0.25,5800,"sd","14:05:42",9143100
27.9,-0.25,300,"sd","14:05:41",9137300
27.9,-0.25,42000,"bu","14:05:39",9137000
27.9,-0.25,200,"bu","14:05:36",9095000
27.9,-0.25,200,"bu","14:05:35",9094800
27.85,-0.3,900,"sd","14:05:34",9094600
27.9,-0.25,7000,"bu","14:05:33",9093700
27.9,-0.25,200,"bu","14:05:32",9086700
27.9,-0.25,9800,"bu","14:05:30",9086500
27.9,-0.25,1000,"bu","14:05:28",9076700
27.9,-0.25,1000,"bu","14:05:25",9075700
27.85,-0.3,1000,"sd","14:05:24",9074700
27.9,-0.25,10000,"bu","14:05:24",9073700
27.9,-0.25,1000,"bu","14:05:22",9063700
27.9,-0.25,2900,"bu","14:05:18",9062700
27.9,-0.25,100,"bu","14:05:17",9059800
27.9,-0.25,100,"bu","14:05:15",9059700
27.85,-0.3,1000,"sd","14:05:13",9059600
27.9,-0.25,10000,"bu","14:05:13",9058600
27.9,-0.25,2000,"bu","14:05:12",9048600
27.9,-0.25,200,"bu","14:05:11",9046600
27.9,-0.25,1000,"bu","14:05:08",9046400
27.9,-0.25,9300,"bu","14:05:05",9045400
27.85,-0.3,16900,"sd","14:05:04",9036100
27.85,-0.3,900,"sd","14:05:03",9019200
27.85,-0.3,100,"sd","14:05:02",9018300
27.9,-0.25,3000,"bu","14:05:01",9018200
27.9,-0.25,10000,"bu","14:04:58",9015200
27.9,-0.25,500,"bu","14:04:57",9005200
27.9,-0.25,200,"bu","14:04:54",9004700
27.9,-0.25,500,"bu","14:04:53",9004500
27.85,-0.3,900,"sd","14:04:52",9004000
27.9,-0.25,9300,"bu","14:04:43",9003100
27.85,-0.3,1000,"sd","14:04:42",8993800
27.9,-0.25,3000,"bu","14:04:41",8992800
27.9,-0.25,1000,"bu","14:04:37",8989800
27.9,-0.25,2000,"bu","14:04:36",8988800
27.9,-0.25,400,"bu","14:04:32",8986800
27.85,-0.3,1000,"sd","14:04:31",8986400
27.85,-0.3,200,"sd","14:04:29",8985400
27.9,-0.25,29300,"bu","14:04:21",8985200
27.85,-0.3,1000,"sd","14:04:20",8955900
27.9,-0.25,5700,"bu","14:04:20",8954900
27.9,-0.25,6700,"bu","14:04:19",8949200
27.9,-0.25,500,"bu","14:04:18",8942500
27.85,-0.3,4100,"sd","14:04:18",8942000
27.85,-0.3,900,"sd","14:04:09",8937900
27.9,-0.25,2000,"bu","14:04:05",8937000
27.9,-0.25,300,"bu","14:04:02",8935000
27.9,-0.25,700,"bu","14:04:02",8934700
27.85,-0.3,3200,"sd","14:04:02",8934000
27.9,-0.25,1000,"bu","14:04:00",8930800
27.85,-0.3,1000,"sd","14:03:59",8929800
27.9,-0.25,100,"bu","14:03:58",8928800
27.9,-0.25,5100,"bu","14:03:54",8928700
27.85,-0.3,2700,"sd","14:03:49",8923600
27.85,-0.3,1000,"sd","14:03:48",8920900
27.9,-0.25,1000,"bu","14:03:47",8919900
27.85,-0.3,4000,"sd","14:03:38",8918900
27.85,-0.3,1000,"sd","14:03:37",8914900
27.85,-0.3,900,"sd","14:03:27",8913900
27.9,-0.25,2000,"bu","14:03:24",8913000
27.9,-0.25,100,"bu","14:03:23",8911000
27.85,-0.3,3000,"sd","14:03:23",8910900
27.85,-0.3,1000,"sd","14:03:16",8907900
27.9,-0.25,100,"bu","14:03:15",8906900
27.85,-0.3,200,"sd","14:03:15",8906800
27.85,-0.3,3800,"sd","14:03:11",8906600
27.85,-0.3,1000,"sd","14:03:05",8902800
27.85,-0.3,200,"sd","14:03:02",8901800
27.85,-0.3,3500,"sd","14:02:56",8901600
27.85,-0.3,1000,"sd","14:02:55",8898100
27.85,-0.3,1000,"sd","14:02:44",8897100
27.85,-0.3,100,"sd","14:02:44",8896100
27.85,-0.3,6400,"sd","14:02:42",8896000
27.9,-0.25,200,"bu","14:02:42",8889600
27.85,-0.3,1000,"sd","14:02:34",8889400
27.85,-0.3,1100,"sd","14:02:23",8888400
27.9,-0.25,15500,"bu","14:02:20",8887300
27.9,-0.25,100,"bu","14:02:17",8871800
27.9,-0.25,1000,"bu","14:02:16",8871700
27.85,-0.3,3300,"sd","14:02:16",8870700
27.85,-0.3,900,"sd","14:02:13",8867400
27.85,-0.3,200,"sd","14:02:12",8866500
27.85,-0.3,4600,"sd","14:02:03",8866300
27.85,-0.3,1000,"sd","14:02:02",8861700
27.85,-0.3,1000,"sd","14:01:51",8860700
27.85,-0.3,17800,"sd","14:01:45",8859700
27.85,-0.3,1000,"sd","14:01:40",8841900
27.85,-0.3,1000,"sd","14:01:30",8840900
27.85,-0.3,2900,"sd","14:01:25",8839900
27.85,-0.3,1000,"sd","14:01:19",8837000
27.9,-0.25,9300,"bu","14:01:14",8836000
27.85,-0.3,4100,"sd","14:01:13",8826700
27.85,-0.3,1000,"sd","14:01:08",8822600
27.85,-0.3,3800,"bu","14:01:06",8821600
27.85,-0.3,200,"bu","14:01:06",8817800
27.85,-0.3,100,"bu","14:01:05",8817600
27.85,-0.3,5000,"bu","14:01:02",8817500
27.85,-0.3,1000,"bu","14:01:01",8812500
27.85,-0.3,3000,"bu","14:00:59",8811500
27.8,-0.35,1000,"sd","14:00:59",8808500
27.85,-0.3,3100,"bu","14:00:59",8807500
27.8,-0.35,700,"sd","14:00:57",8804400
27.8,-0.35,5300,"sd","14:00:57",8803700
27.85,-0.3,10200,"bu","14:00:56",8798400
27.85,-0.3,500,"bu","14:00:52",8788200
27.85,-0.3,10000,"bu","14:00:48",8787700
27.8,-0.35,1000,"sd","14:00:47",8777700
27.85,-0.3,15500,"bu","14:00:45",8776700
27.85,-0.3,1000,"bu","14:00:42",8761200
27.85,-0.3,3100,"bu","14:00:41",8760200
27.8,-0.35,1100,"sd","14:00:36",8757100
27.85,-0.3,1000,"bu","14:00:33",8756000
27.85,-0.3,5000,"bu","14:00:30",8755000
27.8,-0.35,1000,"sd","14:00:27",8750000
27.85,-0.3,1000,"bu","14:00:26",8749000
27.85,-0.3,200,"bu","14:00:22",8748000
27.8,-0.35,1000,"sd","14:00:15",8747800
27.85,-0.3,3000,"bu","14:00:15",8746800
27.8,-0.35,800,"sd","14:00:10",8743800
27.85,-0.3,9400,"sd","14:00:10",8743000
27.85,-0.3,1600,"bu","14:00:08",8733600
27.85,-0.3,100,"bu","14:00:05",8732000
27.8,-0.35,4000,"sd","14:00:04",8731900
27.85,-0.3,1100,"bu","14:00:02",8727900
27.85,-0.3,500,"bu","13:59:59",8726800
27.8,-0.35,1000,"sd","13:59:54",8726300
27.85,-0.3,1100,"bu","13:59:46",8720300
27.8,-0.35,1000,"sd","13:59:43",8719200
27.85,-0.3,800,"bu","13:59:43",8718200
27.8,-0.35,1000,"sd","13:59:33",8717400
27.8,-0.35,3600,"sd","13:59:30",8716400
27.85,-0.3,9300,"bu","13:59:23",8712800
27.8,-0.35,1000,"sd","13:59:22",8703500
27.85,-0.3,1000,"bu","13:59:22",8702500
27.85,-0.3,2000,"bu","13:59:18",8701500
27.85,-0.3,9800,"sd","13:59:17",8699500
27.85,-0.3,200,"bu","13:59:16",8689700
27.85,-0.3,5000,"bu","13:59:15",8689500
27.8,-0.35,3600,"sd","13:59:15",8684500
27.85,-0.3,5000,"bu","13:59:15",8680900
27.85,-0.3,15800,"sd","13:59:14",8675900
27.85,-0.3,1000,"sd","13:59:11",8660100
27.85,-0.3,1000,"sd","13:59:09",8659100
27.85,-0.3,1000,"sd","13:59:02",8658100
27.85,-0.3,3500,"sd","13:59:01",8657100
27.85,-0.3,700,"sd","13:58:57",8653600
27.85,-0.3,100,"sd","13:58:56",8652900
27.85,-0.3,1000,"sd","13:58:50",8652800
27.85,-0.3,6800,"sd","13:58:47",8651800
27.85,-0.3,16400,"bu","13:58:43",8645000
27.8,-0.35,2000,"sd","13:58:41",8628600
27.85,-0.3,500,"bu","13:58:41",8626600
27.8,-0.35,1100,"sd","13:58:39",8626100
27.85,-0.3,12000,"bu","13:58:33",8625000
27.8,-0.35,1000,"sd","13:58:29",8613000
27.8,-0.35,6300,"sd","13:58:20",8612000
27.8,-0.35,1000,"sd","13:58:18",8605700
27.85,-0.3,500,"bu","13:58:18",8604700
27.85,-0.3,3000,"bu","13:58:16",8604200
27.85,-0.3,2000,"bu","13:58:15",8601200
27.85,-0.3,100,"bu","13:58:13",8599200
27.85,-0.3,100,"bu","13:58:10",8599100
27.8,-0.35,1000,"sd","13:58:07",8599000
27.85,-0.3,100,"bu","13:58:04",8598000
27.85,-0.3,2000,"bu","13:58:03",8597900
27.85,-0.3,200,"bu","13:58:01",8595900
27.85,-0.3,1500,"bu","13:58:00",8595700
27.85,-0.3,500,"bu","13:57:58",8594200
27.8,-0.35,1000,"sd","13:57:57",8593700
27.85,-0.3,226100,"sd","13:57:56",8592700
27.85,-0.3,2900,"sd","13:57:55",8366600
27.85,-0.3,1700,"sd","13:57:51",8363700
27.9,-0.25,1800,"bu","13:57:47",8362000
27.85,-0.3,1000,"sd","13:57:46",8360200
27.9,-0.25,200,"bu","13:57:44",8359200
27.85,-0.3,4700,"sd","13:57:44",8359000
27.85,-0.3,700,"sd","13:57:41",8354300
27.9,-0.25,300,"bu","13:57:40",8353600
27.85,-0.3,1000,"sd","13:57:35",8353300
27.85,-0.3,1000,"sd","13:57:25",8352300
27.85,-0.3,2900,"sd","13:57:24",8351300
27.85,-0.3,1000,"sd","13:57:15",8348400
27.85,-0.3,4100,"sd","13:57:13",8347400
27.9,-0.25,4400,"bu","13:57:12",8343300
27.85,-0.3,200,"sd","13:57:10",8338900
27.9,-0.25,1000,"bu","13:57:10",8338700
27.85,-0.3,1000,"sd","13:57:04",8337700
27.9,-0.25,500,"bu","13:57:02",8336700
27.85,-0.3,2800,"sd","13:56:57",8336200
27.85,-0.3,1000,"sd","13:56:53",8333400
27.9,-0.25,1000,"bu","13:56:46",8332400
27.85,-0.3,3200,"sd","13:56:46",8331400
27.9,-0.25,1100,"bu","13:56:43",8328200
27.85,-0.3,1200,"sd","13:56:43",8327100
27.9,-0.25,200,"bu","13:56:38",8325900
27.85,-0.3,2200,"sd","13:56:33",8325700
27.85,-0.3,1000,"sd","13:56:32",8323500
27.9,-0.25,200,"bu","13:56:30",8322500
27.85,-0.3,3300,"sd","13:56:24",8322300
27.85,-0.3,1000,"sd","13:56:21",8319000
27.85,-0.3,100,"sd","13:56:20",8318000
27.9,-0.25,1700,"bu","13:56:18",8317900
27.85,-0.3,3100,"sd","13:56:11",8316200
27.85,-0.3,1000,"sd","13:56:10",8313100
27.9,-0.25,1000,"bu","13:56:03",8312100
27.9,-0.25,500,"bu","13:56:02",8311100
27.9,-0.25,12500,"bu","13:56:01",8310600
27.85,-0.3,1000,"sd","13:56:00",8298100
27.85,-0.3,2600,"sd","13:55:59",8297100
27.85,-0.3,1000,"sd","13:55:50",8294500
27.85,-0.3,4100,"sd","13:55:49",8293500
27.85,-0.3,1000,"sd","13:55:38",8289400
27.9,-0.25,5000,"bu","13:55:38",8288400
27.85,-0.3,2300,"sd","13:55:33",8283400
27.85,-0.3,1000,"sd","13:55:28",8281100
27.9,-0.25,1000,"bu","13:55:23",8280100
27.85,-0.3,2900,"sd","13:55:23",8279100
27.9,-0.25,1000,"bu","13:55:22",8276200
27.9,-0.25,600,"bu","13:55:20",8275200
27.85,-0.3,1000,"sd","13:55:17",8274600
27.85,-0.3,3200,"sd","13:55:12",8273600
27.9,-0.25,10000,"bu","13:55:09",8270400
27.85,-0.3,1000,"sd","13:55:07",8260400
27.9,-0.25,100,"bu","13:55:02",8259400
27.85,-0.3,500,"sd","13:55:01",8259300
27.85,-0.3,2500,"sd","13:54:59",8258800
27.9,-0.25,1000,"bu","13:54:58",8256300
27.85,-0.3,1100,"sd","13:54:56",8255300
27.85,-0.3,3200,"sd","13:54:49",8254200
27.85,-0.3,1000,"sd","13:54:45",8251000
27.9,-0.25,1000,"bu","13:54:43",8250000
27.9,-0.25,3100,"bu","13:54:42",8249000
27.9,-0.25,3100,"bu","13:54:41",8245900
27.85,-0.3,2800,"sd","13:54:36",8242800
27.85,-0.3,1000,"sd","13:54:35",8240000
27.85,-0.3,7500,"sd","13:54:25",8239000
27.85,-0.3,1000,"sd","13:54:24",8231500
27.9,-0.25,300,"bu","13:54:24",8230500
27.9,-0.25,500,"bu","13:54:22",8230200
27.9,-0.25,9300,"bu","13:54:19",8229700
27.9,-0.25,1400,"bu","13:54:14",8220400
27.85,-0.3,1000,"sd","13:54:13",8219000
27.85,-0.3,1000,"sd","13:54:03",8218000
27.9,-0.25,1000,"bu","13:54:03",8217000
27.9,-0.25,100,"bu","13:53:59",8216000
27.85,-0.3,4800,"sd","13:53:56",8215900
27.85,-0.3,1000,"sd","13:53:52",8211100
27.85,-0.3,4000,"sd","13:53:50",8210100
27.85,-0.3,1000,"sd","13:53:41",8206100
27.85,-0.3,4000,"sd","13:53:41",8205100
27.9,-0.25,200,"bu","13:53:40",8201100
27.85,-0.3,5700,"sd","13:53:36",8200900
27.85,-0.3,1000,"sd","13:53:31",8195200
27.85,-0.3,1000,"sd","13:53:20",8194200
27.9,-0.25,200,"bu","13:53:16",8193200
27.85,-0.3,6200,"sd","13:53:14",8193000
27.9,-0.25,300,"bu","13:53:11",8186800
27.85,-0.3,1000,"sd","13:53:09",8186500
27.9,-0.25,1000,"bu","13:53:02",8185500
27.9,-0.25,300,"bu","13:53:01",8184500
27.85,-0.3,1100,"sd","13:52:59",8184200
27.85,-0.3,1000,"sd","13:52:48",8183100
27.9,-0.25,2000,"bu","13:52:46",8182100
27.9,-0.25,2000,"bu","13:52:44",8180100
27.9,-0.25,1100,"bu","13:52:43",8178100
27.9,-0.25,500,"bu","13:52:41",8177000
27.9,-0.25,1000,"bu","13:52:40",8176500
27.9,-0.25,45900,"sd","13:52:39",8175500
27.9,-0.25,1000,"sd","13:52:38",8129600
27.9,-0.25,5000,"sd","13:52:36",8128600
27.9,-0.25,4600,"sd","13:52:35",8123600
27.9,-0.25,1000,"sd","13:52:34",8119000
27.9,-0.25,100,"sd","13:52:32",8118000
27.9,-0.25,1000,"sd","13:52:27",8117900
27.9,-0.25,10000,"sd","13:52:17",8116900
27.9,-0.25,1000,"sd","13:52:16",8106900
27.95,-0.2,100,"bu","13:52:13",8105900
27.9,-0.25,500,"sd","13:52:09",8105800
27.9,-0.25,200,"sd","13:52:08",8105300
27.9,-0.25,1000,"sd","13:52:07",8105100
27.95,-0.2,1000,"bu","13:52:03",8104100
27.95,-0.2,1600,"bu","13:52:02",8103100
27.9,-0.25,100,"sd","13:51:59",8101500
27.9,-0.25,1000,"sd","13:51:55",8101400
27.9,-0.25,100000,"sd","13:51:53",8100400
27.9,-0.25,1000,"sd","13:51:44",8000400
27.9,-0.25,7200,"sd","13:51:37",7999400
27.9,-0.25,1000,"sd","13:51:34",7992200
27.95,-0.2,100,"bu","13:51:26",7991200
27.9,-0.25,100,"sd","13:51:25",7991100
27.9,-0.25,1000,"sd","13:51:23",7991000
27.9,-0.25,500,"sd","13:51:22",7990000
27.95,-0.2,1000,"bu","13:51:15",7989500
27.9,-0.25,1000,"sd","13:51:12",7988500
27.95,-0.2,1000,"bu","13:51:10",7987500
27.9,-0.25,8600,"sd","13:51:09",7986500
27.9,-0.25,200,"sd","13:51:03",7977900
27.9,-0.25,1100,"sd","13:51:02",7977700
27.9,-0.25,400,"sd","13:50:55",7976600
27.9,-0.25,3200,"sd","13:50:54",7976200
27.95,-0.2,100,"bu","13:50:52",7973000
27.9,-0.25,100,"sd","13:50:52",7972900
27.9,-0.25,1000,"sd","13:50:51",7972800
27.9,-0.25,2800,"sd","13:50:42",7971800
27.9,-0.25,1000,"sd","13:50:40",7969000
27.9,-0.25,200,"sd","13:50:34",7968000
27.9,-0.25,500,"bu","13:50:32",7967800
27.85,-0.3,1500,"sd","13:50:31",7967300
27.9,-0.25,1100,"sd","13:50:31",7965800
27.9,-0.25,7000,"sd","13:50:30",7964700
27.9,-0.25,300,"sd","13:50:26",7957700
27.95,-0.2,100,"bu","13:50:22",7957400
27.9,-0.25,5100,"sd","13:50:20",7957300
27.9,-0.25,1000,"sd","13:50:19",7952200
27.9,-0.25,1000,"sd","13:50:19",7951200
27.9,-0.25,200,"sd","13:50:18",7950200
27.9,-0.25,1000,"sd","13:50:18",7950000
27.9,-0.25,1000,"sd","13:50:09",7949000
27.9,-0.25,300,"sd","13:50:01",7948000
27.95,-0.2,700,"bu","13:50:00",7947700
27.9,-0.25,3200,"sd","13:50:00",7947000
27.9,-0.25,1000,"sd","13:49:58",7943800
27.9,-0.25,200,"sd","13:49:55",7942800
27.9,-0.25,2500,"sd","13:49:48",7942600
27.9,-0.25,2000,"sd","13:49:47",7940100
27.95,-0.2,100,"bu","13:49:46",7938100
27.9,-0.25,102500,"sd","13:49:44",7938000
27.95,-0.2,100,"bu","13:49:39",7835500
27.9,-0.25,1000,"sd","13:49:38",7835400
27.95,-0.2,400,"bu","13:49:38",7834400
27.9,-0.25,6000,"sd","13:49:36",7834000
27.9,-0.25,1000,"sd","13:49:26",7828000
27.9,-0.25,1000,"sd","13:49:15",7827000
27.9,-0.25,4300,"sd","13:49:12",7826000
27.9,-0.25,1600,"sd","13:49:05",7821700
27.9,-0.25,4100,"sd","13:48:55",7820100
27.9,-0.25,1000,"sd","13:48:54",7816000
27.95,-0.2,10000,"bu","13:48:45",7815000
27.9,-0.25,1000,"sd","13:48:43",7805000
27.95,-0.2,1000,"bu","13:48:41",7803000
27.9,-0.25,3000,"sd","13:48:39",7802000
27.95,-0.2,5000,"bu","13:48:39",7799000
27.95,-0.2,200,"bu","13:48:38",7794000
27.95,-0.2,41100,"sd","13:48:35",7793800
27.95,-0.2,21300,"sd","13:48:34",7752700
27.95,-0.2,1000,"sd","13:48:33",7731400
27.95,-0.2,5000,"sd","13:48:32",7730400
27.95,-0.2,5200,"sd","13:48:27",7725400
28,-0.15,30000,"bu","13:48:23",7720200
27.95,-0.2,1000,"sd","13:48:22",7690200
27.95,-0.2,1000,"sd","13:48:13",7689200
27.95,-0.2,1000,"sd","13:48:12",7688200
28,-0.15,100,"bu","13:48:11",7687200
28,-0.15,100,"bu","13:48:09",7687100
27.95,-0.2,5200,"sd","13:48:06",7687000
27.95,-0.2,1000,"sd","13:48:01",7681800
27.95,-0.2,9800,"sd","13:48:00",7680800
27.95,-0.2,1000,"sd","13:47:50",7671000
27.95,-0.2,1000,"sd","13:47:48",7670000
27.95,-0.2,4800,"sd","13:47:46",7669000
27.95,-0.2,1800,"sd","13:47:45",7664200
27.95,-0.2,1000,"sd","13:47:40",7662400
28,-0.15,500,"bu","13:47:37",7661400
27.95,-0.2,100,"sd","13:47:33",7660900
27.95,-0.2,3000,"sd","13:47:32",7660800
27.95,-0.2,100,"sd","13:47:32",7657800
27.95,-0.2,1000,"sd","13:47:29",7657700
28,-0.15,4400,"bu","13:47:28",7656700
27.95,-0.2,500,"sd","13:47:26",7652300
28,-0.15,1000,"bu","13:47:25",7651800
28,-0.15,800,"bu","13:47:24",7650800
28,-0.15,10300,"bu","13:47:23",7650000
28,-0.15,100,"bu","13:47:21",7639700
27.95,-0.2,11000,"sd","13:47:21",7639600
27.95,-0.2,20000,"sd","13:47:20",7628600
27.95,-0.2,8500,"sd","13:47:19",7608600
27.95,-0.2,1100,"sd","13:47:18",7600100
27.95,-0.2,1000,"sd","13:47:17",7599000
27.95,-0.2,1000,"sd","13:47:08",7598000
28,-0.15,1000,"bu","13:47:07",7597000
28,-0.15,2000,"bu","13:47:04",7596000
28,-0.15,200,"bu","13:46:58",7594000
27.95,-0.2,1000,"sd","13:46:57",7593800
27.95,-0.2,5000,"sd","13:46:54",7592800
28,-0.15,2000,"bu","13:46:54",7587800
28,-0.15,200,"bu","13:46:52",7585800
28,-0.15,200,"bu","13:46:48",7585600
27.95,-0.2,1000,"sd","13:46:46",7585400
27.95,-0.2,30800,"sd","13:46:45",7584400
27.95,-0.2,800,"sd","13:46:45",7553600
28,-0.15,1100,"bu","13:46:44",7552800
28,-0.15,100,"bu","13:46:38",7551700
27.95,-0.2,1000,"sd","13:46:36",7551600
28,-0.15,3100,"bu","13:46:30",7550600
28,-0.15,5000,"bu","13:46:29",7547500
27.95,-0.2,1000,"sd","13:46:26",7542500
28,-0.15,5000,"bu","13:46:25",7541500
28,-0.15,1000,"bu","13:46:20",7536500
27.95,-0.2,100,"sd","13:46:18",7535500
27.95,-0.2,8000,"sd","13:46:17",7535400
28,-0.15,200,"bu","13:46:15",7527400
27.95,-0.2,1000,"sd","13:46:14",7527200
28,-0.15,1500,"bu","13:46:07",7526200
27.95,-0.2,1000,"sd","13:46:04",7524700
27.95,-0.2,2000,"sd","13:46:03",7523700
27.95,-0.2,2000,"sd","13:46:00",7521700
28,-0.15,500,"bu","13:45:58",7519700
27.95,-0.2,100,"sd","13:45:54",7519200
27.95,-0.2,1000,"sd","13:45:53",7519100
28,-0.15,3100,"bu","13:45:48",7518100
27.95,-0.2,1000,"sd","13:45:43",7515000
27.95,-0.2,3000,"sd","13:45:38",7514000
27.95,-0.2,2400,"bu","13:45:37",7511000
27.95,-0.2,200,"bu","13:45:35",7508600
27.95,-0.2,200,"bu","13:45:34",7508400
27.95,-0.2,1200,"bu","13:45:33",7508200
27.9,-0.25,1000,"sd","13:45:32",7507000
27.95,-0.2,3000,"bu","13:45:32",7506000
27.95,-0.2,700,"bu","13:45:31",7503000
27.95,-0.2,11500,"bu","13:45:28",7502300
27.95,-0.2,2000,"bu","13:45:27",7490800
27.95,-0.2,1000,"bu","13:45:25",7488800
27.95,-0.2,30200,"bu","13:45:24",7487800
27.9,-0.25,1100,"sd","13:45:21",7457600
27.95,-0.2,500,"bu","13:45:21",7456500
27.95,-0.2,5200,"bu","13:45:20",7456000
27.95,-0.2,500,"bu","13:45:17",7450800
27.95,-0.2,500,"bu","13:45:16",7450300
27.95,-0.2,1500,"bu","13:45:13",7449800
27.9,-0.25,1000,"sd","13:45:11",7448300
27.95,-0.2,1400,"bu","13:45:09",7447300
27.95,-0.2,700,"bu","13:45:08",7445900
27.95,-0.2,200,"bu","13:45:06",7445200
27.95,-0.2,2000,"bu","13:45:05",7445000
27.95,-0.2,1000,"bu","13:45:04",7443000
27.9,-0.25,1000,"sd","13:45:00",7442000
27.95,-0.2,1000,"bu","13:45:00",7441000
27.95,-0.2,100,"bu","13:44:58",7440000
27.95,-0.2,12000,"bu","13:44:54",7439900
27.95,-0.2,11500,"bu","13:44:50",7427900
27.9,-0.25,1000,"sd","13:44:49",7416400
27.95,-0.2,800,"bu","13:44:49",7415400
27.95,-0.2,100,"bu","13:44:48",7414600
27.95,-0.2,500,"bu","13:44:46",7414500
27.95,-0.2,1900,"bu","13:44:44",7414000
27.95,-0.2,15000,"bu","13:44:41",7412100
27.95,-0.2,2500,"bu","13:44:41",7397100
27.9,-0.25,1000,"sd","13:44:39",7394600
27.95,-0.2,700,"bu","13:44:35",7393600
27.95,-0.2,18600,"sd","13:44:34",7392900
28,-0.15,200,"bu","13:44:32",7374300
27.95,-0.2,8900,"sd","13:44:30",7374100
28,-0.15,800,"bu","13:44:29",7365200
27.95,-0.2,1000,"sd","13:44:28",7364400
28,-0.15,3100,"bu","13:44:25",7363400
27.95,-0.2,5100,"bu","13:44:23",7360300
27.95,-0.2,100,"bu","13:44:22",7355200
27.95,-0.2,700,"bu","13:44:20",7355100
27.95,-0.2,30000,"bu","13:44:20",7354400
27.95,-0.2,20000,"bu","13:44:19",7324400
27.95,-0.2,1100,"bu","13:44:18",7304400
27.9,-0.25,1000,"sd","13:44:17",7303300
27.95,-0.2,50500,"bu","13:44:17",7302300
27.95,-0.2,9300,"bu","13:44:17",7251800
27.95,-0.2,100,"bu","13:44:14",7242500
27.95,-0.2,20000,"bu","13:44:11",7242400
27.95,-0.2,2000,"bu","13:44:10",7222400
27.95,-0.2,500,"bu","13:44:08",7220400
27.9,-0.25,1000,"sd","13:44:07",7219900
27.95,-0.2,1100,"bu","13:44:04",7218900
27.95,-0.2,1100,"bu","13:44:04",7217800
27.95,-0.2,5000,"bu","13:44:01",7216700
27.95,-0.2,500,"bu","13:43:58",7211700
27.9,-0.25,1000,"sd","13:43:56",7211200
27.95,-0.2,1200,"bu","13:43:56",7210200
27.9,-0.25,10000,"sd","13:43:55",7209000
27.95,-0.2,2000,"bu","13:43:54",7199000
27.9,-0.25,1000,"sd","13:43:45",7197000
27.9,-0.25,3000,"sd","13:43:42",7196000
27.95,-0.2,18100,"bu","13:43:41",7193000
27.95,-0.2,500,"bu","13:43:36",7174900
27.9,-0.25,1000,"sd","13:43:35",7174400
27.95,-0.2,7000,"bu","13:43:34",7173400
27.9,-0.25,3000,"sd","13:43:30",7166400
27.95,-0.2,100,"bu","13:43:29",7163400
27.95,-0.2,900,"bu","13:43:28",7163300
27.9,-0.25,1100,"sd","13:43:24",7162400
27.95,-0.2,1000,"bu","13:43:24",7161300
27.95,-0.2,51000,"bu","13:43:24",7160300
27.95,-0.2,8000,"bu","13:43:19",7109300
27.95,-0.2,200,"bu","13:43:18",7101300
27.9,-0.25,4500,"sd","13:43:18",7101100
27.95,-0.2,1000,"bu","13:43:17",7096600
27.95,-0.2,300,"bu","13:43:15",7095600
27.9,-0.25,1000,"sd","13:43:14",7095300
27.95,-0.2,200,"bu","13:43:13",7094300
27.95,-0.2,500,"bu","13:43:12",7094100
27.9,-0.25,1000,"sd","13:43:03",7093600
27.95,-0.2,500,"bu","13:42:58",7092600
27.95,-0.2,500,"bu","13:42:54",7092100
27.9,-0.25,1000,"sd","13:42:52",7091600
27.95,-0.2,500,"bu","13:42:46",7090600
27.9,-0.25,1000,"sd","13:42:42",7090100
27.9,-0.25,1000,"sd","13:42:31",7089100
27.95,-0.2,12300,"bu","13:42:30",7088100
27.95,-0.2,3000,"bu","13:42:27",7075800
27.95,-0.2,3100,"bu","13:42:25",7072800
27.95,-0.2,700,"bu","13:42:24",7069700
27.9,-0.25,1000,"sd","13:42:20",7069000
27.95,-0.2,3000,"bu","13:42:20",7068000
27.95,-0.2,1000,"bu","13:42:17",7065000
27.95,-0.2,2000,"bu","13:42:12",7064000
27.9,-0.25,1000,"sd","13:42:10",7062000
27.95,-0.2,500,"bu","13:42:08",7061000
27.95,-0.2,1000,"bu","13:42:04",7060500
27.95,-0.2,1000,"bu","13:42:03",7059500
27.95,-0.2,5100,"bu","13:42:01",7058500
27.95,-0.2,18800,"bu","13:42:00",7053400
27.9,-0.25,1000,"sd","13:41:59",7034600
27.95,-0.2,6000,"bu","13:41:56",7033600
27.95,-0.2,3100,"bu","13:41:56",7027600
27.95,-0.2,9300,"bu","13:41:55",7024500
27.95,-0.2,7300,"bu","13:41:50",7015200
27.9,-0.25,1000,"sd","13:41:48",7007900
27.95,-0.2,9300,"bu","13:41:41",7006900
27.95,-0.2,200,"bu","13:41:40",6997600
27.9,-0.25,300,"sd","13:41:39",6997400
27.9,-0.25,800,"sd","13:41:38",6997100
27.95,-0.2,4900,"bu","13:41:38",6996300
27.95,-0.2,6700,"bu","13:41:36",6991400
27.95,-0.2,3100,"bu","13:41:32",6984700
27.9,-0.25,1000,"sd","13:41:27",6981600
27.95,-0.2,1000,"bu","13:41:24",6980600
27.95,-0.2,9300,"bu","13:41:23",6979600
27.9,-0.25,4500,"sd","13:41:20",6970300
27.95,-0.2,12100,"bu","13:41:19",6965800
27.9,-0.25,1000,"sd","13:41:16",6953700
27.9,-0.25,1200,"sd","13:41:16",6952700
27.95,-0.2,15000,"bu","13:41:15",6951500
27.9,-0.25,1000,"sd","13:41:06",6936500
27.95,-0.2,3100,"bu","13:41:05",6935500
27.9,-0.25,500,"sd","13:40:58",6932400
27.85,-0.3,1000,"sd","13:40:56",6931900
27.85,-0.3,2800,"sd","13:40:51",6930900
27.85,-0.3,1000,"sd","13:40:45",6928100
27.95,-0.2,1100,"bu","13:40:44",6927100
27.95,-0.2,27800,"bu","13:40:42",6926000
27.9,-0.25,122200,"bu","13:40:42",6898200
27.9,-0.25,10000,"bu","13:40:41",6776000
27.85,-0.3,700,"sd","13:40:41",6766000
27.85,-0.3,11800,"sd","13:40:40",6765300
27.9,-0.25,800,"bu","13:40:40",6753500
27.85,-0.3,1000,"sd","13:40:34",6752700
27.85,-0.3,1000,"sd","13:40:23",6751700
27.85,-0.3,1000,"sd","13:40:13",6750700
27.85,-0.3,300,"sd","13:40:04",6749700
27.85,-0.3,1000,"sd","13:40:02",6749400
27.9,-0.25,5000,"bu","13:39:59",6748400
27.85,-0.3,6100,"sd","13:39:54",6743400
27.85,-0.3,1000,"sd","13:39:51",6737300
27.85,-0.3,1100,"sd","13:39:41",6736300
27.9,-0.25,200,"bu","13:39:40",6735200
27.85,-0.3,1100,"sd","13:39:30",6735000
27.85,-0.3,2700,"sd","13:39:29",6733900
27.85,-0.3,1100,"sd","13:39:20",6731200
27.85,-0.3,2800,"sd","13:39:18",6730100
27.85,-0.3,3000,"sd","13:39:15",6727300
27.85,-0.3,1100,"sd","13:39:09",6724300
27.85,-0.3,1000,"sd","13:38:58",6723200
27.85,-0.3,1100,"sd","13:38:48",6722200
27.85,-0.3,15000,"sd","13:38:46",6721100
27.85,-0.3,200,"sd","13:38:42",6706100
27.9,-0.25,200,"bu","13:38:40",6705900
27.85,-0.3,1000,"sd","13:38:38",6705700
27.85,-0.3,200,"sd","13:38:34",6704700
27.9,-0.25,500,"bu","13:38:34",6704500
27.85,-0.3,200,"sd","13:38:29",6704000
27.85,-0.3,1100,"sd","13:38:26",6703800
27.85,-0.3,1000,"sd","13:38:16",6702700
27.9,-0.25,200,"bu","13:38:09",6701700
27.85,-0.3,1000,"sd","13:38:05",6701500
27.9,-0.25,700,"sd","13:38:05",6700500
27.9,-0.25,300,"bu","13:38:04",6699800
27.85,-0.3,1000,"sd","13:38:04",6699500
27.9,-0.25,1000,"sd","13:37:54",6698500
27.8,-0.35,1000,"sd","13:37:48",6697500
27.8,-0.35,1000,"sd","13:37:44",6696500
27.8,-0.35,1100,"sd","13:37:34",6695500
27.95,-0.2,51600,"bu","13:37:33",6694400
27.9,-0.25,119600,"bu","13:37:33",6642800
27.85,-0.3,28800,"bu","13:37:33",6523200
27.8,-0.35,1000,"sd","13:37:22",6494400
27.8,-0.35,1100,"sd","13:37:13",6493400
27.85,-0.3,20000,"bu","13:37:12",6492300
27.8,-0.35,1000,"sd","13:37:01",6472300
27.85,-0.3,200,"bu","13:36:58",6471300
27.85,-0.3,100,"bu","13:36:57",6471100
27.85,-0.3,300,"bu","13:36:52",6471000
27.8,-0.35,1100,"sd","13:36:50",6470700
27.85,-0.3,500,"bu","13:36:45",6469600
27.8,-0.35,1000,"sd","13:36:40",6469100
27.85,-0.3,50000,"bu","13:36:30",6468100
27.8,-0.35,1100,"sd","13:36:29",6418100
27.8,-0.35,1000,"sd","13:36:27",6417000
27.85,-0.3,200,"bu","13:36:22",6416000
27.8,-0.35,1000,"sd","13:36:20",6415800
27.8,-0.35,2000,"sd","13:36:17",6414800
27.8,-0.35,79200,"sd","13:36:12",6412800
27.8,-0.35,1000,"sd","13:36:09",6333600
27.8,-0.35,1100,"sd","13:35:57",6332600
27.8,-0.35,1000,"sd","13:35:47",6331500
27.85,-0.3,100,"bu","13:35:46",6330500
27.85,-0.3,100,"bu","13:35:43",6330400
27.8,-0.35,1100,"sd","13:35:36",6330300
27.8,-0.35,1000,"sd","13:35:26",6329200
27.85,-0.3,1000,"bu","13:35:25",6328200
27.85,-0.3,100,"bu","13:35:17",6327200
27.8,-0.35,1100,"sd","13:35:15",6327100
27.85,-0.3,100,"bu","13:35:09",6326000
27.8,-0.35,1000,"sd","13:35:05",6325900
27.85,-0.3,200,"bu","13:35:00",6324900
27.85,-0.3,68300,"sd","13:34:56",6324700
27.85,-0.3,1100,"sd","13:34:53",6256400
27.85,-0.3,1000,"sd","13:34:43",6255300
27.85,-0.3,1000,"sd","13:34:33",6254300
27.85,-0.3,1100,"sd","13:34:32",6253300
27.85,-0.3,300,"sd","13:34:30",6252200
27.85,-0.3,1000,"sd","13:34:21",6251900
27.85,-0.3,100,"sd","13:34:20",6250900
27.85,-0.3,1100,"sd","13:34:11",6250800
27.85,-0.3,24700,"bu","13:34:10",6249700
27.85,-0.3,3100,"bu","13:34:05",6225000
27.85,-0.3,2000,"bu","13:34:02",6221900
27.85,-0.3,5000,"bu","13:34:01",6219900
27.8,-0.35,1000,"sd","13:34:00",6214900
27.85,-0.3,1000,"bu","13:33:56",6213900
27.85,-0.3,300,"bu","13:33:53",6212900
27.85,-0.3,300,"bu","13:33:52",6212600
27.85,-0.3,600,"bu","13:33:50",6212300
27.8,-0.35,1000,"sd","13:33:50",6211700
27.85,-0.3,600,"bu","13:33:43",6210700
27.85,-0.3,100,"bu","13:33:40",6210100
27.8,-0.35,1100,"sd","13:33:40",6210000
27.85,-0.3,100,"bu","13:33:39",6208900
27.85,-0.3,1000,"bu","13:33:37",6208800
27.85,-0.3,100,"bu","13:33:36",6207800
27.85,-0.3,400,"bu","13:33:35",6207700
27.85,-0.3,100,"bu","13:33:31",6207300
27.8,-0.35,1000,"sd","13:33:28",6207200
27.85,-0.3,300,"bu","13:33:26",6206200
27.85,-0.3,100,"bu","13:33:25",6205900
27.8,-0.35,1100,"sd","13:33:18",6205800
27.85,-0.3,700,"bu","13:33:11",6204700
27.85,-0.3,174700,"sd","13:33:10",6204000
27.85,-0.3,1000,"sd","13:33:07",6028600
27.85,-0.3,3000,"sd","13:32:59",6027600
27.85,-0.3,1100,"sd","13:32:56",6024600
27.9,-0.25,1000,"bu","13:32:51",6023500
27.9,-0.25,100,"bu","13:32:47",6022500
27.9,-0.25,100,"bu","13:32:46",6022400
27.85,-0.3,1100,"sd","13:32:46",6022300
27.9,-0.25,1000,"bu","13:32:45",6021200
27.9,-0.25,100,"bu","13:32:43",6020200
27.9,-0.25,1000,"bu","13:32:36",6020100
27.85,-0.3,1100,"sd","13:32:35",6019100
27.85,-0.3,1100,"sd","13:32:26",6018000
27.9,-0.25,200,"bu","13:32:25",6016900
27.9,-0.25,10500,"bu","13:32:21",6016700
27.9,-0.25,1000,"bu","13:32:19",6006200
27.9,-0.25,500,"bu","13:32:17",6005200
27.85,-0.3,1000,"sd","13:32:14",6004700
27.85,-0.3,100,"sd","13:32:13",6003700
27.9,-0.25,5000,"bu","13:32:10",6003600
27.85,-0.3,1100,"sd","13:32:03",5998600
27.9,-0.25,1000,"bu","13:32:02",5997500
27.85,-0.3,1100,"sd","13:31:53",5996500
27.9,-0.25,2000,"bu","13:31:52",5995400
27.9,-0.25,1000,"bu","13:31:50",5993400
27.9,-0.25,5000,"bu","13:31:46",5992400
27.85,-0.3,1100,"sd","13:31:42",5987400
27.9,-0.25,500,"bu","13:31:34",5986300
27.85,-0.3,1000,"sd","13:31:31",5985800
27.85,-0.3,1100,"sd","13:31:21",5984800
27.85,-0.3,1100,"sd","13:31:10",5983700
27.85,-0.3,1100,"sd","13:30:59",5982600
27.85,-0.3,1100,"sd","13:30:49",5981500
27.85,-0.3,1000,"sd","13:30:43",5980400
27.85,-0.3,200,"sd","13:30:41",5979400
27.85,-0.3,100,"sd","13:30:40",5979200
27.85,-0.3,1000,"sd","13:30:38",5979100
27.85,-0.3,1500,"sd","13:30:33",5978100
27.9,-0.25,3100,"bu","13:30:32",5976600
27.85,-0.3,2100,"sd","13:30:27",5973500
27.85,-0.3,1100,"sd","13:30:17",5971400
27.85,-0.3,1000,"sd","13:30:11",5970300
27.85,-0.3,1100,"sd","13:30:06",5969300
27.85,-0.3,100,"sd","13:29:59",5968200
27.85,-0.3,1000,"sd","13:29:55",5968100
27.85,-0.3,2900,"bu","13:29:45",5967100
27.85,-0.3,200,"bu","13:29:44",5964200
27.85,-0.3,100,"bu","13:29:44",5964000
27.85,-0.3,1000,"bu","13:29:42",5963900
27.85,-0.3,1000,"bu","13:29:42",5962900
27.85,-0.3,900,"bu","13:29:38",5961900
27.8,-0.35,1100,"sd","13:29:34",5961000
27.8,-0.35,500,"sd","13:29:33",5959900
27.85,-0.3,2000,"sd","13:29:33",5959400
27.85,-0.3,400,"bu","13:29:32",5957400
27.85,-0.3,4600,"sd","13:29:31",5957000
27.85,-0.3,300,"sd","13:29:30",5952400
27.85,-0.3,1100,"sd","13:29:24",5952100
27.85,-0.3,700,"bu","13:29:20",5951000
27.8,-0.35,4900,"sd","13:29:18",5950300
27.85,-0.3,100,"sd","13:29:18",5945400
27.85,-0.3,900,"bu","13:29:18",5945300
27.85,-0.3,200,"sd","13:29:13",5944400
27.85,-0.3,200,"bu","13:29:10",5944200
27.85,-0.3,3000,"bu","13:29:06",5944000
27.85,-0.3,1800,"sd","13:29:05",5941000
27.85,-0.3,1000,"sd","13:29:02",5939200
27.85,-0.3,1100,"sd","13:28:53",5938200
27.85,-0.3,1100,"bu","13:28:46",5937100
27.85,-0.3,1000,"bu","13:28:45",5936000
27.85,-0.3,500,"bu","13:28:42",5935000
27.8,-0.35,1100,"sd","13:28:41",5934500
27.85,-0.3,100,"bu","13:28:40",5933400
27.85,-0.3,1000,"bu","13:28:38",5933300
27.85,-0.3,1000,"bu","13:28:31",5932300
27.8,-0.35,1100,"sd","13:28:30",5931300
27.85,-0.3,200,"bu","13:28:29",5930200
27.85,-0.3,1000,"bu","13:28:28",5930000
27.85,-0.3,200,"bu","13:28:28",5929000
27.85,-0.3,1800,"sd","13:28:27",5928800
27.85,-0.3,400,"bu","13:28:22",5927000
27.85,-0.3,100,"bu","13:28:21",5926600
27.8,-0.35,1000,"sd","13:28:20",5926500
27.85,-0.3,5800,"bu","13:28:18",5925500
27.85,-0.3,11200,"sd","13:28:18",5919700
27.85,-0.3,1000,"sd","13:28:17",5908500
27.85,-0.3,200,"sd","13:28:10",5907500
27.85,-0.3,1100,"sd","13:28:09",5907300
27.85,-0.3,4500,"bu","13:28:02",5906200
27.85,-0.3,3100,"bu","13:28:00",5901700
27.8,-0.35,1100,"sd","13:27:58",5898600
27.85,-0.3,1900,"bu","13:27:58",5897500
27.85,-0.3,100,"bu","13:27:55",5895600
27.8,-0.35,1100,"sd","13:27:48",5895500
27.85,-0.3,200,"bu","13:27:48",5894400
27.85,-0.3,8000,"sd","13:27:43",5894200
27.85,-0.3,1100,"sd","13:27:37",5886200
27.85,-0.3,1000,"sd","13:27:35",5885100
27.85,-0.3,5900,"sd","13:27:31",5884100
27.85,-0.3,1600,"bu","13:27:30",5878200
27.8,-0.35,3000,"sd","13:27:30",5876600
27.85,-0.3,5000,"bu","13:27:30",5873600
27.8,-0.35,1000,"sd","13:27:26",5868600
27.85,-0.3,1000,"bu","13:27:26",5867600
27.85,-0.3,1700,"bu","13:27:25",5866600
27.85,-0.3,2000,"bu","13:27:22",5864900
27.85,-0.3,500,"bu","13:27:20",5862900
27.85,-0.3,500,"bu","13:27:19",5862400
27.85,-0.3,10500,"bu","13:27:17",5861900
27.85,-0.3,100,"bu","13:27:17",5851400
27.8,-0.35,1100,"sd","13:27:16",5851300
27.85,-0.3,600,"bu","13:27:11",5850200
27.85,-0.3,200,"bu","13:27:10",5849600
27.85,-0.3,1000,"bu","13:27:09",5849400
27.8,-0.35,1100,"sd","13:27:05",5848400
27.85,-0.3,2000,"bu","13:27:05",5847300
27.85,-0.3,3100,"bu","13:27:03",5845300
27.85,-0.3,500,"bu","13:26:57",5842200
27.85,-0.3,100,"bu","13:26:56",5841700
27.8,-0.35,1100,"sd","13:26:55",5841600
27.85,-0.3,6200,"sd","13:26:54",5840500
27.85,-0.3,1000,"sd","13:26:44",5834300
27.85,-0.3,1100,"sd","13:26:34",5833300
27.85,-0.3,1000,"bu","13:26:29",5832200
27.85,-0.3,1000,"bu","13:26:26",5831200
27.8,-0.35,1100,"sd","13:26:24",5830200
27.85,-0.3,2000,"bu","13:26:24",5829100
27.8,-0.35,1100,"sd","13:26:23",5827100
27.85,-0.3,14000,"sd","13:26:22",5826000
27.85,-0.3,1000,"sd","13:26:19",5812000
27.85,-0.3,1100,"sd","13:26:12",5811000
27.85,-0.3,14400,"sd","13:26:05",5809900
27.85,-0.3,1100,"sd","13:26:02",5795500
27.85,-0.3,3000,"sd","13:25:57",5794400
27.85,-0.3,1000,"sd","13:25:52",5791400
27.85,-0.3,1100,"sd","13:25:40",5790400
27.85,-0.3,111000,"sd","13:25:36",5789300
27.9,-0.25,8000,"bu","13:25:30",5678300
27.85,-0.3,1100,"sd","13:25:29",5670300
27.9,-0.25,1000,"bu","13:25:25",5669200
27.9,-0.25,3300,"bu","13:25:24",5668200
27.85,-0.3,1100,"sd","13:25:19",5664900
27.85,-0.3,1000,"sd","13:25:08",5663800
27.85,-0.3,1100,"sd","13:24:57",5662800
27.85,-0.3,1100,"sd","13:24:47",5661700
27.9,-0.25,1100,"bu","13:24:46",5660600
27.9,-0.25,900,"bu","13:24:42",5659500
27.85,-0.3,1100,"sd","13:24:37",5658600
27.85,-0.3,1000,"sd","13:24:26",5657500
27.9,-0.25,1000,"bu","13:24:21",5656500
27.85,-0.3,400,"sd","13:24:20",5655500
27.85,-0.3,1100,"sd","13:24:16",5655100
27.9,-0.25,300,"bu","13:24:11",5654000
27.85,-0.3,1100,"sd","13:24:04",5653700
27.9,-0.25,10000,"bu","13:24:02",5652600
27.85,-0.3,1100,"sd","13:23:54",5642600
27.9,-0.25,500,"bu","13:23:44",5641500
27.85,-0.3,1100,"sd","13:23:43",5641000
27.85,-0.3,800,"sd","13:23:39",5639900
27.85,-0.3,1000,"sd","13:23:32",5639100
27.9,-0.25,1000,"bu","13:23:26",5638100
27.9,-0.25,8000,"bu","13:23:24",5637100
27.85,-0.3,1100,"sd","13:23:22",5629100
27.85,-0.3,1100,"sd","13:23:11",5628000
27.85,-0.3,500,"sd","13:23:04",5626900
27.85,-0.3,1100,"sd","13:23:00",5626400
27.9,-0.25,10000,"bu","13:23:00",5625300
27.9,-0.25,100,"bu","13:22:55",5615300
27.9,-0.25,2000,"bu","13:22:53",5615200
27.85,-0.3,1000,"sd","13:22:50",5613200
27.85,-0.3,1100,"sd","13:22:39",5612200
27.9,-0.25,100,"bu","13:22:37",5611100
27.85,-0.3,1100,"sd","13:22:30",5611000
27.9,-0.25,100,"bu","13:22:25",5609900
27.9,-0.25,200,"sd","13:22:23",5609800
27.9,-0.25,900,"bu","13:22:23",5609600
27.85,-0.3,1100,"sd","13:22:18",5608700
27.9,-0.25,9600,"sd","13:22:17",5607600
27.95,-0.2,3000,"bu","13:22:11",5598000
27.9,-0.25,100,"bu","13:22:08",5595000
27.9,-0.25,1000,"sd","13:22:07",5594900
27.9,-0.25,103500,"sd","13:22:01",5593900
27.9,-0.25,1000,"sd","13:21:57",5490400
27.95,-0.2,300,"bu","13:21:52",5489400
27.9,-0.25,1100,"sd","13:21:46",5489100
27.9,-0.25,500,"sd","13:21:45",5488000
27.9,-0.25,100,"sd","13:21:42",5487500
27.9,-0.25,1100,"sd","13:21:35",5487400
27.9,-0.25,1100,"sd","13:21:25",5486300
27.9,-0.25,1000,"sd","13:21:14",5485200
27.9,-0.25,15000,"sd","13:21:12",5484200
27.9,-0.25,1100,"sd","13:21:03",5469200
27.9,-0.25,400,"sd","13:20:57",5468100
27.9,-0.25,1100,"sd","13:20:53",5467700
27.9,-0.25,10000,"sd","13:20:45",5466600
27.9,-0.25,1100,"sd","13:20:42",5456600
27.95,-0.2,20000,"bu","13:20:32",5455500
27.9,-0.25,1100,"sd","13:20:31",5435500
27.9,-0.25,500,"sd","13:20:29",5434400
27.9,-0.25,500,"sd","13:20:22",5433900
27.9,-0.25,1000,"sd","13:20:21",5433400
27.9,-0.25,26000,"sd","13:20:16",5432400
27.9,-0.25,1100,"sd","13:20:10",5406400
27.9,-0.25,1100,"sd","13:20:00",5405300
27.9,-0.25,200,"sd","13:19:56",5404200
27.95,-0.2,3600,"bu","13:19:54",5404000
27.9,-0.25,1100,"sd","13:19:49",5400400
27.9,-0.25,1000,"sd","13:19:39",5399300
27.9,-0.25,4400,"sd","13:19:38",5398300
27.9,-0.25,1100,"sd","13:19:28",5393900
27.9,-0.25,9600,"sd","13:19:24",5392800
27.9,-0.25,1100,"sd","13:19:17",5383200
27.9,-0.25,200,"sd","13:19:14",5382100
27.9,-0.25,1100,"sd","13:19:07",5381900
27.9,-0.25,1100,"sd","13:18:56",5380800
27.9,-0.25,500,"sd","13:18:51",5379700
27.9,-0.25,500,"sd","13:18:50",5379200
27.9,-0.25,1500,"sd","13:18:47",5378700
27.9,-0.25,1000,"sd","13:18:45",5377200
27.9,-0.25,100,"sd","13:18:40",5376200
27.9,-0.25,100,"sd","13:18:39",5376100
27.9,-0.25,1600,"sd","13:18:34",5376000
27.9,-0.25,1000,"sd","13:18:31",5374400
27.9,-0.25,100,"sd","13:18:26",5373400
27.9,-0.25,1100,"sd","13:18:25",5373300
27.9,-0.25,1100,"sd","13:18:13",5372200
27.9,-0.25,1100,"sd","13:18:02",5371100
27.9,-0.25,1100,"sd","13:17:52",5370000
27.9,-0.25,1000,"sd","13:17:41",5368900
27.9,-0.25,1100,"sd","13:17:31",5367900
27.9,-0.25,1100,"sd","13:17:20",5366800
27.9,-0.25,3000,"sd","13:17:19",5365700
27.9,-0.25,900,"sd","13:17:14",5362700
27.9,-0.25,2100,"sd","13:17:09",5361800
27.9,-0.25,4500,"bu","13:16:59",5359700
27.85,-0.3,1100,"sd","13:16:59",5355200
27.9,-0.25,1500,"bu","13:16:59",5354100
27.9,-0.25,2100,"bu","13:16:57",5352600
27.9,-0.25,4100,"bu","13:16:51",5350500
27.85,-0.3,2000,"sd","13:16:50",5346400
27.9,-0.25,4800,"bu","13:16:50",5344400
27.9,-0.25,200,"bu","13:16:49",5339600
27.85,-0.3,1100,"sd","13:16:48",5339400
27.9,-0.25,1000,"bu","13:16:46",5338300
27.9,-0.25,20000,"bu","13:16:45",5337300
27.9,-0.25,10000,"bu","13:16:41",5317300
27.85,-0.3,1100,"sd","13:16:37",5307300
27.85,-0.3,3000,"sd","13:16:36",5306200
27.85,-0.3,1100,"sd","13:16:27",5303200
27.85,-0.3,200,"sd","13:16:17",5302100
27.85,-0.3,900,"sd","13:16:16",5301900
27.85,-0.3,10000,"sd","13:16:16",5301000
27.9,-0.25,100,"bu","13:16:13",5291000
27.85,-0.3,1100,"sd","13:16:05",5290900
27.9,-0.25,100,"bu","13:15:57",5289800
27.85,-0.3,1100,"sd","13:15:55",5289700
27.85,-0.3,1000,"sd","13:15:45",5288600
27.9,-0.25,200,"bu","13:15:35",5287600
27.85,-0.3,1100,"sd","13:15:34",5287400
27.85,-0.3,100,"sd","13:15:29",5286300
27.85,-0.3,1100,"sd","13:15:23",5286200
27.9,-0.25,300,"bu","13:15:21",5285100
27.9,-0.25,1000,"bu","13:15:20",5284800
27.9,-0.25,500,"bu","13:15:16",5283800
27.85,-0.3,300,"sd","13:15:13",5283300
27.85,-0.3,1100,"sd","13:15:12",5283000
27.9,-0.25,2000,"bu","13:15:07",5281900
27.9,-0.25,200,"bu","13:15:04",5279900
27.85,-0.3,1100,"sd","13:15:02",5279700
27.9,-0.25,2000,"bu","13:14:53",5278600
27.85,-0.3,1100,"sd","13:14:51",5276600
27.9,-0.25,20100,"bu","13:14:50",5275500
27.9,-0.25,300,"bu","13:14:49",5255400
27.9,-0.25,1100,"bu","13:14:46",5255100
27.9,-0.25,500,"bu","13:14:41",5254000
27.85,-0.3,1100,"sd","13:14:41",5253500
27.9,-0.25,10000,"bu","13:14:37",5252400
27.85,-0.3,1100,"sd","13:14:30",5242400
27.9,-0.25,5000,"bu","13:14:24",5241300
27.85,-0.3,1100,"sd","13:14:19",5236300
27.85,-0.3,1000,"sd","13:14:14",5235200
27.85,-0.3,1100,"sd","13:14:08",5234200
27.85,-0.3,1000,"sd","13:13:59",5233100
27.85,-0.3,1100,"sd","13:13:47",5232100
27.85,-0.3,1100,"sd","13:13:36",5231000
27.85,-0.3,1100,"sd","13:13:26",5229900
27.85,-0.3,1100,"sd","13:13:15",5228800
27.85,-0.3,1100,"sd","13:13:05",5227700
27.9,-0.25,1200,"bu","13:13:03",5226600
27.9,-0.25,800,"bu","13:13:03",5225400
27.85,-0.3,1100,"sd","13:12:54",5224600
27.9,-0.25,1000,"bu","13:12:53",5223500
27.9,-0.25,1000,"bu","13:12:47",5222500
27.9,-0.25,800,"bu","13:12:46",5221500
27.85,-0.3,1100,"sd","13:12:43",5220700
27.85,-0.3,100,"sd","13:12:39",5219600
27.85,-0.3,1100,"sd","13:12:33",5219500
27.9,-0.25,200,"bu","13:12:31",5218400
27.9,-0.25,100,"bu","13:12:28",5218200
27.9,-0.25,2000,"bu","13:12:27",5218100
27.9,-0.25,300,"bu","13:12:26",5216100
27.85,-0.3,1100,"sd","13:12:22",5215800
27.9,-0.25,200,"bu","13:12:22",5214700
27.9,-0.25,100,"bu","13:12:20",5214500
27.9,-0.25,6200,"bu","13:12:17",5214400
27.85,-0.3,1000,"sd","13:12:11",5208200
27.9,-0.25,2000,"bu","13:12:10",5207200
27.9,-0.25,1100,"bu","13:12:07",5205200
27.9,-0.25,700,"bu","13:12:05",5204100
27.85,-0.3,1100,"sd","13:12:01",5203400
27.9,-0.25,1000,"bu","13:12:01",5202300
27.9,-0.25,1100,"bu","13:11:57",5201300
27.9,-0.25,200,"bu","13:11:55",5200200
27.85,-0.3,1100,"sd","13:11:50",5200000
27.9,-0.25,4000,"bu","13:11:48",5198900
27.9,-0.25,500,"bu","13:11:40",5194900
27.85,-0.3,1100,"sd","13:11:39",5194400
27.85,-0.3,1100,"sd","13:11:29",5193300
27.9,-0.25,100,"bu","13:11:28",5192200
27.9,-0.25,1000,"bu","13:11:27",5192100
27.9,-0.25,100,"bu","13:11:22",5191100
27.85,-0.3,1100,"sd","13:11:18",5191000
27.9,-0.25,10000,"bu","13:11:18",5189900
27.9,-0.25,100,"bu","13:11:17",5179900
27.9,-0.25,300,"bu","13:11:10",5179800
27.85,-0.3,1100,"sd","13:11:08",5179500
27.9,-0.25,500,"bu","13:11:06",5178400
27.9,-0.25,200,"bu","13:11:02",5177900
27.85,-0.3,1100,"sd","13:10:57",5177700
27.85,-0.3,2000,"sd","13:10:56",5176600
27.9,-0.25,100,"bu","13:10:49",5174600
27.85,-0.3,1100,"sd","13:10:46",5174500
27.9,-0.25,200,"bu","13:10:38",5173400
27.85,-0.3,1100,"sd","13:10:37",5173200
27.85,-0.3,100,"sd","13:10:36",5172100
27.85,-0.3,300,"sd","13:10:33",5172000
27.9,-0.25,100,"bu","13:10:30",5171700
27.85,-0.3,6100,"sd","13:10:27",5171600
27.85,-0.3,1000,"sd","13:10:25",5165500
27.9,-0.25,100,"bu","13:10:21",5164500
27.9,-0.25,6200,"bu","13:10:19",5164400
27.9,-0.25,5000,"bu","13:10:18",5158200
27.85,-0.3,1100,"sd","13:10:14",5153200
27.9,-0.25,700,"bu","13:10:11",5152100
27.85,-0.3,500,"sd","13:10:10",5151400
27.85,-0.3,1100,"sd","13:10:04",5150900
27.85,-0.3,27000,"sd","13:10:01",5149800
27.9,-0.25,50000,"bu","13:10:00",5122800
27.85,-0.3,1100,"sd","13:09:53",5072800
27.85,-0.3,5000,"sd","13:09:53",5071700
27.85,-0.3,100,"sd","13:09:48",5066700
27.9,-0.25,100,"bu","13:09:47",5066600
27.85,-0.3,300,"sd","13:09:43",5066500
27.85,-0.3,800,"sd","13:09:42",5066200
27.85,-0.3,1100,"sd","13:09:32",5065400
27.85,-0.3,1000,"sd","13:09:29",5064300
27.85,-0.3,100,"sd","13:09:28",5063300
27.85,-0.3,1100,"sd","13:09:21",5063200
27.85,-0.3,3000,"sd","13:09:15",5062100
27.85,-0.3,1100,"sd","13:09:10",5059100
27.85,-0.3,1100,"sd","13:09:00",5058000
27.85,-0.3,200,"sd","13:09:00",5056900
27.9,-0.25,200,"bu","13:08:57",5056700
27.85,-0.3,1100,"sd","13:08:49",5056500
27.85,-0.3,1000,"sd","13:08:38",5055400
27.85,-0.3,1100,"sd","13:08:28",5054400
27.85,-0.3,1100,"sd","13:08:17",5053300
27.85,-0.3,1100,"sd","13:08:08",5052200
27.85,-0.3,1500,"sd","13:08:05",5051100
27.9,-0.25,5000,"bu","13:08:01",5049600
27.9,-0.25,100,"bu","13:07:57",5044600
27.85,-0.3,1100,"sd","13:07:57",5044500
27.9,-0.25,100,"bu","13:07:53",5043400
27.9,-0.25,500,"bu","13:07:52",5043300
27.9,-0.25,1000,"bu","13:07:51",5042800
27.85,-0.3,1100,"sd","13:07:45",5041800
27.85,-0.3,1100,"sd","13:07:35",5040700
27.85,-0.3,1100,"sd","13:07:24",5039600
27.9,-0.25,5000,"bu","13:07:23",5038500
27.9,-0.25,100,"bu","13:07:21",5033500
27.85,-0.3,1100,"sd","13:07:13",5033400
27.85,-0.3,1100,"sd","13:07:03",5032300
27.85,-0.3,1000,"sd","13:06:53",5031200
27.85,-0.3,1100,"sd","13:06:41",5030200
27.85,-0.3,1100,"sd","13:06:31",5029100
27.9,-0.25,3700,"sd","13:06:26",5028000
27.9,-0.25,7500,"bu","13:06:22",5024300
27.85,-0.3,1100,"sd","13:06:20",5016800
27.9,-0.25,10000,"bu","13:06:19",5015700
27.85,-0.3,1100,"sd","13:06:10",5005700
27.9,-0.25,1000,"bu","13:06:07",5004600
27.9,-0.25,1200,"bu","13:06:05",5003600
27.9,-0.25,100,"bu","13:06:03",5002400
27.85,-0.3,1100,"sd","13:05:59",5002300
27.9,-0.25,100,"bu","13:05:58",5001200
27.9,-0.25,1000,"bu","13:05:56",5001100
27.9,-0.25,100,"bu","13:05:51",5000100
27.85,-0.3,1100,"sd","13:05:48",5000000
27.9,-0.25,50500,"sd","13:05:41",4998900
27.9,-0.25,1100,"sd","13:05:39",4948400
27.9,-0.25,48400,"sd","13:05:36",4947300
27.9,-0.25,5000,"sd","13:05:29",4898900
27.9,-0.25,1100,"sd","13:05:27",4893900
27.9,-0.25,2000,"sd","13:05:22",4892800
27.9,-0.25,1100,"sd","13:05:16",4890800
27.9,-0.25,2100,"sd","13:05:15",4889700
27.95,-0.2,600,"bu","13:05:09",4887600
27.9,-0.25,1200,"sd","13:05:08",4887000
27.9,-0.25,1100,"sd","13:05:06",4885800
27.9,-0.25,500,"sd","13:05:03",4884700
27.9,-0.25,2900,"sd","13:04:58",4884200
27.9,-0.25,1000,"sd","13:04:55",4881300
27.9,-0.25,1000,"sd","13:04:55",4880300
27.9,-0.25,400,"sd","13:04:50",4879300
27.9,-0.25,1100,"sd","13:04:44",4878900
27.9,-0.25,2000,"sd","13:04:40",4877800
27.9,-0.25,1300,"sd","13:04:36",4875800
27.9,-0.25,1100,"sd","13:04:34",4874500
27.9,-0.25,200,"sd","13:04:26",4873400
27.9,-0.25,1100,"sd","13:04:23",4873200
27.9,-0.25,2000,"sd","13:04:20",4872100
27.9,-0.25,9000,"sd","13:04:15",4870100
27.9,-0.25,1100,"sd","13:04:13",4861100
27.95,-0.2,1000,"bu","13:04:07",4860000
27.95,-0.2,1000,"bu","13:04:06",4859000
27.9,-0.25,1100,"sd","13:04:02",4858000
27.9,-0.25,300,"sd","13:03:59",4856900
27.95,-0.2,100,"bu","13:03:52",4856600
27.9,-0.25,1100,"sd","13:03:51",4856500
27.95,-0.2,500,"bu","13:03:51",4855400
27.95,-0.2,200,"bu","13:03:42",4854900
27.9,-0.25,1100,"sd","13:03:41",4854700
27.95,-0.2,40500,"sd","13:03:40",4853600
27.95,-0.2,1100,"sd","13:03:30",4813100
27.95,-0.2,1100,"sd","13:03:19",4812000
27.95,-0.2,1000,"sd","13:03:16",4810900
27.95,-0.2,1000,"sd","13:03:09",4809900
27.95,-0.2,2100,"sd","13:03:06",4808900
28,-0.15,100,"bu","13:03:04",4806800
27.95,-0.2,200,"sd","13:03:03",4806700
27.95,-0.2,3000,"sd","13:03:01",4806500
27.95,-0.2,800,"sd","13:03:00",4803500
27.95,-0.2,300,"sd","13:03:00",4802700
27.95,-0.2,1100,"sd","13:02:59",4802400
27.95,-0.2,1100,"sd","13:02:47",4801300
27.95,-0.2,2000,"sd","13:02:41",4800200
27.95,-0.2,1100,"sd","13:02:37",4798200
27.95,-0.2,100,"sd","13:02:35",4797100
27.95,-0.2,1100,"sd","13:02:26",4797000
27.95,-0.2,1100,"sd","13:02:16",4795900
28,-0.15,100,"bu","13:02:11",4794800
28,-0.15,100,"bu","13:02:08",4794700
27.95,-0.2,1100,"sd","13:02:05",4794600
28,-0.15,100,"bu","13:01:58",4793500
27.95,-0.2,1100,"sd","13:01:54",4793400
27.95,-0.2,1100,"sd","13:01:44",4792300
27.95,-0.2,1100,"sd","13:01:33",4791200
27.95,-0.2,1000,"sd","13:01:22",4790100
28,-0.15,2700,"sd","13:01:21",4789100
28,-0.15,47700,"sd","13:01:20",4786400
28,-0.15,4900,"sd","13:01:12",4738700
28,-0.15,12200,"sd","13:01:12",4733800
28,-0.15,10000,"sd","13:01:09",4721600
28,-0.15,8100,"sd","13:01:08",4711600
28,-0.15,300,"sd","13:01:05",4703500
28,-0.15,6400,"sd","13:01:03",4703200
28,-0.15,3400,"sd","13:01:02",4696800
28,-0.15,1100,"sd","13:01:01",4693400
28,-0.15,5000,"sd","13:00:54",4692300
28,-0.15,1100,"sd","13:00:50",4687300
28,-0.15,1000,"sd","13:00:49",4686200
28,-0.15,100,"sd","13:00:46",4685200
28,-0.15,100,"sd","13:00:44",4685100
28,-0.15,1100,"sd","13:00:41",4685000
28,-0.15,2000,"sd","13:00:39",4683900
28,-0.15,2800,"sd","13:00:32",4681900
28,-0.15,1100,"sd","13:00:29",4679100
28,-0.15,10000,"sd","13:00:25",4678000
28,-0.15,600,"sd","13:00:23",4668000
28,-0.15,1000,"sd","13:00:22",4667400
28.05,-0.1,100,"bu","13:00:20",4666400
28.05,-0.1,100,"bu","13:00:13",4666300
28.05,-0.1,1000,"bu","13:00:08",4666200
28,-0.15,400,"sd","13:00:04",4665000
28.05,-0.1,1000,"bu","13:00:03",4664600
28,-0.15,2000,"sd","13:00:02",4663600
28,-0.15,5000,"sd","13:00:01",4661600
28,-0.15,1300,"sd","13:00:00",4656600
28.05,-0.1,100,"bu","13:00:00",4655300
28,-0.15,200,"sd","13:00:00",4655200
28.05,-0.1,100,"bu","13:00:00",4655000
28,-0.15,1000,"sd","13:00:00",4654900
28.05,-0.1,4700,"bu","13:00:00",4653900
28,-0.15,4300,"sd","13:00:00",4649200
28.05,-0.1,600,"bu","13:00:00",4644900
28.05,-0.1,1000,"sd","11:29:48",4644300
28.05,-0.1,2000,"bu","11:29:24",4643300
28,-0.15,2300,"sd","11:29:22",4641300
28.05,-0.1,100,"bu","11:29:20",4639000
28.05,-0.1,6000,"bu","11:29:13",4638900
28.05,-0.1,10100,"bu","11:29:06",4632900
28,-0.15,1000,"sd","11:28:51",4622800
28,-0.15,100,"sd","11:28:16",4621800
28,-0.15,4000,"sd","11:28:05",4621700
28,-0.15,600,"sd","11:28:00",4617700
28,-0.15,500,"sd","11:27:51",4617100
28,-0.15,2000,"sd","11:27:46",4616600
28,-0.15,600,"sd","11:27:42",4614600
28,-0.15,500,"sd","11:27:33",4614000
28.05,-0.1,1000,"bu","11:27:28",4613500
28.05,-0.1,17900,"sd","11:27:26",4612500
28.05,-0.1,600,"sd","11:27:24",4594600
28.05,-0.1,18200,"bu","11:27:17",4594000
28.05,-0.1,14300,"bu","11:27:17",4575800
28,-0.15,600,"sd","11:27:14",4561500
28.05,-0.1,7000,"bu","11:27:07",4560900
28.05,-0.1,2200,"bu","11:27:06",4553900
28,-0.15,600,"sd","11:27:05",4551700
28,-0.15,200,"sd","11:26:56",4551100
28,-0.15,600,"sd","11:26:56",4550900
28,-0.15,600,"sd","11:26:47",4550300
28,-0.15,10000,"sd","11:26:42",4549700
28,-0.15,600,"sd","11:26:39",4539700
28,-0.15,600,"sd","11:26:38",4539100
28,-0.15,500,"sd","11:26:29",4538500
28,-0.15,600,"sd","11:26:20",4538000
28,-0.15,600,"sd","11:26:11",4537400
28,-0.15,600,"sd","11:26:02",4536800
28,-0.15,600,"sd","11:25:52",4536200
28,-0.15,900,"sd","11:25:43",4535600
28,-0.15,900,"sd","11:25:34",4534700
28,-0.15,900,"sd","11:25:25",4533800
28,-0.15,100,"sd","11:25:23",4532900
28.05,-0.1,100,"bu","11:25:23",4532800
28,-0.15,900,"sd","11:25:16",4532700
28,-0.15,900,"sd","11:25:07",4531800
28.05,-0.1,100,"bu","11:25:04",4530900
28,-0.15,900,"sd","11:24:58",4530800
28,-0.15,1000,"sd","11:24:49",4529900
28.05,-0.1,1000,"bu","11:24:48",4528900
28.05,-0.1,100,"bu","11:24:43",4527900
28,-0.15,900,"sd","11:24:40",4527800
28.05,-0.1,1000,"bu","11:24:33",4526900
28,-0.15,900,"sd","11:24:30",4525900
28,-0.15,900,"sd","11:24:21",4525000
28.05,-0.1,1100,"bu","11:24:19",4524100
28,-0.15,900,"sd","11:24:12",4523000
28,-0.15,900,"sd","11:24:03",4522100
28.05,-0.1,100,"bu","11:23:59",4521200
28,-0.15,900,"sd","11:23:54",4521100
28,-0.15,1000,"sd","11:23:45",4520200
28.05,-0.1,2000,"bu","11:23:37",4519200
28,-0.15,900,"sd","11:23:36",4517200
28.05,-0.1,500,"bu","11:23:34",4516300
28,-0.15,900,"sd","11:23:27",4515800
28,-0.15,900,"sd","11:23:18",4514900
28.05,-0.1,1000,"bu","11:23:09",4514000
28,-0.15,900,"sd","11:23:08",4513000
28.05,-0.1,100,"bu","11:23:01",4512100
28,-0.15,900,"sd","11:22:59",4512000
28,-0.15,1000,"sd","11:22:56",4511100
28,-0.15,900,"sd","11:22:50",4510100
28,-0.15,1000,"sd","11:22:41",4509200
28,-0.15,900,"sd","11:22:32",4508200
28,-0.15,1000,"sd","11:22:29",4507300
28,-0.15,900,"sd","11:22:23",4506300
28,-0.15,100,"sd","11:22:18",4505400
28.05,-0.1,2000,"bu","11:22:17",4505300
28,-0.15,900,"sd","11:22:14",4503300
28.05,-0.1,500,"bu","11:22:12",4502400
28,-0.15,900,"sd","11:22:05",4501900
28,-0.15,900,"sd","11:21:56",4501000
28.05,-0.1,700,"sd","11:21:55",4500100
28.05,-0.1,5000,"sd","11:21:50",4499400
28.05,-0.1,900,"sd","11:21:46",4494400
28.05,-0.1,2000,"sd","11:21:40",4493500
28.05,-0.1,1000,"sd","11:21:38",4491500
28.05,-0.1,1000,"sd","11:21:37",4490500
28.05,-0.1,900,"sd","11:21:28",4489500
28.05,-0.1,300,"sd","11:21:21",4488600
28.05,-0.1,900,"sd","11:21:19",4488300
28.05,-0.1,1000,"sd","11:21:17",4487400
28.05,-0.1,10000,"sd","11:21:13",4486400
28.05,-0.1,900,"sd","11:21:10",4476400
28.05,-0.1,900,"sd","11:21:01",4475500
28.05,-0.1,900,"sd","11:20:52",4474600
28.05,-0.1,900,"sd","11:20:43",4473700
28.05,-0.1,1000,"sd","11:20:34",4472800
28.05,-0.1,900,"sd","11:20:24",4471800
28.05,-0.1,900,"sd","11:20:15",4470900
28.05,-0.1,900,"sd","11:20:06",4470000
28.05,-0.1,900,"sd","11:19:57",4469100
28.05,-0.1,1000,"sd","11:19:56",4468200
28.05,-0.1,900,"sd","11:19:48",4467200
28.05,-0.1,900,"sd","11:19:39",4466300
28.05,-0.1,1000,"sd","11:19:30",4465400
28.1,-0.05,1100,"bu","11:19:29",4464400
28.1,-0.05,500,"bu","11:19:25",4463300
28.05,-0.1,900,"sd","11:19:21",4462800
28.05,-0.1,100,"sd","11:19:21",4461900
28.1,-0.05,100,"bu","11:19:16",4461800
28.05,-0.1,900,"sd","11:19:12",4461700
28.05,-0.1,900,"sd","11:19:02",4460800
28.05,-0.1,900,"sd","11:18:53",4459900
28.05,-0.1,900,"sd","11:18:44",4459000
28.05,-0.1,900,"sd","11:18:35",4458100
28.05,-0.1,500,"sd","11:18:30",4457200
28.05,-0.1,1000,"sd","11:18:26",4456700
28.05,-0.1,900,"sd","11:18:17",4455700
28.05,-0.1,8200,"bu","11:18:12",4454800
28.05,-0.1,100,"bu","11:18:10",4446600
28,-0.15,900,"sd","11:18:08",4446500
28,-0.15,900,"sd","11:17:59",4445600
28.05,-0.1,2000,"bu","11:17:56",4444700
28.05,-0.1,1000,"bu","11:17:50",4442700
28,-0.15,900,"sd","11:17:50",4441700
28.05,-0.1,11000,"bu","11:17:48",4440800
28,-0.15,5000,"sd","11:17:45",4429800
28,-0.15,900,"sd","11:17:40",4424800
28.05,-0.1,5000,"bu","11:17:35",4423900
28,-0.15,900,"sd","11:17:31",4418900
28,-0.15,1000,"sd","11:17:22",4418000
28,-0.15,900,"sd","11:17:13",4417000
28,-0.15,900,"sd","11:17:04",4416100
28.05,-0.1,200,"bu","11:17:03",4415200
28,-0.15,900,"sd","11:16:55",4415000
28,-0.15,900,"sd","11:16:46",4414100
28.05,-0.1,100,"bu","11:16:40",4413200
28,-0.15,900,"sd","11:16:37",4413100
28,-0.15,900,"sd","11:16:28",4412200
28,-0.15,3000,"sd","11:16:21",4411300
28.05,-0.1,2000,"bu","11:16:18",4408300
28,-0.15,1000,"sd","11:16:18",4406300
28,-0.15,900,"sd","11:16:09",4405300
28,-0.15,900,"sd","11:16:00",4404400
28,-0.15,900,"sd","11:15:51",4403500
28,-0.15,900,"sd","11:15:42",4402600
28,-0.15,900,"sd","11:15:33",4401700
28,-0.15,1700,"sd","11:15:26",4400800
28,-0.15,900,"sd","11:15:24",4399100
28,-0.15,1000,"sd","11:15:15",4398200
28,-0.15,900,"sd","11:15:06",4397200
28,-0.15,900,"sd","11:14:56",4396300
28,-0.15,900,"sd","11:14:47",4395400
28,-0.15,900,"sd","11:14:38",4394500
28,-0.15,700,"sd","11:14:29",4393600
28,-0.15,900,"sd","11:14:29",4392900
28,-0.15,15000,"sd","11:14:26",4392000
28,-0.15,900,"sd","11:14:20",4377000
28,-0.15,1000,"sd","11:14:11",4376100
28,-0.15,900,"sd","11:14:02",4375100
28,-0.15,900,"sd","11:13:53",4374200
28.05,-0.1,500,"bu","11:13:45",4373300
28,-0.15,900,"sd","11:13:44",4372800
28,-0.15,900,"sd","11:13:34",4371900
28,-0.15,900,"sd","11:13:25",4371000
28,-0.15,900,"sd","11:13:16",4370100
28,-0.15,2000,"sd","11:13:14",4369200
28,-0.15,1000,"sd","11:13:07",4367200
28.05,-0.1,1000,"bu","11:13:06",4366200
28.05,-0.1,1000,"bu","11:13:05",4365200
28,-0.15,900,"sd","11:12:58",4364200
28.05,-0.1,1000,"bu","11:12:58",4363300
28,-0.15,900,"sd","11:12:49",4362300
28.05,-0.1,1100,"bu","11:12:49",4361400
28.05,-0.1,200,"bu","11:12:46",4360300
28.05,-0.1,3000,"bu","11:12:42",4360100
28,-0.15,900,"sd","11:12:40",4357100
28.05,-0.1,500,"bu","11:12:36",4356200
28,-0.15,900,"sd","11:12:31",4355700
28.05,-0.1,100,"bu","11:12:27",4354800
28,-0.15,900,"sd","11:12:22",4354700
28.05,-0.1,200,"bu","11:12:15",4353800
28,-0.15,900,"sd","11:12:12",4353600
28,-0.15,2000,"sd","11:12:09",4352700
28.05,-0.1,1000,"bu","11:12:09",4350700
28.05,-0.1,100,"bu","11:12:08",4349700
28.05,-0.1,3400,"bu","11:12:06",4349600
28.05,-0.1,1600,"bu","11:12:05",4346200
28,-0.15,1000,"sd","11:12:03",4344600
28.05,-0.1,700,"bu","11:11:56",4343600
28,-0.15,900,"sd","11:11:54",4342900
28.05,-0.1,300,"bu","11:11:51",4342000
28.05,-0.1,3000,"bu","11:11:49",4341700
28,-0.15,900,"sd","11:11:45",4338700
28.05,-0.1,2000,"bu","11:11:37",4337800
28,-0.15,900,"sd","11:11:36",4335800
28.05,-0.1,15000,"bu","11:11:35",4334900
28.05,-0.1,1000,"bu","11:11:29",4319900
28.05,-0.1,100,"bu","11:11:27",4318900
28,-0.15,900,"sd","11:11:27",4318800
28,-0.15,900,"sd","11:11:18",4317900
28,-0.15,900,"sd","11:11:09",4317000
28.05,-0.1,100,"bu","11:11:02",4314100
28,-0.15,1000,"sd","11:11:00",4314000
28,-0.15,6500,"sd","11:10:54",4313000
28,-0.15,900,"sd","11:10:50",4306500
28.05,-0.1,1000,"bu","11:10:50",4305600
28.05,-0.1,200,"bu","11:10:44",4304600
28,-0.15,900,"sd","11:10:41",4304400
28,-0.15,200,"sd","11:10:37",4303500
28,-0.15,900,"sd","11:10:32",4303300
28.05,-0.1,100,"bu","11:10:30",4302400
28,-0.15,500,"sd","11:10:28",4302300
28,-0.15,900,"sd","11:10:23",4301800
28,-0.15,900,"sd","11:10:14",4300900
28.05,-0.1,1100,"bu","11:10:10",4300000
28.05,-0.1,3000,"bu","11:10:08",4298900
28,-0.15,900,"sd","11:10:05",4295900
28,-0.15,1000,"sd","11:09:56",4295000
28,-0.15,900,"sd","11:09:47",4294000
28,-0.15,900,"sd","11:09:38",4293100
28.05,-0.1,2700,"sd","11:09:34",4292200
28,-0.15,900,"sd","11:09:28",4289500
28.05,-0.1,1600,"sd","11:09:26",4288600
28.05,-0.1,73300,"sd","11:09:26",4287000
28.05,-0.1,100,"sd","11:09:24",4213700
28.1,-0.05,1000,"bu","11:09:19",4213600
28.05,-0.1,900,"sd","11:09:19",4212600
28.05,-0.1,1000,"sd","11:09:11",4211700
28.05,-0.1,900,"sd","11:09:10",4210700
28.05,-0.1,900,"sd","11:09:01",4209800
28.05,-0.1,1000,"sd","11:08:52",4208900
28.05,-0.1,900,"sd","11:08:43",4207900
28.05,-0.1,5000,"sd","11:08:42",4207000
28.05,-0.1,900,"sd","11:08:34",4202000
28.05,-0.1,900,"sd","11:08:25",4201100
28.05,-0.1,900,"sd","11:08:16",4200200
28.05,-0.1,900,"sd","11:08:06",4199300
28.05,-0.1,900,"sd","11:07:57",4198400
28.05,-0.1,1000,"sd","11:07:48",4197500
28.05,-0.1,900,"sd","11:07:39",4196500
28.05,-0.1,900,"sd","11:07:30",4195600
28.05,-0.1,1500,"sd","11:07:28",4194700
28.05,-0.1,900,"sd","11:07:21",4193200
28.05,-0.1,2000,"sd","11:07:20",4192300
28.05,-0.1,900,"sd","11:07:12",4190300
28.05,-0.1,900,"sd","11:07:03",4189400
28.05,-0.1,900,"sd","11:06:54",4188500
28.05,-0.1,200,"sd","11:06:52",4187600
28.05,-0.1,1000,"sd","11:06:44",4187400
28.05,-0.1,1000,"sd","11:06:35",4186400
28.1,-0.05,200,"bu","11:06:29",4185400
28.05,-0.1,900,"sd","11:06:26",4185200
28.05,-0.1,900,"sd","11:06:23",4184300
28.1,-0.05,500,"bu","11:06:22",4183400
28.05,-0.1,1000,"sd","11:06:17",4182900
28.05,-0.1,900,"sd","11:06:08",4181900
28.1,-0.05,400,"bu","11:06:07",4181000
28.1,-0.05,1300,"bu","11:06:05",4180600
28.05,-0.1,1000,"sd","11:05:59",4179300
28.05,-0.1,1000,"sd","11:05:57",4178300
28.05,-0.1,900,"sd","11:05:50",4177300
28.05,-0.1,1000,"sd","11:05:41",4176400
28.05,-0.1,900,"sd","11:05:32",4175400
28.1,-0.05,600,"bu","11:05:30",4174500
28.05,-0.1,4000,"sd","11:05:23",4173900
28.05,-0.1,1000,"sd","11:05:22",4169900
28.05,-0.1,2500,"sd","11:05:17",4168900
28.05,-0.1,900,"sd","11:05:13",4166400
28.05,-0.1,1000,"sd","11:05:04",4165500
28.05,-0.1,900,"sd","11:04:55",4164500
28.05,-0.1,3000,"sd","11:04:51",4163600
28.05,-0.1,1000,"sd","11:04:46",4160600
28.05,-0.1,20000,"sd","11:04:43",4159600
28.05,-0.1,900,"sd","11:04:37",4139600
28.05,-0.1,1000,"sd","11:04:28",4138700
28.05,-0.1,900,"sd","11:04:19",4137700
28.05,-0.1,1000,"sd","11:04:10",4136800
28.05,-0.1,900,"sd","11:04:00",4135800
28.05,-0.1,1000,"sd","11:03:53",4134900
28.05,-0.1,1000,"sd","11:03:51",4133900
28.1,-0.05,42600,"sd","11:03:42",4132900
28.1,-0.05,50000,"sd","11:03:40",4090300
28.1,-0.05,1000,"sd","11:03:33",4040300
28.1,-0.05,500,"sd","11:03:33",4039300
28.1,-0.05,1000,"sd","11:03:31",4038800
28.1,-0.05,1000,"sd","11:03:27",4037800
28.1,-0.05,100,"sd","11:03:25",4036800
28.1,-0.05,900,"sd","11:03:24",4036700
28.1,-0.05,4400,"sd","11:03:15",4035800
28.1,-0.05,400,"sd","11:03:12",4031400
28.1,-0.05,900,"sd","11:03:06",4031000
28.1,-0.05,1000,"sd","11:02:57",4030100
28.1,-0.05,100,"sd","11:02:54",4029100
28.1,-0.05,200,"sd","11:02:53",4029000
28.1,-0.05,900,"sd","11:02:48",4028800
28.1,-0.05,1000,"sd","11:02:38",4027900
28.1,-0.05,900,"sd","11:02:29",4026900
28.1,-0.05,1000,"sd","11:02:20",4026000
28.15,0,800,"bu","11:02:17",4025000
28.1,-0.05,900,"sd","11:02:11",4024200
28.1,-0.05,1000,"sd","11:02:02",4023300
28.1,-0.05,900,"sd","11:01:53",4022300
28.1,-0.05,1000,"sd","11:01:44",4021400
28.1,-0.05,900,"sd","11:01:35",4020400
28.1,-0.05,1000,"sd","11:01:26",4019500
28.1,-0.05,3000,"sd","11:01:19",4018500
28.1,-0.05,900,"sd","11:01:16",4015500
28.1,-0.05,1000,"sd","11:01:07",4014600
28.1,-0.05,1000,"sd","11:00:58",4013600
28.1,-0.05,900,"sd","11:00:49",4012600
28.15,0,1000,"bu","11:00:44",4011700
28.1,-0.05,1000,"sd","11:00:40",4010700
28.15,0,1000,"bu","11:00:38",4009700
28.1,-0.05,900,"sd","11:00:31",4008700
28.15,0,2800,"bu","11:00:30",4007800
28.1,-0.05,1000,"sd","11:00:22",4005000
28.15,0,3200,"bu","11:00:19",4004000
28.1,-0.05,900,"sd","11:00:13",4000800
28.1,-0.05,5000,"sd","11:00:09",3999900
28.15,0,3600,"bu","11:00:07",3994900
28.1,-0.05,1000,"sd","11:00:04",3991300
28.15,0,200,"bu","11:00:00",3990300
28.1,-0.05,900,"sd","10:59:54",3990100
28.15,0,2900,"bu","10:59:54",3989200
28.1,-0.05,1000,"sd","10:59:45",3986300
28.15,0,2800,"bu","10:59:43",3985300
28.1,-0.05,900,"sd","10:59:36",3982500
28.15,0,3900,"bu","10:59:33",3981600
28.1,-0.05,1000,"sd","10:59:27",3977700
28.15,0,2400,"bu","10:59:19",3975700
28.1,-0.05,900,"sd","10:59:18",3973300
28.15,0,2000,"bu","10:59:18",3972400
28.15,0,3800,"bu","10:59:09",3970400
28.1,-0.05,1000,"sd","10:59:09",3966600
28.1,-0.05,900,"sd","10:59:00",3965600
28.15,0,2900,"bu","10:58:56",3964700
28.1,-0.05,1000,"sd","10:58:51",3961800
28.15,0,1000,"bu","10:58:50",3960800
28.15,0,3100,"bu","10:58:44",3959800
28.1,-0.05,5000,"sd","10:58:43",3956700
28.1,-0.05,900,"sd","10:58:42",3951700
28.1,-0.05,400,"sd","10:58:39",3950800
28.1,-0.05,1000,"sd","10:58:39",3950400
28.15,0,3300,"bu","10:58:34",3949400
28.1,-0.05,1000,"sd","10:58:33",3946100
28.1,-0.05,900,"sd","10:58:23",3945100
28.15,0,3100,"bu","10:58:21",3944200
28.1,-0.05,1000,"sd","10:58:14",3941100
28.15,0,3200,"bu","10:58:11",3940100
28.1,-0.05,100,"sd","10:58:10",3936900
28.1,-0.05,900,"sd","10:58:05",3936800
28.15,0,3800,"bu","10:57:58",3935900
28.1,-0.05,1000,"sd","10:57:56",3932100
28.1,-0.05,100,"sd","10:57:48",3931100
28.1,-0.05,900,"sd","10:57:47",3931000
28.15,0,4000,"bu","10:57:44",3930100
28.1,-0.05,1000,"sd","10:57:38",3926100
28.15,0,1100,"bu","10:57:31",3925100
28.15,0,3400,"bu","10:57:29",3924000
28.1,-0.05,900,"sd","10:57:29",3920600
28.1,-0.05,1000,"sd","10:57:20",3919700
28.15,0,3400,"bu","10:57:17",3918700
28.1,-0.05,900,"sd","10:57:11",3915300
28.15,0,3700,"bu","10:57:04",3914400
28.15,0,500,"bu","10:57:03",3910700
28.15,0,2000,"bu","10:57:01",3910200
28.1,-0.05,1000,"sd","10:57:01",3908200
28.15,0,100,"bu","10:56:59",3907200
28.1,-0.05,900,"sd","10:56:52",3907100
28.15,0,4100,"bu","10:56:51",3906200
28.15,0,500,"bu","10:56:46",3902100
28.1,-0.05,1000,"sd","10:56:43",3901600
28.1,-0.05,10000,"sd","10:56:40",3900600
28.15,0,3100,"bu","10:56:40",3890600
28.1,-0.05,900,"sd","10:56:34",3887500
28.15,0,1000,"bu","10:56:32",3886600
28.15,0,3700,"bu","10:56:27",3885600
28.1,-0.05,1000,"sd","10:56:25",3881900
28.1,-0.05,900,"sd","10:56:16",3880900
28.15,0,3000,"bu","10:56:14",3880000
28.1,-0.05,1000,"sd","10:56:07",3877000
28.15,0,2600,"bu","10:56:02",3876000
28.1,-0.05,900,"sd","10:55:58",3873400
28.15,0,3100,"bu","10:55:53",3872500
28.15,0,5000,"bu","10:55:51",3869400
28.1,-0.05,1000,"sd","10:55:49",3864400
28.15,0,3800,"bu","10:55:42",3863400
28.1,-0.05,900,"sd","10:55:39",3859600
28.1,-0.05,1000,"sd","10:55:30",3858700
28.15,0,3200,"bu","10:55:27",3857700
28.1,-0.05,900,"sd","10:55:21",3854500
28.15,0,3100,"bu","10:55:16",3853600
28.1,-0.05,1000,"sd","10:55:12",3850500
28.1,-0.05,2000,"sd","10:55:05",3849500
28.15,0,3500,"bu","10:55:04",3847500
28.1,-0.05,900,"sd","10:55:03",3844000
28.15,0,900,"bu","10:54:57",3843100
28.1,-0.05,1000,"sd","10:54:54",3842200
28.15,0,3200,"bu","10:54:51",3841200
28.1,-0.05,900,"sd","10:54:45",3838000
28.15,0,4300,"bu","10:54:39",3837100
28.1,-0.05,1000,"sd","10:54:36",3832800
28.15,0,1000,"bu","10:54:36",3831800
28.1,-0.05,900,"sd","10:54:27",3830800
28.15,0,2000,"bu","10:54:24",3829900
28.15,0,3000,"bu","10:54:23",3827900
28.1,-0.05,1100,"sd","10:54:17",3824900
28.15,0,2600,"bu","10:54:12",3823800
28.1,-0.05,900,"sd","10:54:08",3821200
28.15,0,2600,"bu","10:54:03",3820300
28.15,0,6700,"bu","10:54:02",3817700
28.1,-0.05,1000,"sd","10:53:59",3811000
28.1,-0.05,6200,"sd","10:53:57",3810000
28.15,0,3600,"bu","10:53:53",3803800
28.1,-0.05,900,"sd","10:53:50",3800200
28.1,-0.05,1000,"sd","10:53:41",3799300
28.15,0,2700,"bu","10:53:39",3798300
28.15,0,100,"bu","10:53:38",3795600
28.15,0,1800,"bu","10:53:34",3795500
28.1,-0.05,900,"sd","10:53:32",3793700
28.15,0,1000,"bu","10:53:31",3792800
28.15,0,3200,"bu","10:53:29",3791800
28.15,0,400,"bu","10:53:26",3788600
28.1,-0.05,1000,"sd","10:53:23",3788200
28.15,0,2600,"bu","10:53:18",3787200
28.1,-0.05,900,"sd","10:53:14",3784600
28.15,0,2900,"bu","10:53:08",3783700
28.1,-0.05,1000,"sd","10:53:05",3780800
28.15,0,200,"sd","10:53:03",3779800
28.2,0.05,16000,"bu","10:53:00",3779600
28.2,0.05,1700,"bu","10:52:57",3763600
28.15,0,800,"bu","10:52:57",3761900
28.15,0,100,"sd","10:52:55",3761100
28.2,0.05,1000,"bu","10:52:51",3761000
28.2,0.05,1600,"bu","10:52:48",3760000
28.15,0,2100,"bu","10:52:48",3758400
28.15,0,100,"bu","10:52:47",3756300
28.1,-0.05,1000,"sd","10:52:46",3756200
28.15,0,1000,"bu","10:52:39",3755200
28.15,0,5900,"sd","10:52:37",3754200
28.15,0,1300,"sd","10:52:28",3748300
28.15,0,3800,"bu","10:52:25",3747000
28.15,0,3600,"bu","10:52:21",3743200
28.1,-0.05,900,"sd","10:52:19",3739600
28.15,0,5800,"sd","10:52:15",3738700
28.2,0.05,1000,"bu","10:52:14",3732900
28.15,0,1000,"sd","10:52:10",3731900
28.15,0,1200,"bu","10:52:06",3730900
28.1,-0.05,1000,"sd","10:52:01",3729700
28.15,0,4100,"bu","10:51:56",3728700
28.1,-0.05,1000,"sd","10:51:52",3724600
28.1,-0.05,1000,"sd","10:51:43",3723600
28.15,0,4200,"sd","10:51:42",3722600
28.2,0.05,1000,"bu","10:51:39",3718400
28.2,0.05,1000,"bu","10:51:38",3717400
28.15,0,900,"sd","10:51:33",3716400
28.2,0.05,200,"bu","10:51:30",3715500
28.15,0,4100,"bu","10:51:30",3715300
28.15,0,2000,"bu","10:51:25",3711200
28.1,-0.05,1000,"sd","10:51:24",3709200
28.15,0,500,"bu","10:51:19",3708200
28.1,-0.05,1000,"sd","10:51:15",3707700
28.15,0,4200,"bu","10:51:14",3706700
28.15,0,14800,"bu","10:51:07",3702500
28.1,-0.05,1000,"sd","10:51:06",3687700
28.15,0,1000,"bu","10:51:00",3686700
28.15,0,2500,"bu","10:50:59",3685700
28.1,-0.05,1000,"sd","10:50:57",3683200
28.15,0,5000,"bu","10:50:51",3682200
28.15,0,1100,"bu","10:50:51",3677200
28.15,0,3600,"bu","10:50:49",3676100
28.1,-0.05,1000,"sd","10:50:48",3672500
28.1,-0.05,6200,"sd","10:50:43",3671500
28.1,-0.05,1000,"sd","10:50:39",3665300
28.15,0,4000,"bu","10:50:38",3664300
28.15,0,2900,"bu","10:50:36",3660300
28.1,-0.05,1000,"sd","10:50:30",3657400
28.15,0,3900,"bu","10:50:26",3656400
28.1,-0.05,1000,"sd","10:50:21",3652500
28.15,0,5000,"bu","10:50:19",3651500
28.15,0,2700,"bu","10:50:11",3646500
28.1,-0.05,1000,"sd","10:50:11",3643800
28.15,0,1000,"bu","10:50:11",3642800
28.15,0,3000,"bu","10:50:07",3641800
28.1,-0.05,1000,"sd","10:50:02",3638800
28.15,0,3600,"bu","10:50:01",3637800
28.15,0,1000,"bu","10:49:58",3634200
28.1,-0.05,1000,"sd","10:49:53",3633200
28.15,0,4300,"bu","10:49:48",3632200
28.1,-0.05,1000,"sd","10:49:44",3627900
28.1,-0.05,1000,"sd","10:49:35",3626900
28.15,0,4300,"bu","10:49:32",3625900
28.1,-0.05,900,"sd","10:49:26",3621600
28.1,-0.05,1000,"sd","10:49:17",3620700
28.15,0,3500,"bu","10:49:16",3619700
28.1,-0.05,1000,"sd","10:49:08",3616200
28.15,0,4000,"bu","10:49:03",3615200
28.1,-0.05,1000,"sd","10:48:59",3611200
28.15,0,10000,"bu","10:48:57",3610200
28.1,-0.05,1000,"sd","10:48:49",3600200
28.15,0,3600,"bu","10:48:48",3599200
28.1,-0.05,1000,"sd","10:48:40",3595600
28.15,0,300,"bu","10:48:36",3594600
28.15,0,2500,"bu","10:48:35",3594300
28.1,-0.05,600,"sd","10:48:31",3591800
28.1,-0.05,400,"sd","10:48:31",3591200
28.15,0,3300,"bu","10:48:25",3590800
28.1,-0.05,1000,"sd","10:48:22",3587500
28.15,0,2000,"bu","10:48:15",3586500
28.15,0,2600,"bu","10:48:13",3584500
28.1,-0.05,1000,"sd","10:48:13",3581900
28.1,-0.05,1000,"sd","10:48:04",3580900
28.15,0,2500,"bu","10:48:04",3579900
28.1,-0.05,1000,"sd","10:47:55",3577400
28.15,0,2800,"bu","10:47:55",3576400
28.1,-0.05,1000,"sd","10:47:46",3573600
28.15,0,5900,"bu","10:47:45",3572600
28.1,-0.05,1000,"sd","10:47:37",3566700
28.1,-0.05,1000,"sd","10:47:27",3565700
28.15,0,4300,"bu","10:47:23",3564700
28.1,-0.05,1000,"sd","10:47:18",3560400
28.15,0,100,"bu","10:47:13",3559400
28.1,-0.05,1000,"sd","10:47:09",3559300
28.15,0,4800,"bu","10:47:06",3558300
28.1,-0.05,1000,"sd","10:47:00",3553500
28.1,-0.05,1000,"sd","10:46:51",3552500
28.15,0,4600,"bu","10:46:49",3551500
28.1,-0.05,1000,"sd","10:46:42",3546900
28.1,-0.05,1000,"sd","10:46:33",3545900
28.15,0,5000,"bu","10:46:32",3544900
28.1,-0.05,700,"sd","10:46:29",3539900
28.15,0,1000,"bu","10:46:26",3539200
28.1,-0.05,1000,"sd","10:46:24",3538200
28.15,0,200,"bu","10:46:16",3537200
28.1,-0.05,1000,"sd","10:46:15",3537000
28.15,0,4600,"bu","10:46:14",3536000
28.1,-0.05,1000,"sd","10:46:05",3531400
28.15,0,4400,"bu","10:45:57",3530400
28.1,-0.05,1000,"sd","10:45:56",3526000
28.1,-0.05,1000,"sd","10:45:47",3525000
28.15,0,200,"bu","10:45:42",3524000
28.15,0,3400,"bu","10:45:40",3523800
28.1,-0.05,1000,"sd","10:45:38",3520400
28.1,-0.05,1000,"sd","10:45:29",3519400
28.15,0,3500,"bu","10:45:28",3518400
28.1,-0.05,1000,"sd","10:45:20",3514900
28.1,-0.05,1000,"sd","10:45:19",3513900
28.15,0,3300,"bu","10:45:15",3512900
28.1,-0.05,1000,"sd","10:45:11",3509600
28.1,-0.05,10000,"sd","10:45:04",3508600
28.15,0,4100,"bu","10:45:02",3498600
28.1,-0.05,1000,"sd","10:45:02",3494500
28.1,-0.05,900,"sd","10:44:53",3493500
28.15,0,1000,"bu","10:44:52",3492600
28.15,0,4900,"bu","10:44:47",3491600
28.1,-0.05,1000,"sd","10:44:43",3486700
28.1,-0.05,1000,"sd","10:44:34",3485700
28.15,0,1000,"bu","10:44:32",3484700
28.15,0,3500,"bu","10:44:29",3483700
28.1,-0.05,1000,"sd","10:44:25",3480200
28.15,0,3500,"bu","10:44:16",3479200
28.1,-0.05,1000,"sd","10:44:16",3475700
28.1,-0.05,9000,"sd","10:44:13",3474700
28.1,-0.05,1000,"sd","10:44:07",3465700
28.15,0,3400,"bu","10:44:04",3464700
28.1,-0.05,1000,"sd","10:43:58",3461300
28.15,0,4900,"bu","10:43:50",3460300
28.1,-0.05,1000,"sd","10:43:49",3455400
28.15,0,1000,"bu","10:43:41",3454400
28.1,-0.05,1000,"sd","10:43:40",3453400
28.15,0,3400,"bu","10:43:33",3452400
28.1,-0.05,1000,"sd","10:43:31",3449000
28.1,-0.05,1000,"sd","10:43:21",3448000
28.15,0,16900,"bu","10:43:20",3447000
28.1,-0.05,1000,"sd","10:43:12",3430100
28.1,-0.05,3000,"sd","10:43:10",3429100
28.1,-0.05,1000,"sd","10:43:03",3426100
28.1,-0.05,1000,"sd","10:42:54",3425100
28.1,-0.05,1000,"sd","10:42:45",3424100
28.15,0,4200,"sd","10:42:38",3423100
28.15,0,1000,"sd","10:42:36",3418900
28.15,0,600,"sd","10:42:28",3417900
28.15,0,1000,"sd","10:42:27",3417300
28.15,0,1000,"sd","10:42:21",3416300
28.15,0,2900,"bu","10:42:18",3415300
28.15,0,2100,"sd","10:42:14",3412400
28.15,0,200,"sd","10:42:12",3410300
28.15,0,1000,"sd","10:42:09",3410100
28.15,0,6200,"sd","10:42:06",3409100
28.15,0,100,"sd","10:42:05",3402900
28.15,0,1500,"sd","10:42:03",3402800
28.15,0,200,"sd","10:42:00",3401300
28.15,0,7500,"bu","10:42:00",3401100
28.1,-0.05,1000,"sd","10:41:59",3393600
28.15,0,23500,"sd","10:41:57",3392600
28.2,0.05,1000,"bu","10:41:52",3369100
28.15,0,1000,"sd","10:41:50",3368100
28.15,0,1200,"sd","10:41:41",3367100
28.15,0,400,"sd","10:41:39",3365900
28.15,0,1000,"sd","10:41:32",3365500
28.15,0,100,"sd","10:41:28",3364500
28.15,0,20000,"sd","10:41:27",3364400
28.15,0,5000,"sd","10:41:25",3344400
28.15,0,1000,"sd","10:41:23",3339400
28.15,0,6200,"sd","10:41:22",3338400
28.15,0,1000,"sd","10:41:14",3332200
28.15,0,5500,"sd","10:41:12",3331200
28.15,0,200,"sd","10:41:10",3325700
28.15,0,200,"sd","10:41:07",3325500
28.15,0,1000,"sd","10:41:05",3325300
28.15,0,1000,"sd","10:40:56",3324300
28.15,0,1000,"sd","10:40:47",3323300
28.15,0,1000,"sd","10:40:46",3322300
28.2,0.05,200,"bu","10:40:39",3321300
28.15,0,200,"sd","10:40:39",3321100
28.15,0,4000,"sd","10:40:38",3320900
28.15,0,1000,"sd","10:40:37",3316900
28.15,0,2000,"sd","10:40:32",3315900
28.15,0,1000,"sd","10:40:28",3313900
28.15,0,200,"sd","10:40:23",3312900
28.15,0,2000,"sd","10:40:21",3312700
28.15,0,900,"sd","10:40:19",3310700
28.15,0,1500,"sd","10:40:11",3309800
28.15,0,1000,"sd","10:40:10",3308300
28.15,0,200,"sd","10:40:09",3307300
28.15,0,10000,"sd","10:40:07",3307100
28.15,0,7000,"sd","10:40:05",3297100
28.15,0,1000,"sd","10:40:01",3290100
28.15,0,1200,"sd","10:39:56",3289100
28.15,0,1000,"sd","10:39:52",3287900
28.15,0,1000,"sd","10:39:50",3286900
28.15,0,16500,"sd","10:39:48",3285900
28.15,0,1000,"sd","10:39:43",3269400
28.15,0,6200,"sd","10:39:42",3268400
28.15,0,200,"sd","10:39:38",3262200
28.2,0.05,5800,"bu","10:39:35",3262000
28.15,0,1000,"sd","10:39:34",3256200
28.15,0,1000,"sd","10:39:25",3255200
28.2,0.05,100,"bu","10:39:16",3254200
28.15,0,1000,"sd","10:39:15",3254100
28.2,0.05,6600,"bu","10:39:14",3253100
28.15,0,200,"sd","10:39:09",3246500
28.15,0,1200,"sd","10:39:06",3246300
28.15,0,1000,"sd","10:38:57",3245100
28.2,0.05,1000,"bu","10:38:52",3244100
28.2,0.05,3500,"bu","10:38:50",3243100
28.15,0,1000,"sd","10:38:48",3239600
28.15,0,1000,"sd","10:38:39",3238600
28.2,0.05,5300,"bu","10:38:36",3237600
28.15,0,200,"sd","10:38:35",3232300
28.15,0,1000,"sd","10:38:30",3232100
28.15,0,1000,"sd","10:38:21",3231100
28.2,0.05,3300,"bu","10:38:17",3230100
28.15,0,1000,"sd","10:38:12",3226800
28.2,0.05,1100,"bu","10:38:12",3225800
28.2,0.05,5300,"bu","10:38:05",3224700
28.15,0,300,"sd","10:38:04",3219400
28.15,0,1000,"sd","10:38:03",3219100
28.15,0,1000,"sd","10:37:53",3218100
28.2,0.05,3300,"bu","10:37:45",3217100
28.15,0,1000,"sd","10:37:44",3213800
28.15,0,1000,"sd","10:37:35",3212800
28.2,0.05,3400,"bu","10:37:33",3211800
28.15,0,9400,"bu","10:37:33",3208400
28.1,-0.05,1000,"sd","10:37:26",3199000
28.1,-0.05,1000,"sd","10:37:17",3198000
28.1,-0.05,1000,"sd","10:37:08",3197000
28.15,0,800,"sd","10:36:59",3196000
28.15,0,49200,"bu","10:36:57",3195200
28.1,-0.05,1000,"sd","10:36:50",3146000
28.1,-0.05,1000,"sd","10:36:41",3145000
28.1,-0.05,10000,"sd","10:36:40",3144000
28.1,-0.05,1000,"sd","10:36:31",3134000
28.15,0,28000,"sd","10:36:29",3133000
28.15,0,200,"sd","10:36:26",3105000
28.15,0,2000,"sd","10:36:22",3104800
28.15,0,200,"sd","10:36:19",3102800
28.15,0,1000,"sd","10:36:13",3102600
28.15,0,1000,"sd","10:36:04",3101600
28.15,0,200,"sd","10:36:02",3100600
28.15,0,300,"sd","10:36:00",3100400
28.15,0,900,"sd","10:35:55",3100100
28.15,0,1000,"sd","10:35:46",3099200
28.2,0.05,4700,"bu","10:35:41",3098200
28.1,-0.05,1000,"sd","10:35:37",3093500
28.1,-0.05,1000,"sd","10:35:28",3092500
28.2,0.05,4200,"bu","10:35:23",3091500
28.15,0,1300,"bu","10:35:23",3087300
28.15,0,700,"sd","10:35:19",3086000
28.15,0,4300,"bu","10:35:16",3085300
28.1,-0.05,1000,"sd","10:35:09",3081000
28.1,-0.05,500,"sd","10:35:05",3080000
28.15,0,3800,"bu","10:35:03",3079500
28.1,-0.05,1000,"sd","10:35:00",3075700
28.1,-0.05,1000,"sd","10:34:51",3074700
28.15,0,6500,"bu","10:34:49",3073700
28.15,0,200,"bu","10:34:43",3067200
28.1,-0.05,1000,"sd","10:34:42",3067000
28.1,-0.05,1000,"sd","10:34:33",3066000
28.15,0,13900,"bu","10:34:25",3065000
28.1,-0.05,1000,"sd","10:34:24",3051100
28.1,-0.05,1000,"sd","10:34:15",3050100
28.1,-0.05,1000,"sd","10:34:06",3049100
28.1,-0.05,100,"sd","10:33:59",3048100
28.1,-0.05,1000,"sd","10:33:57",3048000
28.1,-0.05,1500,"sd","10:33:51",3047000
28.1,-0.05,100,"sd","10:33:50",3045500
28.15,0,1000,"bu","10:33:50",3045400
28.1,-0.05,1000,"sd","10:33:47",3044400
28.15,0,1000,"bu","10:33:47",3043400
28.1,-0.05,1000,"sd","10:33:38",3042400
28.15,0,14600,"bu","10:33:34",3041400
28.1,-0.05,100,"sd","10:33:32",3026800
28.1,-0.05,1000,"sd","10:33:29",3026700
28.15,0,3500,"bu","10:33:23",3025700
28.1,-0.05,1000,"sd","10:33:20",3022200
28.1,-0.05,1000,"sd","10:33:11",3021200
28.15,0,600,"bu","10:33:06",3020200
28.1,-0.05,2000,"sd","10:33:03",3019600
28.1,-0.05,1000,"sd","10:33:02",3017600
28.1,-0.05,4000,"sd","10:32:59",3016600
28.1,-0.05,1000,"sd","10:32:53",3012600
28.1,-0.05,1000,"sd","10:32:44",3011600
28.15,0,5500,"bu","10:32:39",3010600
28.1,-0.05,1000,"sd","10:32:35",3005100
28.1,-0.05,1000,"sd","10:32:25",3004100
28.1,-0.05,1000,"sd","10:32:16",3003100
28.1,-0.05,1000,"sd","10:32:07",3002100
28.1,-0.05,3000,"sd","10:31:58",3001100
28.1,-0.05,7200,"sd","10:31:49",2998100
28.1,-0.05,2800,"sd","10:31:48",2990900
28.1,-0.05,1000,"sd","10:31:40",2988100
28.15,0,1100,"bu","10:31:33",2987100
28.15,0,12000,"bu","10:31:31",2986000
28.1,-0.05,1000,"sd","10:31:31",2974000
28.15,0,500,"bu","10:31:26",2973000
28.1,-0.05,900,"sd","10:31:22",2972500
28.1,-0.05,1000,"sd","10:31:13",2971600
28.15,0,2000,"bu","10:31:08",2970600
28.15,0,84800,"sd","10:31:04",2968600
28.15,0,1000,"sd","10:31:03",2883800
28.2,0.05,4800,"bu","10:31:03",2882800
28.15,0,1000,"sd","10:30:54",2878000
28.15,0,1000,"sd","10:30:45",2877000
28.2,0.05,5900,"bu","10:30:45",2876000
28.15,0,1000,"sd","10:30:36",2870100
28.15,0,1000,"sd","10:30:27",2869100
28.2,0.05,6500,"bu","10:30:23",2868100
28.15,0,1000,"sd","10:30:18",2861600
28.15,0,1000,"sd","10:30:09",2860600
28.15,0,1000,"sd","10:30:00",2859600
28.2,0.05,4900,"bu","10:29:59",2858600
28.2,0.05,300,"bu","10:29:58",2853700
28.15,0,1000,"sd","10:29:51",2853400
28.2,0.05,2500,"bu","10:29:41",2852400
28.15,0,1000,"sd","10:29:41",2849900
28.2,0.05,1000,"bu","10:29:40",2848900
28.15,0,1000,"sd","10:29:32",2847900
28.2,0.05,3100,"bu","10:29:32",2846900
28.2,0.05,400,"bu","10:29:25",2843800
28.15,0,1000,"sd","10:29:23",2843400
28.2,0.05,2500,"bu","10:29:20",2842400
28.15,0,1000,"sd","10:29:14",2839900
28.2,0.05,3200,"bu","10:29:11",2838900
28.15,0,1000,"sd","10:29:05",2835700
28.2,0.05,2400,"bu","10:29:00",2834700
28.2,0.05,1000,"bu","10:28:53",2832300
28.2,0.05,2800,"bu","10:28:50",2831300
28.2,0.05,2400,"bu","10:28:40",2828500
28.15,0,1100,"sd","10:28:37",2826100
28.2,0.05,500,"bu","10:28:34",2825000
28.2,0.05,3400,"bu","10:28:31",2824500
28.15,0,1100,"sd","10:28:27",2821100
28.15,0,400,"sd","10:28:25",2820000
28.15,0,1200,"sd","10:28:18",2819600
28.2,0.05,2700,"bu","10:28:18",2818400
28.15,0,1100,"sd","10:28:09",2815700
28.2,0.05,3600,"bu","10:28:08",2814600
28.15,0,1100,"sd","10:28:01",2811000
28.2,0.05,2400,"bu","10:27:55",2809900
28.15,0,1100,"sd","10:27:51",2807500
28.2,0.05,3800,"bu","10:27:46",2806400
28.15,0,1200,"sd","10:27:42",2802600
28.15,0,1100,"sd","10:27:32",2801400
28.15,0,1100,"sd","10:27:23",2797800
28.25,0.1,2700,"bu","10:27:23",2796700
28.15,0,1100,"sd","10:27:15",2794000
28.2,0.05,3000,"bu","10:27:13",2792900
28.2,0.05,100,"bu","10:27:12",2789900
28.15,0,1200,"sd","10:27:06",2789800
28.2,0.05,300,"bu","10:27:03",2788600
28.2,0.05,3200,"bu","10:27:02",2788300
28.2,0.05,100,"bu","10:26:56",2785100
28.2,0.05,1000,"bu","10:26:53",2785000
28.2,0.05,3200,"bu","10:26:50",2784000
28.2,0.05,10000,"bu","10:26:47",2780800
28.2,0.05,3300,"bu","10:26:45",2770800
28.2,0.05,100,"bu","10:26:41",2767500
28.2,0.05,3300,"bu","10:26:38",2767400
28.2,0.05,2100,"bu","10:26:31",2764100
28.2,0.05,500,"bu","10:26:28",2762000
28.2,0.05,3200,"bu","10:26:25",2761500
28.2,0.05,3500,"bu","10:26:14",2758300
28.2,0.05,1000,"bu","10:26:13",2754800
28.2,0.05,1000,"bu","10:26:09",2753800
28.2,0.05,500,"bu","10:26:05",2752800
28.2,0.05,7000,"bu","10:26:02",2752300
28.2,0.05,3700,"bu","10:26:01",2745300
28.2,0.05,4000,"sd","10:25:51",2741600
28.25,0.1,3300,"bu","10:25:47",2737600
28.2,0.05,16000,"bu","10:25:46",2734300
28.2,0.05,1000,"bu","10:25:45",2718300
28.2,0.05,100,"bu","10:25:44",2717300
28.2,0.05,20000,"bu","10:25:40",2717200
28.2,0.05,4400,"bu","10:25:35",2697200
28.2,0.05,1100,"bu","10:25:34",2692800
28.2,0.05,200,"bu","10:25:33",2691700
28.2,0.05,400,"bu","10:25:22",2691500
28.2,0.05,3500,"bu","10:25:19",2691100
28.2,0.05,3500,"bu","10:25:06",2687600
28.2,0.05,1000,"bu","10:24:54",2684100
28.2,0.05,3100,"bu","10:24:53",2683100
28.2,0.05,1900,"bu","10:24:46",2680000
28.2,0.05,2700,"bu","10:24:41",2678100
28.2,0.05,2700,"bu","10:24:31",2675400
28.2,0.05,300,"bu","10:24:27",2672700
28.15,0,200,"sd","10:24:25",2672400
28.2,0.05,5700,"bu","10:24:22",2672200
28.15,0,600,"sd","10:24:08",2666500
28.2,0.05,7200,"bu","10:24:01",2665900
28.2,0.05,2000,"bu","10:23:40",2658700
28.2,0.05,5800,"bu","10:23:34",2656700
28.2,0.05,4100,"bu","10:23:16",2650900
28.2,0.05,500,"bu","10:23:12",2646800
28.2,0.05,1000,"bu","10:23:06",2646300
28.2,0.05,600,"bu","10:23:01",2645300
28.2,0.05,6800,"bu","10:23:00",2644700
28.2,0.05,1000,"bu","10:22:54",2637900
28.2,0.05,11800,"bu","10:22:33",2636900
28.15,0,100,"sd","10:22:22",2625100
28.2,0.05,500,"bu","10:22:16",2625000
28.2,0.05,1100,"bu","10:22:14",2624500
28.2,0.05,200,"bu","10:21:58",2623400
28.2,0.05,3800,"bu","10:21:50",2623200
28.2,0.05,100,"bu","10:21:42",2619400
28.2,0.05,15800,"bu","10:21:40",2619300
28.2,0.05,6200,"bu","10:21:35",2603500
28.2,0.05,1000,"bu","10:21:34",2597300
28.2,0.05,1000,"bu","10:21:31",2596300
28.2,0.05,2000,"bu","10:21:24",2595300
28.2,0.05,2800,"bu","10:21:13",2593300
28.2,0.05,4000,"bu","10:21:03",2590500
28.2,0.05,1000,"bu","10:20:54",2586500
28.2,0.05,5800,"bu","10:20:48",2585500
28.2,0.05,3100,"bu","10:20:27",2579700
28.2,0.05,200,"bu","10:20:16",2576600
28.2,0.05,2200,"bu","10:20:15",2576400
28.2,0.05,11000,"bu","10:20:14",2574200
28.2,0.05,800,"bu","10:20:10",2563200
28.15,0,1000,"sd","10:20:07",2562400
28.2,0.05,2000,"bu","10:20:00",2561400
28.15,0,1000,"sd","10:19:55",2559400
28.15,0,4000,"sd","10:19:47",2558400
28.2,0.05,1000,"bu","10:19:34",2554400
28.2,0.05,6700,"bu","10:19:29",2553400
28.15,0,1000,"sd","10:19:21",2546700
28.15,0,200,"sd","10:19:07",2545700
28.2,0.05,3300,"bu","10:19:05",2545500
28.15,0,3000,"sd","10:18:53",2542200
28.2,0.05,5900,"bu","10:18:53",2539200
28.15,0,200,"sd","10:18:45",2533300
28.15,0,3700,"sd","10:18:40",2533100
28.2,0.05,300,"bu","10:18:37",2529400
28.15,0,2500,"sd","10:18:34",2529100
28.2,0.05,5900,"bu","10:18:31",2526600
28.15,0,2000,"sd","10:18:18",2520700
28.2,0.05,1000,"bu","10:18:14",2518700
28.2,0.05,7500,"bu","10:18:09",2517700
28.15,0,1500,"sd","10:17:57",2510200
28.15,0,1000,"sd","10:17:46",2508700
28.2,0.05,3300,"bu","10:17:41",2507700
28.2,0.05,1000,"bu","10:17:34",2504400
28.2,0.05,3800,"bu","10:17:30",2503400
28.15,0,100,"sd","10:17:26",2499600
28.2,0.05,5100,"bu","10:17:15",2499500
28.15,0,400,"sd","10:17:09",2494400
28.2,0.05,5100,"bu","10:16:57",2494000
28.2,0.05,1000,"bu","10:16:54",2488900
28.2,0.05,3600,"bu","10:16:37",2487900
28.15,0,200,"sd","10:16:26",2484300
28.2,0.05,3400,"bu","10:16:24",2484100
28.2,0.05,200,"bu","10:16:15",2480700
28.2,0.05,1000,"bu","10:16:14",2480500
28.15,0,6200,"sd","10:16:13",2479500
