"Stockcode","Package","TradingDate","Price","Vol","TotalVol","TotalVal","Change","IsBuy","PerChange"
"AAA",144427,"/Date(1700466303000)/",9350,86700,2236800,20683000000,40,false,0.43
"AAA",142905,"/Date(1700465379000)/",9300,700,2150100,19872000000,-10,false,-0.11
"AAA",142859,"/Date(1700465373000)/",9300,300,2149400,19866000000,-10,true,-0.11
"AAA",142859,"/Date(1700465373000)/",9300,1800,2149100,19863000000,-10,true,-0.11
"AAA",142859,"/Date(1700465373000)/",9310,400,2147300,19846000000,0,true,0
"AAA",142856,"/Date(1700465372000)/",9310,100,2146900,19842000000,0,false,0
"AAA",142856,"/Date(1700465372000)/",9310,500,2146800,19841000000,0,false,0
"AAA",142830,"/Date(1700465346000)/",9300,500,2146300,19837000000,-10,true,-0.11
"AAA",142830,"/Date(1700465345000)/",9310,5000,2145800,19832000000,0,false,0
"AAA",142824,"/Date(1700465340000)/",9310,1900,2140800,19786000000,0,false,0
"AAA",142808,"/Date(1700465325000)/",9300,4700,2138900,19768000000,-10,true,-0.11
"AAA",142808,"/Date(1700465325000)/",9300,300,2134200,19724000000,-10,true,-0.11
"AAA",142758,"/Date(1700465313000)/",9310,5600,2133900,19721000000,0,false,0
"AAA",142726,"/Date(1700465280000)/",9310,800,2128300,19669000000,0,false,0
"AAA",142726,"/Date(1700465280000)/",9310,200,2127500,19662000000,0,false,0
"AAA",142559,"/Date(1700465196000)/",9310,500,2127300,19660000000,0,false,0
"AAA",142547,"/Date(1700465183000)/",9290,100,2126800,19655000000,-20,true,-0.21
"AAA",142527,"/Date(1700465161000)/",9300,100,2126700,19654000000,-10,false,-0.11
"AAA",142502,"/Date(1700465138000)/",9300,1000,2126600,19653000000,-10,false,-0.11
"AAA",142452,"/Date(1700465127000)/",9300,500,2125600,19644000000,-10,false,-0.11
"AAA",142430,"/Date(1700465104000)/",9280,100,2125100,19639000000,-30,false,-0.32
"AAA",142427,"/Date(1700465102000)/",9280,5900,2125000,19638000000,-30,false,-0.32
"AAA",142427,"/Date(1700465102000)/",9280,6100,2119100,19584000000,-30,false,-0.32
"AAA",142414,"/Date(1700465091000)/",9280,1000,2113000,19527000000,-30,false,-0.32
"AAA",142348,"/Date(1700465062000)/",9280,100,2112000,19518000000,-30,false,-0.32
"AAA",142345,"/Date(1700465059000)/",9280,700,2111900,19517000000,-30,false,-0.32
"AAA",142345,"/Date(1700465059000)/",9280,100,2111200,19510000000,-30,false,-0.32
"AAA",142332,"/Date(1700465046000)/",9260,2400,2111100,19509000000,-50,true,-0.54
"AAA",142332,"/Date(1700465046000)/",9260,200,2108700,19487000000,-50,true,-0.54
"AAA",142332,"/Date(1700465046000)/",9260,1000,2108500,19485000000,-50,true,-0.54
"AAA",142332,"/Date(1700465046000)/",9270,300,2107500,19476000000,-40,false,-0.43
"AAA",142332,"/Date(1700465046000)/",9270,1000,2107200,19473000000,-40,false,-0.43
"AAA",142332,"/Date(1700465046000)/",9270,5000,2106200,19464000000,-40,false,-0.43
"AAA",142332,"/Date(1700465046000)/",9270,100,2101200,19418000000,-40,false,-0.43
"AAA",142319,"/Date(1700465036000)/",9280,14000,2101100,19417000000,-30,false,-0.32
"AAA",142319,"/Date(1700465036000)/",9280,1000,2087100,19287000000,-30,false,-0.32
"AAA",142319,"/Date(1700465036000)/",9280,1000,2086100,19278000000,-30,false,-0.32
"AAA",142319,"/Date(1700465036000)/",9280,3100,2085100,19268000000,-30,false,-0.32
"AAA",142319,"/Date(1700465036000)/",9280,9000,2082000,19240000000,-30,false,-0.32
"AAA",142319,"/Date(1700465036000)/",9280,3400,2073000,19156000000,-30,false,-0.32
"AAA",142319,"/Date(1700465036000)/",9290,5500,2069600,19125000000,-20,false,-0.21
"AAA",142319,"/Date(1700465036000)/",9290,10000,2064100,19073000000,-20,false,-0.21
"AAA",142319,"/Date(1700465036000)/",9290,2000,2054100,18981000000,-20,false,-0.21
"AAA",142319,"/Date(1700465036000)/",9290,100,2052100,18962000000,-20,false,-0.21
"AAA",142319,"/Date(1700465036000)/",9290,5000,2052000,18961000000,-20,false,-0.21
"AAA",142319,"/Date(1700465036000)/",9290,200,2047000,18915000000,-20,false,-0.21
"AAA",142319,"/Date(1700465036000)/",9290,300,2046800,18913000000,-20,false,-0.21
"AAA",142319,"/Date(1700465036000)/",9290,1000,2046500,18910000000,-20,false,-0.21
"AAA",142319,"/Date(1700465036000)/",9290,4300,2045500,18901000000,-20,false,-0.21
"AAA",142316,"/Date(1700465031000)/",9290,300,2041200,18861000000,-20,true,-0.21
"AAA",142303,"/Date(1700465018000)/",9290,400,2040900,18858000000,-20,true,-0.21
"AAA",142303,"/Date(1700465018000)/",9300,100,2040500,18854000000,-10,true,-0.11
"AAA",142238,"/Date(1700464991000)/",9310,1000,2040400,18853000000,0,false,0
"AAA",142212,"/Date(1700464968000)/",9320,200,2039400,18844000000,10,false,0.11
"AAA",142212,"/Date(1700464968000)/",9320,800,2039200,18842000000,10,false,0.11
"AAA",142202,"/Date(1700464959000)/",9310,500,2038400,18835000000,0,false,0
"AAA",142159,"/Date(1700464953000)/",9310,800,2037900,18830000000,0,true,0
"AAA",142146,"/Date(1700464940000)/",9310,1100,2037100,18823000000,0,true,0
"AAA",142140,"/Date(1700464934000)/",9310,100,2036000,18812000000,0,true,0
"AAA",142127,"/Date(1700464923000)/",9320,200,2035900,18811000000,10,false,0.11
"AAA",142013,"/Date(1700464847000)/",9320,200,2035700,18809000000,10,false,0.11
"AAA",141935,"/Date(1700464809000)/",9320,1800,2035500,18808000000,10,false,0.11
"AAA",141935,"/Date(1700464809000)/",9320,1000,2033700,18791000000,10,false,0.11
"AAA",141935,"/Date(1700464809000)/",9320,100,2032700,18782000000,10,false,0.11
"AAA",141935,"/Date(1700464809000)/",9320,600,2032600,18781000000,10,false,0.11
"AAA",141922,"/Date(1700464798000)/",9300,500,2032000,18775000000,-10,false,-0.11
"AAA",141922,"/Date(1700464798000)/",9300,2800,2031500,18770000000,-10,false,-0.11
"AAA",141922,"/Date(1700464798000)/",9300,200,2028700,18744000000,-10,false,-0.11
"AAA",141844,"/Date(1700464759000)/",9300,1800,2028500,18742000000,-10,true,-0.11
"AAA",141844,"/Date(1700464759000)/",9300,1200,2026700,18726000000,-10,true,-0.11
"AAA",141746,"/Date(1700464701000)/",9300,4800,2025500,18715000000,-10,true,-0.11
"AAA",141746,"/Date(1700464701000)/",9300,100,2020700,18670000000,-10,true,-0.11
"AAA",141746,"/Date(1700464701000)/",9300,1100,2020600,18669000000,-10,true,-0.11
"AAA",141736,"/Date(1700464692000)/",9320,100,2019500,18659000000,10,false,0.11
"AAA",141701,"/Date(1700464655000)/",9320,200,2019400,18658000000,10,false,0.11
"AAA",141701,"/Date(1700464655000)/",9320,900,2019200,18656000000,10,false,0.11
"AAA",141655,"/Date(1700464650000)/",9300,300,2018300,18648000000,-10,true,-0.11
"AAA",141648,"/Date(1700464642000)/",9300,8600,2018000,18645000000,-10,true,-0.11
"AAA",141648,"/Date(1700464642000)/",9300,1400,2009400,18565000000,-10,true,-0.11
"AAA",141648,"/Date(1700464642000)/",9300,100,2008000,18552000000,-10,true,-0.11
"AAA",141648,"/Date(1700464642000)/",9300,1000,2007900,18551000000,-10,true,-0.11
"AAA",141648,"/Date(1700464642000)/",9300,10000,2006900,18542000000,-10,true,-0.11
"AAA",141648,"/Date(1700464642000)/",9300,500,1996900,18449000000,-10,true,-0.11
"AAA",141648,"/Date(1700464642000)/",9300,500,1996400,18444000000,-10,true,-0.11
"AAA",141648,"/Date(1700464642000)/",9300,200,1995900,18439000000,-10,true,-0.11
"AAA",141648,"/Date(1700464642000)/",9300,5000,1995700,18437000000,-10,true,-0.11
"AAA",141648,"/Date(1700464642000)/",9300,1000,1990700,18391000000,-10,true,-0.11
"AAA",141648,"/Date(1700464642000)/",9300,1700,1989700,18382000000,-10,true,-0.11
"AAA",141629,"/Date(1700464624000)/",9300,1000,1988000,18366000000,-10,true,-0.11
"AAA",141525,"/Date(1700464560000)/",9320,300,1987000,18356000000,10,false,0.11
"AAA",141431,"/Date(1700464504000)/",9320,200,1986700,18354000000,10,false,0.11
"AAA",141418,"/Date(1700464491000)/",9320,1000,1986500,18352000000,10,false,0.11
"AAA",141402,"/Date(1700464477000)/",9320,200,1985500,18342000000,10,true,0.11
"AAA",141402,"/Date(1700464477000)/",9320,4800,1985300,18341000000,10,true,0.11
"AAA",141330,"/Date(1700464443000)/",9320,200,1980500,18296000000,10,true,0.11
"AAA",141330,"/Date(1700464443000)/",9320,200,1980300,18294000000,10,true,0.11
"AAA",141330,"/Date(1700464443000)/",9320,200,1980100,18292000000,10,true,0.11
"AAA",141330,"/Date(1700464443000)/",9320,100,1979900,18290000000,10,true,0.11
"AAA",141301,"/Date(1700464416000)/",9320,300,1979800,18289000000,10,true,0.11
"AAA",141252,"/Date(1700464405000)/",9320,400,1979500,18287000000,10,false,0.11
"AAA",141210,"/Date(1700464366000)/",9320,100,1979100,18283000000,10,false,0.11
"AAA",141200,"/Date(1700464354000)/",9320,1200,1979000,18282000000,10,false,0.11
"AAA",141157,"/Date(1700464352000)/",9310,800,1977800,18271000000,0,true,0
"AAA",141157,"/Date(1700464352000)/",9310,200,1977000,18263000000,0,true,0
"AAA",141148,"/Date(1700464341000)/",9320,3300,1976800,18261000000,10,true,0.11
"AAA",141144,"/Date(1700464338000)/",9340,8200,1973500,18231000000,30,false,0.32
"AAA",141144,"/Date(1700464338000)/",9340,1000,1965300,18154000000,30,false,0.32
"AAA",141116,"/Date(1700464307000)/",9320,100,1964300,18145000000,10,true,0.11
"AAA",141116,"/Date(1700464307000)/",9320,100,1964200,18144000000,10,true,0.11
"AAA",141103,"/Date(1700464298000)/",9320,4900,1964100,18143000000,10,false,0.11
"AAA",141047,"/Date(1700464282000)/",9300,2200,1959200,18097000000,-10,true,-0.11
"AAA",141047,"/Date(1700464282000)/",9310,300,1957000,18077000000,0,false,0
"AAA",141047,"/Date(1700464282000)/",9310,500,1956700,18074000000,0,false,0
"AAA",141047,"/Date(1700464281000)/",9320,100,1956200,18069000000,10,false,0.11
"AAA",141034,"/Date(1700464268000)/",9310,300,1956100,18068000000,0,true,0
"AAA",141034,"/Date(1700464268000)/",9310,1000,1955800,18066000000,0,true,0
"AAA",141034,"/Date(1700464268000)/",9310,11000,1954800,18056000000,0,true,0
"AAA",141018,"/Date(1700464250000)/",9310,300,1943800,17954000000,0,true,0
"AAA",141012,"/Date(1700464244000)/",9310,1700,1943500,17951000000,0,true,0
"AAA",140949,"/Date(1700464222000)/",9310,1000,1941800,17935000000,0,true,0
"AAA",140949,"/Date(1700464222000)/",9310,1000,1940800,17926000000,0,true,0
"AAA",140943,"/Date(1700464215000)/",9320,1000,1939800,17917000000,10,false,0.11
"AAA",140927,"/Date(1700464201000)/",9320,1000,1938800,17907000000,10,false,0.11
"AAA",140901,"/Date(1700464176000)/",9320,100,1937800,17898000000,10,false,0.11
"AAA",140842,"/Date(1700464155000)/",9320,200,1937700,17897000000,10,true,0.11
"AAA",140842,"/Date(1700464155000)/",9320,800,1937500,17895000000,10,true,0.11
"AAA",140842,"/Date(1700464155000)/",9320,15400,1936700,17888000000,10,true,0.11
"AAA",140842,"/Date(1700464154000)/",9320,100,1921300,17744000000,10,true,0.11
"AAA",140813,"/Date(1700464128000)/",9320,100,1921200,17743000000,10,true,0.11
"AAA",140813,"/Date(1700464127000)/",9320,3800,1921100,17742000000,10,true,0.11
"AAA",140741,"/Date(1700464094000)/",9320,200,1917300,17707000000,10,true,0.11
"AAA",140709,"/Date(1700464061000)/",9340,200,1917100,17705000000,30,false,0.32
"AAA",140706,"/Date(1700464060000)/",9320,400,1916900,17703000000,10,true,0.11
"AAA",140706,"/Date(1700464060000)/",9320,100,1916500,17699000000,10,true,0.11
"AAA",140637,"/Date(1700464031000)/",9340,1000,1916400,17699000000,30,true,0.32
"AAA",140637,"/Date(1700464031000)/",9340,5000,1915400,17689000000,30,true,0.32
"AAA",140624,"/Date(1700464018000)/",9340,2000,1910400,17642000000,30,true,0.32
"AAA",140621,"/Date(1700464016000)/",9350,300,1908400,17624000000,40,false,0.43
"AAA",140353,"/Date(1700463867000)/",9350,9500,1908100,17621000000,40,false,0.43
"AAA",140350,"/Date(1700463862000)/",9370,200,1898600,17532000000,60,false,0.64
"AAA",140350,"/Date(1700463862000)/",9370,900,1898400,17530000000,60,false,0.64
"AAA",140309,"/Date(1700463822000)/",9370,700,1897500,17522000000,60,true,0.64
"AAA",140302,"/Date(1700463815000)/",9370,100,1896800,17515000000,60,true,0.64
"AAA",140256,"/Date(1700463809000)/",9370,400,1896700,17514000000,60,true,0.64
"AAA",140240,"/Date(1700463792000)/",9370,500,1896300,17511000000,60,true,0.64
"AAA",140240,"/Date(1700463791000)/",9370,5000,1895800,17506000000,60,true,0.64
"AAA",140240,"/Date(1700463791000)/",9370,8000,1890800,17459000000,60,true,0.64
"AAA",140240,"/Date(1700463791000)/",9370,1800,1882800,17384000000,60,true,0.64
"AAA",140240,"/Date(1700463791000)/",9370,10000,1881000,17367000000,60,true,0.64
"AAA",140240,"/Date(1700463791000)/",9370,200,1871000,17274000000,60,true,0.64
"AAA",140240,"/Date(1700463791000)/",9360,1000,1870800,17272000000,50,false,0.54
"AAA",140240,"/Date(1700463791000)/",9360,1000,1869800,17262000000,50,false,0.54
"AAA",140240,"/Date(1700463791000)/",9360,8000,1868800,17253000000,50,false,0.54
"AAA",140240,"/Date(1700463791000)/",9360,1000,1860800,17178000000,50,false,0.54
"AAA",140240,"/Date(1700463791000)/",9360,100,1859800,17169000000,50,false,0.54
"AAA",140240,"/Date(1700463791000)/",9360,1000,1859700,17168000000,50,false,0.54
"AAA",140240,"/Date(1700463791000)/",9350,100,1858700,17158000000,40,false,0.43
"AAA",140240,"/Date(1700463791000)/",9350,200,1858600,17157000000,40,false,0.43
"AAA",140240,"/Date(1700463791000)/",9350,5000,1858400,17156000000,40,false,0.43
"AAA",140240,"/Date(1700463791000)/",9350,2300,1853400,17109000000,40,false,0.43
"AAA",140240,"/Date(1700463791000)/",9350,2500,1851100,17087000000,40,false,0.43
"AAA",140240,"/Date(1700463791000)/",9350,1500,1848600,17064000000,40,false,0.43
"AAA",140240,"/Date(1700463791000)/",9350,100,1847100,17050000000,40,false,0.43
"AAA",140240,"/Date(1700463791000)/",9350,1000,1847000,17049000000,40,false,0.43
"AAA",140240,"/Date(1700463791000)/",9350,500,1846000,17040000000,40,false,0.43
"AAA",140240,"/Date(1700463791000)/",9350,3000,1845500,17035000000,40,false,0.43
"AAA",140233,"/Date(1700463787000)/",9350,5000,1842500,17007000000,40,false,0.43
"AAA",140227,"/Date(1700463779000)/",9340,900,1837500,16960000000,30,true,0.32
"AAA",140221,"/Date(1700463773000)/",9350,2000,1836600,16952000000,40,false,0.43
"AAA",140221,"/Date(1700463773000)/",9350,100,1834600,16933000000,40,false,0.43
"AAA",140221,"/Date(1700463773000)/",9350,3000,1834500,16932000000,40,false,0.43
"AAA",140221,"/Date(1700463773000)/",9350,600,1831500,16904000000,40,false,0.43
"AAA",140221,"/Date(1700463773000)/",9350,100,1830900,16898000000,40,false,0.43
"AAA",140221,"/Date(1700463773000)/",9350,9200,1830800,16898000000,40,false,0.43
"AAA",140214,"/Date(1700463768000)/",9340,100,1821600,16812000000,30,true,0.32
"AAA",140155,"/Date(1700463747000)/",9340,1000,1821500,16811000000,30,true,0.32
"AAA",140117,"/Date(1700463708000)/",9350,500,1820500,16801000000,40,false,0.43
"AAA",140104,"/Date(1700463697000)/",9350,300,1820000,16797000000,40,false,0.43
"AAA",140104,"/Date(1700463697000)/",9350,4700,1819700,16794000000,40,false,0.43
"AAA",140057,"/Date(1700463690000)/",9350,1000,1815000,16750000000,40,false,0.43
"AAA",140013,"/Date(1700463646000)/",9340,200,1814000,16740000000,30,false,0.32
"AAA",140000,"/Date(1700463633000)/",9340,3800,1813800,16739000000,30,true,0.32
"AAA",140000,"/Date(1700463633000)/",9340,200,1810000,16703000000,30,true,0.32
"AAA",140000,"/Date(1700463633000)/",9340,800,1809800,16701000000,30,true,0.32
"AAA",135950,"/Date(1700463622000)/",9350,500,1809000,16694000000,40,false,0.43
"AAA",135937,"/Date(1700463609000)/",9350,1300,1808500,16689000000,40,false,0.43
"AAA",135852,"/Date(1700463566000)/",9340,1000,1807200,16677000000,30,false,0.32
"AAA",135758,"/Date(1700463511000)/",9340,5000,1806200,16668000000,30,false,0.32
"AAA",135739,"/Date(1700463493000)/",9330,8000,1801200,16621000000,20,false,0.21
"AAA",135739,"/Date(1700463493000)/",9330,3500,1793200,16546000000,20,false,0.21
"AAA",135739,"/Date(1700463493000)/",9330,1200,1789700,16514000000,20,false,0.21
"AAA",135707,"/Date(1700463460000)/",9310,700,1788500,16502000000,0,true,0
"AAA",135707,"/Date(1700463460000)/",9310,200,1787800,16496000000,0,true,0
"AAA",135707,"/Date(1700463460000)/",9310,100,1787600,16494000000,0,true,0
"AAA",135707,"/Date(1700463460000)/",9320,500,1787500,16493000000,10,false,0.11
"AAA",135707,"/Date(1700463460000)/",9320,3200,1787000,16488000000,10,false,0.11
"AAA",135651,"/Date(1700463444000)/",9320,100,1783800,16459000000,10,false,0.11
"AAA",135609,"/Date(1700463402000)/",9320,200,1783700,16458000000,10,false,0.11
"AAA",135609,"/Date(1700463402000)/",9320,600,1783500,16456000000,10,false,0.11
"AAA",135446,"/Date(1700463319000)/",9320,200,1782900,16450000000,10,false,0.11
"AAA",135430,"/Date(1700463303000)/",9320,800,1782700,16448000000,10,false,0.11
"AAA",135056,"/Date(1700463088000)/",9320,200,1781900,16441000000,10,false,0.11
"AAA",135017,"/Date(1700463048000)/",9330,200,1781700,16439000000,20,false,0.21
"AAA",135017,"/Date(1700463048000)/",9330,600,1781500,16437000000,20,false,0.21
"AAA",135017,"/Date(1700463048000)/",9320,200,1780900,16432000000,10,false,0.11
"AAA",134936,"/Date(1700463007000)/",9330,4000,1780700,16430000000,20,false,0.21
"AAA",134910,"/Date(1700462983000)/",9340,1900,1776700,16392000000,30,false,0.32
"AAA",134910,"/Date(1700462983000)/",9340,1000,1774800,16375000000,30,false,0.32
"AAA",134910,"/Date(1700462983000)/",9330,100,1773800,16365000000,20,false,0.21
"AAA",134848,"/Date(1700462960000)/",9300,100,1773700,16364000000,-10,true,-0.11
"AAA",134800,"/Date(1700462911000)/",9320,200,1773600,16363000000,10,true,0.11
"AAA",134800,"/Date(1700462911000)/",9320,800,1773400,16362000000,10,true,0.11
"AAA",134718,"/Date(1700462871000)/",9330,100,1772600,16354000000,20,true,0.21
"AAA",134715,"/Date(1700462865000)/",9330,400,1772500,16353000000,20,true,0.21
"AAA",134659,"/Date(1700462850000)/",9330,500,1772100,16349000000,20,true,0.21
"AAA",134535,"/Date(1700462766000)/",9320,1500,1771600,16345000000,10,false,0.11
"AAA",134510,"/Date(1700462741000)/",9320,500,1770100,16331000000,10,true,0.11
"AAA",134507,"/Date(1700462740000)/",9330,100,1769600,16326000000,20,false,0.21
"AAA",134415,"/Date(1700462688000)/",9320,300,1769500,16325000000,10,false,0.11
"AAA",134346,"/Date(1700462656000)/",9280,1600,1769200,16322000000,-30,true,-0.32
"AAA",134346,"/Date(1700462656000)/",9280,100,1767600,16308000000,-30,true,-0.32
"AAA",134346,"/Date(1700462656000)/",9310,300,1767500,16307000000,0,false,0
"AAA",134327,"/Date(1700462639000)/",9310,500,1767200,16304000000,0,false,0
"AAA",134233,"/Date(1700462585000)/",9290,3000,1766700,16299000000,-20,false,-0.21
"AAA",134220,"/Date(1700462571000)/",9290,600,1763700,16271000000,-20,false,-0.21
"AAA",134217,"/Date(1700462570000)/",9290,100,1763100,16266000000,-20,true,-0.21
"AAA",134217,"/Date(1700462570000)/",9290,15000,1763000,16265000000,-20,true,-0.21
"AAA",134217,"/Date(1700462570000)/",9290,800,1748000,16125000000,-20,true,-0.21
"AAA",134217,"/Date(1700462570000)/",9300,100,1747200,16118000000,-10,true,-0.11
"AAA",134217,"/Date(1700462570000)/",9300,5000,1747100,16117000000,-10,true,-0.11
"AAA",134217,"/Date(1700462570000)/",9300,200,1742100,16071000000,-10,true,-0.11
"AAA",134217,"/Date(1700462570000)/",9300,800,1741900,16069000000,-10,true,-0.11
"AAA",134217,"/Date(1700462570000)/",9300,500,1741100,16061000000,-10,true,-0.11
"AAA",134217,"/Date(1700462570000)/",9300,1600,1740600,16057000000,-10,true,-0.11
"AAA",134217,"/Date(1700462570000)/",9310,800,1739000,16042000000,0,true,0
"AAA",134217,"/Date(1700462570000)/",9310,200,1738200,16034000000,0,true,0
"AAA",134217,"/Date(1700462570000)/",9310,900,1738000,16032000000,0,true,0
"AAA",134217,"/Date(1700462570000)/",9310,100,1737100,16024000000,0,true,0
"AAA",134113,"/Date(1700462504000)/",9310,100,1737000,16023000000,0,true,0
"AAA",134047,"/Date(1700462478000)/",9350,200,1736900,16022000000,40,false,0.43
"AAA",134038,"/Date(1700462470000)/",9350,1000,1736700,16020000000,40,false,0.43
"AAA",134025,"/Date(1700462456000)/",9350,200,1735700,16011000000,40,true,0.43
"AAA",134025,"/Date(1700462456000)/",9350,500,1735500,16009000000,40,true,0.43
"AAA",134025,"/Date(1700462456000)/",9350,600,1735000,16004000000,40,true,0.43
"AAA",134003,"/Date(1700462432000)/",9350,200,1734400,15999000000,40,true,0.43
"AAA",133956,"/Date(1700462426000)/",9360,10300,1734200,15997000000,50,false,0.54
"AAA",133956,"/Date(1700462426000)/",9360,3300,1723900,15901000000,50,false,0.54
"AAA",133953,"/Date(1700462426000)/",9350,100,1720600,15870000000,40,true,0.43
"AAA",133940,"/Date(1700462411000)/",9350,100,1720500,15869000000,40,true,0.43
"AAA",133940,"/Date(1700462411000)/",9350,4900,1720400,15868000000,40,true,0.43
"AAA",133934,"/Date(1700462405000)/",9360,1000,1715500,15822000000,50,false,0.54
"AAA",133934,"/Date(1700462405000)/",9360,1000,1714500,15813000000,50,false,0.54
"AAA",133915,"/Date(1700462387000)/",9370,1000,1713500,15803000000,60,false,0.64
"AAA",133915,"/Date(1700462387000)/",9360,500,1712500,15794000000,50,false,0.54
"AAA",133915,"/Date(1700462387000)/",9360,300,1712000,15789000000,50,false,0.54
"AAA",133915,"/Date(1700462387000)/",9360,100,1711700,15786000000,50,false,0.54
"AAA",133915,"/Date(1700462387000)/",9360,1000,1711600,15786000000,50,false,0.54
"AAA",133915,"/Date(1700462387000)/",9360,100,1710600,15776000000,50,false,0.54
"AAA",133905,"/Date(1700462377000)/",9350,100,1710500,15775000000,40,true,0.43
"AAA",133836,"/Date(1700462348000)/",9350,100,1710400,15774000000,40,false,0.43
"AAA",133827,"/Date(1700462339000)/",9350,100,1710300,15773000000,40,false,0.43
"AAA",133827,"/Date(1700462339000)/",9350,100,1710200,15772000000,40,false,0.43
"AAA",133827,"/Date(1700462339000)/",9350,4900,1710100,15771000000,40,false,0.43
"AAA",133827,"/Date(1700462339000)/",9350,3000,1705200,15726000000,40,false,0.43
"AAA",133827,"/Date(1700462339000)/",9350,3000,1702200,15698000000,40,false,0.43
"AAA",133827,"/Date(1700462339000)/",9350,2000,1699200,15670000000,40,false,0.43
"AAA",133827,"/Date(1700462339000)/",9350,100,1697200,15651000000,40,false,0.43
"AAA",133827,"/Date(1700462339000)/",9350,100,1697100,15650000000,40,false,0.43
"AAA",133827,"/Date(1700462339000)/",9350,1000,1697000,15649000000,40,false,0.43
"AAA",133827,"/Date(1700462339000)/",9350,400,1696000,15640000000,40,false,0.43
"AAA",133827,"/Date(1700462339000)/",9350,1000,1695600,15636000000,40,false,0.43
"AAA",133827,"/Date(1700462339000)/",9350,2000,1694600,15627000000,40,false,0.43
"AAA",133827,"/Date(1700462339000)/",9350,1100,1692600,15608000000,40,false,0.43
"AAA",133827,"/Date(1700462339000)/",9330,200,1691500,15598000000,20,false,0.21
"AAA",133808,"/Date(1700462320000)/",9350,3900,1691300,15596000000,40,false,0.43
"AAA",133808,"/Date(1700462320000)/",9350,20000,1687400,15559000000,40,false,0.43
"AAA",133808,"/Date(1700462320000)/",9350,6000,1667400,15372000000,40,false,0.43
"AAA",133808,"/Date(1700462320000)/",9350,4700,1661400,15316000000,40,false,0.43
"AAA",133808,"/Date(1700462320000)/",9350,3000,1656700,15272000000,40,false,0.43
"AAA",133808,"/Date(1700462320000)/",9340,10000,1653700,15244000000,30,false,0.32
"AAA",133808,"/Date(1700462320000)/",9340,1000,1643700,15151000000,30,false,0.32
"AAA",133808,"/Date(1700462320000)/",9340,200,1642700,15141000000,30,false,0.32
"AAA",133808,"/Date(1700462320000)/",9340,1000,1642500,15140000000,30,false,0.32
"AAA",133808,"/Date(1700462320000)/",9330,100,1641500,15130000000,20,false,0.21
"AAA",133808,"/Date(1700462320000)/",9320,100,1641400,15129000000,10,false,0.11
"AAA",133758,"/Date(1700462308000)/",9320,400,1641300,15128000000,10,false,0.11
"AAA",133758,"/Date(1700462308000)/",9320,1000,1640900,15125000000,10,false,0.11
"AAA",133758,"/Date(1700462308000)/",9320,600,1639900,15115000000,10,false,0.11
"AAA",133748,"/Date(1700462301000)/",9320,500,1639300,15110000000,10,false,0.11
"AAA",133732,"/Date(1700462283000)/",9320,900,1638800,15105000000,10,false,0.11
"AAA",133732,"/Date(1700462283000)/",9320,3000,1637900,15097000000,10,false,0.11
"AAA",133732,"/Date(1700462283000)/",9320,1000,1634900,15069000000,10,false,0.11
"AAA",133732,"/Date(1700462283000)/",9320,100,1633900,15059000000,10,false,0.11
"AAA",133732,"/Date(1700462282000)/",9320,100,1633800,15058000000,10,false,0.11
"AAA",133716,"/Date(1700462268000)/",9310,100,1633700,15057000000,0,false,0
"AAA",133716,"/Date(1700462268000)/",9310,500,1633600,15057000000,0,false,0
"AAA",133716,"/Date(1700462268000)/",9310,100,1633100,15052000000,0,false,0
"AAA",133716,"/Date(1700462268000)/",9310,700,1633000,15051000000,0,false,0
"AAA",133704,"/Date(1700462254000)/",9310,9300,1632300,15044000000,0,false,0
"AAA",133704,"/Date(1700462254000)/",9310,5000,1623000,14958000000,0,false,0
"AAA",133704,"/Date(1700462254000)/",9310,700,1618000,14911000000,0,false,0
"AAA",133651,"/Date(1700462240000)/",9310,200,1617300,14905000000,0,false,0
"AAA",133641,"/Date(1700462234000)/",9310,100,1617100,14903000000,0,false,0
"AAA",133635,"/Date(1700462226000)/",9300,300,1617000,14902000000,-10,true,-0.11
"AAA",133622,"/Date(1700462211000)/",9300,100,1616700,14899000000,-10,true,-0.11
"AAA",133612,"/Date(1700462201000)/",9300,1000,1616600,14898000000,-10,true,-0.11
"AAA",133612,"/Date(1700462201000)/",9300,1000,1615600,14889000000,-10,true,-0.11
"AAA",133612,"/Date(1700462201000)/",9300,1000,1614600,14880000000,-10,true,-0.11
"AAA",133609,"/Date(1700462198000)/",9300,2000,1613600,14870000000,-10,false,-0.11
"AAA",133605,"/Date(1700462196000)/",9300,7000,1611600,14852000000,-10,false,-0.11
"AAA",133605,"/Date(1700462196000)/",9300,600,1604600,14787000000,-10,false,-0.11
"AAA",133556,"/Date(1700462186000)/",9290,200,1604000,14781000000,-20,false,-0.21
"AAA",133556,"/Date(1700462186000)/",9290,100,1603800,14779000000,-20,false,-0.21
"AAA",133556,"/Date(1700462186000)/",9290,2500,1603700,14778000000,-20,false,-0.21
"AAA",133556,"/Date(1700462186000)/",9290,11400,1601200,14755000000,-20,false,-0.21
"AAA",133549,"/Date(1700462180000)/",9290,500,1589800,14649000000,-20,false,-0.21
"AAA",133546,"/Date(1700462177000)/",9290,500,1589300,14645000000,-20,false,-0.21
"AAA",133543,"/Date(1700462174000)/",9280,1300,1588800,14640000000,-30,true,-0.32
"AAA",133530,"/Date(1700462161000)/",9290,300,1587500,14628000000,-20,false,-0.21
"AAA",133511,"/Date(1700462140000)/",9280,3100,1587200,14625000000,-30,false,-0.32
"AAA",133511,"/Date(1700462140000)/",9280,300,1584100,14596000000,-30,false,-0.32
"AAA",133511,"/Date(1700462140000)/",9280,4900,1583800,14594000000,-30,false,-0.32
"AAA",133458,"/Date(1700462130000)/",9270,400,1578900,14548000000,-40,false,-0.43
"AAA",133455,"/Date(1700462127000)/",9270,500,1578500,14544000000,-40,false,-0.43
"AAA",133445,"/Date(1700462114000)/",9270,200,1578000,14540000000,-40,true,-0.43
"AAA",133445,"/Date(1700462114000)/",9270,800,1577800,14538000000,-40,true,-0.43
"AAA",133445,"/Date(1700462114000)/",9270,100,1577000,14530000000,-40,true,-0.43
"AAA",133344,"/Date(1700462056000)/",9270,3700,1576900,14529000000,-40,true,-0.43
"AAA",133156,"/Date(1700461945000)/",9270,200,1573200,14495000000,-40,true,-0.43
"AAA",133156,"/Date(1700461945000)/",9270,1000,1573000,14493000000,-40,true,-0.43
"AAA",133156,"/Date(1700461945000)/",9270,1000,1572000,14484000000,-40,true,-0.43
"AAA",133156,"/Date(1700461945000)/",9270,100,1571000,14475000000,-40,true,-0.43
"AAA",133130,"/Date(1700461920000)/",9280,1000,1570900,14474000000,-30,false,-0.32
"AAA",133130,"/Date(1700461920000)/",9280,1000,1569900,14465000000,-30,false,-0.32
"AAA",133052,"/Date(1700461883000)/",9280,1000,1568900,14455000000,-30,false,-0.32
"AAA",132935,"/Date(1700461806000)/",9270,1000,1567900,14446000000,-40,true,-0.43
"AAA",132935,"/Date(1700461806000)/",9270,1900,1566900,14437000000,-40,true,-0.43
"AAA",132935,"/Date(1700461806000)/",9270,2200,1565000,14419000000,-40,true,-0.43
"AAA",132926,"/Date(1700461795000)/",9270,1000,1562800,14399000000,-40,true,-0.43
"AAA",132910,"/Date(1700461781000)/",9280,900,1561800,14389000000,-30,true,-0.32
"AAA",132907,"/Date(1700461777000)/",9280,14100,1560900,14381000000,-30,true,-0.32
"AAA",132907,"/Date(1700461777000)/",9280,1000,1546800,14250000000,-30,true,-0.32
"AAA",132907,"/Date(1700461777000)/",9280,300,1545800,14241000000,-30,true,-0.32
"AAA",132907,"/Date(1700461777000)/",9280,1000,1545500,14238000000,-30,true,-0.32
"AAA",132907,"/Date(1700461777000)/",9280,1000,1544500,14229000000,-30,true,-0.32
"AAA",132907,"/Date(1700461777000)/",9280,100,1543500,14220000000,-30,true,-0.32
"AAA",132907,"/Date(1700461777000)/",9280,1000,1543400,14219000000,-30,true,-0.32
"AAA",132907,"/Date(1700461777000)/",9280,1000,1542400,14209000000,-30,true,-0.32
"AAA",132907,"/Date(1700461777000)/",9280,500,1541400,14200000000,-30,true,-0.32
"AAA",132828,"/Date(1700461739000)/",9290,7300,1540900,14196000000,-20,true,-0.21
"AAA",132809,"/Date(1700461719000)/",9290,2700,1533600,14128000000,-20,false,-0.21
"AAA",132740,"/Date(1700461690000)/",9290,200,1530900,14103000000,-20,false,-0.21
"AAA",132740,"/Date(1700461690000)/",9290,800,1530700,14101000000,-20,false,-0.21
"AAA",132737,"/Date(1700461686000)/",9290,1000,1529900,14093000000,-20,true,-0.21
"AAA",132737,"/Date(1700461686000)/",9290,100,1528900,14084000000,-20,true,-0.21
"AAA",132737,"/Date(1700461686000)/",9290,500,1528800,14083000000,-20,true,-0.21
"AAA",132737,"/Date(1700461686000)/",9290,500,1528300,14078000000,-20,true,-0.21
"AAA",132737,"/Date(1700461686000)/",9290,1000,1527800,14074000000,-20,true,-0.21
"AAA",132737,"/Date(1700461686000)/",9290,1200,1526800,14065000000,-20,true,-0.21
"AAA",132633,"/Date(1700461622000)/",9300,400,1525600,14053000000,-10,false,-0.11
"AAA",132633,"/Date(1700461622000)/",9300,100,1525200,14050000000,-10,false,-0.11
"AAA",132507,"/Date(1700461535000)/",9290,1000,1525100,14049000000,-20,true,-0.21
"AAA",132457,"/Date(1700461526000)/",9290,6000,1524100,14039000000,-20,false,-0.21
"AAA",132457,"/Date(1700461526000)/",9290,1000,1518100,13984000000,-20,false,-0.21
"AAA",132457,"/Date(1700461526000)/",9290,800,1517100,13974000000,-20,false,-0.21
"AAA",132356,"/Date(1700461467000)/",9290,3000,1516300,13967000000,-20,false,-0.21
"AAA",132311,"/Date(1700461419000)/",9290,200,1513300,13939000000,-20,false,-0.21
"AAA",132311,"/Date(1700461419000)/",9290,900,1513100,13937000000,-20,false,-0.21
"AAA",132305,"/Date(1700461416000)/",9290,1000,1512200,13929000000,-20,false,-0.21
"AAA",132217,"/Date(1700461365000)/",9290,3000,1511200,13920000000,-20,false,-0.21
"AAA",132214,"/Date(1700461361000)/",9290,200,1508200,13892000000,-20,false,-0.21
"AAA",132214,"/Date(1700461361000)/",9290,900,1508000,13890000000,-20,false,-0.21
"AAA",132201,"/Date(1700461350000)/",9290,100,1507100,13882000000,-20,true,-0.21
"AAA",132201,"/Date(1700461350000)/",9290,200,1507000,13881000000,-20,true,-0.21
"AAA",132201,"/Date(1700461350000)/",9290,200,1506800,13879000000,-20,true,-0.21
"AAA",132145,"/Date(1700461333000)/",9290,800,1506600,13877000000,-20,true,-0.21
"AAA",132145,"/Date(1700461333000)/",9290,1000,1505800,13869000000,-20,true,-0.21
"AAA",132145,"/Date(1700461333000)/",9290,200,1504800,13860000000,-20,true,-0.21
"AAA",132050,"/Date(1700461278000)/",9290,100,1504600,13858000000,-20,true,-0.21
"AAA",132041,"/Date(1700461270000)/",9290,200,1504500,13857000000,-20,true,-0.21
"AAA",131830,"/Date(1700461137000)/",9290,500,1504300,13856000000,-20,true,-0.21
"AAA",131745,"/Date(1700461094000)/",9300,100,1503800,13851000000,-10,false,-0.11
"AAA",131527,"/Date(1700460957000)/",9290,200,1503700,13850000000,-20,false,-0.21
"AAA",131452,"/Date(1700460920000)/",9290,100,1503500,13848000000,-20,false,-0.21
"AAA",131408,"/Date(1700460877000)/",9270,700,1503400,13847000000,-40,true,-0.43
"AAA",131358,"/Date(1700460867000)/",9270,6100,1502700,13841000000,-40,true,-0.43
"AAA",131355,"/Date(1700460864000)/",9270,2500,1496600,13784000000,-40,false,-0.43
"AAA",131348,"/Date(1700460858000)/",9270,500,1494100,13761000000,-40,true,-0.43
"AAA",131348,"/Date(1700460858000)/",9270,900,1493600,13756000000,-40,true,-0.43
"AAA",131348,"/Date(1700460857000)/",9280,9000,1492700,13748000000,-30,false,-0.32
"AAA",131241,"/Date(1700460792000)/",9280,1000,1483700,13664000000,-30,true,-0.32
"AAA",131225,"/Date(1700460774000)/",9280,9000,1482700,13655000000,-30,true,-0.32
"AAA",131225,"/Date(1700460774000)/",9280,1000,1473700,13572000000,-30,true,-0.32
"AAA",131037,"/Date(1700460665000)/",9300,100,1472700,13562000000,-10,false,-0.11
"AAA",131033,"/Date(1700460663000)/",9300,100,1472600,13561000000,-10,false,-0.11
"AAA",131033,"/Date(1700460663000)/",9300,100,1472500,13561000000,-10,false,-0.11
"AAA",131033,"/Date(1700460663000)/",9300,200,1472400,13560000000,-10,false,-0.11
"AAA",131030,"/Date(1700460657000)/",9300,300,1472200,13558000000,-10,true,-0.11
"AAA",130952,"/Date(1700460622000)/",9300,500,1471900,13555000000,-10,true,-0.11
"AAA",130936,"/Date(1700460604000)/",9310,200,1471400,13550000000,0,false,0
"AAA",130936,"/Date(1700460604000)/",9310,800,1471200,13548000000,0,false,0
"AAA",130923,"/Date(1700460591000)/",9310,600,1470400,13541000000,0,false,0
"AAA",130923,"/Date(1700460591000)/",9310,3500,1469800,13535000000,0,false,0
"AAA",130845,"/Date(1700460552000)/",9300,300,1466300,13503000000,-10,true,-0.11
"AAA",130845,"/Date(1700460552000)/",9300,700,1466000,13500000000,-10,true,-0.11
"AAA",130832,"/Date(1700460539000)/",9300,4000,1465300,13493000000,-10,true,-0.11
"AAA",130829,"/Date(1700460537000)/",9300,300,1461300,13456000000,-10,true,-0.11
"AAA",130829,"/Date(1700460537000)/",9300,200,1461000,13454000000,-10,true,-0.11
"AAA",130754,"/Date(1700460502000)/",9310,300,1460800,13452000000,0,false,0
"AAA",130754,"/Date(1700460501000)/",9300,600,1460500,13449000000,-10,true,-0.11
"AAA",130741,"/Date(1700460489000)/",9310,600,1459900,13443000000,0,false,0
"AAA",130741,"/Date(1700460489000)/",9310,300,1459300,13438000000,0,false,0
"AAA",130659,"/Date(1700460446000)/",9310,5000,1459000,13435000000,0,false,0
"AAA",130637,"/Date(1700460425000)/",9310,200,1454000,13388000000,0,false,0
"AAA",130633,"/Date(1700460423000)/",9310,100,1453800,13386000000,0,true,0
"AAA",130604,"/Date(1700460392000)/",9310,100,1453700,13386000000,0,true,0
"AAA",130555,"/Date(1700460383000)/",9310,100,1453600,13385000000,0,false,0
"AAA",130555,"/Date(1700460383000)/",9310,100,1453500,13384000000,0,false,0
"AAA",130533,"/Date(1700460360000)/",9310,10000,1453400,13383000000,0,false,0
"AAA",130533,"/Date(1700460360000)/",9310,4000,1443400,13290000000,0,false,0
"AAA",130526,"/Date(1700460354000)/",9310,6000,1439400,13252000000,0,false,0
"AAA",130526,"/Date(1700460354000)/",9310,4000,1433400,13197000000,0,false,0
"AAA",130504,"/Date(1700460332000)/",9300,300,1429400,13159000000,-10,true,-0.11
"AAA",130504,"/Date(1700460330000)/",9300,19700,1429100,13157000000,-10,true,-0.11
"AAA",130445,"/Date(1700460311000)/",9300,200,1409400,12973000000,-10,true,-0.11
"AAA",130445,"/Date(1700460311000)/",9300,15000,1409200,12971000000,-10,true,-0.11
"AAA",130445,"/Date(1700460311000)/",9300,5100,1394200,12832000000,-10,true,-0.11
"AAA",130416,"/Date(1700460282000)/",9300,9900,1389100,12785000000,-10,false,-0.11
"AAA",130416,"/Date(1700460282000)/",9300,1000,1379200,12692000000,-10,false,-0.11
"AAA",130416,"/Date(1700460282000)/",9290,1000,1378200,12683000000,-20,false,-0.21
"AAA",130334,"/Date(1700460242000)/",9280,3400,1377200,12674000000,-30,true,-0.32
"AAA",130334,"/Date(1700460242000)/",9280,4000,1373800,12642000000,-30,true,-0.32
"AAA",130334,"/Date(1700460242000)/",9280,6000,1369800,12605000000,-30,true,-0.32
"AAA",130334,"/Date(1700460242000)/",9280,4700,1363800,12550000000,-30,true,-0.32
"AAA",130321,"/Date(1700460227000)/",9280,100,1359100,12506000000,-30,false,-0.32
"AAA",130311,"/Date(1700460218000)/",9270,100,1359000,12505000000,-40,true,-0.43
"AAA",130246,"/Date(1700460194000)/",9270,200,1358900,12504000000,-40,false,-0.43
"AAA",130217,"/Date(1700460166000)/",9260,400,1358700,12502000000,-50,true,-0.54
"AAA",130217,"/Date(1700460166000)/",9270,1000,1358300,12498000000,-40,false,-0.43
"AAA",130204,"/Date(1700460154000)/",9260,500,1357300,12489000000,-50,true,-0.54
"AAA",130201,"/Date(1700460147000)/",9260,400,1356800,12485000000,-50,true,-0.54
"AAA",130132,"/Date(1700460120000)/",9270,300,1356400,12481000000,-40,true,-0.43
"AAA",130120,"/Date(1700460108000)/",9270,15200,1356100,12478000000,-40,true,-0.43
"AAA",130120,"/Date(1700460108000)/",9270,100,1340900,12337000000,-40,true,-0.43
"AAA",130120,"/Date(1700460108000)/",9270,200,1340800,12336000000,-40,true,-0.43
"AAA",130120,"/Date(1700460108000)/",9270,800,1340600,12334000000,-40,true,-0.43
"AAA",130120,"/Date(1700460108000)/",9270,400,1339800,12327000000,-40,true,-0.43
"AAA",130120,"/Date(1700460108000)/",9270,1300,1339400,12323000000,-40,true,-0.43
"AAA",130035,"/Date(1700460062000)/",9280,800,1338100,12311000000,-30,false,-0.32
"AAA",130035,"/Date(1700460062000)/",9280,200,1337300,12304000000,-30,false,-0.32
"AAA",130022,"/Date(1700460029000)/",9280,500,1337100,12302000000,-30,true,-0.32
"AAA",130016,"/Date(1700460012000)/",9280,400,1336600,12297000000,-30,false,-0.32
"AAA",130016,"/Date(1700460011000)/",9280,100,1336200,12294000000,-30,false,-0.32
"AAA",130016,"/Date(1700460011000)/",9280,100,1336100,12293000000,-30,false,-0.32
"AAA",130012,"/Date(1700460007000)/",9280,200,1336000,12292000000,-30,false,-0.32
"AAA",130003,"/Date(1700460004000)/",9280,100,1335800,12290000000,-30,false,-0.32
"AAA",130003,"/Date(1700460004000)/",9280,200,1335700,12289000000,-30,false,-0.32
"AAA",112731,"/Date(1700454471000)/",9280,200,1335500,12287000000,-30,false,-0.32
"AAA",112731,"/Date(1700454471000)/",9280,800,1335300,12285000000,-30,false,-0.32
"AAA",112438,"/Date(1700454297000)/",9280,3000,1334500,12278000000,-30,false,-0.32
"AAA",112413,"/Date(1700454271000)/",9310,100,1331500,12250000000,0,false,0
"AAA",112413,"/Date(1700454271000)/",9310,2900,1331400,12249000000,0,false,0
"AAA",112256,"/Date(1700454194000)/",9310,4700,1328500,12222000000,0,false,0
"AAA",112256,"/Date(1700454194000)/",9310,300,1323800,12178000000,0,false,0
"AAA",112247,"/Date(1700454186000)/",9280,3000,1323500,12176000000,-30,true,-0.32
"AAA",112247,"/Date(1700454186000)/",9280,500,1320500,12148000000,-30,true,-0.32
"AAA",112152,"/Date(1700454131000)/",9310,700,1320000,12143000000,0,false,0
"AAA",112152,"/Date(1700454130000)/",9310,2000,1319300,12137000000,0,false,0
"AAA",112152,"/Date(1700454130000)/",9310,200,1317300,12118000000,0,false,0
"AAA",112152,"/Date(1700454130000)/",9310,800,1317100,12116000000,0,false,0
"AAA",112130,"/Date(1700454108000)/",9310,1500,1316300,12109000000,0,true,0
"AAA",112117,"/Date(1700454094000)/",9310,500,1314800,12095000000,0,true,0
"AAA",112117,"/Date(1700454094000)/",9310,200,1314300,12090000000,0,true,0
"AAA",112117,"/Date(1700454094000)/",9310,400,1314100,12088000000,0,true,0
"AAA",112117,"/Date(1700454094000)/",9310,2400,1313700,12084000000,0,true,0
"AAA",112058,"/Date(1700454077000)/",9300,2500,1311300,12062000000,-10,true,-0.11
"AAA",112023,"/Date(1700454041000)/",9310,1600,1308800,12039000000,0,false,0
"AAA",112023,"/Date(1700454041000)/",9310,100,1307200,12024000000,0,false,0
"AAA",112023,"/Date(1700454041000)/",9310,3800,1307100,12023000000,0,false,0
"AAA",112023,"/Date(1700454041000)/",9310,200,1303300,11988000000,0,false,0
"AAA",112020,"/Date(1700454038000)/",9310,100,1303100,11986000000,0,false,0
"AAA",111945,"/Date(1700454002000)/",9310,900,1303000,11985000000,0,false,0
"AAA",111945,"/Date(1700454002000)/",9310,100,1302100,11976000000,0,false,0
"AAA",111906,"/Date(1700453965000)/",9300,100,1302000,11975000000,-10,true,-0.11
"AAA",111906,"/Date(1700453965000)/",9300,100,1301900,11975000000,-10,true,-0.11
"AAA",111906,"/Date(1700453965000)/",9300,1000,1301800,11974000000,-10,true,-0.11
"AAA",111906,"/Date(1700453965000)/",9300,500,1300800,11964000000,-10,true,-0.11
"AAA",111906,"/Date(1700453965000)/",9300,15100,1300300,11960000000,-10,true,-0.11
"AAA",111906,"/Date(1700453965000)/",9300,500,1285200,11819000000,-10,true,-0.11
"AAA",111906,"/Date(1700453965000)/",9300,1000,1284700,11815000000,-10,true,-0.11
"AAA",111906,"/Date(1700453965000)/",9300,3900,1283700,11805000000,-10,true,-0.11
"AAA",111906,"/Date(1700453965000)/",9300,200,1279800,11769000000,-10,true,-0.11
"AAA",111906,"/Date(1700453965000)/",9300,500,1279600,11767000000,-10,true,-0.11
"AAA",111906,"/Date(1700453965000)/",9300,1000,1279100,11763000000,-10,true,-0.11
"AAA",111906,"/Date(1700453965000)/",9290,100,1278100,11753000000,-20,false,-0.21
"AAA",111906,"/Date(1700453965000)/",9290,2500,1278000,11752000000,-20,false,-0.21
"AAA",111906,"/Date(1700453965000)/",9290,1000,1275500,11729000000,-20,false,-0.21
"AAA",111844,"/Date(1700453942000)/",9280,300,1274500,11720000000,-30,false,-0.32
"AAA",111819,"/Date(1700453918000)/",9280,200,1274200,11717000000,-30,false,-0.32
"AAA",111819,"/Date(1700453918000)/",9280,900,1274000,11715000000,-30,false,-0.32
"AAA",111819,"/Date(1700453918000)/",9280,100,1273100,11707000000,-30,false,-0.32
"AAA",111819,"/Date(1700453918000)/",9280,1000,1273000,11706000000,-30,false,-0.32
"AAA",111812,"/Date(1700453910000)/",9270,400,1272000,11697000000,-40,true,-0.43
"AAA",111812,"/Date(1700453910000)/",9270,1000,1271600,11693000000,-40,true,-0.43
"AAA",111806,"/Date(1700453905000)/",9270,100,1270600,11684000000,-40,true,-0.43
"AAA",111806,"/Date(1700453905000)/",9270,8900,1270500,11683000000,-40,true,-0.43
"AAA",111724,"/Date(1700453862000)/",9260,30000,1261600,11600000000,-50,false,-0.54
"AAA",111708,"/Date(1700453846000)/",9260,200,1231600,11322000000,-50,false,-0.54
"AAA",111708,"/Date(1700453846000)/",9260,800,1231400,11321000000,-50,false,-0.54
"AAA",111659,"/Date(1700453837000)/",9260,100,1230600,11313000000,-50,false,-0.54
"AAA",111400,"/Date(1700453656000)/",9250,100,1230500,11312000000,-60,true,-0.64
"AAA",111400,"/Date(1700453656000)/",9250,4400,1230400,11311000000,-60,true,-0.64
"AAA",111357,"/Date(1700453656000)/",9250,500,1226000,11271000000,-60,false,-0.64
"AAA",111331,"/Date(1700453629000)/",9250,200,1225500,11266000000,-60,false,-0.64
"AAA",111331,"/Date(1700453629000)/",9250,900,1225300,11264000000,-60,false,-0.64
"AAA",111108,"/Date(1700453484000)/",9250,500,1224400,11256000000,-60,true,-0.64
"AAA",111108,"/Date(1700453484000)/",9250,8500,1223900,11251000000,-60,true,-0.64
"AAA",110958,"/Date(1700453416000)/",9250,1500,1215400,11172000000,-60,true,-0.64
"AAA",110958,"/Date(1700453416000)/",9250,500,1213900,11159000000,-60,true,-0.64
"AAA",110929,"/Date(1700453386000)/",9250,7500,1213400,11154000000,-60,false,-0.64
"AAA",110841,"/Date(1700453339000)/",9250,1500,1205900,11085000000,-60,false,-0.64
"AAA",110806,"/Date(1700453303000)/",9250,200,1204400,11071000000,-60,false,-0.64
"AAA",110806,"/Date(1700453303000)/",9250,800,1204200,11069000000,-60,false,-0.64
"AAA",110724,"/Date(1700453263000)/",9250,300,1203400,11061000000,-60,true,-0.64
"AAA",110708,"/Date(1700453244000)/",9260,2400,1203100,11059000000,-50,false,-0.54
"AAA",110708,"/Date(1700453244000)/",9260,20000,1200700,11037000000,-50,false,-0.54
"AAA",110708,"/Date(1700453244000)/",9260,500,1180700,10851000000,-50,false,-0.54
"AAA",110708,"/Date(1700453244000)/",9260,1000,1180200,10847000000,-50,false,-0.54
"AAA",110708,"/Date(1700453244000)/",9260,600,1179200,10837000000,-50,false,-0.54
"AAA",110708,"/Date(1700453244000)/",9260,200,1178600,10832000000,-50,false,-0.54
"AAA",110659,"/Date(1700453237000)/",9250,5000,1178400,10830000000,-60,true,-0.64
"AAA",110640,"/Date(1700453218000)/",9250,300,1173400,10784000000,-60,false,-0.64
"AAA",110611,"/Date(1700453187000)/",9250,700,1173100,10781000000,-60,false,-0.64
"AAA",110611,"/Date(1700453187000)/",9250,700,1172400,10775000000,-60,false,-0.64
"AAA",110611,"/Date(1700453187000)/",9250,10000,1171700,10768000000,-60,false,-0.64
"AAA",110611,"/Date(1700453187000)/",9250,600,1161700,10676000000,-60,false,-0.64
"AAA",110416,"/Date(1700453074000)/",9250,400,1161100,10670000000,-60,false,-0.64
"AAA",110049,"/Date(1700452865000)/",9230,100,1160700,10666000000,-80,false,-0.86
"AAA",105958,"/Date(1700452816000)/",9230,100,1160600,10665000000,-80,false,-0.86
"AAA",105750,"/Date(1700452686000)/",9220,500,1160500,10664000000,-90,true,-0.97
"AAA",105750,"/Date(1700452686000)/",9220,200,1160000,10660000000,-90,true,-0.97
"AAA",105750,"/Date(1700452685000)/",9220,800,1159800,10658000000,-90,true,-0.97
"AAA",105750,"/Date(1700452685000)/",9220,100,1159000,10651000000,-90,true,-0.97
"AAA",105410,"/Date(1700452465000)/",9220,200,1158900,10650000000,-90,true,-0.97
"AAA",105410,"/Date(1700452465000)/",9220,800,1158700,10648000000,-90,true,-0.97
"AAA",105401,"/Date(1700452457000)/",9230,37000,1157900,10640000000,-80,false,-0.86
"AAA",105345,"/Date(1700452440000)/",9230,1000,1120900,10299000000,-80,false,-0.86
"AAA",105319,"/Date(1700452415000)/",9230,2000,1119900,10290000000,-80,true,-0.86
"AAA",105319,"/Date(1700452415000)/",9230,600,1117900,10271000000,-80,true,-0.86
"AAA",105319,"/Date(1700452415000)/",9230,800,1117300,10266000000,-80,true,-0.86
"AAA",105319,"/Date(1700452415000)/",9230,200,1116500,10258000000,-80,true,-0.86
"AAA",105319,"/Date(1700452415000)/",9230,900,1116300,10256000000,-80,true,-0.86
"AAA",105319,"/Date(1700452415000)/",9230,2000,1115400,10248000000,-80,true,-0.86
"AAA",105319,"/Date(1700452415000)/",9230,5000,1113400,10230000000,-80,true,-0.86
"AAA",105319,"/Date(1700452415000)/",9230,200,1108400,10184000000,-80,true,-0.86
"AAA",105319,"/Date(1700452415000)/",9230,300,1108200,10182000000,-80,true,-0.86
"AAA",105055,"/Date(1700452272000)/",9250,100,1107900,10179000000,-60,false,-0.64
"AAA",105040,"/Date(1700452254000)/",9250,39900,1107800,10178000000,-60,false,-0.64
"AAA",105040,"/Date(1700452254000)/",9250,100,1067900,9809000000,-60,false,-0.64
"AAA",105004,"/Date(1700452220000)/",9250,9900,1067800,9808000000,-60,false,-0.64
"AAA",105004,"/Date(1700452220000)/",9250,800,1057900,9716000000,-60,false,-0.64
"AAA",105004,"/Date(1700452220000)/",9250,300,1057100,9709000000,-60,false,-0.64
"AAA",105004,"/Date(1700452220000)/",9250,1000,1056800,9706000000,-60,false,-0.64
"AAA",105004,"/Date(1700452220000)/",9250,1000,1055800,9697000000,-60,false,-0.64
"AAA",104939,"/Date(1700452193000)/",9230,500,1054800,9688000000,-80,true,-0.86
"AAA",104939,"/Date(1700452193000)/",9230,800,1054300,9683000000,-80,true,-0.86
"AAA",104508,"/Date(1700451923000)/",9230,200,1053500,9676000000,-80,true,-0.86
"AAA",104508,"/Date(1700451923000)/",9230,1100,1053300,9674000000,-80,true,-0.86
"AAA",104423,"/Date(1700451880000)/",9240,500,1052200,9664000000,-70,false,-0.75
"AAA",104423,"/Date(1700451878000)/",9230,600,1051700,9659000000,-80,true,-0.86
"AAA",104420,"/Date(1700451875000)/",9240,19000,1051100,9654000000,-70,false,-0.75
"AAA",104401,"/Date(1700451855000)/",9230,8300,1032100,9478000000,-80,true,-0.86
"AAA",104326,"/Date(1700451821000)/",9240,400,1023800,9401000000,-70,false,-0.75
"AAA",104319,"/Date(1700451813000)/",9240,100,1023400,9398000000,-70,false,-0.75
"AAA",104313,"/Date(1700451807000)/",9240,200,1023300,9397000000,-70,true,-0.75
"AAA",104313,"/Date(1700451807000)/",9240,800,1023100,9395000000,-70,true,-0.75
"AAA",104313,"/Date(1700451807000)/",9240,700,1022300,9388000000,-70,true,-0.75
"AAA",104313,"/Date(1700451807000)/",9240,3900,1021600,9381000000,-70,true,-0.75
"AAA",104238,"/Date(1700451774000)/",9250,200,1017700,9345000000,-60,false,-0.64
"AAA",104225,"/Date(1700451760000)/",9240,100,1017500,9343000000,-70,true,-0.75
"AAA",104108,"/Date(1700451682000)/",9250,200,1017400,9342000000,-60,true,-0.64
"AAA",104108,"/Date(1700451682000)/",9250,800,1017200,9340000000,-60,true,-0.64
"AAA",104108,"/Date(1700451682000)/",9250,3200,1016400,9333000000,-60,true,-0.64
"AAA",104040,"/Date(1700451653000)/",9250,6800,1013200,9303000000,-60,true,-0.64
"AAA",104040,"/Date(1700451653000)/",9250,200,1006400,9241000000,-60,true,-0.64
"AAA",104040,"/Date(1700451653000)/",9250,200,1006200,9239000000,-60,true,-0.64
"AAA",104040,"/Date(1700451653000)/",9250,800,1006000,9237000000,-60,true,-0.64
"AAA",103848,"/Date(1700451541000)/",9260,14300,1005200,9229000000,-50,false,-0.54
"AAA",103835,"/Date(1700451529000)/",9260,5700,990900,9097000000,-50,false,-0.54
"AAA",103816,"/Date(1700451512000)/",9260,300,985200,9044000000,-50,true,-0.54
"AAA",103803,"/Date(1700451499000)/",9260,4000,984900,9041000000,-50,true,-0.54
"AAA",103706,"/Date(1700451439000)/",9260,1000,980900,9004000000,-50,false,-0.54
"AAA",103442,"/Date(1700451298000)/",9240,1300,979900,8995000000,-70,true,-0.75
"AAA",103442,"/Date(1700451298000)/",9250,200,978600,8983000000,-60,true,-0.64
"AAA",103342,"/Date(1700451236000)/",9240,4700,978400,8981000000,-70,true,-0.75
"AAA",103319,"/Date(1700451215000)/",9240,200,973700,8938000000,-70,false,-0.75
"AAA",103319,"/Date(1700451215000)/",9240,100,973500,8936000000,-70,false,-0.75
"AAA",103316,"/Date(1700451210000)/",9250,1000,973400,8935000000,-60,false,-0.64
"AAA",103316,"/Date(1700451210000)/",9250,15000,972400,8926000000,-60,false,-0.64
"AAA",103316,"/Date(1700451210000)/",9250,800,957400,8787000000,-60,false,-0.64
"AAA",103156,"/Date(1700451132000)/",9240,100,956600,8780000000,-70,true,-0.75
"AAA",103156,"/Date(1700451131000)/",9240,900,956500,8779000000,-70,true,-0.75
"AAA",103046,"/Date(1700451061000)/",9240,300,955600,8770000000,-70,false,-0.75
"AAA",103040,"/Date(1700451052000)/",9230,1000,955300,8768000000,-80,false,-0.86
"AAA",103040,"/Date(1700451052000)/",9230,1600,954300,8758000000,-80,false,-0.86
"AAA",102939,"/Date(1700450992000)/",9240,200,952700,8744000000,-70,false,-0.75
"AAA",102813,"/Date(1700450908000)/",9240,200,952500,8742000000,-70,true,-0.75
"AAA",102813,"/Date(1700450908000)/",9240,800,952300,8740000000,-70,true,-0.75
"AAA",102640,"/Date(1700450815000)/",9240,200,951500,8733000000,-70,true,-0.75
"AAA",102634,"/Date(1700450808000)/",9240,100,951300,8731000000,-70,true,-0.75
"AAA",102634,"/Date(1700450808000)/",9240,1900,951200,8730000000,-70,true,-0.75
"AAA",102536,"/Date(1700450749000)/",9240,4000,949300,8712000000,-70,true,-0.75
"AAA",102458,"/Date(1700450712000)/",9240,1600,945300,8675000000,-70,true,-0.75
"AAA",102452,"/Date(1700450707000)/",9240,2500,943700,8661000000,-70,true,-0.75
"AAA",102433,"/Date(1700450686000)/",9250,100,941200,8637000000,-60,false,-0.64
"AAA",102410,"/Date(1700450663000)/",9250,1000,941100,8637000000,-60,false,-0.64
"AAA",102404,"/Date(1700450656000)/",9250,1500,940100,8627000000,-60,false,-0.64
"AAA",102257,"/Date(1700450588000)/",9270,200,938600,8613000000,-40,false,-0.43
"AAA",102257,"/Date(1700450588000)/",9270,800,938400,8612000000,-40,false,-0.43
"AAA",102114,"/Date(1700450489000)/",9270,100,937600,8604000000,-40,false,-0.43
"AAA",102111,"/Date(1700450483000)/",9240,100,937500,8603000000,-70,true,-0.75
"AAA",102105,"/Date(1700450476000)/",9240,700,937400,8602000000,-70,true,-0.75
"AAA",102055,"/Date(1700450469000)/",9250,2900,936700,8596000000,-60,false,-0.64
"AAA",102055,"/Date(1700450469000)/",9250,100,933800,8569000000,-60,false,-0.64
"AAA",102052,"/Date(1700450465000)/",9240,2000,933700,8568000000,-70,true,-0.75
"AAA",102007,"/Date(1700450421000)/",9240,200,931700,8550000000,-70,true,-0.75
"AAA",101932,"/Date(1700450384000)/",9240,200,931500,8548000000,-70,true,-0.75
"AAA",101829,"/Date(1700450322000)/",9250,100,931300,8546000000,-60,false,-0.64
"AAA",101822,"/Date(1700450316000)/",9250,200,931200,8545000000,-60,false,-0.64
"AAA",101822,"/Date(1700450316000)/",9250,800,931000,8543000000,-60,false,-0.64
"AAA",101819,"/Date(1700450312000)/",9250,500,930200,8536000000,-60,false,-0.64
"AAA",101709,"/Date(1700450241000)/",9250,2000,929700,8531000000,-60,false,-0.64
"AAA",101640,"/Date(1700450213000)/",9250,2000,927700,8513000000,-60,false,-0.64
"AAA",101628,"/Date(1700450202000)/",9250,100,925700,8494000000,-60,false,-0.64
"AAA",101615,"/Date(1700450186000)/",9240,1800,925600,8493000000,-70,false,-0.75
"AAA",101546,"/Date(1700450158000)/",9240,200,923800,8477000000,-70,false,-0.75
"AAA",101540,"/Date(1700450153000)/",9240,200,923600,8475000000,-70,false,-0.75
"AAA",101505,"/Date(1700450117000)/",9240,5000,923400,8473000000,-70,false,-0.75
"AAA",101439,"/Date(1700450090000)/",9230,1000,918400,8427000000,-80,false,-0.86
"AAA",101439,"/Date(1700450090000)/",9230,4000,917400,8417000000,-80,false,-0.86
"AAA",101439,"/Date(1700450090000)/",9230,200,913400,8380000000,-80,false,-0.86
"AAA",101439,"/Date(1700450090000)/",9230,3200,913200,8379000000,-80,false,-0.86
"AAA",101355,"/Date(1700450046000)/",9230,3800,910000,8349000000,-80,false,-0.86
"AAA",101355,"/Date(1700450046000)/",9230,6200,906200,8314000000,-80,false,-0.86
"AAA",101351,"/Date(1700450045000)/",9220,100,900000,8257000000,-90,false,-0.97
"AAA",101342,"/Date(1700450034000)/",9220,2100,899900,8256000000,-90,false,-0.97
"AAA",101342,"/Date(1700450034000)/",9220,700,897800,8237000000,-90,false,-0.97
"AAA",101339,"/Date(1700450031000)/",9210,3700,897100,8230000000,-100,true,-1.07
"AAA",101339,"/Date(1700450031000)/",9210,300,893400,8196000000,-100,true,-1.07
"AAA",101332,"/Date(1700450024000)/",9220,100,893100,8193000000,-90,false,-0.97
"AAA",101050,"/Date(1700449863000)/",9200,200,893000,8192000000,-110,true,-1.18
"AAA",101050,"/Date(1700449862000)/",9220,20000,892800,8190000000,-90,false,-0.97
"AAA",101034,"/Date(1700449847000)/",9200,100,872800,8006000000,-110,true,-1.18
"AAA",100939,"/Date(1700449792000)/",9200,600,872700,8005000000,-110,true,-1.18
"AAA",100707,"/Date(1700449638000)/",9200,100,872100,8000000000,-110,false,-1.18
"AAA",100700,"/Date(1700449631000)/",9200,100,872000,7999000000,-110,false,-1.18
"AAA",100654,"/Date(1700449625000)/",9200,100,871900,7998000000,-110,false,-1.18
"AAA",100644,"/Date(1700449615000)/",9200,200,871800,7997000000,-110,false,-1.18
"AAA",100632,"/Date(1700449602000)/",9200,5000,871600,7995000000,-110,false,-1.18
"AAA",100622,"/Date(1700449585000)/",9200,3000,866600,7949000000,-110,false,-1.18
"AAA",100600,"/Date(1700449572000)/",9200,100,863600,7921000000,-110,false,-1.18
"AAA",100600,"/Date(1700449572000)/",9200,1500,863500,7921000000,-110,false,-1.18
"AAA",100600,"/Date(1700449572000)/",9200,1200,862000,7907000000,-110,false,-1.18
"AAA",100600,"/Date(1700449572000)/",9200,300,860800,7896000000,-110,false,-1.18
"AAA",100553,"/Date(1700449564000)/",9200,200,860500,7893000000,-110,false,-1.18
"AAA",100553,"/Date(1700449564000)/",9200,100,860300,7891000000,-110,false,-1.18
"AAA",100450,"/Date(1700449502000)/",9200,200,860200,7890000000,-110,false,-1.18
"AAA",100450,"/Date(1700449502000)/",9200,800,860000,7888000000,-110,false,-1.18
"AAA",100352,"/Date(1700449442000)/",9200,100,859200,7881000000,-110,false,-1.18
"AAA",100330,"/Date(1700449422000)/",9200,5000,859100,7880000000,-110,true,-1.18
"AAA",100330,"/Date(1700449422000)/",9200,100,854100,7834000000,-110,true,-1.18
"AAA",100330,"/Date(1700449422000)/",9200,1000,854000,7833000000,-110,true,-1.18
"AAA",100330,"/Date(1700449422000)/",9200,1000,853000,7824000000,-110,true,-1.18
"AAA",100330,"/Date(1700449422000)/",9200,2000,852000,7815000000,-110,true,-1.18
"AAA",100330,"/Date(1700449422000)/",9200,1000,850000,7796000000,-110,true,-1.18
"AAA",100330,"/Date(1700449422000)/",9200,1000,849000,7787000000,-110,true,-1.18
"AAA",100330,"/Date(1700449422000)/",9200,200,848000,7778000000,-110,true,-1.18
"AAA",100330,"/Date(1700449422000)/",9200,100,847800,7776000000,-110,true,-1.18
"AAA",100330,"/Date(1700449422000)/",9200,7800,847700,7775000000,-110,true,-1.18
"AAA",100226,"/Date(1700449359000)/",9200,5000,839900,7703000000,-110,true,-1.18
"AAA",100019,"/Date(1700449230000)/",9230,200,834900,7657000000,-80,false,-0.86
"AAA",100019,"/Date(1700449230000)/",9230,800,834700,7656000000,-80,false,-0.86
"AAA",100019,"/Date(1700449230000)/",9200,11200,833900,7648000000,-110,true,-1.18
"AAA",100019,"/Date(1700449230000)/",9200,1300,822700,7545000000,-110,true,-1.18
"AAA",100019,"/Date(1700449230000)/",9210,500,821400,7533000000,-100,false,-1.07
"AAA",100019,"/Date(1700449230000)/",9210,400,820900,7529000000,-100,false,-1.07
"AAA",100019,"/Date(1700449230000)/",9210,10000,820500,7525000000,-100,false,-1.07
"AAA",100019,"/Date(1700449230000)/",9220,2000,810500,7433000000,-90,false,-0.97
"AAA",100019,"/Date(1700449230000)/",9220,200,808500,7414000000,-90,false,-0.97
"AAA",100019,"/Date(1700449230000)/",9220,900,808300,7412000000,-90,false,-0.97
"AAA",100019,"/Date(1700449230000)/",9220,300,807400,7404000000,-90,false,-0.97
"AAA",100019,"/Date(1700449230000)/",9220,2000,807100,7401000000,-90,false,-0.97
"AAA",100019,"/Date(1700449230000)/",9220,100,805100,7383000000,-90,false,-0.97
"AAA",100019,"/Date(1700449230000)/",9220,200,805000,7382000000,-90,false,-0.97
"AAA",100019,"/Date(1700449230000)/",9220,600,804800,7380000000,-90,false,-0.97
"AAA",100019,"/Date(1700449230000)/",9220,4000,804200,7375000000,-90,false,-0.97
"AAA",100019,"/Date(1700449230000)/",9220,200,800200,7338000000,-90,false,-0.97
"AAA",100019,"/Date(1700449230000)/",9220,700,800000,7336000000,-90,false,-0.97
"AAA",95918,"/Date(1700449168000)/",9230,300,799300,7330000000,-80,false,-0.86
"AAA",95827,"/Date(1700449118000)/",9230,2000,799000,7327000000,-80,false,-0.86
"AAA",95815,"/Date(1700449106000)/",9230,500,797000,7308000000,-80,true,-0.86
"AAA",95808,"/Date(1700449099000)/",9240,1000,796500,7304000000,-70,false,-0.75
"AAA",95749,"/Date(1700449080000)/",9230,200,795500,7294000000,-80,true,-0.86
"AAA",95727,"/Date(1700449057000)/",9230,300,795300,7293000000,-80,true,-0.86
"AAA",95720,"/Date(1700449050000)/",9240,1800,795000,7290000000,-70,false,-0.75
"AAA",95720,"/Date(1700449050000)/",9240,1200,793200,7273000000,-70,false,-0.75
"AAA",95558,"/Date(1700448969000)/",9220,100,792000,7262000000,-90,true,-0.97
"AAA",95558,"/Date(1700448969000)/",9220,400,791900,7261000000,-90,true,-0.97
"AAA",95558,"/Date(1700448967000)/",9230,200,791500,7257000000,-80,true,-0.86
"AAA",95558,"/Date(1700448967000)/",9230,800,791300,7256000000,-80,true,-0.86
"AAA",95406,"/Date(1700448858000)/",9220,200,790500,7248000000,-90,true,-0.97
"AAA",95406,"/Date(1700448858000)/",9220,1300,790300,7246000000,-90,true,-0.97
"AAA",95406,"/Date(1700448858000)/",9220,1000,789000,7234000000,-90,true,-0.97
"AAA",95406,"/Date(1700448858000)/",9230,1500,788000,7225000000,-80,true,-0.86
"AAA",95406,"/Date(1700448858000)/",9230,3600,786500,7211000000,-80,true,-0.86
"AAA",95331,"/Date(1700448823000)/",9240,300,782900,7178000000,-70,false,-0.75
"AAA",95306,"/Date(1700448797000)/",9240,100,782600,7175000000,-70,false,-0.75
"AAA",95256,"/Date(1700448786000)/",9230,500,782500,7174000000,-80,true,-0.86
"AAA",95231,"/Date(1700448763000)/",9230,500,782000,7170000000,-80,true,-0.86
"AAA",95221,"/Date(1700448750000)/",9230,100,781500,7165000000,-80,true,-0.86
"AAA",95212,"/Date(1700448742000)/",9230,300,781400,7164000000,-80,true,-0.86
"AAA",95134,"/Date(1700448705000)/",9250,200,781100,7162000000,-60,false,-0.64
"AAA",95134,"/Date(1700448705000)/",9250,800,780900,7160000000,-60,false,-0.64
"AAA",95134,"/Date(1700448705000)/",9250,3200,780100,7152000000,-60,false,-0.64
"AAA",95108,"/Date(1700448678000)/",9250,6800,776900,7123000000,-60,false,-0.64
"AAA",95102,"/Date(1700448672000)/",9250,1000,770100,7060000000,-60,false,-0.64
"AAA",95102,"/Date(1700448671000)/",9250,1000,769100,7051000000,-60,false,-0.64
"AAA",95055,"/Date(1700448665000)/",9250,1000,768100,7041000000,-60,false,-0.64
"AAA",95055,"/Date(1700448665000)/",9250,200,767100,7032000000,-60,false,-0.64
"AAA",95043,"/Date(1700448654000)/",9250,1800,766900,7030000000,-60,false,-0.64
"AAA",95020,"/Date(1700448631000)/",9250,1000,765100,7014000000,-60,false,-0.64
"AAA",95001,"/Date(1700448611000)/",9250,2000,764100,7004000000,-60,false,-0.64
"AAA",94942,"/Date(1700448592000)/",9250,5000,762100,6986000000,-60,true,-0.64
"AAA",94942,"/Date(1700448592000)/",9250,200,757100,6940000000,-60,true,-0.64
"AAA",94933,"/Date(1700448583000)/",9280,6500,756900,6938000000,-30,false,-0.32
"AAA",94933,"/Date(1700448583000)/",9270,13500,750400,6877000000,-40,false,-0.43
"AAA",94907,"/Date(1700448558000)/",9270,5000,736900,6752000000,-40,false,-0.43
"AAA",94907,"/Date(1700448558000)/",9270,1500,731900,6706000000,-40,false,-0.43
"AAA",94907,"/Date(1700448556000)/",9270,3500,730400,6692000000,-40,false,-0.43
"AAA",94901,"/Date(1700448552000)/",9270,5000,726900,6659000000,-40,true,-0.43
"AAA",94901,"/Date(1700448552000)/",9270,500,721900,6613000000,-40,true,-0.43
"AAA",94851,"/Date(1700448543000)/",9280,200,721400,6609000000,-30,false,-0.32
"AAA",94845,"/Date(1700448535000)/",9280,300,721200,6607000000,-30,false,-0.32
"AAA",94845,"/Date(1700448535000)/",9280,400,720900,6604000000,-30,false,-0.32
"AAA",94822,"/Date(1700448511000)/",9270,2500,720500,6600000000,-40,false,-0.43
"AAA",94819,"/Date(1700448510000)/",9270,1000,718000,6577000000,-40,true,-0.43
"AAA",94819,"/Date(1700448508000)/",9270,6500,717000,6568000000,-40,true,-0.43
"AAA",94807,"/Date(1700448497000)/",9270,100,710500,6507000000,-40,true,-0.43
"AAA",94803,"/Date(1700448492000)/",9250,500,710400,6507000000,-60,true,-0.64
"AAA",94757,"/Date(1700448486000)/",9250,100,709900,6502000000,-60,false,-0.64
"AAA",94754,"/Date(1700448484000)/",9250,4400,709800,6501000000,-60,true,-0.64
"AAA",94747,"/Date(1700448478000)/",9250,5600,705400,6460000000,-60,true,-0.64
"AAA",94747,"/Date(1700448478000)/",9250,4400,699800,6408000000,-60,true,-0.64
"AAA",94735,"/Date(1700448464000)/",9250,100,695400,6368000000,-60,true,-0.64
"AAA",94735,"/Date(1700448464000)/",9250,500,695300,6367000000,-60,true,-0.64
"AAA",94719,"/Date(1700448448000)/",9250,500,694800,6362000000,-60,false,-0.64
"AAA",94712,"/Date(1700448442000)/",9250,500,694300,6358000000,-60,false,-0.64
"AAA",94709,"/Date(1700448438000)/",9240,5000,693800,6353000000,-70,true,-0.75
"AAA",94709,"/Date(1700448438000)/",9240,300,688800,6307000000,-70,true,-0.75
"AAA",94709,"/Date(1700448438000)/",9240,1000,688500,6304000000,-70,true,-0.75
"AAA",94703,"/Date(1700448434000)/",9230,200,687500,6295000000,-80,true,-0.86
"AAA",94625,"/Date(1700448396000)/",9220,100,687300,6293000000,-90,false,-0.97
"AAA",94625,"/Date(1700448396000)/",9220,700,687200,6292000000,-90,false,-0.97
"AAA",94612,"/Date(1700448381000)/",9220,100,686500,6286000000,-90,false,-0.97
"AAA",94550,"/Date(1700448359000)/",9220,200,686400,6285000000,-90,false,-0.97
"AAA",94550,"/Date(1700448359000)/",9220,200,686200,6283000000,-90,false,-0.97
"AAA",94550,"/Date(1700448359000)/",9220,100,686000,6281000000,-90,false,-0.97
"AAA",94420,"/Date(1700448269000)/",9200,200,685900,6280000000,-110,true,-1.18
"AAA",94404,"/Date(1700448254000)/",9200,200,685700,6278000000,-110,true,-1.18
"AAA",94351,"/Date(1700448242000)/",9200,3000,685500,6276000000,-110,false,-1.18
"AAA",94351,"/Date(1700448242000)/",9200,300,682500,6249000000,-110,false,-1.18
"AAA",94342,"/Date(1700448232000)/",9200,100,682200,6246000000,-110,false,-1.18
"AAA",94342,"/Date(1700448232000)/",9190,100,682100,6245000000,-120,false,-1.29
"AAA",94313,"/Date(1700448201000)/",9200,100,682000,6244000000,-110,false,-1.18
"AAA",94313,"/Date(1700448201000)/",9200,2000,681900,6243000000,-110,false,-1.18
"AAA",94313,"/Date(1700448201000)/",9200,100,679900,6225000000,-110,false,-1.18
"AAA",94313,"/Date(1700448201000)/",9200,500,679800,6224000000,-110,false,-1.18
"AAA",94313,"/Date(1700448201000)/",9200,100,679300,6219000000,-110,false,-1.18
"AAA",94313,"/Date(1700448201000)/",9180,200,679200,6218000000,-130,false,-1.4
"AAA",94254,"/Date(1700448183000)/",9160,100,679000,6217000000,-150,false,-1.61
"AAA",94254,"/Date(1700448183000)/",9160,500,678900,6216000000,-150,false,-1.61
"AAA",94254,"/Date(1700448183000)/",9160,4400,678400,6211000000,-150,false,-1.61
"AAA",94254,"/Date(1700448182000)/",9160,3000,674000,6171000000,-150,false,-1.61
"AAA",94251,"/Date(1700448182000)/",9160,100,671000,6143000000,-150,false,-1.61
"AAA",94251,"/Date(1700448178000)/",9160,10000,670900,6142000000,-150,false,-1.61
"AAA",94222,"/Date(1700448153000)/",9160,200,660900,6051000000,-150,false,-1.61
"AAA",94216,"/Date(1700448144000)/",9160,200,660700,6049000000,-150,false,-1.61
"AAA",94216,"/Date(1700448144000)/",9160,800,660500,6047000000,-150,false,-1.61
"AAA",94200,"/Date(1700448129000)/",9160,200,659700,6040000000,-150,false,-1.61
"AAA",94002,"/Date(1700448012000)/",9150,200,659500,6038000000,-160,false,-1.72
"AAA",93946,"/Date(1700447995000)/",9140,1000,659300,6036000000,-170,true,-1.83
"AAA",93936,"/Date(1700447985000)/",9140,500,658300,6027000000,-170,true,-1.83
"AAA",93933,"/Date(1700447982000)/",9140,500,657800,6022000000,-170,false,-1.83
"AAA",93907,"/Date(1700447956000)/",9130,100,657300,6018000000,-180,true,-1.93
"AAA",93907,"/Date(1700447956000)/",9130,1200,657200,6017000000,-180,true,-1.93
"AAA",93904,"/Date(1700447952000)/",9130,200,656000,6006000000,-180,false,-1.93
"AAA",93901,"/Date(1700447951000)/",9130,1000,655800,6004000000,-180,false,-1.93
"AAA",93854,"/Date(1700447944000)/",9130,28900,654800,5995000000,-180,false,-1.93
"AAA",93851,"/Date(1700447940000)/",9130,3000,625900,5731000000,-180,false,-1.93
"AAA",93829,"/Date(1700447919000)/",9130,700,622900,5704000000,-180,false,-1.93
"AAA",93744,"/Date(1700447874000)/",9120,100,622200,5697000000,-190,false,-2.04
"AAA",93719,"/Date(1700447848000)/",9110,2700,622100,5696000000,-200,true,-2.15
"AAA",93709,"/Date(1700447838000)/",9130,100,619400,5672000000,-180,false,-1.93
"AAA",93656,"/Date(1700447826000)/",9110,900,619300,5671000000,-200,true,-2.15
"AAA",93656,"/Date(1700447826000)/",9120,100,618400,5663000000,-190,true,-2.04
"AAA",93637,"/Date(1700447807000)/",9110,500,618300,5662000000,-200,false,-2.15
"AAA",93637,"/Date(1700447806000)/",9110,2000,617800,5657000000,-200,false,-2.15
"AAA",93637,"/Date(1700447805000)/",9110,500,615800,5639000000,-200,false,-2.15
"AAA",93634,"/Date(1700447804000)/",9110,2000,615300,5634000000,-200,false,-2.15
"AAA",93634,"/Date(1700447802000)/",9110,300,613300,5616000000,-200,false,-2.15
"AAA",93631,"/Date(1700447800000)/",9110,300,613000,5614000000,-200,false,-2.15
"AAA",93631,"/Date(1700447799000)/",9110,2000,612700,5611000000,-200,false,-2.15
"AAA",93628,"/Date(1700447797000)/",9110,5000,610700,5593000000,-200,false,-2.15
"AAA",93628,"/Date(1700447796000)/",9110,2000,605700,5547000000,-200,false,-2.15
"AAA",93624,"/Date(1700447793000)/",9110,2000,603700,5529000000,-200,false,-2.15
"AAA",93612,"/Date(1700447781000)/",9110,100,601700,5511000000,-200,false,-2.15
"AAA",93543,"/Date(1700447752000)/",9110,2800,601600,5510000000,-200,true,-2.15
"AAA",93543,"/Date(1700447752000)/",9110,1000,598800,5484000000,-200,true,-2.15
"AAA",93530,"/Date(1700447739000)/",9130,1400,597800,5475000000,-180,false,-1.93
"AAA",93530,"/Date(1700447739000)/",9120,600,596400,5462000000,-190,false,-2.04
"AAA",93521,"/Date(1700447730000)/",9120,2000,595800,5457000000,-190,false,-2.04
"AAA",93521,"/Date(1700447730000)/",9120,1000,593800,5439000000,-190,false,-2.04
"AAA",93521,"/Date(1700447730000)/",9120,100,592800,5429000000,-190,false,-2.04
"AAA",93521,"/Date(1700447730000)/",9120,1000,592700,5429000000,-190,false,-2.04
"AAA",93521,"/Date(1700447730000)/",9120,200,591700,5419000000,-190,false,-2.04
"AAA",93521,"/Date(1700447730000)/",9120,100,591500,5418000000,-190,false,-2.04
"AAA",93511,"/Date(1700447719000)/",9130,2000,591400,5417000000,-180,false,-1.93
"AAA",93446,"/Date(1700447695000)/",9130,100,589400,5398000000,-180,false,-1.93
"AAA",93439,"/Date(1700447688000)/",9130,1000,589300,5398000000,-180,false,-1.93
"AAA",93439,"/Date(1700447688000)/",9130,1000,588300,5388000000,-180,false,-1.93
"AAA",93439,"/Date(1700447688000)/",9130,100,587300,5379000000,-180,false,-1.93
"AAA",93439,"/Date(1700447688000)/",9130,100,587200,5378000000,-180,false,-1.93
"AAA",93439,"/Date(1700447688000)/",9130,200,587100,5377000000,-180,false,-1.93
"AAA",93439,"/Date(1700447688000)/",9130,6000,586900,5376000000,-180,false,-1.93
"AAA",93439,"/Date(1700447688000)/",9130,2500,580900,5321000000,-180,false,-1.93
"AAA",93439,"/Date(1700447688000)/",9140,100,578400,5298000000,-170,false,-1.83
"AAA",93439,"/Date(1700447688000)/",9140,100,578300,5297000000,-170,false,-1.83
"AAA",93439,"/Date(1700447688000)/",9140,100,578200,5296000000,-170,false,-1.83
"AAA",93430,"/Date(1700447678000)/",9140,500,578100,5295000000,-170,true,-1.83
"AAA",93417,"/Date(1700447666000)/",9150,200,577600,5291000000,-160,false,-1.72
"AAA",93401,"/Date(1700447650000)/",9140,2200,577400,5289000000,-170,true,-1.83
"AAA",93401,"/Date(1700447650000)/",9140,500,575200,5269000000,-170,true,-1.83
"AAA",93401,"/Date(1700447650000)/",9140,3000,574700,5264000000,-170,true,-1.83
"AAA",93401,"/Date(1700447650000)/",9150,500,571700,5237000000,-160,true,-1.72
"AAA",93401,"/Date(1700447650000)/",9150,1000,571200,5232000000,-160,true,-1.72
"AAA",93401,"/Date(1700447650000)/",9150,200,570200,5223000000,-160,true,-1.72
"AAA",93401,"/Date(1700447650000)/",9150,100,570000,5221000000,-160,true,-1.72
"AAA",93401,"/Date(1700447650000)/",9150,2000,569900,5220000000,-160,true,-1.72
"AAA",93401,"/Date(1700447650000)/",9150,500,567900,5202000000,-160,true,-1.72
"AAA",93401,"/Date(1700447650000)/",9150,100,567400,5197000000,-160,true,-1.72
"AAA",93401,"/Date(1700447650000)/",9150,1500,567300,5196000000,-160,true,-1.72
"AAA",93401,"/Date(1700447650000)/",9150,300,565800,5183000000,-160,true,-1.72
"AAA",93401,"/Date(1700447650000)/",9150,100,565500,5180000000,-160,true,-1.72
"AAA",93401,"/Date(1700447650000)/",9150,100,565400,5179000000,-160,true,-1.72
"AAA",93401,"/Date(1700447650000)/",9150,500,565300,5178000000,-160,true,-1.72
"AAA",93401,"/Date(1700447650000)/",9150,10000,564800,5174000000,-160,true,-1.72
"AAA",93401,"/Date(1700447650000)/",9150,1000,554800,5082000000,-160,true,-1.72
"AAA",93401,"/Date(1700447650000)/",9150,6400,553800,5073000000,-160,true,-1.72
"AAA",93339,"/Date(1700447627000)/",9160,200,547400,5014000000,-150,true,-1.61
"AAA",93339,"/Date(1700447627000)/",9160,900,547200,5013000000,-150,true,-1.61
"AAA",93258,"/Date(1700447586000)/",9160,100,546300,5004000000,-150,false,-1.61
"AAA",93251,"/Date(1700447580000)/",9160,1000,546200,5003000000,-150,false,-1.61
"AAA",93226,"/Date(1700447553000)/",9160,300,545200,4994000000,-150,true,-1.61
"AAA",93157,"/Date(1700447525000)/",9160,500,544900,4992000000,-150,true,-1.61
"AAA",93157,"/Date(1700447525000)/",9160,500,544400,4987000000,-150,true,-1.61
"AAA",93135,"/Date(1700447504000)/",9150,3600,543900,4982000000,-160,true,-1.72
"AAA",93135,"/Date(1700447504000)/",9150,3000,540300,4949000000,-160,true,-1.72
"AAA",93135,"/Date(1700447504000)/",9150,100,537300,4922000000,-160,true,-1.72
"AAA",93135,"/Date(1700447504000)/",9150,500,537200,4921000000,-160,true,-1.72
"AAA",93135,"/Date(1700447504000)/",9150,500,536700,4916000000,-160,true,-1.72
"AAA",93135,"/Date(1700447504000)/",9150,500,536200,4912000000,-160,true,-1.72
"AAA",93135,"/Date(1700447504000)/",9150,2300,535700,4907000000,-160,true,-1.72
"AAA",93135,"/Date(1700447504000)/",9150,100,533400,4886000000,-160,true,-1.72
"AAA",93135,"/Date(1700447504000)/",9150,2900,533300,4885000000,-160,true,-1.72
"AAA",93135,"/Date(1700447504000)/",9150,1000,530400,4859000000,-160,true,-1.72
"AAA",93135,"/Date(1700447504000)/",9150,500,529400,4850000000,-160,true,-1.72
"AAA",93135,"/Date(1700447504000)/",9150,1000,528900,4845000000,-160,true,-1.72
"AAA",93135,"/Date(1700447504000)/",9150,100,527900,4836000000,-160,true,-1.72
"AAA",93135,"/Date(1700447504000)/",9150,1000,527800,4835000000,-160,true,-1.72
"AAA",93135,"/Date(1700447504000)/",9160,2900,526800,4826000000,-150,true,-1.61
"AAA",93125,"/Date(1700447493000)/",9160,1000,523900,4799000000,-150,true,-1.61
"AAA",93125,"/Date(1700447493000)/",9160,100,522900,4790000000,-150,true,-1.61
"AAA",93125,"/Date(1700447493000)/",9160,1000,522800,4789000000,-150,true,-1.61
"AAA",93125,"/Date(1700447493000)/",9170,400,521800,4780000000,-140,true,-1.5
"AAA",93106,"/Date(1700447475000)/",9180,1000,521400,4776000000,-130,false,-1.4
"AAA",93100,"/Date(1700447470000)/",9170,500,520400,4767000000,-140,true,-1.5
"AAA",93025,"/Date(1700447432000)/",9170,100,519900,4763000000,-140,true,-1.5
"AAA",93025,"/Date(1700447432000)/",9170,1900,519800,4762000000,-140,true,-1.5
"AAA",92956,"/Date(1700447403000)/",9170,1100,517900,4744000000,-140,true,-1.5
"AAA",92956,"/Date(1700447403000)/",9170,50000,516800,4734000000,-140,true,-1.5
"AAA",92956,"/Date(1700447403000)/",9170,1100,466800,4276000000,-140,true,-1.5
"AAA",92856,"/Date(1700447345000)/",9180,200,465700,4266000000,-130,false,-1.4
"AAA",92856,"/Date(1700447345000)/",9180,500,465500,4264000000,-130,false,-1.4
"AAA",92849,"/Date(1700447338000)/",9180,500,465000,4259000000,-130,true,-1.4
"AAA",92849,"/Date(1700447338000)/",9180,1000,464500,4255000000,-130,true,-1.4
"AAA",92849,"/Date(1700447338000)/",9180,10000,463500,4245000000,-130,true,-1.4
"AAA",92849,"/Date(1700447338000)/",9180,2000,453500,4154000000,-130,true,-1.4
"AAA",92849,"/Date(1700447338000)/",9180,500,451500,4135000000,-130,true,-1.4
"AAA",92849,"/Date(1700447338000)/",9180,500,451000,4131000000,-130,true,-1.4
"AAA",92849,"/Date(1700447338000)/",9180,100,450500,4126000000,-130,true,-1.4
"AAA",92849,"/Date(1700447338000)/",9180,5100,450400,4125000000,-130,true,-1.4
"AAA",92849,"/Date(1700447338000)/",9190,1000,445300,4078000000,-120,true,-1.29
"AAA",92849,"/Date(1700447338000)/",9190,1000,444300,4069000000,-120,true,-1.29
"AAA",92843,"/Date(1700447330000)/",9200,100,443300,4060000000,-110,false,-1.18
"AAA",92843,"/Date(1700447330000)/",9200,100,443200,4059000000,-110,false,-1.18
"AAA",92843,"/Date(1700447330000)/",9200,800,443100,4058000000,-110,false,-1.18
"AAA",92833,"/Date(1700447321000)/",9200,1100,442300,4051000000,-110,false,-1.18
"AAA",92833,"/Date(1700447321000)/",9200,900,441200,4041000000,-110,false,-1.18
"AAA",92830,"/Date(1700447319000)/",9190,1000,440300,4032000000,-120,true,-1.29
"AAA",92827,"/Date(1700447316000)/",9200,100,439300,4023000000,-110,false,-1.18
"AAA",92814,"/Date(1700447303000)/",9200,2000,439200,4022000000,-110,false,-1.18
"AAA",92814,"/Date(1700447303000)/",9200,300,437200,4004000000,-110,false,-1.18
"AAA",92814,"/Date(1700447303000)/",9200,500,436900,4001000000,-110,false,-1.18
"AAA",92814,"/Date(1700447303000)/",9200,300,436400,3997000000,-110,false,-1.18
"AAA",92814,"/Date(1700447303000)/",9200,3400,436100,3994000000,-110,false,-1.18
"AAA",92814,"/Date(1700447303000)/",9200,1000,432700,3962000000,-110,false,-1.18
"AAA",92814,"/Date(1700447303000)/",9200,2000,431700,3953000000,-110,false,-1.18
"AAA",92814,"/Date(1700447303000)/",9200,800,429700,3935000000,-110,false,-1.18
"AAA",92743,"/Date(1700447269000)/",9200,200,428900,3928000000,-110,false,-1.18
"AAA",92743,"/Date(1700447269000)/",9200,200,428700,3926000000,-110,false,-1.18
"AAA",92743,"/Date(1700447269000)/",9200,600,428500,3924000000,-110,false,-1.18
"AAA",92649,"/Date(1700447218000)/",9200,200,427900,3918000000,-110,false,-1.18
"AAA",92649,"/Date(1700447218000)/",9200,4300,427700,3916000000,-110,false,-1.18
"AAA",92649,"/Date(1700447218000)/",9190,700,423400,3877000000,-120,false,-1.29
"AAA",92645,"/Date(1700447213000)/",9190,100,422700,3870000000,-120,false,-1.29
"AAA",92645,"/Date(1700447213000)/",9190,100,422600,3870000000,-120,false,-1.29
"AAA",92645,"/Date(1700447213000)/",9190,100,422500,3869000000,-120,false,-1.29
"AAA",92623,"/Date(1700447192000)/",9190,100,422400,3868000000,-120,true,-1.29
"AAA",92617,"/Date(1700447185000)/",9190,1000,422300,3867000000,-120,true,-1.29
"AAA",92610,"/Date(1700447178000)/",9190,1000,421300,3858000000,-120,true,-1.29
"AAA",92604,"/Date(1700447171000)/",9190,1000,420300,3848000000,-120,true,-1.29
"AAA",92604,"/Date(1700447171000)/",9190,100,419300,3839000000,-120,true,-1.29
"AAA",92604,"/Date(1700447171000)/",9190,900,419200,3838000000,-120,true,-1.29
"AAA",92545,"/Date(1700447152000)/",9180,1000,418300,3830000000,-130,true,-1.4
"AAA",92539,"/Date(1700447145000)/",9180,3600,417300,3821000000,-130,false,-1.4
"AAA",92539,"/Date(1700447145000)/",9180,300,413700,3788000000,-130,false,-1.4
"AAA",92536,"/Date(1700447144000)/",9180,5000,413400,3785000000,-130,false,-1.4
"AAA",92529,"/Date(1700447136000)/",9180,200,408400,3739000000,-130,false,-1.4
"AAA",92510,"/Date(1700447117000)/",9180,500,408200,3737000000,-130,false,-1.4
"AAA",92454,"/Date(1700447103000)/",9170,3900,407700,3733000000,-140,true,-1.5
"AAA",92448,"/Date(1700447097000)/",9170,2000,403800,3697000000,-140,false,-1.5
"AAA",92429,"/Date(1700447078000)/",9170,1000,401800,3679000000,-140,false,-1.5
"AAA",92429,"/Date(1700447077000)/",9170,1000,400800,3669000000,-140,false,-1.5
"AAA",92413,"/Date(1700447061000)/",9170,2100,399800,3660000000,-140,false,-1.5
"AAA",92413,"/Date(1700447061000)/",9150,900,397700,3641000000,-160,false,-1.72
"AAA",92410,"/Date(1700447059000)/",9150,1000,396800,3633000000,-160,false,-1.72
"AAA",92410,"/Date(1700447058000)/",9150,200,395800,3624000000,-160,false,-1.72
"AAA",92410,"/Date(1700447058000)/",9150,800,395600,3622000000,-160,false,-1.72
"AAA",92410,"/Date(1700447058000)/",9150,200,394800,3614000000,-160,false,-1.72
"AAA",92410,"/Date(1700447057000)/",9150,200,394600,3613000000,-160,false,-1.72
"AAA",92407,"/Date(1700447054000)/",9150,5000,394400,3611000000,-160,false,-1.72
"AAA",92403,"/Date(1700447051000)/",9150,1000,389400,3565000000,-160,false,-1.72
"AAA",92403,"/Date(1700447050000)/",9150,5000,388400,3556000000,-160,false,-1.72
"AAA",92357,"/Date(1700447044000)/",9150,5000,383400,3510000000,-160,false,-1.72
"AAA",92351,"/Date(1700447039000)/",9150,100,378400,3464000000,-160,true,-1.72
"AAA",92351,"/Date(1700447039000)/",9150,1600,378300,3464000000,-160,true,-1.72
"AAA",92351,"/Date(1700447039000)/",9150,3000,376700,3449000000,-160,true,-1.72
"AAA",92351,"/Date(1700447039000)/",9150,5000,373700,3421000000,-160,true,-1.72
"AAA",92351,"/Date(1700447039000)/",9150,4900,368700,3376000000,-160,true,-1.72
"AAA",92351,"/Date(1700447039000)/",9150,1000,363800,3331000000,-160,true,-1.72
"AAA",92351,"/Date(1700447039000)/",9150,15000,362800,3322000000,-160,true,-1.72
"AAA",92351,"/Date(1700447039000)/",9150,200,347800,3184000000,-160,true,-1.72
"AAA",92351,"/Date(1700447039000)/",9150,1000,347600,3183000000,-160,true,-1.72
"AAA",92351,"/Date(1700447039000)/",9160,100,346600,3173000000,-150,true,-1.61
"AAA",92351,"/Date(1700447039000)/",9160,500,346500,3173000000,-150,true,-1.61
"AAA",92351,"/Date(1700447039000)/",9160,200,346000,3168000000,-150,true,-1.61
"AAA",92351,"/Date(1700447039000)/",9160,200,345800,3166000000,-150,true,-1.61
"AAA",92351,"/Date(1700447039000)/",9160,400,345600,3164000000,-150,true,-1.61
"AAA",92351,"/Date(1700447039000)/",9170,200,345200,3161000000,-140,true,-1.5
"AAA",92351,"/Date(1700447039000)/",9170,200,345000,3159000000,-140,true,-1.5
"AAA",92351,"/Date(1700447039000)/",9170,3000,344800,3157000000,-140,true,-1.5
"AAA",92351,"/Date(1700447039000)/",9170,1000,341800,3129000000,-140,true,-1.5
"AAA",92351,"/Date(1700447039000)/",9170,1000,340800,3120000000,-140,true,-1.5
"AAA",92351,"/Date(1700447039000)/",9170,5000,339800,3111000000,-140,true,-1.5
"AAA",92351,"/Date(1700447039000)/",9170,4100,334800,3065000000,-140,true,-1.5
"AAA",92335,"/Date(1700447022000)/",9170,5900,330700,3028000000,-140,true,-1.5
"AAA",92335,"/Date(1700447022000)/",9170,3000,324800,2974000000,-140,true,-1.5
"AAA",92335,"/Date(1700447022000)/",9170,1000,321800,2946000000,-140,true,-1.5
"AAA",92335,"/Date(1700447022000)/",9170,100,320800,2937000000,-140,true,-1.5
"AAA",92328,"/Date(1700447017000)/",9180,1000,320700,2936000000,-130,false,-1.4
"AAA",92328,"/Date(1700447017000)/",9180,300,319700,2927000000,-130,false,-1.4
"AAA",92328,"/Date(1700447016000)/",9180,1000,319400,2924000000,-130,false,-1.4
"AAA",92325,"/Date(1700447013000)/",9180,5000,318400,2915000000,-130,false,-1.4
"AAA",92319,"/Date(1700447007000)/",9180,100,313400,2869000000,-130,false,-1.4
"AAA",92316,"/Date(1700447002000)/",9180,500,313300,2868000000,-130,false,-1.4
"AAA",92257,"/Date(1700446986000)/",9180,100,312800,2863000000,-130,false,-1.4
"AAA",92219,"/Date(1700446945000)/",9180,600,312700,2863000000,-130,false,-1.4
"AAA",92215,"/Date(1700446944000)/",9180,1000,312100,2857000000,-130,false,-1.4
"AAA",92212,"/Date(1700446939000)/",9180,100,311100,2848000000,-130,false,-1.4
"AAA",92147,"/Date(1700446913000)/",9180,100,311000,2847000000,-130,true,-1.4
"AAA",92147,"/Date(1700446913000)/",9180,200,310900,2846000000,-130,true,-1.4
"AAA",92147,"/Date(1700446913000)/",9190,4000,310700,2844000000,-120,true,-1.29
"AAA",92140,"/Date(1700446907000)/",9200,200,306700,2807000000,-110,false,-1.18
"AAA",92137,"/Date(1700446904000)/",9200,100,306500,2806000000,-110,false,-1.18
"AAA",92121,"/Date(1700446888000)/",9180,1800,306400,2805000000,-130,false,-1.4
"AAA",92121,"/Date(1700446888000)/",9180,200,304600,2788000000,-130,false,-1.4
"AAA",92115,"/Date(1700446883000)/",9180,2000,304400,2786000000,-130,false,-1.4
"AAA",92112,"/Date(1700446878000)/",9200,600,302400,2768000000,-110,false,-1.18
"AAA",92112,"/Date(1700446878000)/",9190,200,301800,2762000000,-120,false,-1.29
"AAA",92112,"/Date(1700446878000)/",9190,4200,301600,2761000000,-120,false,-1.29
"AAA",92050,"/Date(1700446857000)/",9190,500,297400,2722000000,-120,false,-1.29
"AAA",92050,"/Date(1700446857000)/",9190,100,296900,2717000000,-120,false,-1.29
"AAA",92040,"/Date(1700446846000)/",9190,100,296800,2716000000,-120,false,-1.29
"AAA",92031,"/Date(1700446838000)/",9170,200,296700,2716000000,-140,true,-1.5
"AAA",92015,"/Date(1700446823000)/",9170,5800,296500,2714000000,-140,true,-1.5
"AAA",92002,"/Date(1700446810000)/",9170,5000,290700,2661000000,-140,false,-1.5
"AAA",91953,"/Date(1700446801000)/",9160,400,285700,2615000000,-150,true,-1.61
"AAA",91953,"/Date(1700446801000)/",9160,100,285300,2611000000,-150,true,-1.61
"AAA",91953,"/Date(1700446801000)/",9160,1000,285200,2610000000,-150,true,-1.61
"AAA",91940,"/Date(1700446786000)/",9160,500,284200,2601000000,-150,true,-1.61
"AAA",91933,"/Date(1700446781000)/",9160,8500,283700,2596000000,-150,true,-1.61
"AAA",91933,"/Date(1700446781000)/",9160,500,275200,2518000000,-150,true,-1.61
"AAA",91933,"/Date(1700446781000)/",9160,1000,274700,2514000000,-150,true,-1.61
"AAA",91927,"/Date(1700446773000)/",9170,1000,273700,2505000000,-140,false,-1.5
"AAA",91914,"/Date(1700446763000)/",9150,42600,272700,2496000000,-160,true,-1.72
"AAA",91914,"/Date(1700446763000)/",9160,100,230100,2106000000,-150,true,-1.61
"AAA",91914,"/Date(1700446763000)/",9160,1600,230000,2105000000,-150,true,-1.61
"AAA",91914,"/Date(1700446763000)/",9160,45000,228400,2090000000,-150,true,-1.61
"AAA",91914,"/Date(1700446763000)/",9160,500,183400,1678000000,-150,true,-1.61
"AAA",91914,"/Date(1700446763000)/",9160,200,182900,1673000000,-150,true,-1.61
"AAA",91855,"/Date(1700446742000)/",9160,800,182700,1672000000,-150,true,-1.61
"AAA",91855,"/Date(1700446742000)/",9160,2000,181900,1664000000,-150,true,-1.61
"AAA",91855,"/Date(1700446741000)/",9160,100,179900,1646000000,-150,true,-1.61
"AAA",91852,"/Date(1700446741000)/",9160,400,179800,1645000000,-150,true,-1.61
"AAA",91852,"/Date(1700446741000)/",9160,500,179400,1641000000,-150,true,-1.61
"AAA",91852,"/Date(1700446740000)/",9160,300,178900,1637000000,-150,true,-1.61
"AAA",91852,"/Date(1700446739000)/",9160,1300,178600,1634000000,-150,true,-1.61
"AAA",91852,"/Date(1700446739000)/",9160,700,177300,1622000000,-150,true,-1.61
"AAA",91849,"/Date(1700446737000)/",9160,500,176600,1616000000,-150,false,-1.61
"AAA",91849,"/Date(1700446736000)/",9160,1200,176100,1611000000,-150,false,-1.61
"AAA",91849,"/Date(1700446736000)/",9160,600,174900,1600000000,-150,false,-1.61
"AAA",91849,"/Date(1700446736000)/",9160,1900,174300,1595000000,-150,false,-1.61
"AAA",91849,"/Date(1700446736000)/",9160,1300,172400,1577000000,-150,false,-1.61
"AAA",91846,"/Date(1700446734000)/",9160,10000,171100,1565000000,-150,false,-1.61
"AAA",91840,"/Date(1700446727000)/",9160,5000,161100,1474000000,-150,false,-1.61
"AAA",91840,"/Date(1700446727000)/",9150,2100,156100,1428000000,-160,true,-1.72
"AAA",91840,"/Date(1700446727000)/",9160,2000,154000,1409000000,-150,false,-1.61
"AAA",91836,"/Date(1700446724000)/",9160,500,152000,1390000000,-150,false,-1.61
"AAA",91836,"/Date(1700446723000)/",9160,100,151500,1386000000,-150,false,-1.61
"AAA",91830,"/Date(1700446719000)/",9160,1000,151400,1385000000,-150,false,-1.61
"AAA",91830,"/Date(1700446718000)/",9150,10000,150400,1376000000,-160,true,-1.72
"AAA",91827,"/Date(1700446714000)/",9160,1000,140400,1284000000,-150,false,-1.61
"AAA",91827,"/Date(1700446714000)/",9160,1000,139400,1275000000,-150,false,-1.61
"AAA",91814,"/Date(1700446702000)/",9150,500,138400,1266000000,-160,true,-1.72
"AAA",91808,"/Date(1700446696000)/",9150,4600,137900,1261000000,-160,true,-1.72
"AAA",91808,"/Date(1700446695000)/",9150,7400,133300,1219000000,-160,true,-1.72
"AAA",91801,"/Date(1700446689000)/",9160,3000,125900,1152000000,-150,false,-1.61
"AAA",91758,"/Date(1700446687000)/",9150,1500,122900,1124000000,-160,false,-1.72
"AAA",91758,"/Date(1700446687000)/",9150,21100,121400,1110000000,-160,false,-1.72
"AAA",91758,"/Date(1700446686000)/",9150,10000,100300,917000000,-160,false,-1.72
"AAA",91755,"/Date(1700446683000)/",9150,800,90300,826000000,-160,false,-1.72
"AAA",91749,"/Date(1700446678000)/",9150,1100,89500,818000000,-160,false,-1.72
"AAA",91739,"/Date(1700446667000)/",9150,600,88400,808000000,-160,false,-1.72
"AAA",91723,"/Date(1700446652000)/",9150,100,87800,803000000,-160,true,-1.72
"AAA",91723,"/Date(1700446652000)/",9150,1000,87700,802000000,-160,true,-1.72
"AAA",91723,"/Date(1700446652000)/",9150,500,86700,793000000,-160,true,-1.72
"AAA",91723,"/Date(1700446652000)/",9150,200,86200,788000000,-160,true,-1.72
"AAA",91723,"/Date(1700446652000)/",9150,9600,86000,786000000,-160,true,-1.72
"AAA",91720,"/Date(1700446647000)/",9150,5000,76400,699000000,-160,true,-1.72
"AAA",91708,"/Date(1700446633000)/",9150,1600,71400,653000000,-160,true,-1.72
"AAA",91708,"/Date(1700446633000)/",9150,400,69800,638000000,-160,true,-1.72
"AAA",91658,"/Date(1700446624000)/",9150,200,69400,635000000,-160,true,-1.72
"AAA",91642,"/Date(1700446608000)/",9150,300,69200,633000000,-160,true,-1.72
"AAA",91636,"/Date(1700446603000)/",9150,100,68900,630000000,-160,false,-1.72
"AAA",91614,"/Date(1700446581000)/",9150,100,68800,629000000,-160,true,-1.72
"AAA",91614,"/Date(1700446581000)/",9150,100,68700,628000000,-160,true,-1.72
"AAA",91614,"/Date(1700446581000)/",9150,100,68600,627000000,-160,true,-1.72
"AAA",91614,"/Date(1700446581000)/",9150,500,68500,626000000,-160,true,-1.72
"AAA",91614,"/Date(1700446581000)/",9150,100,68000,622000000,-160,true,-1.72
"AAA",91604,"/Date(1700446572000)/",9150,100,67900,621000000,-160,true,-1.72
"AAA",91604,"/Date(1700446572000)/",9150,900,67800,620000000,-160,true,-1.72
"AAA",91549,"/Date(1700446556000)/",9160,100,66900,612000000,-150,true,-1.61
"AAA",91549,"/Date(1700446556000)/",9160,4500,66800,611000000,-150,true,-1.61
"AAA",91549,"/Date(1700446556000)/",9160,100,62300,570000000,-150,true,-1.61
"AAA",91549,"/Date(1700446556000)/",9160,400,62200,569000000,-150,true,-1.61
"AAA",91530,"/Date(1700446536000)/",9150,300,61800,565000000,-160,true,-1.72
"AAA",91530,"/Date(1700446536000)/",9160,100,61500,562000000,-150,false,-1.61
"AAA",91530,"/Date(1700446536000)/",9160,100,61400,561000000,-150,false,-1.61
"AAA",91530,"/Date(1700446536000)/",9160,200,61300,560000000,-150,false,-1.61
"AAA",91455,"/Date(1700446503000)/",9150,61100,61100,559000000,-160,true,-1.72
