"Stockcode","Package","TradingDate","Price","Vol","TotalVol","TotalVal","Change","IsBuy","PerChange"
"CTS",144427,"/Date(1700466303000)/",27250,109800,2828000,74647000000,1450,true,5.62
"CTS",142915,"/Date(1700465390000)/",27150,300,2718200,71655000000,1350,false,5.23
"CTS",142915,"/Date(1700465390000)/",27150,500,2717900,71647000000,1350,false,5.23
"CTS",142915,"/Date(1700465390000)/",27150,1200,2717400,71634000000,1350,false,5.23
"CTS",142915,"/Date(1700465390000)/",27150,200,2716200,71601000000,1350,false,5.23
"CTS",142912,"/Date(1700465388000)/",27150,3000,2716000,71596000000,1350,false,5.23
"CTS",142909,"/Date(1700465385000)/",27100,300,2713000,71514000000,1300,true,5.04
"CTS",142905,"/Date(1700465380000)/",27150,1600,2712700,71506000000,1350,false,5.23
"CTS",142905,"/Date(1700465380000)/",27150,3000,2711100,71463000000,1350,false,5.23
"CTS",142905,"/Date(1700465380000)/",27150,2000,2708100,71381000000,1350,false,5.23
"CTS",142905,"/Date(1700465380000)/",27150,1000,2706100,71327000000,1350,false,5.23
"CTS",142905,"/Date(1700465380000)/",27150,400,2705100,71300000000,1350,false,5.23
"CTS",142853,"/Date(1700465368000)/",27150,100,2704700,71289000000,1350,false,5.23
"CTS",142846,"/Date(1700465362000)/",27100,6300,2704600,71286000000,1300,false,5.04
"CTS",142843,"/Date(1700465359000)/",27100,1000,2698300,71115000000,1300,false,5.04
"CTS",142833,"/Date(1700465350000)/",27100,100,2697300,71088000000,1300,true,5.04
"CTS",142833,"/Date(1700465350000)/",27100,3400,2697200,71086000000,1300,true,5.04
"CTS",142833,"/Date(1700465349000)/",27100,400,2693800,70993000000,1300,true,5.04
"CTS",142830,"/Date(1700465346000)/",27100,300,2693400,70983000000,1300,false,5.04
"CTS",142830,"/Date(1700465346000)/",27100,900,2693100,70974000000,1300,false,5.04
"CTS",142827,"/Date(1700465343000)/",27100,400,2692200,70950000000,1300,false,5.04
"CTS",142827,"/Date(1700465343000)/",27100,100,2691800,70939000000,1300,false,5.04
"CTS",142827,"/Date(1700465341000)/",27050,100,2691700,70937000000,1250,true,4.84
"CTS",142817,"/Date(1700465332000)/",27100,1000,2691600,70934000000,1300,false,5.04
"CTS",142804,"/Date(1700465319000)/",27100,300,2690600,70907000000,1300,false,5.04
"CTS",142804,"/Date(1700465319000)/",27100,1000,2690300,70899000000,1300,false,5.04
"CTS",142804,"/Date(1700465319000)/",27100,700,2689300,70871000000,1300,false,5.04
"CTS",142729,"/Date(1700465285000)/",27100,1000,2688600,70853000000,1300,false,5.04
"CTS",142729,"/Date(1700465284000)/",27100,200,2687600,70825000000,1300,false,5.04
"CTS",142729,"/Date(1700465284000)/",27100,2000,2687400,70820000000,1300,false,5.04
"CTS",142729,"/Date(1700465284000)/",27150,2100,2685400,70766000000,1350,false,5.23
"CTS",142729,"/Date(1700465283000)/",27200,3000,2683300,70709000000,1400,false,5.43
"CTS",142723,"/Date(1700465280000)/",27150,100,2680300,70627000000,1350,true,5.23
"CTS",142720,"/Date(1700465275000)/",27150,1000,2680200,70624000000,1350,true,5.23
"CTS",142716,"/Date(1700465273000)/",27150,2800,2679200,70597000000,1350,true,5.23
"CTS",142713,"/Date(1700465269000)/",27150,1000,2676400,70521000000,1350,false,5.23
"CTS",142710,"/Date(1700465267000)/",27150,1200,2675400,70494000000,1350,false,5.23
"CTS",142710,"/Date(1700465267000)/",27150,500,2674200,70462000000,1350,false,5.23
"CTS",142710,"/Date(1700465267000)/",27150,1500,2673700,70448000000,1350,false,5.23
"CTS",142710,"/Date(1700465267000)/",27150,1200,2672200,70407000000,1350,false,5.23
"CTS",142710,"/Date(1700465267000)/",27150,100,2671000,70375000000,1350,false,5.23
"CTS",142641,"/Date(1700465238000)/",27150,700,2670900,70372000000,1350,true,5.23
"CTS",142641,"/Date(1700465238000)/",27150,100,2670200,70353000000,1350,true,5.23
"CTS",142641,"/Date(1700465238000)/",27150,100,2670100,70350000000,1350,true,5.23
"CTS",142638,"/Date(1700465234000)/",27150,500,2670000,70348000000,1350,true,5.23
"CTS",142638,"/Date(1700465233000)/",27150,1000,2669500,70334000000,1350,true,5.23
"CTS",142635,"/Date(1700465230000)/",27150,400,2668500,70307000000,1350,true,5.23
"CTS",142628,"/Date(1700465224000)/",27200,500,2668100,70296000000,1400,false,5.43
"CTS",142628,"/Date(1700465222000)/",27150,5000,2667600,70282000000,1350,true,5.23
"CTS",142625,"/Date(1700465221000)/",27150,1400,2662600,70147000000,1350,true,5.23
"CTS",142612,"/Date(1700465209000)/",27200,900,2661200,70109000000,1400,false,5.43
"CTS",142606,"/Date(1700465203000)/",27200,500,2660300,70084000000,1400,false,5.43
"CTS",142556,"/Date(1700465190000)/",27150,500,2659800,70071000000,1350,true,5.23
"CTS",142553,"/Date(1700465190000)/",27200,500,2659300,70057000000,1400,false,5.43
"CTS",142553,"/Date(1700465190000)/",27200,400,2658800,70043000000,1400,false,5.43
"CTS",142553,"/Date(1700465190000)/",27200,100,2658400,70032000000,1400,false,5.43
"CTS",142553,"/Date(1700465189000)/",27150,2000,2658300,70030000000,1350,true,5.23
"CTS",142553,"/Date(1700465189000)/",27150,700,2656300,69975000000,1350,true,5.23
"CTS",142553,"/Date(1700465189000)/",27150,1000,2655600,69956000000,1350,true,5.23
"CTS",142553,"/Date(1700465189000)/",27150,1000,2654600,69929000000,1350,true,5.23
"CTS",142544,"/Date(1700465179000)/",27150,1000,2653600,69902000000,1350,false,5.23
"CTS",142540,"/Date(1700465177000)/",27100,100,2652600,69875000000,1300,true,5.04
"CTS",142537,"/Date(1700465172000)/",27100,100,2652500,69872000000,1300,true,5.04
"CTS",142524,"/Date(1700465161000)/",27100,100,2652400,69870000000,1300,true,5.04
"CTS",142524,"/Date(1700465161000)/",27100,200,2652300,69867000000,1300,true,5.04
"CTS",142521,"/Date(1700465158000)/",27100,300,2652100,69861000000,1300,false,5.04
"CTS",142521,"/Date(1700465158000)/",27100,2000,2651800,69853000000,1300,false,5.04
"CTS",142521,"/Date(1700465158000)/",27100,200,2649800,69799000000,1300,false,5.04
"CTS",142521,"/Date(1700465158000)/",27100,500,2649600,69794000000,1300,false,5.04
"CTS",142521,"/Date(1700465158000)/",27100,4000,2649100,69780000000,1300,false,5.04
"CTS",142521,"/Date(1700465158000)/",27100,200,2645100,69672000000,1300,false,5.04
"CTS",142521,"/Date(1700465158000)/",27100,1500,2644900,69666000000,1300,false,5.04
"CTS",142521,"/Date(1700465156000)/",27050,1500,2643400,69626000000,1250,true,4.84
"CTS",142515,"/Date(1700465151000)/",27050,900,2641900,69585000000,1250,false,4.84
"CTS",142515,"/Date(1700465151000)/",27050,100,2641000,69561000000,1250,false,4.84
"CTS",142515,"/Date(1700465151000)/",27050,100,2640900,69558000000,1250,false,4.84
"CTS",142515,"/Date(1700465151000)/",27050,1800,2640800,69555000000,1250,false,4.84
"CTS",142505,"/Date(1700465140000)/",27000,3000,2639000,69507000000,1200,false,4.65
"CTS",142505,"/Date(1700465140000)/",27000,500,2636000,69426000000,1200,false,4.65
"CTS",142505,"/Date(1700465140000)/",27000,1000,2635500,69412000000,1200,false,4.65
"CTS",142505,"/Date(1700465140000)/",27000,1300,2634500,69385000000,1200,false,4.65
"CTS",142505,"/Date(1700465140000)/",27000,1000,2633200,69350000000,1200,false,4.65
"CTS",142505,"/Date(1700465140000)/",27000,500,2632200,69323000000,1200,false,4.65
"CTS",142505,"/Date(1700465140000)/",27000,1000,2631700,69310000000,1200,false,4.65
"CTS",142505,"/Date(1700465140000)/",27000,1000,2630700,69283000000,1200,false,4.65
"CTS",142505,"/Date(1700465139000)/",27000,500,2629700,69256000000,1200,false,4.65
"CTS",142502,"/Date(1700465138000)/",27000,2000,2629200,69242000000,1200,false,4.65
"CTS",142502,"/Date(1700465136000)/",27000,800,2627200,69188000000,1200,false,4.65
"CTS",142459,"/Date(1700465133000)/",27000,1700,2626400,69166000000,1200,false,4.65
"CTS",142459,"/Date(1700465133000)/",27000,2000,2624700,69121000000,1200,false,4.65
"CTS",142459,"/Date(1700465133000)/",27000,300,2622700,69067000000,1200,false,4.65
"CTS",142459,"/Date(1700465132000)/",27000,1000,2622400,69058000000,1200,false,4.65
"CTS",142459,"/Date(1700465132000)/",27000,200,2621400,69031000000,1200,false,4.65
"CTS",142459,"/Date(1700465132000)/",27000,300,2621200,69026000000,1200,false,4.65
"CTS",142459,"/Date(1700465132000)/",27000,500,2620900,69018000000,1200,false,4.65
"CTS",142439,"/Date(1700465116000)/",26950,600,2620400,69004000000,1150,true,4.46
"CTS",142423,"/Date(1700465100000)/",26950,300,2619800,68988000000,1150,true,4.46
"CTS",142423,"/Date(1700465100000)/",26950,700,2619500,68980000000,1150,true,4.46
"CTS",142417,"/Date(1700465093000)/",26950,800,2618800,68961000000,1150,false,4.46
"CTS",142411,"/Date(1700465087000)/",26950,4900,2618000,68940000000,1150,false,4.46
"CTS",142411,"/Date(1700465087000)/",26950,100,2613100,68808000000,1150,false,4.46
"CTS",142404,"/Date(1700465080000)/",26900,5900,2613000,68805000000,1100,false,4.26
"CTS",142404,"/Date(1700465080000)/",26900,1000,2607100,68646000000,1100,false,4.26
"CTS",142401,"/Date(1700465077000)/",26900,2500,2606100,68619000000,1100,false,4.26
"CTS",142401,"/Date(1700465075000)/",26900,600,2603600,68552000000,1100,false,4.26
"CTS",142401,"/Date(1700465075000)/",26900,200,2603000,68536000000,1100,false,4.26
"CTS",142401,"/Date(1700465075000)/",26900,2200,2602800,68531000000,1100,false,4.26
"CTS",142358,"/Date(1700465074000)/",26900,500,2600600,68471000000,1100,false,4.26
"CTS",142358,"/Date(1700465074000)/",26900,3300,2600100,68458000000,1100,false,4.26
"CTS",142358,"/Date(1700465074000)/",26900,2000,2596800,68369000000,1100,false,4.26
"CTS",142358,"/Date(1700465074000)/",26900,2400,2594800,68315000000,1100,false,4.26
"CTS",142358,"/Date(1700465073000)/",26900,900,2592400,68251000000,1100,false,4.26
"CTS",142351,"/Date(1700465068000)/",26900,1200,2591500,68227000000,1100,false,4.26
"CTS",142351,"/Date(1700465068000)/",26900,500,2590300,68194000000,1100,false,4.26
"CTS",142351,"/Date(1700465068000)/",26900,300,2589800,68181000000,1100,false,4.26
"CTS",142348,"/Date(1700465063000)/",26900,600,2589500,68173000000,1100,false,4.26
"CTS",142348,"/Date(1700465063000)/",26900,200,2588900,68157000000,1100,false,4.26
"CTS",142348,"/Date(1700465063000)/",26900,100,2588700,68151000000,1100,false,4.26
"CTS",142348,"/Date(1700465063000)/",26900,200,2588600,68149000000,1100,false,4.26
"CTS",142348,"/Date(1700465063000)/",26850,2700,2588400,68143000000,1050,true,4.07
"CTS",142348,"/Date(1700465063000)/",26850,6100,2585700,68071000000,1050,true,4.07
"CTS",142348,"/Date(1700465063000)/",26850,100,2579600,67907000000,1050,true,4.07
"CTS",142342,"/Date(1700465058000)/",26800,500,2579500,67904000000,1000,true,3.88
"CTS",142342,"/Date(1700465058000)/",26800,800,2579000,67891000000,1000,true,3.88
"CTS",142342,"/Date(1700465056000)/",26800,200,2578200,67869000000,1000,true,3.88
"CTS",142335,"/Date(1700465050000)/",26750,100,2578000,67864000000,950,true,3.68
"CTS",142322,"/Date(1700465036000)/",26800,100,2577900,67861000000,1000,false,3.88
"CTS",142322,"/Date(1700465036000)/",26800,100,2577800,67859000000,1000,false,3.88
"CTS",142319,"/Date(1700465034000)/",26750,500,2577700,67856000000,950,false,3.68
"CTS",142316,"/Date(1700465030000)/",26700,100,2577200,67843000000,900,true,3.49
"CTS",142316,"/Date(1700465030000)/",26700,600,2577100,67840000000,900,true,3.49
"CTS",142316,"/Date(1700465030000)/",26700,500,2576500,67824000000,900,true,3.49
"CTS",142313,"/Date(1700465029000)/",26700,5000,2576000,67811000000,900,false,3.49
"CTS",142313,"/Date(1700465028000)/",26700,1000,2571000,67677000000,900,false,3.49
"CTS",142310,"/Date(1700465025000)/",26700,1000,2570000,67650000000,900,false,3.49
"CTS",142310,"/Date(1700465025000)/",26650,1000,2569000,67624000000,850,true,3.29
"CTS",142310,"/Date(1700465025000)/",26650,500,2568000,67597000000,850,true,3.29
"CTS",142310,"/Date(1700465023000)/",26700,1000,2567500,67584000000,900,false,3.49
"CTS",142300,"/Date(1700465015000)/",26700,500,2566500,67557000000,900,false,3.49
"CTS",142250,"/Date(1700465004000)/",26700,400,2566000,67544000000,900,false,3.49
"CTS",142238,"/Date(1700464992000)/",26700,800,2565600,67533000000,900,true,3.49
"CTS",142234,"/Date(1700464991000)/",26800,2300,2564800,67512000000,1000,false,3.88
"CTS",142234,"/Date(1700464988000)/",26700,300,2562500,67450000000,900,true,3.49
"CTS",142231,"/Date(1700464985000)/",26700,1000,2562200,67442000000,900,false,3.49
"CTS",142231,"/Date(1700464985000)/",26700,300,2561200,67415000000,900,false,3.49
"CTS",142231,"/Date(1700464985000)/",26700,400,2560900,67407000000,900,false,3.49
"CTS",142231,"/Date(1700464985000)/",26700,100,2560500,67397000000,900,false,3.49
"CTS",142231,"/Date(1700464985000)/",26700,500,2560400,67394000000,900,false,3.49
"CTS",142222,"/Date(1700464975000)/",26700,200,2559900,67381000000,900,true,3.49
"CTS",142222,"/Date(1700464975000)/",26700,100,2559700,67375000000,900,true,3.49
"CTS",142215,"/Date(1700464971000)/",26700,700,2559600,67373000000,900,true,3.49
"CTS",142215,"/Date(1700464971000)/",26700,5000,2558900,67354000000,900,true,3.49
"CTS",142215,"/Date(1700464971000)/",26700,3000,2553900,67220000000,900,true,3.49
"CTS",142215,"/Date(1700464971000)/",26700,1300,2550900,67140000000,900,true,3.49
"CTS",142209,"/Date(1700464964000)/",26700,100,2549600,67106000000,900,true,3.49
"CTS",142209,"/Date(1700464964000)/",26750,100,2549500,67103000000,950,false,3.68
"CTS",142209,"/Date(1700464963000)/",26750,100,2549400,67100000000,950,false,3.68
"CTS",142205,"/Date(1700464959000)/",26750,300,2549300,67098000000,950,true,3.68
"CTS",142205,"/Date(1700464959000)/",26750,4500,2549000,67090000000,950,true,3.68
"CTS",142205,"/Date(1700464959000)/",26750,1000,2544500,66969000000,950,true,3.68
"CTS",142146,"/Date(1700464941000)/",26700,1600,2543500,66942000000,900,true,3.49
"CTS",142146,"/Date(1700464941000)/",26700,2000,2541900,66900000000,900,true,3.49
"CTS",142146,"/Date(1700464941000)/",26750,100,2539900,66846000000,950,true,3.68
"CTS",142146,"/Date(1700464941000)/",26750,200,2539800,66844000000,950,true,3.68
"CTS",142146,"/Date(1700464941000)/",26750,100,2539600,66838000000,950,true,3.68
"CTS",142137,"/Date(1700464932000)/",26750,300,2539500,66836000000,950,true,3.68
"CTS",142105,"/Date(1700464899000)/",26900,300,2539200,66828000000,1100,false,4.26
"CTS",142058,"/Date(1700464894000)/",26750,100,2538900,66820000000,950,true,3.68
"CTS",142058,"/Date(1700464894000)/",26750,500,2538800,66817000000,950,true,3.68
"CTS",142058,"/Date(1700464894000)/",26750,200,2538300,66803000000,950,true,3.68
"CTS",142055,"/Date(1700464891000)/",26750,300,2538100,66798000000,950,true,3.68
"CTS",142055,"/Date(1700464891000)/",26750,200,2537800,66790000000,950,true,3.68
"CTS",142052,"/Date(1700464887000)/",26800,2000,2537600,66785000000,1000,false,3.88
"CTS",142036,"/Date(1700464872000)/",26800,1000,2535600,66731000000,1000,false,3.88
"CTS",142026,"/Date(1700464862000)/",26800,500,2534600,66704000000,1000,false,3.88
"CTS",142020,"/Date(1700464854000)/",26700,600,2534100,66691000000,900,true,3.49
"CTS",142013,"/Date(1700464847000)/",26800,2200,2533500,66675000000,1000,false,3.88
"CTS",142013,"/Date(1700464847000)/",26750,3000,2531300,66616000000,950,false,3.68
"CTS",142010,"/Date(1700464844000)/",26700,1400,2528300,66536000000,900,true,3.49
"CTS",142010,"/Date(1700464844000)/",26700,3000,2526900,66498000000,900,true,3.49
"CTS",142010,"/Date(1700464844000)/",26700,7000,2523900,66418000000,900,true,3.49
"CTS",142004,"/Date(1700464838000)/",26700,1000,2516900,66231000000,900,true,3.49
"CTS",142004,"/Date(1700464838000)/",26700,2000,2515900,66205000000,900,true,3.49
"CTS",142004,"/Date(1700464838000)/",26700,1000,2513900,66151000000,900,true,3.49
"CTS",142004,"/Date(1700464837000)/",26700,4000,2512900,66125000000,900,true,3.49
"CTS",142004,"/Date(1700464837000)/",26750,1000,2508900,66018000000,950,false,3.68
"CTS",141954,"/Date(1700464830000)/",26800,500,2507900,65991000000,1000,false,3.88
"CTS",141954,"/Date(1700464830000)/",26800,2000,2507400,65978000000,1000,false,3.88
"CTS",141954,"/Date(1700464830000)/",26800,5000,2505400,65924000000,1000,false,3.88
"CTS",141954,"/Date(1700464830000)/",26800,300,2500400,65790000000,1000,false,3.88
"CTS",141951,"/Date(1700464826000)/",26800,1000,2500100,65782000000,1000,true,3.88
"CTS",141945,"/Date(1700464818000)/",26900,200,2499100,65755000000,1100,false,4.26
"CTS",141945,"/Date(1700464818000)/",26900,500,2498900,65750000000,1100,false,4.26
"CTS",141945,"/Date(1700464818000)/",26900,2000,2498400,65736000000,1100,false,4.26
"CTS",141945,"/Date(1700464818000)/",26900,900,2496400,65683000000,1100,false,4.26
"CTS",141938,"/Date(1700464813000)/",26900,100,2495500,65658000000,1100,true,4.26
"CTS",141932,"/Date(1700464806000)/",26900,1000,2495400,65656000000,1100,true,4.26
"CTS",141922,"/Date(1700464798000)/",26950,200,2494400,65629000000,1150,false,4.46
"CTS",141922,"/Date(1700464798000)/",26950,700,2494200,65623000000,1150,false,4.46
"CTS",141922,"/Date(1700464796000)/",26950,300,2493500,65604000000,1150,false,4.46
"CTS",141916,"/Date(1700464791000)/",26950,300,2493200,65596000000,1150,true,4.46
"CTS",141913,"/Date(1700464789000)/",26950,700,2492900,65588000000,1150,true,4.46
"CTS",141913,"/Date(1700464789000)/",26950,100,2492200,65569000000,1150,true,4.46
"CTS",141913,"/Date(1700464789000)/",26950,200,2492100,65567000000,1150,true,4.46
"CTS",141909,"/Date(1700464783000)/",26950,300,2491900,65561000000,1150,true,4.46
"CTS",141903,"/Date(1700464778000)/",26950,500,2491600,65553000000,1150,true,4.46
"CTS",141850,"/Date(1700464765000)/",27000,1000,2491100,65540000000,1200,false,4.65
"CTS",141818,"/Date(1700464731000)/",27000,1000,2490100,65513000000,1200,false,4.65
"CTS",141815,"/Date(1700464730000)/",27000,900,2489100,65486000000,1200,false,4.65
"CTS",141815,"/Date(1700464730000)/",27000,100,2488200,65462000000,1200,false,4.65
"CTS",141805,"/Date(1700464720000)/",27000,400,2488100,65459000000,1200,false,4.65
"CTS",141802,"/Date(1700464717000)/",27000,500,2487700,65448000000,1200,false,4.65
"CTS",141802,"/Date(1700464716000)/",27000,100,2487200,65435000000,1200,false,4.65
"CTS",141802,"/Date(1700464716000)/",27000,400,2487100,65432000000,1200,false,4.65
"CTS",141756,"/Date(1700464711000)/",27000,100,2486700,65421000000,1200,false,4.65
"CTS",141756,"/Date(1700464711000)/",27000,400,2486600,65418000000,1200,false,4.65
"CTS",141752,"/Date(1700464707000)/",27000,600,2486200,65408000000,1200,false,4.65
"CTS",141752,"/Date(1700464707000)/",27000,2100,2485600,65391000000,1200,false,4.65
"CTS",141752,"/Date(1700464707000)/",27000,800,2483500,65335000000,1200,false,4.65
"CTS",141752,"/Date(1700464707000)/",27000,1500,2482700,65313000000,1200,false,4.65
"CTS",141730,"/Date(1700464686000)/",27000,1000,2481200,65273000000,1200,false,4.65
"CTS",141730,"/Date(1700464686000)/",27000,100,2480200,65246000000,1200,false,4.65
"CTS",141730,"/Date(1700464686000)/",27000,1000,2480100,65243000000,1200,false,4.65
"CTS",141730,"/Date(1700464686000)/",27000,5000,2479100,65216000000,1200,false,4.65
"CTS",141730,"/Date(1700464686000)/",27000,200,2474100,65081000000,1200,false,4.65
"CTS",141730,"/Date(1700464686000)/",27000,100,2473900,65075000000,1200,false,4.65
"CTS",141730,"/Date(1700464686000)/",27000,100,2473800,65073000000,1200,false,4.65
"CTS",141730,"/Date(1700464686000)/",27000,400,2473700,65070000000,1200,false,4.65
"CTS",141730,"/Date(1700464686000)/",27000,2000,2473300,65059000000,1200,false,4.65
"CTS",141730,"/Date(1700464686000)/",27000,100,2471300,65005000000,1200,false,4.65
"CTS",141708,"/Date(1700464661000)/",27000,300,2471200,65003000000,1200,false,4.65
"CTS",141708,"/Date(1700464661000)/",27000,1800,2470900,64994000000,1200,false,4.65
"CTS",141648,"/Date(1700464644000)/",27000,100,2469100,64946000000,1200,false,4.65
"CTS",141648,"/Date(1700464642000)/",27000,1000,2469000,64943000000,1200,false,4.65
"CTS",141645,"/Date(1700464640000)/",27000,500,2468000,64916000000,1200,true,4.65
"CTS",141645,"/Date(1700464640000)/",27000,500,2467500,64903000000,1200,true,4.65
"CTS",141645,"/Date(1700464640000)/",27000,500,2467000,64889000000,1200,true,4.65
"CTS",141645,"/Date(1700464640000)/",27000,1000,2466500,64876000000,1200,true,4.65
"CTS",141645,"/Date(1700464640000)/",27000,3300,2465500,64849000000,1200,true,4.65
"CTS",141645,"/Date(1700464640000)/",27000,100,2462200,64760000000,1200,true,4.65
"CTS",141645,"/Date(1700464640000)/",27000,1100,2462100,64757000000,1200,true,4.65
"CTS",141642,"/Date(1700464638000)/",27000,400,2461000,64727000000,1200,true,4.65
"CTS",141642,"/Date(1700464636000)/",27000,100,2460600,64716000000,1200,true,4.65
"CTS",141636,"/Date(1700464632000)/",27000,400,2460500,64714000000,1200,true,4.65
"CTS",141636,"/Date(1700464632000)/",27000,600,2460100,64703000000,1200,true,4.65
"CTS",141636,"/Date(1700464631000)/",27000,1400,2459500,64687000000,1200,true,4.65
"CTS",141636,"/Date(1700464631000)/",27000,3000,2458100,64649000000,1200,true,4.65
"CTS",141636,"/Date(1700464631000)/",27000,600,2455100,64568000000,1200,true,4.65
"CTS",141607,"/Date(1700464601000)/",27000,400,2454500,64552000000,1200,true,4.65
"CTS",141607,"/Date(1700464601000)/",27000,1600,2454100,64541000000,1200,true,4.65
"CTS",141551,"/Date(1700464585000)/",27000,400,2452500,64498000000,1200,true,4.65
"CTS",141551,"/Date(1700464585000)/",27000,1600,2452100,64487000000,1200,true,4.65
"CTS",141541,"/Date(1700464576000)/",27050,600,2450500,64444000000,1250,false,4.84
"CTS",141535,"/Date(1700464570000)/",27000,600,2449900,64427000000,1200,true,4.65
"CTS",141535,"/Date(1700464570000)/",27000,400,2449300,64411000000,1200,true,4.65
"CTS",141535,"/Date(1700464569000)/",27050,200,2448900,64400000000,1250,false,4.84
"CTS",141525,"/Date(1700464559000)/",27050,400,2448700,64395000000,1250,false,4.84
"CTS",141525,"/Date(1700464559000)/",27050,400,2448300,64384000000,1250,false,4.84
"CTS",141522,"/Date(1700464558000)/",27000,100,2447900,64373000000,1200,true,4.65
"CTS",141516,"/Date(1700464551000)/",27050,100,2447800,64371000000,1250,false,4.84
"CTS",141513,"/Date(1700464546000)/",27050,900,2447700,64368000000,1250,true,4.84
"CTS",141509,"/Date(1700464543000)/",27050,300,2446800,64344000000,1250,false,4.84
"CTS",141503,"/Date(1700464539000)/",27050,500,2446500,64335000000,1250,false,4.84
"CTS",141457,"/Date(1700464530000)/",27050,100,2446000,64322000000,1250,true,4.84
"CTS",141457,"/Date(1700464530000)/",27050,1000,2445900,64319000000,1250,true,4.84
"CTS",141457,"/Date(1700464530000)/",27050,200,2444900,64292000000,1250,true,4.84
"CTS",141457,"/Date(1700464530000)/",27050,200,2444700,64287000000,1250,true,4.84
"CTS",141437,"/Date(1700464511000)/",27050,300,2444500,64281000000,1250,false,4.84
"CTS",141434,"/Date(1700464507000)/",27050,1000,2444200,64273000000,1250,true,4.84
"CTS",141424,"/Date(1700464498000)/",27050,200,2443200,64246000000,1250,true,4.84
"CTS",141415,"/Date(1700464490000)/",27100,100,2443000,64241000000,1300,false,5.04
"CTS",141415,"/Date(1700464490000)/",27100,500,2442900,64238000000,1300,false,5.04
"CTS",141415,"/Date(1700464490000)/",27100,900,2442400,64225000000,1300,false,5.04
"CTS",141412,"/Date(1700464485000)/",27150,100,2441500,64200000000,1350,false,5.23
"CTS",141409,"/Date(1700464483000)/",27100,600,2441400,64197000000,1300,true,5.04
"CTS",141349,"/Date(1700464464000)/",27200,4200,2440800,64181000000,1400,false,5.43
"CTS",141343,"/Date(1700464459000)/",27200,3700,2436600,64067000000,1400,true,5.43
"CTS",141340,"/Date(1700464453000)/",27250,100,2432900,63966000000,1450,false,5.62
"CTS",141311,"/Date(1700464427000)/",27250,100,2432800,63964000000,1450,true,5.62
"CTS",141217,"/Date(1700464372000)/",27250,300,2432700,63961000000,1450,true,5.62
"CTS",141210,"/Date(1700464366000)/",27250,100,2432400,63953000000,1450,false,5.62
"CTS",141210,"/Date(1700464366000)/",27250,2000,2432300,63950000000,1450,false,5.62
"CTS",141210,"/Date(1700464366000)/",27250,400,2430300,63895000000,1450,false,5.62
"CTS",141210,"/Date(1700464366000)/",27250,100,2429900,63885000000,1450,false,5.62
"CTS",141204,"/Date(1700464358000)/",27200,200,2429800,63882000000,1400,true,5.43
"CTS",141200,"/Date(1700464353000)/",27200,1000,2429600,63876000000,1400,false,5.43
"CTS",141200,"/Date(1700464353000)/",27200,500,2428600,63849000000,1400,false,5.43
"CTS",141200,"/Date(1700464353000)/",27200,300,2428100,63836000000,1400,false,5.43
"CTS",141157,"/Date(1700464353000)/",27200,2000,2427800,63827000000,1400,false,5.43
"CTS",141154,"/Date(1700464348000)/",27200,200,2425800,63773000000,1400,false,5.43
"CTS",141154,"/Date(1700464348000)/",27200,100,2425600,63768000000,1400,false,5.43
"CTS",141154,"/Date(1700464348000)/",27200,1400,2425500,63765000000,1400,false,5.43
"CTS",141154,"/Date(1700464348000)/",27200,100,2424100,63727000000,1400,false,5.43
"CTS",141154,"/Date(1700464348000)/",27200,200,2424000,63724000000,1400,false,5.43
"CTS",141151,"/Date(1700464346000)/",27200,1000,2423800,63719000000,1400,false,5.43
"CTS",141151,"/Date(1700464346000)/",27200,500,2422800,63691000000,1400,false,5.43
"CTS",141151,"/Date(1700464346000)/",27200,200,2422300,63678000000,1400,false,5.43
"CTS",141151,"/Date(1700464346000)/",27200,100,2422100,63672000000,1400,false,5.43
"CTS",141151,"/Date(1700464346000)/",27200,300,2422000,63670000000,1400,false,5.43
"CTS",141151,"/Date(1700464346000)/",27200,900,2421700,63661000000,1400,false,5.43
"CTS",141141,"/Date(1700464335000)/",27200,1100,2420800,63637000000,1400,false,5.43
"CTS",141141,"/Date(1700464335000)/",27200,3900,2419700,63607000000,1400,false,5.43
"CTS",141122,"/Date(1700464316000)/",27150,100,2415800,63501000000,1350,false,5.23
"CTS",141116,"/Date(1700464308000)/",27100,200,2415700,63498000000,1300,true,5.04
"CTS",141116,"/Date(1700464308000)/",27150,900,2415500,63493000000,1350,false,5.23
"CTS",141116,"/Date(1700464308000)/",27150,300,2414600,63468000000,1350,false,5.23
"CTS",141116,"/Date(1700464308000)/",27150,300,2414300,63460000000,1350,false,5.23
"CTS",141116,"/Date(1700464308000)/",27150,1000,2414000,63452000000,1350,false,5.23
"CTS",141116,"/Date(1700464308000)/",27150,1000,2413000,63425000000,1350,false,5.23
"CTS",141116,"/Date(1700464308000)/",27150,900,2412000,63398000000,1350,false,5.23
"CTS",141112,"/Date(1700464305000)/",27150,900,2411100,63373000000,1350,false,5.23
"CTS",141112,"/Date(1700464305000)/",27150,2000,2410200,63349000000,1350,false,5.23
"CTS",141112,"/Date(1700464305000)/",27150,2000,2408200,63295000000,1350,false,5.23
"CTS",141112,"/Date(1700464305000)/",27150,100,2406200,63240000000,1350,false,5.23
"CTS",141106,"/Date(1700464301000)/",27150,100,2406100,63238000000,1350,false,5.23
"CTS",141106,"/Date(1700464301000)/",27100,200,2406000,63235000000,1300,true,5.04
"CTS",141056,"/Date(1700464290000)/",27100,800,2405800,63230000000,1300,true,5.04
"CTS",141053,"/Date(1700464289000)/",27100,1000,2405000,63208000000,1300,false,5.04
"CTS",141050,"/Date(1700464284000)/",27100,200,2404000,63181000000,1300,false,5.04
"CTS",141050,"/Date(1700464284000)/",27100,700,2403800,63175000000,1300,false,5.04
"CTS",141050,"/Date(1700464284000)/",27100,500,2403100,63156000000,1300,false,5.04
"CTS",141047,"/Date(1700464281000)/",27100,800,2402600,63143000000,1300,false,5.04
"CTS",141047,"/Date(1700464281000)/",27100,800,2401800,63121000000,1300,false,5.04
"CTS",141047,"/Date(1700464281000)/",27100,100,2401000,63099000000,1300,false,5.04
"CTS",141047,"/Date(1700464281000)/",27100,300,2400900,63097000000,1300,false,5.04
"CTS",141024,"/Date(1700464259000)/",27100,1200,2400600,63089000000,1300,false,5.04
"CTS",141024,"/Date(1700464259000)/",27100,800,2399400,63056000000,1300,false,5.04
"CTS",141021,"/Date(1700464256000)/",27000,500,2398600,63034000000,1200,true,4.65
"CTS",141021,"/Date(1700464256000)/",27000,1500,2398100,63021000000,1200,true,4.65
"CTS",141012,"/Date(1700464247000)/",27100,1000,2396600,62980000000,1300,false,5.04
"CTS",141012,"/Date(1700464244000)/",27100,1000,2395600,62953000000,1300,false,5.04
"CTS",140955,"/Date(1700464228000)/",27100,200,2394600,62926000000,1300,false,5.04
"CTS",140955,"/Date(1700464228000)/",27100,200,2394400,62921000000,1300,false,5.04
"CTS",140955,"/Date(1700464228000)/",27100,600,2394200,62915000000,1300,false,5.04
"CTS",140949,"/Date(1700464224000)/",27000,500,2393600,62899000000,1200,true,4.65
"CTS",140949,"/Date(1700464224000)/",27000,500,2393100,62886000000,1200,true,4.65
"CTS",140946,"/Date(1700464221000)/",27000,100,2392600,62872000000,1200,true,4.65
"CTS",140946,"/Date(1700464218000)/",27000,700,2392500,62869000000,1200,true,4.65
"CTS",140943,"/Date(1700464217000)/",27100,400,2391800,62851000000,1300,false,5.04
"CTS",140943,"/Date(1700464217000)/",27100,600,2391400,62840000000,1300,false,5.04
"CTS",140917,"/Date(1700464189000)/",27000,200,2390800,62823000000,1200,true,4.65
"CTS",140917,"/Date(1700464189000)/",27000,100,2390600,62818000000,1200,true,4.65
"CTS",140901,"/Date(1700464176000)/",27100,1000,2390500,62815000000,1300,false,5.04
"CTS",140855,"/Date(1700464170000)/",27100,100,2389500,62788000000,1300,false,5.04
"CTS",140855,"/Date(1700464170000)/",27100,1000,2389400,62785000000,1300,false,5.04
"CTS",140855,"/Date(1700464170000)/",27100,400,2388400,62758000000,1300,false,5.04
"CTS",140855,"/Date(1700464167000)/",27100,600,2388000,62748000000,1300,false,5.04
"CTS",140855,"/Date(1700464167000)/",27100,400,2387400,62731000000,1300,false,5.04
"CTS",140855,"/Date(1700464167000)/",27100,100,2387000,62720000000,1300,false,5.04
"CTS",140852,"/Date(1700464167000)/",27100,1000,2386900,62718000000,1300,true,5.04
"CTS",140852,"/Date(1700464165000)/",27100,300,2385900,62691000000,1300,true,5.04
"CTS",140852,"/Date(1700464165000)/",27100,200,2385600,62683000000,1300,true,5.04
"CTS",140848,"/Date(1700464163000)/",27100,100,2385400,62677000000,1300,true,5.04
"CTS",140842,"/Date(1700464157000)/",27100,3700,2385300,62674000000,1300,true,5.04
"CTS",140842,"/Date(1700464157000)/",27100,4400,2381600,62574000000,1300,true,5.04
"CTS",140829,"/Date(1700464142000)/",27100,1600,2377200,62455000000,1300,true,5.04
"CTS",140829,"/Date(1700464142000)/",27100,400,2375600,62412000000,1300,true,5.04
"CTS",140804,"/Date(1700464117000)/",27100,500,2375200,62401000000,1300,true,5.04
"CTS",140804,"/Date(1700464117000)/",27100,800,2374700,62387000000,1300,true,5.04
"CTS",140804,"/Date(1700464117000)/",27100,700,2373900,62365000000,1300,true,5.04
"CTS",140757,"/Date(1700464110000)/",27150,1000,2373200,62346000000,1350,false,5.23
"CTS",140728,"/Date(1700464084000)/",27100,1300,2372200,62319000000,1300,true,5.04
"CTS",140728,"/Date(1700464084000)/",27100,200,2370900,62284000000,1300,true,5.04
"CTS",140712,"/Date(1700464067000)/",27150,500,2370700,62279000000,1350,false,5.23
"CTS",140709,"/Date(1700464063000)/",27150,1000,2370200,62265000000,1350,false,5.23
"CTS",140706,"/Date(1700464059000)/",27150,1000,2369200,62238000000,1350,true,5.23
"CTS",140653,"/Date(1700464047000)/",27150,1100,2368200,62211000000,1350,true,5.23
"CTS",140646,"/Date(1700464041000)/",27150,200,2367100,62181000000,1350,false,5.23
"CTS",140646,"/Date(1700464039000)/",27150,100,2366900,62176000000,1350,false,5.23
"CTS",140646,"/Date(1700464039000)/",27150,100,2366800,62173000000,1350,false,5.23
"CTS",140646,"/Date(1700464039000)/",27150,200,2366700,62170000000,1350,false,5.23
"CTS",140643,"/Date(1700464037000)/",27100,500,2366500,62165000000,1300,true,5.04
"CTS",140637,"/Date(1700464029000)/",27150,200,2366000,62151000000,1350,true,5.23
"CTS",140637,"/Date(1700464029000)/",27150,400,2365800,62146000000,1350,true,5.23
"CTS",140634,"/Date(1700464027000)/",27150,500,2365400,62135000000,1350,true,5.23
"CTS",140630,"/Date(1700464023000)/",27150,700,2364900,62121000000,1350,true,5.23
"CTS",140618,"/Date(1700464012000)/",27150,100,2364200,62102000000,1350,true,5.23
"CTS",140614,"/Date(1700464009000)/",27200,200,2364100,62100000000,1400,false,5.43
"CTS",140605,"/Date(1700463998000)/",27200,100,2363900,62094000000,1400,false,5.43
"CTS",140558,"/Date(1700463992000)/",27100,100,2363800,62091000000,1300,true,5.04
"CTS",140546,"/Date(1700463979000)/",27200,100,2363700,62089000000,1400,false,5.43
"CTS",140539,"/Date(1700463972000)/",27100,100,2363600,62086000000,1300,true,5.04
"CTS",140533,"/Date(1700463967000)/",27100,100,2363500,62083000000,1300,true,5.04
"CTS",140520,"/Date(1700463953000)/",27000,500,2363400,62080000000,1200,true,4.65
"CTS",140517,"/Date(1700463951000)/",27000,100,2362900,62067000000,1200,true,4.65
"CTS",140507,"/Date(1700463942000)/",27000,100,2362800,62064000000,1200,true,4.65
"CTS",140454,"/Date(1700463929000)/",27000,200,2362700,62062000000,1200,true,4.65
"CTS",140448,"/Date(1700463922000)/",27000,400,2362500,62056000000,1200,true,4.65
"CTS",140435,"/Date(1700463910000)/",27000,1100,2362100,62045000000,1200,false,4.65
"CTS",140435,"/Date(1700463907000)/",27000,400,2361000,62016000000,1200,false,4.65
"CTS",140432,"/Date(1700463906000)/",27000,1000,2360600,62005000000,1200,false,4.65
"CTS",140432,"/Date(1700463904000)/",27000,8000,2359600,61978000000,1200,false,4.65
"CTS",140429,"/Date(1700463901000)/",27000,1500,2351600,61762000000,1200,false,4.65
"CTS",140426,"/Date(1700463901000)/",27000,500,2350100,61721000000,1200,true,4.65
"CTS",140426,"/Date(1700463899000)/",27000,700,2349600,61708000000,1200,true,4.65
"CTS",140426,"/Date(1700463899000)/",27000,300,2348900,61689000000,1200,true,4.65
"CTS",140426,"/Date(1700463899000)/",27050,1500,2348600,61681000000,1250,true,4.84
"CTS",140426,"/Date(1700463899000)/",27050,100,2347100,61640000000,1250,true,4.84
"CTS",140426,"/Date(1700463899000)/",27050,400,2347000,61638000000,1250,true,4.84
"CTS",140426,"/Date(1700463899000)/",27050,300,2346600,61627000000,1250,true,4.84
"CTS",140422,"/Date(1700463897000)/",27050,100,2346300,61619000000,1250,true,4.84
"CTS",140422,"/Date(1700463895000)/",27050,500,2346200,61616000000,1250,true,4.84
"CTS",140422,"/Date(1700463894000)/",27050,1100,2345700,61602000000,1250,true,4.84
"CTS",140413,"/Date(1700463887000)/",27000,500,2344600,61573000000,1200,true,4.65
"CTS",140413,"/Date(1700463887000)/",27000,2000,2344100,61559000000,1200,true,4.65
"CTS",140413,"/Date(1700463887000)/",27000,500,2342100,61505000000,1200,true,4.65
"CTS",140406,"/Date(1700463881000)/",27050,200,2341600,61492000000,1250,false,4.84
"CTS",140406,"/Date(1700463880000)/",27050,300,2341400,61486000000,1250,false,4.84
"CTS",140403,"/Date(1700463875000)/",27000,3500,2341100,61478000000,1200,true,4.65
"CTS",140403,"/Date(1700463875000)/",27000,500,2337600,61384000000,1200,true,4.65
"CTS",140400,"/Date(1700463875000)/",27000,100,2337100,61370000000,1200,true,4.65
"CTS",140400,"/Date(1700463875000)/",27000,100,2337000,61367000000,1200,true,4.65
"CTS",140400,"/Date(1700463874000)/",27000,200,2336900,61365000000,1200,true,4.65
"CTS",140400,"/Date(1700463873000)/",27000,500,2336700,61359000000,1200,true,4.65
"CTS",140353,"/Date(1700463867000)/",27000,600,2336200,61346000000,1200,true,4.65
"CTS",140353,"/Date(1700463866000)/",27000,500,2335600,61330000000,1200,true,4.65
"CTS",140353,"/Date(1700463866000)/",27000,500,2335100,61316000000,1200,true,4.65
"CTS",140347,"/Date(1700463860000)/",27100,3000,2334600,61303000000,1300,false,5.04
"CTS",140347,"/Date(1700463860000)/",27100,1000,2331600,61221000000,1300,false,5.04
"CTS",140347,"/Date(1700463860000)/",27150,100,2330600,61194000000,1350,false,5.23
"CTS",140337,"/Date(1700463851000)/",27200,3000,2330500,61192000000,1400,false,5.43
"CTS",140334,"/Date(1700463846000)/",27200,500,2327500,61110000000,1400,true,5.43
"CTS",140334,"/Date(1700463846000)/",27200,100,2327000,61096000000,1400,true,5.43
"CTS",140321,"/Date(1700463833000)/",27200,900,2326900,61094000000,1400,true,5.43
"CTS",140321,"/Date(1700463833000)/",27200,100,2326000,61069000000,1400,true,5.43
"CTS",140321,"/Date(1700463833000)/",27200,1000,2325900,61066000000,1400,true,5.43
"CTS",140321,"/Date(1700463833000)/",27200,1000,2324900,61039000000,1400,true,5.43
"CTS",140315,"/Date(1700463830000)/",27250,3000,2323900,61012000000,1450,false,5.62
"CTS",140315,"/Date(1700463830000)/",27250,700,2320900,60930000000,1450,false,5.62
"CTS",140306,"/Date(1700463820000)/",27250,300,2320200,60911000000,1450,true,5.62
"CTS",140306,"/Date(1700463819000)/",27300,100,2319900,60903000000,1500,false,5.81
"CTS",140259,"/Date(1700463813000)/",27300,300,2319800,60900000000,1500,false,5.81
"CTS",140259,"/Date(1700463813000)/",27300,300,2319500,60892000000,1500,false,5.81
"CTS",140249,"/Date(1700463801000)/",27300,700,2319200,60884000000,1500,false,5.81
"CTS",140240,"/Date(1700463792000)/",27300,800,2318500,60865000000,1500,true,5.81
"CTS",140240,"/Date(1700463792000)/",27300,200,2317700,60843000000,1500,true,5.81
"CTS",140230,"/Date(1700463782000)/",27350,100,2317500,60838000000,1550,true,6.01
"CTS",140224,"/Date(1700463778000)/",27350,500,2317400,60835000000,1550,false,6.01
"CTS",140224,"/Date(1700463778000)/",27350,300,2316900,60821000000,1550,false,6.01
"CTS",140224,"/Date(1700463778000)/",27350,100,2316600,60813000000,1550,false,6.01
"CTS",140224,"/Date(1700463778000)/",27350,100,2316500,60810000000,1550,false,6.01
"CTS",140205,"/Date(1700463758000)/",27400,1000,2316400,60807000000,1600,false,6.2
"CTS",140205,"/Date(1700463757000)/",27400,1300,2315400,60780000000,1600,false,6.2
"CTS",140201,"/Date(1700463755000)/",27400,500,2314100,60744000000,1600,true,6.2
"CTS",140201,"/Date(1700463755000)/",27400,7000,2313600,60731000000,1600,true,6.2
"CTS",140201,"/Date(1700463755000)/",27400,800,2306600,60539000000,1600,true,6.2
"CTS",140201,"/Date(1700463755000)/",27400,3000,2305800,60517000000,1600,true,6.2
"CTS",140201,"/Date(1700463755000)/",27400,500,2302800,60435000000,1600,true,6.2
"CTS",140155,"/Date(1700463749000)/",27400,1500,2302300,60421000000,1600,true,6.2
"CTS",140152,"/Date(1700463744000)/",27400,200,2300800,60380000000,1600,true,6.2
"CTS",140152,"/Date(1700463744000)/",27400,800,2300600,60375000000,1600,true,6.2
"CTS",140149,"/Date(1700463742000)/",27400,100,2299800,60353000000,1600,true,6.2
"CTS",140145,"/Date(1700463739000)/",27400,100,2299700,60350000000,1600,true,6.2
"CTS",140145,"/Date(1700463739000)/",27400,900,2299600,60347000000,1600,true,6.2
"CTS",140145,"/Date(1700463739000)/",27450,100,2298700,60322000000,1650,false,6.4
"CTS",140145,"/Date(1700463738000)/",27450,300,2298600,60320000000,1650,false,6.4
"CTS",140145,"/Date(1700463738000)/",27450,500,2298300,60311000000,1650,false,6.4
"CTS",140145,"/Date(1700463738000)/",27450,200,2297800,60298000000,1650,false,6.4
"CTS",140145,"/Date(1700463737000)/",27400,300,2297600,60292000000,1600,true,6.2
"CTS",140139,"/Date(1700463733000)/",27400,500,2297300,60284000000,1600,true,6.2
"CTS",140136,"/Date(1700463730000)/",27400,100,2296800,60270000000,1600,true,6.2
"CTS",140133,"/Date(1700463725000)/",27400,200,2296700,60268000000,1600,true,6.2
"CTS",140129,"/Date(1700463722000)/",27450,2400,2296500,60262000000,1650,false,6.4
"CTS",140129,"/Date(1700463722000)/",27400,2000,2294100,60196000000,1600,false,6.2
"CTS",140129,"/Date(1700463722000)/",27400,600,2292100,60141000000,1600,false,6.2
"CTS",140120,"/Date(1700463714000)/",27400,1000,2291500,60125000000,1600,true,6.2
"CTS",140120,"/Date(1700463714000)/",27400,1400,2290500,60098000000,1600,true,6.2
"CTS",140120,"/Date(1700463713000)/",27400,300,2289100,60059000000,1600,true,6.2
"CTS",140120,"/Date(1700463713000)/",27400,3100,2288800,60051000000,1600,true,6.2
"CTS",140120,"/Date(1700463713000)/",27400,1900,2285700,59966000000,1600,true,6.2
"CTS",140117,"/Date(1700463710000)/",27450,400,2283800,59914000000,1650,false,6.4
"CTS",140117,"/Date(1700463710000)/",27450,100,2283400,59903000000,1650,false,6.4
"CTS",140110,"/Date(1700463704000)/",27400,500,2283300,59900000000,1600,false,6.2
"CTS",140110,"/Date(1700463704000)/",27400,2000,2282800,59887000000,1600,false,6.2
"CTS",140110,"/Date(1700463704000)/",27400,1000,2280800,59832000000,1600,false,6.2
"CTS",140110,"/Date(1700463704000)/",27400,100,2279800,59804000000,1600,false,6.2
"CTS",140110,"/Date(1700463704000)/",27400,500,2279700,59802000000,1600,false,6.2
"CTS",140110,"/Date(1700463704000)/",27400,1000,2279200,59788000000,1600,false,6.2
"CTS",140110,"/Date(1700463704000)/",27400,100,2278200,59761000000,1600,false,6.2
"CTS",140110,"/Date(1700463704000)/",27400,1000,2278100,59758000000,1600,false,6.2
"CTS",140110,"/Date(1700463704000)/",27400,1000,2277100,59730000000,1600,false,6.2
"CTS",140110,"/Date(1700463704000)/",27400,900,2276100,59703000000,1600,false,6.2
"CTS",140110,"/Date(1700463702000)/",27400,500,2275200,59678000000,1600,false,6.2
"CTS",140104,"/Date(1700463698000)/",27400,2000,2274700,59665000000,1600,false,6.2
"CTS",140101,"/Date(1700463695000)/",27400,1600,2272700,59610000000,1600,false,6.2
"CTS",140101,"/Date(1700463695000)/",27400,400,2271100,59566000000,1600,false,6.2
"CTS",140054,"/Date(1700463689000)/",27400,600,2270700,59555000000,1600,false,6.2
"CTS",140054,"/Date(1700463689000)/",27400,100,2270100,59539000000,1600,false,6.2
"CTS",140054,"/Date(1700463689000)/",27400,6100,2270000,59536000000,1600,false,6.2
"CTS",140054,"/Date(1700463686000)/",27350,100,2263900,59369000000,1550,true,6.01
"CTS",140041,"/Date(1700463673000)/",27400,500,2263800,59366000000,1600,false,6.2
"CTS",140041,"/Date(1700463673000)/",27400,100,2263300,59352000000,1600,false,6.2
"CTS",140038,"/Date(1700463670000)/",27400,500,2263200,59350000000,1600,false,6.2
"CTS",140035,"/Date(1700463667000)/",27350,600,2262700,59336000000,1550,true,6.01
"CTS",140032,"/Date(1700463664000)/",27350,1000,2262100,59319000000,1550,true,6.01
"CTS",140029,"/Date(1700463661000)/",27400,1000,2261100,59292000000,1600,false,6.2
"CTS",140022,"/Date(1700463654000)/",27350,1000,2260100,59265000000,1550,false,6.01
"CTS",140016,"/Date(1700463648000)/",27300,500,2259100,59237000000,1500,true,5.81
"CTS",140009,"/Date(1700463641000)/",27300,100,2258600,59224000000,1500,true,5.81
"CTS",140003,"/Date(1700463637000)/",27300,500,2258500,59221000000,1500,true,5.81
"CTS",140003,"/Date(1700463637000)/",27400,8200,2258000,59207000000,1600,false,6.2
"CTS",140003,"/Date(1700463637000)/",27400,1500,2249800,58983000000,1600,false,6.2
"CTS",140003,"/Date(1700463637000)/",27400,100,2248300,58942000000,1600,false,6.2
"CTS",140003,"/Date(1700463637000)/",27400,100,2248200,58939000000,1600,false,6.2
"CTS",140003,"/Date(1700463637000)/",27350,100,2248100,58936000000,1550,false,6.01
"CTS",140000,"/Date(1700463633000)/",27300,600,2248000,58933000000,1500,false,5.81
"CTS",140000,"/Date(1700463632000)/",27300,400,2247400,58917000000,1500,false,5.81
"CTS",140000,"/Date(1700463632000)/",27300,200,2247000,58906000000,1500,false,5.81
"CTS",140000,"/Date(1700463632000)/",27300,2000,2246800,58901000000,1500,false,5.81
"CTS",140000,"/Date(1700463632000)/",27300,400,2244800,58846000000,1500,false,5.81
"CTS",135957,"/Date(1700463631000)/",27300,2000,2244400,58835000000,1500,false,5.81
"CTS",135957,"/Date(1700463629000)/",27300,100,2242400,58780000000,1500,false,5.81
"CTS",135957,"/Date(1700463629000)/",27300,1500,2242300,58778000000,1500,false,5.81
"CTS",135953,"/Date(1700463626000)/",27300,2000,2240800,58737000000,1500,false,5.81
"CTS",135953,"/Date(1700463626000)/",27300,3000,2238800,58682000000,1500,false,5.81
"CTS",135953,"/Date(1700463625000)/",27250,1500,2235800,58600000000,1450,true,5.62
"CTS",135947,"/Date(1700463621000)/",27250,100,2234300,58559000000,1450,true,5.62
"CTS",135944,"/Date(1700463616000)/",27300,1000,2234200,58557000000,1500,false,5.81
"CTS",135944,"/Date(1700463616000)/",27300,300,2233200,58529000000,1500,false,5.81
"CTS",135944,"/Date(1700463616000)/",27300,100,2232900,58521000000,1500,false,5.81
"CTS",135944,"/Date(1700463616000)/",27300,100,2232800,58518000000,1500,false,5.81
"CTS",135944,"/Date(1700463616000)/",27300,500,2232700,58516000000,1500,false,5.81
"CTS",135941,"/Date(1700463615000)/",27250,2200,2232200,58502000000,1450,true,5.62
"CTS",135941,"/Date(1700463615000)/",27250,1000,2230000,58442000000,1450,true,5.62
"CTS",135941,"/Date(1700463615000)/",27250,100,2229000,58415000000,1450,true,5.62
"CTS",135941,"/Date(1700463615000)/",27250,100,2228900,58412000000,1450,true,5.62
"CTS",135941,"/Date(1700463614000)/",27200,300,2228800,58409000000,1400,true,5.43
"CTS",135941,"/Date(1700463614000)/",27200,200,2228500,58401000000,1400,true,5.43
"CTS",135941,"/Date(1700463613000)/",27200,100,2228300,58396000000,1400,true,5.43
"CTS",135934,"/Date(1700463607000)/",27200,500,2228200,58393000000,1400,true,5.43
"CTS",135934,"/Date(1700463607000)/",27200,200,2227700,58379000000,1400,true,5.43
"CTS",135931,"/Date(1700463606000)/",27200,200,2227500,58374000000,1400,false,5.43
"CTS",135931,"/Date(1700463603000)/",27200,600,2227300,58369000000,1400,false,5.43
"CTS",135931,"/Date(1700463603000)/",27200,100,2226700,58352000000,1400,false,5.43
"CTS",135931,"/Date(1700463603000)/",27200,1000,2226600,58350000000,1400,false,5.43
"CTS",135931,"/Date(1700463603000)/",27200,100,2225600,58322000000,1400,false,5.43
"CTS",135931,"/Date(1700463603000)/",27200,200,2225500,58320000000,1400,false,5.43
"CTS",135928,"/Date(1700463601000)/",27200,200,2225300,58314000000,1400,false,5.43
"CTS",135928,"/Date(1700463601000)/",27200,1800,2225100,58309000000,1400,false,5.43
"CTS",135925,"/Date(1700463599000)/",27200,300,2223300,58260000000,1400,false,5.43
"CTS",135925,"/Date(1700463599000)/",27200,100,2223000,58252000000,1400,false,5.43
"CTS",135921,"/Date(1700463594000)/",27150,2000,2222900,58249000000,1350,false,5.23
"CTS",135918,"/Date(1700463591000)/",27100,300,2220900,58195000000,1300,true,5.04
"CTS",135912,"/Date(1700463584000)/",27100,1000,2220600,58187000000,1300,false,5.04
"CTS",135912,"/Date(1700463584000)/",27100,1700,2219600,58159000000,1300,false,5.04
"CTS",135912,"/Date(1700463584000)/",27100,500,2217900,58113000000,1300,false,5.04
"CTS",135912,"/Date(1700463584000)/",27100,100,2217400,58100000000,1300,false,5.04
"CTS",135912,"/Date(1700463584000)/",27100,100,2217300,58097000000,1300,false,5.04
"CTS",135912,"/Date(1700463584000)/",27100,100,2217200,58094000000,1300,false,5.04
"CTS",135912,"/Date(1700463584000)/",27100,1000,2217100,58092000000,1300,false,5.04
"CTS",135908,"/Date(1700463582000)/",27100,4000,2216100,58065000000,1300,false,5.04
"CTS",135908,"/Date(1700463582000)/",27100,1000,2212100,57956000000,1300,false,5.04
"CTS",135902,"/Date(1700463574000)/",27100,200,2211100,57929000000,1300,false,5.04
"CTS",135856,"/Date(1700463568000)/",27100,100,2210900,57924000000,1300,false,5.04
"CTS",135856,"/Date(1700463568000)/",27100,700,2210800,57921000000,1300,false,5.04
"CTS",135856,"/Date(1700463568000)/",27050,100,2210100,57902000000,1250,false,4.84
"CTS",135856,"/Date(1700463568000)/",27050,200,2210000,57899000000,1250,false,4.84
"CTS",135849,"/Date(1700463563000)/",27000,300,2209800,57894000000,1200,false,4.65
"CTS",135849,"/Date(1700463563000)/",27000,1700,2209500,57886000000,1200,false,4.65
"CTS",135849,"/Date(1700463563000)/",27000,300,2207800,57840000000,1200,false,4.65
"CTS",135849,"/Date(1700463563000)/",27000,500,2207500,57832000000,1200,false,4.65
"CTS",135849,"/Date(1700463561000)/",27000,1000,2207000,57818000000,1200,false,4.65
"CTS",135846,"/Date(1700463561000)/",27000,1000,2206000,57791000000,1200,false,4.65
"CTS",135846,"/Date(1700463560000)/",27000,100,2205000,57764000000,1200,false,4.65
"CTS",135846,"/Date(1700463560000)/",27000,5000,2204900,57762000000,1200,false,4.65
"CTS",135846,"/Date(1700463559000)/",27000,800,2199900,57627000000,1200,false,4.65
"CTS",135846,"/Date(1700463559000)/",27000,100,2199100,57605000000,1200,false,4.65
"CTS",135846,"/Date(1700463558000)/",27000,1000,2199000,57602000000,1200,false,4.65
"CTS",135846,"/Date(1700463558000)/",27000,200,2198000,57575000000,1200,false,4.65
"CTS",135846,"/Date(1700463558000)/",27000,2800,2197800,57570000000,1200,false,4.65
"CTS",135843,"/Date(1700463557000)/",27000,700,2195000,57494000000,1200,false,4.65
"CTS",135843,"/Date(1700463555000)/",27000,1500,2194300,57475000000,1200,false,4.65
"CTS",135843,"/Date(1700463555000)/",27000,200,2192800,57435000000,1200,false,4.65
"CTS",135843,"/Date(1700463555000)/",27000,5000,2192600,57429000000,1200,false,4.65
"CTS",135843,"/Date(1700463555000)/",27000,100,2187600,57294000000,1200,false,4.65
"CTS",135843,"/Date(1700463555000)/",27000,100,2187500,57292000000,1200,false,4.65
"CTS",135843,"/Date(1700463555000)/",27000,3000,2187400,57289000000,1200,false,4.65
"CTS",135843,"/Date(1700463555000)/",27000,100,2184400,57208000000,1200,false,4.65
"CTS",135840,"/Date(1700463553000)/",27000,300,2184300,57205000000,1200,false,4.65
"CTS",135840,"/Date(1700463553000)/",27000,100,2184000,57197000000,1200,false,4.65
"CTS",135840,"/Date(1700463553000)/",27000,100,2183900,57195000000,1200,false,4.65
"CTS",135840,"/Date(1700463553000)/",27000,1900,2183800,57192000000,1200,false,4.65
"CTS",135840,"/Date(1700463553000)/",27000,500,2181900,57141000000,1200,false,4.65
"CTS",135840,"/Date(1700463553000)/",27000,600,2181400,57127000000,1200,false,4.65
"CTS",135840,"/Date(1700463552000)/",27000,4400,2180800,57111000000,1200,false,4.65
"CTS",135840,"/Date(1700463552000)/",27000,600,2176400,56992000000,1200,false,4.65
"CTS",135840,"/Date(1700463552000)/",27000,1400,2175800,56976000000,1200,false,4.65
"CTS",135840,"/Date(1700463552000)/",27000,10000,2174400,56938000000,1200,false,4.65
"CTS",135840,"/Date(1700463552000)/",27000,1000,2164400,56668000000,1200,false,4.65
"CTS",135840,"/Date(1700463552000)/",27000,5000,2163400,56641000000,1200,false,4.65
"CTS",135840,"/Date(1700463552000)/",27000,500,2158400,56506000000,1200,false,4.65
"CTS",135840,"/Date(1700463552000)/",27000,1500,2157900,56493000000,1200,false,4.65
"CTS",135840,"/Date(1700463552000)/",27000,600,2156400,56452000000,1200,false,4.65
"CTS",135836,"/Date(1700463551000)/",27000,1000,2155800,56436000000,1200,false,4.65
"CTS",135836,"/Date(1700463551000)/",27000,500,2154800,56409000000,1200,false,4.65
"CTS",135833,"/Date(1700463548000)/",27000,2000,2154300,56395000000,1200,false,4.65
"CTS",135833,"/Date(1700463545000)/",27000,900,2152300,56341000000,1200,false,4.65
"CTS",135833,"/Date(1700463545000)/",27000,100,2151400,56317000000,1200,false,4.65
"CTS",135833,"/Date(1700463545000)/",27000,100,2151300,56314000000,1200,false,4.65
"CTS",135833,"/Date(1700463545000)/",27000,200,2151200,56312000000,1200,false,4.65
"CTS",135833,"/Date(1700463545000)/",27000,5800,2151000,56306000000,1200,false,4.65
"CTS",135833,"/Date(1700463545000)/",27000,600,2145200,56150000000,1200,false,4.65
"CTS",135833,"/Date(1700463545000)/",27000,100,2144600,56133000000,1200,false,4.65
"CTS",135833,"/Date(1700463545000)/",27000,2200,2144500,56131000000,1200,false,4.65
"CTS",135833,"/Date(1700463545000)/",27000,7800,2142300,56071000000,1200,false,4.65
"CTS",135833,"/Date(1700463545000)/",27000,1600,2134500,55861000000,1200,false,4.65
"CTS",135833,"/Date(1700463545000)/",27000,600,2132900,55818000000,1200,false,4.65
"CTS",135830,"/Date(1700463542000)/",27000,400,2132300,55801000000,1200,false,4.65
"CTS",135830,"/Date(1700463542000)/",27000,100,2131900,55791000000,1200,false,4.65
"CTS",135827,"/Date(1700463541000)/",26900,1000,2131800,55788000000,1100,true,4.26
"CTS",135827,"/Date(1700463541000)/",27000,100,2130800,55761000000,1200,false,4.65
"CTS",135827,"/Date(1700463540000)/",27000,1000,2130700,55758000000,1200,false,4.65
"CTS",135827,"/Date(1700463539000)/",27000,300,2129700,55731000000,1200,false,4.65
"CTS",135824,"/Date(1700463537000)/",27000,500,2129400,55723000000,1200,false,4.65
"CTS",135824,"/Date(1700463537000)/",27000,100,2128900,55710000000,1200,false,4.65
"CTS",135824,"/Date(1700463537000)/",27000,6100,2128800,55707000000,1200,false,4.65
"CTS",135824,"/Date(1700463537000)/",27000,100,2122700,55542000000,1200,false,4.65
"CTS",135824,"/Date(1700463537000)/",27000,700,2122600,55540000000,1200,false,4.65
"CTS",135824,"/Date(1700463537000)/",27000,100,2121900,55521000000,1200,false,4.65
"CTS",135824,"/Date(1700463537000)/",27000,2400,2121800,55518000000,1200,false,4.65
"CTS",135820,"/Date(1700463534000)/",27000,1600,2119400,55453000000,1200,false,4.65
"CTS",135820,"/Date(1700463534000)/",27000,1000,2117800,55410000000,1200,false,4.65
"CTS",135820,"/Date(1700463534000)/",27000,700,2116800,55383000000,1200,false,4.65
"CTS",135820,"/Date(1700463534000)/",27000,500,2116100,55364000000,1200,false,4.65
"CTS",135820,"/Date(1700463534000)/",27000,100,2115600,55351000000,1200,false,4.65
"CTS",135820,"/Date(1700463534000)/",27000,1000,2115500,55348000000,1200,false,4.65
"CTS",135820,"/Date(1700463534000)/",27000,100,2114500,55321000000,1200,false,4.65
"CTS",135814,"/Date(1700463528000)/",26900,20000,2114400,55318000000,1100,true,4.26
"CTS",135814,"/Date(1700463526000)/",26900,100,2094400,54780000000,1100,true,4.26
"CTS",135814,"/Date(1700463526000)/",26900,20000,2094300,54777000000,1100,true,4.26
"CTS",135814,"/Date(1700463526000)/",26900,6900,2074300,54239000000,1100,true,4.26
"CTS",135811,"/Date(1700463523000)/",26900,3100,2067400,54054000000,1100,false,4.26
"CTS",135811,"/Date(1700463523000)/",26900,500,2064300,53970000000,1100,false,4.26
"CTS",135811,"/Date(1700463523000)/",26900,300,2063800,53957000000,1100,false,4.26
"CTS",135811,"/Date(1700463523000)/",26900,500,2063500,53949000000,1100,false,4.26
"CTS",135811,"/Date(1700463523000)/",26900,100,2063000,53935000000,1100,false,4.26
"CTS",135811,"/Date(1700463523000)/",26900,2400,2062900,53933000000,1100,false,4.26
"CTS",135808,"/Date(1700463522000)/",26900,6000,2060500,53868000000,1100,false,4.26
"CTS",135808,"/Date(1700463521000)/",26900,1600,2054500,53707000000,1100,false,4.26
"CTS",135808,"/Date(1700463521000)/",26900,1600,2052900,53664000000,1100,false,4.26
"CTS",135808,"/Date(1700463521000)/",26900,100,2051300,53621000000,1100,false,4.26
"CTS",135808,"/Date(1700463521000)/",26900,5000,2051200,53618000000,1100,false,4.26
"CTS",135808,"/Date(1700463521000)/",26900,1700,2046200,53484000000,1100,false,4.26
"CTS",135808,"/Date(1700463520000)/",26900,500,2044500,53438000000,1100,false,4.26
"CTS",135804,"/Date(1700463517000)/",26900,300,2044000,53424000000,1100,false,4.26
"CTS",135758,"/Date(1700463510000)/",26900,500,2043700,53416000000,1100,false,4.26
"CTS",135755,"/Date(1700463509000)/",26800,500,2043200,53403000000,1000,false,3.88
"CTS",135755,"/Date(1700463509000)/",26800,1500,2042700,53389000000,1000,false,3.88
"CTS",135755,"/Date(1700463509000)/",26800,4400,2041200,53349000000,1000,false,3.88
"CTS",135755,"/Date(1700463509000)/",26750,200,2036800,53231000000,950,true,3.68
"CTS",135755,"/Date(1700463508000)/",26800,10000,2036600,53226000000,1000,false,3.88
"CTS",135755,"/Date(1700463507000)/",26800,3000,2026600,52958000000,1000,false,3.88
"CTS",135755,"/Date(1700463507000)/",26800,2000,2023600,52878000000,1000,false,3.88
"CTS",135752,"/Date(1700463506000)/",26800,600,2021600,52824000000,1000,false,3.88
"CTS",135752,"/Date(1700463506000)/",26800,300,2021000,52808000000,1000,false,3.88
"CTS",135752,"/Date(1700463506000)/",26800,900,2020700,52800000000,1000,false,3.88
"CTS",135752,"/Date(1700463506000)/",26800,100,2019800,52776000000,1000,false,3.88
"CTS",135752,"/Date(1700463506000)/",26800,1000,2019700,52773000000,1000,false,3.88
"CTS",135752,"/Date(1700463506000)/",26800,300,2018700,52746000000,1000,false,3.88
"CTS",135752,"/Date(1700463506000)/",26800,500,2018400,52738000000,1000,false,3.88
"CTS",135752,"/Date(1700463506000)/",26800,100,2017900,52725000000,1000,false,3.88
"CTS",135752,"/Date(1700463506000)/",26800,200,2017800,52722000000,1000,false,3.88
"CTS",135752,"/Date(1700463506000)/",26800,100,2017600,52717000000,1000,false,3.88
"CTS",135752,"/Date(1700463506000)/",26800,500,2017500,52714000000,1000,false,3.88
"CTS",135752,"/Date(1700463506000)/",26800,300,2017000,52701000000,1000,false,3.88
"CTS",135752,"/Date(1700463506000)/",26800,100,2016700,52693000000,1000,false,3.88
"CTS",135752,"/Date(1700463506000)/",26800,1000,2016600,52690000000,1000,false,3.88
"CTS",135752,"/Date(1700463506000)/",26800,300,2015600,52663000000,1000,false,3.88
"CTS",135752,"/Date(1700463506000)/",26800,1000,2015300,52655000000,1000,false,3.88
"CTS",135752,"/Date(1700463506000)/",26800,1000,2014300,52628000000,1000,false,3.88
"CTS",135752,"/Date(1700463506000)/",26800,1700,2013300,52602000000,1000,false,3.88
"CTS",135752,"/Date(1700463505000)/",26750,100,2011600,52556000000,950,true,3.68
"CTS",135748,"/Date(1700463503000)/",26800,2500,2011500,52553000000,1000,false,3.88
"CTS",135748,"/Date(1700463501000)/",26800,2000,2009000,52486000000,1000,false,3.88
"CTS",135748,"/Date(1700463500000)/",26800,3800,2007000,52433000000,1000,false,3.88
"CTS",135748,"/Date(1700463500000)/",26800,100,2003200,52331000000,1000,false,3.88
"CTS",135748,"/Date(1700463500000)/",26800,100,2003100,52328000000,1000,false,3.88
"CTS",135742,"/Date(1700463495000)/",26800,900,2003000,52326000000,1000,false,3.88
"CTS",135742,"/Date(1700463495000)/",26800,100,2002100,52301000000,1000,false,3.88
"CTS",135739,"/Date(1700463493000)/",26750,1200,2002000,52299000000,950,false,3.68
"CTS",135739,"/Date(1700463493000)/",26750,8200,2000800,52267000000,950,false,3.68
"CTS",135739,"/Date(1700463491000)/",26750,9000,1992600,52047000000,950,false,3.68
"CTS",135736,"/Date(1700463490000)/",26750,2800,1983600,51807000000,950,false,3.68
"CTS",135736,"/Date(1700463490000)/",26750,1200,1980800,51732000000,950,false,3.68
"CTS",135736,"/Date(1700463490000)/",26750,100,1979600,51700000000,950,false,3.68
"CTS",135736,"/Date(1700463490000)/",26750,300,1979500,51697000000,950,false,3.68
"CTS",135736,"/Date(1700463490000)/",26750,3000,1979200,51689000000,950,false,3.68
"CTS",135736,"/Date(1700463490000)/",26750,2000,1976200,51609000000,950,false,3.68
"CTS",135736,"/Date(1700463490000)/",26750,100,1974200,51555000000,950,false,3.68
"CTS",135736,"/Date(1700463490000)/",26750,800,1974100,51552000000,950,false,3.68
"CTS",135736,"/Date(1700463489000)/",26750,500,1973300,51531000000,950,false,3.68
"CTS",135736,"/Date(1700463488000)/",26750,2000,1972800,51518000000,950,false,3.68
"CTS",135736,"/Date(1700463487000)/",26750,100,1970800,51464000000,950,false,3.68
"CTS",135736,"/Date(1700463487000)/",26750,100,1970700,51461000000,950,false,3.68
"CTS",135732,"/Date(1700463484000)/",26750,800,1970600,51459000000,950,false,3.68
"CTS",135729,"/Date(1700463482000)/",26750,200,1969800,51437000000,950,false,3.68
"CTS",135729,"/Date(1700463481000)/",26750,500,1969600,51432000000,950,false,3.68
"CTS",135726,"/Date(1700463478000)/",26700,10000,1969100,51419000000,900,false,3.49
"CTS",135726,"/Date(1700463478000)/",26700,5000,1959100,51152000000,900,false,3.49
"CTS",135723,"/Date(1700463477000)/",26700,1000,1954100,51018000000,900,false,3.49
"CTS",135723,"/Date(1700463477000)/",26700,4000,1953100,50991000000,900,false,3.49
"CTS",135723,"/Date(1700463477000)/",26700,100,1949100,50885000000,900,false,3.49
"CTS",135723,"/Date(1700463477000)/",26700,4900,1949000,50882000000,900,false,3.49
"CTS",135723,"/Date(1700463477000)/",26700,300,1944100,50751000000,900,false,3.49
"CTS",135723,"/Date(1700463477000)/",26700,8000,1943800,50743000000,900,false,3.49
"CTS",135723,"/Date(1700463477000)/",26700,300,1935800,50530000000,900,false,3.49
"CTS",135723,"/Date(1700463476000)/",26700,200,1935500,50522000000,900,false,3.49
"CTS",135723,"/Date(1700463476000)/",26700,1000,1935300,50516000000,900,false,3.49
"CTS",135723,"/Date(1700463475000)/",26700,200,1934300,50489000000,900,false,3.49
"CTS",135723,"/Date(1700463474000)/",26700,5000,1934100,50484000000,900,false,3.49
"CTS",135720,"/Date(1700463472000)/",26700,100,1929100,50351000000,900,false,3.49
"CTS",135720,"/Date(1700463472000)/",26700,4900,1929000,50348000000,900,false,3.49
"CTS",135716,"/Date(1700463468000)/",26700,500,1924100,50217000000,900,false,3.49
"CTS",135716,"/Date(1700463468000)/",26700,2000,1923600,50204000000,900,false,3.49
"CTS",135716,"/Date(1700463468000)/",26700,2000,1921600,50150000000,900,false,3.49
"CTS",135716,"/Date(1700463468000)/",26700,1000,1919600,50097000000,900,false,3.49
"CTS",135716,"/Date(1700463468000)/",26700,3000,1918600,50070000000,900,false,3.49
"CTS",135716,"/Date(1700463468000)/",26700,500,1915600,49990000000,900,false,3.49
"CTS",135716,"/Date(1700463468000)/",26700,100,1915100,49977000000,900,false,3.49
"CTS",135716,"/Date(1700463468000)/",26700,100,1915000,49974000000,900,false,3.49
"CTS",135716,"/Date(1700463468000)/",26700,600,1914900,49971000000,900,false,3.49
"CTS",135716,"/Date(1700463468000)/",26700,1000,1914300,49955000000,900,false,3.49
"CTS",135716,"/Date(1700463468000)/",26700,5000,1913300,49929000000,900,false,3.49
"CTS",135716,"/Date(1700463468000)/",26700,100,1908300,49795000000,900,false,3.49
"CTS",135716,"/Date(1700463468000)/",26700,200,1908200,49793000000,900,false,3.49
"CTS",135716,"/Date(1700463468000)/",26700,3900,1908000,49787000000,900,false,3.49
"CTS",135713,"/Date(1700463467000)/",26700,1100,1904100,49683000000,900,false,3.49
"CTS",135713,"/Date(1700463467000)/",26700,800,1903000,49654000000,900,false,3.49
"CTS",135710,"/Date(1700463461000)/",26700,1200,1902200,49632000000,900,false,3.49
"CTS",135710,"/Date(1700463461000)/",26700,2000,1901000,49600000000,900,false,3.49
"CTS",135710,"/Date(1700463461000)/",26700,100,1899000,49547000000,900,false,3.49
"CTS",135710,"/Date(1700463461000)/",26700,300,1898900,49544000000,900,false,3.49
"CTS",135710,"/Date(1700463461000)/",26700,400,1898600,49536000000,900,false,3.49
"CTS",135707,"/Date(1700463460000)/",26650,100,1898200,49526000000,850,false,3.29
"CTS",135707,"/Date(1700463460000)/",26650,16900,1898100,49523000000,850,false,3.29
"CTS",135657,"/Date(1700463451000)/",26650,1100,1881200,49073000000,850,false,3.29
"CTS",135657,"/Date(1700463449000)/",26650,500,1880100,49043000000,850,false,3.29
"CTS",135651,"/Date(1700463444000)/",26650,1500,1879600,49030000000,850,false,3.29
"CTS",135651,"/Date(1700463444000)/",26650,100,1878100,48990000000,850,false,3.29
"CTS",135651,"/Date(1700463444000)/",26650,300,1878000,48987000000,850,false,3.29
"CTS",135651,"/Date(1700463444000)/",26650,6000,1877700,48979000000,850,false,3.29
"CTS",135651,"/Date(1700463444000)/",26650,9900,1871700,48819000000,850,false,3.29
"CTS",135651,"/Date(1700463443000)/",26650,1000,1861800,48556000000,850,false,3.29
"CTS",135635,"/Date(1700463428000)/",26650,500,1860800,48529000000,850,false,3.29
"CTS",135629,"/Date(1700463422000)/",26650,400,1860300,48516000000,850,false,3.29
"CTS",135629,"/Date(1700463422000)/",26650,100,1859900,48505000000,850,false,3.29
"CTS",135629,"/Date(1700463422000)/",26650,3000,1859800,48502000000,850,false,3.29
"CTS",135629,"/Date(1700463422000)/",26650,2000,1856800,48422000000,850,false,3.29
"CTS",135629,"/Date(1700463422000)/",26650,2000,1854800,48369000000,850,false,3.29
"CTS",135629,"/Date(1700463422000)/",26650,1000,1852800,48316000000,850,false,3.29
"CTS",135629,"/Date(1700463422000)/",26650,500,1851800,48289000000,850,false,3.29
"CTS",135629,"/Date(1700463422000)/",26650,100,1851300,48276000000,850,false,3.29
"CTS",135629,"/Date(1700463422000)/",26650,900,1851200,48273000000,850,false,3.29
"CTS",135629,"/Date(1700463422000)/",26600,1000,1850300,48249000000,800,true,3.1
"CTS",135629,"/Date(1700463422000)/",26600,3100,1849300,48222000000,800,true,3.1
"CTS",135629,"/Date(1700463421000)/",26600,100,1846200,48140000000,800,true,3.1
"CTS",135629,"/Date(1700463420000)/",26600,1000,1846100,48137000000,800,true,3.1
"CTS",135625,"/Date(1700463419000)/",26600,3100,1845100,48111000000,800,false,3.1
"CTS",135622,"/Date(1700463415000)/",26600,3000,1842000,48028000000,800,false,3.1
"CTS",135622,"/Date(1700463414000)/",26600,8000,1839000,47948000000,800,false,3.1
"CTS",135622,"/Date(1700463414000)/",26600,1700,1831000,47736000000,800,false,3.1
"CTS",135619,"/Date(1700463412000)/",26650,400,1829300,47690000000,850,false,3.29
"CTS",135619,"/Date(1700463412000)/",26600,3300,1828900,47680000000,800,true,3.1
"CTS",135619,"/Date(1700463410000)/",26600,200,1825600,47592000000,800,true,3.1
"CTS",135619,"/Date(1700463410000)/",26600,1000,1825400,47587000000,800,true,3.1
"CTS",135619,"/Date(1700463410000)/",26600,500,1824400,47560000000,800,true,3.1
"CTS",135609,"/Date(1700463404000)/",26600,1000,1823900,47547000000,800,true,3.1
"CTS",135609,"/Date(1700463404000)/",26600,8500,1822900,47520000000,800,true,3.1
"CTS",135609,"/Date(1700463402000)/",26600,1500,1814400,47294000000,800,true,3.1
"CTS",135609,"/Date(1700463402000)/",26600,1000,1812900,47254000000,800,true,3.1
"CTS",135609,"/Date(1700463402000)/",26600,1000,1811900,47228000000,800,true,3.1
"CTS",135609,"/Date(1700463402000)/",26600,500,1810900,47201000000,800,true,3.1
"CTS",135609,"/Date(1700463402000)/",26600,6000,1810400,47188000000,800,true,3.1
"CTS",135603,"/Date(1700463397000)/",26600,2500,1804400,47028000000,800,false,3.1
"CTS",135603,"/Date(1700463396000)/",26550,200,1801900,46962000000,750,true,2.91
"CTS",135537,"/Date(1700463369000)/",26550,500,1801700,46956000000,750,true,2.91
"CTS",135531,"/Date(1700463361000)/",26550,500,1801200,46943000000,750,false,2.91
"CTS",135521,"/Date(1700463355000)/",26550,300,1800700,46930000000,750,true,2.91
"CTS",135521,"/Date(1700463354000)/",26550,1000,1800400,46922000000,750,true,2.91
"CTS",135521,"/Date(1700463354000)/",26550,500,1799400,46895000000,750,true,2.91
"CTS",135521,"/Date(1700463354000)/",26550,500,1798900,46882000000,750,true,2.91
"CTS",135521,"/Date(1700463354000)/",26550,2000,1798400,46869000000,750,true,2.91
"CTS",135521,"/Date(1700463354000)/",26550,1000,1796400,46816000000,750,true,2.91
"CTS",135521,"/Date(1700463354000)/",26550,100,1795400,46789000000,750,true,2.91
"CTS",135508,"/Date(1700463343000)/",26600,2500,1795300,46786000000,800,false,3.1
"CTS",135508,"/Date(1700463342000)/",26600,1000,1792800,46720000000,800,false,3.1
"CTS",135508,"/Date(1700463340000)/",26600,1000,1791800,46693000000,800,false,3.1
"CTS",135505,"/Date(1700463337000)/",26600,500,1790800,46667000000,800,false,3.1
"CTS",135505,"/Date(1700463337000)/",26600,1500,1790300,46653000000,800,false,3.1
"CTS",135505,"/Date(1700463337000)/",26600,500,1788800,46613000000,800,false,3.1
"CTS",135505,"/Date(1700463337000)/",26600,400,1788300,46600000000,800,false,3.1
"CTS",135452,"/Date(1700463324000)/",26600,1000,1787900,46590000000,800,false,3.1
"CTS",135452,"/Date(1700463324000)/",26600,100,1786900,46563000000,800,false,3.1
"CTS",135452,"/Date(1700463324000)/",26600,500,1786800,46560000000,800,false,3.1
"CTS",135446,"/Date(1700463318000)/",26600,400,1786300,46547000000,800,false,3.1
"CTS",135446,"/Date(1700463318000)/",26600,600,1785900,46536000000,800,false,3.1
"CTS",135446,"/Date(1700463317000)/",26600,100,1785300,46520000000,800,false,3.1
"CTS",135443,"/Date(1700463316000)/",26600,500,1785200,46518000000,800,false,3.1
"CTS",135440,"/Date(1700463312000)/",26600,5000,1784700,46504000000,800,false,3.1
"CTS",135436,"/Date(1700463308000)/",26600,600,1779700,46371000000,800,false,3.1
"CTS",135430,"/Date(1700463303000)/",26600,2000,1779100,46355000000,800,false,3.1
"CTS",135424,"/Date(1700463296000)/",26600,5000,1777100,46302000000,800,false,3.1
"CTS",135414,"/Date(1700463286000)/",26600,100,1772100,46169000000,800,false,3.1
"CTS",135408,"/Date(1700463281000)/",26600,500,1772000,46167000000,800,false,3.1
"CTS",135358,"/Date(1700463272000)/",26600,500,1771500,46153000000,800,false,3.1
"CTS",135355,"/Date(1700463266000)/",26550,100,1771000,46140000000,750,true,2.91
"CTS",135355,"/Date(1700463266000)/",26550,500,1770900,46137000000,750,true,2.91
"CTS",135332,"/Date(1700463245000)/",26600,1000,1770400,46124000000,800,false,3.1
"CTS",135323,"/Date(1700463235000)/",26600,1000,1769400,46097000000,800,false,3.1
"CTS",135323,"/Date(1700463234000)/",26600,1000,1768400,46071000000,800,false,3.1
"CTS",135316,"/Date(1700463230000)/",26600,2000,1767400,46044000000,800,false,3.1
"CTS",135310,"/Date(1700463222000)/",26600,100,1765400,45991000000,800,false,3.1
"CTS",135307,"/Date(1700463219000)/",26600,800,1765300,45988000000,800,false,3.1
"CTS",135307,"/Date(1700463218000)/",26600,300,1764500,45967000000,800,false,3.1
"CTS",135307,"/Date(1700463218000)/",26600,200,1764200,45959000000,800,false,3.1
"CTS",135304,"/Date(1700463216000)/",26600,7200,1764000,45954000000,800,false,3.1
"CTS",135300,"/Date(1700463213000)/",26600,500,1756800,45762000000,800,false,3.1
"CTS",135257,"/Date(1700463210000)/",26600,10000,1756300,45749000000,800,false,3.1
"CTS",135251,"/Date(1700463203000)/",26600,500,1746300,45483000000,800,false,3.1
"CTS",135248,"/Date(1700463201000)/",26600,300,1745800,45470000000,800,false,3.1
"CTS",135244,"/Date(1700463195000)/",26600,200,1745500,45462000000,800,true,3.1
"CTS",135241,"/Date(1700463194000)/",26600,100,1745300,45456000000,800,false,3.1
"CTS",135241,"/Date(1700463194000)/",26600,2000,1745200,45454000000,800,false,3.1
"CTS",135241,"/Date(1700463194000)/",26600,500,1743200,45401000000,800,false,3.1
"CTS",135241,"/Date(1700463194000)/",26600,200,1742700,45387000000,800,false,3.1
"CTS",135238,"/Date(1700463191000)/",26600,800,1742500,45382000000,800,false,3.1
"CTS",135238,"/Date(1700463191000)/",26600,100,1741700,45361000000,800,false,3.1
"CTS",135238,"/Date(1700463191000)/",26600,100,1741600,45358000000,800,false,3.1
"CTS",135216,"/Date(1700463169000)/",26550,200,1741500,45355000000,750,false,2.91
"CTS",135216,"/Date(1700463169000)/",26550,200,1741300,45350000000,750,false,2.91
"CTS",135216,"/Date(1700463169000)/",26550,100,1741100,45345000000,750,false,2.91
"CTS",135209,"/Date(1700463160000)/",26500,300,1741000,45342000000,700,false,2.71
"CTS",135209,"/Date(1700463160000)/",26500,100,1740700,45334000000,700,false,2.71
"CTS",135209,"/Date(1700463160000)/",26500,1000,1740600,45331000000,700,false,2.71
"CTS",135209,"/Date(1700463160000)/",26500,7100,1739600,45305000000,700,false,2.71
"CTS",135206,"/Date(1700463158000)/",26500,100,1732500,45117000000,700,false,2.71
"CTS",135137,"/Date(1700463129000)/",26500,100,1732400,45114000000,700,false,2.71
"CTS",135134,"/Date(1700463126000)/",26500,6100,1732300,45112000000,700,false,2.71
"CTS",135118,"/Date(1700463111000)/",26500,200,1726200,44950000000,700,false,2.71
"CTS",135105,"/Date(1700463098000)/",26500,700,1726000,44945000000,700,true,2.71
"CTS",135105,"/Date(1700463098000)/",26500,2800,1725300,44926000000,700,true,2.71
"CTS",135056,"/Date(1700463089000)/",26500,1200,1722500,44852000000,700,true,2.71
"CTS",135056,"/Date(1700463089000)/",26500,2000,1721300,44820000000,700,true,2.71
"CTS",135056,"/Date(1700463089000)/",26500,200,1719300,44767000000,700,true,2.71
"CTS",135056,"/Date(1700463089000)/",26500,4000,1719100,44762000000,700,true,2.71
"CTS",135024,"/Date(1700463056000)/",26500,500,1715100,44656000000,700,true,2.71
"CTS",135014,"/Date(1700463048000)/",26500,1000,1714600,44642000000,700,false,2.71
"CTS",135011,"/Date(1700463043000)/",26500,500,1713600,44616000000,700,false,2.71
"CTS",135001,"/Date(1700463035000)/",26500,500,1713100,44603000000,700,true,2.71
"CTS",134939,"/Date(1700463011000)/",26500,500,1712600,44589000000,700,false,2.71
"CTS",134939,"/Date(1700463011000)/",26500,3500,1712100,44576000000,700,false,2.71
"CTS",134857,"/Date(1700462970000)/",26500,400,1708600,44483000000,700,false,2.71
"CTS",134822,"/Date(1700462933000)/",26500,100,1708200,44473000000,700,true,2.71
"CTS",134809,"/Date(1700462921000)/",26550,500,1708100,44470000000,750,true,2.91
"CTS",134809,"/Date(1700462921000)/",26550,1000,1707600,44457000000,750,true,2.91
"CTS",134809,"/Date(1700462921000)/",26550,100,1706600,44430000000,750,true,2.91
"CTS",134809,"/Date(1700462921000)/",26550,1000,1706500,44428000000,750,true,2.91
"CTS",134718,"/Date(1700462870000)/",26600,1200,1705500,44401000000,800,false,3.1
"CTS",134611,"/Date(1700462803000)/",26600,1700,1704300,44369000000,800,false,3.1
"CTS",134611,"/Date(1700462803000)/",26600,1300,1702600,44324000000,800,false,3.1
"CTS",134604,"/Date(1700462797000)/",26600,100,1701300,44289000000,800,false,3.1
"CTS",134555,"/Date(1700462786000)/",26600,400,1701200,44287000000,800,false,3.1
"CTS",134551,"/Date(1700462784000)/",26600,200,1700800,44276000000,800,false,3.1
"CTS",134535,"/Date(1700462767000)/",26600,600,1700600,44271000000,800,false,3.1
"CTS",134535,"/Date(1700462767000)/",26600,3000,1700000,44255000000,800,false,3.1
"CTS",134535,"/Date(1700462767000)/",26600,300,1697000,44175000000,800,false,3.1
"CTS",134510,"/Date(1700462743000)/",26600,700,1696700,44167000000,800,false,3.1
"CTS",134510,"/Date(1700462743000)/",26600,100,1696000,44148000000,800,false,3.1
"CTS",134510,"/Date(1700462743000)/",26600,100,1695900,44146000000,800,false,3.1
"CTS",134510,"/Date(1700462743000)/",26600,300,1695800,44143000000,800,false,3.1
"CTS",134500,"/Date(1700462733000)/",26550,100,1695500,44135000000,750,false,2.91
"CTS",134500,"/Date(1700462733000)/",26550,300,1695400,44133000000,750,false,2.91
"CTS",134500,"/Date(1700462731000)/",26550,1000,1695100,44125000000,750,false,2.91
"CTS",134500,"/Date(1700462731000)/",26550,2500,1694100,44098000000,750,false,2.91
"CTS",134428,"/Date(1700462700000)/",26500,1000,1691600,44032000000,700,false,2.71
"CTS",134428,"/Date(1700462700000)/",26500,200,1690600,44005000000,700,false,2.71
"CTS",134428,"/Date(1700462700000)/",26500,1600,1690400,44000000000,700,false,2.71
"CTS",134422,"/Date(1700462692000)/",26400,1000,1688800,43957000000,600,true,2.33
"CTS",134422,"/Date(1700462692000)/",26500,1400,1687800,43931000000,700,false,2.71
"CTS",134422,"/Date(1700462692000)/",26500,1000,1686400,43894000000,700,false,2.71
"CTS",134422,"/Date(1700462692000)/",26500,100,1685400,43867000000,700,false,2.71
"CTS",134422,"/Date(1700462692000)/",26500,300,1685300,43865000000,700,false,2.71
"CTS",134422,"/Date(1700462692000)/",26500,3200,1685000,43857000000,700,false,2.71
"CTS",134409,"/Date(1700462681000)/",26500,100,1681800,43772000000,700,false,2.71
"CTS",134409,"/Date(1700462679000)/",26500,200,1681700,43769000000,700,false,2.71
"CTS",134409,"/Date(1700462679000)/",26500,300,1681500,43764000000,700,false,2.71
"CTS",134350,"/Date(1700462661000)/",26500,1700,1681200,43756000000,700,false,2.71
"CTS",134350,"/Date(1700462661000)/",26500,100,1679500,43711000000,700,false,2.71
"CTS",134350,"/Date(1700462661000)/",26500,100,1679400,43708000000,700,false,2.71
"CTS",134350,"/Date(1700462661000)/",26500,1100,1679300,43706000000,700,false,2.71
"CTS",134311,"/Date(1700462622000)/",26500,1000,1678200,43677000000,700,false,2.71
"CTS",134311,"/Date(1700462622000)/",26500,1000,1677200,43650000000,700,false,2.71
"CTS",134311,"/Date(1700462622000)/",26500,1100,1676200,43624000000,700,false,2.71
"CTS",134311,"/Date(1700462622000)/",26500,200,1675100,43594000000,700,false,2.71
"CTS",134308,"/Date(1700462621000)/",26500,100,1674900,43589000000,700,true,2.71
"CTS",134305,"/Date(1700462617000)/",26500,100,1674800,43587000000,700,true,2.71
"CTS",134259,"/Date(1700462611000)/",26500,100,1674700,43584000000,700,true,2.71
"CTS",134249,"/Date(1700462599000)/",26500,500,1674600,43581000000,700,true,2.71
"CTS",134246,"/Date(1700462598000)/",26500,7900,1674100,43568000000,700,true,2.71
"CTS",134246,"/Date(1700462598000)/",26500,26000,1666200,43359000000,700,true,2.71
"CTS",134243,"/Date(1700462594000)/",26500,100,1640200,42670000000,700,true,2.71
"CTS",134227,"/Date(1700462579000)/",26500,200,1640100,42667000000,700,true,2.71
"CTS",134227,"/Date(1700462577000)/",26500,2000,1639900,42662000000,700,true,2.71
"CTS",134227,"/Date(1700462577000)/",26500,5600,1637900,42609000000,700,true,2.71
"CTS",134227,"/Date(1700462577000)/",26500,100,1632300,42460000000,700,true,2.71
"CTS",134223,"/Date(1700462575000)/",26500,100,1632200,42458000000,700,true,2.71
"CTS",134220,"/Date(1700462573000)/",26500,100,1632100,42455000000,700,true,2.71
"CTS",134211,"/Date(1700462563000)/",26500,19900,1632000,42452000000,700,true,2.71
"CTS",134151,"/Date(1700462544000)/",26550,500,1612100,41925000000,750,true,2.91
"CTS",134151,"/Date(1700462544000)/",26550,2000,1611600,41912000000,750,true,2.91
"CTS",134151,"/Date(1700462543000)/",26600,100,1609600,41859000000,800,false,3.1
"CTS",134126,"/Date(1700462517000)/",26600,100,1609500,41856000000,800,true,3.1
"CTS",134126,"/Date(1700462517000)/",26600,500,1609400,41853000000,800,true,3.1
"CTS",134126,"/Date(1700462517000)/",26600,100,1608900,41840000000,800,true,3.1
"CTS",134126,"/Date(1700462516000)/",26600,400,1608800,41837000000,800,true,3.1
"CTS",134126,"/Date(1700462516000)/",26600,9600,1608400,41827000000,800,true,3.1
"CTS",134123,"/Date(1700462513000)/",26600,1000,1598800,41571000000,800,true,3.1
"CTS",134123,"/Date(1700462513000)/",26600,2000,1597800,41545000000,800,true,3.1
"CTS",134119,"/Date(1700462510000)/",26600,1500,1595800,41492000000,800,true,3.1
"CTS",134116,"/Date(1700462508000)/",26600,2000,1594300,41452000000,800,true,3.1
"CTS",134116,"/Date(1700462507000)/",26600,1000,1592300,41398000000,800,true,3.1
"CTS",134113,"/Date(1700462505000)/",26600,300,1591300,41372000000,800,true,3.1
"CTS",134113,"/Date(1700462503000)/",26600,1400,1591000,41364000000,800,true,3.1
"CTS",134110,"/Date(1700462502000)/",26600,100,1589600,41327000000,800,true,3.1
"CTS",134100,"/Date(1700462492000)/",26600,100,1589500,41324000000,800,true,3.1
"CTS",134035,"/Date(1700462466000)/",26650,500,1589400,41321000000,850,false,3.29
"CTS",134019,"/Date(1700462450000)/",26650,1000,1588900,41308000000,850,false,3.29
"CTS",134019,"/Date(1700462450000)/",26600,200,1587900,41281000000,800,true,3.1
"CTS",134019,"/Date(1700462450000)/",26650,2000,1587700,41276000000,850,false,3.29
"CTS",134019,"/Date(1700462450000)/",26650,3000,1585700,41223000000,850,false,3.29
"CTS",134019,"/Date(1700462450000)/",26650,1900,1582700,41143000000,850,false,3.29
"CTS",133950,"/Date(1700462420000)/",26700,600,1580800,41092000000,900,false,3.49
"CTS",133950,"/Date(1700462420000)/",26700,500,1580200,41076000000,900,false,3.49
"CTS",133950,"/Date(1700462420000)/",26700,100,1579700,41063000000,900,false,3.49
"CTS",133950,"/Date(1700462420000)/",26700,300,1579600,41060000000,900,false,3.49
"CTS",133950,"/Date(1700462420000)/",26700,400,1579300,41052000000,900,false,3.49
"CTS",133947,"/Date(1700462419000)/",26650,100,1578900,41041000000,850,true,3.29
"CTS",133947,"/Date(1700462419000)/",26650,600,1578800,41039000000,850,true,3.29
"CTS",133928,"/Date(1700462398000)/",26700,3800,1578200,41023000000,900,false,3.49
"CTS",133928,"/Date(1700462398000)/",26700,100,1574400,40921000000,900,false,3.49
"CTS",133928,"/Date(1700462398000)/",26700,300,1574300,40919000000,900,false,3.49
"CTS",133928,"/Date(1700462398000)/",26700,300,1574000,40911000000,900,false,3.49
"CTS",133928,"/Date(1700462398000)/",26700,100,1573700,40903000000,900,false,3.49
"CTS",133928,"/Date(1700462398000)/",26700,400,1573600,40900000000,900,false,3.49
"CTS",133928,"/Date(1700462397000)/",26650,100,1573200,40889000000,850,true,3.29
"CTS",133905,"/Date(1700462376000)/",26700,600,1573100,40887000000,900,false,3.49
"CTS",133905,"/Date(1700462376000)/",26700,100,1572500,40871000000,900,false,3.49
"CTS",133905,"/Date(1700462376000)/",26700,300,1572400,40868000000,900,false,3.49
"CTS",133905,"/Date(1700462375000)/",26650,300,1572100,40860000000,850,true,3.29
"CTS",133905,"/Date(1700462375000)/",26650,200,1571800,40852000000,850,true,3.29
"CTS",133843,"/Date(1700462355000)/",26700,800,1571600,40847000000,900,false,3.49
"CTS",133836,"/Date(1700462347000)/",26650,2000,1570800,40825000000,850,true,3.29
"CTS",133830,"/Date(1700462341000)/",26650,500,1568800,40772000000,850,true,3.29
"CTS",133827,"/Date(1700462339000)/",26650,500,1568300,40759000000,850,true,3.29
"CTS",133827,"/Date(1700462338000)/",26650,100,1567800,40745000000,850,true,3.29
"CTS",133827,"/Date(1700462338000)/",26650,1700,1567700,40743000000,850,true,3.29
"CTS",133824,"/Date(1700462335000)/",26650,2000,1566000,40697000000,850,false,3.29
"CTS",133811,"/Date(1700462321000)/",26650,300,1564000,40644000000,850,false,3.29
"CTS",133811,"/Date(1700462321000)/",26600,100,1563700,40636000000,800,true,3.1
"CTS",133808,"/Date(1700462318000)/",26650,3000,1563600,40633000000,850,false,3.29
"CTS",133758,"/Date(1700462308000)/",26600,300,1560600,40553000000,800,true,3.1
"CTS",133755,"/Date(1700462305000)/",26650,200,1560300,40545000000,850,false,3.29
"CTS",133752,"/Date(1700462303000)/",26650,500,1560100,40540000000,850,false,3.29
"CTS",133748,"/Date(1700462301000)/",26650,100,1559600,40527000000,850,true,3.29
"CTS",133748,"/Date(1700462301000)/",26700,100,1559500,40524000000,900,false,3.49
"CTS",133745,"/Date(1700462297000)/",26700,300,1559400,40521000000,900,false,3.49
"CTS",133745,"/Date(1700462297000)/",26700,1000,1559100,40513000000,900,false,3.49
"CTS",133736,"/Date(1700462288000)/",26650,500,1558100,40487000000,850,true,3.29
"CTS",133732,"/Date(1700462282000)/",26650,300,1557600,40473000000,850,false,3.29
"CTS",133720,"/Date(1700462269000)/",26650,900,1557300,40465000000,850,false,3.29
"CTS",133720,"/Date(1700462269000)/",26650,3000,1556400,40441000000,850,false,3.29
"CTS",133716,"/Date(1700462268000)/",26650,400,1553400,40361000000,850,false,3.29
"CTS",133716,"/Date(1700462268000)/",26650,100,1553000,40351000000,850,false,3.29
"CTS",133713,"/Date(1700462264000)/",26650,300,1552900,40348000000,850,false,3.29
"CTS",133713,"/Date(1700462264000)/",26650,100,1552600,40340000000,850,false,3.29
"CTS",133710,"/Date(1700462261000)/",26600,2000,1552500,40337000000,800,true,3.1
"CTS",133707,"/Date(1700462258000)/",26600,100,1550500,40284000000,800,false,3.1
"CTS",133707,"/Date(1700462258000)/",26600,200,1550400,40282000000,800,false,3.1
"CTS",133707,"/Date(1700462258000)/",26600,500,1550200,40276000000,800,false,3.1
"CTS",133707,"/Date(1700462258000)/",26600,200,1549700,40263000000,800,false,3.1
"CTS",133707,"/Date(1700462258000)/",26600,100,1549500,40258000000,800,false,3.1
"CTS",133707,"/Date(1700462258000)/",26600,200,1549400,40255000000,800,false,3.1
"CTS",133707,"/Date(1700462258000)/",26600,4000,1549200,40250000000,800,false,3.1
"CTS",133707,"/Date(1700462258000)/",26600,100,1545200,40143000000,800,false,3.1
"CTS",133707,"/Date(1700462258000)/",26600,3000,1545100,40141000000,800,false,3.1
"CTS",133657,"/Date(1700462248000)/",26550,500,1542100,40061000000,750,false,2.91
"CTS",133657,"/Date(1700462248000)/",26550,100,1541600,40048000000,750,false,2.91
"CTS",133648,"/Date(1700462239000)/",26500,9700,1541500,40045000000,700,false,2.71
"CTS",133648,"/Date(1700462239000)/",26500,1000,1531800,39788000000,700,false,2.71
"CTS",133648,"/Date(1700462239000)/",26500,100,1530800,39761000000,700,false,2.71
"CTS",133648,"/Date(1700462239000)/",26500,1000,1530700,39759000000,700,false,2.71
"CTS",133648,"/Date(1700462239000)/",26500,5000,1529700,39732000000,700,false,2.71
"CTS",133648,"/Date(1700462239000)/",26500,500,1524700,39600000000,700,false,2.71
"CTS",133648,"/Date(1700462239000)/",26500,500,1524200,39586000000,700,false,2.71
"CTS",133648,"/Date(1700462239000)/",26500,500,1523700,39573000000,700,false,2.71
"CTS",133648,"/Date(1700462239000)/",26500,1500,1523200,39560000000,700,false,2.71
"CTS",133648,"/Date(1700462239000)/",26500,200,1521700,39520000000,700,false,2.71
"CTS",133648,"/Date(1700462239000)/",26500,400,1521500,39515000000,700,false,2.71
"CTS",133648,"/Date(1700462239000)/",26500,200,1521100,39504000000,700,false,2.71
"CTS",133648,"/Date(1700462239000)/",26500,2000,1520900,39499000000,700,false,2.71
"CTS",133648,"/Date(1700462239000)/",26500,400,1518900,39446000000,700,false,2.71
"CTS",133648,"/Date(1700462239000)/",26500,200,1518500,39435000000,700,false,2.71
"CTS",133648,"/Date(1700462239000)/",26500,1000,1518300,39430000000,700,false,2.71
"CTS",133648,"/Date(1700462239000)/",26500,500,1517300,39404000000,700,false,2.71
"CTS",133648,"/Date(1700462239000)/",26500,100,1516800,39390000000,700,false,2.71
"CTS",133648,"/Date(1700462239000)/",26500,1000,1516700,39388000000,700,false,2.71
"CTS",133648,"/Date(1700462239000)/",26500,1000,1515700,39361000000,700,false,2.71
"CTS",133648,"/Date(1700462239000)/",26500,1000,1514700,39335000000,700,false,2.71
"CTS",133648,"/Date(1700462239000)/",26500,1000,1513700,39308000000,700,false,2.71
"CTS",133648,"/Date(1700462239000)/",26500,200,1512700,39282000000,700,false,2.71
"CTS",133648,"/Date(1700462239000)/",26500,1000,1512500,39276000000,700,false,2.71
"CTS",133648,"/Date(1700462239000)/",26500,10000,1511500,39250000000,700,false,2.71
"CTS",133648,"/Date(1700462239000)/",26500,1000,1501500,38985000000,700,false,2.71
"CTS",133648,"/Date(1700462239000)/",26500,100,1500500,38958000000,700,false,2.71
"CTS",133648,"/Date(1700462239000)/",26500,2000,1500400,38956000000,700,false,2.71
"CTS",133648,"/Date(1700462239000)/",26500,2000,1498400,38903000000,700,false,2.71
"CTS",133648,"/Date(1700462239000)/",26500,400,1496400,38850000000,700,false,2.71
"CTS",133648,"/Date(1700462239000)/",26500,200,1496000,38839000000,700,false,2.71
"CTS",133648,"/Date(1700462239000)/",26500,200,1495800,38834000000,700,false,2.71
"CTS",133644,"/Date(1700462235000)/",26450,100,1495600,38829000000,650,false,2.52
"CTS",133644,"/Date(1700462235000)/",26450,500,1495500,38826000000,650,false,2.52
"CTS",133644,"/Date(1700462235000)/",26450,500,1495000,38813000000,650,false,2.52
"CTS",133644,"/Date(1700462235000)/",26450,500,1494500,38799000000,650,false,2.52
"CTS",133644,"/Date(1700462235000)/",26450,100,1494000,38786000000,650,false,2.52
"CTS",133644,"/Date(1700462235000)/",26450,8300,1493900,38784000000,650,false,2.52
"CTS",133644,"/Date(1700462235000)/",26450,700,1485600,38564000000,650,false,2.52
"CTS",133641,"/Date(1700462232000)/",26450,1000,1484900,38545000000,650,false,2.52
"CTS",133631,"/Date(1700462221000)/",26400,100,1483900,38519000000,600,false,2.33
"CTS",133631,"/Date(1700462221000)/",26400,100,1483800,38516000000,600,false,2.33
"CTS",133631,"/Date(1700462221000)/",26400,100,1483700,38514000000,600,false,2.33
"CTS",133631,"/Date(1700462221000)/",26400,1900,1483600,38511000000,600,false,2.33
"CTS",133631,"/Date(1700462221000)/",26400,100,1481700,38461000000,600,false,2.33
"CTS",133631,"/Date(1700462221000)/",26400,900,1481600,38458000000,600,false,2.33
"CTS",133628,"/Date(1700462220000)/",26400,100,1480700,38435000000,600,false,2.33
"CTS",133628,"/Date(1700462220000)/",26400,500,1480600,38432000000,600,false,2.33
"CTS",133628,"/Date(1700462220000)/",26400,500,1480100,38419000000,600,false,2.33
"CTS",133628,"/Date(1700462220000)/",26400,100,1479600,38406000000,600,false,2.33
"CTS",133628,"/Date(1700462220000)/",26400,200,1479500,38403000000,600,false,2.33
"CTS",133628,"/Date(1700462220000)/",26400,1000,1479300,38398000000,600,false,2.33
"CTS",133628,"/Date(1700462220000)/",26400,100,1478300,38371000000,600,false,2.33
"CTS",133628,"/Date(1700462220000)/",26400,100,1478200,38369000000,600,false,2.33
"CTS",133628,"/Date(1700462220000)/",26400,100,1478100,38366000000,600,false,2.33
"CTS",133628,"/Date(1700462220000)/",26400,25000,1478000,38363000000,600,false,2.33
"CTS",133628,"/Date(1700462220000)/",26400,1000,1453000,37703000000,600,false,2.33
"CTS",133628,"/Date(1700462220000)/",26400,1300,1452000,37677000000,600,false,2.33
"CTS",133625,"/Date(1700462217000)/",26400,3700,1450700,37643000000,600,false,2.33
"CTS",133625,"/Date(1700462217000)/",26400,300,1447000,37545000000,600,false,2.33
"CTS",133622,"/Date(1700462212000)/",26400,700,1446700,37537000000,600,false,2.33
"CTS",133622,"/Date(1700462212000)/",26400,500,1446000,37518000000,600,false,2.33
"CTS",133622,"/Date(1700462212000)/",26400,100,1445500,37505000000,600,false,2.33
"CTS",133622,"/Date(1700462212000)/",26400,100,1445400,37503000000,600,false,2.33
"CTS",133622,"/Date(1700462212000)/",26400,3600,1445300,37500000000,600,false,2.33
"CTS",133605,"/Date(1700462197000)/",26400,100,1441700,37405000000,600,false,2.33
"CTS",133605,"/Date(1700462195000)/",26350,9500,1441600,37402000000,550,true,2.13
"CTS",133602,"/Date(1700462193000)/",26350,500,1432100,37152000000,550,false,2.13
"CTS",133602,"/Date(1700462193000)/",26350,600,1431600,37139000000,550,false,2.13
"CTS",133559,"/Date(1700462190000)/",26350,3900,1431000,37123000000,550,false,2.13
"CTS",133559,"/Date(1700462190000)/",26350,1500,1427100,37020000000,550,false,2.13
"CTS",133559,"/Date(1700462190000)/",26350,2000,1425600,36981000000,550,false,2.13
"CTS",133559,"/Date(1700462190000)/",26350,1000,1423600,36928000000,550,false,2.13
"CTS",133559,"/Date(1700462190000)/",26350,100,1422600,36902000000,550,false,2.13
"CTS",133559,"/Date(1700462190000)/",26350,500,1422500,36899000000,550,false,2.13
"CTS",133559,"/Date(1700462190000)/",26350,1000,1422000,36886000000,550,false,2.13
"CTS",133556,"/Date(1700462186000)/",26300,300,1421000,36860000000,500,false,1.94
"CTS",133553,"/Date(1700462185000)/",26300,800,1420700,36852000000,500,false,1.94
"CTS",133553,"/Date(1700462185000)/",26300,200,1419900,36831000000,500,false,1.94
"CTS",133553,"/Date(1700462185000)/",26300,100,1419700,36825000000,500,false,1.94
"CTS",133553,"/Date(1700462185000)/",26300,100,1419600,36823000000,500,false,1.94
"CTS",133553,"/Date(1700462185000)/",26300,2000,1419500,36820000000,500,false,1.94
"CTS",133553,"/Date(1700462185000)/",26300,1800,1417500,36767000000,500,false,1.94
"CTS",133553,"/Date(1700462185000)/",26300,2000,1415700,36720000000,500,false,1.94
"CTS",133553,"/Date(1700462184000)/",26300,2000,1413700,36668000000,500,false,1.94
"CTS",133553,"/Date(1700462183000)/",26300,4000,1411700,36615000000,500,false,1.94
"CTS",133549,"/Date(1700462181000)/",26300,200,1407700,36510000000,500,false,1.94
"CTS",133549,"/Date(1700462181000)/",26300,1800,1407500,36504000000,500,false,1.94
"CTS",133549,"/Date(1700462181000)/",26300,4000,1405700,36457000000,500,false,1.94
"CTS",133549,"/Date(1700462180000)/",26300,1000,1401700,36352000000,500,false,1.94
"CTS",133543,"/Date(1700462173000)/",26300,1200,1400700,36326000000,500,false,1.94
"CTS",133543,"/Date(1700462173000)/",26300,100,1399500,36294000000,500,false,1.94
"CTS",133543,"/Date(1700462173000)/",26300,3700,1399400,36291000000,500,false,1.94
"CTS",133540,"/Date(1700462172000)/",26300,1000,1395700,36194000000,500,false,1.94
"CTS",133540,"/Date(1700462171000)/",26300,2000,1394700,36168000000,500,false,1.94
"CTS",133540,"/Date(1700462170000)/",26300,2000,1392700,36115000000,500,false,1.94
"CTS",133537,"/Date(1700462169000)/",26300,500,1390700,36063000000,500,false,1.94
"CTS",133537,"/Date(1700462169000)/",26300,1000,1390200,36049000000,500,false,1.94
"CTS",133537,"/Date(1700462168000)/",26300,2000,1389200,36023000000,500,false,1.94
"CTS",133533,"/Date(1700462165000)/",26300,800,1387200,35971000000,500,false,1.94
"CTS",133533,"/Date(1700462165000)/",26300,100,1386400,35950000000,500,false,1.94
"CTS",133533,"/Date(1700462165000)/",26300,100,1386300,35947000000,500,false,1.94
"CTS",133533,"/Date(1700462165000)/",26300,1000,1386200,35944000000,500,false,1.94
"CTS",133533,"/Date(1700462165000)/",26300,2000,1385200,35918000000,500,false,1.94
"CTS",133533,"/Date(1700462165000)/",26300,4300,1383200,35865000000,500,false,1.94
"CTS",133533,"/Date(1700462163000)/",26300,400,1378900,35752000000,500,false,1.94
"CTS",133530,"/Date(1700462162000)/",26300,3000,1378500,35742000000,500,false,1.94
"CTS",133527,"/Date(1700462158000)/",26300,2100,1375500,35663000000,500,false,1.94
"CTS",133514,"/Date(1700462146000)/",26300,500,1373400,35608000000,500,false,1.94
"CTS",133322,"/Date(1700462034000)/",26300,1100,1372900,35594000000,500,false,1.94
"CTS",133313,"/Date(1700462022000)/",26300,1400,1371800,35566000000,500,false,1.94
"CTS",133300,"/Date(1700462011000)/",26300,300,1370400,35529000000,500,false,1.94
"CTS",133209,"/Date(1700461959000)/",26300,1900,1370100,35521000000,500,false,1.94
"CTS",133209,"/Date(1700461959000)/",26300,900,1368200,35471000000,500,false,1.94
"CTS",133102,"/Date(1700461891000)/",26250,500,1367300,35447000000,450,true,1.74
"CTS",133007,"/Date(1700461839000)/",26250,100,1366800,35434000000,450,true,1.74
"CTS",132822,"/Date(1700461732000)/",26250,200,1366700,35431000000,450,true,1.74
"CTS",132750,"/Date(1700461699000)/",26250,9000,1366500,35426000000,450,true,1.74
"CTS",132750,"/Date(1700461699000)/",26250,500,1357500,35190000000,450,true,1.74
"CTS",132750,"/Date(1700461699000)/",26250,500,1357000,35177000000,450,true,1.74
"CTS",132734,"/Date(1700461685000)/",26300,1000,1356500,35164000000,500,false,1.94
"CTS",132643,"/Date(1700461632000)/",26300,1100,1355500,35137000000,500,false,1.94
"CTS",132633,"/Date(1700461621000)/",26300,500,1354400,35108000000,500,false,1.94
"CTS",132558,"/Date(1700461589000)/",26300,1000,1353900,35095000000,500,false,1.94
"CTS",132454,"/Date(1700461522000)/",26250,100,1352900,35069000000,450,false,1.74
"CTS",132454,"/Date(1700461522000)/",26250,400,1352800,35066000000,450,false,1.74
"CTS",132337,"/Date(1700461446000)/",26250,500,1352400,35056000000,450,false,1.74
"CTS",132334,"/Date(1700461444000)/",26200,1100,1351900,35043000000,400,true,1.55
"CTS",132334,"/Date(1700461444000)/",26200,400,1350800,35014000000,400,true,1.55
"CTS",132334,"/Date(1700461444000)/",26200,1000,1350400,35003000000,400,true,1.55
"CTS",132308,"/Date(1700461417000)/",26250,100,1349400,34977000000,450,false,1.74
"CTS",132255,"/Date(1700461406000)/",26300,500,1349300,34975000000,500,false,1.94
"CTS",132255,"/Date(1700461406000)/",26300,200,1348800,34961000000,500,false,1.94
"CTS",132255,"/Date(1700461406000)/",26300,300,1348600,34956000000,500,false,1.94
"CTS",132249,"/Date(1700461398000)/",26250,100,1348300,34948000000,450,true,1.74
"CTS",132249,"/Date(1700461398000)/",26250,400,1348200,34946000000,450,true,1.74
"CTS",132246,"/Date(1700461395000)/",26250,100,1347800,34935000000,450,true,1.74
"CTS",132246,"/Date(1700461395000)/",26250,900,1347700,34933000000,450,true,1.74
"CTS",132226,"/Date(1700461376000)/",26250,1000,1346800,34909000000,450,true,1.74
"CTS",132103,"/Date(1700461292000)/",26250,100,1345800,34883000000,450,false,1.74
"CTS",132047,"/Date(1700461275000)/",26250,400,1345700,34880000000,450,false,1.74
"CTS",132047,"/Date(1700461275000)/",26250,1000,1345300,34870000000,450,false,1.74
"CTS",132041,"/Date(1700461271000)/",26250,100,1344300,34843000000,450,true,1.74
"CTS",132002,"/Date(1700461232000)/",26250,100,1344200,34841000000,450,false,1.74
"CTS",132002,"/Date(1700461232000)/",26250,100,1344100,34838000000,450,false,1.74
"CTS",132002,"/Date(1700461232000)/",26250,200,1344000,34835000000,450,false,1.74
"CTS",131849,"/Date(1700461159000)/",26250,200,1343800,34830000000,450,true,1.74
"CTS",131849,"/Date(1700461159000)/",26250,200,1343600,34825000000,450,true,1.74
"CTS",131849,"/Date(1700461159000)/",26250,500,1343400,34820000000,450,true,1.74
"CTS",131849,"/Date(1700461159000)/",26250,200,1342900,34807000000,450,true,1.74
"CTS",131849,"/Date(1700461159000)/",26250,900,1342700,34801000000,450,true,1.74
"CTS",131823,"/Date(1700461132000)/",26250,1000,1341800,34778000000,450,true,1.74
"CTS",131804,"/Date(1700461113000)/",26250,1000,1340800,34751000000,450,true,1.74
"CTS",131758,"/Date(1700461107000)/",26250,1800,1339800,34725000000,450,true,1.74
"CTS",131748,"/Date(1700461097000)/",26250,100,1338000,34678000000,450,true,1.74
"CTS",131748,"/Date(1700461096000)/",26250,200,1337900,34675000000,450,true,1.74
"CTS",131729,"/Date(1700461078000)/",26250,100,1337700,34670000000,450,true,1.74
"CTS",131713,"/Date(1700461062000)/",26300,700,1337600,34667000000,500,false,1.94
"CTS",131713,"/Date(1700461062000)/",26300,1700,1336900,34649000000,500,false,1.94
"CTS",131703,"/Date(1700461054000)/",26250,900,1335200,34604000000,450,true,1.74
"CTS",131703,"/Date(1700461054000)/",26250,200,1334300,34581000000,450,true,1.74
"CTS",131703,"/Date(1700461054000)/",26250,1900,1334100,34575000000,450,true,1.74
"CTS",131703,"/Date(1700461054000)/",26250,3000,1332200,34526000000,450,true,1.74
"CTS",131657,"/Date(1700461046000)/",26300,300,1329200,34447000000,500,false,1.94
"CTS",131657,"/Date(1700461046000)/",26300,1000,1328900,34439000000,500,false,1.94
"CTS",131657,"/Date(1700461046000)/",26300,500,1327900,34413000000,500,false,1.94
"CTS",131657,"/Date(1700461046000)/",26300,200,1327400,34400000000,500,false,1.94
"CTS",131651,"/Date(1700461038000)/",26250,300,1327200,34394000000,450,true,1.74
"CTS",131651,"/Date(1700461038000)/",26250,1700,1326900,34386000000,450,true,1.74
"CTS",131635,"/Date(1700461022000)/",26300,500,1325200,34342000000,500,false,1.94
"CTS",131521,"/Date(1700460951000)/",26250,100,1324700,34329000000,450,true,1.74
"CTS",131505,"/Date(1700460935000)/",26250,2200,1324600,34326000000,450,true,1.74
"CTS",131505,"/Date(1700460934000)/",26250,1000,1322400,34268000000,450,true,1.74
"CTS",131502,"/Date(1700460932000)/",26250,1300,1321400,34242000000,450,false,1.74
"CTS",131439,"/Date(1700460909000)/",26250,400,1320100,34208000000,450,false,1.74
"CTS",131420,"/Date(1700460891000)/",26200,500,1319700,34197000000,400,false,1.55
"CTS",131420,"/Date(1700460891000)/",26200,1900,1319200,34184000000,400,false,1.55
"CTS",131420,"/Date(1700460891000)/",26200,1000,1317300,34134000000,400,false,1.55
"CTS",131420,"/Date(1700460891000)/",26200,1000,1316300,34108000000,400,false,1.55
"CTS",131420,"/Date(1700460891000)/",26200,2000,1315300,34082000000,400,false,1.55
"CTS",131420,"/Date(1700460889000)/",26150,300,1313300,34030000000,350,true,1.36
"CTS",131420,"/Date(1700460889000)/",26150,500,1313000,34022000000,350,true,1.36
"CTS",131336,"/Date(1700460846000)/",26150,600,1312500,34009000000,350,false,1.36
"CTS",131332,"/Date(1700460842000)/",26100,100,1311900,33993000000,300,true,1.16
"CTS",131329,"/Date(1700460839000)/",26150,400,1311800,33990000000,350,false,1.36
"CTS",131329,"/Date(1700460839000)/",26150,100,1311400,33980000000,350,false,1.36
"CTS",131235,"/Date(1700460783000)/",26050,600,1311300,33977000000,250,true,0.97
"CTS",131235,"/Date(1700460783000)/",26050,1300,1310700,33962000000,250,true,0.97
"CTS",131235,"/Date(1700460783000)/",26050,100,1309400,33928000000,250,true,0.97
"CTS",131141,"/Date(1700460730000)/",26050,800,1309300,33925000000,250,true,0.97
"CTS",131141,"/Date(1700460730000)/",26050,500,1308500,33904000000,250,true,0.97
"CTS",131141,"/Date(1700460730000)/",26050,1000,1308000,33891000000,250,true,0.97
"CTS",131141,"/Date(1700460730000)/",26050,1000,1307000,33865000000,250,true,0.97
"CTS",131141,"/Date(1700460730000)/",26050,1000,1306000,33839000000,250,true,0.97
"CTS",131141,"/Date(1700460730000)/",26050,1000,1305000,33813000000,250,true,0.97
"CTS",131141,"/Date(1700460730000)/",26050,2700,1304000,33787000000,250,true,0.97
"CTS",131141,"/Date(1700460730000)/",26100,1000,1301300,33717000000,300,false,1.16
"CTS",131141,"/Date(1700460730000)/",26100,1000,1300300,33691000000,300,false,1.16
"CTS",131115,"/Date(1700460703000)/",26150,100,1299300,33665000000,350,true,1.36
"CTS",131059,"/Date(1700460688000)/",26150,900,1299200,33662000000,350,true,1.36
"CTS",131049,"/Date(1700460678000)/",26150,500,1298300,33639000000,350,true,1.36
"CTS",131049,"/Date(1700460678000)/",26150,200,1297800,33625000000,350,true,1.36
"CTS",131024,"/Date(1700460654000)/",26150,700,1297600,33620000000,350,true,1.36
"CTS",131024,"/Date(1700460654000)/",26150,1000,1296900,33602000000,350,true,1.36
"CTS",131024,"/Date(1700460654000)/",26150,3000,1295900,33576000000,350,true,1.36
"CTS",131011,"/Date(1700460640000)/",26150,1900,1292900,33497000000,350,false,1.36
"CTS",131008,"/Date(1700460635000)/",26150,100,1291000,33448000000,350,false,1.36
"CTS",130958,"/Date(1700460627000)/",26150,1000,1290900,33445000000,350,false,1.36
"CTS",130958,"/Date(1700460626000)/",26100,200,1289900,33419000000,300,false,1.16
"CTS",130958,"/Date(1700460626000)/",26100,2000,1289700,33414000000,300,false,1.16
"CTS",130958,"/Date(1700460626000)/",26100,100,1287700,33361000000,300,false,1.16
"CTS",130958,"/Date(1700460626000)/",26100,100,1287600,33359000000,300,false,1.16
"CTS",130958,"/Date(1700460626000)/",26100,1000,1287500,33356000000,300,false,1.16
"CTS",130958,"/Date(1700460626000)/",26100,100,1286500,33330000000,300,false,1.16
"CTS",130958,"/Date(1700460626000)/",26100,500,1286400,33328000000,300,false,1.16
"CTS",130958,"/Date(1700460626000)/",26100,200,1285900,33314000000,300,false,1.16
"CTS",130958,"/Date(1700460626000)/",26100,500,1285700,33309000000,300,false,1.16
"CTS",130958,"/Date(1700460626000)/",26100,200,1285200,33296000000,300,false,1.16
"CTS",130958,"/Date(1700460626000)/",26100,3200,1285000,33291000000,300,false,1.16
"CTS",130936,"/Date(1700460603000)/",26150,500,1281800,33207000000,350,true,1.36
"CTS",130923,"/Date(1700460592000)/",26150,1800,1281300,33194000000,350,true,1.36
"CTS",130913,"/Date(1700460580000)/",26150,200,1279500,33147000000,350,true,1.36
"CTS",130913,"/Date(1700460580000)/",26150,200,1279300,33142000000,350,true,1.36
"CTS",130913,"/Date(1700460580000)/",26150,100,1279100,33137000000,350,true,1.36
