"Stockcode","Package","TradingDate","Price","Vol","TotalVol","TotalVal","Change","IsBuy","PerChange"
"IPA",144510,"/Date(1700466302000)/",15100,20000,368621,5503673600,200,true,1.34
"IPA",142940,"/Date(1700465380000)/",15200,5000,348621,5201673600,300,false,2.01
"IPA",142934,"/Date(1700465374000)/",15200,5000,343621,5125673600,300,false,2.01
"IPA",142839,"/Date(1700465319000)/",15200,11900,338621,5049673600,300,false,2.01
"IPA",142730,"/Date(1700465250000)/",15000,1000,326721,4868793600,100,true,0.67
"IPA",142639,"/Date(1700465199000)/",15200,1000,325721,4853793600,300,false,2.01
"IPA",142458,"/Date(1700465098000)/",15000,2500,324721,4838593600,100,false,0.67
"IPA",142455,"/Date(1700465095000)/",15000,1000,322221,4801093600,100,false,0.67
"IPA",142430,"/Date(1700465070000)/",15000,900,321221,4786093600,100,false,0.67
"IPA",142136,"/Date(1700464896000)/",15000,4700,320321,4772593600,100,false,0.67
"IPA",142120,"/Date(1700464880000)/",15000,200,315621,4702093600,100,true,0.67
"IPA",142001,"/Date(1700464801000)/",15100,3500,315421,4699093600,200,false,1.34
"IPA",141534,"/Date(1700464534000)/",15200,100,311921,4646243600,300,false,2.01
"IPA",141408,"/Date(1700464448000)/",15200,4500,311821,4644723600,300,false,2.01
"IPA",141358,"/Date(1700464438000)/",15200,2000,307321,4576323600,300,true,2.01
"IPA",140654,"/Date(1700464015000)/",15300,100,305321,4545923600,400,false,2.68
"IPA",140649,"/Date(1700464010000)/",15300,400,305221,4544393600,400,false,2.68
"IPA",140426,"/Date(1700463867000)/",15300,200,304821,4538273600,400,true,2.68
"IPA",140408,"/Date(1700463849000)/",15300,1200,304621,4535213600,400,true,2.68
"IPA",140319,"/Date(1700463800000)/",15300,2000,303421,4516853600,400,true,2.68
"IPA",140258,"/Date(1700463779000)/",15400,500,301421,4486253600,500,false,3.36
"IPA",140232,"/Date(1700463753000)/",15400,200,300921,4478553600,500,false,3.36
"IPA",140220,"/Date(1700463741000)/",15400,5000,300721,4475473600,500,false,3.36
"IPA",140157,"/Date(1700463718000)/",15400,2000,295721,4398473600,500,false,3.36
"IPA",140126,"/Date(1700463687000)/",15400,1000,293721,4367673600,500,false,3.36
"IPA",140109,"/Date(1700463670000)/",15300,800,292721,4352273600,400,false,2.68
"IPA",140101,"/Date(1700463662000)/",15300,2000,291921,4340033600,400,false,2.68
"IPA",140053,"/Date(1700463654000)/",15300,1000,289921,4309433600,400,false,2.68
"IPA",140035,"/Date(1700463636000)/",15300,1,288921,4294133600,400,false,2.68
"IPA",140023,"/Date(1700463624000)/",15300,3000,288920,4294118400,400,false,2.68
"IPA",135942,"/Date(1700463583000)/",15200,300,285920,4248218400,300,true,2.01
"IPA",135940,"/Date(1700463581000)/",15200,500,285620,4243658400,300,false,2.01
"IPA",135938,"/Date(1700463579000)/",15200,2000,285120,4236058400,300,false,2.01
"IPA",135926,"/Date(1700463567000)/",15200,1000,283120,4205658400,300,false,2.01
"IPA",135924,"/Date(1700463565000)/",15200,2000,282120,4190458400,300,false,2.01
"IPA",135832,"/Date(1700463513000)/",15200,3000,280120,4160058400,300,false,2.01
"IPA",135830,"/Date(1700463511000)/",15200,500,277120,4114458400,300,false,2.01
"IPA",135751,"/Date(1700463472000)/",15200,1000,276620,4106858400,300,false,2.01
"IPA",135623,"/Date(1700463384000)/",15100,100,275620,4091658400,200,true,1.34
"IPA",135523,"/Date(1700463324000)/",15100,100,275520,4090148400,200,false,1.34
"IPA",135518,"/Date(1700463319000)/",15100,500,275420,4088638400,200,true,1.34
"IPA",135414,"/Date(1700463255000)/",15100,400,274920,4081088400,200,false,1.34
"IPA",135220,"/Date(1700463141000)/",15100,600,274520,4075048400,200,false,1.34
"IPA",135129,"/Date(1700463090000)/",15100,3700,273920,4065988400,200,true,1.34
"IPA",133947,"/Date(1700462387000)/",15200,10000,270220,4010118400,300,false,2.01
"IPA",133936,"/Date(1700462376000)/",15200,1000,260220,3858118400,300,false,2.01
"IPA",133853,"/Date(1700462333000)/",15200,2000,259220,3842918400,300,false,2.01
"IPA",133837,"/Date(1700462317000)/",15200,5000,257220,3812518400,300,false,2.01
"IPA",133819,"/Date(1700462299000)/",15100,5300,252220,3736528400,200,false,1.34
"IPA",133746,"/Date(1700462266000)/",15100,200,246920,3656498400,200,false,1.34
"IPA",133728,"/Date(1700462248000)/",15000,6700,246720,3653478400,100,false,0.67
"IPA",133726,"/Date(1700462246000)/",15000,2000,240020,3552978400,100,false,0.67
"IPA",133722,"/Date(1700462242000)/",15000,10000,238020,3522978400,100,false,0.67
"IPA",133719,"/Date(1700462239000)/",15000,5000,228020,3372978400,100,false,0.67
"IPA",133703,"/Date(1700462223000)/",15000,300,223020,3297978400,100,false,0.67
"IPA",133654,"/Date(1700462214000)/",15000,600,222720,3293478400,100,false,0.67
"IPA",133651,"/Date(1700462211000)/",15000,100,222120,3284478400,100,false,0.67
"IPA",132928,"/Date(1700461769000)/",15000,500,222020,3282978400,100,false,0.67
"IPA",132728,"/Date(1700461649000)/",14900,1300,221520,3275478400,0,false,0
"IPA",132706,"/Date(1700461627000)/",14900,1000,220220,3256108400,0,false,0
"IPA",132644,"/Date(1700461604000)/",14900,1300,219220,3241208400,0,false,0
"IPA",132638,"/Date(1700461599000)/",14900,10000,217920,3221838400,0,false,0
"IPA",132608,"/Date(1700461569000)/",14900,1000,207920,3072838400,0,false,0
"IPA",132552,"/Date(1700461553000)/",14900,2000,206920,3057938400,0,false,0
"IPA",131843,"/Date(1700461124000)/",14900,1000,204920,3028138400,0,false,0
"IPA",131814,"/Date(1700461095000)/",14900,3000,203920,3013238400,0,false,0
"IPA",131757,"/Date(1700461078000)/",14900,1000,200920,2968538400,0,false,0
"IPA",131718,"/Date(1700461039000)/",14900,1000,199920,2953638400,0,false,0
"IPA",131708,"/Date(1700461029000)/",14900,1500,198920,2938738400,0,false,0
"IPA",131656,"/Date(1700461017000)/",14900,1000,197420,2916388400,0,false,0
"IPA",130846,"/Date(1700460527000)/",14900,2700,196420,2901488400,0,true,0
"IPA",130708,"/Date(1700460429000)/",14900,2300,193720,2861258400,0,false,0
"IPA",130705,"/Date(1700460426000)/",14900,300,191420,2826988400,0,false,0
"IPA",130649,"/Date(1700460410000)/",14900,19300,191120,2822518400,0,false,0
"IPA",130646,"/Date(1700460407000)/",14900,3000,171820,2534948400,0,false,0
"IPA",130644,"/Date(1700460405000)/",14900,3800,168820,2490248400,0,false,0
"IPA",130514,"/Date(1700460315000)/",14900,300,165020,2433628400,0,false,0
"IPA",111412,"/Date(1700453653000)/",14800,3700,164720,2429158400,-100,true,-0.67
"IPA",111342,"/Date(1700453623000)/",14800,2400,161020,2374398400,-100,false,-0.67
"IPA",111252,"/Date(1700453572000)/",14800,1000,158620,2338878400,-100,false,-0.67
"IPA",110812,"/Date(1700453292000)/",14800,5300,157620,2324078400,-100,false,-0.67
"IPA",105211,"/Date(1700452331000)/",14800,100,152320,2245638400,-100,true,-0.67
"IPA",105024,"/Date(1700452224000)/",14800,1000,152220,2244158400,-100,true,-0.67
"IPA",104956,"/Date(1700452196000)/",14800,400,151220,2229358400,-100,true,-0.67
"IPA",104655,"/Date(1700452015000)/",14800,3000,150820,2223438400,-100,true,-0.67
"IPA",104628,"/Date(1700451988000)/",14800,1100,147820,2179038400,-100,true,-0.67
"IPA",104328,"/Date(1700451808000)/",14800,3000,146720,2162758400,-100,true,-0.67
"IPA",103959,"/Date(1700451599000)/",14900,100,143720,2118358400,0,false,0
"IPA",102749,"/Date(1700450870000)/",14900,20,143620,2116868400,0,false,0
"IPA",102542,"/Date(1700450743000)/",14900,75,143600,2116576400,0,false,0
"IPA",102529,"/Date(1700450730000)/",14900,3,143525,2115533700,0,false,0
"IPA",102518,"/Date(1700450719000)/",14900,2,143522,2115490800,0,false,0
"IPA",102319,"/Date(1700450600000)/",14900,1700,143520,2115462000,0,false,0
"IPA",102110,"/Date(1700450471000)/",14900,100,141820,2090132000,0,true,0
"IPA",102059,"/Date(1700450460000)/",15000,100,141720,2088642000,100,false,0.67
"IPA",102058,"/Date(1700450459000)/",14900,100,141620,2087142000,0,true,0
"IPA",102055,"/Date(1700450456000)/",14900,3000,141520,2085652000,0,true,0
"IPA",101957,"/Date(1700450398000)/",14900,20,138520,2040952000,0,true,0
"IPA",101943,"/Date(1700450384000)/",14900,400,138500,2040660000,0,true,0
"IPA",101849,"/Date(1700450330000)/",14900,5700,138100,2034700000,0,false,0
"IPA",101832,"/Date(1700450313000)/",14900,20000,132400,1949770000,0,false,0
"IPA",101234,"/Date(1700449954000)/",14800,1900,112400,1651770000,-100,true,-0.67
"IPA",101001,"/Date(1700449801000)/",14700,500,110500,1623650000,-200,true,-1.34
"IPA",100706,"/Date(1700449626000)/",14600,300,110000,1616300000,-300,true,-2.01
"IPA",100206,"/Date(1700449326000)/",14600,1000,109700,1611920000,-300,true,-2.01
"IPA",95957,"/Date(1700449197000)/",14600,15000,108700,1597320000,-300,true,-2.01
"IPA",95624,"/Date(1700448984000)/",14700,1000,93700,1378020000,-200,false,-1.34
"IPA",95614,"/Date(1700448974000)/",14800,1000,92700,1363320000,-100,false,-0.67
"IPA",95433,"/Date(1700448873000)/",14900,200,91700,1348520000,0,false,0
"IPA",95157,"/Date(1700448717000)/",14900,1500,91500,1345540000,0,false,0
"IPA",94936,"/Date(1700448576000)/",14900,9000,90000,1323190000,0,false,0
"IPA",94924,"/Date(1700448564000)/",14800,9000,81000,1189090000,-100,false,-0.67
"IPA",94839,"/Date(1700448519000)/",14800,1000,72000,1055890000,-100,false,-0.67
"IPA",94828,"/Date(1700448508000)/",14800,400,71000,1041090000,-100,false,-0.67
"IPA",94756,"/Date(1700448476000)/",14800,1500,70600,1035170000,-100,false,-0.67
"IPA",94708,"/Date(1700448428000)/",14800,1200,69100,1012970000,-100,false,-0.67
"IPA",94657,"/Date(1700448417000)/",14800,500,67900,995210000,-100,false,-0.67
"IPA",94639,"/Date(1700448400000)/",14800,300,67400,987810000,-100,false,-0.67
"IPA",94631,"/Date(1700448391000)/",14800,3000,67100,983370000,-100,false,-0.67
"IPA",94624,"/Date(1700448384000)/",14800,2000,64100,938970000,-100,false,-0.67
"IPA",94552,"/Date(1700448352000)/",14800,1100,62100,909370000,-100,true,-0.67
"IPA",94506,"/Date(1700448307000)/",14700,400,61000,893090000,-200,true,-1.34
"IPA",93821,"/Date(1700447902000)/",14700,300,60600,887210000,-200,false,-1.34
"IPA",93601,"/Date(1700447762000)/",14700,10000,60300,882800000,-200,false,-1.34
"IPA",93255,"/Date(1700447575000)/",14600,1000,50300,735800000,-300,true,-2.01
"IPA",93220,"/Date(1700447540000)/",14700,1000,49300,721200000,-200,false,-1.34
"IPA",92955,"/Date(1700447395000)/",14700,700,48300,706500000,-200,true,-1.34
"IPA",92934,"/Date(1700447374000)/",14800,2000,47600,696210000,-100,false,-0.67
"IPA",92658,"/Date(1700447218000)/",14800,700,45600,666610000,-100,false,-0.67
"IPA",92641,"/Date(1700447201000)/",14700,100,44900,656250000,-200,false,-1.34
"IPA",92520,"/Date(1700447120000)/",14800,700,44800,654780000,-100,false,-0.67
"IPA",92347,"/Date(1700447027000)/",14700,2000,44100,644420000,-200,false,-1.34
"IPA",92223,"/Date(1700446943000)/",14600,1000,42100,615020000,-300,true,-2.01
"IPA",92151,"/Date(1700446911000)/",14700,500,41100,600420000,-200,false,-1.34
"IPA",92119,"/Date(1700446879000)/",14700,800,40600,593070000,-200,true,-1.34
"IPA",92054,"/Date(1700446854000)/",14800,400,39800,581310000,-100,false,-0.67
"IPA",92008,"/Date(1700446808000)/",14700,1000,39400,575390000,-200,true,-1.34
"IPA",91945,"/Date(1700446785000)/",14800,900,38400,560690000,-100,false,-0.67
"IPA",91926,"/Date(1700446766000)/",14800,100,37500,547370000,-100,true,-0.67
"IPA",91919,"/Date(1700446759000)/",14700,700,37400,545890000,-200,true,-1.34
"IPA",91704,"/Date(1700446624000)/",14600,2200,36700,535600000,-300,false,-2.01
"IPA",91219,"/Date(1700446339000)/",14600,500,34500,503480000,-300,false,-2.01
"IPA",91126,"/Date(1700446286000)/",14600,5000,34000,496180000,-300,true,-2.01
"IPA",91107,"/Date(1700446267000)/",14700,2000,29000,423180000,-200,false,-1.34
"IPA",91017,"/Date(1700446217000)/",14600,500,27000,393780000,-300,true,-2.01
"IPA",90929,"/Date(1700446170000)/",14600,500,26500,386480000,-300,false,-2.01
"IPA",90843,"/Date(1700446124000)/",14500,1000,26000,379180000,-400,true,-2.68
"IPA",90705,"/Date(1700446026000)/",14500,900,25000,364680000,-400,false,-2.68
"IPA",90645,"/Date(1700446006000)/",14500,500,24100,351630000,-400,false,-2.68
"IPA",90603,"/Date(1700445963000)/",14500,500,23600,344380000,-400,false,-2.68
"IPA",90535,"/Date(1700445936000)/",14500,5100,23100,337130000,-400,true,-2.68
"IPA",90435,"/Date(1700445876000)/",14600,10200,18000,263180000,-300,false,-2.01
"IPA",90429,"/Date(1700445870000)/",14500,400,7800,114280000,-400,true,-2.68
"IPA",90402,"/Date(1700445843000)/",14500,1000,7400,108480000,-400,true,-2.68
"IPA",90401,"/Date(1700445842000)/",14500,100,6400,93980000,-400,true,-2.68
"IPA",90305,"/Date(1700445785000)/",14600,800,6300,92530000,-300,false,-2.01
"IPA",90104,"/Date(1700445621000)/",14700,5100,5500,80850000,-200,true,-1.34
"IPA",90058,"/Date(1700445617000)/",14700,200,400,5880000,-200,true,-1.34
"IPA",90051,"/Date(1700445614000)/",14700,100,200,2940000,-200,true,-1.34
"IPA",90019,"/Date(1700445604000)/",14700,100,100,1470000,-200,true,-1.34
