"Stockcode","Package","TradingDate","Price","Vol","TotalVol","TotalVal","Change","IsBuy","PerChange"
"NVL",144427,"/Date(1700466303000)/",16200,446500,21076100,337488000000,100,false,0.62
"NVL",142921,"/Date(1700465397000)/",16150,300,20629600,330254000000,50,false,0.31
"NVL",142921,"/Date(1700465397000)/",16150,900,20629300,330249000000,50,false,0.31
"NVL",142921,"/Date(1700465397000)/",16150,17800,20628400,330235000000,50,false,0.31
"NVL",142921,"/Date(1700465397000)/",16150,2000,20610600,329947000000,50,false,0.31
"NVL",142918,"/Date(1700465395000)/",16100,2500,20608600,329915000000,0,true,0
"NVL",142909,"/Date(1700465383000)/",16150,200,20606100,329875000000,50,false,0.31
"NVL",142909,"/Date(1700465383000)/",16150,500,20605900,329872000000,50,false,0.31
"NVL",142909,"/Date(1700465383000)/",16150,300,20605400,329864000000,50,false,0.31
"NVL",142905,"/Date(1700465382000)/",16100,500,20605100,329859000000,0,true,0
"NVL",142905,"/Date(1700465382000)/",16100,1000,20604600,329851000000,0,true,0
"NVL",142905,"/Date(1700465382000)/",16100,3000,20603600,329835000000,0,true,0
"NVL",142905,"/Date(1700465382000)/",16100,1400,20600600,329786000000,0,true,0
"NVL",142905,"/Date(1700465381000)/",16100,1000,20599200,329764000000,0,true,0
"NVL",142905,"/Date(1700465380000)/",16150,200,20598200,329748000000,50,false,0.31
"NVL",142905,"/Date(1700465377000)/",16100,200,20598000,329744000000,0,true,0
"NVL",142902,"/Date(1700465375000)/",16100,3000,20597800,329741000000,0,true,0
"NVL",142856,"/Date(1700465373000)/",16100,1000,20594800,329693000000,0,true,0
"NVL",142856,"/Date(1700465372000)/",16100,100,20593800,329677000000,0,true,0
"NVL",142849,"/Date(1700465363000)/",16100,100,20593700,329675000000,0,true,0
"NVL",142840,"/Date(1700465357000)/",16100,500,20593600,329674000000,0,true,0
"NVL",142836,"/Date(1700465353000)/",16100,1500,20593100,329665000000,0,false,0
"NVL",142836,"/Date(1700465353000)/",16100,500,20591600,329641000000,0,false,0
"NVL",142836,"/Date(1700465353000)/",16100,100,20591100,329633000000,0,false,0
"NVL",142836,"/Date(1700465353000)/",16100,600,20591000,329632000000,0,false,0
"NVL",142836,"/Date(1700465353000)/",16100,5400,20590400,329622000000,0,false,0
"NVL",142836,"/Date(1700465353000)/",16100,500,20585000,329535000000,0,false,0
"NVL",142836,"/Date(1700465353000)/",16100,1100,20584500,329527000000,0,false,0
"NVL",142836,"/Date(1700465351000)/",16100,1000,20583400,329509000000,0,false,0
"NVL",142836,"/Date(1700465351000)/",16100,10000,20582400,329493000000,0,false,0
"NVL",142833,"/Date(1700465350000)/",16100,2000,20572400,329332000000,0,false,0
"NVL",142830,"/Date(1700465347000)/",16100,5900,20570400,329300000000,0,false,0
"NVL",142830,"/Date(1700465347000)/",16100,2000,20564500,329205000000,0,false,0
"NVL",142830,"/Date(1700465347000)/",16100,100,20562500,329173000000,0,false,0
"NVL",142830,"/Date(1700465347000)/",16100,2000,20562400,329171000000,0,false,0
"NVL",142830,"/Date(1700465345000)/",16100,100,20560400,329139000000,0,false,0
"NVL",142830,"/Date(1700465345000)/",16100,200,20560300,329137000000,0,false,0
"NVL",142827,"/Date(1700465343000)/",16100,500,20560100,329134000000,0,false,0
"NVL",142820,"/Date(1700465335000)/",16100,1000,20559600,329126000000,0,false,0
"NVL",142817,"/Date(1700465334000)/",16100,1200,20558600,329110000000,0,false,0
"NVL",142817,"/Date(1700465334000)/",16100,1800,20557400,329091000000,0,false,0
"NVL",142817,"/Date(1700465333000)/",16100,200,20555600,329062000000,0,false,0
"NVL",142817,"/Date(1700465333000)/",16100,1000,20555400,329059000000,0,false,0
"NVL",142817,"/Date(1700465333000)/",16100,200,20554400,329042000000,0,false,0
"NVL",142817,"/Date(1700465333000)/",16100,3000,20554200,329039000000,0,false,0
"NVL",142817,"/Date(1700465332000)/",16100,100,20551200,328991000000,0,false,0
"NVL",142814,"/Date(1700465331000)/",16050,200,20551100,328989000000,-50,true,-0.31
"NVL",142811,"/Date(1700465328000)/",16100,200,20550900,328986000000,0,false,0
"NVL",142811,"/Date(1700465328000)/",16100,100,20550700,328983000000,0,false,0
"NVL",142804,"/Date(1700465320000)/",16100,500,20550600,328981000000,0,false,0
"NVL",142804,"/Date(1700465319000)/",16050,2500,20550100,328973000000,-50,true,-0.31
"NVL",142801,"/Date(1700465318000)/",16100,1000,20547600,328933000000,0,false,0
"NVL",142755,"/Date(1700465312000)/",16100,200,20546600,328917000000,0,false,0
"NVL",142755,"/Date(1700465311000)/",16100,4900,20546400,328914000000,0,false,0
"NVL",142755,"/Date(1700465311000)/",16100,800,20541500,328835000000,0,false,0
"NVL",142755,"/Date(1700465311000)/",16100,2000,20540700,328822000000,0,false,0
"NVL",142755,"/Date(1700465311000)/",16100,22300,20538700,328790000000,0,false,0
"NVL",142752,"/Date(1700465307000)/",16100,500,20516400,328431000000,0,false,0
"NVL",142752,"/Date(1700465307000)/",16050,600,20515900,328423000000,-50,true,-0.31
"NVL",142748,"/Date(1700465305000)/",16100,1100,20515300,328413000000,0,false,0
"NVL",142745,"/Date(1700465302000)/",16100,6100,20514200,328395000000,0,false,0
"NVL",142745,"/Date(1700465302000)/",16100,3900,20508100,328297000000,0,false,0
"NVL",142742,"/Date(1700465299000)/",16100,200,20504200,328234000000,0,false,0
"NVL",142742,"/Date(1700465298000)/",16100,100,20504000,328231000000,0,false,0
"NVL",142736,"/Date(1700465293000)/",16100,500,20503900,328230000000,0,false,0
"NVL",142736,"/Date(1700465291000)/",16100,5000,20503400,328221000000,0,false,0
"NVL",142732,"/Date(1700465288000)/",16100,500,20498400,328141000000,0,false,0
"NVL",142732,"/Date(1700465287000)/",16100,2500,20497900,328133000000,0,false,0
"NVL",142729,"/Date(1700465286000)/",16100,500,20495400,328093000000,0,false,0
"NVL",142729,"/Date(1700465285000)/",16100,1900,20494900,328085000000,0,false,0
"NVL",142726,"/Date(1700465283000)/",16100,3000,20493000,328054000000,0,false,0
"NVL",142726,"/Date(1700465283000)/",16100,1900,20490000,328006000000,0,false,0
"NVL",142726,"/Date(1700465282000)/",16100,500,20488100,327975000000,0,false,0
"NVL",142720,"/Date(1700465274000)/",16100,7600,20487600,327967000000,0,true,0
"NVL",142720,"/Date(1700465274000)/",16100,2500,20480000,327845000000,0,true,0
"NVL",142716,"/Date(1700465273000)/",16100,7200,20477500,327805000000,0,true,0
"NVL",142716,"/Date(1700465273000)/",16100,100,20470300,327689000000,0,true,0
"NVL",142716,"/Date(1700465273000)/",16100,2700,20470200,327687000000,0,true,0
"NVL",142713,"/Date(1700465268000)/",16100,100,20467500,327644000000,0,true,0
"NVL",142713,"/Date(1700465268000)/",16100,3200,20467400,327642000000,0,true,0
"NVL",142710,"/Date(1700465267000)/",16050,20000,20464200,327590000000,-50,true,-0.31
"NVL",142710,"/Date(1700465267000)/",16100,300,20444200,327269000000,0,false,0
"NVL",142707,"/Date(1700465264000)/",16100,14500,20443900,327265000000,0,false,0
"NVL",142707,"/Date(1700465264000)/",16100,85500,20429400,327031000000,0,false,0
"NVL",142700,"/Date(1700465257000)/",16100,300,20343900,325655000000,0,false,0
"NVL",142700,"/Date(1700465256000)/",16100,5000,20343600,325650000000,0,false,0
"NVL",142700,"/Date(1700465256000)/",16100,1000,20338600,325569000000,0,false,0
"NVL",142700,"/Date(1700465256000)/",16100,500,20337600,325553000000,0,false,0
"NVL",142700,"/Date(1700465256000)/",16100,400,20337100,325545000000,0,false,0
"NVL",142700,"/Date(1700465256000)/",16100,800,20336700,325539000000,0,false,0
"NVL",142700,"/Date(1700465256000)/",16100,200,20335900,325526000000,0,false,0
"NVL",142700,"/Date(1700465256000)/",16100,1000,20335700,325523000000,0,false,0
"NVL",142700,"/Date(1700465256000)/",16100,200,20334700,325506000000,0,false,0
"NVL",142700,"/Date(1700465256000)/",16100,300,20334500,325503000000,0,false,0
"NVL",142700,"/Date(1700465256000)/",16100,100,20334200,325498000000,0,false,0
"NVL",142700,"/Date(1700465256000)/",16100,1300,20334100,325497000000,0,false,0
"NVL",142700,"/Date(1700465256000)/",16100,100,20332800,325476000000,0,false,0
"NVL",142700,"/Date(1700465256000)/",16100,2700,20332700,325474000000,0,false,0
"NVL",142700,"/Date(1700465256000)/",16100,300,20330000,325431000000,0,false,0
"NVL",142700,"/Date(1700465256000)/",16100,200,20329700,325426000000,0,false,0
"NVL",142700,"/Date(1700465256000)/",16100,100,20329500,325423000000,0,false,0
"NVL",142657,"/Date(1700465253000)/",16100,100,20329400,325421000000,0,true,0
"NVL",142657,"/Date(1700465253000)/",16100,100,20329300,325419000000,0,true,0
"NVL",142657,"/Date(1700465253000)/",16100,100,20329200,325418000000,0,true,0
"NVL",142657,"/Date(1700465253000)/",16100,300,20329100,325416000000,0,true,0
"NVL",142651,"/Date(1700465245000)/",16100,100,20328800,325411000000,0,true,0
"NVL",142644,"/Date(1700465239000)/",16100,1600,20328700,325410000000,0,true,0
"NVL",142644,"/Date(1700465238000)/",16100,4300,20327100,325384000000,0,true,0
"NVL",142644,"/Date(1700465238000)/",16100,1000,20322800,325315000000,0,true,0
"NVL",142644,"/Date(1700465238000)/",16100,1000,20321800,325299000000,0,true,0
"NVL",142644,"/Date(1700465238000)/",16100,1000,20320800,325283000000,0,true,0
"NVL",142644,"/Date(1700465238000)/",16100,1000,20319800,325267000000,0,true,0
"NVL",142644,"/Date(1700465238000)/",16100,200,20318800,325250000000,0,true,0
"NVL",142644,"/Date(1700465238000)/",16100,1000,20318600,325247000000,0,true,0
"NVL",142644,"/Date(1700465238000)/",16100,1500,20317600,325231000000,0,true,0
"NVL",142644,"/Date(1700465238000)/",16100,200,20316100,325207000000,0,true,0
"NVL",142644,"/Date(1700465238000)/",16100,6800,20315900,325204000000,0,true,0
"NVL",142644,"/Date(1700465238000)/",16100,200,20309100,325094000000,0,true,0
"NVL",142628,"/Date(1700465223000)/",16150,1000,20308900,325091000000,50,false,0.31
"NVL",142628,"/Date(1700465223000)/",16150,300,20307900,325075000000,50,false,0.31
"NVL",142625,"/Date(1700465220000)/",16150,200,20307600,325070000000,50,false,0.31
"NVL",142625,"/Date(1700465220000)/",16150,3000,20307400,325067000000,50,false,0.31
"NVL",142625,"/Date(1700465220000)/",16150,1000,20304400,325018000000,50,false,0.31
"NVL",142625,"/Date(1700465220000)/",16150,3000,20303400,325002000000,50,false,0.31
"NVL",142625,"/Date(1700465220000)/",16150,300,20300400,324954000000,50,false,0.31
"NVL",142625,"/Date(1700465220000)/",16150,2500,20300100,324949000000,50,false,0.31
"NVL",142615,"/Date(1700465211000)/",16100,3000,20297600,324909000000,0,true,0
"NVL",142609,"/Date(1700465205000)/",16150,200,20294600,324860000000,50,false,0.31
"NVL",142606,"/Date(1700465203000)/",16150,300,20294400,324857000000,50,false,0.31
"NVL",142606,"/Date(1700465203000)/",16150,700,20294100,324852000000,50,false,0.31
"NVL",142559,"/Date(1700465195000)/",16150,300,20293400,324841000000,50,false,0.31
"NVL",142559,"/Date(1700465195000)/",16150,1000,20293100,324836000000,50,false,0.31
"NVL",142559,"/Date(1700465195000)/",16150,2700,20292100,324820000000,50,false,0.31
"NVL",142559,"/Date(1700465193000)/",16150,300,20289400,324776000000,50,false,0.31
"NVL",142559,"/Date(1700465193000)/",16150,200,20289100,324771000000,50,false,0.31
"NVL",142553,"/Date(1700465189000)/",16150,5000,20288900,324768000000,50,false,0.31
"NVL",142553,"/Date(1700465187000)/",16100,900,20283900,324687000000,0,true,0
"NVL",142553,"/Date(1700465187000)/",16100,1100,20283000,324673000000,0,true,0
"NVL",142553,"/Date(1700465187000)/",16150,2000,20281900,324655000000,50,false,0.31
"NVL",142547,"/Date(1700465184000)/",16100,400,20279900,324623000000,0,true,0
"NVL",142534,"/Date(1700465170000)/",16100,200,20279500,324617000000,0,false,0
"NVL",142534,"/Date(1700465170000)/",16100,1000,20279300,324613000000,0,false,0
"NVL",142534,"/Date(1700465170000)/",16100,200,20278300,324597000000,0,false,0
"NVL",142534,"/Date(1700465170000)/",16100,2100,20278100,324594000000,0,false,0
"NVL",142534,"/Date(1700465170000)/",16100,7900,20276000,324560000000,0,false,0
"NVL",142534,"/Date(1700465170000)/",16100,500,20268100,324433000000,0,false,0
"NVL",142534,"/Date(1700465170000)/",16100,100,20267600,324425000000,0,false,0
"NVL",142534,"/Date(1700465170000)/",16100,800,20267500,324423000000,0,false,0
"NVL",142534,"/Date(1700465170000)/",16100,6000,20266700,324410000000,0,false,0
"NVL",142534,"/Date(1700465170000)/",16100,300,20260700,324314000000,0,false,0
"NVL",142534,"/Date(1700465170000)/",16100,10100,20260400,324309000000,0,false,0
"NVL",142534,"/Date(1700465170000)/",16100,15000,20250300,324146000000,0,false,0
"NVL",142534,"/Date(1700465170000)/",16100,1000,20235300,323905000000,0,false,0
"NVL",142534,"/Date(1700465170000)/",16100,2200,20234300,323889000000,0,false,0
"NVL",142534,"/Date(1700465170000)/",16100,100,20232100,323853000000,0,false,0
"NVL",142534,"/Date(1700465170000)/",16100,5000,20232000,323852000000,0,false,0
"NVL",142534,"/Date(1700465170000)/",16100,20000,20227000,323771000000,0,false,0
"NVL",142534,"/Date(1700465170000)/",16100,2000,20207000,323449000000,0,false,0
"NVL",142534,"/Date(1700465170000)/",16100,100,20205000,323417000000,0,false,0
"NVL",142534,"/Date(1700465170000)/",16100,3000,20204900,323415000000,0,false,0
"NVL",142534,"/Date(1700465170000)/",16100,10000,20201900,323367000000,0,false,0
"NVL",142534,"/Date(1700465170000)/",16100,15900,20191900,323206000000,0,false,0
"NVL",142531,"/Date(1700465166000)/",16100,6200,20176000,322950000000,0,false,0
"NVL",142531,"/Date(1700465166000)/",16100,300,20169800,322850000000,0,false,0
"NVL",142531,"/Date(1700465166000)/",16100,8900,20169500,322846000000,0,false,0
"NVL",142531,"/Date(1700465165000)/",16050,2500,20160600,322702000000,-50,true,-0.31
"NVL",142531,"/Date(1700465165000)/",16100,1000,20158100,322662000000,0,false,0
"NVL",142531,"/Date(1700465165000)/",16100,200,20157100,322646000000,0,false,0
"NVL",142527,"/Date(1700465164000)/",16100,2000,20156900,322643000000,0,false,0
"NVL",142527,"/Date(1700465162000)/",16100,500,20154900,322611000000,0,false,0
"NVL",142527,"/Date(1700465162000)/",16100,500,20154400,322603000000,0,false,0
"NVL",142527,"/Date(1700465161000)/",16100,21100,20153900,322594000000,0,false,0
"NVL",142527,"/Date(1700465161000)/",16100,3100,20132800,322255000000,0,false,0
"NVL",142527,"/Date(1700465161000)/",16100,1000,20129700,322205000000,0,false,0
"NVL",142527,"/Date(1700465161000)/",16100,400,20128700,322189000000,0,false,0
"NVL",142527,"/Date(1700465161000)/",16100,200,20128300,322182000000,0,false,0
"NVL",142527,"/Date(1700465161000)/",16100,1300,20128100,322179000000,0,false,0
"NVL",142527,"/Date(1700465161000)/",16100,400,20126800,322158000000,0,false,0
"NVL",142524,"/Date(1700465161000)/",16100,200,20126400,322152000000,0,false,0
"NVL",142524,"/Date(1700465158000)/",16100,100,20126200,322148000000,0,false,0
"NVL",142521,"/Date(1700465157000)/",16100,300,20126100,322147000000,0,false,0
"NVL",142521,"/Date(1700465157000)/",16100,100,20125800,322142000000,0,false,0
"NVL",142521,"/Date(1700465157000)/",16100,4000,20125700,322140000000,0,false,0
"NVL",142521,"/Date(1700465157000)/",16100,7600,20121700,322076000000,0,false,0
"NVL",142521,"/Date(1700465157000)/",16100,5000,20114100,321954000000,0,false,0
"NVL",142521,"/Date(1700465157000)/",16100,100,20109100,321873000000,0,false,0
"NVL",142521,"/Date(1700465157000)/",16100,500,20109000,321872000000,0,false,0
"NVL",142521,"/Date(1700465157000)/",16100,5500,20108500,321864000000,0,false,0
"NVL",142518,"/Date(1700465153000)/",16100,14500,20103000,321775000000,0,false,0
"NVL",142518,"/Date(1700465153000)/",16100,5500,20088500,321542000000,0,false,0
"NVL",142511,"/Date(1700465146000)/",16100,100,20083000,321453000000,0,false,0
"NVL",142508,"/Date(1700465144000)/",16100,200,20082900,321451000000,0,false,0
"NVL",142505,"/Date(1700465141000)/",16100,1000,20082700,321448000000,0,false,0
"NVL",142502,"/Date(1700465136000)/",16050,9200,20081700,321432000000,-50,true,-0.31
"NVL",142502,"/Date(1700465136000)/",16050,500,20072500,321284000000,-50,true,-0.31
"NVL",142502,"/Date(1700465136000)/",16050,1000,20072000,321276000000,-50,true,-0.31
"NVL",142502,"/Date(1700465136000)/",16050,19300,20071000,321260000000,-50,true,-0.31
"NVL",142459,"/Date(1700465134000)/",16100,100,20051700,320951000000,0,false,0
"NVL",142455,"/Date(1700465130000)/",16050,700,20051600,320949000000,-50,true,-0.31
"NVL",142452,"/Date(1700465129000)/",16100,100,20050900,320938000000,0,false,0
"NVL",142452,"/Date(1700465127000)/",16100,100,20050800,320936000000,0,false,0
"NVL",142449,"/Date(1700465125000)/",16050,300,20050700,320934000000,-50,true,-0.31
"NVL",142449,"/Date(1700465125000)/",16050,2000,20050400,320930000000,-50,true,-0.31
"NVL",142449,"/Date(1700465125000)/",16050,1000,20048400,320898000000,-50,true,-0.31
"NVL",142449,"/Date(1700465125000)/",16050,100,20047400,320882000000,-50,true,-0.31
"NVL",142449,"/Date(1700465125000)/",16050,3500,20047300,320880000000,-50,true,-0.31
"NVL",142449,"/Date(1700465125000)/",16050,500,20043800,320824000000,-50,true,-0.31
"NVL",142449,"/Date(1700465125000)/",16050,2600,20043300,320816000000,-50,true,-0.31
"NVL",142449,"/Date(1700465124000)/",16050,7400,20040700,320774000000,-50,true,-0.31
"NVL",142449,"/Date(1700465124000)/",16050,400,20033300,320655000000,-50,true,-0.31
"NVL",142449,"/Date(1700465124000)/",16050,2000,20032900,320649000000,-50,true,-0.31
"NVL",142449,"/Date(1700465124000)/",16050,200,20030900,320617000000,-50,true,-0.31
"NVL",142449,"/Date(1700465123000)/",16050,1100,20030700,320613000000,-50,true,-0.31
"NVL",142446,"/Date(1700465121000)/",16050,2300,20029600,320596000000,-50,true,-0.31
"NVL",142446,"/Date(1700465121000)/",16050,500,20027300,320559000000,-50,true,-0.31
"NVL",142446,"/Date(1700465121000)/",16050,1000,20026800,320551000000,-50,true,-0.31
"NVL",142446,"/Date(1700465121000)/",16050,1000,20025800,320535000000,-50,true,-0.31
"NVL",142446,"/Date(1700465121000)/",16050,5000,20024800,320519000000,-50,true,-0.31
"NVL",142446,"/Date(1700465121000)/",16050,200,20019800,320439000000,-50,true,-0.31
"NVL",142443,"/Date(1700465119000)/",16050,200,20019600,320435000000,-50,true,-0.31
"NVL",142443,"/Date(1700465117000)/",16050,100,20019400,320432000000,-50,true,-0.31
"NVL",142436,"/Date(1700465112000)/",16050,300,20019300,320431000000,-50,true,-0.31
"NVL",142433,"/Date(1700465109000)/",16050,200,20019000,320426000000,-50,true,-0.31
"NVL",142430,"/Date(1700465106000)/",16050,4000,20018800,320422000000,-50,true,-0.31
"NVL",142430,"/Date(1700465106000)/",16050,5000,20014800,320358000000,-50,true,-0.31
"NVL",142430,"/Date(1700465106000)/",16050,1000,20009800,320278000000,-50,true,-0.31
"NVL",142430,"/Date(1700465105000)/",16100,400,20008800,320262000000,0,false,0
"NVL",142427,"/Date(1700465101000)/",16000,8700,20008400,320256000000,-100,true,-0.62
"NVL",142427,"/Date(1700465101000)/",16050,500,19999700,320116000000,-50,true,-0.31
"NVL",142427,"/Date(1700465101000)/",16050,100,19999200,320108000000,-50,true,-0.31
"NVL",142427,"/Date(1700465101000)/",16050,50000,19999100,320107000000,-50,true,-0.31
"NVL",142427,"/Date(1700465101000)/",16050,2000,19949100,319304000000,-50,true,-0.31
"NVL",142427,"/Date(1700465101000)/",16050,1200,19947100,319272000000,-50,true,-0.31
"NVL",142427,"/Date(1700465101000)/",16050,500,19945900,319253000000,-50,true,-0.31
"NVL",142427,"/Date(1700465101000)/",16050,2000,19945400,319245000000,-50,true,-0.31
"NVL",142427,"/Date(1700465101000)/",16050,3000,19943400,319213000000,-50,true,-0.31
"NVL",142427,"/Date(1700465101000)/",16050,2000,19940400,319165000000,-50,true,-0.31
"NVL",142420,"/Date(1700465097000)/",16100,100,19938400,319132000000,0,false,0
"NVL",142417,"/Date(1700465091000)/",16050,5000,19938300,319131000000,-50,true,-0.31
"NVL",142404,"/Date(1700465079000)/",16000,400,19933300,319051000000,-100,true,-0.62
"NVL",142404,"/Date(1700465079000)/",16050,1000,19932900,319044000000,-50,true,-0.31
"NVL",142404,"/Date(1700465079000)/",16050,300,19931900,319028000000,-50,true,-0.31
"NVL",142404,"/Date(1700465079000)/",16050,100,19931600,319023000000,-50,true,-0.31
"NVL",142404,"/Date(1700465079000)/",16050,500,19931500,319022000000,-50,true,-0.31
"NVL",142404,"/Date(1700465079000)/",16050,300,19931000,319014000000,-50,true,-0.31
"NVL",142404,"/Date(1700465078000)/",16050,700,19930700,319009000000,-50,true,-0.31
"NVL",142404,"/Date(1700465078000)/",16050,300,19930000,318998000000,-50,true,-0.31
"NVL",142404,"/Date(1700465078000)/",16050,1000,19929700,318993000000,-50,true,-0.31
"NVL",142404,"/Date(1700465078000)/",16050,3000,19928700,318977000000,-50,true,-0.31
"NVL",142401,"/Date(1700465076000)/",16100,200,19925700,318929000000,0,false,0
"NVL",142401,"/Date(1700465076000)/",16050,7000,19925500,318925000000,-50,true,-0.31
"NVL",142401,"/Date(1700465076000)/",16050,100,19918500,318813000000,-50,true,-0.31
"NVL",142401,"/Date(1700465076000)/",16050,500,19918400,318811000000,-50,true,-0.31
"NVL",142401,"/Date(1700465076000)/",16050,400,19917900,318803000000,-50,true,-0.31
"NVL",142401,"/Date(1700465076000)/",16050,12000,19917500,318797000000,-50,true,-0.31
"NVL",142358,"/Date(1700465075000)/",16100,800,19905500,318604000000,0,false,0
"NVL",142358,"/Date(1700465075000)/",16100,200,19904700,318592000000,0,false,0
"NVL",142358,"/Date(1700465074000)/",16100,100,19904500,318588000000,0,false,0
"NVL",142358,"/Date(1700465073000)/",16050,38000,19904400,318587000000,-50,true,-0.31
"NVL",142358,"/Date(1700465073000)/",16050,100,19866400,317977000000,-50,true,-0.31
"NVL",142358,"/Date(1700465073000)/",16050,1900,19866300,317975000000,-50,true,-0.31
"NVL",142355,"/Date(1700465070000)/",16050,2500,19864400,317945000000,-50,true,-0.31
"NVL",142351,"/Date(1700465066000)/",16050,100,19861900,317905000000,-50,true,-0.31
"NVL",142351,"/Date(1700465065000)/",16050,1000,19861800,317903000000,-50,true,-0.31
"NVL",142348,"/Date(1700465064000)/",16100,100,19860800,317887000000,0,false,0
"NVL",142345,"/Date(1700465059000)/",16050,400,19860700,317885000000,-50,true,-0.31
"NVL",142342,"/Date(1700465055000)/",16050,10000,19860300,317879000000,-50,true,-0.31
"NVL",142338,"/Date(1700465052000)/",16050,500,19850300,317718000000,-50,true,-0.31
"NVL",142332,"/Date(1700465048000)/",16050,1000,19849800,317710000000,-50,true,-0.31
"NVL",142332,"/Date(1700465047000)/",16100,100,19848800,317694000000,0,false,0
"NVL",142322,"/Date(1700465037000)/",16050,3000,19848700,317693000000,-50,true,-0.31
"NVL",142322,"/Date(1700465036000)/",16050,1500,19845700,317645000000,-50,true,-0.31
"NVL",142310,"/Date(1700465025000)/",16050,100,19844200,317621000000,-50,true,-0.31
"NVL",142310,"/Date(1700465025000)/",16050,200,19844100,317619000000,-50,true,-0.31
"NVL",142310,"/Date(1700465024000)/",16050,100,19843900,317616000000,-50,true,-0.31
"NVL",142310,"/Date(1700465023000)/",16050,100,19843800,317614000000,-50,true,-0.31
"NVL",142303,"/Date(1700465019000)/",16050,600,19843700,317612000000,-50,true,-0.31
"NVL",142300,"/Date(1700465017000)/",16050,200,19843100,317603000000,-50,true,-0.31
"NVL",142300,"/Date(1700465014000)/",16050,100,19842900,317600000000,-50,true,-0.31
"NVL",142254,"/Date(1700465009000)/",16050,100,19842800,317598000000,-50,true,-0.31
"NVL",142254,"/Date(1700465008000)/",16050,3000,19842700,317596000000,-50,true,-0.31
"NVL",142250,"/Date(1700465006000)/",16050,200,19839700,317548000000,-50,true,-0.31
"NVL",142250,"/Date(1700465005000)/",16050,100,19839500,317545000000,-50,true,-0.31
"NVL",142250,"/Date(1700465005000)/",16050,2500,19839400,317543000000,-50,true,-0.31
"NVL",142250,"/Date(1700465005000)/",16050,200,19836900,317503000000,-50,true,-0.31
"NVL",142250,"/Date(1700465005000)/",16050,1000,19836700,317500000000,-50,true,-0.31
"NVL",142250,"/Date(1700465005000)/",16050,100,19835700,317484000000,-50,true,-0.31
"NVL",142250,"/Date(1700465005000)/",16050,200,19835600,317482000000,-50,true,-0.31
"NVL",142250,"/Date(1700465005000)/",16050,700,19835400,317479000000,-50,true,-0.31
"NVL",142250,"/Date(1700465005000)/",16050,3000,19834700,317468000000,-50,true,-0.31
"NVL",142250,"/Date(1700465005000)/",16050,4000,19831700,317420000000,-50,true,-0.31
"NVL",142250,"/Date(1700465005000)/",16050,400,19827700,317356000000,-50,true,-0.31
"NVL",142250,"/Date(1700465005000)/",16050,10000,19827300,317349000000,-50,true,-0.31
"NVL",142250,"/Date(1700465005000)/",16050,36500,19817300,317189000000,-50,true,-0.31
"NVL",142247,"/Date(1700465002000)/",16050,900,19780800,316603000000,-50,false,-0.31
"NVL",142247,"/Date(1700465002000)/",16050,1000,19779900,316588000000,-50,false,-0.31
"NVL",142238,"/Date(1700464993000)/",16000,2000,19778900,316572000000,-100,true,-0.62
"NVL",142234,"/Date(1700464990000)/",16000,1000,19776900,316540000000,-100,true,-0.62
"NVL",142234,"/Date(1700464990000)/",16000,8000,19775900,316524000000,-100,true,-0.62
"NVL",142234,"/Date(1700464989000)/",16050,1000,19767900,316396000000,-50,false,-0.31
"NVL",142231,"/Date(1700464985000)/",16000,1000,19766900,316380000000,-100,true,-0.62
"NVL",142225,"/Date(1700464981000)/",16000,1000,19765900,316364000000,-100,true,-0.62
"NVL",142225,"/Date(1700464981000)/",16000,100,19764900,316348000000,-100,true,-0.62
"NVL",142225,"/Date(1700464981000)/",16050,600,19764800,316347000000,-50,false,-0.31
"NVL",142225,"/Date(1700464980000)/",16000,20000,19764200,316337000000,-100,true,-0.62
"NVL",142222,"/Date(1700464976000)/",16000,1000,19744200,316017000000,-100,true,-0.62
"NVL",142218,"/Date(1700464974000)/",16050,2500,19743200,316001000000,-50,false,-0.31
"NVL",142218,"/Date(1700464973000)/",16000,600,19740700,315961000000,-100,true,-0.62
"NVL",142209,"/Date(1700464965000)/",16000,2000,19740100,315951000000,-100,true,-0.62
"NVL",142209,"/Date(1700464965000)/",16000,60000,19738100,315919000000,-100,true,-0.62
"NVL",142209,"/Date(1700464963000)/",16000,6000,19678100,314959000000,-100,true,-0.62
"NVL",142205,"/Date(1700464961000)/",16050,3300,19672100,314863000000,-50,false,-0.31
"NVL",142205,"/Date(1700464961000)/",16050,6000,19668800,314810000000,-50,false,-0.31
"NVL",142205,"/Date(1700464961000)/",16050,6000,19662800,314714000000,-50,false,-0.31
"NVL",142205,"/Date(1700464961000)/",16050,1000,19656800,314618000000,-50,false,-0.31
"NVL",142205,"/Date(1700464961000)/",16050,3700,19655800,314602000000,-50,false,-0.31
"NVL",142205,"/Date(1700464960000)/",16000,200,19652100,314542000000,-100,true,-0.62
"NVL",142205,"/Date(1700464960000)/",16050,6300,19651900,314539000000,-50,false,-0.31
"NVL",142205,"/Date(1700464960000)/",16050,3700,19645600,314438000000,-50,false,-0.31
"NVL",142205,"/Date(1700464959000)/",16000,3200,19641900,314379000000,-100,true,-0.62
"NVL",142153,"/Date(1700464948000)/",16000,100,19638700,314328000000,-100,true,-0.62
"NVL",142153,"/Date(1700464948000)/",16050,1000,19638600,314326000000,-50,false,-0.31
"NVL",142149,"/Date(1700464946000)/",16050,100,19637600,314310000000,-50,false,-0.31
"NVL",142149,"/Date(1700464944000)/",16000,3000,19637500,314308000000,-100,true,-0.62
"NVL",142143,"/Date(1700464939000)/",16000,10000,19634500,314260000000,-100,true,-0.62
"NVL",142133,"/Date(1700464930000)/",16000,1300,19624500,314100000000,-100,true,-0.62
"NVL",142133,"/Date(1700464929000)/",16050,600,19623200,314079000000,-50,false,-0.31
"NVL",142133,"/Date(1700464928000)/",16050,1000,19622600,314070000000,-50,false,-0.31
"NVL",142133,"/Date(1700464928000)/",16000,1000,19621600,314054000000,-100,true,-0.62
"NVL",142130,"/Date(1700464924000)/",16050,1300,19620600,314038000000,-50,false,-0.31
"NVL",142130,"/Date(1700464924000)/",16050,5300,19619300,314017000000,-50,false,-0.31
"NVL",142130,"/Date(1700464924000)/",16050,3400,19614000,313932000000,-50,false,-0.31
"NVL",142127,"/Date(1700464922000)/",16000,3000,19610600,313877000000,-100,true,-0.62
"NVL",142124,"/Date(1700464920000)/",16000,20000,19607600,313829000000,-100,true,-0.62
"NVL",142124,"/Date(1700464920000)/",16050,500,19587600,313509000000,-50,true,-0.31
"NVL",142124,"/Date(1700464920000)/",16050,1000,19587100,313501000000,-50,true,-0.31
"NVL",142124,"/Date(1700464920000)/",16050,900,19586100,313485000000,-50,true,-0.31
"NVL",142124,"/Date(1700464920000)/",16050,500,19585200,313471000000,-50,true,-0.31
"NVL",142124,"/Date(1700464920000)/",16050,100,19584700,313463000000,-50,true,-0.31
"NVL",142124,"/Date(1700464920000)/",16050,50000,19584600,313461000000,-50,true,-0.31
"NVL",142124,"/Date(1700464920000)/",16050,900,19534600,312659000000,-50,true,-0.31
"NVL",142124,"/Date(1700464920000)/",16050,500,19533700,312644000000,-50,true,-0.31
"NVL",142124,"/Date(1700464920000)/",16050,900,19533200,312636000000,-50,true,-0.31
"NVL",142124,"/Date(1700464920000)/",16050,15000,19532300,312622000000,-50,true,-0.31
"NVL",142124,"/Date(1700464920000)/",16050,5100,19517300,312381000000,-50,true,-0.31
"NVL",142124,"/Date(1700464920000)/",16050,500,19512200,312299000000,-50,true,-0.31
"NVL",142124,"/Date(1700464920000)/",16050,500,19511700,312291000000,-50,true,-0.31
"NVL",142124,"/Date(1700464920000)/",16050,100,19511200,312283000000,-50,true,-0.31
"NVL",142124,"/Date(1700464920000)/",16050,300,19511100,312281000000,-50,true,-0.31
"NVL",142124,"/Date(1700464920000)/",16050,1000,19510800,312277000000,-50,true,-0.31
"NVL",142124,"/Date(1700464920000)/",16050,100,19509800,312261000000,-50,true,-0.31
"NVL",142124,"/Date(1700464920000)/",16050,200,19509700,312259000000,-50,true,-0.31
"NVL",142124,"/Date(1700464920000)/",16050,5000,19509500,312256000000,-50,true,-0.31
"NVL",142124,"/Date(1700464920000)/",16050,100,19504500,312176000000,-50,true,-0.31
"NVL",142124,"/Date(1700464920000)/",16050,200,19504400,312174000000,-50,true,-0.31
"NVL",142124,"/Date(1700464920000)/",16050,100,19504200,312171000000,-50,true,-0.31
"NVL",142124,"/Date(1700464920000)/",16050,200,19504100,312169000000,-50,true,-0.31
"NVL",142124,"/Date(1700464920000)/",16050,500,19503900,312166000000,-50,true,-0.31
"NVL",142124,"/Date(1700464920000)/",16050,400,19503400,312158000000,-50,true,-0.31
"NVL",142124,"/Date(1700464920000)/",16050,5000,19503000,312151000000,-50,true,-0.31
"NVL",142124,"/Date(1700464920000)/",16050,100,19498000,312071000000,-50,true,-0.31
"NVL",142124,"/Date(1700464920000)/",16050,500,19497900,312070000000,-50,true,-0.31
"NVL",142124,"/Date(1700464920000)/",16050,100,19497400,312062000000,-50,true,-0.31
"NVL",142124,"/Date(1700464920000)/",16050,100,19497300,312060000000,-50,true,-0.31
"NVL",142124,"/Date(1700464920000)/",16050,5000,19497200,312058000000,-50,true,-0.31
"NVL",142124,"/Date(1700464920000)/",16050,9200,19492200,311978000000,-50,true,-0.31
"NVL",142124,"/Date(1700464919000)/",16050,200,19483000,311830000000,-50,true,-0.31
"NVL",142124,"/Date(1700464918000)/",16050,3300,19482800,311827000000,-50,true,-0.31
"NVL",142124,"/Date(1700464918000)/",16050,2200,19479500,311774000000,-50,true,-0.31
"NVL",142124,"/Date(1700464917000)/",16050,1000,19477300,311739000000,-50,true,-0.31
"NVL",142124,"/Date(1700464917000)/",16050,100,19476300,311723000000,-50,true,-0.31
"NVL",142124,"/Date(1700464917000)/",16050,1200,19476200,311721000000,-50,true,-0.31
"NVL",142124,"/Date(1700464917000)/",16050,200,19475000,311702000000,-50,true,-0.31
"NVL",142124,"/Date(1700464917000)/",16050,500,19474800,311699000000,-50,true,-0.31
"NVL",142124,"/Date(1700464917000)/",16050,500,19474300,311691000000,-50,true,-0.31
"NVL",142124,"/Date(1700464917000)/",16050,200,19473800,311683000000,-50,true,-0.31
"NVL",142124,"/Date(1700464917000)/",16050,100,19473600,311680000000,-50,true,-0.31
"NVL",142124,"/Date(1700464917000)/",16050,500,19473500,311678000000,-50,true,-0.31
"NVL",142124,"/Date(1700464917000)/",16050,500,19473000,311670000000,-50,true,-0.31
"NVL",142124,"/Date(1700464917000)/",16050,3000,19472500,311662000000,-50,true,-0.31
"NVL",142124,"/Date(1700464917000)/",16050,1400,19469500,311614000000,-50,true,-0.31
"NVL",142124,"/Date(1700464917000)/",16050,1000,19468100,311591000000,-50,true,-0.31
"NVL",142124,"/Date(1700464917000)/",16050,100,19467100,311575000000,-50,true,-0.31
"NVL",142124,"/Date(1700464917000)/",16050,5000,19467000,311574000000,-50,true,-0.31
"NVL",142124,"/Date(1700464917000)/",16050,6600,19462000,311493000000,-50,true,-0.31
"NVL",142124,"/Date(1700464917000)/",16050,200,19455400,311387000000,-50,true,-0.31
"NVL",142124,"/Date(1700464917000)/",16050,10000,19455200,311384000000,-50,true,-0.31
"NVL",142121,"/Date(1700464917000)/",16050,200,19445200,311224000000,-50,true,-0.31
"NVL",142121,"/Date(1700464917000)/",16050,5000,19445000,311221000000,-50,true,-0.31
"NVL",142121,"/Date(1700464917000)/",16050,3000,19440000,311140000000,-50,true,-0.31
"NVL",142121,"/Date(1700464917000)/",16050,500,19437000,311092000000,-50,true,-0.31
"NVL",142121,"/Date(1700464917000)/",16050,100,19436500,311084000000,-50,true,-0.31
"NVL",142121,"/Date(1700464917000)/",16050,1000,19436400,311083000000,-50,true,-0.31
"NVL",142121,"/Date(1700464917000)/",16050,2000,19435400,311066000000,-50,true,-0.31
"NVL",142121,"/Date(1700464917000)/",16050,200,19433400,311034000000,-50,true,-0.31
"NVL",142121,"/Date(1700464917000)/",16050,500,19433200,311031000000,-50,true,-0.31
"NVL",142121,"/Date(1700464917000)/",16050,1000,19432700,311023000000,-50,true,-0.31
"NVL",142121,"/Date(1700464917000)/",16050,5500,19431700,311007000000,-50,true,-0.31
"NVL",142121,"/Date(1700464916000)/",16050,5000,19426200,310919000000,-50,true,-0.31
"NVL",142121,"/Date(1700464914000)/",16050,5000,19421200,310839000000,-50,true,-0.31
"NVL",142117,"/Date(1700464913000)/",16050,34500,19416200,310758000000,-50,true,-0.31
"NVL",142117,"/Date(1700464913000)/",16050,1200,19381700,310205000000,-50,true,-0.31
"NVL",142117,"/Date(1700464913000)/",16050,1000,19380500,310185000000,-50,true,-0.31
"NVL",142117,"/Date(1700464913000)/",16050,600,19379500,310169000000,-50,true,-0.31
"NVL",142117,"/Date(1700464913000)/",16050,200,19378900,310160000000,-50,true,-0.31
"NVL",142117,"/Date(1700464913000)/",16050,200,19378700,310156000000,-50,true,-0.31
"NVL",142117,"/Date(1700464913000)/",16050,4100,19378500,310153000000,-50,true,-0.31
"NVL",142117,"/Date(1700464912000)/",16050,400,19374400,310087000000,-50,true,-0.31
"NVL",142114,"/Date(1700464909000)/",16050,25500,19374000,310081000000,-50,true,-0.31
"NVL",142114,"/Date(1700464909000)/",16050,100,19348500,309672000000,-50,true,-0.31
"NVL",142114,"/Date(1700464909000)/",16050,3000,19348400,309670000000,-50,true,-0.31
"NVL",142114,"/Date(1700464909000)/",16050,500,19345400,309622000000,-50,true,-0.31
"NVL",142114,"/Date(1700464909000)/",16050,3000,19344900,309614000000,-50,true,-0.31
"NVL",142114,"/Date(1700464909000)/",16050,100,19341900,309566000000,-50,true,-0.31
"NVL",142114,"/Date(1700464909000)/",16050,300,19341800,309564000000,-50,true,-0.31
"NVL",142114,"/Date(1700464909000)/",16050,1000,19341500,309559000000,-50,true,-0.31
"NVL",142114,"/Date(1700464909000)/",16050,500,19340500,309543000000,-50,true,-0.31
"NVL",142114,"/Date(1700464909000)/",16050,900,19340000,309535000000,-50,true,-0.31
"NVL",142114,"/Date(1700464909000)/",16050,15100,19339100,309521000000,-50,true,-0.31
"NVL",142105,"/Date(1700464901000)/",16050,10000,19324000,309279000000,-50,true,-0.31
"NVL",142105,"/Date(1700464900000)/",16050,1000,19314000,309118000000,-50,true,-0.31
"NVL",142058,"/Date(1700464892000)/",16050,200,19313000,309102000000,-50,true,-0.31
"NVL",142058,"/Date(1700464892000)/",16050,3700,19312800,309099000000,-50,true,-0.31
"NVL",142058,"/Date(1700464892000)/",16050,3000,19309100,309039000000,-50,true,-0.31
"NVL",142058,"/Date(1700464892000)/",16050,700,19306100,308991000000,-50,true,-0.31
"NVL",142058,"/Date(1700464892000)/",16050,300,19305400,308980000000,-50,true,-0.31
"NVL",142058,"/Date(1700464892000)/",16050,2000,19305100,308975000000,-50,true,-0.31
"NVL",142058,"/Date(1700464892000)/",16050,100,19303100,308943000000,-50,true,-0.31
"NVL",142058,"/Date(1700464892000)/",16050,100,19303000,308941000000,-50,true,-0.31
"NVL",142058,"/Date(1700464892000)/",16050,100,19302900,308940000000,-50,true,-0.31
"NVL",142058,"/Date(1700464892000)/",16050,2000,19302800,308938000000,-50,true,-0.31
"NVL",142055,"/Date(1700464889000)/",16100,300,19300800,308906000000,0,false,0
"NVL",142052,"/Date(1700464885000)/",16050,100,19300500,308901000000,-50,true,-0.31
"NVL",142042,"/Date(1700464876000)/",16100,100,19300400,308900000000,0,false,0
"NVL",142033,"/Date(1700464869000)/",16100,200,19300300,308898000000,0,false,0
"NVL",142026,"/Date(1700464863000)/",16100,800,19300100,308895000000,0,false,0
"NVL",142026,"/Date(1700464863000)/",16100,1000,19299300,308882000000,0,false,0
"NVL",142026,"/Date(1700464863000)/",16100,1000,19298300,308866000000,0,false,0
"NVL",142026,"/Date(1700464863000)/",16100,1200,19297300,308850000000,0,false,0
"NVL",142026,"/Date(1700464861000)/",16050,2800,19296100,308831000000,-50,true,-0.31
"NVL",142026,"/Date(1700464861000)/",16050,700,19293300,308786000000,-50,true,-0.31
"NVL",142026,"/Date(1700464861000)/",16050,1000,19292600,308774000000,-50,true,-0.31
"NVL",142026,"/Date(1700464861000)/",16050,1500,19291600,308758000000,-50,true,-0.31
"NVL",142023,"/Date(1700464858000)/",16100,100,19290100,308734000000,0,false,0
"NVL",142020,"/Date(1700464854000)/",16100,18700,19290000,308733000000,0,false,0
"NVL",142020,"/Date(1700464854000)/",16100,1200,19271300,308432000000,0,false,0
"NVL",142020,"/Date(1700464854000)/",16100,2000,19270100,308412000000,0,false,0
"NVL",142020,"/Date(1700464854000)/",16100,5000,19268100,308380000000,0,false,0
"NVL",142020,"/Date(1700464854000)/",16100,1000,19263100,308300000000,0,false,0
"NVL",142020,"/Date(1700464854000)/",16100,500,19262100,308283000000,0,false,0
"NVL",142020,"/Date(1700464854000)/",16100,7100,19261600,308275000000,0,false,0
"NVL",142020,"/Date(1700464854000)/",16100,300,19254500,308161000000,0,false,0
"NVL",142020,"/Date(1700464854000)/",16100,1000,19254200,308156000000,0,false,0
"NVL",142020,"/Date(1700464854000)/",16100,2000,19253200,308140000000,0,false,0
"NVL",142020,"/Date(1700464854000)/",16100,100,19251200,308108000000,0,false,0
"NVL",142020,"/Date(1700464854000)/",16100,5000,19251100,308106000000,0,false,0
"NVL",142020,"/Date(1700464854000)/",16100,6100,19246100,308026000000,0,false,0
"NVL",142020,"/Date(1700464854000)/",16050,200,19240000,307928000000,-50,true,-0.31
"NVL",142013,"/Date(1700464848000)/",16050,300,19239800,307924000000,-50,true,-0.31
"NVL",142004,"/Date(1700464838000)/",16100,100,19239500,307920000000,0,false,0
"NVL",142001,"/Date(1700464836000)/",16050,500,19239400,307918000000,-50,true,-0.31
"NVL",141954,"/Date(1700464829000)/",16100,500,19238900,307910000000,0,false,0
"NVL",141954,"/Date(1700464828000)/",16100,100,19238400,307902000000,0,false,0
"NVL",141954,"/Date(1700464828000)/",16100,200,19238300,307900000000,0,false,0
"NVL",141948,"/Date(1700464824000)/",16100,3000,19238100,307897000000,0,false,0
"NVL",141948,"/Date(1700464822000)/",16100,100,19235100,307849000000,0,false,0
"NVL",141948,"/Date(1700464821000)/",16100,100,19235000,307847000000,0,false,0
"NVL",141941,"/Date(1700464818000)/",16100,500,19234900,307846000000,0,true,0
"NVL",141941,"/Date(1700464815000)/",16050,500,19234400,307837000000,-50,true,-0.31
"NVL",141941,"/Date(1700464815000)/",16050,400,19233900,307829000000,-50,true,-0.31
"NVL",141941,"/Date(1700464815000)/",16100,2100,19233500,307823000000,0,true,0
"NVL",141938,"/Date(1700464813000)/",16100,5000,19231400,307789000000,0,true,0
"NVL",141932,"/Date(1700464808000)/",16100,2000,19226400,307709000000,0,true,0
"NVL",141932,"/Date(1700464807000)/",16100,700,19224400,307677000000,0,true,0
"NVL",141932,"/Date(1700464807000)/",16100,200,19223700,307665000000,0,true,0
"NVL",141929,"/Date(1700464802000)/",16050,100,19223500,307662000000,-50,true,-0.31
"NVL",141925,"/Date(1700464801000)/",16100,500,19223400,307660000000,0,false,0
"NVL",141925,"/Date(1700464801000)/",16100,10000,19222900,307652000000,0,false,0
"NVL",141922,"/Date(1700464798000)/",16100,3300,19212900,307491000000,0,false,0
"NVL",141922,"/Date(1700464798000)/",16100,100,19209600,307438000000,0,false,0
"NVL",141922,"/Date(1700464798000)/",16100,300,19209500,307437000000,0,false,0
"NVL",141922,"/Date(1700464798000)/",16100,1300,19209200,307432000000,0,false,0
"NVL",141919,"/Date(1700464795000)/",16100,7600,19207900,307411000000,0,false,0
"NVL",141919,"/Date(1700464795000)/",16100,100,19200300,307289000000,0,false,0
"NVL",141919,"/Date(1700464795000)/",16100,100,19200200,307287000000,0,false,0
"NVL",141919,"/Date(1700464795000)/",16100,400,19200100,307285000000,0,false,0
"NVL",141919,"/Date(1700464795000)/",16100,800,19199700,307279000000,0,false,0
"NVL",141919,"/Date(1700464795000)/",16100,1000,19198900,307266000000,0,false,0
"NVL",141919,"/Date(1700464794000)/",16100,300,19197900,307250000000,0,false,0
"NVL",141919,"/Date(1700464793000)/",16100,500,19197600,307245000000,0,false,0
"NVL",141916,"/Date(1700464792000)/",16100,500,19197100,307237000000,0,false,0
"NVL",141916,"/Date(1700464791000)/",16100,500,19196600,307229000000,0,false,0
"NVL",141913,"/Date(1700464787000)/",16100,10000,19196100,307221000000,0,false,0
"NVL",141913,"/Date(1700464787000)/",16100,5000,19186100,307060000000,0,false,0
"NVL",141909,"/Date(1700464785000)/",16100,6800,19181100,306979000000,0,false,0
"NVL",141857,"/Date(1700464772000)/",16100,200,19174300,306870000000,0,false,0
"NVL",141857,"/Date(1700464771000)/",16100,10000,19174100,306867000000,0,false,0
"NVL",141853,"/Date(1700464768000)/",16100,1000,19164100,306706000000,0,false,0
"NVL",141853,"/Date(1700464767000)/",16100,100,19163100,306690000000,0,false,0
"NVL",141850,"/Date(1700464765000)/",16100,300,19163000,306688000000,0,false,0
"NVL",141850,"/Date(1700464764000)/",16100,500,19162700,306683000000,0,false,0
"NVL",141850,"/Date(1700464764000)/",16100,1000,19162200,306675000000,0,false,0
"NVL",141850,"/Date(1700464763000)/",16100,500,19161200,306659000000,0,false,0
"NVL",141847,"/Date(1700464762000)/",16100,11800,19160700,306651000000,0,false,0
"NVL",141847,"/Date(1700464762000)/",16100,8200,19148900,306461000000,0,false,0
"NVL",141844,"/Date(1700464759000)/",16100,1800,19140700,306329000000,0,false,0
"NVL",141844,"/Date(1700464759000)/",16100,700,19138900,306300000000,0,false,0
"NVL",141844,"/Date(1700464759000)/",16100,500,19138200,306289000000,0,false,0
"NVL",141844,"/Date(1700464759000)/",16100,2000,19137700,306281000000,0,false,0
"NVL",141844,"/Date(1700464759000)/",16100,5000,19135700,306248000000,0,false,0
"NVL",141844,"/Date(1700464757000)/",16100,500,19130700,306168000000,0,false,0
"NVL",141841,"/Date(1700464755000)/",16100,500,19130200,306160000000,0,false,0
"NVL",141841,"/Date(1700464754000)/",16100,500,19129700,306152000000,0,false,0
"NVL",141831,"/Date(1700464744000)/",16100,100,19129200,306144000000,0,false,0
"NVL",141815,"/Date(1700464731000)/",16100,100,19129100,306142000000,0,false,0
"NVL",141812,"/Date(1700464725000)/",16100,200,19129000,306141000000,0,false,0
"NVL",141808,"/Date(1700464724000)/",16100,1500,19128800,306137000000,0,false,0
"NVL",141808,"/Date(1700464723000)/",16100,2000,19127300,306113000000,0,false,0
"NVL",141749,"/Date(1700464704000)/",16100,1000,19125300,306081000000,0,true,0
"NVL",141749,"/Date(1700464704000)/",16100,3000,19124300,306065000000,0,true,0
"NVL",141749,"/Date(1700464704000)/",16100,1200,19121300,306017000000,0,true,0
"NVL",141749,"/Date(1700464704000)/",16100,500,19120100,305997000000,0,true,0
"NVL",141749,"/Date(1700464704000)/",16100,4000,19119600,305989000000,0,true,0
"NVL",141749,"/Date(1700464704000)/",16100,2100,19115600,305925000000,0,true,0
"NVL",141749,"/Date(1700464704000)/",16100,600,19113500,305891000000,0,true,0
"NVL",141749,"/Date(1700464704000)/",16100,400,19112900,305881000000,0,true,0
"NVL",141749,"/Date(1700464704000)/",16100,1000,19112500,305875000000,0,true,0
"NVL",141749,"/Date(1700464704000)/",16100,1000,19111500,305859000000,0,true,0
"NVL",141749,"/Date(1700464704000)/",16100,2800,19110500,305843000000,0,true,0
"NVL",141749,"/Date(1700464704000)/",16100,100,19107700,305798000000,0,true,0
"NVL",141749,"/Date(1700464704000)/",16100,1000,19107600,305796000000,0,true,0
"NVL",141749,"/Date(1700464704000)/",16100,300,19106600,305780000000,0,true,0
"NVL",141749,"/Date(1700464704000)/",16100,5000,19106300,305775000000,0,true,0
"NVL",141749,"/Date(1700464704000)/",16100,100,19101300,305695000000,0,true,0
"NVL",141749,"/Date(1700464704000)/",16100,500,19101200,305693000000,0,true,0
"NVL",141749,"/Date(1700464704000)/",16100,300,19100700,305685000000,0,true,0
"NVL",141749,"/Date(1700464704000)/",16100,1800,19100400,305680000000,0,true,0
"NVL",141749,"/Date(1700464704000)/",16100,300,19098600,305651000000,0,true,0
"NVL",141749,"/Date(1700464704000)/",16100,5000,19098300,305646000000,0,true,0
"NVL",141749,"/Date(1700464704000)/",16100,2000,19093300,305566000000,0,true,0
"NVL",141749,"/Date(1700464704000)/",16100,300,19091300,305534000000,0,true,0
"NVL",141749,"/Date(1700464704000)/",16100,13400,19091000,305529000000,0,true,0
"NVL",141749,"/Date(1700464704000)/",16100,4000,19077600,305313000000,0,true,0
"NVL",141749,"/Date(1700464704000)/",16100,1000,19073600,305249000000,0,true,0
"NVL",141749,"/Date(1700464704000)/",16100,500,19072600,305233000000,0,true,0
"NVL",141749,"/Date(1700464704000)/",16100,4000,19072100,305225000000,0,true,0
"NVL",141749,"/Date(1700464704000)/",16100,1000,19068100,305160000000,0,true,0
"NVL",141749,"/Date(1700464704000)/",16100,1500,19067100,305144000000,0,true,0
"NVL",141749,"/Date(1700464704000)/",16100,100,19065600,305120000000,0,true,0
"NVL",141749,"/Date(1700464704000)/",16100,1000,19065500,305118000000,0,true,0
"NVL",141749,"/Date(1700464704000)/",16100,2000,19064500,305102000000,0,true,0
"NVL",141749,"/Date(1700464704000)/",16100,10000,19062500,305070000000,0,true,0
"NVL",141749,"/Date(1700464704000)/",16100,300,19052500,304909000000,0,true,0
"NVL",141749,"/Date(1700464704000)/",16100,500,19052200,304904000000,0,true,0
"NVL",141749,"/Date(1700464704000)/",16100,2500,19051700,304896000000,0,true,0
"NVL",141749,"/Date(1700464704000)/",16100,5000,19049200,304856000000,0,true,0
"NVL",141749,"/Date(1700464704000)/",16100,1000,19044200,304775000000,0,true,0
"NVL",141749,"/Date(1700464704000)/",16100,1000,19043200,304759000000,0,true,0
"NVL",141749,"/Date(1700464704000)/",16100,1800,19042200,304743000000,0,true,0
"NVL",141749,"/Date(1700464704000)/",16100,9600,19040400,304714000000,0,true,0
"NVL",141749,"/Date(1700464704000)/",16100,400,19030800,304560000000,0,true,0
"NVL",141749,"/Date(1700464704000)/",16100,3900,19030400,304553000000,0,true,0
"NVL",141749,"/Date(1700464704000)/",16100,100,19026500,304490000000,0,true,0
"NVL",141749,"/Date(1700464704000)/",16100,600,19026400,304489000000,0,true,0
"NVL",141746,"/Date(1700464701000)/",16100,400,19025800,304479000000,0,true,0
"NVL",141746,"/Date(1700464701000)/",16100,2600,19025400,304473000000,0,true,0
"NVL",141746,"/Date(1700464701000)/",16100,400,19022800,304431000000,0,true,0
"NVL",141746,"/Date(1700464701000)/",16100,100,19022400,304424000000,0,true,0
"NVL",141746,"/Date(1700464701000)/",16100,500,19022300,304423000000,0,true,0
"NVL",141746,"/Date(1700464701000)/",16100,400,19021800,304415000000,0,true,0
"NVL",141746,"/Date(1700464700000)/",16100,100,19021400,304408000000,0,true,0
"NVL",141746,"/Date(1700464700000)/",16100,1000,19021300,304407000000,0,true,0
"NVL",141746,"/Date(1700464700000)/",16100,100,19020300,304391000000,0,true,0
"NVL",141746,"/Date(1700464700000)/",16100,100,19020200,304389000000,0,true,0
"NVL",141746,"/Date(1700464700000)/",16100,300,19020100,304387000000,0,true,0
"NVL",141746,"/Date(1700464700000)/",16100,500,19019800,304382000000,0,true,0
"NVL",141746,"/Date(1700464700000)/",16100,100,19019300,304374000000,0,true,0
"NVL",141746,"/Date(1700464700000)/",16100,100,19019200,304373000000,0,true,0
"NVL",141746,"/Date(1700464700000)/",16100,300,19019100,304371000000,0,true,0
"NVL",141746,"/Date(1700464700000)/",16100,2500,19018800,304366000000,0,true,0
"NVL",141743,"/Date(1700464698000)/",16100,2700,19016300,304326000000,0,true,0
"NVL",141740,"/Date(1700464695000)/",16100,1000,19013600,304283000000,0,true,0
"NVL",141740,"/Date(1700464694000)/",16100,3800,19012600,304267000000,0,true,0
"NVL",141740,"/Date(1700464694000)/",16100,500,19008800,304205000000,0,true,0
"NVL",141740,"/Date(1700464694000)/",16100,100,19008300,304197000000,0,true,0
"NVL",141740,"/Date(1700464694000)/",16100,100,19008200,304196000000,0,true,0
"NVL",141740,"/Date(1700464694000)/",16100,200,19008100,304194000000,0,true,0
"NVL",141740,"/Date(1700464694000)/",16100,100,19007900,304191000000,0,true,0
"NVL",141740,"/Date(1700464694000)/",16100,300,19007800,304189000000,0,true,0
"NVL",141740,"/Date(1700464694000)/",16100,500,19007500,304184000000,0,true,0
"NVL",141740,"/Date(1700464694000)/",16100,1000,19007000,304176000000,0,true,0
"NVL",141740,"/Date(1700464694000)/",16100,1400,19006000,304160000000,0,true,0
"NVL",141740,"/Date(1700464694000)/",16100,8100,19004600,304138000000,0,true,0
"NVL",141740,"/Date(1700464694000)/",16100,2100,18996500,304007000000,0,true,0
"NVL",141740,"/Date(1700464694000)/",16100,100,18994400,303974000000,0,true,0
"NVL",141740,"/Date(1700464694000)/",16100,500,18994300,303972000000,0,true,0
"NVL",141740,"/Date(1700464694000)/",16100,100,18993800,303964000000,0,true,0
"NVL",141740,"/Date(1700464694000)/",16100,1000,18993700,303962000000,0,true,0
"NVL",141740,"/Date(1700464694000)/",16100,2000,18992700,303946000000,0,true,0
"NVL",141740,"/Date(1700464694000)/",16100,1000,18990700,303914000000,0,true,0
"NVL",141740,"/Date(1700464694000)/",16100,1000,18989700,303898000000,0,true,0
"NVL",141740,"/Date(1700464694000)/",16100,1000,18988700,303882000000,0,true,0
"NVL",141740,"/Date(1700464694000)/",16100,700,18987700,303866000000,0,true,0
"NVL",141740,"/Date(1700464694000)/",16100,500,18987000,303854000000,0,true,0
"NVL",141740,"/Date(1700464694000)/",16100,2000,18986500,303846000000,0,true,0
"NVL",141740,"/Date(1700464694000)/",16100,500,18984500,303814000000,0,true,0
"NVL",141740,"/Date(1700464694000)/",16100,500,18984000,303806000000,0,true,0
"NVL",141740,"/Date(1700464694000)/",16100,1000,18983500,303798000000,0,true,0
"NVL",141740,"/Date(1700464694000)/",16100,200,18982500,303782000000,0,true,0
"NVL",141740,"/Date(1700464694000)/",16100,1200,18982300,303779000000,0,true,0
"NVL",141740,"/Date(1700464694000)/",16100,3000,18981100,303759000000,0,true,0
"NVL",141740,"/Date(1700464694000)/",16100,300,18978100,303711000000,0,true,0
"NVL",141740,"/Date(1700464694000)/",16100,3000,18977800,303706000000,0,true,0
"NVL",141740,"/Date(1700464694000)/",16100,100,18974800,303658000000,0,true,0
"NVL",141740,"/Date(1700464694000)/",16100,100,18974700,303656000000,0,true,0
"NVL",141740,"/Date(1700464694000)/",16100,700,18974600,303655000000,0,true,0
"NVL",141740,"/Date(1700464694000)/",16100,3000,18973900,303643000000,0,true,0
"NVL",141740,"/Date(1700464694000)/",16100,1000,18970900,303595000000,0,true,0
"NVL",141740,"/Date(1700464694000)/",16100,500,18969900,303579000000,0,true,0
"NVL",141740,"/Date(1700464694000)/",16100,500,18969400,303571000000,0,true,0
"NVL",141740,"/Date(1700464694000)/",16100,1000,18968900,303563000000,0,true,0
"NVL",141740,"/Date(1700464694000)/",16100,1300,18967900,303547000000,0,true,0
"NVL",141740,"/Date(1700464694000)/",16100,200,18966600,303526000000,0,true,0
"NVL",141733,"/Date(1700464688000)/",16100,300,18966400,303523000000,0,true,0
"NVL",141733,"/Date(1700464687000)/",16100,3000,18966100,303518000000,0,true,0
"NVL",141733,"/Date(1700464687000)/",16100,200,18963100,303470000000,0,true,0
"NVL",141733,"/Date(1700464687000)/",16100,500,18962900,303466000000,0,true,0
"NVL",141733,"/Date(1700464687000)/",16100,300,18962400,303458000000,0,true,0
"NVL",141730,"/Date(1700464685000)/",16100,500,18962100,303454000000,0,true,0
"NVL",141730,"/Date(1700464684000)/",16100,100,18961600,303445000000,0,true,0
"NVL",141730,"/Date(1700464684000)/",16100,1000,18961500,303444000000,0,true,0
"NVL",141730,"/Date(1700464684000)/",16100,2900,18960500,303428000000,0,true,0
"NVL",141727,"/Date(1700464683000)/",16100,100,18957600,303381000000,0,true,0
"NVL",141727,"/Date(1700464683000)/",16100,500,18957500,303379000000,0,true,0
"NVL",141727,"/Date(1700464683000)/",16100,900,18957000,303371000000,0,true,0
"NVL",141727,"/Date(1700464683000)/",16100,100,18956100,303357000000,0,true,0
"NVL",141727,"/Date(1700464683000)/",16100,100,18956000,303355000000,0,true,0
"NVL",141727,"/Date(1700464680000)/",16100,900,18955900,303354000000,0,true,0
"NVL",141727,"/Date(1700464680000)/",16100,1000,18955000,303339000000,0,true,0
"NVL",141727,"/Date(1700464680000)/",16100,2100,18954000,303323000000,0,true,0
"NVL",141724,"/Date(1700464677000)/",16100,2900,18951900,303289000000,0,true,0
"NVL",141724,"/Date(1700464677000)/",16100,100,18949000,303243000000,0,true,0
"NVL",141720,"/Date(1700464676000)/",16150,100,18948900,303241000000,50,false,0.31
"NVL",141720,"/Date(1700464674000)/",16100,200,18948800,303239000000,0,true,0
"NVL",141717,"/Date(1700464671000)/",16100,1000,18948600,303236000000,0,true,0
"NVL",141717,"/Date(1700464671000)/",16100,100,18947600,303220000000,0,true,0
"NVL",141717,"/Date(1700464671000)/",16100,1000,18947500,303218000000,0,true,0
"NVL",141717,"/Date(1700464671000)/",16100,3000,18946500,303202000000,0,true,0
"NVL",141717,"/Date(1700464671000)/",16100,200,18943500,303154000000,0,true,0
"NVL",141717,"/Date(1700464671000)/",16100,300,18943300,303151000000,0,true,0
"NVL",141717,"/Date(1700464671000)/",16100,400,18943000,303146000000,0,true,0
"NVL",141714,"/Date(1700464670000)/",16100,800,18942600,303140000000,0,true,0
"NVL",141711,"/Date(1700464667000)/",16100,800,18941800,303127000000,0,true,0
"NVL",141711,"/Date(1700464667000)/",16100,1000,18941000,303114000000,0,true,0
"NVL",141711,"/Date(1700464667000)/",16100,5000,18940000,303098000000,0,true,0
"NVL",141711,"/Date(1700464667000)/",16100,1000,18935000,303017000000,0,true,0
"NVL",141711,"/Date(1700464667000)/",16100,1000,18934000,303001000000,0,true,0
"NVL",141711,"/Date(1700464667000)/",16100,100,18933000,302985000000,0,true,0
"NVL",141711,"/Date(1700464667000)/",16100,1000,18932900,302983000000,0,true,0
"NVL",141711,"/Date(1700464667000)/",16100,100,18931900,302967000000,0,true,0
"NVL",141711,"/Date(1700464664000)/",16150,100,18931800,302966000000,50,false,0.31
"NVL",141708,"/Date(1700464663000)/",16100,200,18931700,302964000000,0,true,0
"NVL",141704,"/Date(1700464658000)/",16100,700,18931500,302961000000,0,true,0
"NVL",141704,"/Date(1700464658000)/",16100,500,18930800,302950000000,0,true,0
"NVL",141704,"/Date(1700464658000)/",16100,400,18930300,302942000000,0,true,0
"NVL",141704,"/Date(1700464658000)/",16100,500,18929900,302935000000,0,true,0
"NVL",141704,"/Date(1700464658000)/",16100,900,18929400,302927000000,0,true,0
"NVL",141655,"/Date(1700464651000)/",16100,100,18928500,302913000000,0,true,0
"NVL",141655,"/Date(1700464651000)/",16100,200,18928400,302911000000,0,true,0
"NVL",141655,"/Date(1700464650000)/",16100,100,18928200,302908000000,0,true,0
"NVL",141655,"/Date(1700464649000)/",16100,200,18928100,302906000000,0,true,0
"NVL",141655,"/Date(1700464649000)/",16100,800,18927900,302903000000,0,true,0
"NVL",141642,"/Date(1700464638000)/",16100,500,18927100,302890000000,0,true,0
"NVL",141639,"/Date(1700464635000)/",16150,400,18926600,302882000000,50,false,0.31
"NVL",141639,"/Date(1700464634000)/",16100,100,18926200,302875000000,0,true,0
"NVL",141623,"/Date(1700464617000)/",16100,400,18926100,302874000000,0,true,0
"NVL",141623,"/Date(1700464616000)/",16100,100,18925700,302867000000,0,true,0
"NVL",141620,"/Date(1700464615000)/",16150,5800,18925600,302866000000,50,false,0.31
"NVL",141613,"/Date(1700464607000)/",16150,100,18919800,302772000000,50,false,0.31
"NVL",141610,"/Date(1700464604000)/",16150,500,18919700,302771000000,50,false,0.31
"NVL",141607,"/Date(1700464600000)/",16150,800,18919200,302762000000,50,false,0.31
"NVL",141607,"/Date(1700464600000)/",16150,100,18918400,302750000000,50,false,0.31
"NVL",141607,"/Date(1700464600000)/",16150,1000,18918300,302748000000,50,false,0.31
"NVL",141607,"/Date(1700464600000)/",16150,200,18917300,302732000000,50,false,0.31
"NVL",141607,"/Date(1700464600000)/",16150,7900,18917100,302729000000,50,false,0.31
"NVL",141601,"/Date(1700464595000)/",16150,100,18909200,302601000000,50,false,0.31
"NVL",141557,"/Date(1700464593000)/",16150,6000,18909100,302599000000,50,false,0.31
"NVL",141557,"/Date(1700464593000)/",16150,800,18903100,302502000000,50,false,0.31
"NVL",141554,"/Date(1700464588000)/",16150,3600,18902300,302490000000,50,false,0.31
"NVL",141554,"/Date(1700464588000)/",16100,5000,18898700,302431000000,0,true,0
"NVL",141545,"/Date(1700464580000)/",16100,1000,18893700,302351000000,0,true,0
"NVL",141541,"/Date(1700464574000)/",16150,500,18892700,302335000000,50,false,0.31
"NVL",141535,"/Date(1700464568000)/",16150,500,18892200,302327000000,50,false,0.31
"NVL",141532,"/Date(1700464566000)/",16100,2100,18891700,302319000000,0,true,0
"NVL",141532,"/Date(1700464566000)/",16100,2000,18889600,302285000000,0,true,0
"NVL",141532,"/Date(1700464566000)/",16100,500,18887600,302253000000,0,true,0
"NVL",141532,"/Date(1700464566000)/",16100,400,18887100,302245000000,0,true,0
"NVL",141525,"/Date(1700464559000)/",16150,3100,18886700,302238000000,50,false,0.31
"NVL",141522,"/Date(1700464558000)/",16150,300,18883600,302188000000,50,false,0.31
"NVL",141516,"/Date(1700464551000)/",16150,100,18883300,302183000000,50,false,0.31
"NVL",141516,"/Date(1700464550000)/",16150,200,18883200,302182000000,50,false,0.31
"NVL",141516,"/Date(1700464550000)/",16150,1000,18883000,302178000000,50,false,0.31
"NVL",141516,"/Date(1700464550000)/",16150,500,18882000,302162000000,50,false,0.31
"NVL",141516,"/Date(1700464550000)/",16150,9400,18881500,302154000000,50,false,0.31
"NVL",141516,"/Date(1700464550000)/",16150,3600,18872100,302002000000,50,false,0.31
"NVL",141516,"/Date(1700464550000)/",16150,500,18868500,301944000000,50,false,0.31
"NVL",141516,"/Date(1700464550000)/",16150,1700,18868000,301936000000,50,false,0.31
"NVL",141516,"/Date(1700464550000)/",16150,100,18866300,301909000000,50,false,0.31
"NVL",141516,"/Date(1700464550000)/",16150,500,18866200,301907000000,50,false,0.31
"NVL",141516,"/Date(1700464550000)/",16150,2700,18865700,301899000000,50,false,0.31
"NVL",141516,"/Date(1700464550000)/",16150,2000,18863000,301855000000,50,false,0.31
"NVL",141516,"/Date(1700464550000)/",16150,3000,18861000,301823000000,50,false,0.31
"NVL",141516,"/Date(1700464550000)/",16150,300,18858000,301775000000,50,false,0.31
"NVL",141516,"/Date(1700464550000)/",16150,200,18857700,301770000000,50,false,0.31
"NVL",141516,"/Date(1700464550000)/",16150,1000,18857500,301767000000,50,false,0.31
"NVL",141516,"/Date(1700464550000)/",16150,6000,18856500,301750000000,50,false,0.31
"NVL",141516,"/Date(1700464550000)/",16150,2000,18850500,301654000000,50,false,0.31
"NVL",141516,"/Date(1700464550000)/",16150,500,18848500,301621000000,50,false,0.31
"NVL",141516,"/Date(1700464550000)/",16150,900,18848000,301613000000,50,false,0.31
"NVL",141513,"/Date(1700464548000)/",16150,1000,18847100,301599000000,50,true,0.31
"NVL",141513,"/Date(1700464548000)/",16150,2000,18846100,301582000000,50,true,0.31
"NVL",141513,"/Date(1700464547000)/",16150,100,18844100,301550000000,50,true,0.31
"NVL",141513,"/Date(1700464547000)/",16150,300,18844000,301549000000,50,true,0.31
"NVL",141513,"/Date(1700464546000)/",16150,8000,18843700,301544000000,50,true,0.31
"NVL",141513,"/Date(1700464546000)/",16150,500,18835700,301414000000,50,true,0.31
"NVL",141509,"/Date(1700464544000)/",16150,400,18835200,301406000000,50,true,0.31
"NVL",141509,"/Date(1700464544000)/",16150,1800,18834800,301400000000,50,true,0.31
"NVL",141509,"/Date(1700464544000)/",16150,200,18833000,301371000000,50,true,0.31
"NVL",141509,"/Date(1700464544000)/",16150,300,18832800,301368000000,50,true,0.31
"NVL",141509,"/Date(1700464544000)/",16150,700,18832500,301363000000,50,true,0.31
"NVL",141509,"/Date(1700464543000)/",16150,5000,18831800,301352000000,50,true,0.31
"NVL",141506,"/Date(1700464541000)/",16150,4300,18826800,301271000000,50,true,0.31
"NVL",141506,"/Date(1700464541000)/",16150,1700,18822500,301201000000,50,true,0.31
"NVL",141506,"/Date(1700464541000)/",16150,3000,18820800,301174000000,50,true,0.31
"NVL",141506,"/Date(1700464540000)/",16150,10000,18817800,301125000000,50,true,0.31
"NVL",141506,"/Date(1700464539000)/",16150,300,18807800,300964000000,50,true,0.31
"NVL",141506,"/Date(1700464539000)/",16150,100,18807500,300959000000,50,true,0.31
"NVL",141506,"/Date(1700464539000)/",16150,4100,18807400,300957000000,50,true,0.31
"NVL",141503,"/Date(1700464537000)/",16150,3400,18803300,300891000000,50,true,0.31
"NVL",141503,"/Date(1700464537000)/",16150,500,18799900,300836000000,50,true,0.31
"NVL",141503,"/Date(1700464537000)/",16150,4000,18799400,300828000000,50,true,0.31
"NVL",141503,"/Date(1700464537000)/",16150,500,18795400,300764000000,50,true,0.31
"NVL",141503,"/Date(1700464537000)/",16150,100,18794900,300756000000,50,true,0.31
"NVL",141503,"/Date(1700464537000)/",16150,5000,18794800,300754000000,50,true,0.31
"NVL",141503,"/Date(1700464537000)/",16150,6500,18789800,300673000000,50,true,0.31
"NVL",141500,"/Date(1700464534000)/",16150,1000,18783300,300568000000,50,true,0.31
"NVL",141500,"/Date(1700464533000)/",16150,4500,18782300,300552000000,50,true,0.31
"NVL",141453,"/Date(1700464527000)/",16150,200,18777800,300479000000,50,true,0.31
"NVL",141450,"/Date(1700464524000)/",16150,600,18777600,300476000000,50,true,0.31
"NVL",141450,"/Date(1700464523000)/",16150,1500,18777000,300466000000,50,true,0.31
"NVL",141450,"/Date(1700464523000)/",16150,3000,18775500,300442000000,50,true,0.31
"NVL",141447,"/Date(1700464522000)/",16150,2700,18772500,300394000000,50,true,0.31
"NVL",141441,"/Date(1700464514000)/",16150,3000,18769800,300350000000,50,true,0.31
"NVL",141441,"/Date(1700464514000)/",16150,4000,18766800,300302000000,50,true,0.31
"NVL",141437,"/Date(1700464511000)/",16200,100,18762800,300237000000,100,false,0.62
"NVL",141434,"/Date(1700464508000)/",16200,1000,18762700,300236000000,100,false,0.62
"NVL",141434,"/Date(1700464507000)/",16200,4300,18761700,300219000000,100,false,0.62
"NVL",141434,"/Date(1700464507000)/",16200,700,18757400,300150000000,100,false,0.62
"NVL",141418,"/Date(1700464491000)/",16200,3000,18756700,300138000000,100,false,0.62
"NVL",141418,"/Date(1700464491000)/",16200,900,18753700,300090000000,100,false,0.62
"NVL",141412,"/Date(1700464485000)/",16200,2400,18752800,300075000000,100,true,0.62
"NVL",141409,"/Date(1700464484000)/",16200,1000,18750400,300036000000,100,true,0.62
"NVL",141409,"/Date(1700464484000)/",16200,1600,18749400,300020000000,100,true,0.62
"NVL",141409,"/Date(1700464484000)/",16200,1000,18747800,299994000000,100,true,0.62
"NVL",141409,"/Date(1700464484000)/",16200,2400,18746800,299978000000,100,true,0.62
"NVL",141409,"/Date(1700464484000)/",16200,1100,18744400,299939000000,100,true,0.62
"NVL",141409,"/Date(1700464483000)/",16200,5000,18743300,299921000000,100,true,0.62
"NVL",141409,"/Date(1700464483000)/",16200,500,18738300,299840000000,100,true,0.62
"NVL",141409,"/Date(1700464482000)/",16200,200,18737800,299832000000,100,true,0.62
"NVL",141409,"/Date(1700464482000)/",16200,100,18737600,299829000000,100,true,0.62
"NVL",141405,"/Date(1700464481000)/",16200,2500,18737500,299827000000,100,true,0.62
"NVL",141405,"/Date(1700464481000)/",16200,4000,18735000,299787000000,100,true,0.62
"NVL",141405,"/Date(1700464481000)/",16200,200,18731000,299722000000,100,true,0.62
"NVL",141405,"/Date(1700464479000)/",16200,5000,18730800,299719000000,100,true,0.62
"NVL",141405,"/Date(1700464479000)/",16200,5000,18725800,299638000000,100,true,0.62
"NVL",141405,"/Date(1700464479000)/",16200,2000,18720800,299557000000,100,true,0.62
"NVL",141402,"/Date(1700464475000)/",16200,200,18718800,299524000000,100,true,0.62
"NVL",141359,"/Date(1700464474000)/",16200,200,18718600,299521000000,100,true,0.62
"NVL",141359,"/Date(1700464474000)/",16200,21600,18718400,299518000000,100,true,0.62
"NVL",141359,"/Date(1700464474000)/",16200,300,18696800,299168000000,100,true,0.62
"NVL",141359,"/Date(1700464474000)/",16200,1000,18696500,299163000000,100,true,0.62
"NVL",141359,"/Date(1700464474000)/",16200,7100,18695500,299147000000,100,true,0.62
"NVL",141359,"/Date(1700464472000)/",16200,2900,18688400,299032000000,100,true,0.62
"NVL",141359,"/Date(1700464472000)/",16200,700,18685500,298985000000,100,true,0.62
"NVL",141356,"/Date(1700464472000)/",16200,2000,18684800,298974000000,100,true,0.62
"NVL",141356,"/Date(1700464471000)/",16200,1000,18682800,298941000000,100,true,0.62
"NVL",141356,"/Date(1700464471000)/",16200,500,18681800,298925000000,100,true,0.62
"NVL",141356,"/Date(1700464469000)/",16200,4000,18681300,298917000000,100,true,0.62
"NVL",141353,"/Date(1700464468000)/",16200,1800,18677300,298852000000,100,true,0.62
"NVL",141353,"/Date(1700464468000)/",16200,500,18675500,298823000000,100,true,0.62
"NVL",141353,"/Date(1700464468000)/",16200,100,18675000,298815000000,100,true,0.62
"NVL",141353,"/Date(1700464468000)/",16200,3100,18674900,298813000000,100,true,0.62
"NVL",141353,"/Date(1700464467000)/",16200,5000,18671800,298763000000,100,true,0.62
"NVL",141353,"/Date(1700464466000)/",16200,2000,18666800,298682000000,100,true,0.62
"NVL",141349,"/Date(1700464465000)/",16200,5000,18664800,298650000000,100,true,0.62
"NVL",141349,"/Date(1700464465000)/",16200,10000,18659800,298569000000,100,true,0.62
"NVL",141349,"/Date(1700464464000)/",16200,1000,18649800,298407000000,100,true,0.62
"NVL",141349,"/Date(1700464463000)/",16200,300,18648800,298390000000,100,true,0.62
"NVL",141349,"/Date(1700464463000)/",16200,200,18648500,298385000000,100,true,0.62
"NVL",141346,"/Date(1700464460000)/",16200,200,18648300,298382000000,100,true,0.62
"NVL",141346,"/Date(1700464459000)/",16200,2000,18648100,298379000000,100,true,0.62
"NVL",141343,"/Date(1700464459000)/",16200,5000,18646100,298347000000,100,true,0.62
"NVL",141340,"/Date(1700464455000)/",16200,300,18641100,298266000000,100,false,0.62
"NVL",141340,"/Date(1700464455000)/",16200,2000,18640800,298261000000,100,false,0.62
"NVL",141340,"/Date(1700464455000)/",16200,1700,18638800,298228000000,100,false,0.62
"NVL",141337,"/Date(1700464452000)/",16200,12500,18637100,298201000000,100,true,0.62
"NVL",141337,"/Date(1700464452000)/",16200,1300,18624600,297998000000,100,true,0.62
"NVL",141337,"/Date(1700464452000)/",16200,9500,18623300,297977000000,100,true,0.62
"NVL",141337,"/Date(1700464451000)/",16200,2400,18613800,297823000000,100,true,0.62
"NVL",141333,"/Date(1700464449000)/",16200,400,18611400,297784000000,100,false,0.62
"NVL",141333,"/Date(1700464449000)/",16200,300,18611000,297778000000,100,false,0.62
"NVL",141333,"/Date(1700464449000)/",16200,3000,18610700,297773000000,100,false,0.62
"NVL",141333,"/Date(1700464449000)/",16200,3000,18607700,297725000000,100,false,0.62
"NVL",141333,"/Date(1700464449000)/",16200,100,18604700,297676000000,100,false,0.62
"NVL",141333,"/Date(1700464449000)/",16200,1300,18604600,297674000000,100,false,0.62
"NVL",141333,"/Date(1700464446000)/",16200,3000,18603300,297653000000,100,false,0.62
"NVL",141330,"/Date(1700464445000)/",16200,700,18600300,297605000000,100,false,0.62
"NVL",141330,"/Date(1700464445000)/",16200,200,18599600,297593000000,100,false,0.62
"NVL",141330,"/Date(1700464445000)/",16200,1000,18599400,297590000000,100,false,0.62
"NVL",141330,"/Date(1700464445000)/",16200,100,18598400,297574000000,100,false,0.62
"NVL",141327,"/Date(1700464440000)/",16200,400,18598300,297572000000,100,false,0.62
"NVL",141327,"/Date(1700464440000)/",16200,3000,18597900,297566000000,100,false,0.62
"NVL",141327,"/Date(1700464440000)/",16200,5000,18594900,297517000000,100,false,0.62
"NVL",141327,"/Date(1700464440000)/",16200,100,18589900,297436000000,100,false,0.62
"NVL",141327,"/Date(1700464440000)/",16200,200,18589800,297435000000,100,false,0.62
"NVL",141327,"/Date(1700464440000)/",16200,1000,18589600,297431000000,100,false,0.62
"NVL",141327,"/Date(1700464440000)/",16200,100,18588600,297415000000,100,false,0.62
"NVL",141327,"/Date(1700464440000)/",16200,2000,18588500,297413000000,100,false,0.62
"NVL",141327,"/Date(1700464440000)/",16200,5000,18586500,297381000000,100,false,0.62
"NVL",141327,"/Date(1700464440000)/",16200,3200,18581500,297300000000,100,false,0.62
"NVL",141327,"/Date(1700464440000)/",16200,200,18578300,297248000000,100,false,0.62
"NVL",141324,"/Date(1700464438000)/",16150,8000,18578100,297245000000,50,true,0.31
"NVL",141320,"/Date(1700464435000)/",16200,500,18570100,297116000000,100,false,0.62
"NVL",141320,"/Date(1700464434000)/",16200,2100,18569600,297108000000,100,false,0.62
"NVL",141320,"/Date(1700464434000)/",16200,400,18567500,297074000000,100,false,0.62
"NVL",141320,"/Date(1700464434000)/",16200,600,18567100,297067000000,100,false,0.62
"NVL",141320,"/Date(1700464434000)/",16200,4300,18566500,297057000000,100,false,0.62
"NVL",141320,"/Date(1700464434000)/",16200,1000,18562200,296988000000,100,false,0.62
"NVL",141320,"/Date(1700464434000)/",16200,100,18561200,296972000000,100,false,0.62
"NVL",141320,"/Date(1700464434000)/",16200,100,18561100,296970000000,100,false,0.62
"NVL",141320,"/Date(1700464434000)/",16200,11400,18561000,296968000000,100,false,0.62
"NVL",141317,"/Date(1700464432000)/",16200,20000,18549600,296784000000,100,false,0.62
"NVL",141314,"/Date(1700464429000)/",16200,10000,18529600,296460000000,100,false,0.62
"NVL",141311,"/Date(1700464427000)/",16200,600,18519600,296298000000,100,false,0.62
"NVL",141311,"/Date(1700464425000)/",16200,3100,18519000,296288000000,100,false,0.62
"NVL",141308,"/Date(1700464422000)/",16200,4900,18515900,296238000000,100,false,0.62
"NVL",141308,"/Date(1700464422000)/",16200,800,18511000,296158000000,100,false,0.62
"NVL",141308,"/Date(1700464422000)/",16200,2000,18510200,296145000000,100,false,0.62
"NVL",141308,"/Date(1700464422000)/",16200,300,18508200,296113000000,100,false,0.62
"NVL",141308,"/Date(1700464422000)/",16200,300,18507900,296108000000,100,false,0.62
"NVL",141308,"/Date(1700464422000)/",16200,100,18507600,296103000000,100,false,0.62
"NVL",141308,"/Date(1700464422000)/",16200,1000,18507500,296102000000,100,false,0.62
"NVL",141308,"/Date(1700464422000)/",16200,300,18506500,296085000000,100,false,0.62
"NVL",141308,"/Date(1700464422000)/",16200,300,18506200,296081000000,100,false,0.62
"NVL",141305,"/Date(1700464420000)/",16200,700,18505900,296076000000,100,false,0.62
"NVL",141305,"/Date(1700464420000)/",16200,2900,18505200,296064000000,100,false,0.62
"NVL",141305,"/Date(1700464420000)/",16200,20000,18502300,296017000000,100,false,0.62
"NVL",141305,"/Date(1700464420000)/",16200,400,18482300,295693000000,100,false,0.62
"NVL",141305,"/Date(1700464420000)/",16200,2000,18481900,295687000000,100,false,0.62
"NVL",141305,"/Date(1700464420000)/",16200,20000,18479900,295655000000,100,false,0.62
"NVL",141305,"/Date(1700464420000)/",16200,1000,18459900,295331000000,100,false,0.62
"NVL",141305,"/Date(1700464420000)/",16200,3000,18458900,295314000000,100,false,0.62
"NVL",141305,"/Date(1700464420000)/",16200,200,18455900,295266000000,100,false,0.62
"NVL",141301,"/Date(1700464417000)/",16200,1000,18455700,295263000000,100,false,0.62
"NVL",141252,"/Date(1700464407000)/",16200,100,18454700,295246000000,100,false,0.62
"NVL",141239,"/Date(1700464392000)/",16150,600,18454600,295245000000,50,true,0.31
"NVL",141213,"/Date(1700464367000)/",16150,2000,18454000,295235000000,50,true,0.31
"NVL",141204,"/Date(1700464356000)/",16150,200,18452000,295203000000,50,true,0.31
"NVL",141138,"/Date(1700464333000)/",16150,100,18451800,295199000000,50,true,0.31
"NVL",141135,"/Date(1700464330000)/",16150,5700,18451700,295198000000,50,true,0.31
"NVL",141135,"/Date(1700464330000)/",16150,1000,18446000,295106000000,50,true,0.31
"NVL",141135,"/Date(1700464330000)/",16150,2000,18445000,295090000000,50,true,0.31
"NVL",141135,"/Date(1700464330000)/",16150,1300,18443000,295057000000,50,true,0.31
"NVL",141128,"/Date(1700464324000)/",16150,500,18441700,295036000000,50,true,0.31
"NVL",141119,"/Date(1700464313000)/",16150,200,18441200,295028000000,50,true,0.31
"NVL",141119,"/Date(1700464313000)/",16150,300,18441000,295025000000,50,true,0.31
"NVL",141119,"/Date(1700464312000)/",16150,700,18440700,295020000000,50,true,0.31
"NVL",141119,"/Date(1700464312000)/",16150,500,18440000,295009000000,50,true,0.31
"NVL",141119,"/Date(1700464312000)/",16150,200,18439500,295001000000,50,true,0.31
"NVL",141119,"/Date(1700464312000)/",16150,1000,18439300,294998000000,50,true,0.31
"NVL",141119,"/Date(1700464312000)/",16150,12600,18438300,294981000000,50,true,0.31
"NVL",141116,"/Date(1700464306000)/",16150,31000,18425700,294778000000,50,true,0.31
"NVL",141109,"/Date(1700464304000)/",16150,6400,18394700,294277000000,50,false,0.31
"NVL",141109,"/Date(1700464304000)/",16150,2500,18388300,294174000000,50,false,0.31
"NVL",141109,"/Date(1700464304000)/",16150,1100,18385800,294134000000,50,false,0.31
"NVL",141109,"/Date(1700464303000)/",16150,200,18384700,294116000000,50,false,0.31
"NVL",141109,"/Date(1700464303000)/",16150,200,18384500,294113000000,50,false,0.31
"NVL",141106,"/Date(1700464300000)/",16200,300,18384300,294109000000,100,false,0.62
"NVL",141106,"/Date(1700464300000)/",16150,500,18384000,294105000000,50,false,0.31
"NVL",141106,"/Date(1700464300000)/",16150,300,18383500,294096000000,50,false,0.31
"NVL",141106,"/Date(1700464300000)/",16150,600,18383200,294092000000,50,false,0.31
"NVL",141106,"/Date(1700464300000)/",16150,500,18382600,294082000000,50,false,0.31
"NVL",141106,"/Date(1700464300000)/",16150,1000,18382100,294074000000,50,false,0.31
"NVL",141106,"/Date(1700464300000)/",16150,3800,18381100,294058000000,50,false,0.31
"NVL",141103,"/Date(1700464298000)/",16150,100,18377300,293996000000,50,false,0.31
"NVL",141103,"/Date(1700464298000)/",16150,500,18377200,293995000000,50,false,0.31
"NVL",141103,"/Date(1700464297000)/",16150,600,18376700,293987000000,50,false,0.31
"NVL",141103,"/Date(1700464297000)/",16150,400,18376100,293977000000,50,false,0.31
"NVL",141103,"/Date(1700464297000)/",16150,9000,18375700,293970000000,50,false,0.31
"NVL",141103,"/Date(1700464296000)/",16100,1000,18366700,293825000000,0,true,0
"NVL",141053,"/Date(1700464289000)/",16150,41000,18365700,293809000000,50,false,0.31
"NVL",141053,"/Date(1700464289000)/",16150,20000,18324700,293147000000,50,false,0.31
"NVL",141053,"/Date(1700464289000)/",16150,16900,18304700,292824000000,50,false,0.31
"NVL",141053,"/Date(1700464289000)/",16150,500,18287800,292551000000,50,false,0.31
"NVL",141053,"/Date(1700464289000)/",16150,1600,18287300,292543000000,50,false,0.31
"NVL",141050,"/Date(1700464283000)/",16150,2000,18285700,292517000000,50,false,0.31
"NVL",141044,"/Date(1700464277000)/",16150,300,18283700,292485000000,50,false,0.31
"NVL",141044,"/Date(1700464276000)/",16150,1100,18283400,292480000000,50,false,0.31
"NVL",141044,"/Date(1700464276000)/",16150,10000,18282300,292462000000,50,false,0.31
"NVL",141044,"/Date(1700464276000)/",16150,8900,18272300,292301000000,50,false,0.31
"NVL",141040,"/Date(1700464273000)/",16100,1000,18263400,292157000000,0,true,0
"NVL",141037,"/Date(1700464271000)/",16100,3600,18262400,292141000000,0,true,0
"NVL",141037,"/Date(1700464271000)/",16100,100,18258800,292083000000,0,true,0
"NVL",141037,"/Date(1700464271000)/",16100,1300,18258700,292081000000,0,true,0
"NVL",141037,"/Date(1700464271000)/",16100,100,18257400,292060000000,0,true,0
"NVL",141031,"/Date(1700464266000)/",16150,300,18257300,292059000000,50,false,0.31
"NVL",141031,"/Date(1700464266000)/",16100,500,18257000,292054000000,0,true,0
"NVL",141031,"/Date(1700464266000)/",16150,100,18256500,292046000000,50,false,0.31
"NVL",141015,"/Date(1700464248000)/",16100,3100,18256400,292044000000,0,true,0
"NVL",141015,"/Date(1700464248000)/",16100,300,18253300,291994000000,0,true,0
"NVL",141015,"/Date(1700464248000)/",16100,500,18253000,291989000000,0,true,0
"NVL",141015,"/Date(1700464248000)/",16100,1000,18252500,291981000000,0,true,0
"NVL",141015,"/Date(1700464248000)/",16100,56100,18251500,291965000000,0,true,0
"NVL",141015,"/Date(1700464247000)/",16100,1600,18195400,291062000000,0,true,0
"NVL",141012,"/Date(1700464246000)/",16150,600,18193800,291036000000,50,false,0.31
"NVL",140959,"/Date(1700464232000)/",16100,33000,18193200,291027000000,0,true,0
"NVL",140952,"/Date(1700464226000)/",16100,200,18160200,290495000000,0,true,0
"NVL",140939,"/Date(1700464214000)/",16100,1000,18160000,290492000000,0,true,0
"NVL",140936,"/Date(1700464210000)/",16150,100,18159000,290476000000,50,false,0.31
"NVL",140923,"/Date(1700464196000)/",16100,2000,18158900,290474000000,0,true,0
"NVL",140920,"/Date(1700464196000)/",16150,100,18156900,290442000000,50,false,0.31
"NVL",140920,"/Date(1700464196000)/",16100,6100,18156800,290441000000,0,true,0
"NVL",140920,"/Date(1700464195000)/",16150,100,18150700,290342000000,50,false,0.31
"NVL",140914,"/Date(1700464187000)/",16150,300,18150600,290341000000,50,false,0.31
"NVL",140901,"/Date(1700464175000)/",16150,100,18150300,290336000000,50,false,0.31
"NVL",140901,"/Date(1700464175000)/",16150,2400,18150200,290334000000,50,false,0.31
"NVL",140901,"/Date(1700464175000)/",16150,600,18147800,290296000000,50,false,0.31
"NVL",140855,"/Date(1700464170000)/",16150,100,18147200,290286000000,50,false,0.31
"NVL",140855,"/Date(1700464168000)/",16150,200,18147100,290284000000,50,false,0.31
"NVL",140852,"/Date(1700464167000)/",16150,200,18146900,290281000000,50,false,0.31
"NVL",140845,"/Date(1700464160000)/",16150,100,18146700,290278000000,50,false,0.31
"NVL",140839,"/Date(1700464151000)/",16150,100,18146600,290276000000,50,false,0.31
"NVL",140835,"/Date(1700464150000)/",16150,700,18146500,290275000000,50,false,0.31
"NVL",140835,"/Date(1700464150000)/",16150,300,18145800,290263000000,50,false,0.31
"NVL",140826,"/Date(1700464140000)/",16150,300,18145500,290258000000,50,false,0.31
"NVL",140819,"/Date(1700464134000)/",16150,100,18145200,290254000000,50,true,0.31
"NVL",140819,"/Date(1700464133000)/",16150,100,18145100,290252000000,50,true,0.31
"NVL",140819,"/Date(1700464133000)/",16150,500,18145000,290250000000,50,true,0.31
"NVL",140819,"/Date(1700464133000)/",16150,1500,18144500,290242000000,50,true,0.31
"NVL",140819,"/Date(1700464132000)/",16150,500,18143000,290218000000,50,true,0.31
"NVL",140819,"/Date(1700464132000)/",16150,2000,18142500,290210000000,50,true,0.31
"NVL",140819,"/Date(1700464132000)/",16150,300,18140500,290178000000,50,true,0.31
"NVL",140819,"/Date(1700464132000)/",16150,200,18140200,290173000000,50,true,0.31
"NVL",140819,"/Date(1700464132000)/",16150,500,18140000,290170000000,50,true,0.31
"NVL",140819,"/Date(1700464132000)/",16150,1000,18139500,290161000000,50,true,0.31
"NVL",140819,"/Date(1700464132000)/",16150,300,18138500,290145000000,50,true,0.31
"NVL",140819,"/Date(1700464132000)/",16150,100,18138200,290140000000,50,true,0.31
"NVL",140819,"/Date(1700464132000)/",16150,1000,18138100,290139000000,50,true,0.31
"NVL",140819,"/Date(1700464132000)/",16150,1000,18137100,290123000000,50,true,0.31
"NVL",140819,"/Date(1700464132000)/",16150,2000,18136100,290107000000,50,true,0.31
"NVL",140819,"/Date(1700464132000)/",16150,500,18134100,290074000000,50,true,0.31
"NVL",140819,"/Date(1700464132000)/",16150,200,18133600,290066000000,50,true,0.31
"NVL",140819,"/Date(1700464132000)/",16150,400,18133400,290063000000,50,true,0.31
"NVL",140819,"/Date(1700464132000)/",16150,4000,18133000,290056000000,50,true,0.31
"NVL",140819,"/Date(1700464132000)/",16150,1000,18129000,289992000000,50,true,0.31
"NVL",140816,"/Date(1700464129000)/",16150,11000,18128000,289976000000,50,true,0.31
"NVL",140816,"/Date(1700464129000)/",16150,500,18117000,289798000000,50,true,0.31
"NVL",140816,"/Date(1700464129000)/",16150,200,18116500,289790000000,50,true,0.31
"NVL",140816,"/Date(1700464129000)/",16150,500,18116300,289787000000,50,true,0.31
"NVL",140816,"/Date(1700464129000)/",16150,300,18115800,289779000000,50,true,0.31
"NVL",140816,"/Date(1700464129000)/",16150,300,18115500,289774000000,50,true,0.31
"NVL",140816,"/Date(1700464129000)/",16150,400,18115200,289769000000,50,true,0.31
"NVL",140816,"/Date(1700464129000)/",16150,4000,18114800,289763000000,50,true,0.31
"NVL",140816,"/Date(1700464129000)/",16150,3000,18110800,289698000000,50,true,0.31
"NVL",140816,"/Date(1700464129000)/",16150,1000,18107800,289650000000,50,true,0.31
"NVL",140816,"/Date(1700464129000)/",16150,3900,18106800,289633000000,50,true,0.31
"NVL",140816,"/Date(1700464129000)/",16150,100,18102900,289570000000,50,true,0.31
"NVL",140816,"/Date(1700464129000)/",16150,100,18102800,289569000000,50,true,0.31
"NVL",140816,"/Date(1700464129000)/",16150,200,18102700,289567000000,50,true,0.31
"NVL",140816,"/Date(1700464129000)/",16150,800,18102500,289564000000,50,true,0.31
"NVL",140816,"/Date(1700464129000)/",16150,5000,18101700,289551000000,50,true,0.31
"NVL",140816,"/Date(1700464129000)/",16150,600,18096700,289470000000,50,true,0.31
"NVL",140816,"/Date(1700464129000)/",16150,9000,18096100,289461000000,50,true,0.31
"NVL",140816,"/Date(1700464129000)/",16150,1000,18087100,289315000000,50,true,0.31
"NVL",140816,"/Date(1700464129000)/",16150,1000,18086100,289299000000,50,true,0.31
"NVL",140816,"/Date(1700464129000)/",16150,1000,18085100,289283000000,50,true,0.31
"NVL",140816,"/Date(1700464129000)/",16150,1000,18084100,289267000000,50,true,0.31
"NVL",140816,"/Date(1700464129000)/",16150,100,18083100,289251000000,50,true,0.31
"NVL",140816,"/Date(1700464129000)/",16150,500,18083000,289249000000,50,true,0.31
"NVL",140816,"/Date(1700464129000)/",16150,200,18082500,289241000000,50,true,0.31
"NVL",140816,"/Date(1700464129000)/",16150,200,18082300,289238000000,50,true,0.31
"NVL",140816,"/Date(1700464129000)/",16150,1700,18082100,289234000000,50,true,0.31
"NVL",140816,"/Date(1700464129000)/",16150,100,18080400,289207000000,50,true,0.31
"NVL",140816,"/Date(1700464129000)/",16150,2300,18080300,289205000000,50,true,0.31
"NVL",140813,"/Date(1700464128000)/",16150,7000,18078000,289168000000,50,true,0.31
"NVL",140813,"/Date(1700464126000)/",16150,15400,18071000,289055000000,50,true,0.31
"NVL",140813,"/Date(1700464125000)/",16150,10000,18055600,288806000000,50,true,0.31
"NVL",140807,"/Date(1700464119000)/",16150,3000,18045600,288645000000,50,true,0.31
"NVL",140804,"/Date(1700464118000)/",16150,200,18042600,288597000000,50,true,0.31
"NVL",140800,"/Date(1700464115000)/",16150,300,18042400,288593000000,50,true,0.31
"NVL",140800,"/Date(1700464114000)/",16150,500,18042100,288588000000,50,true,0.31
"NVL",140757,"/Date(1700464111000)/",16150,500,18041600,288580000000,50,true,0.31
"NVL",140741,"/Date(1700464096000)/",16150,100,18041100,288572000000,50,true,0.31
"NVL",140738,"/Date(1700464090000)/",16150,5000,18041000,288571000000,50,true,0.31
"NVL",140728,"/Date(1700464083000)/",16150,500,18036000,288490000000,50,true,0.31
"NVL",140722,"/Date(1700464077000)/",16150,7200,18035500,288482000000,50,true,0.31
"NVL",140719,"/Date(1700464073000)/",16200,1000,18028300,288366000000,100,false,0.62
"NVL",140715,"/Date(1700464069000)/",16150,1000,18027300,288349000000,50,true,0.31
"NVL",140715,"/Date(1700464068000)/",16200,100,18026300,288333000000,100,false,0.62
"NVL",140702,"/Date(1700464058000)/",16200,200,18026200,288332000000,100,false,0.62
"NVL",140656,"/Date(1700464049000)/",16200,300,18026000,288328000000,100,false,0.62
"NVL",140640,"/Date(1700464033000)/",16200,100,18025700,288324000000,100,false,0.62
"NVL",140637,"/Date(1700464029000)/",16200,200,18025600,288322000000,100,false,0.62
"NVL",140624,"/Date(1700464016000)/",16200,200,18025400,288319000000,100,false,0.62
"NVL",140621,"/Date(1700464013000)/",16150,100,18025200,288315000000,50,true,0.31
"NVL",140614,"/Date(1700464007000)/",16150,900,18025100,288314000000,50,true,0.31
"NVL",140614,"/Date(1700464007000)/",16150,100,18024200,288299000000,50,true,0.31
"NVL",140611,"/Date(1700464004000)/",16200,500,18024100,288298000000,100,false,0.62
"NVL",140558,"/Date(1700463992000)/",16150,100,18023600,288290000000,50,true,0.31
"NVL",140549,"/Date(1700463982000)/",16200,1100,18023500,288288000000,100,false,0.62
"NVL",140536,"/Date(1700463971000)/",16200,1000,18022400,288270000000,100,false,0.62
"NVL",140536,"/Date(1700463971000)/",16200,1400,18021400,288254000000,100,false,0.62
"NVL",140536,"/Date(1700463971000)/",16200,200,18020000,288231000000,100,false,0.62
"NVL",140536,"/Date(1700463971000)/",16200,3100,18019800,288228000000,100,false,0.62
"NVL",140536,"/Date(1700463969000)/",16200,300,18016700,288178000000,100,false,0.62
"NVL",140523,"/Date(1700463958000)/",16200,5000,18016400,288173000000,100,false,0.62
"NVL",140523,"/Date(1700463958000)/",16200,1000,18011400,288092000000,100,false,0.62
"NVL",140523,"/Date(1700463957000)/",16200,200,18010400,288076000000,100,false,0.62
"NVL",140517,"/Date(1700463952000)/",16200,400,18010200,288072000000,100,false,0.62
"NVL",140517,"/Date(1700463952000)/",16200,4300,18009800,288066000000,100,false,0.62
"NVL",140517,"/Date(1700463952000)/",16200,400,18005500,287996000000,100,false,0.62
"NVL",140517,"/Date(1700463952000)/",16200,900,18005100,287990000000,100,false,0.62
"NVL",140517,"/Date(1700463952000)/",16200,100,18004200,287975000000,100,false,0.62
"NVL",140517,"/Date(1700463952000)/",16200,200,18004100,287974000000,100,false,0.62
"NVL",140517,"/Date(1700463952000)/",16200,1000,18003900,287970000000,100,false,0.62
"NVL",140517,"/Date(1700463952000)/",16200,100,18002900,287954000000,100,false,0.62
"NVL",140517,"/Date(1700463952000)/",16200,300,18002800,287953000000,100,false,0.62
"NVL",140517,"/Date(1700463952000)/",16200,1700,18002500,287948000000,100,false,0.62
"NVL",140517,"/Date(1700463952000)/",16200,600,18000800,287920000000,100,false,0.62
"NVL",140517,"/Date(1700463949000)/",16200,400,18000200,287910000000,100,false,0.62
"NVL",140517,"/Date(1700463949000)/",16200,1500,17999800,287904000000,100,false,0.62
"NVL",140517,"/Date(1700463949000)/",16200,100,17998300,287880000000,100,false,0.62
"NVL",140517,"/Date(1700463949000)/",16200,8000,17998200,287878000000,100,false,0.62
"NVL",140514,"/Date(1700463947000)/",16200,200,17990200,287748000000,100,false,0.62
"NVL",140514,"/Date(1700463946000)/",16200,1600,17990000,287745000000,100,false,0.62
"NVL",140510,"/Date(1700463944000)/",16200,2700,17988400,287719000000,100,false,0.62
"NVL",140510,"/Date(1700463943000)/",16150,100,17985700,287676000000,50,true,0.31
"NVL",140507,"/Date(1700463941000)/",16200,100,17985600,287674000000,100,false,0.62
"NVL",140504,"/Date(1700463937000)/",16150,100,17985500,287672000000,50,true,0.31
"NVL",140501,"/Date(1700463935000)/",16200,1700,17985400,287671000000,100,false,0.62
"NVL",140458,"/Date(1700463931000)/",16150,300,17983700,287643000000,50,true,0.31
"NVL",140458,"/Date(1700463931000)/",16150,1000,17983400,287638000000,50,true,0.31
"NVL",140458,"/Date(1700463931000)/",16150,500,17982400,287622000000,50,true,0.31
"NVL",140458,"/Date(1700463931000)/",16150,300,17981900,287614000000,50,true,0.31
"NVL",140458,"/Date(1700463931000)/",16150,800,17981600,287609000000,50,true,0.31
"NVL",140458,"/Date(1700463931000)/",16150,500,17980800,287596000000,50,true,0.31
"NVL",140458,"/Date(1700463931000)/",16150,300,17980300,287588000000,50,true,0.31
"NVL",140458,"/Date(1700463931000)/",16150,100,17980000,287583000000,50,true,0.31
"NVL",140458,"/Date(1700463931000)/",16150,200,17979900,287582000000,50,true,0.31
"NVL",140458,"/Date(1700463930000)/",16200,100,17979700,287579000000,100,false,0.62
"NVL",140454,"/Date(1700463928000)/",16200,1600,17979600,287577000000,100,false,0.62
"NVL",140451,"/Date(1700463925000)/",16200,1000,17978000,287551000000,100,false,0.62
"NVL",140445,"/Date(1700463918000)/",16200,500,17977000,287535000000,100,false,0.62
"NVL",140442,"/Date(1700463916000)/",16200,3000,17976500,287527000000,100,false,0.62
"NVL",140432,"/Date(1700463906000)/",16200,2300,17973500,287478000000,100,false,0.62
"NVL",140419,"/Date(1700463894000)/",16150,900,17971200,287441000000,50,true,0.31
"NVL",140410,"/Date(1700463883000)/",16200,1000,17970300,287426000000,100,false,0.62
"NVL",140400,"/Date(1700463872000)/",16150,100,17969300,287410000000,50,true,0.31
"NVL",140353,"/Date(1700463868000)/",16200,100,17969200,287409000000,100,false,0.62
"NVL",140353,"/Date(1700463866000)/",16200,700,17969100,287407000000,100,false,0.62
"NVL",140353,"/Date(1700463866000)/",16200,3000,17968400,287396000000,100,false,0.62
"NVL",140347,"/Date(1700463862000)/",16200,5000,17965400,287347000000,100,true,0.62
"NVL",140347,"/Date(1700463862000)/",16200,2100,17960400,287266000000,100,true,0.62
"NVL",140347,"/Date(1700463862000)/",16200,100,17958300,287232000000,100,true,0.62
"NVL",140347,"/Date(1700463862000)/",16200,100,17958200,287230000000,100,true,0.62
"NVL",140347,"/Date(1700463862000)/",16200,300,17958100,287229000000,100,true,0.62
"NVL",140347,"/Date(1700463862000)/",16200,1000,17957800,287224000000,100,true,0.62
"NVL",140347,"/Date(1700463862000)/",16200,1000,17956800,287208000000,100,true,0.62
"NVL",140347,"/Date(1700463862000)/",16200,100,17955800,287191000000,100,true,0.62
"NVL",140347,"/Date(1700463862000)/",16200,500,17955700,287190000000,100,true,0.62
"NVL",140347,"/Date(1700463862000)/",16200,5000,17955200,287182000000,100,true,0.62
"NVL",140347,"/Date(1700463862000)/",16200,200,17950200,287101000000,100,true,0.62
"NVL",140347,"/Date(1700463862000)/",16200,500,17950000,287097000000,100,true,0.62
"NVL",140347,"/Date(1700463862000)/",16200,500,17949500,287089000000,100,true,0.62
"NVL",140347,"/Date(1700463862000)/",16200,300,17949000,287081000000,100,true,0.62
"NVL",140347,"/Date(1700463862000)/",16200,1000,17948700,287076000000,100,true,0.62
"NVL",140347,"/Date(1700463862000)/",16200,500,17947700,287060000000,100,true,0.62
"NVL",140347,"/Date(1700463862000)/",16200,2000,17947200,287052000000,100,true,0.62
"NVL",140347,"/Date(1700463862000)/",16200,2200,17945200,287020000000,100,true,0.62
"NVL",140344,"/Date(1700463858000)/",16200,800,17943000,286984000000,100,true,0.62
"NVL",140344,"/Date(1700463858000)/",16200,200,17942200,286971000000,100,true,0.62
"NVL",140344,"/Date(1700463858000)/",16200,500,17942000,286968000000,100,true,0.62
"NVL",140344,"/Date(1700463858000)/",16200,500,17941500,286960000000,100,true,0.62
"NVL",140344,"/Date(1700463857000)/",16200,5000,17941000,286952000000,100,true,0.62
"NVL",140344,"/Date(1700463857000)/",16200,200,17936000,286871000000,100,true,0.62
"NVL",140344,"/Date(1700463856000)/",16250,1000,17935800,286867000000,150,false,0.93
"NVL",140341,"/Date(1700463856000)/",16200,100,17934800,286851000000,100,true,0.62
"NVL",140341,"/Date(1700463854000)/",16200,100,17934700,286850000000,100,true,0.62
"NVL",140341,"/Date(1700463853000)/",16200,1000,17934600,286848000000,100,true,0.62
"NVL",140337,"/Date(1700463851000)/",16200,2400,17933600,286832000000,100,true,0.62
"NVL",140337,"/Date(1700463851000)/",16200,2000,17931200,286793000000,100,true,0.62
"NVL",140337,"/Date(1700463851000)/",16200,600,17929200,286760000000,100,true,0.62
"NVL",140337,"/Date(1700463850000)/",16200,100,17928600,286751000000,100,true,0.62
"NVL",140334,"/Date(1700463849000)/",16200,100,17928500,286749000000,100,true,0.62
"NVL",140328,"/Date(1700463841000)/",16250,200,17928400,286748000000,150,false,0.93
"NVL",140325,"/Date(1700463836000)/",16250,500,17928200,286744000000,150,false,0.93
"NVL",140325,"/Date(1700463836000)/",16250,5000,17927700,286736000000,150,false,0.93
"NVL",140325,"/Date(1700463836000)/",16250,500,17922700,286655000000,150,false,0.93
"NVL",140321,"/Date(1700463836000)/",16250,500,17922200,286647000000,150,false,0.93
"NVL",140321,"/Date(1700463833000)/",16250,2000,17921700,286639000000,150,false,0.93
"NVL",140312,"/Date(1700463826000)/",16250,600,17919700,286606000000,150,false,0.93
"NVL",140312,"/Date(1700463826000)/",16250,1200,17919100,286596000000,150,false,0.93
"NVL",140312,"/Date(1700463826000)/",16250,100,17917900,286577000000,150,false,0.93
"NVL",140312,"/Date(1700463826000)/",16250,1000,17917800,286575000000,150,false,0.93
"NVL",140312,"/Date(1700463826000)/",16250,1000,17916800,286559000000,150,false,0.93
"NVL",140312,"/Date(1700463826000)/",16250,2000,17915800,286543000000,150,false,0.93
"NVL",140312,"/Date(1700463826000)/",16250,2900,17913800,286510000000,150,false,0.93
"NVL",140312,"/Date(1700463826000)/",16250,5000,17910900,286463000000,150,false,0.93
"NVL",140312,"/Date(1700463826000)/",16250,3400,17905900,286382000000,150,false,0.93
"NVL",140312,"/Date(1700463826000)/",16250,1000,17902500,286327000000,150,false,0.93
"NVL",140312,"/Date(1700463826000)/",16250,8800,17901500,286310000000,150,false,0.93
"NVL",140312,"/Date(1700463826000)/",16250,1000,17892700,286167000000,150,false,0.93
"NVL",140312,"/Date(1700463825000)/",16250,200,17891700,286151000000,150,false,0.93
"NVL",140312,"/Date(1700463825000)/",16250,2000,17891500,286148000000,150,false,0.93
"NVL",140312,"/Date(1700463825000)/",16250,1000,17889500,286115000000,150,false,0.93
"NVL",140312,"/Date(1700463825000)/",16250,1800,17888500,286099000000,150,false,0.93
"NVL",140312,"/Date(1700463825000)/",16250,3200,17886700,286070000000,150,false,0.93
"NVL",140312,"/Date(1700463825000)/",16250,100,17883500,286018000000,150,false,0.93
"NVL",140312,"/Date(1700463825000)/",16250,200,17883400,286016000000,150,false,0.93
"NVL",140312,"/Date(1700463825000)/",16250,500,17883200,286013000000,150,false,0.93
"NVL",140312,"/Date(1700463825000)/",16250,200,17882700,286005000000,150,false,0.93
"NVL",140312,"/Date(1700463824000)/",16250,2000,17882500,286002000000,150,false,0.93
"NVL",140309,"/Date(1700463823000)/",16250,700,17880500,285969000000,150,true,0.93
"NVL",140309,"/Date(1700463822000)/",16300,400,17879800,285958000000,200,false,1.24
"NVL",140309,"/Date(1700463822000)/",16300,3000,17879400,285951000000,200,false,1.24
"NVL",140309,"/Date(1700463821000)/",16250,96600,17876400,285902000000,150,true,0.93
"NVL",140309,"/Date(1700463821000)/",16250,100,17779800,284333000000,150,true,0.93
"NVL",140309,"/Date(1700463821000)/",16250,3300,17779700,284331000000,150,true,0.93
"NVL",140306,"/Date(1700463818000)/",16250,100,17776400,284277000000,150,true,0.93
"NVL",140306,"/Date(1700463818000)/",16250,5000,17776300,284276000000,150,true,0.93
"NVL",140306,"/Date(1700463817000)/",16300,1000,17771300,284194000000,200,false,1.24
"NVL",140302,"/Date(1700463817000)/",16250,100,17770300,284178000000,150,true,0.93
"NVL",140302,"/Date(1700463816000)/",16250,100,17770200,284177000000,150,true,0.93
"NVL",140253,"/Date(1700463805000)/",16300,1000,17770100,284175000000,200,false,1.24
"NVL",140253,"/Date(1700463805000)/",16250,100,17769100,284159000000,150,true,0.93
"NVL",140249,"/Date(1700463803000)/",16300,38200,17769000,284157000000,200,false,1.24
"NVL",140249,"/Date(1700463803000)/",16300,5000,17730800,283534000000,200,false,1.24
"NVL",140249,"/Date(1700463803000)/",16300,200,17725800,283453000000,200,false,1.24
"NVL",140249,"/Date(1700463803000)/",16300,600,17725600,283450000000,200,false,1.24
"NVL",140249,"/Date(1700463803000)/",16300,300,17725000,283440000000,200,false,1.24
"NVL",140249,"/Date(1700463803000)/",16300,1000,17724700,283435000000,200,false,1.24
"NVL",140249,"/Date(1700463803000)/",16300,100,17723700,283419000000,200,false,1.24
"NVL",140249,"/Date(1700463803000)/",16300,800,17723600,283417000000,200,false,1.24
"NVL",140249,"/Date(1700463803000)/",16300,3800,17722800,283404000000,200,false,1.24
"NVL",140249,"/Date(1700463802000)/",16300,200,17719000,283342000000,200,false,1.24
"NVL",140246,"/Date(1700463800000)/",16300,100,17718800,283339000000,200,false,1.24
"NVL",140243,"/Date(1700463797000)/",16300,5000,17718700,283337000000,200,false,1.24
"NVL",140240,"/Date(1700463793000)/",16300,300,17713700,283256000000,200,false,1.24
"NVL",140240,"/Date(1700463792000)/",16300,5000,17713400,283251000000,200,false,1.24
"NVL",140237,"/Date(1700463791000)/",16300,500,17708400,283169000000,200,false,1.24
"NVL",140237,"/Date(1700463789000)/",16300,500,17707900,283161000000,200,false,1.24
"NVL",140233,"/Date(1700463786000)/",16300,100,17707400,283153000000,200,false,1.24
"NVL",140230,"/Date(1700463784000)/",16300,3000,17707300,283151000000,200,false,1.24
"NVL",140230,"/Date(1700463783000)/",16300,1500,17704300,283102000000,200,false,1.24
"NVL",140230,"/Date(1700463783000)/",16300,3500,17702800,283078000000,200,false,1.24
"NVL",140230,"/Date(1700463782000)/",16300,17100,17699300,283021000000,200,false,1.24
"NVL",140227,"/Date(1700463779000)/",16300,300,17682200,282742000000,200,false,1.24
"NVL",140221,"/Date(1700463774000)/",16300,100,17681900,282737000000,200,false,1.24
"NVL",140221,"/Date(1700463774000)/",16300,29000,17681800,282736000000,200,false,1.24
"NVL",140221,"/Date(1700463774000)/",16300,100,17652800,282263000000,200,false,1.24
"NVL",140221,"/Date(1700463774000)/",16300,100,17652700,282261000000,200,false,1.24
"NVL",140221,"/Date(1700463774000)/",16300,1000,17652600,282260000000,200,false,1.24
"NVL",140221,"/Date(1700463774000)/",16300,19800,17651600,282243000000,200,false,1.24
"NVL",140217,"/Date(1700463771000)/",16300,200,17631800,281921000000,200,false,1.24
"NVL",140217,"/Date(1700463771000)/",16300,14800,17631600,281917000000,200,false,1.24
"NVL",140214,"/Date(1700463768000)/",16300,100,17616800,281676000000,200,false,1.24
"NVL",140214,"/Date(1700463767000)/",16250,100,17616700,281675000000,150,true,0.93
"NVL",140214,"/Date(1700463766000)/",16300,1000,17616600,281673000000,200,false,1.24
"NVL",140211,"/Date(1700463764000)/",16300,1000,17615600,281657000000,200,false,1.24
"NVL",140208,"/Date(1700463762000)/",16300,3000,17614600,281640000000,200,false,1.24
"NVL",140208,"/Date(1700463761000)/",16300,10000,17611600,281591000000,200,false,1.24
"NVL",140208,"/Date(1700463761000)/",16300,20000,17601600,281428000000,200,false,1.24
"NVL",140208,"/Date(1700463760000)/",16300,100,17581600,281102000000,200,false,1.24
"NVL",140205,"/Date(1700463758000)/",16250,1200,17581500,281101000000,150,true,0.93
"NVL",140205,"/Date(1700463758000)/",16250,2000,17580300,281081000000,150,true,0.93
"NVL",140205,"/Date(1700463758000)/",16250,1000,17578300,281049000000,150,true,0.93
"NVL",140205,"/Date(1700463758000)/",16250,3700,17577300,281033000000,150,true,0.93
"NVL",140205,"/Date(1700463758000)/",16300,200,17573600,280972000000,200,true,1.24
"NVL",140205,"/Date(1700463758000)/",16300,100,17573400,280969000000,200,true,1.24
"NVL",140205,"/Date(1700463758000)/",16300,17800,17573300,280967000000,200,true,1.24
"NVL",140205,"/Date(1700463757000)/",16350,100,17555500,280677000000,250,false,1.55
"NVL",140158,"/Date(1700463750000)/",16350,100,17555400,280676000000,250,false,1.55
"NVL",140158,"/Date(1700463750000)/",16300,1000,17555300,280674000000,200,false,1.24
"NVL",140158,"/Date(1700463750000)/",16300,500,17554300,280658000000,200,false,1.24
"NVL",140158,"/Date(1700463750000)/",16300,100,17553800,280650000000,200,false,1.24
"NVL",140158,"/Date(1700463750000)/",16300,1500,17553700,280648000000,200,false,1.24
"NVL",140158,"/Date(1700463750000)/",16300,5000,17552200,280624000000,200,false,1.24
"NVL",140158,"/Date(1700463750000)/",16300,6800,17547200,280542000000,200,false,1.24
"NVL",140158,"/Date(1700463750000)/",16300,100,17540400,280431000000,200,false,1.24
"NVL",140158,"/Date(1700463750000)/",16300,200,17540300,280430000000,200,false,1.24
"NVL",140158,"/Date(1700463750000)/",16300,2000,17540100,280426000000,200,false,1.24
"NVL",140158,"/Date(1700463750000)/",16300,500,17538100,280394000000,200,false,1.24
"NVL",140158,"/Date(1700463750000)/",16300,100,17537600,280386000000,200,false,1.24
"NVL",140158,"/Date(1700463750000)/",16300,200,17537500,280384000000,200,false,1.24
"NVL",140158,"/Date(1700463750000)/",16300,100,17537300,280381000000,200,false,1.24
"NVL",140158,"/Date(1700463750000)/",16300,2000,17537200,280379000000,200,false,1.24
"NVL",140158,"/Date(1700463750000)/",16300,1000,17535200,280346000000,200,false,1.24
"NVL",140158,"/Date(1700463750000)/",16300,1000,17534200,280330000000,200,false,1.24
"NVL",140158,"/Date(1700463750000)/",16300,1200,17533200,280314000000,200,false,1.24
"NVL",140158,"/Date(1700463750000)/",16300,100,17532000,280294000000,200,false,1.24
"NVL",140158,"/Date(1700463750000)/",16300,1000,17531900,280293000000,200,false,1.24
"NVL",140158,"/Date(1700463750000)/",16300,2500,17530900,280276000000,200,false,1.24
"NVL",140158,"/Date(1700463750000)/",16300,1000,17528400,280236000000,200,false,1.24
"NVL",140158,"/Date(1700463750000)/",16300,1000,17527400,280219000000,200,false,1.24
