"Stockcode","Package","TradingDate","Price","Vol","TotalVol","TotalVal","Change","IsBuy","PerChange"
"VNM",144430,"/Date(1700466303000)/",69300,127300,1770000,122782000000,-700,true,-1
"VNM",142912,"/Date(1700465386000)/",69500,100,1642700,113960000000,-500,false,-0.71
"VNM",142902,"/Date(1700465375000)/",69500,500,1642600,113953000000,-500,false,-0.71
"VNM",142856,"/Date(1700465371000)/",69400,100,1642100,113919000000,-600,true,-0.86
"VNM",142856,"/Date(1700465371000)/",69400,500,1642000,113912000000,-600,true,-0.86
"VNM",142856,"/Date(1700465371000)/",69400,600,1641500,113877000000,-600,true,-0.86
"VNM",142846,"/Date(1700465361000)/",69400,100,1640900,113835000000,-600,true,-0.86
"VNM",142840,"/Date(1700465355000)/",69400,200,1640800,113829000000,-600,false,-0.86
"VNM",142840,"/Date(1700465355000)/",69400,100,1640600,113815000000,-600,false,-0.86
"VNM",142830,"/Date(1700465345000)/",69400,100,1640500,113808000000,-600,false,-0.86
"VNM",142824,"/Date(1700465340000)/",69300,100,1640400,113801000000,-700,true,-1
"VNM",142811,"/Date(1700465327000)/",69300,100,1640300,113794000000,-700,true,-1
"VNM",142755,"/Date(1700465310000)/",69300,100,1640200,113787000000,-700,false,-1
"VNM",142732,"/Date(1700465288000)/",69200,1500,1640100,113780000000,-800,true,-1.14
"VNM",142732,"/Date(1700465288000)/",69200,200,1638600,113676000000,-800,true,-1.14
"VNM",142732,"/Date(1700465288000)/",69200,100,1638400,113662000000,-800,true,-1.14
"VNM",142732,"/Date(1700465288000)/",69200,1000,1638300,113655000000,-800,true,-1.14
"VNM",142732,"/Date(1700465288000)/",69200,100,1637300,113586000000,-800,true,-1.14
"VNM",142732,"/Date(1700465288000)/",69200,100,1637200,113579000000,-800,true,-1.14
"VNM",142732,"/Date(1700465288000)/",69200,100,1637100,113572000000,-800,true,-1.14
"VNM",142732,"/Date(1700465288000)/",69200,600,1637000,113565000000,-800,true,-1.14
"VNM",142732,"/Date(1700465288000)/",69300,500,1636400,113524000000,-700,false,-1
"VNM",142723,"/Date(1700465278000)/",69200,200,1635900,113489000000,-800,true,-1.14
"VNM",142723,"/Date(1700465277000)/",69200,1400,1635700,113475000000,-800,true,-1.14
"VNM",142720,"/Date(1700465274000)/",69300,100,1634300,113379000000,-700,false,-1
"VNM",142716,"/Date(1700465273000)/",69200,600,1634200,113372000000,-800,true,-1.14
"VNM",142716,"/Date(1700465272000)/",69200,4000,1633600,113330000000,-800,true,-1.14
"VNM",142716,"/Date(1700465272000)/",69300,100,1629600,113053000000,-700,false,-1
"VNM",142716,"/Date(1700465272000)/",69300,100,1629500,113046000000,-700,false,-1
"VNM",142654,"/Date(1700465248000)/",69300,200,1629400,113039000000,-700,false,-1
"VNM",142651,"/Date(1700465248000)/",69200,1400,1629200,113026000000,-800,true,-1.14
"VNM",142651,"/Date(1700465245000)/",69200,100,1627800,112929000000,-800,true,-1.14
"VNM",142648,"/Date(1700465244000)/",69200,700,1627700,112922000000,-800,true,-1.14
"VNM",142648,"/Date(1700465244000)/",69200,200,1627000,112873000000,-800,true,-1.14
"VNM",142648,"/Date(1700465243000)/",69200,4200,1626800,112860000000,-800,true,-1.14
"VNM",142648,"/Date(1700465242000)/",69200,1400,1622600,112569000000,-800,true,-1.14
"VNM",142644,"/Date(1700465239000)/",69400,100,1621200,112472000000,-600,false,-0.86
"VNM",142635,"/Date(1700465230000)/",69200,600,1621100,112465000000,-800,true,-1.14
"VNM",142635,"/Date(1700465229000)/",69200,3700,1620500,112424000000,-800,true,-1.14
"VNM",142635,"/Date(1700465229000)/",69300,500,1616800,112167000000,-700,false,-1
"VNM",142619,"/Date(1700465214000)/",69200,400,1616300,112133000000,-800,true,-1.14
"VNM",142619,"/Date(1700465213000)/",69200,500,1615900,112105000000,-800,true,-1.14
"VNM",142619,"/Date(1700465213000)/",69200,100,1615400,112071000000,-800,true,-1.14
"VNM",142619,"/Date(1700465213000)/",69200,500,1615300,112064000000,-800,true,-1.14
"VNM",142619,"/Date(1700465213000)/",69200,100,1614800,112029000000,-800,true,-1.14
"VNM",142619,"/Date(1700465213000)/",69200,100,1614700,112022000000,-800,true,-1.14
"VNM",142619,"/Date(1700465213000)/",69200,100,1614600,112015000000,-800,true,-1.14
"VNM",142619,"/Date(1700465213000)/",69200,100,1614500,112008000000,-800,true,-1.14
"VNM",142619,"/Date(1700465213000)/",69200,100,1614400,112001000000,-800,true,-1.14
"VNM",142619,"/Date(1700465213000)/",69200,100,1614300,111994000000,-800,true,-1.14
"VNM",142619,"/Date(1700465213000)/",69200,500,1614200,111988000000,-800,true,-1.14
"VNM",142619,"/Date(1700465213000)/",69200,500,1613700,111953000000,-800,true,-1.14
"VNM",142619,"/Date(1700465213000)/",69200,100,1613200,111918000000,-800,true,-1.14
"VNM",142619,"/Date(1700465213000)/",69200,200,1613100,111911000000,-800,true,-1.14
"VNM",142615,"/Date(1700465211000)/",69200,200,1612900,111898000000,-800,true,-1.14
"VNM",142615,"/Date(1700465211000)/",69200,100,1612700,111884000000,-800,true,-1.14
"VNM",142615,"/Date(1700465211000)/",69200,300,1612600,111877000000,-800,true,-1.14
"VNM",142615,"/Date(1700465210000)/",69200,4000,1612300,111856000000,-800,true,-1.14
"VNM",142615,"/Date(1700465210000)/",69300,100,1608300,111579000000,-700,true,-1
"VNM",142615,"/Date(1700465210000)/",69300,100,1608200,111572000000,-700,true,-1
"VNM",142612,"/Date(1700465208000)/",69300,100,1608100,111565000000,-700,true,-1
"VNM",142612,"/Date(1700465208000)/",69300,300,1608000,111558000000,-700,true,-1
"VNM",142612,"/Date(1700465207000)/",69300,700,1607700,111538000000,-700,true,-1
"VNM",142612,"/Date(1700465207000)/",69300,100,1607000,111489000000,-700,true,-1
"VNM",142612,"/Date(1700465207000)/",69300,2000,1606900,111482000000,-700,true,-1
"VNM",142606,"/Date(1700465202000)/",69300,200,1604900,111344000000,-700,true,-1
"VNM",142606,"/Date(1700465201000)/",69300,300,1604700,111330000000,-700,true,-1
"VNM",142606,"/Date(1700465201000)/",69300,200,1604400,111309000000,-700,true,-1
"VNM",142606,"/Date(1700465201000)/",69300,300,1604200,111295000000,-700,true,-1
"VNM",142606,"/Date(1700465201000)/",69300,600,1603900,111274000000,-700,true,-1
"VNM",142606,"/Date(1700465200000)/",69300,300,1603300,111233000000,-700,true,-1
"VNM",142606,"/Date(1700465200000)/",69300,100,1603000,111212000000,-700,true,-1
"VNM",142606,"/Date(1700465200000)/",69300,1000,1602900,111205000000,-700,true,-1
"VNM",142606,"/Date(1700465200000)/",69300,100,1601900,111136000000,-700,true,-1
"VNM",142606,"/Date(1700465200000)/",69300,100,1601800,111129000000,-700,true,-1
"VNM",142606,"/Date(1700465200000)/",69300,100,1601700,111122000000,-700,true,-1
"VNM",142606,"/Date(1700465200000)/",69300,500,1601600,111115000000,-700,true,-1
"VNM",142606,"/Date(1700465200000)/",69300,200,1601100,111080000000,-700,true,-1
"VNM",142606,"/Date(1700465200000)/",69300,800,1600900,111066000000,-700,true,-1
"VNM",142603,"/Date(1700465197000)/",69300,100,1600100,111011000000,-700,true,-1
"VNM",142603,"/Date(1700465197000)/",69300,100,1600000,111004000000,-700,true,-1
"VNM",142559,"/Date(1700465196000)/",69300,100,1599900,110997000000,-700,true,-1
"VNM",142559,"/Date(1700465196000)/",69300,100,1599800,110990000000,-700,true,-1
"VNM",142559,"/Date(1700465196000)/",69300,200,1599700,110983000000,-700,true,-1
"VNM",142559,"/Date(1700465196000)/",69300,100,1599500,110969000000,-700,true,-1
"VNM",142559,"/Date(1700465196000)/",69300,100,1599400,110962000000,-700,true,-1
"VNM",142559,"/Date(1700465196000)/",69300,800,1599300,110956000000,-700,true,-1
"VNM",142553,"/Date(1700465187000)/",69300,400,1598500,110900000000,-700,true,-1
"VNM",142550,"/Date(1700465186000)/",69300,800,1598100,110872000000,-700,true,-1
"VNM",142550,"/Date(1700465186000)/",69300,2300,1597300,110817000000,-700,true,-1
"VNM",142550,"/Date(1700465184000)/",69400,400,1595000,110658000000,-600,false,-0.86
"VNM",142550,"/Date(1700465184000)/",69400,600,1594600,110630000000,-600,false,-0.86
"VNM",142544,"/Date(1700465179000)/",69300,200,1594000,110588000000,-700,true,-1
"VNM",142544,"/Date(1700465179000)/",69300,1400,1593800,110574000000,-700,true,-1
"VNM",142537,"/Date(1700465172000)/",69400,100,1592400,110477000000,-600,false,-0.86
"VNM",142534,"/Date(1700465170000)/",69300,400,1592300,110470000000,-700,true,-1
"VNM",142534,"/Date(1700465170000)/",69300,700,1591900,110443000000,-700,true,-1
"VNM",142534,"/Date(1700465170000)/",69300,2100,1591200,110394000000,-700,true,-1
"VNM",142531,"/Date(1700465166000)/",69400,500,1589100,110249000000,-600,false,-0.86
"VNM",142524,"/Date(1700465161000)/",69300,100,1588600,110214000000,-700,true,-1
"VNM",142524,"/Date(1700465159000)/",69400,100,1588500,110207000000,-600,false,-0.86
"VNM",142524,"/Date(1700465159000)/",69400,500,1588400,110200000000,-600,false,-0.86
"VNM",142524,"/Date(1700465159000)/",69400,1000,1587900,110165000000,-600,false,-0.86
"VNM",142524,"/Date(1700465159000)/",69400,100,1586900,110096000000,-600,false,-0.86
"VNM",142524,"/Date(1700465159000)/",69400,500,1586800,110089000000,-600,false,-0.86
"VNM",142524,"/Date(1700465159000)/",69400,100,1586300,110054000000,-600,false,-0.86
"VNM",142524,"/Date(1700465159000)/",69400,1000,1586200,110047000000,-600,false,-0.86
"VNM",142524,"/Date(1700465159000)/",69400,1200,1585200,109978000000,-600,false,-0.86
"VNM",142511,"/Date(1700465147000)/",69500,200,1584000,109895000000,-500,false,-0.71
"VNM",142511,"/Date(1700465147000)/",69500,800,1583800,109881000000,-500,false,-0.71
"VNM",142455,"/Date(1700465130000)/",69400,200,1583000,109825000000,-600,true,-0.86
"VNM",142436,"/Date(1700465110000)/",69400,400,1582800,109811000000,-600,false,-0.86
"VNM",142436,"/Date(1700465110000)/",69400,200,1582400,109784000000,-600,false,-0.86
"VNM",142427,"/Date(1700465103000)/",69400,300,1582200,109770000000,-600,false,-0.86
"VNM",142427,"/Date(1700465103000)/",69400,300,1581900,109749000000,-600,false,-0.86
"VNM",142427,"/Date(1700465102000)/",69400,500,1581600,109728000000,-600,false,-0.86
"VNM",142427,"/Date(1700465102000)/",69400,200,1581100,109693000000,-600,false,-0.86
"VNM",142427,"/Date(1700465102000)/",69400,600,1580900,109679000000,-600,false,-0.86
"VNM",142427,"/Date(1700465102000)/",69400,700,1580300,109638000000,-600,false,-0.86
"VNM",142423,"/Date(1700465100000)/",69400,1600,1579600,109589000000,-600,false,-0.86
"VNM",142423,"/Date(1700465100000)/",69400,100,1578000,109478000000,-600,false,-0.86
"VNM",142423,"/Date(1700465098000)/",69400,2000,1577900,109471000000,-600,false,-0.86
"VNM",142414,"/Date(1700465088000)/",69400,200,1575900,109332000000,-600,false,-0.86
"VNM",142407,"/Date(1700465082000)/",69400,400,1575700,109319000000,-600,false,-0.86
"VNM",142407,"/Date(1700465082000)/",69400,2000,1575300,109291000000,-600,false,-0.86
"VNM",142407,"/Date(1700465082000)/",69400,2600,1573300,109152000000,-600,false,-0.86
"VNM",142401,"/Date(1700465076000)/",69400,1400,1570700,108972000000,-600,false,-0.86
"VNM",142348,"/Date(1700465065000)/",69400,800,1569300,108874000000,-600,false,-0.86
"VNM",142348,"/Date(1700465065000)/",69400,2000,1568500,108819000000,-600,false,-0.86
"VNM",142348,"/Date(1700465065000)/",69400,1200,1566500,108680000000,-600,false,-0.86
"VNM",142319,"/Date(1700465035000)/",69300,500,1565300,108597000000,-700,true,-1
"VNM",142313,"/Date(1700465027000)/",69300,300,1564800,108562000000,-700,true,-1
"VNM",142257,"/Date(1700465011000)/",69300,100,1564500,108541000000,-700,true,-1
"VNM",142257,"/Date(1700465011000)/",69300,1000,1564400,108534000000,-700,true,-1
"VNM",142247,"/Date(1700465001000)/",69300,100,1563400,108465000000,-700,true,-1
"VNM",142244,"/Date(1700465000000)/",69300,800,1563300,108458000000,-700,true,-1
"VNM",142244,"/Date(1700464999000)/",69300,100,1562500,108403000000,-700,true,-1
"VNM",142244,"/Date(1700464999000)/",69300,100,1562400,108396000000,-700,true,-1
"VNM",142244,"/Date(1700464999000)/",69300,4800,1562300,108389000000,-700,true,-1
"VNM",142234,"/Date(1700464990000)/",69300,200,1557500,108056000000,-700,false,-1
"VNM",142228,"/Date(1700464982000)/",69300,100,1557300,108042000000,-700,false,-1
"VNM",142222,"/Date(1700464978000)/",69200,100,1557200,108035000000,-800,true,-1.14
"VNM",142222,"/Date(1700464977000)/",69200,800,1557100,108029000000,-800,true,-1.14
"VNM",142222,"/Date(1700464977000)/",69200,4400,1556300,107973000000,-800,true,-1.14
"VNM",142222,"/Date(1700464977000)/",69200,100,1551900,107669000000,-800,true,-1.14
"VNM",142222,"/Date(1700464977000)/",69200,500,1551800,107662000000,-800,true,-1.14
"VNM",142218,"/Date(1700464973000)/",69300,200,1551300,107627000000,-700,false,-1
"VNM",142209,"/Date(1700464964000)/",69200,100,1551100,107613000000,-800,true,-1.14
"VNM",142209,"/Date(1700464963000)/",69200,200,1551000,107606000000,-800,true,-1.14
"VNM",142209,"/Date(1700464963000)/",69200,200,1550800,107593000000,-800,true,-1.14
"VNM",142209,"/Date(1700464963000)/",69200,500,1550600,107579000000,-800,true,-1.14
"VNM",142209,"/Date(1700464963000)/",69200,100,1550100,107544000000,-800,true,-1.14
"VNM",142209,"/Date(1700464963000)/",69200,200,1550000,107537000000,-800,true,-1.14
"VNM",142209,"/Date(1700464962000)/",69200,800,1549800,107523000000,-800,true,-1.14
"VNM",142209,"/Date(1700464962000)/",69200,100,1549000,107468000000,-800,true,-1.14
"VNM",142209,"/Date(1700464962000)/",69200,100,1548900,107461000000,-800,true,-1.14
"VNM",142209,"/Date(1700464962000)/",69200,5000,1548800,107454000000,-800,true,-1.14
"VNM",142209,"/Date(1700464962000)/",69200,500,1543800,107108000000,-800,true,-1.14
"VNM",142209,"/Date(1700464962000)/",69300,200,1543300,107074000000,-700,false,-1
"VNM",142209,"/Date(1700464962000)/",69300,1000,1543100,107060000000,-700,false,-1
"VNM",142209,"/Date(1700464962000)/",69300,100,1542100,106990000000,-700,false,-1
"VNM",142209,"/Date(1700464962000)/",69300,200,1542000,106983000000,-700,false,-1
"VNM",142205,"/Date(1700464961000)/",69300,900,1541800,106970000000,-700,true,-1
"VNM",142205,"/Date(1700464961000)/",69300,200,1540900,106907000000,-700,true,-1
"VNM",142205,"/Date(1700464961000)/",69300,400,1540700,106893000000,-700,true,-1
"VNM",142205,"/Date(1700464961000)/",69300,400,1540300,106866000000,-700,true,-1
"VNM",142205,"/Date(1700464960000)/",69300,100,1539900,106838000000,-700,true,-1
"VNM",142205,"/Date(1700464960000)/",69300,100,1539800,106831000000,-700,true,-1
"VNM",142205,"/Date(1700464960000)/",69300,100,1539700,106824000000,-700,true,-1
"VNM",142205,"/Date(1700464960000)/",69300,12100,1539600,106817000000,-700,true,-1
"VNM",142202,"/Date(1700464957000)/",69300,100,1527500,105979000000,-700,true,-1
"VNM",142159,"/Date(1700464953000)/",69300,300,1527400,105972000000,-700,true,-1
"VNM",142153,"/Date(1700464946000)/",69300,100,1527100,105951000000,-700,true,-1
"VNM",142149,"/Date(1700464945000)/",69300,300,1527000,105944000000,-700,true,-1
"VNM",142149,"/Date(1700464945000)/",69300,400,1526700,105923000000,-700,true,-1
"VNM",142149,"/Date(1700464945000)/",69300,2800,1526300,105895000000,-700,true,-1
"VNM",142146,"/Date(1700464941000)/",69300,400,1523500,105701000000,-700,true,-1
"VNM",142146,"/Date(1700464940000)/",69300,2900,1523100,105674000000,-700,true,-1
"VNM",142143,"/Date(1700464937000)/",69300,400,1520200,105473000000,-700,true,-1
"VNM",142140,"/Date(1700464936000)/",69300,200,1519800,105445000000,-700,true,-1
"VNM",142140,"/Date(1700464936000)/",69300,100,1519600,105431000000,-700,true,-1
"VNM",142140,"/Date(1700464936000)/",69300,100,1519500,105424000000,-700,true,-1
"VNM",142140,"/Date(1700464936000)/",69300,100,1519400,105417000000,-700,true,-1
"VNM",142140,"/Date(1700464936000)/",69300,200,1519300,105410000000,-700,true,-1
"VNM",142140,"/Date(1700464936000)/",69300,2100,1519100,105396000000,-700,true,-1
"VNM",142137,"/Date(1700464930000)/",69300,300,1517000,105251000000,-700,true,-1
"VNM",142133,"/Date(1700464929000)/",69300,2000,1516700,105230000000,-700,true,-1
"VNM",142133,"/Date(1700464927000)/",69300,400,1514700,105092000000,-700,true,-1
"VNM",142130,"/Date(1700464926000)/",69300,3000,1514300,105064000000,-700,true,-1
"VNM",142130,"/Date(1700464925000)/",69300,400,1511300,104856000000,-700,true,-1
"VNM",142130,"/Date(1700464925000)/",69300,1800,1510900,104828000000,-700,true,-1
"VNM",142130,"/Date(1700464925000)/",69300,400,1509100,104703000000,-700,true,-1
"VNM",142130,"/Date(1700464925000)/",69300,600,1508700,104676000000,-700,true,-1
"VNM",142124,"/Date(1700464919000)/",69300,400,1508100,104634000000,-700,true,-1
"VNM",142124,"/Date(1700464919000)/",69300,1000,1507700,104606000000,-700,true,-1
"VNM",142124,"/Date(1700464919000)/",69300,100,1506700,104537000000,-700,true,-1
"VNM",142124,"/Date(1700464919000)/",69300,100,1506600,104530000000,-700,true,-1
"VNM",142124,"/Date(1700464919000)/",69300,100,1506500,104523000000,-700,true,-1
"VNM",142124,"/Date(1700464919000)/",69300,1000,1506400,104516000000,-700,true,-1
"VNM",142124,"/Date(1700464919000)/",69300,500,1505400,104447000000,-700,true,-1
"VNM",142121,"/Date(1700464914000)/",69300,100,1504900,104412000000,-700,true,-1
"VNM",142117,"/Date(1700464914000)/",69300,700,1504800,104405000000,-700,true,-1
"VNM",142117,"/Date(1700464912000)/",69300,700,1504100,104357000000,-700,true,-1
"VNM",142117,"/Date(1700464912000)/",69300,1000,1503400,104308000000,-700,true,-1
"VNM",142117,"/Date(1700464912000)/",69300,500,1502400,104239000000,-700,true,-1
"VNM",142117,"/Date(1700464912000)/",69300,100,1501900,104205000000,-700,true,-1
"VNM",142117,"/Date(1700464912000)/",69300,100,1501800,104198000000,-700,true,-1
"VNM",142117,"/Date(1700464912000)/",69300,200,1501700,104191000000,-700,true,-1
"VNM",142117,"/Date(1700464912000)/",69300,100,1501500,104177000000,-700,true,-1
"VNM",142117,"/Date(1700464912000)/",69300,100,1501400,104170000000,-700,true,-1
"VNM",142117,"/Date(1700464912000)/",69400,100,1501300,104163000000,-600,true,-0.86
"VNM",142117,"/Date(1700464912000)/",69400,200,1501200,104156000000,-600,true,-0.86
"VNM",142117,"/Date(1700464912000)/",69400,200,1501000,104142000000,-600,true,-0.86
"VNM",142117,"/Date(1700464912000)/",69400,200,1500800,104128000000,-600,true,-0.86
"VNM",142117,"/Date(1700464912000)/",69400,100,1500600,104114000000,-600,true,-0.86
"VNM",142117,"/Date(1700464912000)/",69400,100,1500500,104107000000,-600,true,-0.86
"VNM",142117,"/Date(1700464912000)/",69400,100,1500400,104100000000,-600,true,-0.86
"VNM",142117,"/Date(1700464912000)/",69400,100,1500300,104094000000,-600,true,-0.86
"VNM",142117,"/Date(1700464912000)/",69400,1000,1500200,104087000000,-600,true,-0.86
"VNM",142117,"/Date(1700464911000)/",69400,300,1499200,104017000000,-600,true,-0.86
"VNM",142117,"/Date(1700464911000)/",69400,700,1498900,103996000000,-600,true,-0.86
"VNM",142117,"/Date(1700464911000)/",69400,200,1498200,103948000000,-600,true,-0.86
"VNM",142117,"/Date(1700464911000)/",69400,100,1498000,103934000000,-600,true,-0.86
"VNM",142117,"/Date(1700464911000)/",69400,500,1497900,103927000000,-600,true,-0.86
"VNM",142117,"/Date(1700464911000)/",69400,100,1497400,103892000000,-600,true,-0.86
"VNM",142117,"/Date(1700464911000)/",69400,100,1497300,103885000000,-600,true,-0.86
"VNM",142117,"/Date(1700464911000)/",69400,500,1497200,103878000000,-600,true,-0.86
"VNM",142117,"/Date(1700464911000)/",69400,500,1496700,103844000000,-600,true,-0.86
"VNM",142117,"/Date(1700464911000)/",69400,2000,1496200,103809000000,-600,true,-0.86
"VNM",142117,"/Date(1700464911000)/",69400,2500,1494200,103670000000,-600,true,-0.86
"VNM",142117,"/Date(1700464911000)/",69400,300,1491700,103497000000,-600,true,-0.86
"VNM",142111,"/Date(1700464905000)/",69400,400,1491400,103476000000,-600,true,-0.86
"VNM",142111,"/Date(1700464905000)/",69400,2800,1491000,103448000000,-600,true,-0.86
"VNM",142108,"/Date(1700464901000)/",69400,500,1488200,103254000000,-600,true,-0.86
"VNM",142105,"/Date(1700464901000)/",69400,3300,1487700,103219000000,-600,true,-0.86
"VNM",142101,"/Date(1700464897000)/",69400,400,1484400,102990000000,-600,true,-0.86
"VNM",142101,"/Date(1700464897000)/",69400,2800,1484000,102962000000,-600,true,-0.86
"VNM",142026,"/Date(1700464862000)/",69500,2000,1481200,102768000000,-500,false,-0.71
"VNM",142013,"/Date(1700464847000)/",69500,200,1479200,102629000000,-500,false,-0.71
"VNM",142001,"/Date(1700464837000)/",69400,100,1479000,102615000000,-600,true,-0.86
"VNM",141957,"/Date(1700464831000)/",69400,400,1478900,102608000000,-600,true,-0.86
"VNM",141954,"/Date(1700464830000)/",69400,2800,1478500,102580000000,-600,true,-0.86
"VNM",141954,"/Date(1700464830000)/",69500,2000,1475700,102386000000,-500,false,-0.71
"VNM",141945,"/Date(1700464819000)/",69400,400,1473700,102247000000,-600,true,-0.86
"VNM",141945,"/Date(1700464818000)/",69400,2700,1473300,102219000000,-600,true,-0.86
"VNM",141945,"/Date(1700464818000)/",69500,100,1470600,102032000000,-500,false,-0.71
"VNM",141935,"/Date(1700464810000)/",69400,400,1470500,102025000000,-600,true,-0.86
"VNM",141935,"/Date(1700464809000)/",69400,2700,1470100,101997000000,-600,true,-0.86
"VNM",141935,"/Date(1700464809000)/",69400,100,1467400,101810000000,-600,true,-0.86
"VNM",141935,"/Date(1700464809000)/",69600,100,1467300,101803000000,-400,false,-0.57
"VNM",141929,"/Date(1700464803000)/",69400,100,1467200,101796000000,-600,true,-0.86
"VNM",141929,"/Date(1700464802000)/",69400,800,1467100,101789000000,-600,true,-0.86
"VNM",141925,"/Date(1700464802000)/",69400,100,1466300,101733000000,-600,true,-0.86
"VNM",141925,"/Date(1700464802000)/",69400,100,1466200,101727000000,-600,true,-0.86
"VNM",141925,"/Date(1700464802000)/",69400,100,1466100,101720000000,-600,true,-0.86
"VNM",141925,"/Date(1700464802000)/",69400,500,1466000,101713000000,-600,true,-0.86
"VNM",141925,"/Date(1700464802000)/",69400,200,1465500,101678000000,-600,true,-0.86
"VNM",141925,"/Date(1700464802000)/",69400,100,1465300,101664000000,-600,true,-0.86
"VNM",141925,"/Date(1700464802000)/",69400,100,1465200,101657000000,-600,true,-0.86
"VNM",141925,"/Date(1700464802000)/",69500,100,1465100,101650000000,-500,true,-0.71
"VNM",141925,"/Date(1700464802000)/",69500,100,1465000,101643000000,-500,true,-0.71
"VNM",141925,"/Date(1700464802000)/",69500,300,1464900,101636000000,-500,true,-0.71
"VNM",141925,"/Date(1700464802000)/",69500,500,1464600,101615000000,-500,true,-0.71
"VNM",141925,"/Date(1700464802000)/",69500,100,1464100,101581000000,-500,true,-0.71
"VNM",141925,"/Date(1700464802000)/",69500,500,1464000,101574000000,-500,true,-0.71
"VNM",141925,"/Date(1700464801000)/",69500,900,1463500,101539000000,-500,true,-0.71
"VNM",141925,"/Date(1700464801000)/",69500,100,1462600,101476000000,-500,true,-0.71
"VNM",141925,"/Date(1700464801000)/",69500,100,1462500,101470000000,-500,true,-0.71
"VNM",141925,"/Date(1700464801000)/",69500,1000,1462400,101463000000,-500,true,-0.71
"VNM",141925,"/Date(1700464801000)/",69500,500,1461400,101393000000,-500,true,-0.71
"VNM",141925,"/Date(1700464801000)/",69500,100,1460900,101358000000,-500,true,-0.71
"VNM",141922,"/Date(1700464798000)/",69500,100,1460800,101351000000,-500,true,-0.71
"VNM",141922,"/Date(1700464797000)/",69500,800,1460700,101344000000,-500,true,-0.71
"VNM",141922,"/Date(1700464797000)/",69500,400,1459900,101289000000,-500,true,-0.71
"VNM",141922,"/Date(1700464795000)/",69500,400,1459500,101261000000,-500,true,-0.71
"VNM",141919,"/Date(1700464795000)/",69500,100,1459100,101233000000,-500,true,-0.71
"VNM",141919,"/Date(1700464795000)/",69500,500,1459000,101226000000,-500,true,-0.71
"VNM",141919,"/Date(1700464795000)/",69500,100,1458500,101192000000,-500,true,-0.71
"VNM",141919,"/Date(1700464795000)/",69500,500,1458400,101185000000,-500,true,-0.71
"VNM",141919,"/Date(1700464795000)/",69500,300,1457900,101150000000,-500,true,-0.71
"VNM",141919,"/Date(1700464795000)/",69500,1300,1457600,101129000000,-500,true,-0.71
"VNM",141919,"/Date(1700464792000)/",69500,400,1456300,101039000000,-500,true,-0.71
"VNM",141916,"/Date(1700464791000)/",69500,3000,1455900,101011000000,-500,true,-0.71
"VNM",141913,"/Date(1700464787000)/",69500,200,1452900,100802000000,-500,true,-0.71
"VNM",141913,"/Date(1700464786000)/",69500,1400,1452700,100788000000,-500,true,-0.71
"VNM",141708,"/Date(1700464663000)/",69500,100,1451300,100691000000,-500,true,-0.71
"VNM",141708,"/Date(1700464661000)/",69500,500,1451200,100684000000,-500,true,-0.71
"VNM",141701,"/Date(1700464657000)/",69500,500,1450700,100649000000,-500,true,-0.71
"VNM",141658,"/Date(1700464651000)/",69500,200,1450200,100615000000,-500,true,-0.71
"VNM",141655,"/Date(1700464650000)/",69500,1300,1450000,100601000000,-500,true,-0.71
"VNM",141645,"/Date(1700464641000)/",69500,200,1448700,100510000000,-500,true,-0.71
"VNM",141645,"/Date(1700464640000)/",69500,1400,1448500,100497000000,-500,true,-0.71
"VNM",141541,"/Date(1700464577000)/",69500,500,1447100,100399000000,-500,true,-0.71
"VNM",141522,"/Date(1700464558000)/",69500,100,1446600,100364000000,-500,true,-0.71
"VNM",141516,"/Date(1700464551000)/",69600,200,1446500,100358000000,-400,false,-0.57
"VNM",141516,"/Date(1700464549000)/",69600,300,1446300,100344000000,-400,false,-0.57
"VNM",141506,"/Date(1700464540000)/",69600,300,1446000,100323000000,-400,false,-0.57
"VNM",141503,"/Date(1700464538000)/",69600,200,1445700,100302000000,-400,false,-0.57
"VNM",141453,"/Date(1700464529000)/",69600,100,1445500,100288000000,-400,false,-0.57
"VNM",141431,"/Date(1700464505000)/",69600,100,1445400,100281000000,-400,false,-0.57
"VNM",141428,"/Date(1700464503000)/",69500,200,1445300,100274000000,-500,true,-0.71
"VNM",141428,"/Date(1700464502000)/",69500,1400,1445100,100260000000,-500,true,-0.71
"VNM",141428,"/Date(1700464501000)/",69500,200,1443700,100163000000,-500,true,-0.71
"VNM",141353,"/Date(1700464465000)/",69500,200,1443500,100149000000,-500,true,-0.71
"VNM",141349,"/Date(1700464464000)/",69500,1400,1443300,100135000000,-500,true,-0.71
"VNM",141346,"/Date(1700464459000)/",69500,600,1441900,100038000000,-500,true,-0.71
"VNM",141343,"/Date(1700464459000)/",69500,2900,1441300,99996000000,-500,true,-0.71
"VNM",141343,"/Date(1700464459000)/",69500,1400,1438400,99794000000,-500,true,-0.71
"VNM",141337,"/Date(1700464452000)/",69500,200,1437000,99697000000,-500,true,-0.71
"VNM",141337,"/Date(1700464452000)/",69500,400,1436800,99683000000,-500,true,-0.71
"VNM",141337,"/Date(1700464452000)/",69500,100,1436400,99655000000,-500,true,-0.71
"VNM",141337,"/Date(1700464452000)/",69500,900,1436300,99648000000,-500,true,-0.71
"VNM",141324,"/Date(1700464439000)/",69500,100,1435400,99586000000,-500,true,-0.71
"VNM",141324,"/Date(1700464439000)/",69500,200,1435300,99579000000,-500,true,-0.71
"VNM",141324,"/Date(1700464439000)/",69500,100,1435100,99565000000,-500,true,-0.71
"VNM",141324,"/Date(1700464439000)/",69500,100,1435000,99558000000,-500,true,-0.71
"VNM",141324,"/Date(1700464439000)/",69500,100,1434900,99551000000,-500,true,-0.71
"VNM",141324,"/Date(1700464439000)/",69500,500,1434800,99544000000,-500,true,-0.71
"VNM",141324,"/Date(1700464439000)/",69500,200,1434300,99509000000,-500,true,-0.71
"VNM",141324,"/Date(1700464439000)/",69500,100,1434100,99496000000,-500,true,-0.71
"VNM",141324,"/Date(1700464439000)/",69500,1000,1434000,99489000000,-500,true,-0.71
"VNM",141324,"/Date(1700464439000)/",69500,700,1433000,99419000000,-500,true,-0.71
"VNM",141324,"/Date(1700464439000)/",69500,200,1432300,99370000000,-500,true,-0.71
"VNM",141324,"/Date(1700464437000)/",69600,100,1432100,99357000000,-400,false,-0.57
"VNM",141320,"/Date(1700464435000)/",69500,100,1432000,99350000000,-500,true,-0.71
"VNM",141320,"/Date(1700464435000)/",69500,100,1431900,99343000000,-500,true,-0.71
"VNM",141320,"/Date(1700464434000)/",69500,300,1431800,99336000000,-500,true,-0.71
"VNM",141320,"/Date(1700464434000)/",69500,300,1431500,99315000000,-500,true,-0.71
"VNM",141320,"/Date(1700464434000)/",69500,600,1431200,99294000000,-500,true,-0.71
"VNM",141320,"/Date(1700464434000)/",69500,200,1430600,99252000000,-500,true,-0.71
"VNM",141314,"/Date(1700464430000)/",69600,200,1430400,99238000000,-400,true,-0.57
"VNM",141314,"/Date(1700464430000)/",69600,300,1430200,99225000000,-400,true,-0.57
"VNM",141314,"/Date(1700464430000)/",69600,100,1429900,99204000000,-400,true,-0.57
"VNM",141314,"/Date(1700464430000)/",69600,200,1429800,99197000000,-400,true,-0.57
"VNM",141314,"/Date(1700464430000)/",69600,100,1429600,99183000000,-400,true,-0.57
"VNM",141314,"/Date(1700464430000)/",69600,100,1429500,99176000000,-400,true,-0.57
"VNM",141314,"/Date(1700464429000)/",69600,100,1429400,99169000000,-400,true,-0.57
"VNM",141314,"/Date(1700464429000)/",69600,200,1429300,99162000000,-400,true,-0.57
"VNM",141311,"/Date(1700464426000)/",69600,200,1429100,99148000000,-400,true,-0.57
"VNM",141311,"/Date(1700464425000)/",69600,600,1428900,99134000000,-400,true,-0.57
"VNM",141311,"/Date(1700464425000)/",69600,100,1428300,99092000000,-400,true,-0.57
"VNM",141311,"/Date(1700464425000)/",69600,700,1428200,99085000000,-400,true,-0.57
"VNM",141305,"/Date(1700464419000)/",69600,400,1427500,99037000000,-400,true,-0.57
"VNM",141305,"/Date(1700464418000)/",69600,200,1427100,99009000000,-400,true,-0.57
"VNM",141305,"/Date(1700464418000)/",69600,2600,1426900,98995000000,-400,true,-0.57
"VNM",141305,"/Date(1700464417000)/",69600,1400,1424300,98814000000,-400,true,-0.57
"VNM",141258,"/Date(1700464411000)/",69600,200,1422900,98716000000,-400,true,-0.57
"VNM",141255,"/Date(1700464410000)/",69600,1400,1422700,98703000000,-400,true,-0.57
"VNM",141255,"/Date(1700464409000)/",69600,400,1421300,98605000000,-400,true,-0.57
"VNM",141255,"/Date(1700464408000)/",69600,2700,1420900,98577000000,-400,true,-0.57
"VNM",141226,"/Date(1700464379000)/",69700,100,1418200,98389000000,-300,true,-0.43
"VNM",141226,"/Date(1700464379000)/",69700,100,1418100,98382000000,-300,true,-0.43
"VNM",141226,"/Date(1700464379000)/",69700,100,1418000,98375000000,-300,true,-0.43
"VNM",141210,"/Date(1700464363000)/",69800,100,1417900,98368000000,-200,false,-0.29
"VNM",141210,"/Date(1700464363000)/",69800,100,1417800,98361000000,-200,false,-0.29
"VNM",141210,"/Date(1700464363000)/",69800,300,1417700,98354000000,-200,false,-0.29
"VNM",141141,"/Date(1700464335000)/",69800,300,1417400,98333000000,-200,false,-0.29
"VNM",141141,"/Date(1700464335000)/",69800,700,1417100,98313000000,-200,false,-0.29
"VNM",141128,"/Date(1700464323000)/",69800,200,1416400,98264000000,-200,false,-0.29
"VNM",141125,"/Date(1700464318000)/",69800,200,1416200,98250000000,-200,false,-0.29
"VNM",141125,"/Date(1700464318000)/",69800,300,1416000,98236000000,-200,false,-0.29
"VNM",141116,"/Date(1700464307000)/",69800,500,1415700,98215000000,-200,false,-0.29
"VNM",141103,"/Date(1700464297000)/",69800,700,1415200,98180000000,-200,false,-0.29
"VNM",141103,"/Date(1700464297000)/",69800,3500,1414500,98131000000,-200,false,-0.29
"VNM",141103,"/Date(1700464297000)/",69800,1500,1411000,97887000000,-200,false,-0.29
"VNM",141103,"/Date(1700464297000)/",69800,4400,1409500,97782000000,-200,false,-0.29
"VNM",141100,"/Date(1700464293000)/",69800,1400,1405100,97475000000,-200,false,-0.29
"VNM",141056,"/Date(1700464289000)/",69800,1500,1403700,97377000000,-200,false,-0.29
"VNM",141053,"/Date(1700464288000)/",69800,1400,1402200,97273000000,-200,false,-0.29
"VNM",141044,"/Date(1700464276000)/",69700,100,1400800,97175000000,-300,true,-0.43
"VNM",141040,"/Date(1700464276000)/",69700,1000,1400700,97168000000,-300,true,-0.43
"VNM",141028,"/Date(1700464262000)/",69800,1300,1399700,97098000000,-200,false,-0.29
"VNM",141028,"/Date(1700464262000)/",69800,100,1398400,97007000000,-200,false,-0.29
"VNM",141024,"/Date(1700464260000)/",69800,3500,1398300,97000000000,-200,false,-0.29
"VNM",141024,"/Date(1700464260000)/",69700,200,1394800,96756000000,-300,false,-0.43
"VNM",141024,"/Date(1700464260000)/",69700,200,1394600,96742000000,-300,false,-0.43
"VNM",141024,"/Date(1700464260000)/",69700,100,1394400,96728000000,-300,false,-0.43
"VNM",141024,"/Date(1700464260000)/",69700,200,1394300,96721000000,-300,false,-0.43
"VNM",141021,"/Date(1700464256000)/",69700,100,1394100,96707000000,-300,false,-0.43
"VNM",141021,"/Date(1700464256000)/",69700,600,1394000,96700000000,-300,false,-0.43
"VNM",141021,"/Date(1700464256000)/",69700,100,1393400,96659000000,-300,false,-0.43
"VNM",141021,"/Date(1700464256000)/",69700,100,1393300,96652000000,-300,false,-0.43
"VNM",141021,"/Date(1700464256000)/",69700,500,1393200,96645000000,-300,false,-0.43
"VNM",141018,"/Date(1700464251000)/",69700,200,1392700,96610000000,-300,false,-0.43
"VNM",141008,"/Date(1700464243000)/",69700,100,1392500,96596000000,-300,false,-0.43
"VNM",140946,"/Date(1700464221000)/",69700,1000,1392400,96589000000,-300,false,-0.43
"VNM",140943,"/Date(1700464218000)/",69700,1200,1391400,96519000000,-300,false,-0.43
"VNM",140943,"/Date(1700464218000)/",69700,100,1390200,96436000000,-300,false,-0.43
"VNM",140943,"/Date(1700464218000)/",69700,100,1390100,96429000000,-300,false,-0.43
"VNM",140936,"/Date(1700464210000)/",69700,400,1390000,96422000000,-300,false,-0.43
"VNM",140936,"/Date(1700464210000)/",69700,500,1389600,96394000000,-300,false,-0.43
"VNM",140936,"/Date(1700464210000)/",69700,100,1389100,96359000000,-300,false,-0.43
"VNM",140904,"/Date(1700464177000)/",69700,4200,1389000,96352000000,-300,false,-0.43
"VNM",140816,"/Date(1700464130000)/",69700,500,1384800,96059000000,-300,false,-0.43
"VNM",140735,"/Date(1700464089000)/",69700,1000,1384300,96024000000,-300,false,-0.43
"VNM",140732,"/Date(1700464086000)/",69700,100,1383300,95955000000,-300,false,-0.43
"VNM",140725,"/Date(1700464078000)/",69700,100,1383200,95948000000,-300,false,-0.43
"VNM",140722,"/Date(1700464075000)/",69700,200,1383100,95941000000,-300,false,-0.43
"VNM",140715,"/Date(1700464070000)/",69700,100,1382900,95927000000,-300,false,-0.43
"VNM",140643,"/Date(1700464038000)/",69700,100,1382800,95920000000,-300,false,-0.43
"VNM",140634,"/Date(1700464028000)/",69700,100,1382700,95913000000,-300,false,-0.43
"VNM",140627,"/Date(1700464021000)/",69700,100,1382600,95906000000,-300,false,-0.43
"VNM",140627,"/Date(1700464021000)/",69700,200,1382500,95899000000,-300,false,-0.43
"VNM",140627,"/Date(1700464021000)/",69700,200,1382300,95885000000,-300,false,-0.43
"VNM",140627,"/Date(1700464021000)/",69700,1000,1382100,95871000000,-300,false,-0.43
"VNM",140627,"/Date(1700464021000)/",69700,2000,1381100,95801000000,-300,false,-0.43
"VNM",140605,"/Date(1700463997000)/",69700,400,1379100,95662000000,-300,true,-0.43
"VNM",140539,"/Date(1700463974000)/",69700,100,1378700,95634000000,-300,true,-0.43
"VNM",140539,"/Date(1700463973000)/",69700,1200,1378600,95627000000,-300,true,-0.43
"VNM",140539,"/Date(1700463972000)/",69700,4900,1377400,95543000000,-300,true,-0.43
"VNM",140539,"/Date(1700463972000)/",69700,100,1372500,95202000000,-300,true,-0.43
"VNM",140539,"/Date(1700463972000)/",69700,1500,1372400,95195000000,-300,true,-0.43
"VNM",140539,"/Date(1700463972000)/",69700,1000,1370900,95090000000,-300,true,-0.43
"VNM",140539,"/Date(1700463972000)/",69700,200,1369900,95021000000,-300,true,-0.43
"VNM",140539,"/Date(1700463972000)/",69700,300,1369700,95007000000,-300,true,-0.43
"VNM",140501,"/Date(1700463935000)/",69700,100,1369400,94986000000,-300,true,-0.43
"VNM",140435,"/Date(1700463908000)/",69700,100,1369300,94979000000,-300,true,-0.43
"VNM",140357,"/Date(1700463872000)/",69800,400,1369200,94972000000,-200,false,-0.29
"VNM",140350,"/Date(1700463864000)/",69800,500,1368800,94944000000,-200,false,-0.29
"VNM",140341,"/Date(1700463853000)/",69800,100,1368300,94909000000,-200,false,-0.29
"VNM",140341,"/Date(1700463853000)/",69800,100,1368200,94902000000,-200,false,-0.29
"VNM",140331,"/Date(1700463844000)/",69800,300,1368100,94895000000,-200,false,-0.29
"VNM",140331,"/Date(1700463844000)/",69800,200,1367800,94874000000,-200,false,-0.29
"VNM",140321,"/Date(1700463835000)/",69700,500,1367600,94860000000,-300,true,-0.43
"VNM",140315,"/Date(1700463828000)/",69700,100,1367100,94825000000,-300,true,-0.43
"VNM",140315,"/Date(1700463828000)/",69700,800,1367000,94818000000,-300,true,-0.43
"VNM",140306,"/Date(1700463820000)/",69700,200,1366200,94763000000,-300,false,-0.43
"VNM",140246,"/Date(1700463798000)/",69700,200,1366000,94749000000,-300,false,-0.43
"VNM",140227,"/Date(1700463779000)/",69700,200,1365800,94735000000,-300,true,-0.43
"VNM",140217,"/Date(1700463771000)/",69700,200,1365600,94721000000,-300,false,-0.43
"VNM",140201,"/Date(1700463754000)/",69600,100,1365400,94707000000,-400,true,-0.57
"VNM",140201,"/Date(1700463753000)/",69600,800,1365300,94700000000,-400,true,-0.57
"VNM",140201,"/Date(1700463753000)/",69600,200,1364500,94644000000,-400,true,-0.57
"VNM",140158,"/Date(1700463751000)/",69700,200,1364300,94630000000,-300,true,-0.43
"VNM",140145,"/Date(1700463737000)/",69600,100,1364100,94616000000,-400,true,-0.57
"VNM",140142,"/Date(1700463737000)/",69600,100,1364000,94609000000,-400,true,-0.57
"VNM",140142,"/Date(1700463737000)/",69700,200,1363900,94602000000,-300,false,-0.43
"VNM",140142,"/Date(1700463737000)/",69700,200,1363700,94588000000,-300,false,-0.43
"VNM",140142,"/Date(1700463737000)/",69800,100,1363500,94574000000,-200,false,-0.29
"VNM",140142,"/Date(1700463737000)/",69800,100,1363400,94568000000,-200,false,-0.29
"VNM",140142,"/Date(1700463737000)/",69800,100,1363300,94561000000,-200,false,-0.29
"VNM",140133,"/Date(1700463724000)/",69800,200,1363200,94554000000,-200,true,-0.29
"VNM",140117,"/Date(1700463708000)/",69800,100,1363000,94540000000,-200,true,-0.29
"VNM",140051,"/Date(1700463685000)/",69800,400,1362900,94533000000,-200,false,-0.29
"VNM",140051,"/Date(1700463685000)/",69800,200,1362500,94505000000,-200,false,-0.29
"VNM",140051,"/Date(1700463683000)/",69800,100,1362300,94491000000,-200,false,-0.29
"VNM",140051,"/Date(1700463683000)/",69800,2700,1362200,94484000000,-200,false,-0.29
"VNM",140048,"/Date(1700463680000)/",69800,200,1359500,94295000000,-200,true,-0.29
"VNM",140048,"/Date(1700463680000)/",69800,1000,1359300,94281000000,-200,true,-0.29
"VNM",140048,"/Date(1700463680000)/",69800,200,1358300,94212000000,-200,true,-0.29
"VNM",140048,"/Date(1700463680000)/",69800,100,1358100,94198000000,-200,true,-0.29
"VNM",140048,"/Date(1700463680000)/",69800,800,1358000,94191000000,-200,true,-0.29
"VNM",140029,"/Date(1700463661000)/",69800,100,1357200,94135000000,-200,true,-0.29
"VNM",140029,"/Date(1700463660000)/",69800,400,1357100,94128000000,-200,true,-0.29
"VNM",140029,"/Date(1700463660000)/",69800,600,1356700,94100000000,-200,true,-0.29
"VNM",140025,"/Date(1700463660000)/",69900,800,1356100,94058000000,-100,false,-0.14
"VNM",140025,"/Date(1700463660000)/",69900,2000,1355300,94002000000,-100,false,-0.14
"VNM",140022,"/Date(1700463656000)/",69900,200,1353300,93862000000,-100,false,-0.14
"VNM",140019,"/Date(1700463651000)/",69900,500,1353100,93848000000,-100,false,-0.14
"VNM",140016,"/Date(1700463650000)/",69900,200,1352600,93813000000,-100,false,-0.14
"VNM",140013,"/Date(1700463647000)/",69900,100,1352400,93799000000,-100,false,-0.14
"VNM",140000,"/Date(1700463634000)/",69900,2800,1352300,93792000000,-100,false,-0.14
"VNM",140000,"/Date(1700463633000)/",69900,500,1349500,93597000000,-100,false,-0.14
"VNM",135953,"/Date(1700463628000)/",69900,4200,1349000,93562000000,-100,false,-0.14
"VNM",135953,"/Date(1700463626000)/",69900,400,1344800,93268000000,-100,false,-0.14
"VNM",135953,"/Date(1700463626000)/",69900,500,1344400,93240000000,-100,false,-0.14
"VNM",135953,"/Date(1700463626000)/",69900,200,1343900,93205000000,-100,false,-0.14
"VNM",135953,"/Date(1700463626000)/",69900,100,1343700,93191000000,-100,false,-0.14
"VNM",135953,"/Date(1700463626000)/",69900,1600,1343600,93184000000,-100,false,-0.14
"VNM",135947,"/Date(1700463619000)/",69900,2800,1342000,93072000000,-100,false,-0.14
"VNM",135941,"/Date(1700463614000)/",69800,300,1339200,92877000000,-200,true,-0.29
"VNM",135941,"/Date(1700463613000)/",69800,500,1338900,92856000000,-200,true,-0.29
"VNM",135941,"/Date(1700463613000)/",69700,1500,1338400,92821000000,-300,false,-0.43
"VNM",135937,"/Date(1700463610000)/",69700,200,1336900,92716000000,-300,false,-0.43
"VNM",135934,"/Date(1700463607000)/",69700,200,1336700,92702000000,-300,false,-0.43
"VNM",135934,"/Date(1700463607000)/",69700,100,1336500,92688000000,-300,false,-0.43
"VNM",135931,"/Date(1700463604000)/",69800,100,1336400,92681000000,-200,false,-0.29
"VNM",135925,"/Date(1700463597000)/",69800,100,1336300,92674000000,-200,false,-0.29
"VNM",135925,"/Date(1700463597000)/",69800,300,1336200,92667000000,-200,false,-0.29
"VNM",135925,"/Date(1700463597000)/",69800,600,1335900,92647000000,-200,false,-0.29
"VNM",135925,"/Date(1700463597000)/",69800,3200,1335300,92605000000,-200,false,-0.29
"VNM",135912,"/Date(1700463584000)/",69800,1800,1332100,92381000000,-200,false,-0.29
"VNM",135912,"/Date(1700463584000)/",69800,200,1330300,92256000000,-200,false,-0.29
"VNM",135908,"/Date(1700463582000)/",69800,4200,1330100,92242000000,-200,false,-0.29
"VNM",135856,"/Date(1700463570000)/",69800,200,1325900,91949000000,-200,false,-0.29
"VNM",135852,"/Date(1700463564000)/",69800,400,1325700,91935000000,-200,false,-0.29
"VNM",135840,"/Date(1700463551000)/",69900,4200,1325300,91907000000,-100,false,-0.14
"VNM",135820,"/Date(1700463532000)/",69900,1400,1321100,91613000000,-100,false,-0.14
"VNM",135820,"/Date(1700463532000)/",69900,100,1319700,91515000000,-100,false,-0.14
"VNM",135820,"/Date(1700463532000)/",69900,2700,1319600,91508000000,-100,false,-0.14
"VNM",135817,"/Date(1700463529000)/",69900,200,1316900,91319000000,-100,false,-0.14
"VNM",135814,"/Date(1700463528000)/",69900,100,1316700,91305000000,-100,false,-0.14
"VNM",135814,"/Date(1700463528000)/",69800,100,1316600,91299000000,-200,false,-0.29
"VNM",135814,"/Date(1700463528000)/",69800,600,1316500,91292000000,-200,false,-0.29
"VNM",135814,"/Date(1700463528000)/",69800,200,1315900,91250000000,-200,false,-0.29
"VNM",135814,"/Date(1700463528000)/",69800,400,1315700,91236000000,-200,false,-0.29
"VNM",135814,"/Date(1700463528000)/",69800,400,1315300,91208000000,-200,false,-0.29
"VNM",135814,"/Date(1700463528000)/",69800,400,1314900,91180000000,-200,false,-0.29
"VNM",135814,"/Date(1700463528000)/",69800,600,1314500,91152000000,-200,false,-0.29
"VNM",135814,"/Date(1700463528000)/",69800,100,1313900,91110000000,-200,false,-0.29
"VNM",135814,"/Date(1700463528000)/",69800,200,1313800,91103000000,-200,false,-0.29
"VNM",135814,"/Date(1700463528000)/",69800,200,1313600,91089000000,-200,false,-0.29
"VNM",135814,"/Date(1700463525000)/",69800,100,1313400,91075000000,-200,false,-0.29
"VNM",135814,"/Date(1700463525000)/",69800,500,1313300,91068000000,-200,false,-0.29
"VNM",135814,"/Date(1700463525000)/",69800,500,1312800,91033000000,-200,false,-0.29
"VNM",135814,"/Date(1700463525000)/",69800,100,1312300,90998000000,-200,false,-0.29
"VNM",135808,"/Date(1700463521000)/",69800,100,1312200,90991000000,-200,false,-0.29
"VNM",135808,"/Date(1700463521000)/",69800,1000,1312100,90984000000,-200,false,-0.29
"VNM",135808,"/Date(1700463521000)/",69800,400,1311100,90915000000,-200,false,-0.29
"VNM",135808,"/Date(1700463521000)/",69800,400,1310700,90887000000,-200,false,-0.29
"VNM",135808,"/Date(1700463521000)/",69800,500,1310300,90859000000,-200,false,-0.29
"VNM",135808,"/Date(1700463521000)/",69800,100,1309800,90824000000,-200,false,-0.29
"VNM",135808,"/Date(1700463521000)/",69800,200,1309700,90817000000,-200,false,-0.29
"VNM",135808,"/Date(1700463521000)/",69800,200,1309500,90803000000,-200,false,-0.29
"VNM",135808,"/Date(1700463521000)/",69800,1300,1309300,90789000000,-200,false,-0.29
"VNM",135808,"/Date(1700463519000)/",69800,1500,1308000,90698000000,-200,false,-0.29
"VNM",135804,"/Date(1700463517000)/",69800,2200,1306500,90594000000,-200,false,-0.29
"VNM",135804,"/Date(1700463517000)/",69800,600,1304300,90440000000,-200,false,-0.29
"VNM",135801,"/Date(1700463515000)/",69800,100,1303700,90398000000,-200,false,-0.29
"VNM",135801,"/Date(1700463515000)/",69800,100,1303600,90391000000,-200,false,-0.29
"VNM",135801,"/Date(1700463515000)/",69800,400,1303500,90384000000,-200,false,-0.29
"VNM",135801,"/Date(1700463515000)/",69800,500,1303100,90356000000,-200,false,-0.29
"VNM",135801,"/Date(1700463515000)/",69800,200,1302600,90321000000,-200,false,-0.29
"VNM",135801,"/Date(1700463515000)/",69800,800,1302400,90307000000,-200,false,-0.29
"VNM",135801,"/Date(1700463515000)/",69800,900,1301600,90252000000,-200,false,-0.29
"VNM",135801,"/Date(1700463515000)/",69800,100,1300700,90189000000,-200,false,-0.29
"VNM",135758,"/Date(1700463510000)/",69800,2800,1300600,90182000000,-200,false,-0.29
"VNM",135755,"/Date(1700463507000)/",69800,1400,1297800,89986000000,-200,false,-0.29
"VNM",135755,"/Date(1700463507000)/",69700,400,1296400,89889000000,-300,false,-0.43
"VNM",135755,"/Date(1700463507000)/",69700,200,1296000,89861000000,-300,false,-0.43
"VNM",135755,"/Date(1700463507000)/",69700,400,1295800,89847000000,-300,false,-0.43
"VNM",135755,"/Date(1700463507000)/",69700,400,1295400,89819000000,-300,false,-0.43
"VNM",135755,"/Date(1700463507000)/",69700,600,1295000,89791000000,-300,false,-0.43
"VNM",135755,"/Date(1700463507000)/",69700,400,1294400,89749000000,-300,false,-0.43
"VNM",135755,"/Date(1700463507000)/",69700,400,1294000,89721000000,-300,false,-0.43
"VNM",135752,"/Date(1700463505000)/",69700,2600,1293600,89693000000,-300,false,-0.43
"VNM",135752,"/Date(1700463505000)/",69700,100,1291000,89512000000,-300,false,-0.43
"VNM",135748,"/Date(1700463500000)/",69700,1500,1290900,89505000000,-300,false,-0.43
"VNM",135745,"/Date(1700463498000)/",69700,100,1289400,89401000000,-300,false,-0.43
"VNM",135739,"/Date(1700463493000)/",69700,2600,1289300,89394000000,-300,false,-0.43
"VNM",135739,"/Date(1700463493000)/",69600,100,1286700,89212000000,-400,false,-0.57
"VNM",135739,"/Date(1700463493000)/",69600,100,1286600,89205000000,-400,false,-0.57
"VNM",135726,"/Date(1700463478000)/",69700,700,1286500,89199000000,-300,false,-0.43
"VNM",135726,"/Date(1700463478000)/",69700,100,1285800,89150000000,-300,false,-0.43
"VNM",135726,"/Date(1700463478000)/",69700,500,1285700,89143000000,-300,false,-0.43
"VNM",135726,"/Date(1700463478000)/",69700,200,1285200,89108000000,-300,false,-0.43
"VNM",135726,"/Date(1700463478000)/",69700,100,1285000,89094000000,-300,false,-0.43
"VNM",135726,"/Date(1700463478000)/",69700,1200,1284900,89087000000,-300,false,-0.43
"VNM",135713,"/Date(1700463465000)/",69700,3800,1283700,89003000000,-300,false,-0.43
"VNM",135713,"/Date(1700463465000)/",69700,400,1279900,88739000000,-300,false,-0.43
"VNM",135707,"/Date(1700463461000)/",69700,100,1279500,88711000000,-300,false,-0.43
"VNM",135707,"/Date(1700463461000)/",69700,2400,1279400,88704000000,-300,false,-0.43
"VNM",135707,"/Date(1700463461000)/",69600,100,1277000,88536000000,-400,false,-0.57
"VNM",135704,"/Date(1700463457000)/",69600,100,1276900,88529000000,-400,false,-0.57
"VNM",135704,"/Date(1700463457000)/",69600,600,1276800,88522000000,-400,false,-0.57
"VNM",135704,"/Date(1700463457000)/",69600,400,1276200,88481000000,-400,false,-0.57
"VNM",135704,"/Date(1700463457000)/",69600,300,1275800,88453000000,-400,false,-0.57
"VNM",135657,"/Date(1700463449000)/",69600,4200,1275500,88432000000,-400,false,-0.57
"VNM",135651,"/Date(1700463445000)/",69600,500,1271300,88140000000,-400,false,-0.57
"VNM",135651,"/Date(1700463445000)/",69600,1100,1270800,88105000000,-400,false,-0.57
"VNM",135651,"/Date(1700463445000)/",69600,400,1269700,88028000000,-400,false,-0.57
"VNM",135651,"/Date(1700463445000)/",69600,700,1269300,88000000000,-400,false,-0.57
"VNM",135622,"/Date(1700463415000)/",69500,100,1268600,87952000000,-500,false,-0.71
"VNM",135616,"/Date(1700463409000)/",69500,200,1268500,87945000000,-500,false,-0.71
"VNM",135603,"/Date(1700463396000)/",69500,200,1268300,87931000000,-500,true,-0.71
"VNM",135603,"/Date(1700463396000)/",69500,300,1268100,87917000000,-500,true,-0.71
"VNM",135603,"/Date(1700463396000)/",69500,1700,1267800,87896000000,-500,true,-0.71
"VNM",135603,"/Date(1700463396000)/",69500,200,1266100,87778000000,-500,true,-0.71
"VNM",135603,"/Date(1700463396000)/",69500,100,1265900,87764000000,-500,true,-0.71
"VNM",135603,"/Date(1700463396000)/",69500,100,1265800,87757000000,-500,true,-0.71
"VNM",135603,"/Date(1700463396000)/",69500,1000,1265700,87750000000,-500,true,-0.71
"VNM",135603,"/Date(1700463396000)/",69500,1000,1264700,87681000000,-500,true,-0.71
"VNM",135603,"/Date(1700463396000)/",69500,900,1263700,87611000000,-500,true,-0.71
"VNM",135534,"/Date(1700463365000)/",69500,100,1262800,87549000000,-500,true,-0.71
"VNM",135531,"/Date(1700463364000)/",69500,800,1262700,87542000000,-500,true,-0.71
"VNM",135531,"/Date(1700463363000)/",69500,5000,1261900,87486000000,-500,true,-0.71
"VNM",135518,"/Date(1700463349000)/",69500,200,1256900,87139000000,-500,true,-0.71
"VNM",135459,"/Date(1700463331000)/",69600,100,1256700,87125000000,-400,false,-0.57
"VNM",135446,"/Date(1700463319000)/",69600,100,1256600,87118000000,-400,false,-0.57
"VNM",135427,"/Date(1700463299000)/",69600,100,1256500,87111000000,-400,false,-0.57
"VNM",135427,"/Date(1700463299000)/",69600,100,1256400,87104000000,-400,false,-0.57
"VNM",135348,"/Date(1700463262000)/",69600,200,1256300,87097000000,-400,true,-0.57
"VNM",135348,"/Date(1700463260000)/",69600,400,1256100,87083000000,-400,true,-0.57
"VNM",135345,"/Date(1700463259000)/",69600,100,1255700,87055000000,-400,true,-0.57
"VNM",135339,"/Date(1700463250000)/",69600,200,1255600,87048000000,-400,true,-0.57
"VNM",135203,"/Date(1700463156000)/",69700,1200,1255400,87034000000,-300,false,-0.43
"VNM",135203,"/Date(1700463156000)/",69600,200,1254200,86951000000,-400,false,-0.57
"VNM",135153,"/Date(1700463145000)/",69600,200,1254000,86937000000,-400,false,-0.57
"VNM",135153,"/Date(1700463145000)/",69600,100,1253800,86923000000,-400,false,-0.57
"VNM",135128,"/Date(1700463119000)/",69700,900,1253700,86916000000,-300,false,-0.43
"VNM",135105,"/Date(1700463097000)/",69600,100,1252800,86853000000,-400,true,-0.57
"VNM",135056,"/Date(1700463087000)/",69700,100,1252700,86846000000,-300,false,-0.43
"VNM",135043,"/Date(1700463076000)/",69700,200,1252600,86839000000,-300,false,-0.43
"VNM",135040,"/Date(1700463070000)/",69700,200,1252400,86825000000,-300,false,-0.43
"VNM",135037,"/Date(1700463070000)/",69700,100,1252200,86811000000,-300,true,-0.43
"VNM",135037,"/Date(1700463069000)/",69700,900,1252100,86804000000,-300,true,-0.43
"VNM",135037,"/Date(1700463067000)/",69700,500,1251200,86742000000,-300,true,-0.43
"VNM",135033,"/Date(1700463066000)/",69700,1100,1250700,86707000000,-300,false,-0.43
"VNM",135033,"/Date(1700463066000)/",69700,200,1249600,86630000000,-300,false,-0.43
"VNM",135033,"/Date(1700463066000)/",69700,100,1249400,86616000000,-300,false,-0.43
"VNM",135033,"/Date(1700463066000)/",69700,500,1249300,86609000000,-300,false,-0.43
"VNM",135033,"/Date(1700463066000)/",69700,1400,1248800,86574000000,-300,false,-0.43
"VNM",135033,"/Date(1700463066000)/",69700,100,1247400,86477000000,-300,false,-0.43
"VNM",135027,"/Date(1700463059000)/",69700,100,1247300,86470000000,-300,false,-0.43
"VNM",135027,"/Date(1700463058000)/",69700,3400,1247200,86463000000,-300,false,-0.43
"VNM",135027,"/Date(1700463058000)/",69700,3600,1243800,86226000000,-300,false,-0.43
"VNM",135021,"/Date(1700463053000)/",69700,1400,1240200,85975000000,-300,false,-0.43
"VNM",134910,"/Date(1700462983000)/",69600,100,1238800,85877000000,-400,true,-0.57
"VNM",134910,"/Date(1700462983000)/",69600,500,1238700,85870000000,-400,true,-0.57
"VNM",134854,"/Date(1700462967000)/",69600,1000,1238200,85835000000,-400,false,-0.57
"VNM",134747,"/Date(1700462898000)/",69300,200,1237200,85766000000,-700,true,-1
"VNM",134744,"/Date(1700462897000)/",69300,1600,1237000,85752000000,-700,false,-1
"VNM",134744,"/Date(1700462896000)/",69300,1100,1235400,85641000000,-700,false,-1
"VNM",134744,"/Date(1700462896000)/",69400,100,1234300,85565000000,-600,true,-0.86
"VNM",134744,"/Date(1700462896000)/",69400,100,1234200,85558000000,-600,true,-0.86
"VNM",134744,"/Date(1700462896000)/",69400,500,1234100,85551000000,-600,true,-0.86
"VNM",134744,"/Date(1700462896000)/",69400,100,1233600,85516000000,-600,true,-0.86
"VNM",134744,"/Date(1700462896000)/",69400,5000,1233500,85509000000,-600,true,-0.86
"VNM",134744,"/Date(1700462896000)/",69400,100,1228500,85162000000,-600,true,-0.86
"VNM",134744,"/Date(1700462896000)/",69400,2000,1228400,85155000000,-600,true,-0.86
"VNM",134744,"/Date(1700462896000)/",69500,100,1226400,85017000000,-500,true,-0.71
"VNM",134744,"/Date(1700462896000)/",69500,100,1226300,85010000000,-500,true,-0.71
"VNM",134744,"/Date(1700462896000)/",69500,100,1226200,85003000000,-500,true,-0.71
"VNM",134744,"/Date(1700462896000)/",69500,100,1226100,84996000000,-500,true,-0.71
"VNM",134744,"/Date(1700462896000)/",69500,100,1226000,84989000000,-500,true,-0.71
"VNM",134744,"/Date(1700462896000)/",69500,100,1225900,84982000000,-500,true,-0.71
"VNM",134744,"/Date(1700462896000)/",69600,100,1225800,84975000000,-400,true,-0.57
"VNM",134744,"/Date(1700462896000)/",69600,100,1225700,84968000000,-400,true,-0.57
"VNM",134744,"/Date(1700462896000)/",69600,200,1225600,84961000000,-400,true,-0.57
"VNM",134744,"/Date(1700462895000)/",69600,200,1225400,84947000000,-400,true,-0.57
"VNM",134744,"/Date(1700462894000)/",69600,1400,1225200,84933000000,-400,true,-0.57
"VNM",134721,"/Date(1700462874000)/",69600,500,1223800,84836000000,-400,true,-0.57
"VNM",134705,"/Date(1700462856000)/",69600,200,1223300,84801000000,-400,true,-0.57
"VNM",134705,"/Date(1700462855000)/",69600,1100,1223100,84787000000,-400,true,-0.57
"VNM",134705,"/Date(1700462855000)/",69600,100,1222000,84710000000,-400,true,-0.57
"VNM",134705,"/Date(1700462855000)/",69600,200,1221900,84704000000,-400,true,-0.57
"VNM",134655,"/Date(1700462847000)/",69800,1000,1221700,84690000000,-200,false,-0.29
"VNM",134652,"/Date(1700462843000)/",69600,200,1220700,84620000000,-400,true,-0.57
"VNM",134652,"/Date(1700462842000)/",69600,200,1220500,84606000000,-400,true,-0.57
"VNM",134652,"/Date(1700462842000)/",69600,100,1220300,84592000000,-400,true,-0.57
"VNM",134652,"/Date(1700462842000)/",69600,200,1220200,84585000000,-400,true,-0.57
"VNM",134652,"/Date(1700462842000)/",69700,200,1220000,84571000000,-300,true,-0.43
"VNM",134652,"/Date(1700462842000)/",69700,100,1219800,84557000000,-300,true,-0.43
"VNM",134652,"/Date(1700462842000)/",69700,600,1219700,84550000000,-300,true,-0.43
"VNM",134607,"/Date(1700462800000)/",69800,100,1219100,84508000000,-200,false,-0.29
"VNM",134519,"/Date(1700462752000)/",69800,200,1219000,84501000000,-200,false,-0.29
"VNM",134519,"/Date(1700462750000)/",69800,100,1218800,84487000000,-200,false,-0.29
"VNM",134447,"/Date(1700462720000)/",69800,2800,1218700,84480000000,-200,false,-0.29
"VNM",134444,"/Date(1700462716000)/",69800,700,1215900,84285000000,-200,false,-0.29
"VNM",134444,"/Date(1700462716000)/",69700,400,1215200,84236000000,-300,false,-0.43
"VNM",134444,"/Date(1700462716000)/",69700,400,1214800,84208000000,-300,false,-0.43
"VNM",134444,"/Date(1700462716000)/",69700,200,1214400,84180000000,-300,false,-0.43
"VNM",134444,"/Date(1700462716000)/",69700,100,1214200,84166000000,-300,false,-0.43
"VNM",134444,"/Date(1700462716000)/",69700,1100,1214100,84159000000,-300,false,-0.43
"VNM",134441,"/Date(1700462713000)/",69700,2800,1213000,84083000000,-300,false,-0.43
"VNM",134438,"/Date(1700462708000)/",69700,1100,1210200,83888000000,-300,false,-0.43
"VNM",134438,"/Date(1700462708000)/",69700,100,1209100,83811000000,-300,false,-0.43
"VNM",134438,"/Date(1700462708000)/",69700,200,1209000,83804000000,-300,false,-0.43
"VNM",134438,"/Date(1700462708000)/",69700,500,1208800,83790000000,-300,false,-0.43
"VNM",134438,"/Date(1700462708000)/",69700,700,1208300,83755000000,-300,false,-0.43
"VNM",134434,"/Date(1700462707000)/",69700,300,1207600,83706000000,-300,false,-0.43
"VNM",134434,"/Date(1700462707000)/",69700,200,1207300,83686000000,-300,false,-0.43
"VNM",134434,"/Date(1700462707000)/",69600,100,1207100,83672000000,-400,false,-0.57
"VNM",134434,"/Date(1700462707000)/",69600,700,1207000,83665000000,-400,false,-0.57
"VNM",134434,"/Date(1700462707000)/",69600,100,1206300,83616000000,-400,false,-0.57
"VNM",134431,"/Date(1700462703000)/",69600,100,1206200,83609000000,-400,false,-0.57
"VNM",134431,"/Date(1700462703000)/",69600,100,1206100,83602000000,-400,false,-0.57
"VNM",134431,"/Date(1700462703000)/",69600,200,1206000,83595000000,-400,false,-0.57
"VNM",134431,"/Date(1700462703000)/",69600,200,1205800,83581000000,-400,false,-0.57
"VNM",134431,"/Date(1700462703000)/",69600,300,1205600,83567000000,-400,false,-0.57
"VNM",134428,"/Date(1700462701000)/",69600,400,1205300,83546000000,-400,false,-0.57
"VNM",134428,"/Date(1700462701000)/",69600,600,1204900,83518000000,-400,false,-0.57
"VNM",134428,"/Date(1700462701000)/",69600,400,1204300,83477000000,-400,false,-0.57
"VNM",134428,"/Date(1700462700000)/",69600,200,1203900,83449000000,-400,false,-0.57
"VNM",134428,"/Date(1700462700000)/",69600,2400,1203700,83435000000,-400,false,-0.57
"VNM",134428,"/Date(1700462700000)/",69600,500,1201300,83268000000,-400,false,-0.57
"VNM",134422,"/Date(1700462692000)/",69600,1400,1200800,83233000000,-400,false,-0.57
"VNM",134419,"/Date(1700462689000)/",69600,700,1199400,83136000000,-400,false,-0.57
"VNM",134419,"/Date(1700462689000)/",69600,400,1198700,83087000000,-400,false,-0.57
"VNM",134415,"/Date(1700462685000)/",69600,1200,1198300,83059000000,-400,false,-0.57
"VNM",134415,"/Date(1700462685000)/",69600,200,1197100,82976000000,-400,false,-0.57
"VNM",134406,"/Date(1700462679000)/",69600,300,1196900,82962000000,-400,false,-0.57
"VNM",134406,"/Date(1700462679000)/",69600,1100,1196600,82941000000,-400,false,-0.57
"VNM",134350,"/Date(1700462662000)/",69600,300,1195500,82864000000,-400,false,-0.57
"VNM",134350,"/Date(1700462661000)/",69600,100,1195200,82843000000,-400,false,-0.57
"VNM",134343,"/Date(1700462655000)/",69600,4200,1195100,82836000000,-400,false,-0.57
"VNM",134327,"/Date(1700462639000)/",69600,100,1190900,82544000000,-400,false,-0.57
"VNM",134321,"/Date(1700462632000)/",69600,4200,1190800,82537000000,-400,false,-0.57
"VNM",134302,"/Date(1700462614000)/",69600,200,1186600,82245000000,-400,false,-0.57
"VNM",134239,"/Date(1700462589000)/",69500,100,1186400,82231000000,-500,true,-0.71
"VNM",134236,"/Date(1700462589000)/",69500,200,1186300,82224000000,-500,true,-0.71
"VNM",134236,"/Date(1700462589000)/",69500,1000,1186100,82210000000,-500,true,-0.71
"VNM",134158,"/Date(1700462549000)/",69600,3000,1185100,82140000000,-400,false,-0.57
"VNM",134158,"/Date(1700462548000)/",69600,100,1182100,81932000000,-400,false,-0.57
"VNM",134158,"/Date(1700462548000)/",69600,100,1182000,81925000000,-400,false,-0.57
"VNM",134158,"/Date(1700462548000)/",69600,1000,1181900,81918000000,-400,false,-0.57
"VNM",134148,"/Date(1700462541000)/",69600,100,1180900,81848000000,-400,true,-0.57
"VNM",134148,"/Date(1700462540000)/",69600,1000,1180800,81841000000,-400,true,-0.57
"VNM",134135,"/Date(1700462526000)/",69600,100,1179800,81772000000,-400,true,-0.57
"VNM",134135,"/Date(1700462526000)/",69600,100,1179700,81765000000,-400,true,-0.57
"VNM",134129,"/Date(1700462520000)/",69600,100,1179600,81758000000,-400,true,-0.57
"VNM",134126,"/Date(1700462518000)/",69600,600,1179500,81751000000,-400,false,-0.57
"VNM",134126,"/Date(1700462518000)/",69600,300,1178900,81709000000,-400,false,-0.57
"VNM",134126,"/Date(1700462518000)/",69600,300,1178600,81688000000,-400,false,-0.57
"VNM",134126,"/Date(1700462518000)/",69600,3200,1178300,81667000000,-400,false,-0.57
"VNM",134116,"/Date(1700462508000)/",69600,300,1175100,81444000000,-400,true,-0.57
"VNM",134116,"/Date(1700462508000)/",69600,2100,1174800,81424000000,-400,true,-0.57
"VNM",134113,"/Date(1700462503000)/",69600,100,1172700,81277000000,-400,true,-0.57
"VNM",134110,"/Date(1700462502000)/",69600,900,1172600,81270000000,-400,true,-0.57
"VNM",134110,"/Date(1700462502000)/",69600,500,1171700,81208000000,-400,true,-0.57
"VNM",134110,"/Date(1700462502000)/",69600,4200,1171200,81173000000,-400,true,-0.57
"VNM",134110,"/Date(1700462502000)/",69600,1300,1167000,80881000000,-400,true,-0.57
"VNM",134041,"/Date(1700462473000)/",69600,100,1165700,80790000000,-400,true,-0.57
"VNM",134041,"/Date(1700462472000)/",69600,1100,1165600,80783000000,-400,true,-0.57
"VNM",134012,"/Date(1700462442000)/",69700,100,1164500,80707000000,-300,true,-0.43
"VNM",134012,"/Date(1700462442000)/",69700,600,1164400,80700000000,-300,true,-0.43
"VNM",134012,"/Date(1700462442000)/",69700,1100,1163800,80658000000,-300,true,-0.43
"VNM",134003,"/Date(1700462436000)/",69800,900,1162700,80581000000,-200,false,-0.29
"VNM",134003,"/Date(1700462436000)/",69800,100,1161800,80518000000,-200,false,-0.29
"VNM",134003,"/Date(1700462434000)/",69800,400,1161700,80511000000,-200,false,-0.29
"VNM",133956,"/Date(1700462428000)/",69700,100,1161300,80484000000,-300,true,-0.43
"VNM",133956,"/Date(1700462428000)/",69700,900,1161200,80477000000,-300,true,-0.43
"VNM",133918,"/Date(1700462388000)/",69700,200,1160300,80414000000,-300,true,-0.43
"VNM",133859,"/Date(1700462368000)/",69700,100,1160100,80400000000,-300,true,-0.43
"VNM",133855,"/Date(1700462367000)/",69700,1000,1160000,80393000000,-300,true,-0.43
"VNM",133855,"/Date(1700462367000)/",69700,100,1159000,80323000000,-300,true,-0.43
"VNM",133855,"/Date(1700462367000)/",69700,1600,1158900,80316000000,-300,true,-0.43
"VNM",133855,"/Date(1700462367000)/",69700,4900,1157300,80205000000,-300,true,-0.43
"VNM",133849,"/Date(1700462359000)/",69700,100,1152400,79863000000,-300,false,-0.43
"VNM",133827,"/Date(1700462337000)/",69700,1000,1152300,79856000000,-300,false,-0.43
"VNM",133824,"/Date(1700462334000)/",69700,4000,1151300,79787000000,-300,false,-0.43
"VNM",133824,"/Date(1700462334000)/",69700,400,1147300,79508000000,-300,false,-0.43
"VNM",133824,"/Date(1700462334000)/",69700,300,1146900,79480000000,-300,false,-0.43
"VNM",133824,"/Date(1700462334000)/",69700,200,1146600,79459000000,-300,false,-0.43
"VNM",133824,"/Date(1700462334000)/",69700,600,1146400,79445000000,-300,false,-0.43
"VNM",133824,"/Date(1700462334000)/",69700,4500,1145800,79403000000,-300,false,-0.43
"VNM",133808,"/Date(1700462319000)/",69700,200,1141300,79090000000,-300,false,-0.43
"VNM",133804,"/Date(1700462316000)/",69700,100,1141100,79076000000,-300,false,-0.43
"VNM",133804,"/Date(1700462315000)/",69700,100,1141000,79069000000,-300,false,-0.43
"VNM",133713,"/Date(1700462263000)/",69700,100,1140900,79062000000,-300,false,-0.43
"VNM",133710,"/Date(1700462260000)/",69700,3000,1140800,79055000000,-300,false,-0.43
"VNM",133707,"/Date(1700462257000)/",69700,2000,1137800,78846000000,-300,false,-0.43
"VNM",133654,"/Date(1700462246000)/",69700,1400,1135800,78706000000,-300,false,-0.43
"VNM",133651,"/Date(1700462241000)/",69700,3600,1134400,78609000000,-300,false,-0.43
"VNM",133651,"/Date(1700462241000)/",69700,600,1130800,78358000000,-300,false,-0.43
"VNM",133615,"/Date(1700462206000)/",69600,200,1130200,78316000000,-400,true,-0.57
"VNM",133615,"/Date(1700462205000)/",69600,1500,1130000,78302000000,-400,true,-0.57
"VNM",133556,"/Date(1700462185000)/",69500,500,1128500,78198000000,-500,false,-0.71
"VNM",133553,"/Date(1700462185000)/",69500,200,1128000,78163000000,-500,false,-0.71
"VNM",133553,"/Date(1700462185000)/",69500,3500,1127800,78149000000,-500,false,-0.71
"VNM",133546,"/Date(1700462177000)/",69500,1400,1124300,77906000000,-500,false,-0.71
"VNM",133540,"/Date(1700462169000)/",69800,100,1122900,77808000000,-200,false,-0.29
"VNM",133540,"/Date(1700462169000)/",69800,100,1122800,77801000000,-200,false,-0.29
"VNM",133540,"/Date(1700462169000)/",69800,200,1122700,77794000000,-200,false,-0.29
"VNM",133540,"/Date(1700462169000)/",69800,600,1122500,77780000000,-200,false,-0.29
"VNM",133540,"/Date(1700462169000)/",69800,200,1121900,77739000000,-200,false,-0.29
"VNM",133540,"/Date(1700462169000)/",69800,100,1121700,77725000000,-200,false,-0.29
"VNM",133540,"/Date(1700462169000)/",69800,200,1121600,77718000000,-200,false,-0.29
"VNM",133540,"/Date(1700462169000)/",69700,200,1121400,77704000000,-300,false,-0.43
"VNM",133540,"/Date(1700462169000)/",69700,200,1121200,77690000000,-300,false,-0.43
"VNM",133540,"/Date(1700462169000)/",69700,600,1121000,77676000000,-300,false,-0.43
"VNM",133540,"/Date(1700462169000)/",69700,4200,1120400,77634000000,-300,false,-0.43
"VNM",133533,"/Date(1700462165000)/",69700,200,1116200,77341000000,-300,false,-0.43
"VNM",133533,"/Date(1700462165000)/",69700,1300,1116000,77327000000,-300,false,-0.43
"VNM",133533,"/Date(1700462164000)/",69700,100,1114700,77237000000,-300,false,-0.43
"VNM",133533,"/Date(1700462164000)/",69700,900,1114600,77230000000,-300,false,-0.43
"VNM",133533,"/Date(1700462164000)/",69600,400,1113700,77167000000,-400,false,-0.57
"VNM",133530,"/Date(1700462160000)/",69600,600,1113300,77139000000,-400,false,-0.57
"VNM",133530,"/Date(1700462160000)/",69600,200,1112700,77097000000,-400,false,-0.57
"VNM",133530,"/Date(1700462159000)/",69600,3400,1112500,77083000000,-400,false,-0.57
"VNM",133530,"/Date(1700462159000)/",69600,600,1109100,76847000000,-400,false,-0.57
"VNM",133530,"/Date(1700462159000)/",69600,1200,1108500,76805000000,-400,false,-0.57
"VNM",133530,"/Date(1700462159000)/",69600,400,1107300,76722000000,-400,false,-0.57
"VNM",133530,"/Date(1700462159000)/",69600,300,1106900,76694000000,-400,false,-0.57
"VNM",133530,"/Date(1700462159000)/",69600,500,1106600,76673000000,-400,false,-0.57
"VNM",133527,"/Date(1700462158000)/",69600,1200,1106100,76638000000,-400,false,-0.57
"VNM",133527,"/Date(1700462158000)/",69500,200,1104900,76554000000,-500,false,-0.71
"VNM",133527,"/Date(1700462158000)/",69500,200,1104700,76541000000,-500,false,-0.71
"VNM",133527,"/Date(1700462158000)/",69500,200,1104500,76527000000,-500,false,-0.71
"VNM",133527,"/Date(1700462158000)/",69500,600,1104300,76513000000,-500,false,-0.71
"VNM",133527,"/Date(1700462158000)/",69500,400,1103700,76471000000,-500,false,-0.71
"VNM",133520,"/Date(1700462153000)/",69500,100,1103300,76443000000,-500,false,-0.71
"VNM",133520,"/Date(1700462153000)/",69500,200,1103200,76436000000,-500,false,-0.71
"VNM",133520,"/Date(1700462153000)/",69500,600,1103000,76422000000,-500,false,-0.71
"VNM",133520,"/Date(1700462153000)/",69500,600,1102400,76381000000,-500,false,-0.71
"VNM",133520,"/Date(1700462151000)/",69500,400,1101800,76339000000,-500,false,-0.71
"VNM",133520,"/Date(1700462151000)/",69500,1000,1101400,76311000000,-500,false,-0.71
"VNM",133517,"/Date(1700462147000)/",69500,4000,1100400,76242000000,-500,false,-0.71
"VNM",133517,"/Date(1700462147000)/",69500,200,1096400,75964000000,-500,false,-0.71
"VNM",133517,"/Date(1700462147000)/",69500,200,1096200,75950000000,-500,false,-0.71
"VNM",133517,"/Date(1700462147000)/",69500,600,1096000,75936000000,-500,false,-0.71
"VNM",133517,"/Date(1700462147000)/",69500,2400,1095400,75894000000,-500,false,-0.71
"VNM",133514,"/Date(1700462146000)/",69500,1400,1093000,75727000000,-500,false,-0.71
"VNM",133504,"/Date(1700462136000)/",69500,900,1091600,75630000000,-500,false,-0.71
"VNM",133504,"/Date(1700462136000)/",69400,200,1090700,75568000000,-600,false,-0.86
"VNM",133504,"/Date(1700462136000)/",69400,300,1090500,75554000000,-600,false,-0.86
"VNM",133504,"/Date(1700462136000)/",69400,100,1090200,75533000000,-600,false,-0.86
"VNM",133504,"/Date(1700462136000)/",69400,2500,1090100,75526000000,-600,false,-0.86
"VNM",133504,"/Date(1700462136000)/",69400,1500,1087600,75352000000,-600,false,-0.86
"VNM",133501,"/Date(1700462131000)/",69400,1000,1086100,75248000000,-600,false,-0.86
"VNM",133501,"/Date(1700462131000)/",69400,600,1085100,75179000000,-600,false,-0.86
"VNM",133501,"/Date(1700462131000)/",69400,1100,1084500,75137000000,-600,false,-0.86
"VNM",133452,"/Date(1700462121000)/",69300,100,1083400,75061000000,-700,false,-1
"VNM",133449,"/Date(1700462121000)/",69300,400,1083300,75054000000,-700,false,-1
"VNM",133449,"/Date(1700462121000)/",69300,200,1082900,75026000000,-700,false,-1
"VNM",133449,"/Date(1700462121000)/",69300,500,1082700,75012000000,-700,false,-1
"VNM",133449,"/Date(1700462119000)/",69300,2700,1082200,74978000000,-700,false,-1
"VNM",133423,"/Date(1700462094000)/",69200,100,1079500,74791000000,-800,true,-1.14
"VNM",133420,"/Date(1700462089000)/",69300,100,1079400,74784000000,-700,false,-1
"VNM",133416,"/Date(1700462088000)/",69300,100,1079300,74777000000,-700,false,-1
"VNM",133416,"/Date(1700462088000)/",69300,100,1079200,74770000000,-700,false,-1
"VNM",133400,"/Date(1700462071000)/",69300,1000,1079100,74763000000,-700,true,-1
"VNM",133400,"/Date(1700462071000)/",69300,500,1078100,74694000000,-700,true,-1
"VNM",133351,"/Date(1700462060000)/",69300,100,1077600,74659000000,-700,true,-1
"VNM",133348,"/Date(1700462059000)/",69300,800,1077500,74652000000,-700,true,-1
"VNM",133348,"/Date(1700462058000)/",69300,1100,1076700,74597000000,-700,true,-1
"VNM",133348,"/Date(1700462058000)/",69300,100,1075600,74520000000,-700,true,-1
"VNM",133348,"/Date(1700462058000)/",69300,1000,1075500,74514000000,-700,true,-1
"VNM",133348,"/Date(1700462058000)/",69300,500,1074500,74444000000,-700,true,-1
"VNM",133348,"/Date(1700462058000)/",69300,100,1074000,74410000000,-700,true,-1
"VNM",133348,"/Date(1700462058000)/",69300,300,1073900,74403000000,-700,true,-1
"VNM",133348,"/Date(1700462058000)/",69300,1600,1073600,74382000000,-700,true,-1
"VNM",133348,"/Date(1700462058000)/",69300,300,1072000,74271000000,-700,true,-1
"VNM",133322,"/Date(1700462031000)/",69300,200,1071700,74250000000,-700,true,-1
"VNM",133319,"/Date(1700462030000)/",69300,500,1071500,74236000000,-700,true,-1
"VNM",133319,"/Date(1700462030000)/",69300,1000,1071000,74202000000,-700,true,-1
"VNM",133319,"/Date(1700462030000)/",69300,100,1070000,74132000000,-700,true,-1
"VNM",133319,"/Date(1700462030000)/",69300,200,1069900,74125000000,-700,true,-1
"VNM",133319,"/Date(1700462029000)/",69300,600,1069700,74112000000,-700,true,-1
"VNM",133319,"/Date(1700462029000)/",69300,1200,1069100,74070000000,-700,true,-1
"VNM",133319,"/Date(1700462029000)/",69300,100,1067900,73987000000,-700,true,-1
"VNM",133319,"/Date(1700462029000)/",69300,100,1067800,73980000000,-700,true,-1
"VNM",133319,"/Date(1700462029000)/",69300,300,1067700,73973000000,-700,true,-1
"VNM",133319,"/Date(1700462029000)/",69300,100,1067400,73952000000,-700,true,-1
"VNM",133319,"/Date(1700462029000)/",69300,2000,1067300,73945000000,-700,true,-1
"VNM",133319,"/Date(1700462029000)/",69300,300,1065300,73807000000,-700,true,-1
"VNM",133319,"/Date(1700462029000)/",69300,4200,1065000,73786000000,-700,true,-1
"VNM",133319,"/Date(1700462029000)/",69300,300,1060800,73495000000,-700,true,-1
"VNM",133319,"/Date(1700462029000)/",69300,100,1060500,73474000000,-700,true,-1
"VNM",133319,"/Date(1700462029000)/",69300,100,1060400,73467000000,-700,true,-1
"VNM",133319,"/Date(1700462029000)/",69300,400,1060300,73460000000,-700,true,-1
"VNM",133319,"/Date(1700462029000)/",69300,100,1059900,73432000000,-700,true,-1
"VNM",133319,"/Date(1700462029000)/",69300,500,1059800,73426000000,-700,true,-1
"VNM",133319,"/Date(1700462029000)/",69300,100,1059300,73391000000,-700,true,-1
"VNM",133319,"/Date(1700462029000)/",69300,600,1059200,73384000000,-700,true,-1
"VNM",133319,"/Date(1700462029000)/",69300,100,1058600,73342000000,-700,true,-1
"VNM",133319,"/Date(1700462029000)/",69300,100,1058500,73335000000,-700,true,-1
"VNM",133319,"/Date(1700462029000)/",69300,100,1058400,73328000000,-700,true,-1
"VNM",133319,"/Date(1700462029000)/",69300,2000,1058300,73322000000,-700,true,-1
"VNM",133319,"/Date(1700462029000)/",69300,100,1056300,73183000000,-700,true,-1
"VNM",133319,"/Date(1700462029000)/",69300,100,1056200,73176000000,-700,true,-1
"VNM",133319,"/Date(1700462029000)/",69300,300,1056100,73169000000,-700,true,-1
"VNM",133319,"/Date(1700462029000)/",69300,100,1055800,73148000000,-700,true,-1
"VNM",133319,"/Date(1700462029000)/",69300,1600,1055700,73141000000,-700,true,-1
"VNM",133300,"/Date(1700462011000)/",69300,300,1054100,73030000000,-700,true,-1
"VNM",133300,"/Date(1700462010000)/",69300,2000,1053800,73010000000,-700,true,-1
"VNM",133253,"/Date(1700462004000)/",69300,100,1051800,72871000000,-700,true,-1
"VNM",133253,"/Date(1700462003000)/",69300,800,1051700,72864000000,-700,true,-1
"VNM",133250,"/Date(1700462002000)/",69300,5000,1050900,72809000000,-700,true,-1
"VNM",133133,"/Date(1700461922000)/",69400,3900,1045900,72462000000,-600,false,-0.86
"VNM",133133,"/Date(1700461922000)/",69400,300,1042000,72192000000,-600,false,-0.86
"VNM",133133,"/Date(1700461922000)/",69400,100,1041700,72171000000,-600,false,-0.86
"VNM",133111,"/Date(1700461902000)/",69400,500,1041600,72164000000,-600,false,-0.86
"VNM",133058,"/Date(1700461889000)/",69400,400,1041100,72129000000,-600,false,-0.86
"VNM",133052,"/Date(1700461880000)/",69400,500,1040700,72101000000,-600,false,-0.86
"VNM",133039,"/Date(1700461870000)/",69400,2300,1040200,72067000000,-600,false,-0.86
"VNM",132929,"/Date(1700461798000)/",69400,1000,1037900,71907000000,-600,false,-0.86
"VNM",132900,"/Date(1700461771000)/",69400,300,1036900,71838000000,-600,false,-0.86
"VNM",132900,"/Date(1700461771000)/",69400,100,1036600,71817000000,-600,false,-0.86
"VNM",132838,"/Date(1700461748000)/",69300,100,1036500,71810000000,-700,true,-1
"VNM",132838,"/Date(1700461747000)/",69300,1200,1036400,71803000000,-700,true,-1
"VNM",132838,"/Date(1700461746000)/",69300,900,1035200,71720000000,-700,true,-1
"VNM",132838,"/Date(1700461746000)/",69300,3000,1034300,71657000000,-700,true,-1
"VNM",132838,"/Date(1700461746000)/",69300,1000,1031300,71450000000,-700,true,-1
"VNM",132838,"/Date(1700461746000)/",69300,100,1030300,71380000000,-700,true,-1
"VNM",132838,"/Date(1700461746000)/",69300,100,1030200,71373000000,-700,true,-1
"VNM",132838,"/Date(1700461746000)/",69300,2900,1030100,71366000000,-700,true,-1
"VNM",132834,"/Date(1700461744000)/",69300,600,1027200,71165000000,-700,true,-1
"VNM",132825,"/Date(1700461734000)/",69400,800,1026600,71124000000,-600,true,-0.86
"VNM",132812,"/Date(1700461722000)/",69400,100,1025800,71068000000,-600,true,-0.86
"VNM",132812,"/Date(1700461722000)/",69400,100,1025700,71061000000,-600,true,-0.86
"VNM",132812,"/Date(1700461722000)/",69400,100,1025600,71054000000,-600,true,-0.86
"VNM",132812,"/Date(1700461722000)/",69400,300,1025500,71047000000,-600,true,-0.86
"VNM",132812,"/Date(1700461722000)/",69400,100,1025200,71027000000,-600,true,-0.86
"VNM",132812,"/Date(1700461722000)/",69400,400,1025100,71020000000,-600,true,-0.86
"VNM",132731,"/Date(1700461679000)/",69400,400,1024700,70992000000,-600,true,-0.86
"VNM",132727,"/Date(1700461678000)/",69400,1200,1024300,70964000000,-600,true,-0.86
"VNM",132727,"/Date(1700461678000)/",69400,200,1023100,70881000000,-600,true,-0.86
"VNM",132727,"/Date(1700461678000)/",69400,1000,1022900,70867000000,-600,true,-0.86
"VNM",132727,"/Date(1700461678000)/",69400,200,1021900,70798000000,-600,true,-0.86
"VNM",132617,"/Date(1700461608000)/",69400,100,1021700,70784000000,-600,true,-0.86
"VNM",132617,"/Date(1700461607000)/",69400,700,1021600,70777000000,-600,true,-0.86
"VNM",132614,"/Date(1700461604000)/",69400,100,1020900,70728000000,-600,false,-0.86
"VNM",132614,"/Date(1700461604000)/",69400,200,1020800,70721000000,-600,false,-0.86
"VNM",132548,"/Date(1700461578000)/",69400,100,1020600,70707000000,-600,false,-0.86
"VNM",132532,"/Date(1700461562000)/",69400,100,1020500,70700000000,-600,false,-0.86
"VNM",132526,"/Date(1700461555000)/",69400,200,1020400,70694000000,-600,false,-0.86
"VNM",132523,"/Date(1700461553000)/",69400,100,1020200,70680000000,-600,false,-0.86
"VNM",132510,"/Date(1700461538000)/",69400,100,1020100,70673000000,-600,false,-0.86
"VNM",132500,"/Date(1700461530000)/",69400,500,1020000,70666000000,-600,false,-0.86
"VNM",132451,"/Date(1700461521000)/",69300,200,1019500,70631000000,-700,true,-1
"VNM",132451,"/Date(1700461520000)/",69300,1300,1019300,70617000000,-700,true,-1
"VNM",132438,"/Date(1700461506000)/",69400,300,1018000,70527000000,-600,false,-0.86
"VNM",132435,"/Date(1700461505000)/",69400,9700,1017700,70506000000,-600,true,-0.86
"VNM",132435,"/Date(1700461505000)/",69400,100,1008000,69833000000,-600,true,-0.86
"VNM",132435,"/Date(1700461505000)/",69400,200,1007900,69826000000,-600,true,-0.86
"VNM",132415,"/Date(1700461486000)/",69500,100,1007700,69812000000,-500,false,-0.71
"VNM",132412,"/Date(1700461481000)/",69500,200,1007600,69805000000,-500,false,-0.71
"VNM",132412,"/Date(1700461481000)/",69500,2800,1007400,69791000000,-500,false,-0.71
"VNM",132402,"/Date(1700461472000)/",69400,100,1004600,69597000000,-600,true,-0.86
"VNM",132402,"/Date(1700461471000)/",69400,900,1004500,69590000000,-600,true,-0.86
"VNM",132311,"/Date(1700461422000)/",69500,2200,1003600,69527000000,-500,false,-0.71
"VNM",132311,"/Date(1700461422000)/",69500,100,1001400,69375000000,-500,false,-0.71
"VNM",132311,"/Date(1700461422000)/",69500,1900,1001300,69368000000,-500,false,-0.71
"VNM",132311,"/Date(1700461420000)/",69500,300,999400,69236000000,-500,false,-0.71
"VNM",132246,"/Date(1700461396000)/",69400,100,999100,69215000000,-600,true,-0.86
"VNM",132246,"/Date(1700461394000)/",69400,100,999000,69208000000,-600,true,-0.86
"VNM",132246,"/Date(1700461394000)/",69400,600,998900,69201000000,-600,true,-0.86
"VNM",132230,"/Date(1700461380000)/",69400,100,998300,69159000000,-600,false,-0.86
"VNM",132210,"/Date(1700461359000)/",69400,100,998200,69152000000,-600,false,-0.86
"VNM",132201,"/Date(1700461350000)/",69400,200,998100,69145000000,-600,false,-0.86
"VNM",132050,"/Date(1700461279000)/",69500,800,997900,69131000000,-500,false,-0.71
"VNM",132041,"/Date(1700461270000)/",69500,100,997100,69076000000,-500,true,-0.71
"VNM",132041,"/Date(1700461269000)/",69500,300,997000,69069000000,-500,true,-0.71
"VNM",132041,"/Date(1700461269000)/",69500,100,996700,69048000000,-500,true,-0.71
"VNM",132041,"/Date(1700461269000)/",69500,500,996600,69041000000,-500,true,-0.71
"VNM",132041,"/Date(1700461269000)/",69500,300,996100,69006000000,-500,true,-0.71
"VNM",132041,"/Date(1700461269000)/",69500,500,995800,68985000000,-500,true,-0.71
"VNM",132041,"/Date(1700461269000)/",69400,100,995300,68951000000,-600,false,-0.86
"VNM",132041,"/Date(1700461269000)/",69400,1300,995200,68944000000,-600,false,-0.86
"VNM",132031,"/Date(1700461262000)/",69400,100,993900,68854000000,-600,true,-0.86
"VNM",132031,"/Date(1700461262000)/",69400,100,993800,68847000000,-600,true,-0.86
"VNM",132031,"/Date(1700461262000)/",69400,500,993700,68840000000,-600,true,-0.86
"VNM",132009,"/Date(1700461237000)/",69500,200,993200,68805000000,-500,false,-0.71
"VNM",132002,"/Date(1700461233000)/",69500,200,993000,68791000000,-500,false,-0.71
"VNM",131946,"/Date(1700461215000)/",69500,1000,992800,68777000000,-500,false,-0.71
"VNM",131924,"/Date(1700461193000)/",69500,100,991800,68708000000,-500,false,-0.71
"VNM",131924,"/Date(1700461193000)/",69500,300,991700,68701000000,-500,false,-0.71
"VNM",131921,"/Date(1700461189000)/",69500,500,991400,68680000000,-500,false,-0.71
"VNM",131914,"/Date(1700461183000)/",69500,200,990900,68645000000,-500,false,-0.71
"VNM",131852,"/Date(1700461161000)/",69500,200,990700,68631000000,-500,true,-0.71
"VNM",131852,"/Date(1700461161000)/",69500,1500,990500,68617000000,-500,true,-0.71
"VNM",131852,"/Date(1700461161000)/",69500,300,989000,68513000000,-500,true,-0.71
"VNM",131839,"/Date(1700461149000)/",69500,100,988700,68492000000,-500,true,-0.71
"VNM",131839,"/Date(1700461148000)/",69500,600,988600,68485000000,-500,true,-0.71
"VNM",131839,"/Date(1700461148000)/",69500,200,988000,68444000000,-500,true,-0.71
"VNM",131839,"/Date(1700461148000)/",69500,200,987800,68430000000,-500,true,-0.71
"VNM",131807,"/Date(1700461115000)/",69500,400,987600,68416000000,-500,true,-0.71
"VNM",131804,"/Date(1700461115000)/",69500,2400,987200,68388000000,-500,true,-0.71
"VNM",131804,"/Date(1700461115000)/",69500,100,984800,68221000000,-500,true,-0.71
"VNM",131804,"/Date(1700461115000)/",69500,100,984700,68214000000,-500,true,-0.71
"VNM",131804,"/Date(1700461115000)/",69500,300,984600,68207000000,-500,true,-0.71
"VNM",131804,"/Date(1700461115000)/",69500,100,984300,68186000000,-500,true,-0.71
"VNM",131758,"/Date(1700461108000)/",69600,300,984200,68179000000,-400,false,-0.57
"VNM",131758,"/Date(1700461108000)/",69600,200,983900,68159000000,-400,false,-0.57
"VNM",131748,"/Date(1700461096000)/",69600,100,983700,68145000000,-400,false,-0.57
"VNM",131729,"/Date(1700461079000)/",69600,400,983600,68138000000,-400,false,-0.57
"VNM",131729,"/Date(1700461078000)/",69600,200,983200,68110000000,-400,false,-0.57
"VNM",131713,"/Date(1700461063000)/",69600,100,983000,68096000000,-400,false,-0.57
"VNM",131713,"/Date(1700461063000)/",69600,100,982900,68089000000,-400,false,-0.57
"VNM",131713,"/Date(1700461061000)/",69600,500,982800,68082000000,-400,false,-0.57
"VNM",131619,"/Date(1700461007000)/",69600,200,982300,68047000000,-400,false,-0.57
"VNM",131606,"/Date(1700460994000)/",69600,400,982100,68033000000,-400,false,-0.57
"VNM",131518,"/Date(1700460947000)/",69600,100,981700,68005000000,-400,false,-0.57
"VNM",131449,"/Date(1700460918000)/",69600,500,981600,67999000000,-400,false,-0.57
"VNM",131449,"/Date(1700460918000)/",69500,100,981100,67964000000,-500,true,-0.71
"VNM",131414,"/Date(1700460883000)/",69600,100,981000,67957000000,-400,false,-0.57
"VNM",131414,"/Date(1700460883000)/",69600,1300,980900,67950000000,-400,false,-0.57
"VNM",131414,"/Date(1700460882000)/",69500,500,979600,67859000000,-500,false,-0.71
"VNM",131414,"/Date(1700460882000)/",69500,200,979100,67825000000,-500,false,-0.71
"VNM",131411,"/Date(1700460878000)/",69600,200,978900,67811000000,-400,false,-0.57
"VNM",131411,"/Date(1700460878000)/",69600,100,978700,67797000000,-400,false,-0.57
"VNM",131411,"/Date(1700460878000)/",69600,100,978600,67790000000,-400,false,-0.57
"VNM",131411,"/Date(1700460878000)/",69600,300,978500,67783000000,-400,false,-0.57
"VNM",131411,"/Date(1700460878000)/",69600,3100,978200,67762000000,-400,false,-0.57
"VNM",131411,"/Date(1700460878000)/",69500,200,975100,67546000000,-500,false,-0.71
"VNM",131411,"/Date(1700460878000)/",69500,200,974900,67532000000,-500,false,-0.71
"VNM",131408,"/Date(1700460877000)/",69500,1400,974700,67518000000,-500,false,-0.71
"VNM",131404,"/Date(1700460872000)/",69500,1400,973300,67421000000,-500,false,-0.71
"VNM",131342,"/Date(1700460852000)/",69500,100,971900,67324000000,-500,false,-0.71
"VNM",131342,"/Date(1700460852000)/",69500,200,971800,67317000000,-500,false,-0.71
"VNM",131342,"/Date(1700460851000)/",69500,400,971600,67303000000,-500,false,-0.71
"VNM",131342,"/Date(1700460851000)/",69500,200,971200,67275000000,-500,false,-0.71
"VNM",131342,"/Date(1700460851000)/",69500,800,971000,67261000000,-500,false,-0.71
"VNM",131339,"/Date(1700460849000)/",69500,4200,970200,67206000000,-500,false,-0.71
"VNM",131336,"/Date(1700460845000)/",69500,100,966000,66914000000,-500,false,-0.71
"VNM",131336,"/Date(1700460845000)/",69500,100,965900,66907000000,-500,false,-0.71
"VNM",131336,"/Date(1700460845000)/",69500,100,965800,66900000000,-500,false,-0.71
"VNM",131336,"/Date(1700460845000)/",69500,1100,965700,66893000000,-500,false,-0.71
"VNM",131317,"/Date(1700460827000)/",69500,900,964600,66816000000,-500,false,-0.71
"VNM",131317,"/Date(1700460827000)/",69500,300,963700,66754000000,-500,false,-0.71
"VNM",131310,"/Date(1700460819000)/",69400,200,963400,66733000000,-600,false,-0.86
"VNM",131310,"/Date(1700460819000)/",69400,200,963200,66719000000,-600,false,-0.86
"VNM",131310,"/Date(1700460819000)/",69400,200,963000,66705000000,-600,false,-0.86
"VNM",131310,"/Date(1700460819000)/",69400,100,962800,66691000000,-600,false,-0.86
"VNM",131310,"/Date(1700460819000)/",69400,100,962700,66684000000,-600,false,-0.86
"VNM",131310,"/Date(1700460819000)/",69400,800,962600,66678000000,-600,false,-0.86
"VNM",131310,"/Date(1700460818000)/",69400,1400,961800,66622000000,-600,false,-0.86
"VNM",131301,"/Date(1700460810000)/",69400,800,960400,66525000000,-600,false,-0.86
"VNM",131301,"/Date(1700460810000)/",69400,100,959600,66469000000,-600,false,-0.86
"VNM",131301,"/Date(1700460810000)/",69400,500,959500,66462000000,-600,false,-0.86
"VNM",131232,"/Date(1700460781000)/",69300,100,959000,66428000000,-700,true,-1
"VNM",131225,"/Date(1700460776000)/",69400,100,958900,66421000000,-600,false,-0.86
"VNM",131216,"/Date(1700460764000)/",69400,200,958800,66414000000,-600,false,-0.86
"VNM",131209,"/Date(1700460757000)/",69400,100,958600,66400000000,-600,false,-0.86
"VNM",131203,"/Date(1700460752000)/",69400,200,958500,66393000000,-600,false,-0.86
"VNM",131157,"/Date(1700460745000)/",69400,800,958300,66379000000,-600,true,-0.86
"VNM",131157,"/Date(1700460744000)/",69400,600,957500,66324000000,-600,true,-0.86
"VNM",131157,"/Date(1700460744000)/",69400,4200,956900,66282000000,-600,true,-0.86
"VNM",131157,"/Date(1700460744000)/",69400,300,952700,65990000000,-600,true,-0.86
"VNM",131157,"/Date(1700460744000)/",69400,2500,952400,65970000000,-600,true,-0.86
"VNM",131157,"/Date(1700460744000)/",69400,3000,949900,65796000000,-600,true,-0.86
"VNM",131157,"/Date(1700460744000)/",69400,100,946900,65588000000,-600,true,-0.86
"VNM",131157,"/Date(1700460744000)/",69400,100,946800,65581000000,-600,true,-0.86
"VNM",131157,"/Date(1700460744000)/",69400,100,946700,65574000000,-600,true,-0.86
"VNM",131157,"/Date(1700460744000)/",69400,1100,946600,65567000000,-600,true,-0.86
"VNM",131153,"/Date(1700460743000)/",69500,200,945500,65491000000,-500,false,-0.71
"VNM",131118,"/Date(1700460707000)/",69400,100,945300,65477000000,-600,true,-0.86
"VNM",131059,"/Date(1700460687000)/",69400,400,945200,65470000000,-600,true,-0.86
"VNM",131056,"/Date(1700460686000)/",69400,1500,944800,65442000000,-600,false,-0.86
"VNM",131056,"/Date(1700460686000)/",69400,100,943300,65338000000,-600,false,-0.86
"VNM",131056,"/Date(1700460686000)/",69400,100,943200,65331000000,-600,false,-0.86
"VNM",131056,"/Date(1700460686000)/",69400,900,943100,65324000000,-600,false,-0.86
"VNM",131053,"/Date(1700460682000)/",69400,100,942200,65262000000,-600,false,-0.86
"VNM",131049,"/Date(1700460678000)/",69400,100,942100,65255000000,-600,false,-0.86
"VNM",131043,"/Date(1700460670000)/",69400,100,942000,65248000000,-600,false,-0.86
"VNM",131027,"/Date(1700460655000)/",69400,100,941900,65241000000,-600,false,-0.86
"VNM",131004,"/Date(1700460634000)/",69400,1000,941800,65234000000,-600,false,-0.86
"VNM",130952,"/Date(1700460621000)/",69400,100,940800,65165000000,-600,false,-0.86
"VNM",130952,"/Date(1700460621000)/",69300,600,940700,65158000000,-700,true,-1
"VNM",130942,"/Date(1700460611000)/",69400,500,940100,65116000000,-600,false,-0.86
"VNM",130939,"/Date(1700460606000)/",69400,100,939600,65081000000,-600,true,-0.86
"VNM",130926,"/Date(1700460596000)/",69400,200,939500,65074000000,-600,false,-0.86
"VNM",130926,"/Date(1700460596000)/",69400,200,939300,65061000000,-600,false,-0.86
"VNM",130913,"/Date(1700460582000)/",69400,100,939100,65047000000,-600,false,-0.86
"VNM",130851,"/Date(1700460558000)/",69400,1400,939000,65040000000,-600,false,-0.86
"VNM",130851,"/Date(1700460558000)/",69400,200,937600,64943000000,-600,false,-0.86
"VNM",130841,"/Date(1700460550000)/",69400,500,937400,64929000000,-600,false,-0.86
"VNM",130841,"/Date(1700460549000)/",69400,200,936900,64894000000,-600,false,-0.86
"VNM",130825,"/Date(1700460535000)/",69400,100,936700,64880000000,-600,false,-0.86
"VNM",130822,"/Date(1700460529000)/",69400,100,936600,64873000000,-600,true,-0.86
"VNM",130822,"/Date(1700460529000)/",69400,100,936500,64866000000,-600,true,-0.86
"VNM",130822,"/Date(1700460529000)/",69400,3000,936400,64859000000,-600,true,-0.86
"VNM",130822,"/Date(1700460529000)/",69400,1000,933400,64651000000,-600,true,-0.86
"VNM",130822,"/Date(1700460529000)/",69400,500,932400,64582000000,-600,true,-0.86
"VNM",130822,"/Date(1700460529000)/",69400,100,931900,64547000000,-600,true,-0.86
"VNM",130822,"/Date(1700460529000)/",69400,100,931800,64540000000,-600,true,-0.86
"VNM",130822,"/Date(1700460529000)/",69400,3200,931700,64533000000,-600,true,-0.86
"VNM",130822,"/Date(1700460529000)/",69400,200,928500,64311000000,-600,true,-0.86
"VNM",130822,"/Date(1700460529000)/",69400,100,928300,64297000000,-600,true,-0.86
"VNM",130822,"/Date(1700460529000)/",69400,300,928200,64290000000,-600,true,-0.86
"VNM",130822,"/Date(1700460529000)/",69400,100,927900,64269000000,-600,true,-0.86
"VNM",130822,"/Date(1700460529000)/",69400,500,927800,64262000000,-600,true,-0.86
"VNM",130822,"/Date(1700460529000)/",69400,1500,927300,64228000000,-600,true,-0.86
"VNM",130803,"/Date(1700460512000)/",69500,200,925800,64124000000,-500,true,-0.71
"VNM",130803,"/Date(1700460512000)/",69500,3000,925600,64110000000,-500,true,-0.71
"VNM",130731,"/Date(1700460479000)/",69600,300,922600,63901000000,-400,false,-0.57
"VNM",130731,"/Date(1700460479000)/",69400,500,922300,63880000000,-600,true,-0.86
"VNM",130715,"/Date(1700460464000)/",69500,100,921800,63846000000,-500,true,-0.71
"VNM",130656,"/Date(1700460442000)/",69400,100,921700,63839000000,-600,true,-0.86
"VNM",130652,"/Date(1700460441000)/",69400,800,921600,63832000000,-600,true,-0.86
"VNM",130640,"/Date(1700460428000)/",69500,100,920800,63776000000,-500,false,-0.71
"VNM",130617,"/Date(1700460405000)/",69500,100,920700,63769000000,-500,false,-0.71
"VNM",130614,"/Date(1700460402000)/",69600,400,920600,63762000000,-400,false,-0.57
"VNM",130601,"/Date(1700460391000)/",69600,1200,920200,63735000000,-400,false,-0.57
"VNM",130601,"/Date(1700460391000)/",69600,100,919000,63651000000,-400,false,-0.57
"VNM",130601,"/Date(1700460391000)/",69600,100,918900,63644000000,-400,false,-0.57
"VNM",130601,"/Date(1700460391000)/",69600,200,918800,63637000000,-400,false,-0.57
"VNM",130523,"/Date(1700460351000)/",69600,200,918600,63623000000,-400,false,-0.57
"VNM",130523,"/Date(1700460351000)/",69600,400,918400,63609000000,-400,false,-0.57
"VNM",130523,"/Date(1700460350000)/",69600,100,918000,63581000000,-400,false,-0.57
"VNM",130523,"/Date(1700460350000)/",69600,1500,917900,63574000000,-400,false,-0.57
"VNM",130523,"/Date(1700460350000)/",69600,3400,916400,63470000000,-400,false,-0.57
"VNM",130513,"/Date(1700460342000)/",69700,9100,913000,63233000000,-300,false,-0.43
"VNM",130504,"/Date(1700460331000)/",69700,500,903900,62599000000,-300,false,-0.43
"VNM",130504,"/Date(1700460330000)/",69700,100,903400,62564000000,-300,false,-0.43
"VNM",130504,"/Date(1700460330000)/",69700,3300,903300,62557000000,-300,false,-0.43
"VNM",130441,"/Date(1700460309000)/",69700,1100,900000,62327000000,-300,false,-0.43
"VNM",130419,"/Date(1700460288000)/",69700,400,898900,62251000000,-300,false,-0.43
"VNM",130419,"/Date(1700460287000)/",69700,200,898500,62223000000,-300,false,-0.43
"VNM",130413,"/Date(1700460281000)/",69800,200,898300,62209000000,-200,false,-0.29
"VNM",130409,"/Date(1700460277000)/",69800,100,898100,62195000000,-200,false,-0.29
"VNM",130350,"/Date(1700460257000)/",69800,4200,898000,62188000000,-200,false,-0.29
"VNM",130328,"/Date(1700460236000)/",69800,1400,893800,61895000000,-200,false,-0.29
"VNM",130325,"/Date(1700460234000)/",69600,100,892400,61797000000,-400,false,-0.57
"VNM",130325,"/Date(1700460232000)/",69500,500,892300,61790000000,-500,false,-0.71
"VNM",130325,"/Date(1700460232000)/",69500,200,891800,61755000000,-500,false,-0.71
"VNM",130321,"/Date(1700460229000)/",69500,500,891600,61741000000,-500,true,-0.71
"VNM",130321,"/Date(1700460229000)/",69500,300,891100,61707000000,-500,true,-0.71
"VNM",130321,"/Date(1700460229000)/",69500,100,890800,61686000000,-500,true,-0.71
"VNM",130321,"/Date(1700460229000)/",69500,500,890700,61679000000,-500,true,-0.71
"VNM",130321,"/Date(1700460229000)/",69500,500,890200,61644000000,-500,true,-0.71
"VNM",130321,"/Date(1700460229000)/",69500,100,889700,61609000000,-500,true,-0.71
"VNM",130321,"/Date(1700460229000)/",69500,100,889600,61602000000,-500,true,-0.71
"VNM",130321,"/Date(1700460229000)/",69500,300,889500,61595000000,-500,true,-0.71
"VNM",130321,"/Date(1700460229000)/",69500,500,889200,61575000000,-500,true,-0.71
"VNM",130321,"/Date(1700460229000)/",69500,400,888700,61540000000,-500,true,-0.71
"VNM",130321,"/Date(1700460229000)/",69500,100,888300,61512000000,-500,true,-0.71
"VNM",130321,"/Date(1700460229000)/",69500,100,888200,61505000000,-500,true,-0.71
"VNM",130318,"/Date(1700460225000)/",69800,700,888100,61498000000,-200,false,-0.29
"VNM",130318,"/Date(1700460225000)/",69800,100,887400,61449000000,-200,false,-0.29
"VNM",130318,"/Date(1700460225000)/",69800,100,887300,61442000000,-200,false,-0.29
"VNM",130318,"/Date(1700460225000)/",69800,200,887200,61435000000,-200,false,-0.29
"VNM",130318,"/Date(1700460225000)/",69800,200,887000,61421000000,-200,false,-0.29
"VNM",130318,"/Date(1700460225000)/",69800,1000,886800,61407000000,-200,false,-0.29
"VNM",130318,"/Date(1700460225000)/",69800,400,885800,61338000000,-200,false,-0.29
"VNM",130318,"/Date(1700460225000)/",69600,600,885400,61310000000,-400,false,-0.57
"VNM",130318,"/Date(1700460225000)/",69600,600,884800,61268000000,-400,false,-0.57
"VNM",130318,"/Date(1700460225000)/",69600,200,884200,61226000000,-400,false,-0.57
"VNM",130318,"/Date(1700460225000)/",69600,100,884000,61212000000,-400,false,-0.57
"VNM",130311,"/Date(1700460220000)/",69600,4200,883900,61205000000,-400,false,-0.57
"VNM",130311,"/Date(1700460220000)/",69600,1400,879700,60913000000,-400,false,-0.57
"VNM",130311,"/Date(1700460219000)/",69600,2700,878300,60816000000,-400,false,-0.57
"VNM",130308,"/Date(1700460214000)/",69600,1400,875600,60628000000,-400,false,-0.57
"VNM",130255,"/Date(1700460204000)/",69600,200,874200,60530000000,-400,false,-0.57
"VNM",130255,"/Date(1700460202000)/",69800,100,874000,60516000000,-200,false,-0.29
"VNM",130255,"/Date(1700460202000)/",69800,200,873900,60509000000,-200,false,-0.29
"VNM",130255,"/Date(1700460202000)/",69800,600,873700,60495000000,-200,false,-0.29
"VNM",130255,"/Date(1700460202000)/",69800,100,873100,60453000000,-200,false,-0.29
"VNM",130255,"/Date(1700460202000)/",69700,100,873000,60446000000,-300,false,-0.43
"VNM",130255,"/Date(1700460202000)/",69700,200,872900,60439000000,-300,false,-0.43
"VNM",130255,"/Date(1700460202000)/",69700,100,872700,60426000000,-300,false,-0.43
"VNM",130249,"/Date(1700460196000)/",69700,100,872600,60419000000,-300,false,-0.43
"VNM",130249,"/Date(1700460196000)/",69700,200,872500,60412000000,-300,false,-0.43
"VNM",130249,"/Date(1700460196000)/",69700,500,872300,60398000000,-300,false,-0.43
"VNM",130249,"/Date(1700460196000)/",69700,100,871800,60363000000,-300,false,-0.43
"VNM",130249,"/Date(1700460196000)/",69700,200,871700,60356000000,-300,false,-0.43
"VNM",130249,"/Date(1700460196000)/",69700,200,871500,60342000000,-300,false,-0.43
"VNM",130249,"/Date(1700460196000)/",69700,100,871300,60328000000,-300,false,-0.43
"VNM",130243,"/Date(1700460189000)/",69700,100,871200,60321000000,-300,false,-0.43
"VNM",130243,"/Date(1700460189000)/",69700,600,871100,60314000000,-300,false,-0.43
"VNM",130243,"/Date(1700460189000)/",69700,200,870500,60272000000,-300,false,-0.43
"VNM",130243,"/Date(1700460189000)/",69700,500,870300,60258000000,-300,false,-0.43
"VNM",130236,"/Date(1700460183000)/",69700,1400,869800,60223000000,-300,false,-0.43
"VNM",130230,"/Date(1700460176000)/",69700,200,868400,60126000000,-300,false,-0.43
"VNM",130230,"/Date(1700460176000)/",69600,200,868200,60112000000,-400,false,-0.57
"VNM",130230,"/Date(1700460176000)/",69600,1000,868000,60098000000,-400,false,-0.57
"VNM",130227,"/Date(1700460173000)/",69600,300,867000,60028000000,-400,false,-0.57
"VNM",130227,"/Date(1700460173000)/",69600,200,866700,60007000000,-400,false,-0.57
"VNM",130227,"/Date(1700460173000)/",69600,1400,866500,59994000000,-400,false,-0.57
"VNM",130223,"/Date(1700460171000)/",69600,4200,865100,59896000000,-400,false,-0.57
"VNM",130223,"/Date(1700460171000)/",69600,1000,860900,59604000000,-400,false,-0.57
"VNM",130223,"/Date(1700460171000)/",69600,3200,859900,59534000000,-400,false,-0.57
"VNM",130214,"/Date(1700460161000)/",69700,1400,856700,59311000000,-300,false,-0.43
"VNM",130158,"/Date(1700460144000)/",69700,1400,855300,59214000000,-300,false,-0.43
"VNM",130155,"/Date(1700460144000)/",69700,4000,853900,59116000000,-300,false,-0.43
"VNM",130148,"/Date(1700460136000)/",69700,1400,849900,58838000000,-300,false,-0.43
"VNM",130132,"/Date(1700460119000)/",69600,500,848500,58740000000,-400,true,-0.57
"VNM",130126,"/Date(1700460114000)/",69600,400,848000,58705000000,-400,false,-0.57
"VNM",130126,"/Date(1700460114000)/",69600,600,847600,58677000000,-400,false,-0.57
"VNM",130126,"/Date(1700460114000)/",69600,200,847000,58636000000,-400,false,-0.57
"VNM",130126,"/Date(1700460114000)/",69600,700,846800,58622000000,-400,false,-0.57
"VNM",130126,"/Date(1700460114000)/",69600,1400,846100,58573000000,-400,false,-0.57
"VNM",130116,"/Date(1700460105000)/",69600,3600,844700,58475000000,-400,false,-0.57
"VNM",130116,"/Date(1700460105000)/",69600,600,841100,58225000000,-400,false,-0.57
"VNM",130116,"/Date(1700460104000)/",69600,1400,840500,58183000000,-400,false,-0.57
"VNM",130057,"/Date(1700460084000)/",69600,200,839100,58086000000,-400,false,-0.57
"VNM",130041,"/Date(1700460068000)/",69600,1400,838900,58072000000,-400,true,-0.57
"VNM",130041,"/Date(1700460068000)/",69600,2000,837500,57974000000,-400,true,-0.57
"VNM",130041,"/Date(1700460068000)/",69600,100,835500,57835000000,-400,true,-0.57
"VNM",130041,"/Date(1700460068000)/",69600,1000,835400,57828000000,-400,true,-0.57
"VNM",130041,"/Date(1700460068000)/",69600,300,834400,57759000000,-400,true,-0.57
"VNM",130028,"/Date(1700460055000)/",69700,100,834100,57738000000,-300,false,-0.43
"VNM",130025,"/Date(1700460054000)/",69600,300,834000,57731000000,-400,true,-0.57
"VNM",130025,"/Date(1700460054000)/",69600,900,833700,57710000000,-400,true,-0.57
"VNM",130025,"/Date(1700460054000)/",69600,1000,832800,57647000000,-400,true,-0.57
"VNM",130025,"/Date(1700460054000)/",69600,100,831800,57578000000,-400,true,-0.57
"VNM",130022,"/Date(1700460028000)/",69700,100,831700,57571000000,-300,false,-0.43
"VNM",130019,"/Date(1700460023000)/",69800,200,831600,57564000000,-200,false,-0.29
"VNM",130019,"/Date(1700460022000)/",69800,200,831400,57550000000,-200,false,-0.29
"VNM",130019,"/Date(1700460022000)/",69800,100,831200,57536000000,-200,false,-0.29
"VNM",130019,"/Date(1700460018000)/",69800,700,831100,57529000000,-200,false,-0.29
"VNM",130019,"/Date(1700460018000)/",69800,100,830400,57480000000,-200,false,-0.29
"VNM",130012,"/Date(1700460009000)/",69800,100,830300,57473000000,-200,false,-0.29
"VNM",130012,"/Date(1700460009000)/",69700,400,830200,57466000000,-300,false,-0.43
"VNM",130012,"/Date(1700460008000)/",69800,500,829800,57438000000,-200,false,-0.29
"VNM",130012,"/Date(1700460007000)/",69800,200,829300,57403000000,-200,false,-0.29
"VNM",130009,"/Date(1700460006000)/",69700,100,829100,57389000000,-300,false,-0.43
"VNM",130009,"/Date(1700460006000)/",69800,100,829000,57382000000,-200,false,-0.29
"VNM",130009,"/Date(1700460005000)/",69800,200,828900,57375000000,-200,false,-0.29
"VNM",130009,"/Date(1700460005000)/",69800,500,828700,57361000000,-200,false,-0.29
"VNM",130003,"/Date(1700460004000)/",69800,100,828200,57326000000,-200,false,-0.29
"VNM",112923,"/Date(1700454581000)/",69800,1400,828100,57319000000,-200,false,-0.29
"VNM",112920,"/Date(1700454580000)/",69800,1400,826700,57222000000,-200,false,-0.29
"VNM",112920,"/Date(1700454580000)/",69800,100,825300,57124000000,-200,false,-0.29
"VNM",112920,"/Date(1700454580000)/",69800,200,825200,57117000000,-200,false,-0.29
"VNM",112920,"/Date(1700454580000)/",69800,800,825000,57103000000,-200,false,-0.29
"VNM",112920,"/Date(1700454580000)/",69700,100,824200,57047000000,-300,false,-0.43
"VNM",112920,"/Date(1700454580000)/",69700,500,824100,57040000000,-300,false,-0.43
"VNM",112920,"/Date(1700454580000)/",69700,200,823600,57005000000,-300,false,-0.43
"VNM",112920,"/Date(1700454580000)/",69700,200,823400,56991000000,-300,false,-0.43
"VNM",112920,"/Date(1700454580000)/",69700,200,823200,56978000000,-300,false,-0.43
"VNM",112920,"/Date(1700454580000)/",69700,200,823000,56964000000,-300,false,-0.43
"VNM",112900,"/Date(1700454560000)/",69500,300,822800,56950000000,-500,false,-0.71
"VNM",112857,"/Date(1700454556000)/",69500,100,822500,56929000000,-500,false,-0.71
"VNM",112854,"/Date(1700454553000)/",69500,100,822400,56922000000,-500,false,-0.71
"VNM",112854,"/Date(1700454553000)/",69500,100,822300,56915000000,-500,false,-0.71
"VNM",112851,"/Date(1700454550000)/",69500,100,822200,56908000000,-500,false,-0.71
"VNM",112848,"/Date(1700454547000)/",69500,100,822100,56901000000,-500,false,-0.71
