"price","change","match_qtty","side","time","total_vol"
9.04,0.01,37200,"","14:45:00",1887000
8.91,-0.12,5100,"sd","14:22:12",1747500
8.92,-0.11,1400,"sd","14:22:12",1742400
8.92,-0.11,300,"sd","14:21:54",1741000
8.93,-0.1,3800,"sd","14:16:02",1714700
8.94,-0.09,6000,"sd","14:16:02",1710900
8.95,-0.08,200,"sd","14:16:02",1704900
9,-0.03,1400,"bu","14:13:19",1690200
9.02,-0.01,300,"bu","14:12:36",1644100
9.01,-0.02,100,"sd","14:11:10",1634800
9.02,-0.01,500,"bu","14:12:13",1643300
9.02,-0.01,3000,"bu","14:11:30",1637900
9,-0.03,7300,"sd","14:12:52",1652600
9.01,-0.02,1200,"sd","14:12:52",1645300
9.02,-0.01,500,"bu","14:12:30",1643800
9.02,-0.01,1000,"sd","14:12:07",1642800
9.02,-0.01,1000,"bu","14:11:47",1641500
9.02,-0.01,2000,"bu","14:11:46",1640500
8.95,-0.08,3300,"sd","14:14:33",1701300
8.96,-0.07,500,"sd","14:14:33",1698000
8.97,-0.06,1200,"sd","14:14:33",1697500
8.98,-0.05,500,"sd","14:14:33",1696300
8.98,-0.05,500,"sd","14:14:33",1695800
9,-0.03,5000,"bu","14:13:40",1695300
9,-0.03,100,"bu","14:13:39",1690300
9.01,-0.02,100,"sd","14:11:24",1634900
8.94,-0.09,400,"sd","14:15:20",1704700
9,-0.03,500,"bu","14:13:07",1688800
9.02,-0.01,200,"bu","14:12:00",1641800
8.94,-0.09,900,"sd","14:14:46",1704300
9.02,-0.01,600,"bu","14:11:37",1638500
9.05,0.02,200,"sd","14:29:48",1849700
9.05,0.02,100,"sd","14:29:45",1849500
9.05,0.02,2300,"bu","14:29:15",1847000
8.94,-0.09,200,"bu","14:16:15",1715200
8.94,-0.09,300,"bu","14:16:13",1715000
9.06,0.03,200,"bu","14:29:23",1847200
9.05,0.02,200,"sd","14:29:41",1849400
9.05,0.02,2000,"sd","14:29:30",1849200
8.95,-0.08,2100,"sd","14:14:46",1703400
9,-0.03,35700,"sd","14:13:00",1688300
9.02,-0.01,100,"bu","14:11:53",1641600
9.01,-0.02,100,"sd","14:10:50",1634700
9,-0.03,500,"bu","14:06:13",1608700
8.97,-0.06,100,"bu","14:04:35",1593900
9,-0.03,2100,"bu","14:06:37",1613200
8.99,-0.04,400,"bu","14:06:03",1608200
8.97,-0.06,7100,"bu","14:04:58",1601000
8.98,-0.05,1700,"bu","14:05:54",1604500
8.99,-0.04,3300,"bu","14:05:54",1607800
9,-0.03,2400,"bu","14:06:19",1611100
8.99,-0.04,1000,"bu","14:26:08",1753500
9.02,-0.01,1000,"bu","14:28:14",1807500
9.03,0,100,"bu","14:28:36",1809600
8.92,-0.11,1000,"sd","13:35:26",1437700
9.02,-0.01,5000,"bu","14:28:05",1806500
9.02,-0.01,2600,"bu","14:28:04",1801500
9.03,0,1600,"bu","14:28:29",1809500
9.02,-0.01,400,"bu","14:28:29",1807900
9.03,0,10000,"bu","14:28:46",1819600
9.02,-0.01,6000,"bu","14:27:56",1798900
8.95,-0.08,1000,"bu","13:54:58",1542400
8.95,-0.08,400,"sd","14:04:07",1593800
8.93,-0.1,200,"bu","14:02:38",1580300
8.93,-0.1,500,"bu","14:02:35",1580100
8.93,-0.1,100,"sd","14:01:35",1577400
8.93,-0.1,5000,"sd","14:01:33",1577300
8.96,-0.07,100,"bu","14:03:55",1593400
8.95,-0.08,10900,"bu","14:03:52",1593300
8.95,-0.08,2000,"bu","14:03:50",1582400
8.93,-0.1,1000,"bu","14:02:22",1579600
8.93,-0.1,200,"sd","14:02:08",1578600
8.95,-0.08,100,"bu","14:03:41",1580400
8.93,-0.1,1000,"sd","14:02:04",1578400
9.02,-0.01,1000,"bu","14:08:29",1624500
8.96,-0.07,20000,"sd","13:39:29",1471700
8.97,-0.06,1800,"bu","14:05:02",1602800
9,-0.03,1000,"sd","14:09:01",1634600
8.91,-0.12,300,"bu","13:18:25",1242000
8.91,-0.12,100,"bu","13:17:43",1240700
8.91,-0.12,500,"sd","13:18:16",1241700
9.02,-0.01,1500,"bu","14:08:50",1633600
9.01,-0.02,1000,"bu","14:07:43",1617700
8.98,-0.05,1000,"sd","13:42:56",1488400
8.95,-0.08,300,"bu","13:37:49",1440200
8.92,-0.11,2000,"bu","13:16:03",1234700
8.91,-0.12,100,"bu","13:17:26",1240600
8.91,-0.12,600,"sd","13:15:18",1232700
8.93,-0.1,400,"sd","13:59:02",1570100
8.94,-0.09,100,"sd","13:59:02",1569700
9.01,-0.02,1300,"bu","14:08:07",1619800
9.02,-0.01,3700,"bu","14:08:07",1623500
9,-0.03,7300,"sd","14:08:39",1632100
9.01,-0.02,700,"bu","14:08:04",1618500
9.02,-0.01,300,"bu","14:08:35",1624800
8.95,-0.08,100,"sd","13:37:35",1439900
9.01,-0.02,3000,"bu","14:07:30",1616700
8.96,-0.07,100,"bu","13:36:54",1439800
8.95,-0.08,1900,"bu","13:36:54",1439700
9.01,-0.02,100,"bu","14:07:57",1617800
9.01,-0.02,500,"bu","14:07:26",1613700
8.91,-0.12,500,"bu","13:17:52",1241200
8.93,-0.1,300,"bu","13:06:11",1215000
8.87,-0.16,12300,"bu","11:18:43",1145100
8.88,-0.15,500,"sd","11:21:13",1150600
8.92,-0.11,1000,"bu","13:08:56",1217800
8.87,-0.16,3800,"bu","11:18:38",1132800
8.89,-0.14,5000,"sd","11:28:00",1182300
8.92,-0.11,500,"sd","13:06:20",1215500
8.9,-0.13,1100,"sd","11:27:52",1177300
8.87,-0.16,200,"bu","11:17:48",1129000
8.95,-0.08,44800,"bu","13:24:34",1303000
8.94,-0.09,200,"bu","13:24:34",1258200
8.95,-0.08,4500,"bu","13:26:55",1308500
8.95,-0.08,1000,"bu","13:27:02",1309500
8.95,-0.08,900,"bu","13:26:40",1304000
8.95,-0.08,100,"bu","13:26:39",1303100
8.95,-0.08,500,"bu","13:27:07",1310000
8.89,-0.14,1000,"bu","11:12:33",1043000
8.9,-0.13,100,"bu","11:11:42",1041000
8.88,-0.15,4600,"sd","11:11:41",1040900
8.9,-0.13,4200,"sd","11:10:47",1036300
8.89,-0.14,500,"bu","11:12:51",1049100
8.87,-0.16,200,"bu","11:17:14",1127300
8.87,-0.16,1000,"bu","11:17:11",1127100
8.87,-0.16,1500,"bu","11:17:32",1128800
8.87,-0.16,300,"bu","11:13:40",1052400
8.87,-0.16,3000,"sd","11:13:23",1052100
8.87,-0.16,5600,"sd","11:12:49",1048600
8.87,-0.16,200,"bu","11:15:05",1098300
8.89,-0.14,1000,"bu","11:12:28",1042000
9.01,-0.02,500,"bu","10:34:16",656100
8.92,-0.11,500,"bu","13:17:09",1238200
8.91,-0.12,3000,"sd","13:16:59",1237700
9.01,-0.02,400,"bu","10:33:59",655600
9,-0.03,100,"sd","10:34:46",656200
8.93,-0.1,2000,"sd","10:54:43",846100
8.94,-0.09,1200,"sd","10:53:09",844100
8.91,-0.12,2300,"sd","13:17:10",1240500
8.94,-0.09,2000,"bu","10:53:05",842900
8.95,-0.08,3800,"bu","13:51:42",1535700
8.94,-0.09,1500,"bu","13:49:12",1524700
8.94,-0.09,1000,"bu","13:49:09",1523200
8.95,-0.08,5000,"bu","13:51:36",1531900
8.94,-0.09,1000,"bu","13:49:06",1522200
8.95,-0.08,4800,"bu","13:55:11",1547200
8.99,-0.04,200,"bu","10:25:43",620300
8.94,-0.09,1000,"sd","13:50:50",1526900
8.94,-0.09,3000,"bu","13:48:57",1521200
8.94,-0.09,100,"bu","13:45:14",1506800
8.94,-0.09,10000,"bu","13:47:08",1518200
8.94,-0.09,12900,"sd","13:45:11",1506700
8.96,-0.07,800,"sd","13:45:11",1493800
8.92,-0.11,4500,"sd","13:32:23",1320200
8.93,-0.1,200,"sd","13:32:23",1315700
8.95,-0.08,200,"bu","13:50:34",1525900
8.95,-0.08,1000,"sd","13:50:32",1525700
8.99,-0.04,1600,"bu","13:43:25",1491000
8.98,-0.05,400,"bu","13:43:25",1489400
8.97,-0.06,10000,"sd","10:26:47",630600
8.87,-0.16,500,"bu","11:17:10",1126100
8.99,-0.04,300,"sd","10:26:41",620600
8.98,-0.05,200,"sd","13:43:17",1489000
8.93,-0.1,400,"sd","13:46:25",1508200
8.95,-0.08,200,"bu","13:31:49",1315500
8.9,-0.13,5000,"bu","11:25:06",1156300
8.87,-0.16,2000,"bu","11:16:53",1125600
8.89,-0.14,400,"sd","11:24:01",1151000
8.98,-0.05,400,"sd","13:43:04",1488800
9,-0.03,7800,"bu","10:33:08",655200
8.97,-0.06,1000,"sd","13:43:45",1492000
8.87,-0.16,4000,"bu","11:16:52",1123600
8.95,-0.08,500,"bu","13:31:28",1315300
9,-0.03,2000,"bu","10:30:15",642500
8.95,-0.08,4700,"sd","10:09:30",452700
8.97,-0.06,100,"bu","10:44:52",678200
8.93,-0.1,1000,"sd","13:45:31",1507800
8.95,-0.08,4300,"bu","10:09:21",448000
8.95,-0.08,5600,"sd","10:08:49",443600
8.97,-0.06,1000,"bu","13:45:02",1493000
8.97,-0.06,100,"sd","10:44:25",678100
8.95,-0.08,300,"bu","10:11:27",454900
8.92,-0.11,500,"bu","10:57:25",863200
8.92,-0.11,100,"bu","10:56:45",862300
8.92,-0.11,100,"bu","10:55:25",859000
8.97,-0.06,5000,"sd","10:44:07",678000
8.92,-0.11,1000,"bu","10:55:24",858900
8.92,-0.11,10900,"sd","10:55:23",857900
8.92,-0.11,900,"sd","10:55:23",847000
8.94,-0.09,300,"bu","10:52:14",840900
8.96,-0.07,2000,"sd","10:45:46",680200
8.98,-0.05,500,"sd","13:42:43",1487400
8.97,-0.06,1000,"bu","10:45:49",681200
8.92,-0.11,400,"bu","10:57:19",862700
8.95,-0.08,100,"bu","10:09:07",443700
9.02,-0.01,1000,"bu","09:42:36",264700
9,-0.03,40000,"sd","09:43:43",313900
9.02,-0.01,5000,"bu","09:42:28",263700
9.02,-0.01,300,"sd","09:55:32",357300
9.01,-0.02,200,"sd","09:43:26",273900
9.01,-0.02,5000,"sd","09:43:23",273700
9.01,-0.02,4000,"sd","09:43:17",268700
8.98,-0.05,5000,"bu","10:27:32",635600
8.98,-0.05,400,"bu","10:29:03",640500
8.98,-0.05,500,"bu","10:28:41",640100
8.98,-0.05,2000,"bu","10:28:29",639600
8.98,-0.05,2000,"bu","10:28:24",637600
8.96,-0.07,500,"sd","13:29:16",1311900
8.97,-0.06,200,"sd","14:18:32",1717700
8.93,-0.1,100,"sd","13:24:26",1257100
8.92,-0.11,500,"sd","13:23:40",1254900
8.91,-0.12,500,"sd","13:23:40",1255400
8.96,-0.07,100,"sd","14:17:39",1717300
9,-0.03,500,"bu","14:17:38",1717200
8.92,-0.11,200,"sd","10:14:48",481400
8.91,-0.12,1800,"sd","10:14:48",483200
8.93,-0.1,1400,"bu","13:24:18",1257000
8.93,-0.1,200,"bu","13:24:11",1255600
8.97,-0.06,100,"sd","14:18:10",1717500
9,-0.03,100,"bu","14:18:06",1717400
9.06,0.03,1000,"sd","09:36:20",157200
9.05,0.02,200,"sd","09:37:02",159300
9.06,0.03,800,"sd","09:37:02",159100
9.06,0.03,1100,"bu","09:36:57",158300
8.91,-0.12,5000,"sd","13:23:09",1254400
8.95,-0.08,200,"bu","10:11:47",455200
8.95,-0.08,100,"bu","10:11:45",455000
8.96,-0.07,300,"bu","10:08:39",438000
8.91,-0.12,100,"sd","13:20:55",1242400
8.91,-0.12,200,"sd","13:20:46",1242300
9.01,-0.02,2100,"bu","09:43:49",316000
8.9,-0.13,5800,"sd","13:21:50",1249400
8.91,-0.12,1100,"sd","13:21:50",1243600
8.92,-0.11,100,"sd","13:21:50",1242500
8.91,-0.12,100,"sd","13:20:39",1242100
8.87,-0.16,200,"bu","11:14:37",1093100
8.97,-0.06,400,"sd","10:39:20",666500
8.98,-0.05,800,"sd","10:39:20",666100
8.91,-0.12,4100,"sd","13:12:49",1231800
8.92,-0.11,400,"sd","13:09:36",1219200
8.87,-0.16,1600,"bu","11:14:07",1081100
8.9,-0.13,4800,"bu","13:00:03",1190500
8.85,-0.18,10800,"sd","11:13:57",1079500
8.87,-0.16,100,"bu","11:16:16",1116100
8.86,-0.17,11200,"sd","11:13:57",1068700
8.87,-0.16,100,"bu","11:13:56",1057500
8.89,-0.14,100,"sd","13:00:01",1185700
8.9,-0.13,200,"bu","13:00:01",1185600
8.87,-0.16,500,"bu","11:16:13",1116000
9.02,-0.01,300,"bu","09:52:09",353200
8.98,-0.05,300,"sd","10:40:41",669800
8.87,-0.16,5000,"bu","11:13:51",1057400
8.89,-0.14,5000,"sd","11:20:16",1150100
8.87,-0.16,100,"bu","11:16:10",1115500
8.87,-0.16,5000,"bu","11:15:37",1115100
9.02,-0.01,500,"bu","09:52:06",352900
8.98,-0.05,1400,"sd","10:42:12",672500
8.92,-0.11,100,"sd","13:05:03",1214000
8.98,-0.05,2000,"sd","10:40:30",669500
9,-0.03,100,"bu","10:37:54",664100
8.92,-0.11,1000,"bu","13:09:12",1218800
8.91,-0.12,400,"bu","13:12:18",1227700
8.87,-0.16,11600,"sd","11:14:30",1092900
8.88,-0.15,200,"sd","11:14:30",1081300
8.87,-0.16,3000,"bu","11:15:02",1098100
8.97,-0.06,1000,"sd","10:39:45",667500
8.91,-0.12,1000,"sd","13:12:08",1227300
8.92,-0.11,100,"sd","13:12:08",1226300
8.92,-0.11,1300,"sd","13:08:46",1216800
8.87,-0.16,6800,"bu","11:15:19",1110100
8.87,-0.16,2000,"bu","11:14:47",1095100
8.92,-0.11,200,"sd","13:13:39",1232100
8.87,-0.16,200,"bu","11:16:06",1115400
8.87,-0.16,5000,"bu","11:15:17",1103300
8.98,-0.05,1300,"sd","10:41:31",671100
8.86,-0.17,500,"sd","11:16:42",1119600
8.87,-0.16,100,"bu","11:16:02",1115200
9.02,-0.01,500,"sd","10:02:14",367600
8.92,-0.11,100,"sd","13:13:32",1231900
8.87,-0.16,3000,"bu","11:16:38",1119100
8.96,-0.07,4600,"sd","10:47:29",689800
9,-0.03,800,"bu","10:32:57",647400
8.91,-0.12,20100,"sd","10:48:42",836900
8.92,-0.11,4300,"sd","10:48:42",816800
8.93,-0.1,1800,"sd","10:48:42",812500
8.94,-0.09,7900,"sd","10:48:42",810700
8.95,-0.08,32600,"sd","10:48:40",802800
8.96,-0.07,200,"bu","10:48:40",770200
8.96,-0.07,100,"bu","10:48:37",770000
8.96,-0.07,4000,"sd","10:47:06",685200
8.9,-0.13,59400,"sd","11:07:03",1027100
8.91,-0.12,23500,"sd","11:07:03",967700
8.95,-0.08,80000,"sd","10:48:34",769900
8.96,-0.07,100,"bu","10:48:31",689900
8.92,-0.11,200,"sd","11:05:56",928200
8.99,-0.04,1000,"bu","10:21:48",619700
8.91,-0.12,14800,"sd","11:06:38",944200
8.92,-0.11,100,"bu","11:06:30",929400
8.92,-0.11,1100,"bu","11:06:26",929300
8.95,-0.08,15800,"bu","11:05:12",928000
8.94,-0.09,25000,"bu","11:05:12",912200
8.95,-0.08,100,"bu","10:10:37",454400
8.95,-0.08,100,"bu","10:09:52",452800
9,-0.03,100,"bu","10:30:28",643600
8.92,-0.11,100,"bu","10:17:15",594900
8.9,-0.13,49700,"sd","10:16:31",584800
8.91,-0.12,10300,"sd","10:16:31",535100
9.06,0.03,100,"bu","09:15:50",6000
8.93,-0.1,900,"bu","10:17:50",596200
8.92,-0.11,4800,"sd","10:14:23",472300
9.03,0,5200,"","09:15:00",5200
8.93,-0.1,100,"bu","10:17:45",595300
8.91,-0.12,6500,"sd","10:15:22",489700
8.91,-0.12,8900,"sd","10:14:23",481200
9.05,0.02,600,"bu","09:15:42",5900
9.05,0.02,100,"bu","09:15:35",5300
8.92,-0.11,10000,"sd","10:14:16",467500
8.94,-0.09,200,"sd","10:10:57",454600
8.93,-0.1,800,"sd","10:14:09",457500
8.9,-0.13,600,"bu","10:16:55",594800
8.9,-0.13,6400,"sd","10:16:04",524800
8.9,-0.13,2200,"sd","10:16:03",518400
8.91,-0.12,20500,"sd","10:16:03",516200
8.99,-0.04,3000,"sd","10:32:02",646600
8.9,-0.13,9400,"sd","10:16:52",594200
8.91,-0.12,1000,"bu","10:15:45",495700
8.93,-0.1,800,"sd","10:13:27",456500
8.95,-0.08,1000,"bu","10:10:11",454300
8.91,-0.12,1500,"sd","10:15:40",494700
9.09,0.06,100,"bu","09:26:26",101400
8.92,-0.11,300,"bu","10:17:23",595200
8.91,-0.12,3500,"bu","10:15:39",493200
8.93,-0.1,200,"sd","10:13:55",456700
9.06,0.03,200,"bu","09:26:21",101300
8.95,-0.08,500,"bu","10:09:58",453300
9,-0.03,20000,"sd","10:06:05",401000
8.95,-0.08,100,"bu","10:12:30",455400
9.03,0,500,"bu","09:57:08",361800
9.03,0,2000,"bu","09:56:59",361300
8.94,-0.09,200,"bu","10:12:52",455600
9.03,0,2000,"bu","09:56:05",359300
8.95,-0.08,100,"sd","10:12:07",455300
8.96,-0.07,2000,"bu","10:08:33",437700
8.94,-0.09,100,"bu","10:13:01",455700
9,-0.03,100,"sd","10:06:50",403100
9,-0.03,2000,"sd","10:06:46",403000
9.02,-0.01,100,"bu","09:50:09",351200
9.02,-0.01,400,"bu","09:52:44",353600
9.01,-0.02,200,"sd","09:51:41",352400
9.05,0.02,3100,"sd","09:19:21",57000
9.01,-0.02,1000,"sd","09:50:33",352200
9.03,0,3000,"sd","14:29:07",1844700
8.93,-0.1,3500,"bu","10:18:26",601100
8.94,-0.09,200,"bu","10:19:11",611400
9.09,0.06,3000,"bu","09:30:48",104600
8.99,-0.04,9700,"bu","14:26:30",1763500
8.94,-0.09,100,"bu","10:19:02",611200
8.93,-0.1,700,"bu","10:18:17",597600
9.05,0.02,300,"bu","14:29:02",1841700
8.93,-0.1,700,"sd","10:18:12",596900
8.93,-0.1,1300,"bu","10:18:54",611100
8.95,-0.08,100,"bu","10:19:41",616500
8.95,-0.08,100,"bu","10:19:39",616400
8.93,-0.1,5000,"bu","10:18:52",609800
9.09,0.06,100,"bu","09:29:40",101600
9,-0.03,9100,"bu","14:27:19",1792600
9.05,0.02,100,"sd","14:29:56",1849800
8.95,-0.08,2000,"bu","10:19:36",616300
9.03,0,16800,"bu","14:28:51",1836400
8.99,-0.04,300,"bu","14:26:27",1753800
9.03,0,5000,"sd","14:28:56",1841400
9,-0.03,100,"sd","14:27:22",1792700
9.02,-0.01,200,"bu","14:27:46",1792900
8.94,-0.09,2900,"bu","10:19:24",614300
8.98,-0.05,500,"sd","14:25:41",1752500
8.93,-0.1,100,"bu","10:18:36",604800
8.93,-0.1,3600,"sd","10:18:34",604700
9,-0.03,20000,"bu","14:26:36",1783500
8.93,-0.1,200,"sd","14:20:06",1720700
8.94,-0.09,2200,"sd","14:20:06",1720500
8.96,-0.07,600,"sd","14:20:06",1718300
9,-0.03,900,"bu","14:17:31",1716700
8.99,-0.04,100,"bu","14:17:31",1715800
8.96,-0.07,500,"bu","14:23:55",1749500
8.98,-0.05,200,"bu","14:24:57",1752000
9.02,-0.01,1000,"sd","10:01:18",367100
9.02,-0.01,1000,"bu","09:45:03",332200
9.02,-0.01,2000,"bu","09:46:44",342200
9.01,-0.02,3000,"bu","09:46:44",340200
8.97,-0.06,1000,"bu","14:24:39",1751800
9.01,-0.02,100,"sd","09:43:49",316100
8.91,-0.12,9700,"sd","14:21:32",1740700
8.92,-0.11,2800,"sd","14:21:32",1731000
8.93,-0.1,5500,"sd","14:21:32",1728200
8.94,-0.09,2000,"sd","14:21:32",1722700
8.96,-0.07,700,"bu","14:24:20",1750800
8.96,-0.07,600,"bu","14:24:19",1750100
9.01,-0.02,5000,"sd","09:46:26",337200
8.92,-0.11,1500,"sd","14:22:33",1749000
8.93,-0.1,2200,"sd","13:59:41",1572300
8.96,-0.07,1100,"bu","13:57:46",1560600
8.94,-0.09,1900,"bu","13:57:46",1559500
8.94,-0.09,200,"bu","13:57:39",1557600
8.96,-0.07,100,"bu","14:16:54",1715700
8.94,-0.09,7400,"sd","13:57:31",1557400
8.95,-0.08,500,"sd","13:57:31",1550000
8.95,-0.08,400,"sd","14:16:44",1715600
8.95,-0.08,100,"sd","13:57:16",1549500
8.95,-0.08,1100,"sd","13:57:08",1549400
8.95,-0.08,1100,"sd","13:57:07",1548300
8.93,-0.1,1000,"sd","13:57:54",1569600
8.96,-0.07,8000,"sd","13:57:54",1568600
8.95,-0.08,1000,"bu","13:38:57",1451500
8.95,-0.08,100,"bu","13:36:32",1437800
8.97,-0.06,1000,"sd","13:42:18",1480900
8.98,-0.05,1900,"bu","13:40:57",1473700
8.97,-0.06,100,"bu","13:40:57",1471800
8.95,-0.08,9700,"sd","13:38:56",1450500
8.96,-0.07,400,"sd","13:38:56",1440800
9.01,-0.02,300,"sd","09:38:19",172100
9.02,-0.01,100,"sd","09:38:19",171800
9.03,0,4600,"sd","09:38:19",171700
8.91,-0.12,1000,"bu","13:33:19",1379900
8.91,-0.12,2000,"bu","13:33:18",1378900
8.91,-0.12,200,"bu","13:33:15",1376900
8.97,-0.06,100,"bu","13:38:50",1440400
8.95,-0.08,4200,"sd","13:54:47",1541400
8.97,-0.06,200,"bu","13:39:23",1451700
8.97,-0.06,500,"bu","13:53:12",1536800
8.91,-0.12,200,"bu","13:33:02",1376700
8.95,-0.08,2300,"sd","13:30:14",1314800
9.04,0.01,5500,"sd","09:37:58",167100
8.95,-0.08,12200,"bu","13:34:04",1398700
8.91,-0.12,500,"bu","13:32:58",1376500
9.05,0.02,2100,"sd","09:37:56",161600
9.05,0.02,200,"sd","09:37:54",159500
8.92,-0.11,100,"bu","13:33:57",1386500
8.98,-0.05,800,"bu","13:42:02",1479900
9.05,0.02,200,"bu","09:39:02",172600
9.04,0.01,100,"bu","09:39:02",172400
8.92,-0.11,200,"bu","13:33:53",1386400
8.91,-0.12,500,"bu","13:32:54",1376000
8.96,-0.07,100,"bu","13:38:34",1440300
8.97,-0.06,200,"bu","13:53:39",1537200
8.99,-0.04,3800,"bu","13:42:33",1486900
8.98,-0.05,1200,"bu","13:42:33",1483100
8.95,-0.08,100,"bu","13:34:45",1436700
8.91,-0.12,200,"bu","13:32:39",1375500
8.91,-0.12,54600,"sd","13:32:38",1375300
8.94,-0.09,200,"sd","13:53:35",1537000
8.98,-0.05,3400,"bu","13:41:09",1479100
8.91,-0.12,100,"bu","13:33:36",1386200
8.91,-0.12,500,"sd","13:32:37",1320700
9.03,0,100,"sd","09:39:45",172700
8.95,-0.08,37900,"sd","13:34:38",1436600
8.91,-0.12,200,"bu","13:33:34",1386100
8.97,-0.06,600,"bu","13:52:43",1536300
8.98,-0.05,1000,"bu","13:42:23",1481900
8.91,-0.12,5000,"bu","13:33:30",1385900
8.98,-0.05,2000,"bu","13:41:01",1475700
9.01,-0.02,200,"sd","09:38:33",172300
8.91,-0.12,1000,"bu","13:33:23",1380900
8.93,-0.1,900,"bu","13:24:29",1258000
8.92,-0.11,3100,"bu","13:04:37",1213900
8.91,-0.12,100,"bu","13:03:45",1210800
8.91,-0.12,100,"bu","13:03:43",1210700
8.89,-0.14,500,"sd","13:02:20",1210400
8.89,-0.14,800,"sd","13:00:26",1206800
8.89,-0.14,500,"sd","11:29:49",1182800
8.89,-0.14,4600,"sd","13:00:25",1206000
8.89,-0.14,500,"sd","13:01:23",1209900
8.89,-0.14,300,"sd","11:24:11",1151300
8.95,-0.08,300,"bu","13:28:19",1310400
8.9,-0.13,14900,"bu","11:25:34",1176200
8.95,-0.08,100,"bu","13:28:00",1310100
8.89,-0.14,3300,"sd","13:00:21",1201400
8.89,-0.14,5000,"sd","11:25:30",1161300
8.96,-0.07,1000,"bu","13:28:58",1311400
8.92,-0.11,1900,"bu","13:11:50",1226200
8.9,-0.13,4700,"sd","13:10:00",1224200
8.91,-0.12,300,"sd","13:10:00",1219500
8.89,-0.14,2500,"sd","13:00:00",1185400
8.9,-0.13,100,"bu","13:00:00",1182900
8.92,-0.11,100,"bu","13:10:50",1224300
8.89,-0.14,100,"sd","13:00:18",1198100
8.9,-0.13,1000,"sd","13:00:40",1208900
8.89,-0.14,500,"sd","13:00:40",1209400
8.89,-0.14,5300,"sd","13:00:15",1198000
8.9,-0.13,2200,"sd","13:00:15",1192700
8.95,-0.08,100,"sd","13:29:50",1312500
8.96,-0.07,500,"sd","13:29:49",1312400
8.91,-0.12,100,"bu","13:02:39",1210600
8.92,-0.11,700,"sd","13:05:46",1214700
8.91,-0.12,100,"bu","13:02:24",1210500
8.89,-0.14,1100,"sd","13:00:28",1207900
8.92,-0.11,2200,"sd","10:51:59",840600
8.92,-0.11,3000,"bu","10:55:35",862000
8.94,-0.09,1000,"bu","10:58:36",864500
9,-0.03,1100,"bu","10:36:55",664000
8.94,-0.09,900,"bu","11:01:15",887200
9,-0.03,1000,"bu","10:30:25",643500
8.96,-0.07,100,"bu","10:08:15",435700
8.94,-0.09,300,"bu","10:58:20",863500
8.93,-0.1,900,"sd","10:51:34",838400
8.99,-0.04,100,"bu","10:23:49",619800
8.96,-0.07,200,"bu","10:20:39",618700
8.9,-0.13,5000,"sd","11:08:00",1032100
8.98,-0.05,1000,"sd","10:39:03",665300
9,-0.03,900,"sd","10:36:06",662900
8.96,-0.07,2000,"bu","10:20:33",618500
8.99,-0.04,4000,"sd","10:07:11",414000
9,-0.03,6900,"sd","10:07:09",410000
8.93,-0.1,100,"sd","10:51:19",837500
8.96,-0.07,10000,"sd","10:08:01",435600
8.98,-0.05,100,"sd","10:08:01",425600
8.95,-0.08,500,"bu","10:51:13",837400
8.98,-0.05,200,"sd","10:38:51",664300
8.91,-0.12,5000,"sd","11:00:44",886300
8.92,-0.11,1400,"sd","10:59:15",866300
8.93,-0.1,400,"sd","10:59:15",864900
8.92,-0.11,200,"bu","10:56:29",862200
8.97,-0.06,1000,"sd","10:07:49",425500
8.91,-0.12,7200,"sd","11:00:38",881300
8.92,-0.11,7800,"sd","11:00:38",874100
8.98,-0.05,10500,"sd","10:07:44",424500
8.98,-0.05,500,"bu","10:43:22",673000
9,-0.03,5800,"sd","10:35:30",662000
8.99,-0.04,300,"sd","10:24:25",620100
9.01,-0.02,3000,"sd","10:05:36",370700
9,-0.03,10000,"sd","09:44:19",330200
9.01,-0.02,100,"sd","10:05:12",367700
9.02,-0.01,3400,"bu","09:53:09",357000
9.02,-0.01,400,"bu","09:47:57",348900
9.02,-0.01,3300,"bu","09:47:56",348500
9.03,0,500,"sd","09:40:13",173200
9.03,0,300,"bu","10:00:00",366100
9.02,-0.01,2700,"bu","10:00:00",365800
9.02,-0.01,100,"bu","09:48:52",351100
9.01,-0.02,1000,"bu","09:47:00",343200
9.01,-0.02,1000,"sd","09:44:05",320200
9.05,0.02,2500,"sd","09:19:08",53900
9.05,0.02,10000,"sd","09:19:07",51400
9.01,-0.02,28800,"sd","09:41:32",257200
9.02,-0.01,1300,"sd","09:59:37",363100
9.01,-0.02,2000,"sd","09:47:42",345200
9.01,-0.02,3100,"sd","09:43:57",319200
9.05,0.02,100,"sd","09:19:02",41400
9.01,-0.02,5000,"sd","09:41:05",228400
9.02,-0.01,1100,"sd","09:48:25",351000
9.02,-0.01,1000,"bu","09:44:43",331200
9.01,-0.02,1500,"sd","09:42:18",258700
9.05,0.02,2000,"sd","09:18:51",41300
9.02,-0.01,200,"sd","09:48:19",349900
9.03,0,800,"sd","09:48:19",349700
9.02,-0.01,50000,"sd","09:40:49",223400
9.03,0,200,"sd","09:40:49",173400
9.01,-0.02,300,"sd","10:05:39",381000
9.01,-0.02,10000,"sd","10:05:38",380700
9.06,0.03,200,"bu","09:17:12",7200
9.06,0.03,1000,"bu","09:16:55",7000
9.05,0.02,20000,"sd","09:18:34",39300
9.05,0.02,1000,"sd","09:18:27",19300
9.05,0.02,10000,"sd","09:18:26",18300
9.05,0.02,1000,"sd","09:18:11",8300
9.06,0.03,100,"bu","09:17:16",7300
9.06,0.03,10000,"sd","09:33:24",156200
9.07,0.04,1000,"sd","09:32:01",105600
9.07,0.04,1000,"bu","09:32:45",146200
9.07,0.04,8500,"sd","09:32:34",145200
9.07,0.04,1000,"sd","09:32:32",136700
9.07,0.04,30100,"sd","09:32:31",135700
9.05,0.02,4100,"bu","09:24:58",101000
9.09,0.06,100,"bu","09:27:11",101500
9.09,0.06,100,"bu","09:25:01",101100
9.04,0.01,300,"bu","09:23:49",84800
9.04,0.01,1000,"bu","09:23:44",84500
9.03,0,500,"sd","09:23:35",83500
9.05,0.02,5000,"bu","09:24:21",94800
9.05,0.02,100,"bu","09:24:49",96900
9.05,0.02,2000,"bu","09:24:35",96800
9.05,0.02,5000,"bu","09:24:04",89800
9.03,0,100,"sd","09:21:05",58000
9.03,0,700,"sd","09:19:49",57900
9.03,0,8900,"bu","09:23:12",83000
9.05,0.02,200,"bu","09:19:33",57200
9.03,0,11100,"sd","09:22:52",74100
9.04,0.01,5000,"sd","09:22:52",63000
