"price","change","match_qtty","side","time","total_vol"
38.85,0.7,46000,"","14:45:01",833900
38.65,0.5,100,"bu","14:22:20",673800
38.6,0.45,500,"sd","14:22:19",673700
38.65,0.5,500,"bu","14:22:14",673200
38.65,0.5,200,"bu","14:22:06",672700
38.6,0.45,700,"sd","14:22:02",672500
38.7,0.55,200,"bu","14:25:03",685700
38.6,0.45,900,"bu","14:14:45",634600
38.5,0.35,600,"sd","14:14:17",633400
38.6,0.45,100,"bu","14:14:16",632800
38.6,0.45,800,"bu","14:15:06",637600
38.6,0.45,100,"bu","14:14:41",633700
38.6,0.45,100,"bu","14:12:57",630100
38.6,0.45,100,"bu","14:12:13",628600
38.6,0.45,200,"bu","14:14:12",632700
38.6,0.45,900,"bu","14:13:44",631600
38.6,0.45,1000,"bu","14:12:31",629800
38.6,0.45,100,"bu","14:11:28",627500
38.6,0.45,200,"bu","14:15:55",640000
38.6,0.45,1100,"bu","14:15:26",638900
38.6,0.45,1000,"bu","14:15:01",636800
38.55,0.4,1000,"bu","14:15:01",635800
38.6,0.45,200,"bu","14:13:42",630700
38.6,0.45,200,"bu","14:13:12",630300
38.5,0.35,600,"sd","14:11:47",628300
38.6,0.45,200,"bu","14:12:28",628800
38.6,0.45,200,"bu","14:14:56",634800
38.6,0.45,800,"bu","14:14:04",632500
38.6,0.45,200,"bu","14:10:59",627200
38.6,0.45,800,"bu","14:15:46",639800
38.6,0.45,200,"bu","14:11:42",627700
38.6,0.45,200,"bu","14:14:26",633600
38.6,0.45,100,"bu","14:13:57",631700
38.6,0.45,200,"bu","14:12:43",630000
38.6,0.45,200,"bu","14:11:58",628500
38.5,0.35,600,"sd","14:10:57",627000
38.55,0.4,100,"bu","14:29:19",785400
38.55,0.4,300,"bu","14:29:25",785700
38.55,0.4,600,"bu","14:29:33",786300
38.6,0.45,200,"bu","14:16:09",641100
38.7,0.55,200,"sd","14:29:10",785300
38.6,0.45,900,"bu","14:16:07",640900
38.6,0.45,100,"bu","14:15:40",639000
38.6,0.45,200,"bu","14:15:11",637800
38.6,0.45,200,"bu","14:13:27",630500
38.6,0.45,200,"bu","14:11:14",627400
38.55,0.4,100,"sd","14:00:22",600200
38.5,0.35,600,"sd","14:10:16",626400
38.85,0.7,300,"bu","14:28:47",785100
38.65,0.5,900,"bu","14:20:53",666400
38.65,0.5,1000,"bu","14:05:40",617400
38.65,0.5,200,"bu","14:20:51",665500
38.6,0.45,800,"sd","14:20:00",659000
38.65,0.5,100,"bu","14:19:52",658200
38.6,0.45,300,"sd","14:19:47",658100
38.6,0.45,500,"bu","14:06:30",622700
38.6,0.45,4100,"sd","14:06:29",622200
38.6,0.45,200,"sd","14:06:27",618100
38.65,0.5,1000,"bu","14:05:27",616400
38.65,0.5,200,"bu","14:19:37",657800
38.65,0.5,900,"bu","14:19:31",657600
38.65,0.5,300,"bu","14:05:52",617900
38.55,0.4,300,"sd","14:07:04",623000
38.65,0.5,200,"bu","14:21:06",666600
38.65,0.5,200,"bu","14:05:48",617600
38.85,0.7,600,"bu","14:28:16",747300
38.75,0.6,100,"bu","14:26:04",703900
38.85,0.7,600,"bu","14:28:36",783900
38.75,0.6,200,"bu","14:26:02",703800
38.85,0.7,700,"bu","14:28:10",746700
38.5,0.35,32800,"sd","14:28:34",783300
38.6,0.45,700,"sd","14:28:34",750500
38.65,0.5,200,"sd","14:28:34",749800
38.7,0.55,100,"sd","14:28:34",749600
38.85,0.7,700,"bu","14:28:33",749500
38.5,0.35,300,"bu","13:35:22",550500
38.5,0.35,100,"bu","13:35:51",550600
38.85,0.7,800,"bu","14:28:26",748800
38.7,0.55,15200,"bu","14:25:50",703600
38.6,0.45,200,"bu","13:58:10",594700
38.85,0.7,300,"bu","14:28:02",746000
38.7,0.55,100,"bu","14:25:48",688400
38.8,0.65,900,"bu","14:26:19",719300
38.85,0.7,200,"bu","14:28:01",745700
38.8,0.65,200,"bu","14:26:17",718400
38.85,0.7,900,"bu","14:28:44",784800
38.85,0.7,700,"bu","14:28:19",748000
38.85,0.7,800,"bu","14:27:59",745500
38.85,0.7,900,"bu","14:27:57",744700
38.8,0.65,200,"sd","14:27:49",743800
38.75,0.6,14000,"bu","14:26:10",718200
38.75,0.6,300,"bu","14:26:09",704200
38.55,0.4,800,"bu","14:02:49",610200
38.55,0.4,300,"bu","14:01:51",608500
38.6,0.45,1000,"bu","14:03:30",613800
38.6,0.45,800,"bu","14:03:29",612800
38.6,0.45,100,"bu","14:04:03",613900
38.6,0.45,800,"bu","14:03:20",612000
38.5,0.35,8000,"sd","14:01:35",608200
38.55,0.4,200,"bu","14:03:14",611200
38.55,0.4,300,"bu","14:02:23",609400
38.55,0.4,3000,"bu","13:39:53",557300
38.55,0.4,500,"bu","14:02:18",609100
38.55,0.4,100,"bu","14:02:16",608600
38.55,0.4,800,"bu","14:03:03",611000
38.6,0.45,300,"bu","14:04:13",614200
38.55,0.4,500,"bu","13:39:26",554300
38.6,0.45,900,"bu","14:05:01",615100
38.5,0.35,300,"bu","13:15:37",504300
38.5,0.35,300,"bu","13:16:08",504600
38.55,0.4,600,"sd","13:59:10",596500
38.6,0.45,2000,"bu","14:09:15",625800
38.5,0.35,200,"bu","13:37:41",552500
38.6,0.45,500,"bu","14:09:12",623800
38.5,0.35,500,"bu","13:37:18",552300
38.5,0.35,300,"sd","13:37:02",551800
38.6,0.45,300,"bu","14:08:01",623300
38.65,0.5,300,"bu","14:05:08",615400
38.55,0.4,100,"bu","13:17:54",508000
38.55,0.4,300,"sd","13:06:10",472800
38.4,0.25,100,"sd","11:26:39",455000
38.4,0.25,100,"sd","11:26:38",454900
38.4,0.25,100,"sd","11:21:18",450800
38.5,0.35,3000,"sd","13:09:02",478300
38.6,0.45,300,"bu","13:06:03",472500
38.4,0.25,300,"bu","11:18:02",448100
38.6,0.45,100,"bu","13:06:26",474700
38.6,0.45,300,"bu","13:06:55",475000
38.6,0.45,300,"bu","13:06:24",474600
38.6,0.45,300,"bu","13:07:25",475300
38.4,0.25,500,"sd","11:28:54",458100
38.4,0.25,100,"bu","11:18:24",448200
38.5,0.35,800,"sd","13:06:16",474300
38.55,0.4,300,"sd","13:06:16",473500
38.5,0.35,500,"bu","11:26:56",455500
38.45,0.3,500,"bu","13:24:35",533100
38.4,0.25,1600,"sd","11:28:44",457600
38.45,0.3,200,"sd","11:28:44",456000
38.5,0.35,200,"sd","11:28:44",455800
38.5,0.35,100,"sd","11:28:42",455600
38.4,0.25,200,"sd","11:21:27",451000
38.45,0.3,200,"bu","13:26:54",537300
38.45,0.3,100,"bu","13:26:07",537100
38.45,0.3,2000,"bu","13:27:11",539300
38.45,0.3,500,"bu","13:26:04",537000
38.45,0.3,300,"bu","13:25:39",536500
38.4,0.25,1000,"sd","13:25:35",536200
38.4,0.25,1000,"sd","13:24:59",535100
38.45,0.3,500,"bu","13:27:13",539800
38.45,0.3,100,"bu","13:25:16",535200
38.45,0.3,1000,"bu","13:24:54",534100
38.6,0.45,400,"bu","13:06:15",473200
38.4,0.25,1000,"sd","11:12:21",445000
38.4,0.25,1000,"sd","11:12:38",446000
38.5,0.35,300,"bu","11:09:20",441800
38.5,0.35,300,"sd","11:11:00",444000
38.5,0.35,400,"bu","11:10:20",442400
38.5,0.35,200,"sd","11:10:51",443700
38.5,0.35,1000,"sd","11:10:32",443500
38.5,0.35,100,"bu","11:09:59",442000
38.5,0.35,100,"sd","11:10:29",442500
38.5,0.35,100,"bu","11:09:40",441900
38.55,0.4,300,"bu","13:16:58",507900
38.7,0.55,3000,"bu","10:54:51",401200
38.5,0.35,2800,"bu","13:16:54",507600
38.6,0.45,100,"bu","13:58:19",594800
38.5,0.35,200,"bu","13:16:28",504800
38.6,0.45,100,"sd","10:53:07",394200
38.5,0.35,300,"bu","10:34:19",375400
38.55,0.4,300,"bu","13:51:58",579400
38.55,0.4,300,"bu","13:49:29",576800
38.55,0.4,200,"bu","13:51:36",579100
38.5,0.35,200,"sd","13:49:05",576500
38.6,0.45,300,"bu","10:27:11",356100
38.5,0.35,300,"bu","13:32:29",548100
38.6,0.45,400,"bu","10:27:03",355800
38.55,0.4,300,"bu","13:48:56",576300
38.6,0.45,600,"bu","10:26:22",355000
38.55,0.4,300,"bu","13:51:20",578900
38.55,0.4,100,"bu","13:51:20",578600
38.5,0.35,500,"sd","13:47:59",575500
38.6,0.45,500,"bu","13:44:11",573600
38.4,0.25,500,"bu","11:19:15",450700
38.55,0.4,100,"bu","13:50:36",578500
38.35,0.2,2000,"sd","11:19:13",450200
38.6,0.45,300,"bu","10:26:49",355400
38.55,0.4,1300,"bu","13:50:27",578400
38.6,0.45,200,"bu","13:43:23",566200
38.6,0.45,500,"bu","13:44:01",573100
38.6,0.45,100,"bu","10:26:39",355100
38.55,0.4,300,"bu","13:50:23",577100
38.5,0.35,200,"bu","13:31:58",547800
38.6,0.45,5000,"bu","13:43:55",572600
38.5,0.35,1000,"bu","13:30:47",546800
38.5,0.35,1300,"sd","10:33:16",375100
38.55,0.4,200,"bu","13:48:26",576000
38.6,0.45,1400,"bu","13:43:48",567600
38.6,0.45,600,"bu","13:43:05",566000
38.35,0.2,100,"sd","11:16:51",447800
38.55,0.4,300,"bu","13:48:15",575800
38.55,0.4,300,"bu","13:47:23",575000
38.5,0.35,800,"bu","13:31:25",547600
38.55,0.4,300,"sd","13:45:28",573900
38.7,0.55,3000,"bu","10:58:19",408500
38.7,0.55,1000,"bu","10:58:04",405500
38.7,0.55,500,"bu","10:57:10",404300
38.6,0.45,300,"bu","10:29:24",368300
38.7,0.55,100,"bu","10:56:48",403800
38.55,0.4,600,"sd","10:44:12",377700
38.55,0.4,100,"sd","10:44:06",377100
38.6,0.45,1000,"bu","10:29:57",371300
38.55,0.4,1000,"sd","10:45:40",378700
38.55,0.4,800,"sd","13:45:38",574700
38.6,0.45,2000,"bu","10:29:43",370300
38.6,0.45,100,"bu","10:45:50",378800
38.7,0.55,200,"bu","10:57:22",404500
38.5,0.35,800,"sd","13:40:07",558100
38.4,0.25,1500,"sd","10:10:25",320800
38.5,0.35,100,"bu","09:42:27",249200
38.6,0.45,500,"bu","10:28:22",367500
38.5,0.35,200,"sd","09:42:25",249100
38.4,0.25,15300,"sd","09:42:57",269400
38.45,0.3,4900,"sd","09:42:57",254100
38.5,0.35,500,"sd","09:41:22",241600
38.6,0.45,10000,"bu","10:27:43",366700
38.6,0.45,300,"bu","10:28:16",367000
38.6,0.45,500,"bu","10:28:52",368000
38.35,0.2,500,"sd","10:15:03",323400
38.6,0.45,600,"bu","10:27:42",356700
38.4,0.25,100,"bu","09:43:15",269500
38.65,0.5,100,"bu","14:18:53",654900
38.5,0.35,200,"bu","13:19:57",529900
38.6,0.45,800,"bu","14:18:50",654800
38.45,0.3,200,"sd","13:29:21",545500
38.5,0.35,300,"bu","13:19:56",529700
38.55,0.4,1100,"bu","13:18:53",527600
38.65,0.5,200,"bu","14:17:54",646600
38.5,0.35,18500,"sd","13:18:44",526500
38.65,0.5,900,"bu","14:17:49",646400
38.65,0.5,200,"bu","14:19:23",656700
38.6,0.45,200,"bu","14:18:38",654000
38.5,0.35,300,"bu","13:19:34",529400
38.65,0.5,200,"bu","14:17:39",645500
38.6,0.45,800,"bu","14:19:11",656500
38.5,0.35,600,"sd","14:18:27",653800
38.4,0.25,800,"sd","13:19:18",529100
38.65,0.5,800,"bu","14:16:27",642000
38.6,0.45,200,"bu","14:19:08",655700
38.65,0.5,200,"bu","14:18:23",653200
38.5,0.35,4800,"sd","14:18:20",653000
38.6,0.45,200,"sd","14:18:20",648200
38.45,0.3,300,"bu","13:21:24",530800
38.45,0.3,700,"sd","13:19:11",528300
38.45,0.3,300,"bu","13:24:06",532600
38.5,0.35,600,"sd","14:18:09",648000
38.65,0.5,100,"bu","14:18:08",647400
38.5,0.35,600,"sd","14:18:08",647300
38.5,0.35,600,"sd","14:18:56",655500
38.65,0.5,100,"bu","14:18:04",646700
38.75,0.6,200,"bu","09:35:37",210500
38.7,0.55,6000,"sd","09:35:53",221600
38.75,0.6,100,"bu","09:35:51",215600
38.75,0.6,1900,"sd","09:35:07",210300
38.7,0.55,3000,"bu","09:36:40",224600
38.65,0.5,1500,"sd","09:37:23",229300
38.6,0.45,1700,"sd","09:37:08",227800
38.65,0.5,1300,"sd","09:37:08",226100
38.65,0.5,200,"sd","09:37:02",224800
38.7,0.55,5000,"sd","09:35:44",215500
38.45,0.3,300,"bu","13:21:03",530500
38.45,0.3,300,"bu","13:23:02",532200
38.4,0.25,500,"sd","10:08:41",318800
38.45,0.3,100,"sd","10:08:41",318300
38.45,0.3,100,"bu","13:23:29",532300
38.6,0.45,2000,"sd","10:05:29",308300
38.4,0.25,200,"sd","13:22:54",531900
38.4,0.25,1200,"bu","09:46:57",277400
38.45,0.3,300,"bu","13:22:32",531700
38.45,0.3,600,"bu","13:21:44",531400
38.45,0.3,300,"bu","13:20:29",530200
38.4,0.25,14800,"sd","13:12:52",501600
38.55,0.4,200,"bu","13:00:04",460600
38.45,0.3,100,"sd","13:14:24",503000
38.55,0.4,400,"sd","10:39:07",377000
38.55,0.4,200,"bu","13:00:03",460400
38.45,0.3,300,"sd","13:12:35",486800
38.5,0.35,300,"sd","13:00:02",460200
38.4,0.25,1700,"sd","11:13:55",447700
38.5,0.35,300,"bu","13:14:11",502900
38.45,0.3,700,"bu","13:14:08",502600
38.55,0.4,100,"bu","13:00:02",459900
38.8,0.65,700,"bu","09:34:15",207900
38.55,0.4,1000,"sd","09:52:09",285700
38.5,0.35,300,"bu","09:50:02",281600
38.45,0.3,300,"bu","13:13:13",501900
38.45,0.3,600,"sd","13:12:22",486500
38.45,0.3,400,"sd","13:12:19",485900
38.6,0.45,500,"bu","13:05:01",469800
38.5,0.35,300,"bu","13:12:12",485500
38.5,0.35,1000,"bu","13:14:43",504000
38.6,0.45,200,"bu","13:03:12",467200
38.7,0.55,100,"bu","10:02:24",297300
38.55,0.4,1100,"sd","13:01:07",465900
38.35,0.2,1200,"bu","10:21:17",352900
38.6,0.45,400,"sd","11:05:07",423800
38.6,0.45,4000,"sd","11:06:11",427800
38.6,0.45,1000,"sd","10:48:36",388700
38.6,0.45,900,"bu","10:47:05",387600
38.6,0.45,4500,"bu","10:47:04",386700
38.6,0.45,400,"bu","10:47:03",382200
38.55,0.4,1000,"sd","10:46:59",381800
38.6,0.45,200,"bu","10:46:58",380800
38.75,0.6,100,"bu","11:02:37",415400
38.6,0.45,1400,"bu","10:46:33",380600
38.35,0.2,1000,"sd","10:21:37",353900
38.7,0.55,900,"sd","11:01:54",414000
38.6,0.45,400,"bu","10:46:23",379200
38.5,0.35,300,"sd","10:32:25",373800
38.6,0.45,300,"bu","10:32:22",373500
38.6,0.45,1000,"bu","10:32:21",373200
38.6,0.45,400,"sd","11:06:24",428200
38.75,0.6,1300,"bu","11:02:04",415300
38.7,0.55,600,"sd","11:01:32",413100
38.6,0.45,600,"sd","10:49:15",389300
38.6,0.45,100,"sd","10:47:30",387700
38.6,0.45,300,"bu","11:07:25",428500
38.6,0.45,200,"bu","10:30:33",371500
38.5,0.35,10000,"sd","09:16:02",68300
38.4,0.25,400,"sd","10:09:53",319300
38.45,0.3,100,"sd","10:09:53",318900
38.35,0.2,500,"sd","10:15:31",324900
38.5,0.35,5500,"bu","09:15:52",58300
38.5,0.35,4000,"bu","09:15:48",52800
38.5,0.35,300,"sd","09:15:47",48800
38.55,0.4,1100,"sd","09:15:47",48500
38.3,0.15,100,"bu","10:17:11",345000
38.6,0.45,100,"bu","09:15:42",47400
38.35,0.2,100,"bu","10:16:20",328600
38.35,0.2,500,"sd","10:15:20",324400
39,0.85,45300,"","09:15:00",45300
38.6,0.45,300,"bu","10:31:15",372100
38.35,0.2,500,"sd","10:15:12",323900
38.35,0.2,100,"sd","10:14:14",322900
38.3,0.15,2300,"sd","10:17:01",344900
38.35,0.2,200,"bu","10:16:08",328500
38.6,0.45,100,"bu","10:31:58",372200
38.3,0.15,5400,"sd","10:16:58",342600
38.35,0.2,300,"bu","10:16:07",328300
38.35,0.2,1600,"sd","10:15:50",327000
38.7,0.55,1600,"bu","09:28:22",163700
38.7,0.55,200,"bu","09:28:19",162100
38.65,0.5,500,"bu","09:26:39",152700
38.65,0.5,100,"bu","09:26:17",148900
38.3,0.15,1600,"sd","10:16:51",337200
38.65,0.5,100,"bu","09:26:36",152200
38.65,0.5,1000,"bu","09:26:12",148800
38.4,0.25,200,"bu","10:10:51",321000
38.35,0.2,1000,"bu","10:15:59",328000
38.35,0.2,500,"sd","10:15:45",325400
38.65,0.5,2000,"bu","09:26:32",152100
38.6,0.45,300,"bu","10:30:50",371800
38.65,0.5,400,"bu","09:26:32",150100
38.65,0.5,100,"bu","09:26:30",149700
38.65,0.5,200,"bu","09:26:04",147800
38.65,0.5,100,"bu","09:26:27",149600
38.3,0.15,7000,"sd","10:16:40",335600
38.65,0.5,100,"bu","09:26:23",149500
38.65,0.5,500,"bu","09:26:21",149400
38.4,0.25,100,"bu","10:13:18",322800
38.7,0.55,1500,"bu","09:15:13",47300
38.7,0.55,500,"bu","09:15:12",45800
38.6,0.45,300,"sd","10:06:06",308600
38.4,0.25,200,"bu","10:12:31",321200
38.7,0.55,500,"bu","09:58:50",293400
38.4,0.25,100,"bu","10:12:55",321300
38.4,0.25,200,"bu","10:13:15",322700
38.4,0.25,200,"bu","10:13:10",322500
38.4,0.25,1000,"bu","10:13:09",322300
38.55,0.4,300,"sd","10:06:46",308900
38.45,0.3,200,"bu","09:21:48",125200
38.4,0.25,1000,"bu","09:19:28",109200
38.55,0.4,900,"bu","09:50:27",282700
38.55,0.4,200,"bu","09:50:27",281800
38.55,0.4,2000,"bu","09:51:24",284700
38.8,0.65,800,"bu","14:26:35",723300
38.3,0.15,3500,"sd","10:19:12",348600
38.7,0.55,100,"sd","09:30:57",174600
38.7,0.55,100,"bu","09:29:06",167500
38.7,0.55,300,"sd","09:29:03",167400
38.8,0.65,2800,"bu","14:26:33",722500
38.7,0.55,700,"bu","09:29:00",167100
38.85,0.7,800,"bu","14:27:03",740700
38.8,0.65,100,"bu","14:26:31",719700
38.7,0.55,800,"bu","09:28:58",166400
38.85,0.7,200,"bu","14:27:02",739900
38.75,0.6,300,"sd","14:26:30",719600
38.85,0.7,900,"bu","14:27:00",739700
38.8,0.65,100,"bu","14:27:00",738800
38.8,0.65,100,"sd","14:26:59",738700
38.7,0.55,400,"bu","09:29:50",170300
38.7,0.55,1900,"bu","09:28:45",165600
38.85,0.7,800,"bu","14:26:56",738600
38.85,0.7,200,"bu","14:27:31",743500
38.7,0.55,200,"bu","09:29:47",169900
38.7,0.55,100,"bu","09:29:45",169700
38.3,0.15,500,"sd","10:19:39",351700
38.3,0.15,500,"sd","10:19:39",351200
38.7,0.55,300,"sd","09:29:41",169600
38.7,0.55,800,"sd","09:29:39",169300
38.3,0.15,100,"sd","10:18:01",345100
38.85,0.7,800,"bu","14:27:17",743000
38.85,0.7,200,"bu","14:26:47",737800
38.3,0.15,200,"sd","10:19:33",350700
38.7,0.55,300,"bu","09:31:28",178900
38.3,0.15,1900,"sd","10:19:29",350500
38.8,0.65,12300,"bu","14:26:42",737600
38.8,0.65,1100,"bu","14:26:41",725300
38.6,0.45,1600,"sd","14:29:51",787900
38.85,0.7,300,"bu","14:27:21",743300
38.7,0.55,300,"sd","09:29:20",168500
38.85,0.7,900,"bu","14:27:12",742200
38.85,0.7,600,"bu","14:27:11",741300
38.8,0.65,900,"bu","14:26:40",724200
38.85,0.7,100,"bu","14:27:46",743600
38.7,0.55,1500,"sd","09:31:08",178600
38.7,0.55,900,"bu","14:25:38",688300
38.7,0.55,2500,"sd","09:31:08",177100
38.7,0.55,700,"bu","09:29:15",168200
38.65,0.5,300,"bu","14:24:05",680000
38.6,0.45,300,"sd","14:22:31",674900
38.6,0.45,200,"sd","14:21:17",667700
38.65,0.5,100,"bu","14:24:04",679700
38.6,0.45,200,"sd","14:22:28",674600
38.6,0.45,600,"sd","14:22:24",674400
38.65,0.5,900,"bu","14:21:13",667500
38.6,0.45,200,"bu","14:20:07",659200
38.65,0.5,100,"bu","10:00:08",294900
38.4,0.25,400,"bu","09:46:17",275000
38.6,0.45,200,"bu","14:23:20",678400
38.6,0.45,100,"sd","10:00:08",294800
38.6,0.45,400,"sd","10:00:07",294700
38.4,0.25,100,"bu","09:46:13",274600
38.6,0.45,500,"bu","14:23:15",678200
38.6,0.45,600,"sd","14:21:52",671800
38.7,0.55,500,"bu","14:24:58",685500
38.6,0.45,400,"sd","10:00:03",294300
38.6,0.45,500,"sd","09:59:10",293900
38.6,0.45,100,"bu","14:23:56",679600
38.6,0.45,1800,"sd","14:23:15",677700
38.65,0.5,200,"bu","14:21:51",671200
38.5,0.35,4100,"sd","14:20:44",665300
38.4,0.25,600,"bu","09:45:12",274000
38.65,0.5,2000,"bu","14:21:45",671000
38.6,0.45,600,"sd","14:21:44",669000
38.7,0.55,800,"bu","10:01:10",297100
38.65,0.5,400,"bu","10:01:10",296300
38.55,0.4,1000,"sd","10:01:09",295900
38.4,0.25,1000,"bu","09:46:52",276200
38.4,0.25,200,"bu","09:45:59",274500
38.65,0.5,100,"bu","14:23:05",675900
38.65,0.5,100,"bu","14:20:36",661200
38.7,0.55,100,"bu","14:24:48",685000
38.7,0.55,300,"bu","14:25:34",687400
38.4,0.25,300,"bu","09:45:53",274300
38.6,0.45,200,"bu","14:23:49",679500
38.65,0.5,100,"bu","14:21:36",668400
38.6,0.45,800,"bu","14:20:32",661100
38.7,0.55,200,"bu","14:25:33",687100
38.65,0.5,500,"bu","14:22:55",675800
38.6,0.45,300,"bu","14:21:33",668300
38.65,0.5,3100,"bu","14:24:39",684900
38.65,0.5,500,"bu","14:24:37",681800
38.4,0.25,200,"bu","09:46:37",275200
38.6,0.45,200,"sd","14:20:24",660300
38.65,0.5,200,"bu","14:20:22",660100
38.65,0.5,200,"bu","14:24:19",680700
38.6,0.45,500,"bu","14:23:36",679300
38.65,0.5,200,"bu","14:22:50",675300
38.65,0.5,200,"bu","14:24:34",681300
38.7,0.55,100,"bu","10:02:03",297200
38.65,0.5,500,"bu","14:24:17",680500
38.6,0.45,400,"sd","14:24:29",681100
38.6,0.45,400,"bu","14:23:34",678800
38.6,0.45,200,"bu","14:21:21",668000
38.65,0.5,100,"bu","14:22:35",675100
38.65,0.5,100,"bu","14:22:34",675000
38.6,0.45,100,"sd","14:21:20",667800
38.6,0.45,700,"bu","14:20:12",659900
38.7,0.55,1200,"bu","14:25:18",686900
38.55,0.4,600,"sd","13:59:42",600100
38.6,0.45,1000,"bu","13:59:38",599500
38.55,0.4,2000,"sd","13:59:31",598500
38.65,0.5,200,"bu","14:16:54",643300
38.65,0.5,900,"bu","14:16:48",643100
38.6,0.45,500,"bu","13:58:41",595900
38.65,0.5,200,"bu","14:16:40",642200
38.55,0.4,600,"sd","13:58:35",595400
38.65,0.5,200,"bu","14:17:24",644500
38.55,0.4,600,"sd","13:58:07",594500
38.65,0.5,100,"bu","14:16:25",641200
38.55,0.4,200,"sd","13:58:01",593900
38.65,0.5,600,"bu","14:17:29",645300
38.6,0.45,200,"bu","14:17:29",644700
38.55,0.4,100,"bu","13:57:58",593700
38.65,0.5,100,"bu","14:17:09",644300
38.65,0.5,900,"bu","14:17:08",644200
38.55,0.4,2000,"bu","13:55:56",593600
38.55,0.4,4000,"bu","13:54:05",584300
38.5,0.35,300,"bu","13:30:27",545800
38.6,0.45,100,"bu","09:39:27",234900
38.5,0.35,500,"bu","13:36:23",551500
38.5,0.35,600,"sd","13:53:15",580000
38.6,0.45,1300,"bu","13:42:08",565400
38.5,0.35,100,"bu","13:36:18",551000
38.5,0.35,300,"bu","13:36:18",550900
38.5,0.35,100,"bu","13:34:02",548900
38.5,0.35,900,"bu","13:35:04",550200
38.5,0.35,100,"bu","13:34:59",549300
38.5,0.35,300,"bu","13:32:54",548500
38.6,0.45,5000,"bu","13:42:00",564100
38.5,0.35,100,"bu","13:32:50",548200
38.55,0.4,200,"bu","09:40:46",241100
38.6,0.45,300,"bu","09:38:53",234800
38.5,0.35,300,"bu","13:33:50",548800
38.6,0.45,1000,"bu","13:41:54",559100
38.6,0.45,2500,"bu","09:39:51",237400
38.55,0.4,300,"bu","13:54:19",584600
38.5,0.35,7000,"sd","13:55:26",591600
38.55,0.4,300,"bu","13:53:32",580300
38.55,0.4,1300,"bu","13:39:02",553800
38.6,0.45,5200,"sd","09:38:34",234500
38.5,0.35,300,"bu","13:34:32",549200
38.5,0.35,500,"bu","13:10:22",484700
38.55,0.4,2500,"bu","13:00:27",464600
38.55,0.4,100,"bu","13:00:09",460700
38.6,0.45,300,"bu","13:05:29",470400
38.5,0.35,500,"bu","11:25:39",454800
38.5,0.35,300,"bu","13:12:04",485200
38.5,0.35,5900,"sd","13:10:08",484200
38.6,0.45,300,"bu","13:04:23",469000
38.55,0.4,200,"sd","13:01:15",466100
38.55,0.4,100,"bu","11:29:32",458200
38.55,0.4,1100,"bu","13:00:01",459800
38.55,0.4,500,"bu","13:00:00",458700
38.6,0.45,300,"bu","13:05:14",470100
38.5,0.35,300,"bu","11:25:17",454300
38.6,0.45,500,"bu","13:06:01",472200
38.55,0.4,200,"sd","13:00:58",464800
38.4,0.25,1000,"sd","11:25:08",454000
38.55,0.4,300,"bu","13:00:16",462100
38.4,0.25,1700,"sd","11:24:58",453000
38.45,0.3,300,"sd","11:24:58",451300
38.45,0.3,5400,"bu","13:28:48",545300
38.6,0.45,300,"bu","13:04:56",469300
38.6,0.45,300,"bu","13:04:01",468700
38.6,0.45,1000,"bu","13:04:00",468400
38.6,0.45,600,"bu","13:02:38",467000
38.6,0.45,200,"bu","13:03:54",467400
38.6,0.45,200,"bu","13:01:42",466400
38.6,0.45,100,"bu","13:01:41",466200
38.45,0.3,100,"bu","13:27:44",539900
38.5,0.35,100,"bu","13:10:27",484900
38.6,0.45,500,"bu","13:05:42",471700
38.6,0.45,500,"bu","13:05:39",471200
38.55,0.4,1000,"bu","13:00:11",461800
38.5,0.35,100,"bu","13:10:25",484800
38.6,0.45,300,"bu","13:05:38",470700
38.55,0.4,100,"bu","13:00:10",460800
38.65,0.5,100,"bu","11:04:50",418400
38.7,0.55,1000,"sd","10:58:53",411600
38.7,0.55,800,"sd","10:58:52",410600
38.7,0.55,2500,"bu","10:55:50",403700
38.5,0.35,200,"sd","10:35:18",375600
38.65,0.5,2900,"sd","11:04:38",418300
38.75,0.6,300,"bu","11:00:07",412000
38.6,0.45,2600,"bu","10:51:49",393100
38.7,0.55,1300,"bu","10:58:36",409800
38.5,0.35,6300,"sd","10:08:15",318200
38.5,0.35,3000,"sd","10:07:18",311900
38.55,0.4,4800,"sd","11:08:01",433300
38.6,0.45,1000,"bu","10:49:28",390300
38.7,0.55,1200,"bu","10:54:18",398200
38.65,0.5,2800,"bu","10:54:18",397000
38.4,0.25,500,"sd","10:22:35",354400
38.55,0.4,600,"sd","10:38:56",376600
38.75,0.6,500,"bu","11:00:44",412500
38.5,0.35,7200,"sd","11:08:39",441500
38.6,0.45,800,"sd","10:52:46",394100
38.6,0.45,200,"bu","10:50:41",390500
38.55,0.4,1000,"bu","11:08:35",434300
38.55,0.4,400,"bu","10:37:24",376000
38.6,0.45,5000,"sd","11:04:58",423400
38.75,0.6,100,"bu","10:58:54",411700
38.6,0.45,200,"bu","10:52:24",393300
38.5,0.35,400,"sd","09:53:37",287100
38.5,0.35,300,"sd","09:41:56",247700
38.55,0.4,1000,"bu","09:40:32",240900
38.7,0.55,200,"bu","09:55:09",292900
38.6,0.45,3800,"bu","09:55:09",292700
38.55,0.4,1000,"bu","09:55:09",288900
38.5,0.35,1000,"sd","09:53:26",286700
38.5,0.35,300,"bu","09:48:09",281200
38.4,0.25,300,"sd","09:48:06",280900
38.55,0.4,1500,"sd","09:40:28",239900
38.7,0.55,100,"bu","10:02:44",297900
38.5,0.35,500,"sd","09:41:48",247400
38.7,0.55,500,"bu","10:02:41",297800
38.5,0.35,500,"bu","09:54:54",287900
38.5,0.35,100,"bu","09:54:53",287400
38.5,0.35,1000,"sd","09:41:40",246900
38.6,0.45,1000,"bu","09:40:15",238400
38.3,0.15,900,"sd","09:44:07",272500
38.3,0.15,600,"sd","09:44:06",271600
38.35,0.2,1500,"sd","09:44:06",271000
38.5,0.35,100,"bu","09:47:51",280600
38.6,0.45,200,"sd","10:04:49",306300
38.4,0.25,2000,"bu","09:19:10",108200
38.4,0.25,1500,"bu","09:19:06",106200
38.5,0.35,4300,"sd","09:41:35",245900
38.6,0.45,100,"sd","10:04:47",306100
38.6,0.45,600,"sd","10:04:46",306000
38.4,0.25,500,"sd","09:47:44",280500
38.2,0.05,800,"sd","09:19:04",104700
38.3,0.15,600,"sd","09:19:04",103900
38.4,0.25,1000,"sd","09:47:39",280000
38.3,0.15,500,"sd","09:44:46",273400
38.5,0.35,500,"sd","09:42:19",248900
38.4,0.25,100,"bu","09:18:59",103300
38.6,0.45,3000,"sd","10:04:28",305400
38.4,0.25,400,"bu","09:44:42",272900
38.5,0.35,500,"sd","09:42:19",248400
38.7,0.55,500,"bu","10:03:13",298400
38.5,0.35,200,"bu","09:53:44",287300
38.5,0.35,100,"bu","09:48:25",281300
38.4,0.25,1600,"bu","09:47:30",279000
38.7,0.55,3900,"bu","10:04:20",302400
38.65,0.5,100,"bu","10:04:20",298500
38.55,0.4,200,"bu","09:42:09",247900
38.45,0.3,300,"bu","09:17:05",86200
38.5,0.35,600,"bu","09:17:01",85900
38.5,0.35,1000,"bu","09:16:56",85300
38.5,0.35,8000,"sd","09:16:50",84300
38.35,0.2,5000,"sd","09:17:57",93900
38.4,0.25,100,"bu","09:18:39",103200
38.35,0.2,500,"sd","09:18:05",94400
38.35,0.2,100,"sd","09:17:49",88900
38.3,0.15,1900,"sd","09:18:34",103100
38.35,0.2,1100,"sd","09:18:34",101200
38.4,0.25,100,"bu","09:18:33",100100
38.5,0.35,7000,"sd","09:16:38",76300
38.35,0.2,100,"sd","09:17:46",88800
38.4,0.25,200,"bu","09:18:27",100000
38.55,0.4,1000,"bu","09:16:25",69300
38.4,0.25,100,"bu","09:17:40",88700
38.4,0.25,300,"bu","09:17:37",88600
38.4,0.25,2000,"bu","09:17:34",88300
38.4,0.25,5400,"bu","09:18:15",99800
38.4,0.25,100,"bu","09:17:25",86300
38.8,0.65,1500,"bu","09:33:23",196100
38.65,0.5,900,"sd","09:32:09",181700
38.7,0.55,100,"sd","09:29:59",170400
38.65,0.5,1700,"sd","09:32:04",180800
38.7,0.55,5000,"bu","09:27:58",161900
38.8,0.65,1100,"sd","09:33:52",207200
38.8,0.65,8700,"bu","09:33:51",206100
38.75,0.6,200,"bu","09:33:51",197400
38.7,0.55,200,"bu","09:31:36",179100
38.8,0.65,3000,"bu","09:32:52",194600
38.75,0.6,7300,"bu","09:32:52",191600
38.7,0.55,2500,"bu","09:32:52",184300
38.75,0.6,500,"sd","09:34:53",208400
38.7,0.55,100,"sd","09:30:40",174500
38.7,0.55,4000,"sd","09:30:34",174400
38.7,0.55,200,"bu","09:27:33",156900
38.7,0.55,500,"sd","09:33:47",197200
38.7,0.55,100,"sd","09:33:38",196700
38.65,0.5,100,"sd","09:32:23",181800
38.8,0.65,500,"bu","09:33:29",196600
38.6,0.45,8100,"bu","09:25:47",147600
38.55,0.4,300,"bu","09:25:47",139500
38.55,0.4,500,"bu","09:25:44",139200
38.55,0.4,1000,"bu","09:25:28",138700
38.65,0.5,2300,"bu","09:27:02",156700
38.55,0.4,1000,"bu","09:25:24",137700
38.55,0.4,1000,"bu","09:25:22",136700
38.55,0.4,3000,"bu","09:25:19",135700
38.65,0.5,1000,"bu","09:26:55",154400
38.65,0.5,700,"bu","09:26:54",153400
38.55,0.4,5000,"bu","09:25:05",132700
38.45,0.3,400,"bu","09:21:25",121600
38.45,0.3,100,"bu","09:21:23",121200
38.45,0.3,3000,"bu","09:20:11",114900
38.4,0.25,200,"sd","09:20:10",111900
38.45,0.3,100,"bu","09:21:20",121100
38.45,0.3,500,"bu","09:21:14",121000
38.4,0.25,200,"bu","09:19:53",111700
38.4,0.25,2000,"bu","09:19:52",111500
38.5,0.35,300,"bu","09:23:18",127700
38.5,0.35,300,"bu","09:23:17",127400
38.45,0.3,600,"bu","09:21:04",120500
38.5,0.35,200,"bu","09:23:00",126400
38.45,0.3,2000,"bu","09:21:01",119900
38.45,0.3,500,"bu","09:20:55",117900
38.45,0.3,100,"bu","09:20:55",117400
38.45,0.3,100,"bu","09:20:53",117300
38.5,0.35,300,"bu","09:23:15",127100
38.45,0.3,100,"bu","09:20:45",117200
38.4,0.25,300,"bu","09:19:31",109500
38.5,0.35,400,"bu","09:23:07",126800
38.4,0.25,200,"sd","09:20:36",117100
38.5,0.35,500,"bu","09:22:52",126200
38.5,0.35,500,"bu","09:22:51",125700
38.45,0.3,2000,"bu","09:20:26",116900
38.4,0.25,2900,"sd","09:21:26",125000
38.4,0.25,500,"sd","09:21:25",122100
