"price","change","match_qtty","side","time","total_vol"
17.85,0.25,239400,"","14:45:02",6648000
17.8,0.2,100,"bu","14:22:22",5949400
17.8,0.2,1000,"bu","14:22:14",5949300
17.8,0.2,10000,"bu","14:22:05",5948300
17.8,0.2,2000,"bu","14:25:06",5997700
17.85,0.25,10000,"sd","14:11:12",5481300
17.8,0.2,1500,"sd","14:16:03",5824100
17.8,0.2,2000,"sd","14:15:09",5713900
17.8,0.2,7700,"sd","14:14:44",5704000
17.8,0.2,3000,"sd","14:14:43",5696300
17.8,0.2,5000,"sd","14:13:47",5673100
17.8,0.2,500,"sd","14:12:14",5652200
17.8,0.2,6700,"sd","14:16:01",5822600
17.8,0.2,2600,"sd","14:15:58",5815900
17.8,0.2,6000,"sd","14:14:40",5693300
17.8,0.2,2000,"sd","14:14:14",5681200
17.8,0.2,2700,"sd","14:13:46",5668100
17.8,0.2,1000,"sd","14:12:33",5654200
17.8,0.2,17300,"sd","14:15:56",5813300
17.8,0.2,3500,"sd","14:15:02",5711900
17.8,0.2,1100,"sd","14:14:40",5687300
17.8,0.2,500,"sd","14:14:11",5679200
17.8,0.2,1000,"sd","14:12:31",5653200
17.85,0.25,500,"sd","14:11:06",5471300
17.85,0.25,1000,"sd","14:11:05",5470800
17.8,0.2,5000,"sd","14:15:56",5796000
17.8,0.2,30000,"sd","14:15:26",5778000
17.8,0.2,5000,"sd","14:14:36",5686200
17.8,0.2,500,"sd","14:14:09",5678700
17.8,0.2,1000,"sd","14:12:50",5659200
17.8,0.2,1600,"sd","14:15:54",5791000
17.8,0.2,9100,"sd","14:15:24",5748000
17.8,0.2,1000,"sd","14:15:23",5738900
17.8,0.2,100,"sd","14:14:05",5678200
17.8,0.2,100,"sd","14:12:04",5651700
17.85,0.25,89500,"sd","14:11:23",5651100
17.8,0.2,10200,"sd","14:15:22",5737900
17.85,0.25,2000,"sd","14:10:59",5469800
17.8,0.2,10000,"sd","14:15:47",5789400
17.8,0.2,100,"sd","14:15:20",5727700
17.8,0.2,1100,"sd","14:15:18",5727600
17.8,0.2,5000,"sd","14:14:00",5678100
17.8,0.2,4000,"sd","14:12:44",5658200
17.85,0.25,80000,"sd","14:11:19",5561600
17.8,0.2,2100,"sd","14:15:17",5726500
17.8,0.2,10000,"sd","14:15:16",5724400
17.8,0.2,2000,"sd","14:14:50",5708400
17.8,0.2,500,"sd","14:13:33",5665400
17.8,0.2,1400,"sd","14:15:41",5779400
17.8,0.2,500,"sd","14:15:13",5714400
17.8,0.2,100,"sd","14:13:02",5664600
17.8,0.2,5000,"sd","14:13:02",5664500
17.85,0.25,100,"sd","14:29:46",6408600
17.9,0.3,3000,"bu","14:29:46",6408500
17.9,0.3,14400,"bu","14:29:25",6399600
17.9,0.3,800,"bu","14:29:44",6405500
17.85,0.25,5000,"sd","14:29:33",6404600
17.85,0.25,100,"sd","14:29:40",6404700
17.8,0.2,51300,"sd","14:16:09",5889400
17.8,0.2,3000,"sd","14:16:08",5838100
17.8,0.2,500,"sd","14:16:07",5835100
17.8,0.2,10000,"sd","14:16:07",5834600
17.85,0.25,500,"bu","14:16:06",5824600
17.8,0.2,2400,"sd","14:14:46",5706400
17.8,0.2,200,"sd","14:13:20",5664800
17.8,0.2,300,"sd","14:12:57",5659500
17.8,0.2,500,"sd","14:11:55",5651600
17.85,0.25,300,"sd","14:11:14",5481600
17.85,0.25,1000,"bu","14:09:25",5372100
17.7,0.1,1300,"bu","14:00:31",4855800
17.65,0.05,16300,"bu","14:00:31",4854500
17.6,0,62400,"bu","14:00:31",4838200
17.8,0.2,13500,"bu","14:07:20",5291100
17.8,0.2,3000,"bu","14:07:19",5277600
17.6,0,2000,"bu","14:00:16",4775800
17.6,0,6500,"bu","14:00:10",4773800
17.6,0,50000,"bu","14:00:06",4767300
17.85,0.25,100,"sd","14:09:51",5442300
17.85,0.25,2900,"bu","14:10:10",5445200
17.9,0.3,1300,"bu","14:09:49",5442200
17.85,0.25,68700,"bu","14:09:49",5440900
17.85,0.25,500,"bu","14:10:19",5445800
17.85,0.25,100,"bu","14:10:16",5445300
17.85,0.25,100,"bu","14:09:32",5372200
17.75,0.15,100,"bu","14:06:11",5107900
17.75,0.15,500,"bu","14:04:34",5087800
17.7,0.1,100,"sd","14:05:34",5092400
17.7,0.1,1000,"sd","14:04:21",5087300
17.75,0.15,500,"sd","14:19:43",5910000
17.8,0.2,500,"bu","14:06:30",5267000
17.75,0.15,14400,"bu","14:06:00",5107800
17.75,0.15,1000,"sd","14:06:58",5268200
17.8,0.2,200,"bu","14:19:30",5909500
17.8,0.2,2000,"bu","14:19:29",5909300
17.75,0.15,200,"sd","14:07:18",5274600
17.8,0.2,6000,"bu","14:07:05",5274200
17.75,0.15,200,"sd","14:07:18",5274400
17.8,0.2,8600,"bu","14:06:18",5266500
17.8,0.2,1900,"bu","14:06:17",5257900
17.75,0.15,148100,"bu","14:06:17",5256000
17.7,0.1,1000,"sd","14:05:46",5093400
17.7,0.1,100,"sd","14:04:40",5087900
17.75,0.15,200,"sd","14:06:44",5267200
17.6,0,100,"bu","13:35:38",4042800
17.9,0.3,800,"bu","14:28:39",6359000
17.85,0.25,300,"sd","14:28:38",6358200
17.6,0,100,"bu","13:35:36",4042700
17.6,0,42000,"bu","13:35:34",4042600
17.85,0.25,7500,"bu","14:28:14",6158300
17.6,0,1100,"bu","13:36:08",4049900
17.9,0.3,16900,"bu","14:28:37",6357900
17.85,0.25,8800,"bu","14:28:11",6150800
17.6,0,100,"bu","13:36:05",4048800
17.6,0,500,"bu","13:36:00",4048700
17.8,0.2,100,"bu","14:25:57",6019800
17.6,0,100,"bu","13:35:58",4048200
17.8,0.2,4000,"bu","14:25:54",6019700
17.85,0.25,149000,"bu","14:28:32",6341000
17.8,0.2,800,"sd","14:28:04",6142000
17.6,0,5000,"bu","13:35:47",4048100
17.8,0.2,600,"sd","14:28:28",6192000
17.85,0.25,9100,"bu","14:28:24",6191400
17.6,0,100,"bu","13:35:43",4043100
17.8,0.2,5000,"bu","14:26:21",6040300
17.8,0.2,4900,"bu","14:25:46",6015700
17.85,0.25,9900,"bu","14:28:01",6141200
17.8,0.2,10000,"bu","14:26:19",6035300
17.9,0.3,11000,"bu","14:28:45",6384400
17.85,0.25,14400,"bu","14:28:21",6182300
17.9,0.3,14400,"bu","14:28:44",6373400
17.8,0.2,5000,"bu","14:26:14",6025300
17.85,0.25,9300,"bu","14:28:19",6167900
17.8,0.2,500,"bu","14:26:12",6020300
17.8,0.2,300,"sd","14:28:17",6158600
17.8,0.2,2000,"bu","14:26:22",6042300
17.6,0,200,"bu","13:35:39",4043000
17.7,0.1,200,"sd","14:04:07",5086300
17.7,0.1,10000,"bu","14:03:28",5046100
17.7,0.1,72600,"bu","14:02:42",5001400
17.65,0.05,1500,"sd","14:01:41",4867300
17.7,0.1,9900,"bu","14:03:22",5036100
17.7,0.1,5500,"bu","14:02:35",4928800
17.65,0.05,900,"sd","14:03:19",5026200
17.7,0.1,50000,"bu","14:02:32",4923300
17.65,0.05,5000,"bu","13:39:54",4159400
17.65,0.05,400,"sd","14:02:21",4873300
17.65,0.05,1500,"sd","14:02:18",4872900
17.7,0.1,800,"bu","14:01:21",4865800
17.65,0.05,9200,"bu","14:01:21",4865000
17.65,0.05,1000,"sd","14:02:13",4871400
17.7,0.1,100,"bu","14:02:10",4870400
17.7,0.1,10500,"bu","14:03:00",5025300
17.65,0.05,3000,"sd","14:02:02",4870300
17.7,0.1,35900,"bu","14:03:37",5082000
17.75,0.15,4100,"bu","14:03:37",5086100
17.65,0.05,3000,"sd","14:02:55",5014800
17.7,0.1,10400,"bu","14:02:50",5011800
17.65,0.05,2000,"bu","13:39:29",4142200
17.6,0,100,"bu","13:37:27",4089100
17.55,-0.05,200,"bu","13:17:50",3594800
17.55,-0.05,1800,"bu","13:17:19",3582600
17.7,0.1,500,"sd","14:05:02",5088500
17.65,0.05,100,"bu","13:39:28",4140200
17.5,-0.1,1000,"sd","13:15:40",3496300
17.55,-0.05,900,"bu","13:18:23",3617500
17.55,-0.05,200,"bu","13:17:43",3594600
17.7,0.1,100,"sd","14:04:59",5088000
17.55,-0.05,5000,"bu","13:18:13",3613600
17.55,-0.05,300,"bu","13:17:43",3594400
17.55,-0.05,500,"bu","13:17:41",3594100
17.55,-0.05,1000,"bu","13:17:40",3593600
17.55,-0.05,50000,"bu","13:16:08",3546400
17.8,0.2,1000,"bu","14:07:46",5331300
17.6,0,300,"bu","13:37:53",4098700
17.55,-0.05,500,"bu","13:15:32",3495300
17.6,0,500,"sd","13:46:00",4313900
17.55,-0.05,2000,"sd","13:37:52",4098400
17.6,0,100,"bu","13:37:51",4096400
17.55,-0.05,1500,"bu","13:18:07",3608600
17.55,-0.05,100,"bu","13:18:06",3607100
17.8,0.2,10000,"bu","14:07:42",5330300
17.55,-0.05,200,"bu","13:18:04",3607000
17.55,-0.05,1000,"bu","13:18:02",3606800
17.55,-0.05,1000,"bu","13:18:01",3605800
17.55,-0.05,200,"bu","13:15:24",3494800
17.8,0.2,2000,"bu","14:07:40",5320300
17.8,0.2,1800,"bu","14:07:39",5318300
17.8,0.2,200,"bu","14:07:38",5316500
17.65,0.05,5000,"bu","13:39:49",4154400
17.6,0,1000,"bu","13:37:46",4096300
17.55,-0.05,10000,"bu","13:17:57",3604800
17.55,-0.05,10000,"bu","13:17:26",3592600
17.55,-0.05,100,"bu","13:16:00",3496400
17.55,-0.05,100,"bu","13:15:19",3494600
17.8,0.2,100,"bu","14:07:38",5316300
17.6,0,300,"bu","13:37:45",4095300
17.55,-0.05,3000,"bu","13:18:21",3616600
17.6,0,400,"bu","13:27:21",3853600
17.6,0,18300,"bu","13:27:20",3853200
17.6,0,11700,"bu","13:27:20",3834900
17.8,0.2,500,"sd","14:09:14",5371100
17.8,0.2,100,"bu","14:07:37",5316200
17.65,0.05,500,"bu","13:39:44",4149400
17.8,0.2,23000,"bu","14:07:35",5316100
17.65,0.05,1000,"bu","13:39:43",4148900
17.6,0,2500,"bu","13:37:20",4089000
17.8,0.2,3400,"sd","14:08:38",5370600
17.8,0.2,2000,"bu","14:07:33",5293100
17.6,0,100,"bu","13:37:00",4086500
17.8,0.2,100,"sd","14:08:03",5367200
17.6,0,1000,"bu","13:37:38",4095000
17.6,0,4000,"bu","13:37:36",4094000
17.6,0,5000,"bu","13:36:58",4086400
17.7,0.1,100,"sd","14:05:12",5092300
17.7,0.1,3700,"sd","14:05:11",5092200
17.65,0.05,200,"bu","13:39:36",4147900
17.6,0,400,"bu","13:37:34",4090000
17.8,0.2,35800,"bu","14:07:59",5367100
17.65,0.05,500,"bu","13:39:34",4147700
17.6,0,3000,"bu","13:27:24",3856600
17.65,0.05,5000,"bu","13:39:33",4147200
17.6,0,14200,"bu","13:38:03",4112900
17.6,0,500,"bu","13:37:28",4089600
17.5,-0.1,1000,"sd","13:09:05",3419700
17.55,-0.05,400,"bu","13:06:39",3409600
17.5,-0.1,500,"sd","11:27:30",3307700
17.55,-0.05,300,"bu","11:28:19",3312100
17.5,-0.1,1500,"sd","11:27:24",3307200
17.55,-0.05,100,"bu","11:21:15",3198700
17.6,0,200,"bu","11:18:39",3191800
17.55,-0.05,200,"bu","13:09:00",3418700
17.5,-0.1,2100,"sd","13:08:58",3418500
17.55,-0.05,1500,"bu","13:07:01",3411400
17.5,-0.1,100,"sd","11:22:38",3200000
17.55,-0.05,100,"bu","11:21:12",3198600
17.55,-0.05,5000,"bu","13:03:00",3403100
17.55,-0.05,100,"bu","11:28:10",3311800
17.5,-0.1,3500,"sd","11:28:09",3311700
17.55,-0.05,300,"bu","11:22:34",3199900
17.55,-0.05,2000,"sd","11:18:32",3191600
17.6,0,200,"bu","11:17:59",3189100
17.55,-0.05,100,"sd","11:17:59",3188900
17.5,-0.1,3300,"sd","13:06:27",3409200
17.55,-0.05,100,"bu","11:27:08",3305700
17.5,-0.1,100,"sd","11:28:56",3312700
17.55,-0.05,500,"sd","11:17:52",3188800
17.55,-0.05,100,"bu","13:06:49",3409900
17.5,-0.1,1000,"sd","13:06:20",3405900
17.5,-0.1,300,"sd","11:27:52",3308200
17.55,-0.05,100,"bu","11:22:17",3199600
17.5,-0.1,100,"sd","13:06:15",3404900
17.5,-0.1,400,"sd","11:28:46",3312600
17.55,-0.05,100,"bu","11:22:16",3199500
17.55,-0.05,1000,"sd","11:17:46",3188300
17.55,-0.05,400,"bu","11:21:27",3199400
17.55,-0.05,500,"sd","11:18:20",3189600
17.55,-0.05,1000,"sd","11:17:43",3187300
17.6,0,100,"bu","13:26:54",3812200
17.55,-0.05,50000,"sd","13:25:03",3810800
17.6,0,1000,"bu","13:26:21",3812000
17.6,0,10000,"bu","13:27:17",3823200
17.6,0,200,"bu","13:26:03",3811000
17.6,0,100,"bu","13:26:51",3812100
17.6,0,1000,"bu","13:27:14",3813200
17.55,-0.05,50000,"sd","13:24:55",3760800
17.6,0,100,"bu","13:24:55",3710800
17.55,-0.05,100,"bu","13:07:19",3411500
17.55,-0.05,200,"bu","13:06:44",3409800
17.55,-0.05,100,"bu","11:28:31",3312200
17.55,-0.05,200,"bu","11:27:39",3307900
17.55,-0.05,200,"bu","11:26:39",3305600
17.55,-0.05,100,"bu","11:21:25",3199000
17.55,-0.05,200,"bu","11:21:22",3198900
17.6,0,1000,"bu","11:12:19",2133800
17.55,-0.05,100,"sd","11:09:31",2112000
17.5,-0.1,200,"bu","11:12:55",3049900
17.5,-0.1,2100,"bu","11:12:53",3049700
17.6,0,100,"bu","11:12:39",2134400
17.55,-0.05,9100,"sd","11:09:26",2111900
17.55,-0.05,500,"sd","11:12:35",2134300
17.55,-0.05,500,"sd","11:12:12",2132800
17.6,0,100,"bu","11:11:59",2122300
17.55,-0.05,10000,"sd","11:12:11",2132300
17.55,-0.05,1800,"sd","11:11:52",2122200
17.55,-0.05,6500,"sd","11:09:20",2102800
17.55,-0.05,100,"sd","11:09:17",2096300
17.55,-0.05,200,"sd","11:09:16",2096200
17.6,0,100,"bu","11:10:59",2120400
17.6,0,5000,"bu","11:10:21",2118600
17.55,-0.05,900,"sd","11:10:52",2120300
17.6,0,1500,"bu","11:09:39",2113500
17.6,0,100,"bu","11:08:59",2096000
17.6,0,300,"bu","11:10:24",2118900
17.6,0,100,"bu","11:17:19",3184100
17.6,0,100,"bu","11:09:59",2113600
17.6,0,200,"bu","11:17:39",3186300
17.5,-0.1,100,"bu","11:13:36",3156100
17.5,-0.1,900,"bu","11:13:39",3157000
17.5,-0.1,9600,"bu","11:13:19",3156000
17.5,-0.1,5000,"bu","11:13:18",3146400
17.55,-0.05,2000,"sd","11:17:30",3186100
17.5,-0.1,739100,"sd","11:12:47",3047600
17.5,-0.1,91500,"bu","11:12:59",3141400
17.5,-0.1,65200,"sd","11:12:47",2308500
17.55,-0.05,87900,"sd","11:12:47",2243300
17.55,-0.05,6000,"sd","11:12:46",2155400
17.55,-0.05,15000,"sd","11:12:41",2149400
17.55,-0.05,100,"bu","13:17:07",3572700
17.6,0,100,"bu","10:53:59",2039700
17.6,0,300,"bu","10:45:59",1989800
17.6,0,200,"bu","10:45:58",1989500
17.55,-0.05,10000,"bu","13:17:03",3572600
17.6,0,1000,"bu","10:53:53",2039600
17.6,0,1000,"bu","10:34:59",1941500
17.55,-0.05,700,"bu","13:17:00",3562600
17.55,-0.05,500,"bu","13:16:57",3561900
17.6,0,2000,"bu","10:33:59",1828600
17.55,-0.05,100,"sd","10:34:44",1940500
17.6,0,4000,"bu","10:55:14",2044400
17.6,0,300,"bu","10:53:26",2038600
17.6,0,500,"bu","10:34:41",1940400
17.6,0,10100,"bu","10:34:39",1939900
17.6,0,500,"bu","10:34:37",1929800
17.55,-0.05,20000,"sd","10:33:47",1826600
17.6,0,500,"bu","10:34:31",1929300
17.55,-0.05,2000,"bu","13:17:16",3580800
17.55,-0.05,1000,"bu","13:17:15",3578800
17.6,0,100000,"bu","10:34:24",1928800
17.6,0,100,"sd","13:58:46",4381600
17.55,-0.05,1500,"bu","13:16:52",3561400
17.55,-0.05,1200,"bu","13:16:51",3559900
17.55,-0.05,400,"bu","13:16:28",3551800
17.55,-0.05,2000,"bu","13:16:44",3558700
17.55,-0.05,1000,"bu","13:16:42",3556700
17.55,-0.05,800,"bu","13:16:39",3555700
17.55,-0.05,5000,"bu","13:16:20",3551400
17.5,-0.1,100,"sd","13:16:36",3554900
17.55,-0.05,3000,"bu","13:16:34",3554800
17.55,-0.05,5000,"bu","13:17:10",3577800
17.55,-0.05,100,"bu","13:17:08",3572800
17.6,0,700,"bu","10:54:03",2040400
17.6,0,200,"bu","10:34:19",1828800
17.65,0.05,100,"bu","13:51:55",4322500
17.65,0.05,200,"bu","13:51:35",4322400
17.6,0,10000,"bu","13:21:30",3640400
17.55,-0.05,1000,"sd","13:21:28",3630400
17.6,0,1700,"sd","13:49:06",4320100
17.6,0,300,"sd","13:49:06",4318400
17.6,0,400,"sd","13:49:05",4318100
17.6,0,100,"sd","13:55:15",4378400
17.55,-0.05,3800,"bu","11:19:23",3196200
17.6,0,500,"bu","11:10:39",2119400
17.55,-0.05,100,"sd","10:25:38",1795200
17.6,0,1000,"sd","13:51:26",4322100
17.7,0.1,200,"bu","13:45:14",4304000
17.7,0.1,500,"bu","13:44:17",4270500
17.65,0.05,700,"sd","13:45:11",4303800
17.65,0.05,10000,"sd","13:43:35",4268000
17.55,-0.05,300,"bu","11:23:39",3203400
17.6,0,100,"bu","10:27:00",1796600
17.6,0,100,"bu","10:26:19",1796500
17.65,0.05,100,"bu","13:48:01",4317700
17.5,-0.1,3000,"sd","11:23:34",3203100
17.6,0,100,"bu","10:48:58",2006400
17.6,0,100,"bu","10:36:34",1948200
17.7,0.1,2900,"bu","13:43:28",4258000
17.55,-0.05,1200,"sd","10:26:14",1796400
17.55,-0.05,600,"sd","11:19:09",3192400
17.6,0,500,"bu","10:25:19",1795100
17.65,0.05,1100,"sd","13:44:50",4273100
17.6,0,600,"bu","13:32:07",3960300
17.65,0.05,100,"bu","13:47:42",4317600
17.6,0,1000,"sd","13:47:42",4317500
17.65,0.05,100,"bu","13:46:48",4316500
17.55,-0.05,4700,"sd","13:32:00",3959700
17.55,-0.05,200,"sd","13:30:51",3884900
17.6,0,1000,"sd","13:50:19",4321100
17.65,0.05,500,"bu","13:46:43",4316400
17.6,0,100,"bu","13:31:58",3955000
17.6,0,70000,"bu","13:31:50",3954900
17.55,-0.05,500,"sd","11:17:00",3184000
17.6,0,600,"bu","11:16:59",3183500
17.6,0,600,"bu","10:33:19",1806600
17.6,0,100,"bu","10:33:18",1806000
17.6,0,500,"bu","10:33:17",1805900
17.65,0.05,600,"sd","13:44:39",4272000
17.65,0.05,1000,"bu","13:46:23",4315900
17.65,0.05,500,"sd","13:44:38",4271400
17.55,-0.05,300,"bu","11:19:39",3196500
17.55,-0.05,6400,"bu","11:16:53",3182900
17.65,0.05,300,"sd","13:44:31",4270900
17.65,0.05,2000,"sd","13:43:45",4270000
17.6,0,600,"bu","10:33:11",1805400
17.6,0,1000,"sd","13:46:12",4314900
17.7,0.1,100,"bu","13:44:27",4270600
17.65,0.05,100,"bu","13:51:30",4322200
17.6,0,100,"bu","10:11:19",1544100
17.55,-0.05,1000,"bu","10:10:22",1535800
17.6,0,500,"sd","13:39:58",4159900
17.6,0,200,"bu","10:44:59",1981000
17.6,0,2000,"bu","10:11:42",1546100
17.6,0,2600,"bu","10:44:50",1980800
17.5,-0.1,300,"sd","10:09:26",1522500
17.5,-0.1,5800,"sd","10:09:25",1522200
17.6,0,700,"bu","10:08:59",1177300
17.55,-0.05,5600,"bu","10:09:23",1516400
17.65,0.05,3800,"sd","13:45:32",4312000
17.6,0,300,"bu","10:44:39",1978200
17.6,0,100,"bu","10:08:53",1176600
17.55,-0.05,7000,"sd","10:08:52",1176500
17.65,0.05,300,"bu","13:45:44",4312300
17.65,0.05,3000,"sd","13:45:30",4308200
17.65,0.05,200,"sd","13:45:29",4305200
17.55,-0.05,30300,"bu","10:09:19",1510800
17.65,0.05,30000,"sd","13:45:01",4303100
17.6,0,200,"bu","10:58:19",2050400
17.6,0,2600,"bu","10:44:31",1977900
17.55,-0.05,100,"bu","10:10:27",1535900
17.65,0.05,1000,"sd","13:45:23",4305000
17.6,0,2000,"bu","10:58:12",2050200
17.6,0,300,"bu","10:44:21",1975300
17.6,0,1000,"bu","10:44:19",1975000
17.55,-0.05,100,"bu","10:09:12",1480500
17.65,0.05,1000,"sd","13:42:53",4255100
17.55,-0.05,500,"sd","10:56:52",2045600
17.55,-0.05,100,"sd","10:56:51",2045100
17.6,0,200,"bu","10:56:57",2045800
17.6,0,2600,"bu","10:45:48",1989300
17.6,0,100,"bu","10:45:48",1986700
17.6,0,1000,"sd","13:45:57",4313400
17.65,0.05,100,"bu","13:45:54",4312400
17.55,-0.05,100,"sd","10:56:31",2045000
17.6,0,600,"bu","10:52:09",2026200
17.6,0,400,"bu","10:43:59",1974000
17.6,0,200,"bu","10:43:55",1973600
17.6,0,2600,"bu","10:43:55",1973400
17.6,0,200,"bu","10:45:39",1986600
17.6,0,1000,"bu","10:43:51",1970800
17.6,0,100,"bu","10:43:47",1969800
17.6,0,100,"bu","10:57:20",2045900
17.6,0,2600,"bu","10:45:22",1986400
17.6,0,200,"bu","10:45:19",1983800
17.6,0,2200,"sd","13:40:22",4162100
17.55,-0.05,303100,"sd","10:09:07",1480400
17.6,0,17000,"sd","09:43:09",569900
17.6,0,100,"bu","09:55:39",885000
17.65,0.05,200,"bu","09:43:39",572300
17.55,-0.05,300,"sd","10:28:22",1800500
17.6,0,1000,"bu","09:55:23",884900
17.6,0,500,"sd","09:43:30",572100
17.55,-0.05,200,"sd","10:27:51",1800200
17.6,0,300,"bu","10:27:39",1800000
17.65,0.05,1700,"bu","09:43:19",571600
17.6,0,300,"bu","09:55:58",885800
17.55,-0.05,2000,"sd","10:27:24",1799700
17.55,-0.05,100,"bu","10:15:02",1604700
17.6,0,500,"bu","09:55:50",885500
17.6,0,5000,"bu","09:54:07",874500
17.6,0,100,"bu","09:54:05",869500
17.65,0.05,100,"bu","09:42:39",552900
17.6,0,1000,"bu","13:28:07",3860000
17.75,0.15,100,"sd","14:18:46",5898800
17.55,-0.05,100,"sd","13:18:48",3618300
17.55,-0.05,700,"bu","13:18:47",3618200
17.75,0.15,1000,"sd","14:18:35",5898700
17.6,0,300,"bu","13:27:38",3856900
17.6,0,3000,"bu","13:19:38",3626300
17.75,0.15,3500,"sd","14:19:21",5907300
17.55,-0.05,2000,"sd","13:24:26",3699700
17.75,0.15,5000,"sd","14:19:17",5903800
17.55,-0.05,700,"bu","10:17:59",1733700
17.55,-0.05,5000,"sd","13:19:30",3623300
17.55,-0.05,500,"sd","13:23:38",3690200
17.55,-0.05,1000,"bu","10:17:55",1733000
17.55,-0.05,1100,"bu","10:17:54",1732000
17.55,-0.05,10000,"bu","10:14:48",1603500
17.55,-0.05,1500,"sd","13:24:03",3697700
17.75,0.15,7500,"sd","14:18:08",5897700
17.55,-0.05,6000,"sd","13:23:59",3696200
17.65,0.05,3400,"sd","09:36:24",426600
17.7,0.1,300,"bu","09:35:39",355000
17.65,0.05,10000,"sd","09:36:19",423200
17.7,0.1,4700,"bu","09:36:19",413200
17.65,0.05,38000,"sd","09:36:13",408500
17.65,0.05,7500,"sd","09:36:04",370500
17.65,0.05,1000,"sd","09:36:03",363000
17.7,0.1,3200,"bu","09:35:19",354700
17.7,0.1,600,"bu","09:35:59",362000
17.7,0.1,1000,"bu","09:35:57",361400
17.7,0.1,1300,"bu","09:35:08",351500
17.65,0.05,30000,"sd","09:35:08",350200
17.7,0.1,300,"bu","09:35:05",320200
17.7,0.1,100,"bu","09:35:48",360400
17.6,0,11700,"sd","09:36:39",440100
17.65,0.05,1800,"bu","09:36:39",428400
17.6,0,100,"sd","09:37:36",442700
17.65,0.05,100,"bu","09:37:19",442600
17.65,0.05,1400,"bu","09:36:59",442500
17.65,0.05,1000,"bu","09:36:56",441100
17.7,0.1,300,"bu","09:35:42",360300
17.65,0.05,5000,"sd","09:35:41",360000
17.6,0,15000,"bu","13:22:19",3687400
17.55,-0.05,3000,"sd","13:21:05",3629400
17.55,-0.05,100,"bu","13:15:09",3494500
17.55,-0.05,100,"sd","13:20:55",3626400
17.6,0,100,"bu","10:08:37",1169500
17.5,-0.1,7000,"sd","13:14:56",3493400
17.6,0,5000,"bu","09:53:03",860500
17.6,0,30000,"bu","13:21:57",3672400
17.6,0,2000,"bu","13:21:56",3642400
17.55,-0.05,100,"sd","13:22:47",3689700
17.55,-0.05,100,"sd","13:22:38",3689600
17.55,-0.05,2000,"sd","13:22:28",3689500
17.6,0,100,"bu","13:22:27",3687500
17.6,0,400,"bu","11:15:59",3175400
17.6,0,800,"bu","10:39:19",1963000
17.5,-0.1,500,"bu","11:14:11",3161700
17.55,-0.05,500,"bu","13:12:54",3445600
17.5,-0.1,1000,"sd","13:08:33",3416000
17.55,-0.05,100,"bu","11:20:39",3198400
17.5,-0.1,4000,"sd","11:15:57",3175000
17.7,0.1,500,"bu","09:34:39",313700
17.65,0.05,5000,"sd","09:34:38",313200
17.6,0,1100,"bu","10:42:50",1967800
17.6,0,100,"bu","10:39:14",1962200
17.5,-0.1,500,"bu","11:14:09",3161200
17.55,-0.05,10000,"bu","13:12:49",3445100
17.55,-0.05,400,"bu","11:20:35",3198300
17.7,0.1,600,"bu","09:34:33",308200
17.6,0,100,"bu","10:42:44",1966700
17.5,-0.1,1000,"bu","11:14:04",3160700
17.5,-0.1,3000,"sd","13:08:24",3415000
17.6,0,100,"bu","10:40:58",1964700
17.5,-0.1,500,"bu","11:14:04",3159700
17.5,-0.1,100,"bu","11:14:03",3159200
17.55,-0.05,100,"bu","13:12:40",3435100
17.55,-0.05,500,"bu","13:08:22",3412000
17.55,-0.05,100,"bu","11:20:25",3197900
17.7,0.1,100,"bu","09:34:20",307600
17.6,0,200,"bu","09:52:21",849700
17.6,0,100,"bu","10:40:55",1964600
17.5,-0.1,200,"bu","11:13:59",3159100
17.55,-0.05,1500,"bu","13:12:34",3435000
17.55,-0.05,1300,"bu","11:20:22",3197800
17.55,-0.05,100,"bu","11:16:19",3176500
17.6,0,100,"bu","09:52:19",849500
17.5,-0.1,500,"bu","11:13:56",3158900
17.55,-0.05,1000,"sd","11:16:15",3176400
17.6,0,500,"bu","11:15:39",3171000
17.6,0,100,"bu","10:42:19",1966600
17.55,-0.05,100,"bu","13:13:20",3452600
17.55,-0.05,200,"bu","13:12:29",3433500
17.55,-0.05,200,"bu","13:09:20",3420700
17.7,0.1,100,"bu","09:34:09",307500
17.6,0,1100,"bu","10:42:14",1966500
17.5,-0.1,100,"bu","11:13:50",3158400
17.55,-0.05,500,"bu","13:00:00",3323000
17.5,-0.1,400,"sd","13:00:00",3322500
17.55,-0.05,500,"bu","13:00:00",3322100
17.5,-0.1,200,"bu","11:13:47",3158300
17.5,-0.1,100,"bu","11:13:45",3158100
17.5,-0.1,200,"sd","13:14:01",3453400
17.65,0.05,2300,"bu","09:46:58",733100
17.5,-0.1,1000,"bu","11:13:44",3158000
17.5,-0.1,800,"sd","13:09:08",3420500
17.5,-0.1,300,"sd","13:13:51",3453200
17.55,-0.05,300,"bu","13:13:08",3452500
17.55,-0.05,500,"bu","13:03:20",3403600
17.5,-0.1,5000,"sd","11:15:26",3170500
17.6,0,500,"bu","10:41:45",1965400
17.5,-0.1,1200,"sd","11:14:26",3165300
17.5,-0.1,600,"bu","11:14:25",3164100
17.55,-0.05,100,"bu","13:12:08",3433300
17.6,0,200,"bu","10:39:40",1964400
17.55,-0.05,3000,"bu","13:14:39",3486400
17.5,-0.1,300,"sd","13:13:41",3452900
17.55,-0.05,1500,"bu","13:12:59",3452200
17.5,-0.1,200,"bu","11:14:21",3163500
17.5,-0.1,30000,"sd","13:14:36",3483400
17.55,-0.05,100,"bu","11:20:54",3198500
17.6,0,400,"bu","10:02:19",1128000
17.6,0,200,"bu","10:41:28",1964900
17.6,0,1000,"bu","10:39:29",1964200
17.5,-0.1,400,"bu","11:14:19",3163300
17.5,-0.1,100,"bu","11:14:16",3162900
17.55,-0.05,400,"bu","13:08:39",3416400
17.6,0,500,"bu","10:02:17",1127600
17.6,0,2000,"bu","10:02:14",1127100
17.6,0,200,"bu","11:14:39",3165500
17.6,0,200,"bu","10:39:22",1963200
17.5,-0.1,1000,"bu","11:14:15",3162800
17.5,-0.1,100,"bu","11:14:14",3161800
17.55,-0.05,100,"bu","13:12:58",3450700
17.55,-0.05,5000,"bu","13:12:56",3450600
17.5,-0.1,200,"sd","13:01:09",3346100
17.6,0,600,"bu","11:07:19",2092200
17.6,0,2600,"bu","10:47:22",2000000
17.6,0,700,"bu","11:06:12",2067300
17.6,0,100,"bu","11:06:09",2066600
17.6,0,200,"bu","10:47:19",1997400
17.6,0,100,"bu","10:21:08",1772000
17.6,0,400,"bu","11:07:09",2091600
17.6,0,100,"bu","11:07:08",2091200
17.6,0,100,"bu","11:06:03",2066500
17.6,0,100,"bu","10:48:40",2006300
17.6,0,2600,"bu","10:47:03",1997200
17.6,0,200,"bu","10:47:02",1994600
17.6,0,100,"bu","10:21:59",1784800
17.6,0,5000,"bu","11:07:03",2091100
17.6,0,200,"bu","10:48:33",2006200
17.6,0,600,"bu","11:06:59",2086100
17.6,0,600,"bu","10:48:28",2006000
17.55,-0.05,3000,"sd","11:06:57",2085500
17.6,0,200,"bu","10:48:19",2005400
17.55,-0.05,100,"sd","10:21:49",1784700
17.55,-0.05,1800,"sd","11:06:55",2082500
17.6,0,100,"bu","11:03:59",2060700
17.55,-0.05,900,"sd","11:03:57",2060600
17.6,0,100,"bu","11:02:39",2058200
17.6,0,100,"bu","10:46:39",1994400
17.6,0,100,"bu","10:46:38",1994300
17.6,0,500,"bu","10:21:43",1784600
17.6,0,200,"bu","11:06:49",2080700
17.55,-0.05,300,"sd","11:02:33",2058100
17.6,0,1000,"bu","11:02:31",2057800
17.6,0,2000,"bu","10:48:08",2005200
17.6,0,1100,"bu","10:21:39",1784100
17.6,0,100,"bu","11:02:27",2056800
17.6,0,1200,"bu","11:06:39",2080500
17.6,0,100,"bu","11:03:39",2059700
17.6,0,400,"bu","10:55:19",2044800
17.6,0,100,"bu","10:47:58",2003200
17.6,0,100,"bu","10:46:22",1994200
17.6,0,1000,"bu","10:46:20",1994100
17.6,0,300,"bu","10:46:19",1993100
17.6,0,100,"bu","11:02:19",2056700
17.55,-0.05,10000,"sd","11:06:32",2079300
17.6,0,100,"bu","10:51:00",2017700
17.6,0,100,"bu","10:50:59",2017600
17.6,0,100,"bu","10:36:48",1948400
17.6,0,100,"bu","10:36:47",1948300
17.6,0,100,"bu","10:32:25",1804800
17.6,0,100,"bu","10:32:23",1804700
17.6,0,300,"bu","11:02:11",2056600
17.55,-0.05,1400,"sd","11:02:06",2056300
17.6,0,200,"bu","10:49:21",2006600
17.6,0,500,"bu","10:47:39",2003100
17.6,0,2600,"bu","10:47:35",2002600
17.55,-0.05,2000,"sd","11:06:23",2069300
17.55,-0.05,1400,"sd","11:03:20",2059600
17.6,0,11000,"bu","10:21:19",1783000
17.55,-0.05,500,"bu","10:09:56",1532000
17.55,-0.05,1300,"bu","10:17:19",1724200
17.55,-0.05,3000,"bu","10:17:17",1722900
17.5,-0.1,1000,"sd","10:16:35",1608000
17.65,0.05,100,"bu","09:15:02",29000
17.55,-0.05,100,"bu","10:09:53",1531500
17.6,0,100,"bu","10:31:39",1804400
17.55,-0.05,400,"bu","10:14:29",1586200
17.6,0,28900,"","09:15:01",28900
17.6,0,700,"bu","10:11:59",1551800
17.55,-0.05,1600,"sd","10:13:44",1584100
17.55,-0.05,5000,"sd","10:11:56",1551100
17.5,-0.1,2500,"sd","10:09:48",1531400
17.55,-0.05,400,"bu","10:17:49",1730900
17.5,-0.1,500,"sd","10:17:49",1730500
17.55,-0.05,500,"bu","10:17:48",1730000
17.6,0,3000,"sd","09:15:45",43000
17.55,-0.05,1600,"sd","10:31:25",1804300
17.55,-0.05,1000,"bu","10:17:46",1729500
17.55,-0.05,100,"bu","10:15:21",1606400
17.6,0,100,"bu","10:13:39",1582500
17.6,0,5000,"sd","09:15:42",40000
17.55,-0.05,2000,"bu","10:17:44",1728500
17.55,-0.05,100,"bu","10:17:43",1726500
17.55,-0.05,200,"bu","10:15:19",1606300
17.55,-0.05,100,"bu","10:14:19",1585800
17.55,-0.05,4400,"bu","10:09:39",1528900
17.6,0,200,"bu","10:31:19",1802700
17.55,-0.05,500,"bu","10:15:16",1606100
17.6,0,700,"sd","09:15:29",35000
17.55,-0.05,600,"sd","10:11:01",1544000
17.55,-0.05,400,"bu","10:17:39",1726400
17.55,-0.05,500,"bu","10:16:11",1607000
17.6,0,4300,"sd","09:15:29",34300
17.6,0,600,"bu","10:10:59",1543400
17.55,-0.05,500,"sd","10:10:58",1542800
17.5,-0.1,2000,"sd","10:09:33",1524500
17.55,-0.05,10200,"bu","10:16:59",1719900
17.55,-0.05,700,"bu","10:15:09",1605600
17.55,-0.05,4000,"bu","10:10:56",1542300
17.55,-0.05,700,"bu","10:10:35",1536600
17.55,-0.05,2000,"sd","10:31:03",1802500
17.55,-0.05,500,"bu","10:17:33",1726000
17.55,-0.05,100000,"bu","10:16:58",1709700
17.55,-0.05,200,"bu","10:15:07",1604900
17.7,0.1,300,"bu","09:28:19",234700
17.7,0.1,100,"bu","09:26:39",208100
17.55,-0.05,400,"bu","10:13:30",1582400
17.55,-0.05,1100,"bu","10:10:19",1534800
17.55,-0.05,900,"bu","10:17:31",1725500
17.55,-0.05,100,"bu","10:15:49",1606500
17.55,-0.05,1000,"bu","10:14:59",1604600
17.7,0.1,800,"bu","09:26:36",208000
17.7,0.1,100,"bu","09:26:12",206200
17.55,-0.05,100,"bu","10:13:29",1582000
17.6,0,100,"bu","10:32:03",1804600
17.55,-0.05,100,"bu","10:16:52",1609700
17.5,-0.1,500,"sd","10:16:52",1609600
17.55,-0.05,100,"bu","10:14:58",1603600
17.7,0.1,100,"bu","09:28:11",234400
17.55,-0.05,500,"bu","10:10:49",1538300
17.55,-0.05,1000,"bu","10:10:14",1533700
17.55,-0.05,100,"bu","10:17:27",1724600
17.55,-0.05,1100,"bu","10:14:01",1585700
17.55,-0.05,200,"bu","10:13:59",1584600
17.7,0.1,1000,"bu","09:26:30",207200
17.55,-0.05,1000,"bu","10:16:43",1609100
17.65,0.05,1300,"sd","09:28:02",234300
17.55,-0.05,100,"bu","10:16:39",1608100
17.55,-0.05,700,"bu","10:14:39",1593500
17.55,-0.05,6600,"bu","10:14:37",1592800
17.55,-0.05,300,"bu","10:13:55",1584400
17.65,0.05,2300,"sd","09:26:46",210400
17.5,-0.1,500,"sd","10:13:19",1581900
17.55,-0.05,400,"bu","10:13:19",1581400
17.55,-0.05,1000,"bu","10:10:39",1537800
17.55,-0.05,200,"bu","10:10:39",1536800
17.55,-0.05,700,"bu","10:09:59",1532700
17.6,0,100,"bu","10:31:48",1804500
17.55,-0.05,300,"bu","10:17:21",1724500
17.6,0,3500,"sd","09:16:06",46500
17.6,0,600,"sd","09:15:13",30000
17.65,0.05,400,"sd","09:15:13",29400
17.6,0,18300,"bu","09:56:29",904300
17.5,-0.1,3900,"sd","10:12:32",1574400
17.55,-0.05,500,"bu","10:13:15",1581000
17.5,-0.1,1000,"sd","10:12:29",1570500
17.6,0,10000,"sd","09:59:04",941100
17.6,0,2800,"sd","09:59:01",931100
17.5,-0.1,3600,"sd","10:12:28",1569500
17.55,-0.05,6400,"sd","10:12:28",1565900
17.65,0.05,2000,"bu","09:58:59",928300
17.6,0,10000,"sd","09:58:54",926300
17.55,-0.05,4600,"bu","10:12:24",1559500
17.55,-0.05,500,"bu","10:13:04",1577500
17.6,0,10000,"sd","09:58:42",916300
17.55,-0.05,200,"bu","10:12:59",1577000
17.55,-0.05,300,"bu","10:12:19",1554900
17.65,0.05,100,"bu","09:58:30",906300
17.65,0.05,100,"bu","09:56:59",906200
17.55,-0.05,500,"bu","10:12:12",1554600
17.55,-0.05,500,"sd","10:06:35",1165200
17.55,-0.05,2000,"bu","10:13:14",1580500
17.55,-0.05,500,"bu","10:12:47",1576800
17.55,-0.05,1000,"bu","10:13:10",1578500
17.55,-0.05,1300,"sd","10:12:06",1554100
17.55,-0.05,1000,"sd","10:12:06",1552800
17.55,-0.05,1900,"bu","10:12:39",1576300
17.6,0,200,"bu","09:56:13",886000
17.6,0,100,"bu","10:06:51",1165300
17.65,0.05,1800,"bu","09:56:39",906100
17.6,0,4300,"bu","09:52:51",855000
17.6,0,1000,"bu","09:51:11",815200
17.6,0,1000,"bu","09:52:48",850700
17.6,0,100,"bu","09:51:10",814200
17.6,0,20000,"bu","09:50:10",788300
17.65,0.05,1000,"bu","09:21:59",128400
17.6,0,100,"bu","09:52:03",849400
17.6,0,5000,"sd","09:21:55",127400
17.6,0,3100,"sd","09:21:54",122400
17.6,0,500,"sd","09:21:52",119300
17.6,0,1200,"bu","09:51:59",849300
17.6,0,5000,"bu","09:51:02",814100
17.55,-0.05,100,"sd","09:51:01",809100
17.6,0,900,"bu","09:50:59",809000
17.6,0,10000,"bu","09:51:57",848100
17.6,0,500,"bu","09:51:56",838100
17.6,0,100,"bu","09:50:55",808100
17.6,0,800,"bu","09:49:13",767500
17.65,0.05,1400,"bu","09:21:39",118800
17.6,0,100,"bu","09:51:49",837600
17.6,0,7600,"bu","09:50:48",808000
17.6,0,1000,"bu","09:19:28",84800
17.6,0,200,"bu","09:50:47",800400
17.6,0,1000,"sd","09:22:21",129500
17.65,0.05,100,"bu","09:22:19",128500
17.6,0,5000,"bu","09:19:22",83800
17.6,0,100,"bu","09:50:40",800200
17.6,0,1400,"bu","09:50:39",800100
17.6,0,100,"bu","09:19:19",78800
17.6,0,500,"bu","09:50:36",798700
17.6,0,2000,"bu","09:51:39",837500
17.6,0,5000,"bu","09:51:35",835500
17.6,0,5700,"bu","09:50:29",797700
17.6,0,500,"bu","09:50:30",798200
17.6,0,2000,"bu","09:51:33",830500
17.6,0,1000,"bu","09:50:25",792000
17.6,0,200,"bu","09:51:28",828500
17.6,0,200,"bu","09:50:21",791000
17.6,0,2000,"bu","09:51:24",828300
17.6,0,10000,"bu","09:51:22",826300
17.6,0,2000,"bu","09:50:19",790800
17.6,0,500,"bu","09:50:18",788800
17.65,0.05,700,"bu","09:46:59",733800
17.6,0,500,"bu","09:52:59",855500
17.6,0,300,"bu","09:51:20",816300
17.6,0,700,"bu","09:51:19",816000
17.6,0,100,"bu","09:51:16",815300
17.65,0.05,500,"bu","09:31:00",260700
17.7,0.1,3000,"bu","09:29:12",237800
17.55,-0.05,1000,"bu","10:18:27",1760200
17.65,0.05,600,"bu","09:30:59",260200
17.65,0.05,400,"bu","09:30:53",259600
17.65,0.05,5600,"sd","09:30:52",259200
17.7,0.1,100,"bu","09:29:02",234800
17.85,0.25,9800,"bu","14:27:03",6073500
17.8,0.2,100,"bu","14:27:03",6063700
17.8,0.2,100,"bu","14:27:02",6063600
17.6,0,1800,"bu","10:18:19",1759200
17.55,-0.05,500,"bu","10:18:19",1757400
17.8,0.2,500,"bu","14:27:01",6063500
17.8,0.2,300,"bu","14:27:00",6063000
17.55,-0.05,1000,"sd","10:19:06",1765400
17.55,-0.05,10000,"bu","10:18:17",1756900
17.55,-0.05,1000,"bu","10:18:15",1746900
17.55,-0.05,1000,"bu","10:18:13",1745900
17.6,0,300,"bu","10:18:59",1764400
17.6,0,1000,"bu","10:18:58",1764100
17.55,-0.05,1000,"bu","10:18:11",1744900
17.55,-0.05,10000,"bu","10:18:10",1743900
17.65,0.05,200,"bu","09:29:53",243200
17.6,0,500,"bu","10:19:41",1766000
17.5,-0.1,200,"sd","10:18:08",1733900
17.55,-0.05,100,"sd","10:18:52",1763100
17.55,-0.05,2500,"sd","10:18:51",1763000
17.65,0.05,1000,"bu","09:29:39",243000
17.85,0.25,100,"bu","14:27:17",6107500
17.85,0.25,14400,"bu","14:27:24",6131300
17.8,0.2,1000,"sd","14:27:14",6107400
17.8,0.2,1100,"sd","14:26:28",6052500
17.8,0.2,3100,"bu","14:26:27",6051400
17.85,0.25,300,"sd","14:28:54",6385200
17.85,0.25,500,"sd","14:28:49",6384900
17.65,0.05,100,"bu","09:31:19",261000
17.85,0.25,7500,"bu","14:27:12",6106400
17.8,0.2,6000,"bu","14:26:27",6048300
17.6,0,300,"bu","10:18:39",1760500
17.65,0.05,600,"bu","09:29:19",242000
17.8,0.2,9000,"bu","14:25:40",6010800
17.85,0.25,9400,"bu","14:27:20",6116900
17.6,0,100,"bu","10:19:19",1765500
17.85,0.25,11000,"bu","14:27:10",6098900
17.85,0.25,14400,"bu","14:27:09",6087900
17.85,0.25,6300,"bu","14:26:39",6062700
17.8,0.2,3900,"bu","14:26:39",6056400
17.65,0.05,200,"bu","09:31:05",260900
17.65,0.05,100,"sd","09:29:15",241400
17.65,0.05,3500,"sd","09:29:14",241300
17.6,0,100,"bu","10:01:49",1122400
17.6,0,10000,"sd","10:00:22",990800
17.65,0.05,1500,"bu","10:00:19",980800
17.65,0.05,200,"bu","09:45:29",587900
17.6,0,300,"bu","09:46:19",684000
17.6,0,900,"bu","09:46:19",683700
17.75,0.15,900,"sd","14:21:12",5911400
17.6,0,1300,"sd","10:01:39",1122300
17.65,0.05,800,"bu","10:01:39",1121000
17.6,0,100,"sd","10:01:38",1120200
17.6,0,600,"bu","10:01:35",1120100
17.6,0,200,"bu","10:01:34",1119500
17.6,0,15000,"sd","10:00:10",979300
17.6,0,1100,"bu","09:46:15",682800
17.8,0.2,10000,"bu","14:21:53",5938300
17.8,0.2,200,"bu","14:21:52",5928300
17.8,0.2,200,"bu","14:21:09",5910500
17.6,0,100,"bu","10:01:31",1119300
17.65,0.05,100,"bu","10:00:04",964300
17.6,0,500,"sd","10:00:03",964200
17.6,0,200,"bu","09:46:11",681700
17.65,0.05,800,"bu","09:45:19",587700
17.65,0.05,100,"bu","09:45:17",586900
17.6,0,1000,"sd","09:45:17",586800
17.8,0.2,25100,"bu","14:23:58",5974600
17.8,0.2,500,"bu","14:25:08",5998200
17.6,0,100,"bu","10:01:27",1119200
17.8,0.2,200,"bu","14:20:44",5910300
17.65,0.05,1000,"bu","10:01:19",1119100
17.6,0,6200,"bu","10:01:19",1118100
17.6,0,100,"bu","10:01:16",1111900
17.65,0.05,200,"bu","09:45:11",585800
17.8,0.2,300,"bu","14:24:53",5995700
17.6,0,500,"bu","10:01:15",1111800
17.6,0,300,"bu","10:01:12",1111300
17.75,0.15,7500,"sd","14:21:44",5928100
17.6,0,1000,"bu","10:01:11",1111000
17.6,0,8500,"bu","09:45:59",681500
17.6,0,7200,"sd","09:45:07",585600
17.8,0.2,100,"bu","14:21:42",5920600
17.75,0.15,100,"sd","14:20:35",5910100
17.6,0,1000,"bu","10:01:05",1110000
17.6,0,65900,"sd","10:01:03",1109000
17.6,0,83600,"sd","09:45:55",673000
17.65,0.05,3200,"bu","10:00:59",1043100
17.6,0,1000,"sd","09:45:51",589400
17.8,0.2,100,"bu","14:22:57",5949500
17.6,0,2000,"bu","10:02:10",1125100
17.6,0,30000,"sd","10:00:50",1039900
17.65,0.05,100,"bu","09:46:42",730800
17.8,0.2,3600,"bu","14:25:30",6001800
17.65,0.05,4300,"bu","09:46:39",730700
17.65,0.05,2700,"bu","10:00:39",1009900
17.6,0,4000,"sd","09:46:36",726400
17.6,0,37800,"bu","09:46:35",722400
17.75,0.15,9100,"sd","14:21:26",5920500
17.65,0.05,12900,"bu","10:00:34",1007200
17.6,0,600,"bu","09:46:33",684600
17.6,0,400,"sd","09:45:39",588400
17.65,0.05,100,"bu","09:45:39",588000
17.8,0.2,3800,"bu","14:24:28",5989200
17.8,0.2,6200,"bu","14:24:29",5995400
17.6,0,200,"bu","10:01:59",1123100
17.6,0,100,"bu","10:01:57",1122900
17.6,0,3500,"sd","10:00:28",994300
17.8,0.2,500,"bu","14:24:12",5985400
17.6,0,400,"bu","10:01:55",1122800
17.8,0.2,10000,"bu","14:24:10",5984900
17.8,0.2,300,"bu","14:24:08",5974900
17.8,0.2,500,"bu","14:17:04",5890200
17.6,0,100,"bu","13:59:32",4681200
17.6,0,299500,"sd","13:59:22",4681100
17.8,0.2,100,"bu","14:16:45",5889700
17.8,0.2,200,"bu","14:16:44",5889600
17.85,0.25,22000,"bu","14:10:23",5467800
17.6,0,100,"bu","14:00:00",4717300
17.6,0,1000,"bu","13:59:55",4717200
17.6,0,35000,"bu","13:59:49",4716200
17.6,0,3000,"sd","13:58:00",4381500
17.8,0.2,100,"sd","14:13:24",5664900
17.65,0.05,200,"sd","13:42:20",4204100
17.65,0.05,5000,"bu","13:41:39",4170600
17.6,0,500,"sd","13:34:27",3997600
17.6,0,100,"sd","13:54:56",4378300
17.65,0.05,3000,"bu","13:53:22",4376300
17.65,0.05,6600,"bu","09:38:22",516400
17.6,0,8000,"bu","13:34:22",3997100
17.6,0,200,"bu","13:33:19",3972100
17.6,0,9000,"bu","13:33:17",3971900
17.6,0,100,"bu","13:36:28",4081400
17.6,0,700,"sd","13:53:16",4373300
17.65,0.05,1000,"sd","13:42:13",4203900
17.6,0,100,"bu","09:39:23",528900
17.6,0,66000,"sd","09:38:15",509800
17.6,0,2000,"bu","13:36:21",4081300
17.6,0,5600,"bu","13:30:18",3879700
17.6,0,100,"bu","09:39:19",528800
17.6,0,600,"sd","13:54:43",4378200
17.65,0.05,29900,"bu","13:42:08",4202900
17.65,0.05,10000,"bu","13:38:46",4138000
17.65,0.05,500,"bu","13:41:22",4165600
17.65,0.05,3000,"bu","13:40:46",4165100
17.65,0.05,100,"bu","13:39:17",4140100
17.6,0,100,"bu","09:39:09",528700
17.65,0.05,100,"bu","09:37:59",443800
17.6,0,29400,"sd","13:36:15",4079300
17.6,0,200,"bu","13:34:05",3989100
17.6,0,400,"bu","13:34:02",3988900
17.6,0,500,"bu","13:32:58",3962900
17.6,0,10000,"bu","13:30:10",3874100
17.65,0.05,100,"bu","13:53:05",4372600
17.65,0.05,100,"bu","13:42:03",4173000
17.6,0,1000,"sd","09:37:54",443700
17.6,0,300,"bu","13:32:54",3962400
17.65,0.05,50000,"bu","13:52:05",4372500
17.6,0,200,"bu","13:30:07",3864100
17.6,0,1200,"bu","13:30:06",3863900
17.65,0.05,2000,"bu","13:41:57",4172900
17.6,0,1000,"bu","09:38:59",528600
17.6,0,10300,"sd","09:38:56",527600
17.65,0.05,15000,"bu","13:38:34",4128000
17.65,0.05,100,"bu","13:38:33",4113000
17.6,0,3000,"bu","13:34:57",4000600
17.6,0,15000,"bu","13:33:50",3988500
17.6,0,1200,"sd","13:53:40",4377500
17.6,0,100,"sd","13:54:25",4377600
17.65,0.05,100,"bu","09:39:56",537400
17.6,0,500,"bu","13:32:38",3962100
17.7,0.1,23700,"bu","13:42:30",4254100
17.7,0.1,26300,"bu","13:42:29",4230400
17.6,0,1100,"sd","13:32:37",3961600
17.6,0,200,"sd","13:32:35",3960500
17.65,0.05,2000,"bu","13:39:02",4140000
17.6,0,200,"sd","09:39:47",537300
17.65,0.05,600,"bu","09:38:39",517300
17.6,0,100,"sd","09:38:38",516700
17.6,0,3800,"bu","13:30:42",3884700
17.6,0,200,"bu","13:30:39",3880900
17.6,0,1400,"sd","13:33:30",3973500
17.65,0.05,300,"bu","13:41:41",4170900
17.65,0.05,700,"bu","09:39:39",537100
17.6,0,7500,"bu","09:39:38",536400
17.65,0.05,200,"bu","09:38:33",516600
17.6,0,1000,"bu","13:30:32",3880700
17.6,0,100,"sd","13:56:00",4378500
17.55,-0.05,900,"bu","13:10:20",3430600
17.5,-0.1,500,"sd","13:01:32",3347600
17.5,-0.1,500,"sd","13:01:32",3347100
17.5,-0.1,3000,"sd","11:29:49",3320500
17.5,-0.1,1000,"bu","11:25:55",3286000
17.5,-0.1,100,"bu","11:25:51",3285000
17.6,0,2500,"bu","13:28:25",3862500
17.55,-0.05,4000,"sd","13:24:28",3710700
17.55,-0.05,7000,"sd","13:24:28",3706700
17.5,-0.1,100,"sd","13:00:08",3327800
17.55,-0.05,100,"bu","11:29:43",3317500
17.5,-0.1,1000,"bu","11:25:50",3284900
17.6,0,100,"bu","13:29:33",3862600
17.55,-0.05,1000,"bu","13:15:00",3494400
17.55,-0.05,200,"bu","13:03:38",3403800
17.5,-0.1,500,"sd","13:01:23",3346600
17.55,-0.05,400,"bu","11:29:39",3317400
17.5,-0.1,200,"bu","11:25:43",3283900
17.5,-0.1,9000,"sd","13:10:11",3429700
17.5,-0.1,10200,"sd","13:00:23",3344400
17.5,-0.1,4600,"sd","13:00:07",3327700
17.55,-0.05,100,"bu","13:00:06",3323100
17.5,-0.1,400,"sd","11:29:37",3317000
17.55,-0.05,1900,"bu","11:29:37",3316600
17.5,-0.1,1500,"sd","11:29:36",3314700
17.5,-0.1,100,"bu","11:25:40",3283700
17.5,-0.1,5400,"bu","11:25:39",3283600
17.5,-0.1,100,"bu","11:25:37",3278200
17.5,-0.1,53800,"sd","11:25:36",3278100
17.55,-0.05,100,"bu","13:12:00",3433200
17.55,-0.05,200,"bu","11:25:31",3224300
17.5,-0.1,100,"sd","11:23:12",3200100
17.5,-0.1,200,"sd","13:04:20",3404800
17.5,-0.1,100,"sd","13:00:20",3334200
17.5,-0.1,500,"sd","11:29:30",3313200
17.5,-0.1,300,"sd","13:11:53",3433100
17.5,-0.1,800,"sd","13:10:56",3431400
17.5,-0.1,3400,"sd","13:00:20",3334100
17.55,-0.05,900,"bu","13:00:20",3330700
17.55,-0.05,1000,"bu","13:11:46",3432800
17.55,-0.05,100,"bu","13:00:59",3345900
17.55,-0.05,200,"bu","11:25:20",3224100
17.55,-0.05,200,"bu","11:25:19",3223900
17.55,-0.05,200,"bu","13:11:43",3431800
17.5,-0.1,50000,"sd","13:02:49",3398100
17.55,-0.05,100,"bu","13:00:16",3329800
17.5,-0.1,1300,"sd","13:00:16",3329700
17.5,-0.1,400,"sd","13:04:04",3404600
17.55,-0.05,500,"bu","11:26:35",3305400
17.55,-0.05,1400,"bu","13:00:40",3345800
17.55,-0.05,2700,"bu","11:24:59",3223700
17.6,0,100,"bu","13:29:50",3862700
17.6,0,100,"bu","13:27:50",3859000
17.5,-0.1,1100,"sd","13:00:00",3321600
17.6,0,2000,"bu","13:27:48",3858900
17.5,-0.1,200,"sd","13:11:31",3431600
17.5,-0.1,200,"sd","13:00:14",3328400
17.55,-0.05,1700,"bu","11:26:19",3304900
17.5,-0.1,4400,"sd","11:26:18",3303200
17.5,-0.1,100,"sd","13:03:53",3404200
17.5,-0.1,300,"sd","13:01:41",3348000
17.55,-0.05,100,"bu","11:24:43",3221000
17.5,-0.1,5000,"sd","11:24:39",3220900
17.5,-0.1,12000,"sd","11:24:39",3215900
17.55,-0.05,500,"bu","11:24:38",3203900
17.55,-0.05,100,"bu","13:01:40",3347700
17.5,-0.1,7600,"bu","11:26:09",3298800
17.5,-0.1,100,"bu","11:26:04",3291200
17.5,-0.1,300,"sd","13:03:47",3404100
17.5,-0.1,100,"sd","13:02:28",3348100
17.55,-0.05,300,"bu","13:00:10",3328200
17.5,-0.1,100,"sd","13:00:10",3327900
17.45,-0.15,3400,"sd","11:26:01",3291100
17.45,-0.15,1000,"sd","11:26:00",3287700
17.5,-0.1,700,"bu","11:25:59",3286700
17.6,0,100,"bu","11:00:17",2053100
17.6,0,1000,"bu","10:58:53",2051600
17.6,0,100,"bu","10:51:59",2025600
17.6,0,400,"bu","10:35:19",1945500
17.55,-0.05,5000,"sd","11:04:46",2065900
17.6,0,2000,"bu","10:50:07",2008900
17.6,0,600,"bu","10:43:03",1968500
17.6,0,1000,"bu","10:37:05",1949400
17.6,0,300,"bu","10:20:52",1771900
17.6,0,200,"bu","11:08:18",2094100
17.55,-0.05,200,"sd","11:04:38",2060900
17.6,0,200,"bu","10:51:53",2025500
17.6,0,200,"bu","10:51:47",2025300
17.6,0,100,"bu","10:42:59",1967900
17.6,0,100,"bu","10:22:53",1788400
17.6,0,300,"bu","10:08:20",1169400
17.6,0,100,"bu","10:08:19",1169100
17.6,0,200,"bu","10:58:37",2050600
17.6,0,200,"bu","10:51:43",2025100
17.6,0,600,"bu","10:51:39",2024900
17.55,-0.05,100,"sd","10:35:06",1945100
17.6,0,300,"bu","10:49:44",2006900
17.6,0,100,"bu","10:40:15",1964500
17.6,0,200,"bu","10:36:19",1948100
17.6,0,3500,"bu","10:35:03",1945000
17.6,0,100,"bu","10:07:19",1166400
17.6,0,6600,"bu","10:51:33",2024300
17.6,0,1900,"bu","10:36:18",1947900
17.6,0,1100,"bu","10:27:19",1797700
17.55,-0.05,1000,"sd","10:08:09",1169000
17.6,0,100,"bu","10:58:01",2048200
17.55,-0.05,200,"sd","10:58:00",2048100
17.6,0,100,"bu","10:57:59",2047900
17.6,0,300,"bu","10:22:39",1788300
17.6,0,100,"bu","10:22:37",1788000
17.6,0,100,"bu","11:07:59",2093900
17.55,-0.05,1000,"sd","11:07:58",2093800
17.6,0,1400,"bu","10:57:56",2047800
17.6,0,2600,"bu","10:46:09",1992800
17.6,0,100,"bu","10:39:01",1962100
17.6,0,5000,"bu","10:25:01",1794600
17.6,0,100,"bu","10:23:39",1789600
17.6,0,2000,"bu","10:22:32",1787900
17.6,0,100,"bu","11:00:59",2054900
17.6,0,100,"bu","10:57:49",2046400
17.6,0,400,"bu","10:46:06",1990200
17.6,0,1000,"bu","10:38:59",1962000
17.55,-0.05,100,"sd","10:36:00",1946000
17.6,0,100,"bu","10:20:30",1771600
17.6,0,100,"bu","10:07:59",1168000
17.6,0,400,"bu","10:57:40",2046300
17.6,0,2600,"bu","10:45:05",1983600
17.6,0,1000,"bu","10:22:26",1785900
17.55,-0.05,300,"sd","11:07:49",2092800
17.6,0,100,"bu","10:52:59",2038300
17.6,0,100,"bu","10:52:58",2038200
17.55,-0.05,10000,"sd","10:38:48",1961000
17.6,0,1000,"bu","10:23:28",1789500
17.6,0,500,"bu","10:20:19",1771500
17.6,0,1000,"bu","11:00:41",2054800
17.6,0,100,"bu","10:59:19",2053000
17.6,0,400,"bu","10:50:47",2017500
17.6,0,100,"bu","10:43:39",1969700
17.6,0,100,"bu","10:37:39",1950100
17.6,0,200,"bu","10:37:38",1950000
17.6,0,1000,"bu","10:07:49",1167900
17.55,-0.05,300,"sd","11:07:37",2092500
17.6,0,700,"bu","11:00:37",2053800
17.6,0,200,"bu","10:59:15",2052900
17.6,0,700,"bu","10:50:39",2017100
17.6,0,100,"bu","10:22:12",1784900
17.6,0,1000,"bu","10:52:39",2038100
17.6,0,10700,"bu","10:52:38",2037100
17.6,0,600,"bu","10:38:34",1951000
17.6,0,200,"bu","10:37:30",1949800
17.6,0,100,"bu","10:23:13",1788500
17.55,-0.05,1800,"sd","11:08:50",2095900
17.6,0,1100,"bu","10:58:59",2052700
17.6,0,100,"bu","10:56:05",2044900
17.6,0,100,"bu","10:52:35",2026400
17.6,0,100,"bu","10:52:34",2026300
17.6,0,100,"bu","10:50:27",2016400
17.6,0,200,"bu","10:43:20",1969600
17.6,0,200,"bu","10:37:19",1949600
17.55,-0.05,5000,"sd","10:20:06",1771000
17.6,0,500,"bu","11:05:00",2066400
17.6,0,100,"bu","10:50:22",2016300
17.6,0,7100,"bu","10:50:20",2016200
17.6,0,200,"bu","10:50:19",2009100
17.6,0,900,"bu","10:43:19",1969400
17.6,0,300,"bu","10:37:50",1950400
17.55,-0.05,400,"sd","10:35:22",1945900
17.6,0,500,"bu","10:07:37",1166900
17.55,-0.05,700,"sd","10:04:12",1157600
17.6,0,300,"bu","10:02:59",1131400
17.6,0,200,"bu","09:49:24",768100
17.6,0,2000,"sd","09:48:15",753200
17.6,0,10000,"sd","09:42:01",551800
17.65,0.05,300,"bu","09:41:59",541800
17.6,0,1100,"bu","10:04:10",1156900
17.55,-0.05,200,"sd","10:04:06",1155800
17.6,0,300,"bu","09:49:19",767900
17.6,0,100,"bu","09:49:18",767600
17.65,0.05,100,"bu","09:47:19",734600
17.6,0,100,"bu","10:05:19",1161100
17.6,0,500,"bu","09:53:23",867200
17.6,0,5000,"bu","09:53:23",866700
17.6,0,200,"sd","09:47:16",734500
17.65,0.05,500,"bu","09:44:19",578400
17.6,0,1000,"sd","09:41:54",541500
17.65,0.05,100,"bu","09:40:28",537600
17.6,0,1000,"bu","10:05:13",1161000
17.6,0,100,"bu","10:03:59",1155600
17.6,0,2000,"bu","10:02:45",1131100
17.6,0,100,"bu","09:54:59",883900
17.6,0,600,"bu","09:53:19",861700
17.6,0,2000,"bu","09:49:00",766700
17.6,0,800,"bu","09:48:59",764700
17.6,0,800,"bu","10:05:07",1160000
17.6,0,200,"bu","10:03:53",1155500
17.6,0,1100,"bu","10:02:42",1129100
17.6,0,1000,"bu","09:54:51",883800
17.6,0,500,"bu","09:53:16",861100
17.65,0.05,5000,"bu","09:44:14",577900
17.6,0,2900,"sd","09:41:45",540500
17.65,0.05,100,"bu","09:47:59",751200
17.65,0.05,100,"bu","09:44:10",572900
17.6,0,100,"bu","10:04:59",1159200
17.6,0,1200,"bu","10:03:39",1155300
17.6,0,100,"bu","09:53:05",860600
17.6,0,500,"sd","09:47:03",734300
17.6,0,700,"bu","09:54:39",882800
17.6,0,500,"sd","09:44:04",572800
17.6,0,200,"bu","10:03:37",1154100
17.6,0,500,"bu","10:03:35",1153900
17.6,0,8800,"sd","09:48:41",763900
17.6,0,300,"bu","09:19:06",78700
17.6,0,300,"bu","10:05:59",1164700
17.6,0,100,"bu","10:04:44",1159100
17.6,0,1200,"bu","10:04:43",1159000
17.6,0,6000,"bu","10:03:33",1153400
17.65,0.05,100,"bu","09:59:43",963700
17.6,0,2000,"bu","09:54:27",882100
17.6,0,5000,"bu","09:54:26",880100
17.65,0.05,100,"bu","09:48:39",755100
17.6,0,300,"bu","10:05:57",1164400
17.65,0.05,600,"bu","09:59:39",963600
17.6,0,600,"bu","09:54:19",875100
17.6,0,1600,"sd","09:48:33",755000
17.6,0,1000,"bu","09:54:00",869400
17.6,0,100,"bu","09:53:59",868400
17.65,0.05,1500,"bu","09:47:39",751100
17.65,0.05,1000,"bu","09:42:19",552800
17.6,0,1100,"bu","09:18:59",78400
17.6,0,2000,"bu","10:05:50",1164100
17.6,0,6000,"bu","10:03:19",1147400
17.6,0,5000,"sd","09:47:37",749600
17.55,-0.05,1000,"sd","10:07:04",1166300
17.6,0,4000,"sd","09:59:23",963000
17.6,0,500,"bu","09:53:45",868300
17.6,0,200,"bu","09:49:35",768300
17.6,0,10000,"sd","09:47:34",744600
17.6,0,1000,"bu","10:05:44",1162100
17.6,0,200,"bu","10:04:19",1157800
17.6,0,10000,"bu","10:03:04",1141400
17.65,0.05,2900,"bu","09:59:19",959000
17.6,0,15000,"sd","09:59:15",956100
17.6,0,600,"bu","09:53:39",867800
17.65,0.05,200,"bu","09:48:19",753400
17.6,0,2000,"bu","09:18:40",73300
17.6,0,500,"bu","09:18:40",71300
17.6,0,5000,"sd","09:18:03",61600
17.6,0,10000,"sd","09:18:01",56600
17.6,0,1900,"sd","09:18:22",69400
17.65,0.05,1900,"bu","09:18:19",67500
17.6,0,2000,"bu","09:18:47",77300
17.6,0,2000,"bu","09:18:45",75300
17.6,0,400,"bu","09:18:39",70800
17.6,0,1000,"bu","09:18:38",70400
17.6,0,4000,"sd","09:18:11",65600
17.6,0,100,"sd","09:17:16",46600
17.65,0.05,2000,"bu","09:32:14",267000
17.65,0.05,1000,"bu","09:32:10",265000
17.65,0.05,1000,"bu","09:30:00",245400
17.65,0.05,200,"bu","09:29:59",244400
17.65,0.05,1000,"bu","09:29:58",244200
17.7,0.1,2000,"bu","09:27:59",233000
17.65,0.05,200,"bu","09:31:59",264000
17.6,0,300,"sd","09:31:57",263800
17.65,0.05,200,"sd","09:27:52",231000
17.7,0.1,500,"bu","09:34:59",319400
17.7,0.1,300,"bu","09:32:59",307300
17.7,0.1,2000,"bu","09:34:47",315700
17.65,0.05,200,"bu","09:31:39",263500
17.65,0.05,20000,"sd","09:27:40",230800
17.65,0.05,2300,"bu","09:31:33",263300
17.7,0.1,3000,"bu","09:34:54",318900
17.65,0.05,100,"bu","09:39:59",537500
17.7,0.1,500,"bu","09:35:03",319900
17.7,0.1,3600,"bu","09:32:39",307000
17.65,0.05,200,"sd","09:34:50",315900
17.7,0.1,800,"bu","09:30:19",253600
17.65,0.05,6000,"bu","09:32:26",303400
17.65,0.05,2400,"bu","09:30:14",252800
17.65,0.05,2000,"bu","09:30:12",250400
17.7,0.1,100,"bu","09:33:35",307400
17.6,0,100,"sd","09:32:22",297400
17.65,0.05,30300,"bu","09:32:19",297300
17.65,0.05,3000,"bu","09:30:10",248400
17.7,0.1,100,"bu","09:24:57",178300
17.7,0.1,900,"bu","09:25:39",206100
17.7,0.1,7300,"sd","09:25:27",205200
17.65,0.05,200,"sd","09:26:59",210800
17.7,0.1,200,"bu","09:26:59",210600
17.75,0.15,1700,"bu","09:25:19",197900
17.7,0.1,5800,"bu","09:25:12",196200
17.7,0.1,100,"bu","09:25:09",190400
17.7,0.1,11100,"bu","09:25:02",190300
17.7,0.1,500,"bu","09:25:00",179200
17.7,0.1,400,"bu","09:24:59",178700
17.65,0.05,3000,"sd","09:23:41",162200
17.7,0.1,1700,"bu","09:23:39",159200
17.7,0.1,1000,"bu","09:23:35",157500
17.65,0.05,15900,"bu","09:23:25",156500
17.7,0.1,3000,"bu","09:24:41",178200
17.7,0.1,1100,"bu","09:24:39",175200
17.7,0.1,1500,"bu","09:24:35",174100
17.7,0.1,10000,"bu","09:24:34",172600
17.7,0.1,400,"bu","09:23:59",162600
17.65,0.05,400,"bu","09:21:25",117400
17.6,0,14500,"sd","09:21:23",117000
17.65,0.05,500,"bu","09:20:10",96500
17.65,0.05,200,"bu","09:21:14",102500
17.65,0.05,100,"bu","09:19:59",96000
17.65,0.05,300,"bu","09:21:04",102300
17.65,0.05,1000,"bu","09:23:19",140600
17.65,0.05,10000,"bu","09:22:59",139600
17.65,0.05,100,"bu","09:22:39",129600
17.7,0.1,1500,"bu","09:19:39",95900
17.6,0,5000,"sd","09:19:35",94400
17.6,0,4600,"bu","09:19:31",89400
17.65,0.05,500,"bu","09:20:39",102000
17.65,0.05,500,"bu","09:20:24",101500
17.65,0.05,4500,"sd","09:20:20",101000
