"price","change","match_qtty","side","time","total_vol"
18.8,1.2,100,"","14:45:02",228900
18.75,1.15,300,"sd","14:16:04",205500
18.8,1.2,300,"bu","14:12:14",185900
18.75,1.15,2000,"sd","14:14:42",199500
18.8,1.2,2200,"bu","14:13:46",190500
18.8,1.2,3800,"bu","14:15:05",204200
18.8,1.2,500,"sd","14:12:53",187100
18.8,1.2,500,"bu","14:11:05",183500
18.8,1.2,300,"bu","14:13:42",188300
18.8,1.2,1700,"bu","14:12:09",185600
18.8,1.2,200,"bu","14:14:30",197500
18.8,1.2,200,"bu","14:12:24",186600
18.8,1.2,400,"bu","14:12:04",183900
18.8,1.2,500,"bu","14:15:18",205200
18.8,1.2,900,"bu","14:14:27",197300
18.8,1.2,300,"bu","14:15:16",204700
18.8,1.2,900,"bu","14:14:49",200400
18.8,1.2,900,"sd","14:13:32",188000
18.8,1.2,900,"bu","14:10:56",183000
18.8,1.2,200,"bu","14:15:12",204400
18.8,1.2,2500,"bu","14:14:23",196400
18.8,1.2,500,"bu","14:12:19",186400
18.8,1.2,500,"bu","14:16:21",208500
18.8,1.2,500,"bu","14:16:18",208000
18.8,1.2,1600,"bu","14:16:14",207500
18.8,1.2,400,"bu","14:16:09",205900
18.8,1.2,2500,"bu","14:14:20",193900
18.8,1.2,900,"bu","14:13:51",191400
17.6,0,2700,"bu","14:00:23",94200
18,0.4,1500,"bu","14:01:04",98100
17.6,0,3000,"bu","14:00:22",91500
17.6,0,3000,"bu","14:00:21",88500
18.8,1.2,600,"sd","14:10:13",175300
18.75,1.15,400,"sd","14:10:49",182100
18.8,1.2,900,"sd","14:09:42",173700
17.9,0.3,200,"sd","14:00:43",96600
17.9,0.3,1000,"bu","14:00:40",96400
17.85,0.25,700,"bu","14:00:40",95400
17.8,0.2,500,"bu","14:00:40",94700
18.8,1.2,600,"bu","14:04:39",126800
18.8,1.2,10500,"sd","14:07:11",152200
18.8,1.2,900,"bu","14:06:11",138400
18.8,1.2,900,"bu","14:06:10",137500
18.8,1.2,1700,"bu","14:06:30",141700
18.8,1.2,900,"bu","14:05:28",136600
18.8,1.2,300,"bu","14:06:26",140000
18.8,1.2,1700,"sd","14:04:18",126200
18.8,1.2,500,"bu","14:06:21",139700
18.8,1.2,1000,"bu","14:04:50",129800
18.8,1.2,800,"bu","14:04:47",128800
18.8,1.2,300,"bu","14:06:19",139200
18.8,1.2,1200,"bu","14:04:44",128000
18.8,1.2,500,"bu","14:06:15",138900
17.4,-0.2,5000,"sd","13:35:17",60600
18.8,1.2,1000,"sd","14:04:11",124500
18.75,1.15,900,"sd","14:01:51",116600
18.7,1.1,200,"bu","14:01:50",115700
18.6,1,1100,"bu","14:01:50",115500
18.5,0.9,200,"sd","14:01:47",114400
18.8,1.2,600,"bu","14:03:22",120500
18.05,0.45,600,"bu","14:01:38",106000
18.5,0.9,5000,"bu","14:01:38",114200
18.3,0.7,200,"bu","14:01:38",109200
18.2,0.6,2200,"bu","14:01:38",109000
18.15,0.55,400,"bu","14:01:38",106800
18.1,0.5,400,"bu","14:01:38",106400
18.8,1.2,500,"bu","14:03:20",119900
18,0.4,2300,"bu","14:01:29",105400
18.8,1.2,100,"bu","14:03:14",119400
18.8,1.2,1200,"bu","14:03:12",119300
18.8,1.2,1200,"bu","14:03:08",118100
18.8,1.2,100,"bu","14:02:17",116900
18.8,1.2,2500,"bu","14:03:38",123500
18.8,1.2,500,"bu","14:03:35",121000
18.75,1.15,200,"sd","14:01:53",116800
18.8,1.2,1500,"bu","14:09:01",168300
18.8,1.2,1800,"bu","14:08:57",166800
18.8,1.2,600,"bu","14:08:55",165000
18.8,1.2,600,"bu","14:08:53",164400
18.8,1.2,1000,"sd","14:10:00",174700
18.8,1.2,1200,"bu","14:08:50",163800
18.8,1.2,500,"bu","14:09:17",169400
18.8,1.2,3400,"bu","14:09:18",172800
18.8,1.2,3000,"bu","14:08:46",162600
18,0.4,4800,"bu","14:01:14",103100
17.95,0.35,200,"bu","14:01:14",98300
18.8,1.2,3700,"bu","14:05:20",135700
18.8,1.2,3800,"sd","14:08:40",159600
18.8,1.2,100,"bu","14:05:18",132000
18.8,1.2,600,"bu","14:05:15",131900
18.8,1.2,600,"bu","14:09:12",168900
18.8,1.2,2700,"bu","14:08:05",155800
18.8,1.2,1500,"bu","14:05:10",131300
17.4,-0.2,2000,"sd","13:37:12",62600
18.8,1.2,900,"bu","14:07:26",153100
17.4,-0.2,3200,"sd","13:39:33",65800
17.3,-0.3,100,"sd","13:51:50",82300
17.35,-0.25,1600,"sd","13:49:06",82200
18.8,1.2,200,"sd","14:22:42",227800
17.4,-0.2,400,"bu","13:44:13",66400
17.4,-0.2,200,"bu","13:44:12",66000
17.35,-0.25,6300,"sd","13:46:58",78400
17.35,-0.25,200,"sd","13:47:48",80600
17.35,-0.25,2700,"sd","13:46:54",72100
17.35,-0.25,2000,"sd","13:47:33",80400
17.45,-0.15,100,"bu","11:19:35",45700
17.35,-0.25,3000,"sd","13:46:18",69400
17.4,-0.2,2200,"sd","10:30:14",44900
17.5,-0.1,200,"sd","10:10:22",38300
17.5,-0.1,4200,"sd","10:15:03",42700
18.8,1.2,100,"bu","14:17:53",225100
18.8,1.2,100,"bu","14:18:42",226700
18.8,1.2,200,"sd","14:19:22",227600
18.75,1.15,400,"sd","14:18:34",226600
18.8,1.2,2200,"bu","14:17:41",225000
18.8,1.2,1000,"bu","14:18:31",226200
18.8,1.2,200,"bu","14:17:38",222800
18.8,1.2,600,"bu","14:17:33",222600
18.8,1.2,1300,"bu","14:16:27",210600
18.8,1.2,100,"bu","14:18:26",225200
18.8,1.2,300,"bu","14:16:26",209300
18.8,1.2,700,"bu","14:18:57",227400
17.5,-0.1,3000,"sd","10:08:40",38100
17.45,-0.15,400,"sd","11:15:33",45600
17.4,-0.2,5000,"sd","13:08:04",53600
17.45,-0.15,100,"sd","11:06:24",45200
17.7,0.1,1500,"","09:15:01",1500
17.5,-0.1,200,"sd","10:14:12",38500
18.8,1.2,1000,"sd","14:25:39",228800
17.55,-0.05,5000,"sd","09:45:14",27500
18.8,1.2,3000,"bu","14:10:41",181100
17.35,-0.25,100,"bu","13:57:46",85200
18.8,1.2,2200,"bu","14:10:37",178100
18.8,1.2,600,"bu","14:10:33",175900
17.35,-0.25,200,"bu","13:58:44",85400
18.8,1.2,900,"bu","14:17:23",221500
18.8,1.2,300,"bu","14:17:20",220600
18.8,1.2,500,"bu","14:16:24",209000
18.8,1.2,9700,"sd","14:17:15",220300
18.8,1.2,500,"bu","14:17:27",222000
17.35,-0.25,100,"bu","13:59:42",85500
18.8,1.2,600,"bu","14:10:45",181700
17.35,-0.25,100,"bu","13:54:43",82400
17.4,-0.2,2000,"sd","13:35:04",55600
17.35,-0.25,100,"bu","13:55:36",85000
17.35,-0.25,500,"bu","13:55:30",84900
17.35,-0.25,100,"bu","13:56:03",85100
17.35,-0.25,2000,"bu","13:55:19",84400
17.4,-0.2,2900,"sd","13:05:57",48600
17.5,-0.1,2400,"sd","10:07:29",35100
17.4,-0.2,200,"sd","10:37:36",45100
17.55,-0.05,500,"sd","09:44:01",21700
17.55,-0.05,5200,"sd","09:47:39",32700
17.55,-0.05,800,"sd","09:44:36",22500
17.65,0.05,200,"bu","09:16:30",1700
17.6,0,5000,"bu","09:33:07",21200
17.6,0,8900,"sd","09:27:19",16200
17.6,0,5100,"sd","09:25:14",7300
17.6,0,500,"sd","09:23:38",2200
