"price","change","match_qtty","side","time","total_vol"
68.5,0.4,105400,"","14:45:02",1775600
68,-0.1,100,"bu","14:22:20",1559200
68,-0.1,100,"bu","14:22:06",1559100
68,-0.1,500,"bu","14:22:03",1556200
67.9,-0.2,2800,"sd","14:22:04",1559000
68.1,0,100,"bu","14:25:03",1573100
67.9,-0.2,200,"sd","14:21:55",1555700
68.3,0.2,2000,"bu","14:15:07",1472800
68.2,0.1,1400,"sd","14:14:42",1442200
68.2,0.1,2800,"sd","14:14:17",1440300
68.3,0.2,100,"sd","14:13:49",1434000
68.3,0.2,2000,"bu","14:13:20",1431800
68.3,0.2,100,"bu","14:12:57",1429300
68.2,0.1,1000,"sd","14:15:05",1470800
68.3,0.2,100,"bu","14:14:41",1440800
68.2,0.1,400,"sd","14:14:12",1437500
68.3,0.2,100,"bu","14:14:12",1437100
68.3,0.2,800,"bu","14:12:53",1429200
68.4,0.3,100,"bu","14:12:13",1427800
68.3,0.2,500,"bu","14:15:04",1469800
68.3,0.2,100,"bu","14:11:28",1408400
68.3,0.2,100,"bu","14:11:06",1407000
68.2,0.1,400,"sd","14:11:06",1406900
68.2,0.1,100,"bu","14:15:55",1481900
68.2,0.1,100,"bu","14:15:26",1477200
68.4,0.3,100,"bu","14:13:42",1433900
68.3,0.2,100,"bu","14:12:28",1427900
68.2,0.1,400,"sd","14:12:08",1427700
68.2,0.1,500,"sd","14:12:07",1427300
68.4,0.3,9800,"bu","14:12:07",1426800
68.3,0.2,5200,"bu","14:12:07",1417000
68.2,0.1,2800,"sd","14:11:47",1411700
68.2,0.1,27000,"sd","14:14:59",1469300
68.3,0.2,2800,"sd","14:14:05",1437000
68.3,0.2,400,"sd","14:13:41",1433800
68.3,0.2,100,"bu","14:13:12",1429800
68.3,0.2,1000,"bu","14:11:24",1408300
68.1,0,2000,"sd","14:15:51",1481800
68.2,0.1,2000,"bu","14:15:50",1479800
68.1,0,100,"sd","14:15:48",1477800
68.2,0.1,400,"bu","14:15:22",1477100
68.3,0.2,100,"bu","14:14:56",1442300
68.3,0.2,100,"sd","14:13:39",1433400
68.3,0.2,500,"bu","14:13:37",1433300
68.2,0.1,400,"sd","14:13:10",1429700
68.3,0.2,100,"bu","14:11:43",1408900
68.3,0.2,100,"bu","14:10:59",1406500
68.3,0.2,900,"bu","14:13:33",1432800
68.3,0.2,100,"bu","14:12:43",1428400
68.3,0.2,200,"bu","14:11:20",1407300
68.2,0.1,2800,"sd","14:10:57",1406400
68.1,0,400,"sd","14:15:44",1477700
68.3,0.2,100,"bu","14:14:26",1440700
68.4,0.3,100,"bu","14:13:57",1434200
68.1,0,400,"sd","14:15:13",1476700
68.2,0.1,400,"sd","14:12:39",1428300
68.3,0.2,100,"bu","14:11:58",1411800
68.2,0.1,400,"sd","14:11:37",1408800
68.5,0.4,1400,"bu","14:29:25",1668900
68.3,0.2,200,"sd","14:29:17",1666500
68.1,0,200,"sd","14:16:21",1484700
68.5,0.4,1000,"bu","14:29:24",1667500
68.4,0.3,500,"sd","14:29:17",1666300
68.5,0.4,800,"bu","14:29:16",1665800
68.1,0,400,"sd","14:16:15",1484500
68.2,0.1,100,"bu","14:16:11",1484100
68.5,0.4,200,"bu","14:29:41",1670100
68.4,0.3,1000,"sd","14:29:40",1669900
68.2,0.1,100,"bu","14:16:10",1484000
68.1,0,2000,"sd","14:16:09",1483900
68.2,0.1,100,"bu","14:15:40",1477300
68.2,0.1,400,"sd","14:15:11",1476300
68.2,0.1,1000,"sd","14:15:11",1475900
68.3,0.2,100,"bu","14:15:11",1474900
68.2,0.1,2000,"sd","14:15:10",1474800
68.2,0.1,300,"sd","14:14:19",1440600
68.3,0.2,100,"sd","14:13:53",1434100
68.3,0.2,100,"bu","14:13:27",1431900
68.3,0.2,100,"bu","14:11:14",1407100
68.3,0.2,3000,"bu","14:09:28",1392200
67.8,-0.3,300,"sd","14:00:17",1311100
68,-0.1,9900,"bu","14:00:11",1310800
67.9,-0.2,4000,"sd","14:00:11",1300900
67.8,-0.3,300,"sd","14:00:47",1311400
67.9,-0.2,600,"bu","14:00:09",1296900
67.9,-0.2,100,"bu","14:00:07",1296300
68.3,0.2,100,"bu","14:10:14",1399100
68.2,0.1,100,"sd","14:09:50",1398400
68.3,0.2,200,"bu","14:09:45",1398300
68.3,0.2,3000,"bu","14:09:44",1398100
68.3,0.2,1500,"bu","14:09:41",1395100
68.2,0.1,2800,"sd","14:10:16",1401900
68.2,0.1,400,"sd","14:09:33",1393600
68.3,0.2,1000,"bu","14:09:32",1393200
68.3,0.2,200,"bu","14:09:54",1398600
68.4,0.3,1400,"bu","14:28:46",1662300
68,-0.1,200,"sd","14:06:42",1362100
68.2,0.1,100,"bu","14:20:51",1523600
68,-0.1,4000,"sd","14:06:11",1361600
68.1,0,400,"bu","14:04:30",1353600
68.1,0,4000,"sd","14:19:52",1523000
68.2,0.1,100,"bu","14:19:52",1519000
68.1,0,5000,"sd","14:19:51",1518900
68,-0.1,300,"sd","14:04:24",1353200
68.2,0.1,100,"bu","14:19:37",1513900
68,-0.1,300,"sd","14:06:27",1361900
67.9,-0.2,300,"sd","14:05:56",1357600
68,-0.1,300,"sd","14:06:59",1362400
68,-0.1,300,"sd","14:04:55",1353900
68.1,0,1400,"bu","14:05:52",1357300
68.2,0.1,100,"bu","14:21:06",1523700
68.1,0,1500,"bu","14:26:07",1581900
68,-0.1,5000,"sd","14:26:06",1580400
68.3,0.2,2200,"bu","14:28:14",1637000
67.9,-0.2,100,"sd","13:36:09",1172900
67.9,-0.2,300,"sd","13:35:34",1171900
68.1,0,200,"bu","14:26:03",1575400
68.1,0,100,"bu","14:26:02",1575200
68,-0.1,200,"bu","13:36:06",1172800
67.9,-0.2,300,"sd","13:36:04",1172600
68.1,0,100,"bu","14:25:59",1575100
68.4,0.3,2700,"bu","14:28:35",1653500
68.3,0.2,2500,"bu","14:28:10",1634800
67.9,-0.2,100,"sd","13:35:22",1171600
67.9,-0.2,1000,"bu","13:35:22",1171500
68.3,0.2,2200,"bu","14:28:34",1650800
67.9,-0.2,200,"sd","13:35:54",1172300
68.3,0.2,2700,"bu","14:28:27",1648600
68,-0.1,200,"bu","13:35:47",1172100
68.3,0.2,2000,"bu","14:28:24",1645900
68.3,0.2,1900,"bu","14:28:02",1632300
68.1,0,100,"bu","14:25:48",1575000
68.3,0.2,1000,"bu","14:27:52",1627400
68.3,0.2,4200,"bu","14:28:21",1643900
68.3,0.2,100,"bu","14:28:01",1630400
68.1,0,100,"bu","14:26:17",1582000
68.4,0.3,4200,"bu","14:28:45",1660900
68.4,0.3,3200,"bu","14:28:42",1656700
68.3,0.2,2700,"bu","14:28:18",1639700
68.3,0.2,2900,"bu","14:27:56",1630300
67.9,-0.2,300,"sd","13:55:06",1259900
68,-0.1,3000,"bu","13:55:02",1259500
68,-0.1,100,"bu","13:55:03",1259600
67.9,-0.2,3000,"bu","14:02:48",1329300
67.8,-0.3,1400,"bu","14:01:51",1323400
68,-0.1,200,"bu","14:04:09",1352200
67.7,-0.4,300,"sd","14:01:49",1322000
67.8,-0.3,4800,"sd","14:01:48",1321700
68,-0.1,2800,"bu","14:03:28",1342000
67.8,-0.3,400,"bu","14:02:44",1326300
68,-0.1,900,"sd","14:03:59",1352000
67.8,-0.3,300,"sd","14:03:22",1339200
67.8,-0.3,1600,"sd","14:02:34",1325900
67.8,-0.3,200,"sd","14:01:37",1316900
68,-0.1,2900,"bu","14:03:19",1338900
67.8,-0.3,5000,"sd","14:01:33",1316700
68,-0.1,300,"sd","14:03:53",1351100
67.8,-0.3,300,"bu","14:02:23",1324300
68,-0.1,1400,"bu","14:03:14",1336000
67.7,-0.4,300,"sd","14:02:20",1324000
67.8,-0.3,300,"sd","14:01:18",1311700
67.9,-0.2,2700,"bu","14:03:04",1334200
67.8,-0.3,100,"bu","14:02:13",1323700
68,-0.1,400,"bu","14:03:04",1334600
67.8,-0.3,200,"bu","14:02:10",1323600
68,-0.1,8800,"bu","14:03:42",1350800
67.9,-0.2,300,"bu","14:02:58",1331500
67.8,-0.3,1500,"sd","14:02:57",1331200
67.9,-0.2,100,"bu","14:02:57",1329700
68,-0.1,700,"bu","14:04:13",1352900
67.8,-0.3,300,"sd","14:02:51",1329600
68.1,0,300,"sd","14:09:02",1384700
68.2,0.1,10000,"bu","14:09:02",1384400
67.9,-0.2,2600,"sd","13:38:01",1177100
67.6,-0.5,8800,"sd","13:17:21",982500
67.7,-0.4,100,"bu","13:17:21",982600
67.6,-0.5,3100,"sd","13:17:20",973700
67.7,-0.4,1000,"bu","13:17:20",970600
68,-0.1,100,"sd","14:05:02",1354000
67.6,-0.5,2800,"sd","13:18:25",986000
67.7,-0.4,2000,"bu","13:17:17",969600
67.8,-0.3,300,"sd","14:05:25",1355900
67.7,-0.4,1000,"bu","13:16:14",964000
67.7,-0.4,1400,"bu","13:15:37",960100
68.2,0.1,400,"sd","14:10:04",1399000
67.7,-0.4,200,"bu","13:16:11",963000
67.8,-0.3,300,"sd","13:59:15",1293100
67.7,-0.4,2400,"bu","13:16:08",962800
67.7,-0.4,400,"bu","13:15:33",958700
67.8,-0.3,2800,"sd","13:59:10",1292800
67.6,-0.5,300,"sd","13:15:28",958300
67.6,-0.5,300,"sd","13:18:03",983200
67.6,-0.5,300,"sd","13:17:32",982900
67.9,-0.2,100,"sd","13:59:05",1290000
67.6,-0.5,300,"sd","13:15:59",960400
68.2,0.1,1000,"bu","14:08:13",1373900
67.9,-0.2,300,"sd","13:37:06",1174200
68.2,0.1,300,"sd","14:09:14",1389200
68.1,0,200,"sd","14:08:41",1374400
68.1,0,1400,"bu","14:05:16",1355600
68.1,0,8400,"bu","14:08:05",1372900
67.8,-0.3,100,"bu","13:27:30",1050700
67.8,-0.3,800,"bu","13:27:29",1050600
67.9,-0.2,300,"sd","13:39:38",1180500
67.9,-0.2,300,"sd","13:37:37",1174500
67.8,-0.3,500,"bu","13:27:28",1049800
68.1,0,1500,"bu","14:08:01",1364500
68,-0.1,300,"sd","14:07:29",1362700
68,-0.1,500,"bu","13:36:54",1173900
68.2,0.1,4200,"bu","14:09:06",1388900
68.1,0,300,"sd","14:08:31",1374200
68,-0.1,300,"sd","14:08:00",1363000
67.9,-0.2,300,"sd","13:38:08",1177400
68,-0.1,200,"bu","14:05:07",1354200
67.6,-0.5,200,"sd","13:06:12",905600
67.5,-0.6,700,"sd","11:22:01",844700
67.5,-0.6,700,"sd","11:18:42",828800
67.6,-0.5,800,"bu","11:27:25",860900
67.5,-0.6,300,"sd","11:21:15",842900
67.7,-0.4,2400,"bu","13:06:03",905400
67.6,-0.5,400,"bu","11:27:23",860100
67.6,-0.5,100,"bu","11:22:40",846000
67.5,-0.6,300,"sd","11:18:03",825800
67.6,-0.5,1400,"bu","11:18:02",825500
67.7,-0.4,400,"bu","13:08:55",923300
67.6,-0.5,100,"bu","11:29:07",865800
67.6,-0.5,300,"sd","11:28:09",862700
67.6,-0.5,1500,"sd","11:28:08",862400
67.6,-0.5,500,"bu","11:22:32",845900
67.5,-0.6,300,"sd","11:21:48",844000
67.5,-0.6,300,"sd","11:18:35",828100
67.6,-0.5,500,"bu","11:18:00",824100
67.7,-0.4,1500,"bu","13:06:55",908700
67.6,-0.5,100,"bu","11:22:28",845400
67.7,-0.4,1400,"bu","13:06:23",907000
67.6,-0.5,2000,"bu","11:18:29",827800
67.7,-0.4,900,"bu","13:07:25",911800
67.6,-0.5,2800,"sd","11:26:59",859700
67.7,-0.4,100,"bu","11:26:59",856900
67.5,-0.6,400,"sd","11:22:20",845300
67.6,-0.5,100,"bu","11:18:57",828900
67.6,-0.5,100,"bu","11:21:32",843700
67.6,-0.5,200,"bu","11:21:32",843600
67.6,-0.5,300,"bu","11:28:41",865700
67.6,-0.5,100,"bu","11:22:09",844900
67.6,-0.5,100,"bu","11:17:42",823600
67.5,-0.6,500,"sd","11:17:41",823500
67.7,-0.4,300,"sd","13:26:16",1045800
67.8,-0.3,1400,"bu","13:25:39",1042200
67.7,-0.4,200,"sd","13:26:05",1045500
67.7,-0.4,300,"sd","13:24:44",1021700
67.7,-0.4,2800,"sd","13:26:02",1045300
67.7,-0.4,15000,"sd","13:25:36",1040800
67.8,-0.3,100,"bu","13:27:18",1049300
67.7,-0.4,300,"sd","13:27:18",1049200
67.7,-0.4,2800,"sd","13:24:57",1024500
67.7,-0.4,300,"sd","13:25:45",1042500
67.7,-0.4,300,"sd","13:26:47",1046100
67.8,-0.3,1000,"bu","13:25:29",1025800
67.7,-0.4,300,"sd","13:25:15",1024800
67.7,-0.4,2800,"sd","13:27:08",1048900
67.6,-0.5,200,"sd","13:06:42",907200
67.6,-0.5,2700,"sd","11:28:32",865400
67.6,-0.5,100,"bu","11:22:05",844800
67.6,-0.5,500,"bu","11:21:22",843400
67.6,-0.5,100,"sd","11:12:20",760700
67.6,-0.5,100,"sd","11:12:19",760600
67.6,-0.5,600,"bu","11:12:53",795400
67.6,-0.5,20000,"sd","11:12:01",753200
67.6,-0.5,100,"bu","11:12:34",792700
67.6,-0.5,1500,"sd","11:11:58",733200
67.6,-0.5,300,"sd","11:12:12",760500
67.6,-0.5,6300,"sd","11:12:11",760200
67.6,-0.5,300,"sd","11:11:41",731700
67.6,-0.5,2300,"sd","11:11:03",730700
67.6,-0.5,400,"sd","11:11:18",731400
67.7,-0.4,300,"sd","11:09:06",653200
67.6,-0.5,300,"sd","11:11:10",731000
67.6,-0.5,100,"sd","11:10:52",728400
67.7,-0.4,2300,"sd","11:10:17",665100
67.7,-0.4,3000,"sd","11:10:14",662800
67.6,-0.5,900,"bu","11:12:52",794800
67.7,-0.4,500,"sd","11:10:24",665900
67.7,-0.4,300,"sd","11:10:23",665400
67.7,-0.4,300,"sd","11:10:08",659800
67.7,-0.4,6000,"sd","11:09:51",659500
67.5,-0.6,300,"sd","11:17:31",816000
67.6,-0.5,400,"sd","11:12:04",753900
67.6,-0.5,300,"sd","11:12:04",753500
67.6,-0.5,4000,"bu","11:17:38",823000
67.6,-0.5,3000,"bu","11:17:37",819000
67.6,-0.5,100,"bu","11:13:31",801300
67.6,-0.5,1000,"bu","11:17:27",815700
67.5,-0.6,800,"sd","11:12:44",793900
67.6,-0.5,1900,"sd","11:12:29",792600
67.5,-0.6,300,"sd","11:13:14",801200
67.5,-0.6,5500,"sd","11:12:58",800900
67.5,-0.6,300,"sd","11:12:43",793100
67.6,-0.5,100,"bu","11:12:40",792800
67.6,-0.5,30000,"sd","11:12:25",790700
67.7,-0.4,300,"sd","11:09:37",653500
67.7,-0.4,200,"sd","10:53:01",589700
67.7,-0.4,100,"bu","13:17:03",966600
67.8,-0.3,100,"bu","10:53:54",616300
67.8,-0.3,200,"sd","10:35:00",499700
67.6,-0.5,300,"sd","13:17:01",966500
67.8,-0.3,100,"bu","10:53:48",616200
67.8,-0.3,300,"sd","10:34:52",499500
67.9,-0.2,300,"sd","13:58:12",1276900
67.7,-0.4,1400,"bu","13:16:58",966200
67.7,-0.4,500,"bu","13:16:57",964800
67.8,-0.3,200,"bu","10:53:44",616100
67.8,-0.3,600,"sd","10:34:46",499200
67.8,-0.3,200,"sd","10:33:58",497000
67.8,-0.3,200,"bu","10:53:37",615900
67.8,-0.3,100,"bu","10:53:36",615700
67.8,-0.3,5000,"bu","10:53:33",615600
67.7,-0.4,300,"sd","10:53:33",610600
67.9,-0.2,500,"bu","13:58:19",1286200
67.9,-0.2,8800,"sd","13:58:18",1285700
67.8,-0.3,1300,"sd","10:33:55",496800
67.8,-0.3,100,"bu","10:53:31",610300
67.8,-0.3,15000,"bu","10:53:21",610200
67.8,-0.3,200,"sd","10:34:29",498600
67.9,-0.2,100,"bu","13:58:56",1289900
67.6,-0.5,300,"sd","13:16:29",964300
67.9,-0.2,500,"sd","13:58:20",1286700
67.7,-0.4,1000,"bu","13:17:12",967600
67.7,-0.4,300,"sd","10:54:04",616600
67.7,-0.4,400,"sd","10:53:07",595200
67.8,-0.3,5000,"bu","10:53:05",594800
67.7,-0.4,100,"sd","10:53:02",589800
67.9,-0.2,1400,"bu","10:34:18",498400
67.9,-0.2,300,"sd","13:52:00",1249000
68,-0.1,1400,"bu","13:51:58",1248700
68,-0.1,1400,"bu","13:49:29",1243300
67.8,-0.3,100,"sd","13:49:24",1241900
67.9,-0.2,200,"sd","13:49:24",1241800
67.8,-0.3,100,"sd","14:22:40",1562100
67.9,-0.2,300,"sd","13:49:53",1243600
67.7,-0.4,200,"sd","10:25:43",456100
67.8,-0.3,300,"sd","13:47:19",1225900
67.8,-0.3,1400,"bu","13:32:29",1090100
67.7,-0.4,300,"sd","13:32:28",1088700
67.7,-0.4,62100,"sd","11:10:40",728300
67.7,-0.4,300,"sd","11:10:39",666200
67.9,-0.2,3400,"bu","10:27:11",464200
67.7,-0.4,1600,"sd","10:25:38",455900
67.9,-0.2,500,"sd","13:44:17",1208300
68,-0.1,1200,"bu","13:43:36",1205800
67.6,-0.5,300,"bu","11:23:42",850000
67.9,-0.2,2800,"bu","10:26:22",459100
68,-0.1,1400,"bu","13:51:20",1247000
67.8,-0.3,200,"sd","13:48:56",1241600
68,-0.1,1400,"bu","13:48:56",1241400
67.9,-0.2,300,"sd","13:44:14",1207800
67.6,-0.5,100,"bu","11:23:39",849700
67.9,-0.2,100,"bu","10:27:01",460800
67.8,-0.3,300,"sd","13:48:51",1240000
67.9,-0.2,1000,"bu","13:45:08",1213400
67.8,-0.3,200,"sd","13:31:10",1086400
67.8,-0.3,200,"sd","10:36:32",501700
67.8,-0.3,500,"sd","13:31:07",1086200
67.8,-0.3,900,"sd","13:31:06",1085700
67.6,-0.5,500,"bu","11:23:28",849600
67.6,-0.5,500,"bu","11:23:27",849100
67.6,-0.5,100,"bu","11:23:25",848600
67.5,-0.6,400,"sd","11:23:24",848500
67.6,-0.5,5000,"bu","11:19:12",834200
67.7,-0.4,200,"sd","10:26:14",456300
67.8,-0.3,300,"sd","13:47:50",1237900
67.6,-0.5,100,"bu","11:23:22",848100
67.5,-0.6,300,"sd","11:19:07",829200
67.9,-0.2,1400,"bu","10:26:49",460700
67.9,-0.2,300,"sd","13:44:51",1211400
67.8,-0.3,900,"sd","13:30:57",1084800
67.8,-0.3,300,"sd","13:30:56",1083900
67.6,-0.5,100,"bu","11:23:20",848000
67.8,-0.3,200,"sd","10:26:45",459300
67.9,-0.2,300,"sd","13:50:25",1245300
67.8,-0.3,300,"sd","13:46:48",1225600
68,-0.1,300,"bu","13:44:01",1207500
68,-0.1,200,"bu","13:43:23",1204600
67.8,-0.3,200,"sd","10:33:27",495500
67.7,-0.4,200,"sd","10:25:12",454300
68,-0.1,1400,"bu","13:50:23",1245000
68,-0.1,6900,"bu","13:47:36",1237600
67.8,-0.3,2400,"sd","13:46:43",1225300
67.9,-0.2,900,"sd","13:44:00",1207200
67.7,-0.4,300,"sd","13:31:58",1088400
67.5,-0.6,1000,"sd","11:17:02",814700
67.9,-0.2,300,"sd","13:44:44",1211100
67.5,-0.6,300,"sd","11:16:59",813700
67.9,-0.2,100,"sd","13:44:41",1210800
67.8,-0.3,300,"sd","13:46:24",1222900
67.9,-0.2,200,"sd","13:43:51",1206300
67.9,-0.2,300,"sd","13:43:11",1204400
67.6,-0.5,1000,"bu","11:25:05",853600
67.6,-0.5,1000,"bu","11:19:40",837600
67.5,-0.6,300,"sd","11:19:39",836600
67.9,-0.2,3100,"bu","13:47:36",1230700
67.9,-0.2,2400,"sd","13:44:33",1210700
67.6,-0.5,1000,"bu","11:19:37",836300
67.8,-0.3,300,"sd","13:47:28",1227600
67.8,-0.3,300,"sd","13:46:17",1222600
67.5,-0.6,400,"sd","11:23:56",850500
67.8,-0.3,200,"sd","10:33:09",495300
67.8,-0.3,300,"sd","13:48:21",1239700
67.8,-0.3,100,"sd","13:48:19",1239400
67.9,-0.2,300,"sd","13:43:42",1206100
68,-0.1,4000,"bu","13:43:03",1204100
67.6,-0.5,100,"bu","11:19:32",835300
67.5,-0.6,1000,"sd","11:19:31",835200
67.9,-0.2,300,"sd","13:51:29",1247300
67.9,-0.2,300,"sd","13:50:56",1245600
68,-0.1,1400,"bu","13:48:15",1239300
67.9,-0.2,1400,"bu","13:47:23",1227300
67.8,-0.3,1400,"sd","13:31:29",1088100
67.8,-0.3,300,"sd","13:31:27",1086700
67.6,-0.5,100,"bu","11:23:51",850100
67.8,-0.3,2800,"sd","10:11:19",398500
67.8,-0.3,1400,"sd","10:10:03",393600
67.8,-0.3,200,"sd","10:11:17",395700
67.8,-0.3,300,"sd","10:09:29",387500
67.8,-0.3,1600,"sd","10:09:04",387000
67.8,-0.3,100000,"sd","10:09:00",385400
67.9,-0.2,100,"bu","13:45:52",1221800
67.8,-0.3,200,"sd","10:44:46",515800
67.8,-0.3,300,"sd","13:45:46",1221700
67.8,-0.3,300,"sd","13:45:15",1213700
67.9,-0.2,1000,"bu","13:45:04",1212400
67.8,-0.3,100,"sd","10:11:29",398600
67.9,-0.2,1000,"bu","13:45:41",1221400
67.7,-0.4,300,"sd","10:58:10",622000
67.8,-0.3,200,"sd","10:09:14",387200
67.8,-0.3,200,"sd","10:08:43",285400
67.7,-0.4,1000,"sd","10:57:08",621200
67.8,-0.3,200,"sd","10:44:16",515600
67.9,-0.2,1400,"bu","10:29:24",478300
67.7,-0.4,1000,"sd","10:55:29",619000
67.9,-0.2,500,"bu","13:45:58",1222300
67.7,-0.4,300,"sd","10:56:37",620200
67.8,-0.3,200,"bu","10:45:49",548000
67.7,-0.4,300,"sd","10:45:48",547800
67.8,-0.3,30000,"sd","10:45:48",547500
67.8,-0.3,100,"sd","10:45:47",517500
67.8,-0.3,10000,"bu","10:52:12",588800
67.7,-0.4,200,"sd","10:29:51",479400
67.8,-0.3,200,"bu","10:29:51",479200
67.8,-0.3,100,"bu","10:29:47",479000
67.8,-0.3,100,"bu","10:52:05",578800
67.9,-0.2,6700,"bu","13:45:20",1220400
67.8,-0.3,1200,"sd","10:43:52",515400
67.8,-0.3,1100,"sd","10:45:32",517400
67.9,-0.2,600,"sd","13:40:11",1183400
68,-0.1,300,"sd","13:42:41",1200100
67.9,-0.2,1900,"bu","13:40:25",1185300
67.7,-0.4,300,"sd","10:30:24",479900
67.8,-0.3,600,"sd","10:29:33",478900
67.9,-0.2,300,"sd","13:40:06",1182800
67.8,-0.3,200,"sd","10:45:17",516300
67.7,-0.4,200,"sd","10:30:22",479600
67.9,-0.2,200,"sd","09:42:31",129300
67.8,-0.3,200,"sd","10:28:18",471700
67.9,-0.2,200,"sd","09:43:02",130500
67.9,-0.2,200,"sd","09:43:33",130700
67.9,-0.2,200,"sd","09:55:21",226000
68,-0.1,1000,"bu","09:42:52",130300
67.9,-0.2,300,"bu","09:54:15",223700
67.9,-0.2,100,"bu","09:54:14",223400
67.8,-0.3,200,"sd","10:27:47",469400
67.9,-0.2,200,"bu","10:28:16",471500
67.9,-0.2,1400,"bu","10:28:16",471300
67.9,-0.2,200,"sd","09:55:52",227700
67.8,-0.3,1500,"sd","10:28:57",473400
67.9,-0.2,500,"bu","10:28:13",469900
67.9,-0.2,500,"bu","10:27:28",466400
67.8,-0.3,200,"sd","10:29:20",476900
67.8,-0.3,3300,"sd","10:29:04",476700
67.8,-0.3,200,"sd","10:28:49",471900
67.9,-0.2,2800,"bu","10:27:42",469200
67.9,-0.2,1500,"sd","09:55:47",227500
68,-0.1,300,"bu","09:43:46",131000
68.2,0.1,100,"bu","14:18:53",1505700
67.7,-0.4,1400,"bu","13:19:56",993500
67.7,-0.4,100,"bu","13:18:55",986800
67.7,-0.4,300,"sd","13:29:22",1067600
67.7,-0.4,2800,"sd","13:23:53",1018400
67.8,-0.3,100,"bu","13:28:05",1055400
68.1,0,400,"sd","14:17:54",1496000
68.2,0.1,100,"bu","14:17:54",1495600
67.7,-0.4,2800,"sd","13:29:18",1067300
67.8,-0.3,1000,"bu","13:28:02",1055300
68.2,0.1,100,"bu","14:18:38",1505600
67.7,-0.4,1000,"sd","13:29:11",1064500
67.8,-0.3,100,"bu","13:29:11",1063500
67.7,-0.4,300,"bu","13:18:44",986700
68.1,0,400,"sd","14:17:48",1495500
68.1,0,100,"sd","14:19:23",1513800
68.2,0.1,100,"bu","14:19:23",1513700
67.7,-0.4,200,"sd","10:21:06",447000
67.7,-0.4,300,"sd","13:23:42",1015600
68.2,0.1,100,"bu","14:18:36",1505500
67.9,-0.2,200,"sd","10:18:00",439300
67.6,-0.5,300,"sd","13:19:35",992100
67.7,-0.4,1400,"bu","13:19:34",991800
68.2,0.1,5000,"bu","14:19:17",1513600
67.6,-0.5,2800,"sd","13:19:30",990400
67.6,-0.5,300,"sd","13:18:33",986400
68.2,0.1,100,"bu","14:17:39",1495100
67.7,-0.4,100,"bu","13:18:27",986100
67.7,-0.4,300,"sd","13:23:35",1015300
67.7,-0.4,300,"sd","13:24:13",1021300
67.8,-0.3,100,"bu","13:24:13",1021000
68.1,0,2800,"sd","14:18:27",1505400
68.2,0.1,100,"bu","14:19:08",1508600
68.2,0.1,100,"bu","14:18:23",1502600
68.1,0,1000,"sd","14:18:21",1502500
67.8,-0.3,3000,"bu","13:29:06",1063400
67.8,-0.3,1400,"bu","13:21:24",1002700
67.7,-0.4,100,"sd","13:21:24",1001300
67.8,-0.3,1400,"bu","13:24:06",1020900
68.2,0.1,100,"bu","14:18:09",1501100
68.1,0,2800,"sd","14:18:09",1501000
68.1,0,400,"sd","14:18:19",1501500
67.8,-0.3,3000,"bu","13:29:01",1060400
67.8,-0.3,2000,"bu","13:21:20",1001200
67.8,-0.3,200,"bu","13:24:04",1019500
68.1,0,2800,"sd","14:18:56",1508500
67.6,-0.5,300,"sd","13:19:04",987600
67.7,-0.4,500,"bu","13:19:02",987300
67.7,-0.4,900,"sd","13:24:00",1019300
68.1,0,2200,"sd","14:18:07",1498200
67.8,-0.3,1000,"bu","13:30:01",1069900
67.9,-0.2,200,"sd","09:36:21",94100
67.9,-0.2,200,"sd","09:35:20",92100
67.9,-0.2,1600,"sd","09:35:53",93900
67.9,-0.2,200,"sd","09:35:50",92300
68,-0.1,4800,"sd","09:28:36",67100
67.9,-0.2,200,"sd","09:37:22",101500
67.9,-0.2,7000,"sd","09:37:10",101300
67.9,-0.2,1500,"sd","09:37:34",103000
67.9,-0.2,200,"sd","09:36:52",94300
67.7,-0.4,1600,"bu","13:20:17",995500
67.7,-0.4,300,"sd","13:23:11",1015000
67.7,-0.4,300,"sd","13:21:08",999200
67.8,-0.3,200,"sd","10:11:48",398800
67.7,-0.4,300,"sd","13:22:09",1008300
67.8,-0.3,1400,"bu","13:21:03",998900
67.7,-0.4,300,"sd","13:21:01",997500
67.7,-0.4,100,"bu","13:20:07",993900
67.6,-0.5,300,"sd","13:20:06",993800
67.8,-0.3,1400,"bu","13:23:02",1014700
67.6,-0.5,2900,"sd","13:15:09",958000
67.7,-0.4,500,"sd","13:23:02",1013300
67.6,-0.5,300,"sd","13:14:57",955100
67.7,-0.4,2800,"sd","13:22:47",1012800
67.8,-0.3,1400,"bu","13:22:32",1009700
67.7,-0.4,300,"sd","13:20:37",997200
67.7,-0.4,300,"sd","13:22:40",1010000
67.7,-0.4,4200,"bu","13:21:45",1008000
67.7,-0.4,800,"sd","13:21:41",1003800
67.8,-0.3,1400,"bu","13:20:29",996900
67.7,-0.4,300,"sd","13:21:38",1003000
67.7,-0.4,100,"bu","13:14:29",954400
67.7,-0.4,200,"bu","13:14:29",954300
67.6,-0.5,200,"sd","13:12:53",941800
67.6,-0.5,200,"sd","13:07:44",915000
67.7,-0.4,2000,"bu","13:07:43",914800
67.5,-0.6,500,"sd","11:20:38",841100
67.8,-0.3,200,"sd","10:41:10",508600
67.8,-0.3,1000,"sd","10:39:13",506300
67.6,-0.5,300,"sd","13:14:26",954100
67.6,-0.5,2000,"sd","13:00:03",875000
67.5,-0.6,300,"sd","11:15:55",812700
67.8,-0.3,3000,"sd","10:42:48",513700
67.8,-0.3,200,"sd","10:42:43",510700
67.8,-0.3,200,"sd","10:39:07",505300
67.7,-0.4,100,"bu","13:08:25",918900
67.6,-0.5,400,"bu","11:20:34",840600
67.6,-0.5,300,"bu","11:20:32",840200
67.5,-0.6,300,"sd","11:16:27",813400
67.5,-0.6,200,"sd","11:16:25",813100
67.5,-0.6,2000,"sd","11:15:50",812400
67.8,-0.3,1500,"sd","09:52:28",220300
67.6,-0.5,100,"sd","13:00:03",873000
67.7,-0.4,1400,"bu","13:14:11",953800
67.7,-0.4,200,"bu","13:09:27",923700
67.7,-0.4,100,"sd","13:08:19",918800
67.7,-0.4,100,"bu","13:08:18",918700
67.7,-0.4,1000,"sd","13:07:32",912800
67.6,-0.5,1000,"bu","11:20:22",839900
67.5,-0.6,700,"sd","11:20:21",838900
67.9,-0.2,200,"sd","09:34:18",91700
67.8,-0.3,200,"sd","09:52:16",218800
67.8,-0.3,300,"sd","10:42:28",510500
67.7,-0.4,100,"bu","13:14:09",952400
67.6,-0.5,200,"sd","13:13:25",946700
67.6,-0.5,200,"sd","13:13:24",946500
67.6,-0.5,200,"sd","13:08:15",918600
67.9,-0.2,1600,"sd","09:34:14",91500
67.8,-0.3,200,"sd","10:38:05",503600
67.6,-0.5,100,"bu","11:13:53",802200
67.7,-0.4,2000,"bu","13:14:06",952300
67.7,-0.4,2000,"bu","13:07:15",910900
67.6,-0.5,200,"sd","13:07:13",908900
67.6,-0.5,2000,"sd","13:00:01",872900
67.5,-0.6,200,"sd","11:16:12",812900
67.8,-0.3,1200,"sd","10:42:13",510200
67.8,-0.3,200,"sd","10:42:11",509000
67.8,-0.3,200,"sd","10:40:39",508400
67.6,-0.5,400,"bu","11:13:50",802100
67.6,-0.5,2800,"sd","13:14:04",950300
67.6,-0.5,200,"sd","13:13:15",946300
67.6,-0.5,200,"sd","13:09:17",923500
67.7,-0.4,700,"bu","13:08:09",918400
67.5,-0.6,300,"sd","11:20:11",838200
67.8,-0.3,1300,"sd","10:40:33",508200
67.5,-0.6,300,"sd","11:13:46",801700
67.7,-0.4,1400,"bu","13:13:13",946100
67.7,-0.4,100,"bu","13:12:22",941600
67.6,-0.5,200,"sd","13:12:22",941500
67.6,-0.5,1000,"bu","11:22:54",847700
67.5,-0.6,200,"sd","11:15:33",810400
67.6,-0.5,100,"bu","11:14:32",807700
67.6,-0.5,100,"bu","11:13:45",801400
67.6,-0.5,200,"sd","13:13:56",947500
67.7,-0.4,1000,"bu","13:08:05",917700
67.5,-0.6,400,"sd","11:22:52",846700
67.6,-0.5,300,"bu","11:22:49",846300
67.6,-0.5,100,"bu","11:20:03",837900
67.5,-0.6,300,"sd","11:15:28",810200
67.6,-0.5,200,"bu","11:14:57",808200
67.7,-0.4,400,"bu","13:14:47",954800
67.6,-0.5,100,"bu","11:21:05",842600
67.9,-0.2,100,"bu","10:39:48",506700
67.5,-0.6,5000,"sd","11:14:28",807600
67.6,-0.5,1000,"sd","13:12:08",941300
67.6,-0.5,100,"bu","11:21:03",842500
67.5,-0.6,400,"sd","11:15:23",809900
67.5,-0.6,100,"sd","11:14:50",808000
67.5,-0.6,200,"sd","11:14:50",807900
67.8,-0.3,200,"sd","10:41:41",508800
67.8,-0.3,100,"sd","10:39:42",506600
67.6,-0.5,2900,"sd","13:12:58",944700
67.6,-0.5,1700,"sd","13:08:46",922900
67.7,-0.4,200,"bu","13:08:45",921200
67.6,-0.5,1000,"bu","11:21:00",842400
67.5,-0.6,300,"sd","11:15:22",809500
68,-0.1,2000,"bu","10:02:26",238400
67.9,-0.2,1500,"sd","10:02:25",236400
67.8,-0.3,200,"sd","10:39:37",506500
67.6,-0.5,100,"bu","11:14:22",802600
67.7,-0.4,100,"bu","13:08:43",921000
67.7,-0.4,1700,"bu","13:07:54",916700
67.7,-0.4,700,"bu","13:03:09",891000
67.6,-0.5,200,"bu","11:19:50",837800
67.7,-0.4,2000,"bu","13:08:40",920900
67.6,-0.5,200,"sd","13:03:07",890300
67.5,-0.6,1000,"sd","11:15:13",809200
67.5,-0.6,300,"sd","11:14:16",802500
67.7,-0.4,600,"bu","13:13:35",947300
67.6,-0.5,200,"sd","13:09:47",923900
67.5,-0.6,300,"sd","11:20:43",841400
67.7,-0.4,300,"sd","10:47:21",551600
67.8,-0.3,200,"sd","10:32:56",495100
67.8,-0.3,100,"bu","10:21:14",447400
67.8,-0.3,100,"bu","10:21:10",447300
67.7,-0.4,200,"sd","11:07:20",645300
67.7,-0.4,200,"sd","11:06:07",643500
67.7,-0.4,300,"sd","10:48:54",557900
67.8,-0.3,200,"bu","10:21:09",447200
67.7,-0.4,300,"sd","11:04:21",638700
67.7,-0.4,1200,"sd","10:47:11",551300
67.8,-0.3,100,"bu","10:48:43",557600
67.7,-0.4,1000,"sd","11:07:05",645100
67.7,-0.4,300,"sd","11:07:00",644100
67.7,-0.4,300,"sd","11:05:57",643300
67.7,-0.4,100,"sd","11:05:54",643000
67.7,-0.4,300,"sd","11:02:48",636200
67.7,-0.4,300,"sd","11:02:47",635900
67.7,-0.4,300,"sd","10:46:50",550100
67.7,-0.4,1800,"sd","11:05:49",642900
67.7,-0.4,300,"sd","10:48:22",557500
67.8,-0.3,100,"bu","10:21:49",448100
67.7,-0.4,300,"sd","11:03:50",638400
67.8,-0.3,100,"bu","10:46:29",549800
67.8,-0.3,1400,"sd","10:32:16",492900
67.8,-0.3,600,"bu","11:05:35",641100
67.7,-0.4,1000,"sd","11:03:46",638100
67.7,-0.4,5000,"sd","10:48:01",557200
67.8,-0.3,1400,"bu","10:46:23",549700
67.7,-0.4,200,"sd","10:21:37",448000
67.8,-0.3,100,"sd","10:32:37",494900
67.7,-0.4,2000,"sd","11:01:55",633800
67.7,-0.4,300,"sd","10:46:19",548300
67.7,-0.4,300,"sd","11:02:18",635600
67.7,-0.4,300,"sd","11:01:46",631800
67.7,-0.4,300,"sd","10:52:00",578700
67.7,-0.4,200,"sd","10:51:06",571100
67.7,-0.4,300,"sd","10:47:51",552200
67.7,-0.4,300,"sd","10:21:32",447800
67.7,-0.4,1300,"sd","11:05:26",640500
67.8,-0.3,200,"sd","10:32:25",494800
67.7,-0.4,300,"sd","11:06:28",643800
67.7,-0.4,200,"sd","11:05:19",639200
67.7,-0.4,1000,"sd","11:02:07",635300
67.7,-0.4,500,"sd","11:02:06",634300
67.7,-0.4,300,"sd","10:50:58",570900
67.7,-0.4,200,"sd","10:50:06",568800
67.8,-0.3,100,"bu","10:49:19",558000
67.8,-0.3,100,"bu","10:21:23",447500
67.9,-0.2,1400,"bu","10:32:22",494600
67.8,-0.3,300,"sd","10:32:19",493200
67.7,-0.4,300,"sd","11:03:19",637100
67.7,-0.4,300,"sd","10:47:34",551900
67.8,-0.3,600,"bu","11:03:17",636800
67.8,-0.3,200,"bu","10:13:17",414000
67.8,-0.3,200,"sd","10:14:33",417700
67.8,-0.3,900,"bu","10:14:28",417500
67.8,-0.3,300,"sd","10:12:01",399100
68,-0.1,100,"bu","10:17:50",439100
67.9,-0.2,2200,"bu","10:17:14",435600
67.9,-0.2,2800,"bu","10:17:13",433400
67.9,-0.2,2300,"bu","10:17:12",430600
67.8,-0.3,200,"sd","10:16:28",421400
67.8,-0.3,200,"sd","10:15:26",419500
67.8,-0.3,100,"bu","10:14:27",416600
68.1,0,5900,"","09:15:01",5900
67.8,-0.3,500,"sd","10:09:48",392200
67.9,-0.2,2800,"bu","10:17:12",428300
67.8,-0.3,200,"bu","10:13:40",414400
67.8,-0.3,3000,"sd","10:09:45",391700
67.8,-0.3,200,"sd","10:09:44",388700
67.8,-0.3,500,"sd","10:17:11",425500
67.9,-0.2,2800,"bu","10:17:10",425000
67.7,-0.4,200,"sd","10:14:22",416500
67.8,-0.3,200,"sd","10:31:23",489900
68,-0.1,100,"bu","10:17:44",439000
67.9,-0.2,300,"bu","10:17:09",422200
67.8,-0.3,300,"sd","10:17:06",421900
67.8,-0.3,500,"sd","10:09:37",388500
67.9,-0.2,1400,"bu","10:31:14",489700
67.9,-0.2,1500,"sd","10:17:39",438900
67.8,-0.3,1300,"sd","10:15:14",419300
68.1,0,500,"bu","09:28:28",62300
67.8,-0.3,500,"sd","10:09:32",388000
67.8,-0.3,100,"sd","10:31:10",488300
67.8,-0.3,200,"sd","10:16:58",421600
67.9,-0.2,300,"bu","10:31:55",490400
67.8,-0.3,200,"sd","10:10:15",393800
67.9,-0.2,1000,"bu","10:32:04",491400
67.7,-0.4,200,"sd","10:30:52",488200
67.9,-0.2,200,"sd","10:17:29",437400
67.9,-0.2,100,"sd","10:17:28",437200
67.7,-0.4,1600,"sd","10:14:02",416300
68,-0.1,200,"sd","09:26:32",55900
67.8,-0.3,100,"sd","10:32:16",491500
67.9,-0.2,1400,"bu","10:30:50",488000
67.8,-0.3,200,"sd","10:15:56",421200
68,-0.1,200,"sd","09:28:05",61800
67.8,-0.3,200,"sd","10:10:46",395500
67.8,-0.3,1500,"sd","10:10:43",395300
67.8,-0.3,1500,"sd","10:15:42",421000
67.8,-0.3,200,"sd","10:31:54",490100
67.8,-0.3,5300,"bu","10:30:43",486600
68,-0.1,200,"sd","09:25:31",53800
67.7,-0.4,200,"sd","10:13:20",414200
67.7,-0.4,1400,"sd","10:30:36",481300
67.9,-0.2,1500,"sd","10:17:21",437100
67.7,-0.4,200,"sd","10:13:51",414700
67.8,-0.3,100,"bu","10:13:51",414500
67.9,-0.2,1400,"sd","09:57:27",229800
67.7,-0.4,6300,"sd","10:12:26",413300
67.9,-0.2,200,"sd","09:58:57",230500
67.9,-0.2,200,"sd","09:57:25",228400
67.8,-0.3,200,"sd","10:12:25",407000
67.8,-0.3,1000,"sd","10:12:23",406800
67.8,-0.3,1500,"sd","10:12:22",405800
67.7,-0.4,300,"sd","10:12:58",413800
67.8,-0.3,200,"sd","10:12:18",404300
67.9,-0.2,100,"sd","09:58:32",230300
67.8,-0.3,5000,"sd","10:12:17",404100
67.9,-0.2,200,"sd","09:58:26",230200
67.9,-0.2,200,"sd","09:56:53",228200
67.7,-0.4,200,"sd","10:12:49",413500
67.9,-0.2,20800,"sd","10:06:35",281200
67.9,-0.2,200,"sd","09:56:23",228000
67.9,-0.2,100,"sd","09:56:21",227800
67.8,-0.3,100,"sd","10:06:40",281400
67.9,-0.2,100,"sd","10:06:39",281300
67.9,-0.2,2200,"sd","10:06:19",260400
67.9,-0.2,200,"sd","09:57:55",230000
67.9,-0.2,300,"sd","10:06:11",258200
67.8,-0.3,100,"sd","10:14:56",418000
67.8,-0.3,200,"sd","10:14:55",417900
67.9,-0.2,200,"sd","10:06:09",257900
67.9,-0.2,2000,"sd","10:06:46",283400
67.8,-0.3,200,"sd","09:52:53",220800
67.9,-0.2,100,"sd","09:52:53",220600
67.8,-0.3,200,"sd","09:51:15",217900
68,-0.1,400,"bu","09:51:12",217700
67.9,-0.2,600,"bu","09:51:12",217300
67.9,-0.2,200,"sd","09:50:13",209500
67.9,-0.2,200,"sd","09:52:48",220500
67.8,-0.3,800,"sd","09:51:10",216700
68,-0.1,100,"bu","09:50:10",209300
68,-0.1,100,"bu","09:21:52",48900
67.9,-0.2,100,"bu","09:52:02",218600
67.8,-0.3,200,"sd","09:49:11",208600
67.9,-0.2,1200,"sd","09:49:09",208400
68,-0.1,100,"bu","09:21:39",48800
67.8,-0.3,1500,"sd","09:50:49",215900
67.9,-0.2,200,"bu","09:50:49",214400
67.8,-0.3,200,"sd","09:51:45",218500
67.8,-0.3,200,"sd","09:50:44",214200
67.9,-0.2,400,"sd","09:19:24",36000
68,-0.1,500,"bu","09:22:13",49500
67.9,-0.2,2800,"bu","09:50:37",214000
67.9,-0.2,1600,"sd","09:50:31",211200
68,-0.1,100,"bu","09:50:30",209600
67.8,-0.3,400,"sd","09:51:26",218300
67.8,-0.3,200,"sd","09:48:10",205000
68,-0.1,100,"bu","09:22:07",49000
67.7,-0.4,200,"sd","10:24:10",450100
68.1,0,3000,"bu","14:26:35",1586500
67.8,-0.3,200,"sd","10:20:04",441700
68,-0.1,1600,"sd","09:30:55",79200
68,-0.1,200,"sd","09:29:08",69600
68.1,0,300,"bu","09:29:04",69400
68.4,0.3,2600,"bu","14:29:06",1665000
68,-0.1,4200,"sd","09:30:52",77600
68.1,0,1000,"bu","09:29:01",69100
68.2,0.1,100,"bu","14:27:02",1594100
68.1,0,1400,"bu","14:26:32",1583500
68.1,0,100,"bu","14:26:32",1582100
68.2,0.1,600,"bu","14:27:00",1594000
68.1,0,1500,"bu","09:30:46",73400
68,-0.1,200,"sd","09:30:41",71900
68.1,0,2300,"bu","14:27:00",1593400
67.8,-0.3,200,"sd","10:19:02",441000
68,-0.1,1000,"sd","09:28:45",68100
68.3,0.2,100,"bu","14:27:31",1626300
67.8,-0.3,300,"sd","10:19:38",441500
67.9,-0.2,1000,"bu","10:18:52",440800
68.5,0.4,100,"bu","14:29:57",1670200
68,-0.1,200,"sd","09:29:39",71400
68.4,0.3,100,"bu","14:28:58",1662400
67.8,-0.3,100,"sd","10:18:48",439800
68.2,0.1,100,"bu","14:27:17",1617800
68.3,0.2,4200,"bu","14:27:24",1626200
67.8,-0.3,200,"sd","10:19:33",441200
68.2,0.1,10000,"bu","14:27:14",1617700
68.1,0,100,"bu","14:26:47",1591100
68.1,0,2600,"sd","14:26:45",1591000
68.2,0.1,3200,"bu","14:27:13",1607700
68.3,0.2,1400,"bu","14:27:21",1622000
67.8,-0.3,200,"sd","10:18:39",439700
68.3,0.2,100,"bu","14:27:46",1626400
68.3,0.2,2500,"bu","14:27:19",1620600
68.2,0.1,300,"bu","14:27:19",1618100
68,-0.1,200,"sd","09:31:12",79400
68,-0.1,1600,"sd","09:29:15",71200
68.2,0.1,6200,"bu","14:27:10",1604500
68.1,0,100,"bu","14:25:37",1574900
67.8,-0.3,300,"bu","10:24:18",450500
67.8,-0.3,100,"bu","10:24:16",450200
67.8,-0.3,200,"sd","10:18:31",439500
68.2,0.1,4200,"bu","14:27:09",1598300
68.1,0,1900,"bu","14:26:36",1588400
67.9,-0.2,500,"sd","09:46:20",196600
68,-0.1,300,"bu","14:24:05",1568500
68.2,0.1,100,"bu","14:20:07",1523100
67.9,-0.2,100,"sd","09:45:24",165700
68,-0.1,100,"bu","14:24:04",1568200
68,-0.1,100,"bu","14:23:22",1562700
68,-0.1,100,"bu","14:23:20",1562600
67.9,-0.2,19000,"sd","09:45:21",165600
67.9,-0.2,700,"sd","14:22:23",1559900
67.9,-0.2,2200,"sd","14:21:52",1555500
68.2,0.1,14600,"bu","14:21:08",1538300
68.1,0,100,"bu","14:25:11",1573200
67.9,-0.2,200,"sd","10:01:31",234400
67.9,-0.2,8300,"bu","09:46:11",196100
68,-0.1,5000,"bu","14:23:58",1568100
68,-0.1,200,"bu","14:23:18",1562500
68,-0.1,900,"sd","14:21:52",1553300
68.1,0,200,"sd","14:17:31",1495000
68,-0.1,100,"bu","14:23:53",1563100
68.1,0,100,"bu","14:21:51",1552400
68.1,0,2000,"bu","14:21:50",1552300
68,-0.1,2100,"sd","14:21:49",1550300
67.9,-0.2,1500,"sd","09:59:06",232000
67.8,-0.3,200,"sd","09:46:07",187800
68,-0.1,4300,"sd","14:21:49",1548200
68.2,0.1,200,"bu","14:20:44",1523500
67.9,-0.2,100,"bu","09:46:04",187600
68.1,0,2600,"sd","14:21:44",1543900
67.9,-0.2,100,"bu","09:46:01",187500
68,-0.1,100,"bu","14:23:05",1562300
68.2,0.1,100,"bu","14:20:36",1523300
68.1,0,100,"bu","14:24:48",1573000
67.8,-0.3,300,"sd","09:46:51",202800
67.9,-0.2,200,"sd","09:45:05",146600
68.1,0,1400,"bu","14:25:34",1574800
67.9,-0.2,200,"sd","10:01:00",234200
68,-0.1,200,"bu","14:23:49",1563000
68.2,0.1,100,"bu","14:21:36",1541300
68.1,0,100,"bu","14:25:33",1573400
67.9,-0.2,300,"sd","10:05:30",255200
67.9,-0.2,1400,"sd","10:00:46",234000
67.8,-0.3,200,"sd","09:46:38",202500
68,-0.1,100,"sd","14:24:22",1572600
68.1,0,100,"bu","14:24:34",1572900
67.9,-0.2,2800,"bu","09:46:34",202300
67.9,-0.2,15900,"sd","09:45:45",187400
68,-0.1,2800,"bu","14:24:20",1572500
68,-0.1,100,"bu","14:24:19",1569700
68,-0.1,100,"bu","14:22:50",1562200
68.2,0.1,100,"bu","14:20:22",1523200
67.9,-0.2,200,"sd","10:02:02",234900
67.9,-0.2,2900,"sd","09:46:33",199500
67.9,-0.2,5000,"sd","09:45:41",171500
68,-0.1,100,"bu","14:23:34",1562800
68,-0.1,200,"sd","14:24:28",1572800
67.9,-0.2,200,"sd","10:00:29",232600
67.9,-0.2,700,"sd","09:45:36",166500
67.9,-0.2,100,"sd","09:45:35",165800
68,-0.1,1100,"sd","14:24:12",1569600
67.9,-0.2,2000,"bu","14:22:37",1562000
67.9,-0.2,100,"bu","14:22:34",1560000
68.1,0,1400,"sd","14:21:21",1541200
68.2,0.1,100,"bu","14:21:21",1539800
67.9,-0.2,300,"sd","10:01:52",234700
68.1,0,1400,"sd","14:21:20",1539700
68.1,0,100,"bu","14:25:18",1573300
67.8,-0.3,2800,"sd","13:59:42",1295900
68.3,0.2,500,"bu","14:10:41",1403600
68.2,0.1,800,"sd","14:10:41",1403100
67.9,-0.2,300,"sd","13:57:42",1273800
68.2,0.1,100,"bu","14:16:54",1493700
68.2,0.1,400,"sd","14:10:35",1402300
67.9,-0.2,300,"sd","13:56:39",1273100
68.2,0.1,3000,"bu","14:16:51",1493600
68.1,0,300,"sd","14:16:51",1490600
67.9,-0.2,300,"sd","13:56:33",1272800
68.1,0,400,"sd","14:16:46",1490300
67.8,-0.3,300,"sd","13:58:44",1289800
67.9,-0.2,100,"sd","13:57:24",1273500
68.2,0.1,100,"bu","14:16:40",1489900
68.2,0.1,100,"bu","14:17:24",1494300
67.8,-0.3,2800,"sd","13:58:35",1289500
67.9,-0.2,2800,"sd","13:58:07",1276600
67.9,-0.2,300,"sd","13:57:10",1273400
68.2,0.1,100,"bu","14:16:25",1489800
68.1,0,400,"sd","14:17:17",1494200
68.1,0,5000,"sd","14:16:24",1489700
68.1,0,500,"sd","14:17:29",1494800
67.8,-0.3,300,"sd","13:59:46",1296200
68.2,0.1,100,"bu","14:17:09",1493800
67.9,-0.2,300,"sd","13:41:39",1189000
67.9,-0.2,200,"sd","09:38:24",103500
67.9,-0.2,300,"sd","13:52:31",1250300
67.8,-0.3,1400,"bu","13:30:27",1076800
67.9,-0.2,100,"sd","13:54:52",1256500
67.9,-0.2,300,"sd","13:54:04",1256100
67.9,-0.2,200,"sd","09:39:26",107400
67.8,-0.3,600,"bu","13:33:16",1094400
67.7,-0.4,300,"sd","13:30:25",1075400
67.7,-0.4,2800,"sd","13:30:24",1075100
67.9,-0.2,200,"sd","13:54:00",1255800
67.9,-0.2,1000,"sd","13:52:26",1250000
68,-0.1,2000,"bu","13:40:00",1182500
67.8,-0.3,100,"bu","13:33:14",1093800
67.7,-0.4,1000,"sd","13:30:20",1072300
68,-0.1,2000,"bu","13:55:48",1262200
68,-0.1,300,"sd","13:42:10",1197300
67.8,-0.3,500,"bu","13:30:18",1071300
67.9,-0.2,2000,"sd","13:53:12",1253900
67.9,-0.2,300,"sd","13:38:47",1177700
67.9,-0.2,1500,"sd","09:39:12",107200
67.9,-0.2,100,"bu","13:36:18",1173100
67.9,-0.2,100,"sd","13:36:14",1173000
67.8,-0.3,300,"sd","13:34:01",1112400
67.7,-0.4,300,"sd","13:32:59",1093700
67.9,-0.2,100,"sd","09:37:57",103300
67.9,-0.2,200,"sd","09:37:54",103200
67.8,-0.3,300,"sd","13:35:03",1170500
67.7,-0.4,1400,"sd","13:32:55",1093400
67.9,-0.2,300,"sd","13:54:35",1256400
67.9,-0.2,300,"sd","13:53:02",1251900
67.9,-0.2,300,"sd","13:41:19",1188700
67.9,-0.2,100,"bu","13:35:01",1170200
67.8,-0.3,1400,"bu","13:32:54",1092000
67.8,-0.3,900,"bu","13:30:07",1070800
67.9,-0.2,2500,"sd","13:41:17",1188400
67.9,-0.2,1400,"bu","13:33:50",1112100
68,-0.1,2000,"bu","13:56:19",1266700
67.9,-0.2,300,"sd","13:55:37",1260200
68,-0.1,500,"bu","13:52:57",1251600
67.9,-0.2,200,"sd","09:38:55",105700
67.9,-0.2,300,"sd","13:40:37",1185600
67.9,-0.2,200,"sd","09:39:56",107600
67.8,-0.3,300,"sd","13:33:42",1110700
67.8,-0.3,12900,"bu","13:33:40",1110400
67.9,-0.2,2500,"sd","13:39:06",1180200
68,-0.1,48200,"bu","13:34:43",1170100
67.9,-0.2,1800,"bu","13:34:43",1121900
67.7,-0.4,2800,"sd","13:33:39",1097500
67.8,-0.3,500,"bu","13:32:35",1090600
67.9,-0.2,300,"sd","13:56:08",1264700
68,-0.1,200,"bu","13:56:07",1264400
67.9,-0.2,300,"sd","13:53:33",1255600
68,-0.1,500,"bu","13:52:46",1251100
68,-0.1,100,"bu","13:52:45",1250600
68,-0.1,100,"sd","13:41:47",1197000
68,-0.1,7900,"bu","13:41:47",1196900
67.9,-0.2,300,"sd","13:41:07",1185900
67.9,-0.2,3000,"bu","13:34:40",1120100
67.8,-0.3,6800,"bu","13:30:40",1083600
67.9,-0.2,3000,"sd","13:56:20",1272500
67.9,-0.2,2200,"sd","13:56:20",1269500
67.9,-0.2,600,"sd","13:56:19",1267300
68,-0.1,1400,"bu","13:53:32",1255300
67.9,-0.2,3000,"bu","13:34:35",1117100
67.7,-0.4,300,"sd","13:33:30",1094700
67.9,-0.2,200,"sd","13:52:41",1250500
68,-0.1,2500,"sd","13:42:22",1199800
67.9,-0.2,2000,"sd","09:38:33",105500
67.9,-0.2,300,"sd","13:36:35",1173400
67.8,-0.3,300,"sd","13:34:32",1114100
67.9,-0.2,1400,"bu","13:34:32",1113800
68,-0.1,2000,"bu","13:56:03",1264200
67.6,-0.5,200,"sd","13:04:39",898100
67.7,-0.4,200,"bu","13:03:43",891400
67.6,-0.5,100,"bu","13:01:32",885200
67.5,-0.6,1200,"sd","13:00:09",877400
67.6,-0.5,200,"bu","11:29:49",866900
67.8,-0.3,100,"bu","13:28:28",1056400
67.7,-0.4,200,"sd","13:10:18",928100
67.5,-0.6,100,"sd","13:02:18",887100
67.5,-0.6,1300,"sd","13:00:24",881500
67.6,-0.5,200,"sd","13:00:24",880200
67.7,-0.4,100,"bu","13:04:32",897900
67.6,-0.5,200,"sd","13:03:38",891200
67.6,-0.5,500,"bu","13:00:07",876200
67.6,-0.5,100,"bu","11:29:41",866700
67.6,-0.5,200,"bu","11:29:40",866600
67.7,-0.4,1400,"bu","13:12:03",940300
67.7,-0.4,4000,"bu","13:10:13",927900
67.5,-0.6,200,"sd","11:25:37",855000
67.7,-0.4,300,"sd","13:28:20",1056300
67.8,-0.3,600,"bu","13:28:19",1056000
67.7,-0.4,500,"sd","13:11:03",932000
67.7,-0.4,1400,"bu","13:04:23",897800
67.6,-0.5,300,"bu","13:00:22",880000
67.5,-0.6,100,"sd","11:25:32",854800
67.6,-0.5,500,"sd","11:25:32",854700
67.7,-0.4,3600,"sd","13:11:58",938900
67.6,-0.5,700,"sd","13:00:05",875700
67.6,-0.5,500,"bu","11:29:28",866400
67.7,-0.4,2900,"sd","13:11:53",935300
67.6,-0.5,3000,"sd","13:04:16",896400
67.5,-0.6,300,"sd","13:01:04",885100
67.6,-0.5,200,"bu","11:23:06",847900
67.7,-0.4,200,"sd","13:11:51",932400
67.7,-0.4,1300,"bu","13:10:56",931500
67.7,-0.4,1400,"bu","13:05:14",901100
67.6,-0.5,3000,"sd","13:01:00",884800
67.6,-0.5,100,"bu","11:29:16",865900
67.6,-0.5,600,"sd","11:25:20",854200
67.6,-0.5,300,"sd","13:10:52",930200
67.7,-0.4,1600,"sd","13:10:48",929700
67.6,-0.5,200,"sd","13:05:10",899700
67.6,-0.5,200,"sd","13:04:08",893400
67.6,-0.5,200,"sd","13:10:49",929900
67.7,-0.4,100,"bu","13:05:57",903000
67.6,-0.5,500,"bu","13:00:16",879700
67.6,-0.5,1200,"sd","13:00:01",870900
67.6,-0.5,2300,"bu","13:00:00",869700
67.5,-0.6,400,"sd","11:25:00",852500
67.8,-0.3,500,"bu","13:29:54",1068900
67.7,-0.4,300,"sd","13:29:53",1068400
67.7,-0.4,300,"sd","13:28:52",1057400
67.7,-0.4,400,"bu","13:04:02",893200
67.6,-0.5,100,"sd","13:00:43",881700
67.5,-0.6,100,"sd","13:00:43",881800
67.6,-0.5,100,"bu","11:25:00",852600
67.6,-0.5,600,"bu","11:25:00",852100
67.6,-0.5,400,"bu","11:25:00",851500
67.8,-0.3,100,"bu","13:28:48",1057100
67.8,-0.3,3000,"bu","13:27:52",1054300
67.7,-0.4,1400,"bu","13:04:56",899500
67.7,-0.4,1400,"bu","13:04:01",892800
67.6,-0.5,100,"bu","11:24:51",851100
67.8,-0.3,600,"bu","13:28:44",1057000
67.7,-0.4,300,"sd","13:27:49",1051300
67.7,-0.4,2800,"bu","13:02:37",890100
67.6,-0.5,200,"sd","13:02:36",887300
67.5,-0.6,200,"sd","13:02:05",887000
67.6,-0.5,300,"bu","13:00:13",879200
67.7,-0.4,200,"bu","13:05:45",902900
67.7,-0.4,1400,"bu","13:01:41",886800
67.6,-0.5,500,"bu","13:00:00",867400
67.6,-0.5,500,"sd","11:26:15",856800
67.8,-0.3,300,"bu","13:27:44",1051000
67.8,-0.3,100,"bu","13:24:32",1021400
67.6,-0.5,200,"sd","13:05:41",902700
67.7,-0.4,100,"bu","13:00:27",881600
67.6,-0.5,500,"bu","13:00:11",878900
67.6,-0.5,700,"sd","11:26:10",856300
67.6,-0.5,600,"sd","11:26:04",855600
67.7,-0.4,500,"sd","13:29:40",1068100
67.7,-0.4,200,"sd","13:11:20",932200
67.7,-0.4,1400,"bu","13:05:37",902500
67.5,-0.6,200,"sd","13:01:34",885400
67.6,-0.5,1000,"bu","13:00:10",878400
67.6,-0.5,100,"bu","11:24:30",851000
67.5,-0.6,400,"sd","11:24:28",850900
67.7,-0.4,300,"sd","11:04:52",639000
67.8,-0.3,600,"bu","11:00:19",630900
67.7,-0.4,100,"sd","10:55:49",619400
67.9,-0.2,1000,"bu","10:37:10",502900
67.8,-0.3,100,"bu","10:20:56",446800
67.9,-0.2,100,"bu","10:07:35",283800
67.7,-0.4,300,"sd","11:00:14",630300
67.7,-0.4,1000,"sd","10:58:48",623800
67.8,-0.3,200,"sd","10:37:04",501900
67.8,-0.3,1000,"bu","11:08:21",651600
67.8,-0.3,200,"bu","11:00:09",630000
67.7,-0.4,300,"sd","10:58:41",622800
67.7,-0.4,300,"sd","10:55:36",619300
67.7,-0.4,300,"sd","10:49:56",568600
67.9,-0.2,100,"bu","10:42:59",513800
67.7,-0.4,3500,"sd","11:08:14",650600
67.7,-0.4,500,"sd","10:58:37",622500
67.8,-0.3,3000,"bu","10:51:47",578400
67.7,-0.4,4000,"sd","10:51:41",575400
67.8,-0.3,10000,"bu","10:49:50",568300
67.8,-0.3,200,"bu","10:24:01",449900
67.8,-0.3,1500,"bu","10:20:46",446700
67.7,-0.4,300,"sd","11:01:16",631500
67.7,-0.4,500,"sd","10:55:11",618000
67.7,-0.4,300,"sd","10:55:10",617500
67.7,-0.4,300,"sd","10:55:05",617200
67.8,-0.3,300,"sd","10:20:45",445200
67.8,-0.3,1400,"sd","10:20:44",444900
67.8,-0.3,1600,"sd","10:20:40",443500
67.8,-0.3,200,"sd","10:08:12",285200
67.9,-0.2,100,"bu","10:07:21",283700
67.8,-0.3,200,"bu","10:59:51",629800
67.7,-0.4,300,"sd","10:54:34",616900
67.8,-0.3,200,"sd","10:40:08",506900
67.8,-0.3,100,"bu","10:23:51",449700
67.7,-0.4,300,"sd","11:08:04",647100
67.7,-0.4,200,"sd","10:59:47",629600
67.7,-0.4,300,"sd","10:59:43",629400
67.7,-0.4,300,"sd","10:51:29",571400
67.7,-0.4,300,"sd","10:49:25",558300
67.8,-0.3,1500,"sd","10:27:17",465900
67.8,-0.3,200,"sd","10:27:15",464400
67.7,-0.4,200,"sd","10:22:38",449000
67.8,-0.3,200,"sd","10:20:35",441900
67.8,-0.3,200,"sd","10:07:10",283600
67.7,-0.4,200,"sd","10:23:40",449600
67.8,-0.3,1300,"sd","10:38:54",505100
67.8,-0.3,200,"sd","10:36:02",501500
67.7,-0.4,300,"sd","11:07:51",646800
67.7,-0.4,3000,"sd","10:59:28",629100
67.7,-0.4,200,"sd","10:57:43",621700
67.7,-0.4,300,"sd","10:57:39",621500
67.8,-0.3,1000,"bu","10:24:55",454100
67.8,-0.3,100,"bu","10:24:54",453100
67.8,-0.3,100,"bu","10:23:33",449400
67.7,-0.4,1000,"sd","11:08:45",652900
67.7,-0.4,2000,"sd","10:59:21",626100
67.8,-0.3,300,"sd","10:45:01",516100
67.8,-0.3,200,"sd","10:43:44",514200
67.8,-0.3,100,"sd","10:35:52",501300
67.9,-0.2,1000,"bu","10:07:56",285000
67.7,-0.4,300,"sd","11:00:45",631200
67.7,-0.4,100,"sd","10:50:43",570600
67.8,-0.3,100,"bu","10:23:24",449300
67.8,-0.3,200,"bu","10:22:17",448800
67.7,-0.4,500,"sd","11:07:40",646500
67.7,-0.4,300,"sd","10:59:12",624100
67.8,-0.3,100,"bu","10:52:46",589500
67.9,-0.2,300,"bu","10:37:35",503400
67.8,-0.3,200,"sd","10:37:34",503100
67.7,-0.4,300,"sd","10:24:42",453000
67.7,-0.4,200,"sd","10:24:41",452700
67.7,-0.4,400,"sd","11:07:35",646000
67.7,-0.4,300,"sd","11:07:30",645600
67.7,-0.4,300,"sd","10:52:39",589400
67.7,-0.4,1400,"sd","10:50:30",570500
67.8,-0.3,200,"sd","10:38:36",503800
67.8,-0.3,1500,"sd","10:35:36",501200
67.8,-0.3,2000,"bu","10:24:37",452500
67.7,-0.4,300,"sd","10:22:10",448600
67.7,-0.4,300,"sd","10:56:07",619900
67.7,-0.4,300,"sd","10:52:31",589100
67.7,-0.4,300,"sd","10:50:27",569100
67.7,-0.4,200,"sd","10:23:09",449200
67.7,-0.4,200,"sd","10:22:07",448300
67.8,-0.3,200,"sd","10:07:41",284000
67.7,-0.4,300,"sd","11:08:34",651900
67.8,-0.3,200,"bu","10:55:59",619600
67.8,-0.3,200,"sd","10:43:14",514000
67.9,-0.2,100,"bu","09:47:25",203100
67.9,-0.2,1300,"sd","09:42:08",116400
67.9,-0.2,200,"sd","10:05:34",255400
67.9,-0.2,1900,"bu","09:48:15",207000
67.9,-0.2,200,"sd","09:42:00",115100
67.9,-0.2,1000,"sd","10:04:09",253900
67.9,-0.2,1700,"sd","10:04:05",252900
67.9,-0.2,200,"bu","09:55:12",225800
67.9,-0.2,100,"bu","09:48:12",205100
67.9,-0.2,300,"sd","10:05:21",254900
67.9,-0.2,100,"bu","09:53:26",222100
67.9,-0.2,300,"bu","09:49:18",208900
68,-0.1,100,"bu","10:02:43",238700
67.9,-0.2,1000,"bu","09:53:21",222000
67.9,-0.2,1000,"bu","09:48:04",204800
68,-0.1,2100,"bu","09:44:18",145900
67.9,-0.2,200,"sd","09:40:27",107800
67.9,-0.2,100,"bu","09:54:52",225600
67.8,-0.3,200,"sd","09:54:52",225500
67.8,-0.3,200,"sd","09:53:18",221000
67.8,-0.3,200,"sd","09:47:09",203000
67.9,-0.2,100,"sd","09:44:14",143800
67.9,-0.2,200,"sd","10:05:07",254600
67.9,-0.2,11800,"sd","10:03:43",251200
67.9,-0.2,200,"sd","10:02:34",238600
67.8,-0.3,200,"sd","09:54:50",225300
67.9,-0.2,1500,"sd","09:44:11",143700
67.9,-0.2,200,"sd","09:59:59",232400
67.9,-0.2,100,"bu","09:54:43",225100
67.9,-0.2,1600,"sd","09:19:18",35600
67.9,-0.2,1200,"sd","09:44:04",142200
67.9,-0.2,1000,"bu","09:54:31",225000
67.9,-0.2,200,"sd","09:48:41",207200
67.9,-0.2,200,"sd","10:03:35",239400
67.9,-0.2,300,"sd","10:03:31",239200
67.9,-0.2,100,"sd","09:44:54",146400
67.9,-0.2,500,"sd","10:05:58",257700
67.9,-0.2,100,"sd","10:05:57",257200
67.8,-0.3,200,"sd","09:54:19",224000
67.9,-0.2,100,"bu","09:54:19",223800
67.9,-0.2,100,"sd","09:49:45",209200
67.9,-0.2,200,"bu","09:47:44",203800
67.9,-0.2,10000,"sd","09:43:56",141000
67.9,-0.2,1800,"sd","09:19:04",34000
67.9,-0.2,200,"sd","09:41:30",114900
68,-0.1,5000,"bu","09:41:05",114700
67.9,-0.2,200,"sd","10:04:36",254400
67.9,-0.2,200,"sd","09:49:42",209100
67.9,-0.2,100,"bu","09:47:41",203600
67.9,-0.2,200,"bu","09:47:41",203500
67.8,-0.3,200,"sd","09:47:39",203300
67.9,-0.2,200,"sd","09:40:59",109700
67.9,-0.2,200,"sd","09:59:28",232200
67.9,-0.2,1000,"bu","09:53:50",223300
67.9,-0.2,200,"sd","09:44:44",146300
68,-0.1,4000,"bu","09:42:15",129100
67.8,-0.3,200,"sd","09:53:49",222300
67.9,-0.2,200,"sd","09:40:54",109500
67.9,-0.2,1500,"sd","09:40:53",109300
67.9,-0.2,1500,"sd","10:05:44",257100
67.9,-0.2,300,"sd","10:04:24",254200
67.9,-0.2,200,"sd","10:03:04",238900
67.9,-0.2,200,"sd","09:44:34",146100
67.9,-0.2,8700,"sd","09:42:08",125100
67.9,-0.2,200,"sd","10:05:38",255600
68.1,0,100,"bu","09:16:48",17200
68,-0.1,1200,"sd","09:16:39",17100
68.1,0,3000,"bu","09:16:35",15900
68,-0.1,100,"bu","09:17:49",26600
68,-0.1,300,"bu","09:17:44",26500
67.9,-0.2,5600,"sd","09:18:21",32200
68.1,0,2000,"bu","09:16:22",12900
68,-0.1,1500,"sd","09:17:17",26200
68,-0.1,7500,"sd","09:17:17",24700
68,-0.1,200,"sd","09:32:14",79800
67.9,-0.2,200,"sd","09:33:16",89600
68.1,0,300,"bu","09:27:55",61600
68,-0.1,100,"bu","09:33:06",89400
68,-0.1,3000,"sd","09:27:49",61300
68,-0.1,7700,"sd","09:33:02",89300
68,-0.1,200,"sd","09:31:43",79600
68,-0.1,200,"sd","09:32:45",81600
67.9,-0.2,200,"sd","09:34:48",91900
68,-0.1,1600,"sd","09:32:34",81400
68,-0.1,1600,"sd","09:27:37",58300
68,-0.1,200,"sd","09:27:34",56700
67.9,-0.2,200,"sd","09:33:47",89900
68,-0.1,100,"sd","09:30:22",71700
67.9,-0.2,100,"sd","09:33:36",89700
68,-0.1,200,"sd","09:30:10",71600
68,-0.1,100,"sd","09:25:52",53900
68,-0.1,200,"sd","09:27:03",56500
68.1,0,300,"bu","09:26:50",56300
68,-0.1,200,"sd","09:26:01",55700
68,-0.1,1600,"sd","09:25:57",55500
68,-0.1,200,"sd","09:25:01",53600
68,-0.1,1600,"sd","09:24:17",53400
68,-0.1,300,"sd","09:23:38",51800
68,-0.1,100,"sd","09:23:28",51500
68,-0.1,100,"bu","09:21:25",48600
68,-0.1,200,"bu","09:21:20",48500
68,-0.1,1000,"bu","09:20:07",37100
68,-0.1,300,"bu","09:21:15",48300
68,-0.1,200,"bu","09:21:14",48000
68,-0.1,1000,"bu","09:21:11",47800
68,-0.1,100,"bu","09:19:52",36100
68,-0.1,900,"sd","09:20:58",46800
68,-0.1,200,"bu","09:22:38",51400
68,-0.1,200,"bu","09:20:52",45900
68,-0.1,100,"bu","09:20:45",45700
68,-0.1,300,"bu","09:20:44",45600
68.1,0,3900,"bu","09:16:12",10900
68.1,0,1100,"bu","09:16:12",7000
68,-0.1,2000,"bu","09:20:36",45300
68,-0.1,2100,"bu","09:20:30",43300
68,-0.1,1400,"sd","09:22:37",51200
68,-0.1,300,"bu","09:22:33",49800
68,-0.1,100,"bu","09:20:24",41200
68,-0.1,2000,"bu","09:20:21",41100
68,-0.1,700,"bu","09:20:16",39100
68,-0.1,1300,"bu","09:20:15",38400
68,-0.1,100,"bu","09:21:30",48700
