"price","change","match_qtty","side","time","total_vol"
10.9,0.35,45000,"","14:45:02",2136700
10.7,0.15,1500,"sd","14:22:16",1981200
10.8,0.25,5400,"bu","14:11:11",1939700
10.75,0.2,800,"bu","14:16:05",1966000
10.7,0.15,100,"sd","14:16:03",1965200
10.75,0.2,1300,"sd","14:14:42",1959700
10.8,0.25,2000,"bu","14:12:36",1947300
10.8,0.25,1000,"sd","14:11:52",1942800
10.85,0.3,100,"bu","14:11:32",1939800
10.75,0.2,1000,"sd","14:13:46",1948300
10.85,0.3,1000,"bu","14:11:51",1941800
10.75,0.2,1100,"sd","14:15:02",1964900
10.75,0.2,3000,"sd","14:14:40",1958400
10.75,0.2,800,"sd","14:14:13",1950600
10.75,0.2,1000,"sd","14:15:00",1963800
10.75,0.2,1100,"sd","14:14:37",1955400
10.8,0.25,1000,"bu","14:12:28",1945300
10.75,0.2,200,"sd","14:14:32",1954300
10.8,0.25,500,"sd","14:11:46",1940800
10.8,0.25,500,"sd","14:11:42",1940300
10.75,0.2,200,"bu","14:15:18",1965100
10.75,0.2,1500,"sd","14:14:29",1954100
10.75,0.2,2000,"sd","14:14:28",1952600
10.8,0.25,1500,"sd","14:12:22",1944300
10.8,0.25,10000,"bu","14:10:57",1934300
10.8,0.25,1000,"bu","14:14:48",1962800
10.75,0.2,2100,"sd","14:14:47",1961800
10.75,0.2,500,"sd","14:13:56",1949800
10.75,0.2,1000,"sd","14:13:54",1949300
10.85,0.3,300,"bu","14:29:15",2073600
10.85,0.3,1000,"sd","14:29:31",2089600
10.8,0.25,2000,"bu","14:29:20",2088600
10.85,0.3,1000,"bu","14:29:13",2073300
10.8,0.25,11600,"sd","14:29:20",2086600
10.85,0.3,1400,"sd","14:29:20",2075000
10.8,0.25,300,"bu","14:09:51",1922100
10.8,0.25,100,"bu","14:06:15",1905700
10.8,0.25,200,"bu","14:07:09",1919400
10.8,0.25,1000,"bu","14:06:13",1905600
10.8,0.25,1000,"bu","14:06:12",1904600
10.7,0.15,2700,"bu","14:19:55",1977900
10.8,0.25,1200,"bu","14:06:37",1909900
10.8,0.25,5000,"bu","14:05:57",1903600
10.8,0.25,1000,"bu","14:06:54",1912900
10.8,0.25,3000,"bu","14:06:22",1908700
10.8,0.25,300,"bu","14:07:05",1919200
10.8,0.25,1000,"bu","14:07:03",1918900
10.8,0.25,5000,"bu","14:06:58",1917900
10.8,0.25,2000,"bu","14:06:48",1911900
10.8,0.25,500,"bu","14:07:13",1919900
10.8,0.25,1000,"bu","14:28:39",2043900
10.65,0.1,300,"sd","13:35:53",1642800
10.7,0.15,1000,"sd","14:25:48",1985800
10.75,0.2,3000,"sd","14:28:02",2035900
10.8,0.25,3600,"bu","14:28:01",2032900
10.8,0.25,7000,"bu","14:28:20",2042900
10.8,0.25,400,"bu","14:28:40",2044300
10.7,0.15,100,"sd","14:02:45",1838800
10.75,0.2,38000,"bu","14:04:02",1884800
10.7,0.15,2000,"bu","14:04:02",1846800
10.7,0.15,8700,"bu","14:02:39",1838700
10.7,0.15,1000,"sd","14:01:40",1819400
10.7,0.15,1700,"sd","14:03:57",1844800
10.7,0.15,3000,"sd","14:03:20",1842600
10.7,0.15,8300,"sd","14:02:16",1830000
10.7,0.15,800,"sd","14:03:03",1839600
10.7,0.15,500,"sd","14:03:43",1843100
10.7,0.15,300,"sd","14:01:59",1821700
10.7,0.15,2000,"sd","14:01:56",1821400
10.65,0.1,5000,"bu","13:17:53",1323500
10.8,0.25,500,"bu","14:07:52",1921600
10.75,0.2,1000,"bu","13:39:29",1679600
10.65,0.1,1000,"sd","13:15:42",1283000
10.75,0.2,12600,"bu","14:05:26",1898600
10.7,0.15,4200,"bu","13:37:56",1677400
10.75,0.2,1200,"bu","14:05:21",1886000
10.65,0.1,500,"bu","13:18:10",1334000
10.65,0.1,5000,"bu","13:17:36",1318500
10.8,0.25,200,"bu","14:10:00",1922300
10.8,0.25,200,"bu","14:07:44",1921100
10.75,0.2,200,"bu","13:38:26",1677600
10.65,0.1,12600,"sd","13:37:50",1673200
10.65,0.1,10000,"bu","13:18:01",1333500
10.7,0.15,1600,"sd","13:59:05",1813900
10.75,0.2,200,"bu","13:39:50",1680000
10.65,0.1,30500,"sd","13:15:58",1313500
10.8,0.25,1000,"bu","14:07:37",1920900
10.75,0.2,200,"bu","13:39:44",1679800
10.7,0.15,3800,"bu","13:37:42",1660600
10.7,0.15,4000,"bu","13:37:37",1656800
10.65,0.1,10000,"sd","13:36:59",1652800
10.8,0.25,200,"bu","14:09:06",1921800
10.65,0.1,5000,"sd","13:07:07",1194300
10.65,0.1,60000,"bu","13:06:41",1187100
10.65,0.1,100,"bu","13:06:10",1127100
10.7,0.15,1000,"bu","13:09:02",1233200
10.65,0.1,200,"bu","11:28:21",959300
10.65,0.1,500,"bu","11:27:24",949600
10.65,0.1,5000,"bu","11:22:43",855100
10.65,0.1,5000,"bu","11:21:51",850100
10.65,0.1,100,"bu","11:21:09",845100
10.7,0.15,5000,"bu","13:08:54",1232200
10.65,0.1,500,"sd","11:27:16",949100
10.65,0.1,12400,"sd","13:07:28",1216700
10.65,0.1,700,"bu","13:06:51",1189300
10.65,0.1,1500,"bu","13:06:49",1188600
10.65,0.1,8000,"bu","11:27:55",959100
10.65,0.1,4900,"bu","11:27:01",948600
10.65,0.1,7500,"bu","11:26:57",943700
10.6,0.05,500,"sd","11:26:57",936200
10.7,0.15,10000,"bu","13:07:22",1204300
10.65,0.1,2000,"bu","11:18:54",844900
10.65,0.1,3100,"bu","13:24:52",1454100
10.65,0.1,5000,"bu","13:24:51",1451000
10.65,0.1,1000,"bu","13:24:34",1445400
10.65,0.1,300,"bu","11:26:46",935700
10.7,0.15,2100,"bu","13:26:23",1517600
10.65,0.1,27900,"bu","13:26:23",1515500
10.65,0.1,500,"bu","13:25:54",1485200
10.65,0.1,29200,"sd","13:25:40",1484600
10.7,0.15,100,"bu","13:27:11",1517700
10.65,0.1,900,"bu","13:25:04",1455300
10.65,0.1,100,"bu","13:26:20",1487600
10.65,0.1,2000,"sd","13:26:19",1487500
10.65,0.1,600,"bu","13:24:44",1446000
10.7,0.15,100,"bu","13:26:03",1485500
10.65,0.1,200,"bu","13:26:03",1485400
10.7,0.15,50000,"bu","13:27:19",1567700
10.65,0.1,100,"bu","13:25:49",1484700
10.65,0.1,300,"bu","13:24:55",1454400
10.65,0.1,100,"sd","13:25:10",1455400
10.65,0.1,1500,"sd","11:27:34",951100
10.65,0.1,300,"bu","11:11:19",780800
10.65,0.1,30000,"bu","11:10:59",780500
10.6,0.05,1000,"sd","11:10:43",750500
10.6,0.05,200,"sd","11:10:30",749500
10.6,0.05,300,"sd","11:10:13",749300
10.65,0.1,300,"bu","11:17:31",842900
10.65,0.1,200,"bu","11:13:21",803200
10.65,0.1,200,"bu","11:13:21",803000
10.65,0.1,200,"bu","11:13:23",803400
10.6,0.05,4000,"sd","11:17:28",842600
10.65,0.1,100,"bu","11:15:04",814200
10.65,0.1,1700,"bu","11:13:14",802800
10.6,0.05,20000,"sd","11:13:13",801100
10.6,0.05,300,"sd","11:12:23",781100
10.75,0.2,20000,"bu","10:34:17",578500
10.65,0.1,300,"sd","10:53:54",655000
10.65,0.1,1000,"sd","11:00:05",689200
10.75,0.2,100,"bu","10:34:46",588800
10.75,0.2,100,"bu","10:34:43",588700
10.75,0.2,100,"bu","10:34:37",588600
10.7,0.15,100,"sd","10:33:51",558500
10.65,0.1,4000,"bu","13:21:26",1382700
10.7,0.15,200,"bu","10:54:40",655700
10.75,0.2,4000,"bu","10:34:22",588500
10.7,0.15,2000,"sd","10:34:21",584500
10.75,0.2,4000,"bu","10:34:21",582500
10.65,0.1,600,"bu","13:51:45",1770600
10.65,0.1,1200,"bu","13:51:38",1770000
10.65,0.1,500,"bu","13:21:27",1383200
10.7,0.15,1000,"bu","13:50:00",1720000
10.7,0.15,100,"bu","13:55:08",1775500
10.65,0.1,48200,"sd","13:51:28",1768800
10.7,0.15,5600,"sd","13:44:21",1719000
10.65,0.1,22800,"sd","11:23:47",906100
10.75,0.2,500,"sd","10:26:25",425900
10.7,0.15,200,"bu","13:50:44",1720200
10.65,0.1,5000,"bu","13:31:17",1618100
10.7,0.15,1500,"sd","13:44:16",1713400
10.65,0.1,300,"bu","13:32:25",1642000
10.65,0.1,1700,"sd","13:32:22",1641700
10.65,0.1,200,"sd","13:32:21",1640000
10.65,0.1,21300,"sd","11:07:34",738500
10.65,0.1,2000,"sd","11:07:32",717200
10.7,0.15,10000,"sd","13:44:12",1711900
10.7,0.15,400,"bu","13:51:18",1720600
10.7,0.15,1000,"sd","13:44:09",1701900
10.7,0.15,500,"sd","13:44:08",1700900
10.7,0.15,5000,"sd","10:36:31",600800
10.75,0.2,200,"bu","10:26:54",427600
10.75,0.2,1500,"sd","10:26:52",427400
10.65,0.1,800,"bu","13:31:05",1613100
10.65,0.1,100,"sd","11:23:23",883300
10.75,0.2,100,"sd","10:26:08",425400
10.65,0.1,3000,"sd","11:23:17",883200
10.75,0.2,5000,"bu","10:25:16",420300
10.65,0.1,200,"bu","13:32:04",1639800
10.75,0.2,5000,"sd","10:25:56",425300
10.65,0.1,200,"bu","13:31:58",1639600
10.65,0.1,3900,"bu","13:31:56",1639400
10.75,0.2,200,"bu","10:33:24",558400
10.8,0.25,8400,"bu","10:25:10",415300
10.75,0.2,11600,"bu","10:25:10",406900
10.75,0.2,10000,"bu","10:25:06",395300
10.75,0.2,1100,"bu","10:33:06",557200
10.65,0.1,7300,"bu","13:31:47",1635500
10.75,0.2,200,"bu","10:33:00",556100
10.65,0.1,5000,"bu","13:31:34",1628200
10.65,0.1,5000,"bu","13:31:31",1623200
10.65,0.1,100,"bu","13:31:27",1618200
10.75,0.2,1000,"bu","10:33:08",558200
10.75,0.2,2000,"sd","10:30:14",453300
10.65,0.1,500,"sd","13:33:43",1642500
10.55,0,7800,"sd","10:09:19",251000
10.5,-0.05,2000,"sd","10:11:29",254000
10.65,0.1,2000,"sd","10:57:19",657700
10.75,0.2,1900,"bu","10:29:29",450900
10.75,0.2,400,"sd","10:29:51",451300
10.7,0.15,6400,"sd","13:40:08",1698400
10.7,0.15,10000,"sd","13:40:07",1692000
10.6,0.05,5000,"sd","09:41:26",149800
10.75,0.2,1000,"bu","10:28:01",428700
10.6,0.05,500,"sd","09:41:20",144800
10.75,0.2,100,"bu","10:27:29",427700
10.75,0.2,20000,"bu","10:29:15",449000
10.7,0.15,300,"sd","10:28:23",429000
10.65,0.1,1900,"sd","13:19:53",1376500
10.65,0.1,1000,"bu","13:23:47",1417400
10.65,0.1,9300,"sd","13:24:33",1444400
10.65,0.1,500,"sd","13:19:34",1374600
10.65,0.1,9500,"bu","13:18:35",1354000
10.7,0.15,200,"bu","14:19:19",1975200
10.65,0.1,2000,"bu","13:23:38",1416400
10.7,0.15,100,"sd","14:17:37",1969200
10.65,0.1,10500,"sd","13:18:27",1344500
10.7,0.15,400,"bu","14:19:12",1975000
10.65,0.1,400,"bu","13:24:19",1435100
10.65,0.1,1000,"bu","13:24:18",1434700
10.65,0.1,100,"bu","13:23:30",1414400
10.65,0.1,300,"bu","13:24:11",1433700
10.65,0.1,400,"sd","14:18:20",1974600
10.65,0.1,200,"bu","13:21:21",1378700
10.65,0.1,7700,"bu","13:19:07",1374100
10.65,0.1,1000,"bu","13:24:04",1433400
10.65,0.1,5000,"bu","13:24:02",1432400
10.6,0.05,100,"sd","13:19:04",1366400
10.65,0.1,10000,"bu","13:24:01",1427400
10.65,0.1,7100,"sd","13:30:03",1597300
10.65,0.1,12300,"sd","13:18:57",1366300
10.7,0.15,4500,"sd","14:18:03",1974200
10.7,0.15,500,"sd","14:18:02",1969700
10.65,0.1,100,"bu","09:34:01",119200
10.65,0.1,1000,"sd","09:37:03",121100
10.7,0.15,200,"bu","13:22:16",1394900
10.65,0.1,2000,"bu","13:21:04",1378500
10.65,0.1,100,"sd","13:15:09",1282000
10.65,0.1,100,"bu","13:22:59",1413800
10.65,0.1,8300,"bu","13:22:00",1394700
10.65,0.1,5000,"bu","13:22:55",1413700
10.6,0.05,2000,"bu","09:53:03",177500
10.6,0.05,200,"sd","13:22:47",1408700
10.65,0.1,100,"bu","13:22:35",1403500
10.65,0.1,8500,"sd","13:22:34",1403400
10.65,0.1,200,"bu","13:21:46",1386400
10.65,0.1,5000,"bu","13:22:42",1408500
10.65,0.1,3000,"bu","13:21:41",1386200
10.65,0.1,500,"bu","13:23:17",1414300
10.65,0.1,600,"bu","11:15:59",838600
10.65,0.1,600,"bu","11:15:11",814800
10.55,0,100,"sd","09:52:41",175500
10.65,0.1,100,"bu","11:20:35",845000
10.65,0.1,200,"bu","11:15:53",838000
10.65,0.1,100,"sd","13:12:40",1270900
10.6,0.05,700,"sd","13:00:03",997000
10.65,0.1,500,"sd","10:40:52",640700
10.65,0.1,200,"bu","11:13:58",804400
10.65,0.1,8000,"sd","13:14:12",1280000
10.65,0.1,3800,"bu","13:12:34",1270800
10.7,0.15,4000,"bu","10:40:47",640200
10.65,0.1,200,"bu","11:13:52",804200
10.65,0.1,500,"bu","13:12:29",1267000
10.65,0.1,900,"bu","09:34:09",120100
10.65,0.1,600,"bu","11:13:49",804000
10.65,0.1,1000,"bu","13:12:27",1266500
10.65,0.1,9700,"bu","13:08:08",1227200
10.55,0,1000,"sd","09:50:01",175400
10.65,0.1,1000,"sd","13:13:59",1272000
10.65,0.1,5000,"bu","13:12:22",1265500
10.65,0.1,100,"bu","13:12:20",1260500
10.65,0.1,10000,"sd","13:09:13",1245200
10.65,0.1,200,"bu","11:14:34",813700
10.65,0.1,100,"sd","13:13:09",1271000
10.65,0.1,1000,"bu","13:12:16",1260400
10.65,0.1,10000,"bu","11:22:51",865100
10.65,0.1,200,"bu","11:14:29",813500
10.65,0.1,10000,"bu","13:12:15",1259400
10.7,0.15,2000,"bu","13:09:06",1235200
10.55,0,15100,"sd","13:03:20",1091200
10.7,0.15,500,"sd","10:39:47",626400
10.6,0.05,6500,"sd","11:14:29",813300
10.65,0.1,1000,"bu","11:14:28",806800
10.6,0.05,20000,"sd","11:15:23",837800
10.6,0.05,1000,"sd","11:15:21",817800
10.65,0.1,1400,"bu","11:14:20",805800
10.65,0.1,100,"sd","13:14:36",1280100
10.65,0.1,1000,"sd","13:09:53",1246200
10.65,0.1,800,"sd","13:07:51",1217500
10.65,0.1,200,"bu","11:15:18",816800
10.65,0.1,1800,"bu","11:15:17",816600
10.65,0.1,200,"bu","11:14:44",814100
10.65,0.1,200,"sd","13:14:52",1280500
10.65,0.1,200,"sd","13:14:50",1280300
10.65,0.1,200,"bu","11:14:40",813900
10.7,0.15,20100,"bu","10:39:26",625900
10.7,0.15,200,"bu","11:06:16",703800
10.7,0.15,200,"bu","11:06:13",703600
10.7,0.15,1400,"bu","11:05:07",700300
10.7,0.15,200,"bu","11:06:11",703400
10.7,0.15,600,"bu","11:03:08",693700
10.65,0.1,6500,"sd","11:07:10",714600
10.7,0.15,200,"bu","11:07:07",708100
10.75,0.2,10100,"sd","10:32:43",555900
10.7,0.15,200,"bu","11:05:59",703200
10.7,0.15,200,"bu","11:04:15",697700
10.7,0.15,400,"bu","11:04:10",697500
10.65,0.1,100,"sd","11:02:50",693100
10.7,0.15,400,"bu","11:02:48",693000
10.7,0.15,200,"bu","11:02:47",692600
10.7,0.15,200,"bu","11:02:46",692400
10.7,0.15,1400,"bu","11:06:58",707900
10.7,0.15,400,"bu","11:04:01",697100
10.7,0.15,200,"bu","11:02:43",692200
10.7,0.15,200,"bu","11:06:52",706500
10.7,0.15,200,"bu","11:03:59",696700
10.65,0.1,200,"sd","11:03:58",696500
10.7,0.15,200,"bu","11:06:49",706300
10.7,0.15,200,"bu","11:03:52",696300
10.7,0.15,1700,"bu","11:02:36",692000
10.75,0.2,600,"sd","10:32:20",528300
10.7,0.15,200,"bu","11:05:39",703000
10.7,0.15,5000,"bu","10:48:02",647200
10.8,0.25,14500,"bu","10:32:34",545800
10.65,0.1,300,"sd","11:06:39",706100
10.7,0.15,200,"bu","11:05:35",702800
10.7,0.15,1700,"bu","11:05:32",702600
10.7,0.15,1400,"bu","11:03:37",696100
10.7,0.15,200,"bu","11:03:34",694700
10.7,0.15,200,"bu","11:03:33",694500
10.7,0.15,1200,"bu","10:46:15",642200
10.7,0.15,200,"bu","11:06:33",705800
10.7,0.15,1700,"bu","11:06:32",705600
10.7,0.15,200,"bu","11:05:24",700900
10.8,0.25,1400,"bu","10:32:24",531300
10.8,0.25,1600,"bu","10:32:24",529900
10.7,0.15,200,"bu","11:03:24",694300
10.7,0.15,200,"bu","11:03:23",694100
10.7,0.15,400,"bu","11:07:29",715200
10.65,0.1,100,"sd","11:06:23",703900
10.7,0.15,200,"bu","11:05:16",700700
10.7,0.15,1200,"sd","10:36:39",605100
10.7,0.15,3100,"sd","10:36:38",603900
10.7,0.15,200,"bu","11:07:26",714800
10.7,0.15,200,"bu","11:05:11",700500
10.7,0.15,200,"bu","11:03:16",693900
10.6,0.05,5800,"","09:15:02",5800
10.75,0.2,200,"sd","10:31:41",507500
10.55,0,3000,"sd","10:17:14",280700
10.55,0,500,"sd","10:17:50",283200
10.75,0.2,400,"bu","10:31:29",507300
10.6,0.05,2000,"bu","10:17:48",282700
10.75,0.2,200,"bu","10:31:27",506900
10.75,0.2,5000,"bu","10:31:26",506700
10.55,0,4800,"bu","10:16:22",262700
10.5,-0.05,1200,"sd","10:14:20",255700
10.6,0.05,400,"sd","09:15:40",6200
10.75,0.2,400,"bu","10:31:21",501700
10.75,0.2,14300,"sd","10:31:14",501300
10.8,0.25,1000,"bu","10:31:13",487000
10.55,0,200,"bu","10:16:12",257900
10.55,0,1000,"bu","10:09:31",252000
10.75,0.2,20000,"sd","10:31:55",527500
10.5,-0.05,2000,"sd","10:15:51",257700
10.75,0.2,2200,"sd","10:31:01",486000
10.8,0.25,10000,"bu","10:30:53",483800
10.75,0.2,12700,"bu","09:28:12",99900
10.5,-0.05,400,"sd","10:13:27",254500
10.75,0.2,200,"sd","10:32:15",527700
10.75,0.2,5400,"bu","10:30:50",473800
10.55,0,10000,"sd","10:16:46",277700
10.75,0.2,100,"bu","10:30:46",468400
10.75,0.2,15000,"sd","10:30:43",468300
10.55,0,5000,"sd","10:16:39",267700
10.5,-0.05,100,"sd","10:13:19",254100
10.55,0,2500,"sd","10:06:04",227200
10.6,0.05,9500,"sd","09:59:03",222700
10.55,0,5000,"sd","10:06:36",232200
10.6,0.05,100,"sd","09:58:55",213200
10.6,0.05,200,"sd","09:58:43",213100
10.6,0.05,300,"sd","09:56:20",210400
10.6,0.05,1000,"sd","09:56:18",210100
10.55,0,100,"sd","10:06:56",232300
10.6,0.05,2500,"sd","09:57:41",212900
10.7,0.15,1000,"sd","09:21:47",68600
10.55,0,200,"bu","09:49:04",174300
10.75,0.2,1000,"bu","14:27:43",2020300
10.55,0,100,"sd","10:18:30",286200
10.55,0,300,"sd","10:18:29",286100
10.85,0.3,5000,"bu","14:29:07",2072300
10.6,0.05,1000,"bu","10:19:13",297200
10.75,0.2,2800,"bu","09:30:58",110400
10.7,0.15,200,"bu","09:30:58",107600
10.7,0.15,200,"bu","09:30:56",107400
10.55,0,2500,"sd","10:18:24",285800
10.7,0.15,300,"sd","14:27:02",1988100
10.75,0.2,5000,"bu","14:27:38",2019300
10.65,0.1,500,"bu","10:19:59",341300
10.75,0.2,500,"bu","14:27:01",1987800
10.85,0.3,15000,"bu","14:29:02",2067300
10.75,0.2,200,"bu","14:27:35",2014300
10.75,0.2,1000,"bu","14:27:34",2014100
10.75,0.2,1200,"bu","14:27:32",2013100
10.75,0.2,2000,"bu","14:27:30",2011900
10.55,0,100,"sd","10:18:07",283300
10.7,0.15,6800,"sd","09:29:43",106700
10.75,0.2,1500,"bu","14:26:51",1987300
10.75,0.2,5100,"bu","14:27:27",2009900
10.6,0.05,10000,"bu","10:18:50",296200
10.75,0.2,7900,"bu","14:27:25",2004800
10.6,0.05,32600,"bu","10:19:37",340800
10.85,0.3,8000,"bu","14:28:51",2052300
10.85,0.3,2100,"sd","14:29:52",2091700
10.75,0.2,1000,"bu","14:27:47",2029300
10.75,0.2,8800,"bu","14:27:21",1996900
10.6,0.05,1000,"bu","10:19:29",308200
10.6,0.05,10000,"bu","10:19:24",307200
10.75,0.2,3000,"bu","14:27:44",2028300
10.75,0.2,5000,"bu","14:27:44",2025300
10.75,0.2,10000,"bu","10:24:18",385300
10.65,0.1,1000,"sd","09:31:08",111400
10.7,0.15,700,"bu","14:20:08",1978600
10.7,0.15,900,"sd","14:23:20",1984100
10.7,0.15,2000,"sd","14:22:26",1983200
10.55,0,5700,"sd","09:45:24",156600
10.6,0.05,200,"bu","09:45:21",150900
10.7,0.15,900,"sd","14:17:31",1969100
10.7,0.15,700,"bu","14:20:39",1979600
10.7,0.15,300,"sd","14:20:37",1978900
10.6,0.05,500,"bu","09:45:06",150700
10.7,0.15,100,"sd","14:21:40",1979700
10.55,0,11800,"sd","09:46:43",172400
10.7,0.15,700,"sd","14:24:38",1984800
10.6,0.05,1000,"bu","09:45:43",160600
10.55,0,3000,"sd","09:45:39",159600
10.7,0.15,1000,"sd","13:59:39",1814900
10.7,0.15,100,"bu","13:57:46",1809300
10.8,0.25,2000,"bu","14:10:35",1924300
10.7,0.15,3500,"bu","13:56:32",1807700
10.7,0.15,400,"sd","14:16:45",1967400
10.7,0.15,1000,"sd","14:16:44",1967000
10.7,0.15,1300,"sd","13:57:18",1809200
10.7,0.15,200,"sd","13:57:10",1807900
10.75,0.2,2800,"bu","13:59:55",1818400
10.75,0.2,200,"bu","13:59:55",1815600
10.7,0.15,500,"sd","13:59:53",1815400
10.7,0.15,100,"sd","13:58:00",1812300
10.7,0.15,800,"sd","14:17:09",1968200
10.7,0.15,2900,"bu","13:57:53",1812200
10.7,0.15,500,"bu","13:52:35",1771100
10.65,0.1,200,"sd","09:38:27",121300
10.65,0.1,15000,"bu","13:30:30",1612300
10.7,0.15,10000,"bu","13:55:57",1793700
10.75,0.2,2000,"bu","13:40:03",1682000
10.7,0.15,3000,"bu","13:55:46",1783700
10.6,0.05,20000,"sd","09:39:10",141300
10.7,0.15,600,"sd","13:41:19",1699100
10.75,0.2,1000,"bu","13:42:00",1700400
10.7,0.15,10000,"bu","13:56:17",1804000
10.7,0.15,5000,"bu","13:55:39",1780700
10.7,0.15,100,"sd","13:41:13",1698500
10.75,0.2,1000,"bu","13:39:08",1678600
10.7,0.15,100,"bu","13:56:14",1794000
10.7,0.15,200,"bu","13:55:32",1775700
10.7,0.15,300,"sd","13:41:49",1699400
10.7,0.15,200,"bu","13:56:20",1804200
10.7,0.15,300,"bu","13:53:31",1775400
10.65,0.1,4000,"sd","13:53:28",1775100
10.7,0.15,200,"bu","13:56:01",1793900
10.6,0.05,5000,"bu","13:05:35",1111600
10.6,0.05,1000,"sd","13:00:26",1005500
10.65,0.1,1400,"sd","13:15:03",1281900
10.55,0,1000,"sd","13:03:39",1092200
10.55,0,1500,"sd","13:01:29",1012900
10.7,0.15,5000,"bu","13:28:25",1587700
10.55,0,5000,"sd","13:05:30",1106600
10.55,0,7000,"sd","13:05:28",1101600
10.55,0,100,"sd","13:02:12",1027600
10.65,0.1,1000,"sd","13:29:31",1588700
10.55,0,2000,"sd","13:01:19",1011400
10.65,0.1,500,"bu","13:12:00",1249400
10.65,0.1,5000,"bu","11:24:03",911100
10.65,0.1,1700,"sd","13:10:04",1247900
10.6,0.05,10100,"sd","11:29:30",969400
10.65,0.1,15100,"bu","11:23:09",880200
10.7,0.15,10000,"bu","13:27:59",1582700
10.65,0.1,1000,"bu","13:11:48",1248900
10.55,0,1000,"sd","13:04:09",1093300
10.55,0,10800,"bu","13:02:50",1076100
10.65,0.1,200,"bu","13:00:01",996300
10.6,0.05,700,"sd","13:00:00",996100
10.6,0.05,15400,"bu","13:05:55",1127000
10.55,0,300,"bu","13:05:07",1094600
10.55,0,2300,"sd","13:02:47",1065300
10.55,0,500,"sd","13:02:46",1063000
10.6,0.05,500,"sd","13:00:15",1004500
10.65,0.1,900,"bu","11:26:37",935400
10.55,0,2000,"sd","13:02:42",1062500
10.55,0,500,"sd","13:01:52",1025800
10.65,0.1,500,"bu","11:26:30",934500
10.55,0,200,"sd","13:02:39",1060500
10.55,0,1600,"sd","13:01:47",1025300
10.55,0,10000,"sd","13:01:46",1023700
10.6,0.05,1000,"sd","13:00:13",1004000
10.7,0.15,5000,"bu","13:27:48",1572700
10.55,0,100,"bu","13:04:54",1094300
10.55,0,100,"bu","13:04:51",1094200
10.55,0,100,"bu","13:03:55",1092300
10.6,0.05,700,"sd","13:00:33",1009400
10.65,0.1,8800,"bu","11:26:17",934000
10.65,0.1,5000,"bu","11:24:43",916100
10.55,0,800,"sd","13:04:49",1094100
10.55,0,600,"sd","13:02:36",1060300
10.55,0,1600,"sd","13:02:02",1027500
10.55,0,200,"sd","13:01:40",1013700
10.6,0.05,26000,"sd","13:00:00",995400
10.65,0.1,9000,"bu","11:26:13",925200
10.65,0.1,500,"sd","13:29:56",1590200
10.55,0,100,"sd","13:01:58",1025900
10.55,0,500,"sd","13:01:38",1013500
10.6,0.05,3200,"sd","13:00:28",1008700
10.6,0.05,1000,"sd","13:00:11",1003000
10.55,0,2100,"sd","13:02:28",1059700
10.55,0,30000,"sd","13:02:27",1057600
10.55,0,100,"sd","13:01:34",1013000
10.6,0.05,5000,"sd","13:00:10",1002000
10.6,0.05,100,"sd","11:26:03",916200
10.65,0.1,1000,"sd","13:29:38",1589700
10.7,0.15,200,"bu","11:00:18",689900
10.65,0.1,300,"sd","10:58:51",658000
10.7,0.15,6800,"bu","10:50:15",654500
10.7,0.15,300,"bu","10:43:11",641000
10.75,0.2,3800,"bu","10:23:00",374800
10.6,0.05,900,"sd","11:08:24",745500
10.6,0.05,1000,"sd","11:08:22",744600
10.7,0.15,200,"bu","11:04:43",698900
10.65,0.1,500,"sd","11:00:14",689700
10.65,0.1,500,"sd","10:49:59",647700
10.7,0.15,700,"bu","10:23:00",371000
10.7,0.15,1000,"bu","10:22:58",370300
10.6,0.05,2000,"bu","10:08:24",243200
10.7,0.15,600,"bu","11:04:38",698700
10.7,0.15,200,"bu","11:04:37",698100
10.7,0.15,5000,"sd","10:35:11",593800
10.7,0.15,200,"bu","11:04:36",697900
10.7,0.15,4000,"bu","10:22:51",369300
10.7,0.15,500,"bu","10:22:49",365300
10.65,0.1,400,"bu","11:08:10",743600
10.7,0.15,400,"bu","10:40:15",636200
10.7,0.15,9400,"sd","10:40:14",635800
10.7,0.15,1500,"sd","10:20:42",364300
10.7,0.15,1500,"bu","10:20:41",362800
10.7,0.15,300,"bu","11:01:12",690300
10.7,0.15,2000,"sd","10:36:17",595800
10.65,0.1,500,"sd","10:54:23",655500
10.7,0.15,500,"sd","10:23:48",375300
10.7,0.15,5000,"bu","10:20:37",361300
10.7,0.15,10000,"bu","10:20:35",356300
10.65,0.1,200,"sd","10:51:23",654700
10.7,0.15,700,"bu","10:38:59",605800
10.55,0,1400,"sd","10:07:10",234700
10.65,0.1,500,"bu","11:07:53",743200
10.7,0.15,100,"bu","11:00:52",690000
10.7,0.15,1700,"bu","10:20:24",346300
10.65,0.1,3300,"bu","10:20:24",344600
10.55,0,4000,"sd","10:07:57",241200
10.55,0,2500,"sd","10:07:56",237200
10.65,0.1,200,"bu","11:08:46",748700
10.65,0.1,30000,"sd","10:59:25",688200
10.7,0.15,200,"bu","10:59:21",658200
10.65,0.1,600,"bu","11:07:39",742700
10.65,0.1,200,"bu","11:07:37",742100
10.65,0.1,3400,"sd","11:07:34",741900
10.7,0.15,500,"bu","10:22:12",364800
10.6,0.05,300,"sd","11:08:49",749000
10.65,0.1,3000,"bu","11:08:26",748500
10.55,0,1000,"bu","09:47:23",173400
10.6,0.05,1000,"bu","10:03:53",224700
10.6,0.05,1000,"bu","10:02:44",223700
10.6,0.05,600,"bu","09:55:05",209100
10.6,0.05,5900,"sd","09:54:45",208500
10.55,0,200,"bu","09:47:54",173600
10.6,0.05,25100,"bu","09:54:29",202600
10.6,0.05,400,"bu","09:44:01",150200
10.55,0,1000,"sd","10:07:01",233300
10.55,0,200,"bu","09:48:33",174100
10.55,0,200,"bu","09:48:32",173900
10.55,0,100,"bu","09:48:23",173700
10.55,0,100,"bu","09:49:32",174400
10.6,0.05,100,"sd","09:17:14",56300
10.6,0.05,29000,"bu","09:16:22",56200
10.65,0.1,100,"sd","09:18:36",56400
10.7,0.15,700,"bu","09:28:00",87200
10.65,0.1,2500,"sd","09:32:56",119100
10.6,0.05,3000,"sd","09:40:05",144300
10.65,0.1,100,"sd","09:32:52",116600
10.65,0.1,100,"sd","09:31:35",115500
10.65,0.1,4000,"sd","09:31:34",115400
10.65,0.1,1000,"sd","09:32:48",116500
10.7,0.15,500,"bu","09:30:15",107200
10.7,0.15,100,"bu","09:27:04",86500
10.65,0.1,4700,"sd","09:26:58",86400
10.65,0.1,1000,"sd","09:25:19",81200
10.7,0.15,3000,"sd","09:25:19",80200
10.7,0.15,500,"sd","09:26:50",81700
10.7,0.15,100,"sd","09:24:31",74200
10.7,0.15,2000,"sd","09:24:16",74100
10.7,0.15,400,"sd","09:23:26",71000
10.75,0.2,3000,"bu","09:24:33",77200
10.7,0.15,1100,"sd","09:24:06",72100
10.7,0.15,600,"bu","09:21:18",57100
10.7,0.15,100,"bu","09:21:13",56500
10.7,0.15,1000,"sd","09:22:39",70600
10.6,0.05,21000,"sd","09:16:12",27200
10.75,0.2,1000,"bu","09:22:35",69600
10.75,0.2,500,"bu","09:21:35",67600
10.75,0.2,10000,"bu","09:21:26",67100
