"id","symbol","truncTime","matchType","matchVol","matchPrice","accumulatedVolume","createdAt","updatedAt"
154607037,"BNA","1701675909","b","2600","10200","140500","2023-12-04T07:45:11.594Z","2023-12-04T07:45:11.594Z"
154591797,"BNA","1701674798","b","100","10200","137900","2023-12-04T07:26:39.616Z","2023-12-04T07:26:39.616Z"
154577180,"BNA","1701674542","s","1000","10100","137800","2023-12-04T07:22:24.616Z","2023-12-04T07:22:24.616Z"
154569438,"BNA","1701674395","b","1000","10200","136800","2023-12-04T07:19:57.584Z","2023-12-04T07:19:57.584Z"
154562444,"BNA","1701674270","b","100","10200","135800","2023-12-04T07:17:51.614Z","2023-12-04T07:17:51.614Z"
154511398,"BNA","1701673425","s","2000","10100","135700","2023-12-04T07:03:47.612Z","2023-12-04T07:03:47.612Z"
154497599,"BNA","1701673188","s","1000","10100","133700","2023-12-04T06:59:49.683Z","2023-12-04T06:59:49.683Z"
154491410,"BNA","1701673096","b","1800","10100","132700","2023-12-04T06:58:18.603Z","2023-12-04T06:58:18.603Z"
154490998,"BNA","1701673089","b","200","10100","130900","2023-12-04T06:58:10.735Z","2023-12-04T06:58:10.735Z"
154490527,"BNA","1701673080","b","7000","10100","130700","2023-12-04T06:58:03.613Z","2023-12-04T06:58:03.613Z"
154481196,"BNA","1701672897","b","1000","10100","123700","2023-12-04T06:54:59.599Z","2023-12-04T06:54:59.599Z"
154479558,"BNA","1701672858","b","500","10100","122700","2023-12-04T06:54:20.601Z","2023-12-04T06:54:20.601Z"
154478700,"BNA","1701672839","b","500","10100","122200","2023-12-04T06:54:01.605Z","2023-12-04T06:54:01.605Z"
154477678,"BNA","1701672813","b","4600","10100","121700","2023-12-04T06:53:35.584Z","2023-12-04T06:53:35.584Z"
154472981,"BNA","1701672706","b","1000","10100","117100","2023-12-04T06:51:48.664Z","2023-12-04T06:51:48.664Z"
154471195,"BNA","1701672667","s","4400","10100","116100","2023-12-04T06:51:09.595Z","2023-12-04T06:51:09.595Z"
154469303,"BNA","1701672623","unknown","5500","10100","111700","2023-12-04T06:50:25.605Z","2023-12-04T06:50:25.605Z"
154467463,"BNA","1701672578","s","800","10100","106200","2023-12-04T06:49:40.594Z","2023-12-04T06:49:40.594Z"
154467001,"BNA","1701672565","b","200","10100","105400","2023-12-04T06:49:27.616Z","2023-12-04T06:49:27.616Z"
154466214,"BNA","1701672549","b","1000","10100","105200","2023-12-04T06:49:11.571Z","2023-12-04T06:49:11.571Z"
154464649,"BNA","1701672516","b","2500","10100","104200","2023-12-04T06:48:38.602Z","2023-12-04T06:48:38.602Z"
154461659,"BNA","1701672452","b","1700","10200","101700","2023-12-04T06:47:34.581Z","2023-12-04T06:47:34.581Z"
154460542,"BNA","1701672418","s","700","10100","100000","2023-12-04T06:46:59.567Z","2023-12-04T06:46:59.567Z"
154457921,"BNA","1701672355","s","20000","10100","99300","2023-12-04T06:45:56.579Z","2023-12-04T06:45:56.579Z"
154417213,"BNA","1701671334","b","500","10200","79300","2023-12-04T06:28:56.523Z","2023-12-04T06:28:56.523Z"
154357938,"BNA","1701670137","b","5000","10200","78800","2023-12-04T06:08:59.518Z","2023-12-04T06:08:59.518Z"
154345386,"BNA","1701669844","b","300","10200","73800","2023-12-04T06:04:06.475Z","2023-12-04T06:04:06.475Z"
154327618,"BNA","1701663944","s","300","10200","73500","2023-12-04T04:25:45.445Z","2023-12-04T04:25:45.445Z"
154327604,"BNA","1701663943","s","100","10200","73200","2023-12-04T04:25:44.453Z","2023-12-04T04:25:44.453Z"
154327495,"BNA","1701663938","s","100","10200","73100","2023-12-04T04:25:40.442Z","2023-12-04T04:25:40.442Z"
154327308,"BNA","1701663930","b","4500","10200","73000","2023-12-04T04:25:32.442Z","2023-12-04T04:25:32.442Z"
154307518,"BNA","1701663099","b","100","10300","68500","2023-12-04T04:11:41.425Z","2023-12-04T04:11:41.425Z"
154305966,"BNA","1701663045","s","200","10200","68400","2023-12-04T04:10:47.410Z","2023-12-04T04:10:47.410Z"
154305099,"BNA","1701663008","s","200","10200","68200","2023-12-04T04:10:09.400Z","2023-12-04T04:10:09.400Z"
154303908,"BNA","1701662968","s","100","10200","68000","2023-12-04T04:09:30.402Z","2023-12-04T04:09:30.402Z"
154301235,"BNA","1701662870","s","1000","10200","67900","2023-12-04T04:07:52.420Z","2023-12-04T04:07:52.420Z"
154300311,"BNA","1701662848","b","5100","10200","66900","2023-12-04T04:07:30.410Z","2023-12-04T04:07:30.410Z"
154300276,"BNA","1701662846","b","1500","10200","61800","2023-12-04T04:07:28.402Z","2023-12-04T04:07:28.402Z"
154294054,"BNA","1701662640","b","5000","10200","60300","2023-12-04T04:04:02.395Z","2023-12-04T04:04:02.395Z"
154292466,"BNA","1701662593","s","4300","10100","55300","2023-12-04T04:03:15.397Z","2023-12-04T04:03:15.397Z"
154270353,"BNA","1701662088","b","1000","10100","51000","2023-12-04T03:54:51.471Z","2023-12-04T03:54:51.471Z"
154255281,"BNA","1701661837","b","800","10100","50000","2023-12-04T03:50:39.465Z","2023-12-04T03:50:39.465Z"
154220026,"BNA","1701661291","b","100","10100","49200","2023-12-04T03:41:33.351Z","2023-12-04T03:41:33.351Z"
154218001,"BNA","1701661241","s","100","10000","49100","2023-12-04T03:40:43.348Z","2023-12-04T03:40:43.348Z"
154211239,"BNA","1701661101","b","2200","10000","49000","2023-12-04T03:38:22.391Z","2023-12-04T03:38:22.391Z"
154200432,"BNA","1701660908","b","1000","10000","46800","2023-12-04T03:35:10.352Z","2023-12-04T03:35:10.352Z"
154198726,"BNA","1701660870","b","100","10000","45800","2023-12-04T03:34:32.343Z","2023-12-04T03:34:32.343Z"
154179663,"BNA","1701660482","b","500","10000","45700","2023-12-04T03:28:04.371Z","2023-12-04T03:28:04.371Z"
154169391,"BNA","1701660108","b","1000","10000","45200","2023-12-04T03:21:50.380Z","2023-12-04T03:21:50.380Z"
154159374,"BNA","1701659882","b","2000","10000","44200","2023-12-04T03:18:03.393Z","2023-12-04T03:18:03.393Z"
154155525,"BNA","1701659734","b","200","10000","42200","2023-12-04T03:15:35.389Z","2023-12-04T03:15:35.389Z"
154151144,"BNA","1701659528","b","10000","10000","42000","2023-12-04T03:12:09.415Z","2023-12-04T03:12:09.415Z"
154145100,"BNA","1701659240","b","2500","10000","32000","2023-12-04T03:07:21.465Z","2023-12-04T03:07:21.465Z"
154134985,"BNA","1701658851","s","1000","10000","29500","2023-12-04T03:00:54.434Z","2023-12-04T03:00:54.434Z"
154132137,"BNA","1701658748","s","200","10000","28500","2023-12-04T02:59:10.421Z","2023-12-04T02:59:10.421Z"
154117338,"BNA","1701658337","unknown","100","10000","28300","2023-12-04T02:52:19.426Z","2023-12-04T02:52:19.426Z"
154096510,"BNA","1701657846","s","500","9900","28200","2023-12-04T02:44:08.389Z","2023-12-04T02:44:08.389Z"
154066231,"BNA","1701656974","s","3000","10000","27700","2023-12-04T02:29:35.343Z","2023-12-04T02:29:35.343Z"
154061862,"BNA","1701656863","s","500","10000","24700","2023-12-04T02:27:45.350Z","2023-12-04T02:27:45.350Z"
154059750,"BNA","1701656798","b","5600","10000","24200","2023-12-04T02:26:40.329Z","2023-12-04T02:26:40.329Z"
154047155,"BNA","1701656467","b","500","10000","18600","2023-12-04T02:21:09.269Z","2023-12-04T02:21:09.269Z"
154046766,"BNA","1701656455","b","500","10000","18100","2023-12-04T02:20:57.270Z","2023-12-04T02:20:57.270Z"
154046520,"BNA","1701656449","b","500","10000","17600","2023-12-04T02:20:51.335Z","2023-12-04T02:20:51.335Z"
154036017,"BNA","1701656214","b","2500","10000","17100","2023-12-04T02:16:56.238Z","2023-12-04T02:16:56.238Z"
154031170,"BNA","1701655973","s","14600","9900","14600","2023-12-04T02:12:55.209Z","2023-12-04T02:12:55.209Z"
