"id","symbol","truncTime","matchType","matchVol","matchPrice","accumulatedVolume","createdAt","updatedAt"
154606603,"HAG","1701675888","unknown","958800","12200","28807300","2023-12-04T07:45:01.560Z","2023-12-04T07:45:01.560Z"
154605843,"HAG","1701674986","s","3000","12100","28804300","2023-12-04T07:30:00.572Z","2023-12-04T07:30:00.572Z"
154605818,"HAG","1701674985","s","1000","12100","28803300","2023-12-04T07:30:00.572Z","2023-12-04T07:30:00.572Z"
154605693,"HAG","1701674984","s","4400","12100","28759300","2023-12-04T07:29:57.645Z","2023-12-04T07:29:57.645Z"
154605692,"HAG","1701674984","s","5000","12100","28759300","2023-12-04T07:29:57.645Z","2023-12-04T07:29:57.645Z"
154605691,"HAG","1701674984","s","2900","12100","28759300","2023-12-04T07:29:57.645Z","2023-12-04T07:29:57.645Z"
154605690,"HAG","1701674984","s","100","12100","28759300","2023-12-04T07:29:57.645Z","2023-12-04T07:29:57.645Z"
154605689,"HAG","1701674984","s","2200","12100","28759300","2023-12-04T07:29:57.645Z","2023-12-04T07:29:57.645Z"
154605688,"HAG","1701674984","s","2100","12100","28759300","2023-12-04T07:29:57.645Z","2023-12-04T07:29:57.645Z"
154605687,"HAG","1701674984","s","20000","12100","28759300","2023-12-04T07:29:57.645Z","2023-12-04T07:29:57.645Z"
154605686,"HAG","1701674984","s","7300","12100","28759300","2023-12-04T07:29:57.645Z","2023-12-04T07:29:57.645Z"
154605640,"HAG","1701674983","s","1000","12100","28758300","2023-12-04T07:29:56.587Z","2023-12-04T07:29:56.587Z"
154605491,"HAG","1701674981","s","500","12100","28757800","2023-12-04T07:29:54.583Z","2023-12-04T07:29:54.583Z"
154605476,"HAG","1701674980","s","50300","12100","28653800","2023-12-04T07:29:54.583Z","2023-12-04T07:29:54.583Z"
154605475,"HAG","1701674980","s","300","12100","28653800","2023-12-04T07:29:54.583Z","2023-12-04T07:29:54.583Z"
154605474,"HAG","1701674980","s","1000","12100","28653800","2023-12-04T07:29:54.583Z","2023-12-04T07:29:54.583Z"
154605473,"HAG","1701674980","s","10000","12100","28653800","2023-12-04T07:29:54.583Z","2023-12-04T07:29:54.583Z"
154605472,"HAG","1701674980","s","2000","12100","28653800","2023-12-04T07:29:54.583Z","2023-12-04T07:29:54.583Z"
154605471,"HAG","1701674980","s","36400","12100","28653800","2023-12-04T07:29:54.583Z","2023-12-04T07:29:54.583Z"
154605470,"HAG","1701674980","s","4000","12100","28653800","2023-12-04T07:29:54.583Z","2023-12-04T07:29:54.583Z"
154605261,"HAG","1701674977","b","15000","12150","28638800","2023-12-04T07:29:51.585Z","2023-12-04T07:29:51.585Z"
154605205,"HAG","1701674976","b","100","12150","28638700","2023-12-04T07:29:50.592Z","2023-12-04T07:29:50.592Z"
154604902,"HAG","1701674972","b","1000","12150","28637700","2023-12-04T07:29:46.623Z","2023-12-04T07:29:46.623Z"
154604699,"HAG","1701674970","s","500","12100","28637200","2023-12-04T07:29:44.639Z","2023-12-04T07:29:44.639Z"
154604053,"HAG","1701674961","b","1000","12150","28636200","2023-12-04T07:29:34.606Z","2023-12-04T07:29:34.606Z"
154604003,"HAG","1701674960","s","10000","12100","28626200","2023-12-04T07:29:34.606Z","2023-12-04T07:29:34.606Z"
154603268,"HAG","1701674950","b","4000","12150","28622200","2023-12-04T07:29:24.599Z","2023-12-04T07:29:24.599Z"
154603154,"HAG","1701674947","s","400","12100","28621800","2023-12-04T07:29:22.580Z","2023-12-04T07:29:22.580Z"
154603045,"HAG","1701674946","s","500","12100","28621300","2023-12-04T07:29:21.716Z","2023-12-04T07:29:21.716Z"
154603015,"HAG","1701674946","s","500","12100","28620800","2023-12-04T07:29:20.632Z","2023-12-04T07:29:20.632Z"
154602884,"HAG","1701674944","s","200","12100","28620600","2023-12-04T07:29:18.614Z","2023-12-04T07:29:18.614Z"
154602865,"HAG","1701674944","s","3000","12100","28617600","2023-12-04T07:29:18.614Z","2023-12-04T07:29:18.614Z"
154602533,"HAG","1701674939","s","5000","12100","28612600","2023-12-04T07:29:13.587Z","2023-12-04T07:29:13.587Z"
154601711,"HAG","1701674927","s","500","12100","28612100","2023-12-04T07:29:01.571Z","2023-12-04T07:29:01.571Z"
154601689,"HAG","1701674926","s","1000","12100","28611100","2023-12-04T07:29:01.571Z","2023-12-04T07:29:01.571Z"
154601590,"HAG","1701674926","s","1000","12100","28610100","2023-12-04T07:29:00.633Z","2023-12-04T07:29:00.633Z"
154600653,"HAG","1701674913","s","100","12100","28610000","2023-12-04T07:28:47.623Z","2023-12-04T07:28:47.623Z"
154600587,"HAG","1701674912","b","1000","12100","28586100","2023-12-04T07:28:45.633Z","2023-12-04T07:28:45.633Z"
154600586,"HAG","1701674912","b","200","12100","28586100","2023-12-04T07:28:45.633Z","2023-12-04T07:28:45.633Z"
154600585,"HAG","1701674912","b","10000","12100","28586100","2023-12-04T07:28:45.633Z","2023-12-04T07:28:45.633Z"
154600584,"HAG","1701674912","b","3000","12100","28586100","2023-12-04T07:28:45.633Z","2023-12-04T07:28:45.633Z"
154600583,"HAG","1701674912","b","5000","12100","28586100","2023-12-04T07:28:45.633Z","2023-12-04T07:28:45.633Z"
154600582,"HAG","1701674912","b","100","12100","28586100","2023-12-04T07:28:45.633Z","2023-12-04T07:28:45.633Z"
154600581,"HAG","1701674912","b","4600","12100","28586100","2023-12-04T07:28:45.633Z","2023-12-04T07:28:45.633Z"
154600569,"HAG","1701674911","b","1000","12100","28586100","2023-12-04T07:28:45.633Z","2023-12-04T07:28:45.633Z"
154600568,"HAG","1701674911","b","1500","12100","28586100","2023-12-04T07:28:45.633Z","2023-12-04T07:28:45.633Z"
154600567,"HAG","1701674911","b","2500","12100","28586100","2023-12-04T07:28:45.633Z","2023-12-04T07:28:45.633Z"
154600426,"HAG","1701674910","b","400","12100","28580700","2023-12-04T07:28:43.576Z","2023-12-04T07:28:43.576Z"
154600126,"HAG","1701674906","b","1000","12100","28579700","2023-12-04T07:28:40.577Z","2023-12-04T07:28:40.577Z"
154600011,"HAG","1701674905","s","400","12050","28579300","2023-12-04T07:28:39.654Z","2023-12-04T07:28:39.654Z"
154599578,"HAG","1701674900","b","800","12100","28578500","2023-12-04T07:28:34.593Z","2023-12-04T07:28:34.593Z"
154599407,"HAG","1701674898","b","300","12100","28573300","2023-12-04T07:28:32.628Z","2023-12-04T07:28:32.628Z"
154599406,"HAG","1701674898","b","100","12100","28573300","2023-12-04T07:28:32.628Z","2023-12-04T07:28:32.628Z"
154599405,"HAG","1701674898","b","300","12100","28573300","2023-12-04T07:28:32.628Z","2023-12-04T07:28:32.628Z"
154599404,"HAG","1701674898","b","500","12100","28573300","2023-12-04T07:28:32.628Z","2023-12-04T07:28:32.628Z"
154599403,"HAG","1701674898","b","1800","12100","28573300","2023-12-04T07:28:32.628Z","2023-12-04T07:28:32.628Z"
154599402,"HAG","1701674898","b","2200","12100","28573300","2023-12-04T07:28:32.628Z","2023-12-04T07:28:32.628Z"
154597836,"HAG","1701674877","s","1000","12100","28562300","2023-12-04T07:28:11.628Z","2023-12-04T07:28:11.628Z"
154597835,"HAG","1701674877","s","5000","12100","28562300","2023-12-04T07:28:11.628Z","2023-12-04T07:28:11.628Z"
154597834,"HAG","1701674877","s","5000","12100","28562300","2023-12-04T07:28:11.628Z","2023-12-04T07:28:11.628Z"
154597765,"HAG","1701674877","s","1000","12100","28561300","2023-12-04T07:28:11.628Z","2023-12-04T07:28:11.628Z"
154597740,"HAG","1701674876","s","1000","12100","28560300","2023-12-04T07:28:10.667Z","2023-12-04T07:28:10.667Z"
154597631,"HAG","1701674875","s","100","12100","28560200","2023-12-04T07:28:09.670Z","2023-12-04T07:28:09.670Z"
154597572,"HAG","1701674875","s","13500","12100","28546700","2023-12-04T07:28:09.670Z","2023-12-04T07:28:09.670Z"
154597470,"HAG","1701674873","s","2000","12100","28544700","2023-12-04T07:28:07.588Z","2023-12-04T07:28:07.588Z"
154597319,"HAG","1701674872","s","1000","12100","28543700","2023-12-04T07:28:06.601Z","2023-12-04T07:28:06.601Z"
154597154,"HAG","1701674869","s","400","12100","28541700","2023-12-04T07:28:03.631Z","2023-12-04T07:28:03.631Z"
154597153,"HAG","1701674869","s","1600","12100","28541700","2023-12-04T07:28:03.631Z","2023-12-04T07:28:03.631Z"
154597132,"HAG","1701674869","s","5400","12100","28541700","2023-12-04T07:28:03.631Z","2023-12-04T07:28:03.631Z"
154597131,"HAG","1701674869","s","200","12100","28541700","2023-12-04T07:28:03.631Z","2023-12-04T07:28:03.631Z"
154597130,"HAG","1701674869","s","4400","12100","28541700","2023-12-04T07:28:03.631Z","2023-12-04T07:28:03.631Z"
154597092,"HAG","1701674868","s","2000","12100","28529700","2023-12-04T07:28:02.592Z","2023-12-04T07:28:02.592Z"
154596914,"HAG","1701674865","s","1400","12100","28528300","2023-12-04T07:27:59.596Z","2023-12-04T07:27:59.596Z"
154596398,"HAG","1701674860","s","13000","12100","28515300","2023-12-04T07:27:53.582Z","2023-12-04T07:27:53.582Z"
154596252,"HAG","1701674856","s","1000","12100","28514300","2023-12-04T07:27:50.568Z","2023-12-04T07:27:50.568Z"
154595974,"HAG","1701674852","s","5000","12100","28514300","2023-12-04T07:27:46.585Z","2023-12-04T07:27:46.585Z"
154595690,"HAG","1701674847","s","100","12100","28509200","2023-12-04T07:27:41.608Z","2023-12-04T07:27:41.608Z"
154595675,"HAG","1701674847","b","10000","12100","28386100","2023-12-04T07:27:41.608Z","2023-12-04T07:27:41.608Z"
154595674,"HAG","1701674847","b","200","12100","28386100","2023-12-04T07:27:41.608Z","2023-12-04T07:27:41.608Z"
154595673,"HAG","1701674847","b","100","12100","28386100","2023-12-04T07:27:41.608Z","2023-12-04T07:27:41.608Z"
154595672,"HAG","1701674847","b","200","12100","28386100","2023-12-04T07:27:41.608Z","2023-12-04T07:27:41.608Z"
154595671,"HAG","1701674847","b","3000","12100","28386100","2023-12-04T07:27:41.608Z","2023-12-04T07:27:41.608Z"
154595647,"HAG","1701674847","b","500","12100","28386100","2023-12-04T07:27:41.608Z","2023-12-04T07:27:41.608Z"
154595646,"HAG","1701674847","b","500","12100","28386100","2023-12-04T07:27:41.608Z","2023-12-04T07:27:41.608Z"
154595645,"HAG","1701674847","b","5000","12100","28386100","2023-12-04T07:27:41.608Z","2023-12-04T07:27:41.608Z"
154595644,"HAG","1701674847","b","8000","12100","28386100","2023-12-04T07:27:41.608Z","2023-12-04T07:27:41.608Z"
154595643,"HAG","1701674847","b","10000","12100","28386100","2023-12-04T07:27:41.608Z","2023-12-04T07:27:41.608Z"
154595642,"HAG","1701674847","b","2000","12100","28386100","2023-12-04T07:27:41.608Z","2023-12-04T07:27:41.608Z"
154595641,"HAG","1701674847","b","5000","12100","28386100","2023-12-04T07:27:41.608Z","2023-12-04T07:27:41.608Z"
154595640,"HAG","1701674847","b","9900","12100","28386100","2023-12-04T07:27:41.608Z","2023-12-04T07:27:41.608Z"
154595639,"HAG","1701674847","b","1000","12100","28386100","2023-12-04T07:27:41.608Z","2023-12-04T07:27:41.608Z"
154595638,"HAG","1701674847","b","200","12100","28386100","2023-12-04T07:27:41.608Z","2023-12-04T07:27:41.608Z"
154595637,"HAG","1701674847","b","10000","12100","28386100","2023-12-04T07:27:41.608Z","2023-12-04T07:27:41.608Z"
154595636,"HAG","1701674847","b","100","12100","28386100","2023-12-04T07:27:41.608Z","2023-12-04T07:27:41.608Z"
154595635,"HAG","1701674847","b","3000","12100","28386100","2023-12-04T07:27:41.608Z","2023-12-04T07:27:41.608Z"
154595634,"HAG","1701674847","b","1000","12100","28386100","2023-12-04T07:27:41.608Z","2023-12-04T07:27:41.608Z"
154595633,"HAG","1701674847","b","200","12100","28386100","2023-12-04T07:27:41.608Z","2023-12-04T07:27:41.608Z"
154595632,"HAG","1701674847","b","5000","12100","28386100","2023-12-04T07:27:41.608Z","2023-12-04T07:27:41.608Z"
154595631,"HAG","1701674847","b","1000","12100","28386100","2023-12-04T07:27:41.608Z","2023-12-04T07:27:41.608Z"
154595630,"HAG","1701674847","b","1000","12100","28386100","2023-12-04T07:27:41.608Z","2023-12-04T07:27:41.608Z"
