"id","symbol","truncTime","matchType","matchVol","matchPrice","accumulatedVolume","createdAt","updatedAt"
154607748,"TTH","1701676686","s","3000","4100","448700","2023-12-04T07:58:09.587Z","2023-12-04T07:58:09.587Z"
154607131,"TTH","1701675919","s","21600","4100","445700","2023-12-04T07:45:21.565Z","2023-12-04T07:45:21.565Z"
154603837,"TTH","1701674970","s","10900","4000","424100","2023-12-04T07:29:32.592Z","2023-12-04T07:29:32.592Z"
154603240,"TTH","1701674961","s","8000","4000","413200","2023-12-04T07:29:23.623Z","2023-12-04T07:29:23.623Z"
154590540,"TTH","1701674777","b","100","4100","405200","2023-12-04T07:26:19.568Z","2023-12-04T07:26:19.568Z"
154583319,"TTH","1701674653","b","100","4100","405100","2023-12-04T07:24:15.641Z","2023-12-04T07:24:15.641Z"
154582711,"TTH","1701674640","s","100","4000","405000","2023-12-04T07:24:02.600Z","2023-12-04T07:24:02.600Z"
154582409,"TTH","1701674634","s","100","4000","404900","2023-12-04T07:23:56.624Z","2023-12-04T07:23:56.624Z"
154580087,"TTH","1701674590","s","5000","4000","404800","2023-12-04T07:23:11.573Z","2023-12-04T07:23:11.573Z"
154579465,"TTH","1701674580","s","100","4000","399800","2023-12-04T07:23:02.635Z","2023-12-04T07:23:02.635Z"
154576608,"TTH","1701674531","s","5000","4000","399700","2023-12-04T07:22:13.612Z","2023-12-04T07:22:13.612Z"
154574599,"TTH","1701674490","s","1900","4000","394700","2023-12-04T07:21:32.579Z","2023-12-04T07:21:32.579Z"
154568078,"TTH","1701674369","s","100","4000","392800","2023-12-04T07:19:31.589Z","2023-12-04T07:19:31.589Z"
154566901,"TTH","1701674346","s","100","4000","392700","2023-12-04T07:19:07.592Z","2023-12-04T07:19:07.592Z"
154560436,"TTH","1701674233","s","5000","4000","392600","2023-12-04T07:17:15.609Z","2023-12-04T07:17:15.609Z"
154544958,"TTH","1701674001","b","100","4100","387600","2023-12-04T07:13:23.602Z","2023-12-04T07:13:23.602Z"
154544103,"TTH","1701673988","s","100","4000","387500","2023-12-04T07:13:09.720Z","2023-12-04T07:13:09.720Z"
154541685,"TTH","1701673963","s","10000","4000","387400","2023-12-04T07:12:45.750Z","2023-12-04T07:12:45.750Z"
154514016,"TTH","1701673469","b","100","4100","377400","2023-12-04T07:04:30.627Z","2023-12-04T07:04:30.627Z"
154512966,"TTH","1701673458","s","100","4000","377300","2023-12-04T07:04:20.616Z","2023-12-04T07:04:20.616Z"
154506857,"TTH","1701673332","s","200","4000","377200","2023-12-04T07:02:15.602Z","2023-12-04T07:02:15.602Z"
154502254,"TTH","1701673264","s","400","4000","377000","2023-12-04T07:01:06.673Z","2023-12-04T07:01:06.673Z"
154498923,"TTH","1701673211","s","300","4000","376600","2023-12-04T07:00:14.678Z","2023-12-04T07:00:14.678Z"
154483389,"TTH","1701672944","b","100","4100","376300","2023-12-04T06:55:46.593Z","2023-12-04T06:55:46.593Z"
154481648,"TTH","1701672906","s","100","4000","376200","2023-12-04T06:55:08.614Z","2023-12-04T06:55:08.614Z"
154475673,"TTH","1701672769","s","600","4000","376100","2023-12-04T06:52:51.627Z","2023-12-04T06:52:51.627Z"
154463713,"TTH","1701672498","s","5000","4000","375500","2023-12-04T06:48:20.582Z","2023-12-04T06:48:20.582Z"
154452108,"TTH","1701672201","s","5000","4000","370500","2023-12-04T06:43:23.628Z","2023-12-04T06:43:23.628Z"
154451121,"TTH","1701672184","b","4800","4000","365500","2023-12-04T06:43:06.594Z","2023-12-04T06:43:06.594Z"
154450569,"TTH","1701672170","b","1000","4000","360700","2023-12-04T06:42:52.622Z","2023-12-04T06:42:52.622Z"
154450126,"TTH","1701672159","b","1000","4000","359700","2023-12-04T06:42:41.582Z","2023-12-04T06:42:41.582Z"
154449275,"TTH","1701672142","b","2000","4000","358700","2023-12-04T06:42:24.597Z","2023-12-04T06:42:24.597Z"
154443197,"TTH","1701672049","s","3200","4000","356700","2023-12-04T06:40:51.566Z","2023-12-04T06:40:51.566Z"
154439746,"TTH","1701671975","s","500","4000","353500","2023-12-04T06:39:37.549Z","2023-12-04T06:39:37.549Z"
154433967,"TTH","1701671853","s","1000","4000","353000","2023-12-04T06:37:35.547Z","2023-12-04T06:37:35.547Z"
154431912,"TTH","1701671787","s","500","4000","352000","2023-12-04T06:36:28.535Z","2023-12-04T06:36:28.535Z"
154431776,"TTH","1701671782","s","500","4000","351500","2023-12-04T06:36:23.534Z","2023-12-04T06:36:23.534Z"
154430401,"TTH","1701671736","b","500","4100","351000","2023-12-04T06:35:37.544Z","2023-12-04T06:35:37.544Z"
154412224,"TTH","1701671182","b","100","4100","350500","2023-12-04T06:26:24.584Z","2023-12-04T06:26:24.584Z"
154407039,"TTH","1701671036","b","100","4100","350400","2023-12-04T06:23:58.510Z","2023-12-04T06:23:58.510Z"
154406876,"TTH","1701671032","s","11600","4000","350300","2023-12-04T06:23:54.548Z","2023-12-04T06:23:54.548Z"
154406443,"TTH","1701671025","s","100","4000","338700","2023-12-04T06:23:46.515Z","2023-12-04T06:23:46.515Z"
154405433,"TTH","1701671003","s","37300","4000","338600","2023-12-04T06:23:25.674Z","2023-12-04T06:23:25.674Z"
154387867,"TTH","1701670635","s","12600","4000","301300","2023-12-04T06:17:17.504Z","2023-12-04T06:17:17.504Z"
154374843,"TTH","1701670415","s","100","4000","288700","2023-12-04T06:13:36.516Z","2023-12-04T06:13:36.516Z"
154364857,"TTH","1701670249","s","5600","4000","288600","2023-12-04T06:10:50.616Z","2023-12-04T06:10:50.616Z"
154355763,"TTH","1701670089","s","5900","4000","283000","2023-12-04T06:08:11.526Z","2023-12-04T06:08:11.526Z"
154352504,"TTH","1701670016","s","5200","4000","277100","2023-12-04T06:06:58.474Z","2023-12-04T06:06:58.474Z"
154315000,"TTH","1701663382","b","1000","4100","271900","2023-12-04T04:16:23.411Z","2023-12-04T04:16:23.411Z"
154310080,"TTH","1701663181","s","5000","4000","270900","2023-12-04T04:13:02.408Z","2023-12-04T04:13:02.408Z"
154308774,"TTH","1701663142","s","2500","4000","265900","2023-12-04T04:12:23.453Z","2023-12-04T04:12:23.453Z"
154307107,"TTH","1701663089","s","7500","4000","263400","2023-12-04T04:11:31.416Z","2023-12-04T04:11:31.416Z"
154306566,"TTH","1701663067","s","10000","4000","255900","2023-12-04T04:11:08.403Z","2023-12-04T04:11:08.403Z"
154305965,"TTH","1701663045","s","20000","4000","245900","2023-12-04T04:10:46.400Z","2023-12-04T04:10:46.400Z"
154304068,"TTH","1701662973","s","12500","4000","225900","2023-12-04T04:09:34.406Z","2023-12-04T04:09:34.406Z"
154300642,"TTH","1701662858","b","10500","4000","213400","2023-12-04T04:07:40.391Z","2023-12-04T04:07:40.391Z"
154299012,"TTH","1701662804","b","900","4000","202900","2023-12-04T04:06:46.419Z","2023-12-04T04:06:46.419Z"
154298917,"TTH","1701662799","b","5000","4000","202000","2023-12-04T04:06:41.394Z","2023-12-04T04:06:41.394Z"
154297062,"TTH","1701662742","b","3000","4000","197000","2023-12-04T04:05:44.405Z","2023-12-04T04:05:44.405Z"
154293601,"TTH","1701662627","b","400","4000","194000","2023-12-04T04:03:48.392Z","2023-12-04T04:03:48.392Z"
154288448,"TTH","1701662468","b","5000","4000","193600","2023-12-04T04:01:10.402Z","2023-12-04T04:01:10.402Z"
154287253,"TTH","1701662438","s","1500","4000","188600","2023-12-04T04:00:40.391Z","2023-12-04T04:00:40.391Z"
154278666,"TTH","1701662252","s","500","4000","187100","2023-12-04T03:58:09.070Z","2023-12-04T03:58:09.070Z"
154273009,"TTH","1701662145","s","14600","4000","186600","2023-12-04T03:55:47.378Z","2023-12-04T03:55:47.378Z"
154270884,"TTH","1701662100","b","1000","4000","172000","2023-12-04T03:55:02.405Z","2023-12-04T03:55:02.405Z"
154265683,"TTH","1701661985","b","500","4000","171000","2023-12-04T03:53:07.452Z","2023-12-04T03:53:07.452Z"
154257475,"TTH","1701661857","b","100","4000","170500","2023-12-04T03:50:59.416Z","2023-12-04T03:50:59.416Z"
154240258,"TTH","1701661666","b","5100","4000","170400","2023-12-04T03:47:48.430Z","2023-12-04T03:47:48.430Z"
154236891,"TTH","1701661613","b","700","4000","165300","2023-12-04T03:46:55.382Z","2023-12-04T03:46:55.382Z"
154226867,"TTH","1701661434","b","500","4000","164600","2023-12-04T03:43:56.414Z","2023-12-04T03:43:56.414Z"
154225464,"TTH","1701661412","b","200","4000","164100","2023-12-04T03:43:34.413Z","2023-12-04T03:43:34.413Z"
154225266,"TTH","1701661407","s","9300","4000","163900","2023-12-04T03:43:29.352Z","2023-12-04T03:43:29.352Z"
154224409,"TTH","1701661391","s","10000","4000","154600","2023-12-04T03:43:13.392Z","2023-12-04T03:43:13.392Z"
154223878,"TTH","1701661380","b","100","4100","144600","2023-12-04T03:43:02.371Z","2023-12-04T03:43:02.371Z"
154218241,"TTH","1701661248","s","10600","4000","144500","2023-12-04T03:40:50.362Z","2023-12-04T03:40:50.362Z"
154210841,"TTH","1701661094","b","500","4000","133900","2023-12-04T03:38:16.351Z","2023-12-04T03:38:16.351Z"
154204055,"TTH","1701660972","b","200","4000","133400","2023-12-04T03:36:14.465Z","2023-12-04T03:36:14.465Z"
154202238,"TTH","1701660944","b","300","4000","133200","2023-12-04T03:35:46.394Z","2023-12-04T03:35:46.394Z"
154200260,"TTH","1701660903","b","2000","4000","132900","2023-12-04T03:35:05.363Z","2023-12-04T03:35:05.363Z"
154190747,"TTH","1701660746","b","100","4000","130900","2023-12-04T03:32:28.401Z","2023-12-04T03:32:28.401Z"
154188885,"TTH","1701660714","b","2300","4000","130800","2023-12-04T03:31:56.340Z","2023-12-04T03:31:56.340Z"
154186472,"TTH","1701660670","b","1900","4000","128500","2023-12-04T03:31:12.351Z","2023-12-04T03:31:12.351Z"
154177404,"TTH","1701660403","b","100","4000","126600","2023-12-04T03:26:44.355Z","2023-12-04T03:26:44.355Z"
154174263,"TTH","1701660289","s","3000","3900","126500","2023-12-04T03:24:50.360Z","2023-12-04T03:24:50.360Z"
154172962,"TTH","1701660237","s","100","3900","123500","2023-12-04T03:23:58.356Z","2023-12-04T03:23:58.356Z"
154165170,"TTH","1701660012","b","3900","4000","123400","2023-12-04T03:20:13.383Z","2023-12-04T03:20:13.383Z"
154163551,"TTH","1701659979","s","6100","4000","119500","2023-12-04T03:19:40.389Z","2023-12-04T03:19:40.389Z"
154160155,"TTH","1701659912","b","900","4000","113400","2023-12-04T03:18:34.367Z","2023-12-04T03:18:34.367Z"
154151143,"TTH","1701659528","s","2400","4000","112500","2023-12-04T03:12:09.415Z","2023-12-04T03:12:09.415Z"
154144129,"TTH","1701659198","s","500","4000","110100","2023-12-04T03:06:40.441Z","2023-12-04T03:06:40.441Z"
154142831,"TTH","1701659136","s","500","4000","109600","2023-12-04T03:05:38.441Z","2023-12-04T03:05:38.441Z"
154142076,"TTH","1701659106","s","9500","4000","109100","2023-12-04T03:05:08.440Z","2023-12-04T03:05:08.440Z"
154140391,"TTH","1701659041","s","500","4000","99600","2023-12-04T03:04:03.447Z","2023-12-04T03:04:03.447Z"
154138548,"TTH","1701658982","s","400","4000","99100","2023-12-04T03:03:04.453Z","2023-12-04T03:03:04.453Z"
154138049,"TTH","1701658963","b","3000","4000","98700","2023-12-04T03:02:46.473Z","2023-12-04T03:02:46.473Z"
154137027,"TTH","1701658924","b","600","4000","95700","2023-12-04T03:02:06.433Z","2023-12-04T03:02:06.433Z"
154134355,"TTH","1701658827","s","600","4000","95100","2023-12-04T03:00:29.451Z","2023-12-04T03:00:29.451Z"
154097970,"TTH","1701657882","b","100","4100","94500","2023-12-04T02:44:44.434Z","2023-12-04T02:44:44.434Z"
154085482,"TTH","1701657567","s","1000","4000","94400","2023-12-04T02:39:29.367Z","2023-12-04T02:39:29.367Z"
154084272,"TTH","1701657521","s","400","4000","93400","2023-12-04T02:38:43.371Z","2023-12-04T02:38:43.371Z"
