"id","symbol","truncTime","matchType","matchVol","matchPrice","accumulatedVolume","createdAt","updatedAt"
154606933,"VIX","1701675892","unknown","1082000","17800","67756100","2023-12-04T07:45:06.646Z","2023-12-04T07:45:06.646Z"
154605901,"VIX","1701674987","s","100","17800","67756000","2023-12-04T07:30:02.573Z","2023-12-04T07:30:02.573Z"
154605767,"VIX","1701674985","s","2200","17800","67756000","2023-12-04T07:29:58.593Z","2023-12-04T07:29:58.593Z"
154605766,"VIX","1701674985","s","2800","17800","67756000","2023-12-04T07:29:58.593Z","2023-12-04T07:29:58.593Z"
154605663,"VIX","1701674983","b","200","17850","67751000","2023-12-04T07:29:57.645Z","2023-12-04T07:29:57.645Z"
154605647,"VIX","1701674983","s","100","17800","67750800","2023-12-04T07:29:57.645Z","2023-12-04T07:29:57.645Z"
154605632,"VIX","1701674983","b","1700","17850","67750700","2023-12-04T07:29:56.587Z","2023-12-04T07:29:56.587Z"
154605631,"VIX","1701674983","b","100","17850","67750700","2023-12-04T07:29:56.587Z","2023-12-04T07:29:56.587Z"
154605630,"VIX","1701674983","b","1500","17850","67750700","2023-12-04T07:29:56.587Z","2023-12-04T07:29:56.587Z"
154605629,"VIX","1701674983","b","400","17850","67750700","2023-12-04T07:29:56.587Z","2023-12-04T07:29:56.587Z"
154605628,"VIX","1701674983","b","100","17850","67750700","2023-12-04T07:29:56.587Z","2023-12-04T07:29:56.587Z"
154605627,"VIX","1701674983","b","1000","17850","67750700","2023-12-04T07:29:56.587Z","2023-12-04T07:29:56.587Z"
154605626,"VIX","1701674983","b","200","17850","67750700","2023-12-04T07:29:56.587Z","2023-12-04T07:29:56.587Z"
154605455,"VIX","1701674980","b","1500","17850","67745700","2023-12-04T07:29:54.583Z","2023-12-04T07:29:54.583Z"
154605454,"VIX","1701674980","b","1700","17850","67745700","2023-12-04T07:29:54.583Z","2023-12-04T07:29:54.583Z"
154605453,"VIX","1701674980","s","300","17800","67745700","2023-12-04T07:29:54.583Z","2023-12-04T07:29:54.583Z"
154605372,"VIX","1701674979","s","1500","17800","67742200","2023-12-04T07:29:53.627Z","2023-12-04T07:29:53.627Z"
154605286,"VIX","1701674978","s","200","17800","67740700","2023-12-04T07:29:51.585Z","2023-12-04T07:29:51.585Z"
154605223,"VIX","1701674977","s","100","17800","67740400","2023-12-04T07:29:50.592Z","2023-12-04T07:29:50.592Z"
154605154,"VIX","1701674976","s","9200","17800","67730400","2023-12-04T07:29:50.592Z","2023-12-04T07:29:50.592Z"
154605153,"VIX","1701674976","s","400","17800","67730400","2023-12-04T07:29:50.592Z","2023-12-04T07:29:50.592Z"
154605152,"VIX","1701674976","s","400","17800","67730400","2023-12-04T07:29:50.592Z","2023-12-04T07:29:50.592Z"
154605060,"VIX","1701674975","b","8000","17850","67722400","2023-12-04T07:29:49.598Z","2023-12-04T07:29:49.598Z"
154605040,"VIX","1701674974","b","100","17850","67722400","2023-12-04T07:29:48.614Z","2023-12-04T07:29:48.614Z"
154605039,"VIX","1701674974","b","200","17850","67722400","2023-12-04T07:29:48.614Z","2023-12-04T07:29:48.614Z"
154605038,"VIX","1701674974","b","800","17850","67722400","2023-12-04T07:29:48.614Z","2023-12-04T07:29:48.614Z"
154604980,"VIX","1701674973","b","200","17850","67665300","2023-12-04T07:29:47.609Z","2023-12-04T07:29:47.609Z"
154604979,"VIX","1701674973","b","20000","17850","67665300","2023-12-04T07:29:47.609Z","2023-12-04T07:29:47.609Z"
154604978,"VIX","1701674973","b","2000","17850","67665300","2023-12-04T07:29:47.609Z","2023-12-04T07:29:47.609Z"
154604977,"VIX","1701674973","b","5000","17850","67665300","2023-12-04T07:29:47.609Z","2023-12-04T07:29:47.609Z"
154604976,"VIX","1701674973","b","1700","17850","67665300","2023-12-04T07:29:47.609Z","2023-12-04T07:29:47.609Z"
154604975,"VIX","1701674973","b","500","17850","67665300","2023-12-04T07:29:47.609Z","2023-12-04T07:29:47.609Z"
154604974,"VIX","1701674973","b","2000","17850","67665300","2023-12-04T07:29:47.609Z","2023-12-04T07:29:47.609Z"
154604973,"VIX","1701674973","b","700","17850","67665300","2023-12-04T07:29:47.609Z","2023-12-04T07:29:47.609Z"
154604972,"VIX","1701674973","b","2000","17850","67665300","2023-12-04T07:29:47.609Z","2023-12-04T07:29:47.609Z"
154604971,"VIX","1701674973","b","400","17850","67665300","2023-12-04T07:29:47.609Z","2023-12-04T07:29:47.609Z"
154604970,"VIX","1701674973","b","5000","17850","67665300","2023-12-04T07:29:47.609Z","2023-12-04T07:29:47.609Z"
154604969,"VIX","1701674973","b","16500","17850","67665300","2023-12-04T07:29:47.609Z","2023-12-04T07:29:47.609Z"
154604870,"VIX","1701674972","s","600","17800","67615300","2023-12-04T07:29:46.623Z","2023-12-04T07:29:46.623Z"
154604869,"VIX","1701674972","s","1000","17800","67615300","2023-12-04T07:29:46.623Z","2023-12-04T07:29:46.623Z"
154604868,"VIX","1701674972","s","200","17800","67615300","2023-12-04T07:29:46.623Z","2023-12-04T07:29:46.623Z"
154604867,"VIX","1701674972","s","500","17800","67615300","2023-12-04T07:29:46.623Z","2023-12-04T07:29:46.623Z"
154604866,"VIX","1701674972","s","3000","17800","67615300","2023-12-04T07:29:46.623Z","2023-12-04T07:29:46.623Z"
154604865,"VIX","1701674972","s","21600","17800","67615300","2023-12-04T07:29:46.623Z","2023-12-04T07:29:46.623Z"
154604864,"VIX","1701674972","s","1000","17800","67615300","2023-12-04T07:29:46.623Z","2023-12-04T07:29:46.623Z"
154604863,"VIX","1701674972","s","1000","17800","67615300","2023-12-04T07:29:46.623Z","2023-12-04T07:29:46.623Z"
154604862,"VIX","1701674972","s","20000","17800","67615300","2023-12-04T07:29:46.623Z","2023-12-04T07:29:46.623Z"
154604861,"VIX","1701674972","s","1000","17800","67615300","2023-12-04T07:29:46.623Z","2023-12-04T07:29:46.623Z"
154604860,"VIX","1701674972","s","100","17800","67615300","2023-12-04T07:29:46.623Z","2023-12-04T07:29:46.623Z"
154604817,"VIX","1701674971","b","1000","17850","67615300","2023-12-04T07:29:45.646Z","2023-12-04T07:29:45.646Z"
154604749,"VIX","1701674970","s","10000","17800","67614300","2023-12-04T07:29:45.646Z","2023-12-04T07:29:45.646Z"
154604748,"VIX","1701674970","s","100","17800","67614300","2023-12-04T07:29:45.646Z","2023-12-04T07:29:45.646Z"
154604747,"VIX","1701674970","s","1900","17800","67614300","2023-12-04T07:29:45.646Z","2023-12-04T07:29:45.646Z"
154604485,"VIX","1701674968","s","100","17800","67600500","2023-12-04T07:29:42.639Z","2023-12-04T07:29:42.639Z"
154604484,"VIX","1701674968","s","1700","17800","67600500","2023-12-04T07:29:42.639Z","2023-12-04T07:29:42.639Z"
154604424,"VIX","1701674967","s","300","17800","67600500","2023-12-04T07:29:41.567Z","2023-12-04T07:29:41.567Z"
154604414,"VIX","1701674966","s","300","17800","67600200","2023-12-04T07:29:41.567Z","2023-12-04T07:29:41.567Z"
154604401,"VIX","1701674966","s","500","17800","67599900","2023-12-04T07:29:41.567Z","2023-12-04T07:29:41.567Z"
154604400,"VIX","1701674966","s","800","17800","67599900","2023-12-04T07:29:41.567Z","2023-12-04T07:29:41.567Z"
154604399,"VIX","1701674966","s","1500","17800","67599900","2023-12-04T07:29:41.567Z","2023-12-04T07:29:41.567Z"
154604398,"VIX","1701674966","s","1000","17800","67599900","2023-12-04T07:29:41.567Z","2023-12-04T07:29:41.567Z"
154604397,"VIX","1701674966","s","900","17800","67599900","2023-12-04T07:29:41.567Z","2023-12-04T07:29:41.567Z"
154604396,"VIX","1701674966","s","800","17800","67599900","2023-12-04T07:29:41.567Z","2023-12-04T07:29:41.567Z"
154604394,"VIX","1701674966","s","1000","17800","67599900","2023-12-04T07:29:41.567Z","2023-12-04T07:29:41.567Z"
154604357,"VIX","1701674965","b","100","17850","67593400","2023-12-04T07:29:40.604Z","2023-12-04T07:29:40.604Z"
154604266,"VIX","1701674964","s","200","17800","67587800","2023-12-04T07:29:37.645Z","2023-12-04T07:29:37.645Z"
154604265,"VIX","1701674964","s","1000","17800","67587800","2023-12-04T07:29:37.645Z","2023-12-04T07:29:37.645Z"
154604264,"VIX","1701674964","s","100","17800","67587800","2023-12-04T07:29:37.645Z","2023-12-04T07:29:37.645Z"
154604263,"VIX","1701674964","s","100","17800","67587800","2023-12-04T07:29:37.645Z","2023-12-04T07:29:37.645Z"
154604262,"VIX","1701674964","s","200","17800","67587800","2023-12-04T07:29:37.645Z","2023-12-04T07:29:37.645Z"
154604261,"VIX","1701674964","s","3000","17800","67587800","2023-12-04T07:29:37.645Z","2023-12-04T07:29:37.645Z"
154604260,"VIX","1701674964","s","400","17800","67587800","2023-12-04T07:29:37.645Z","2023-12-04T07:29:37.645Z"
154604258,"VIX","1701674964","s","500","17800","67587800","2023-12-04T07:29:37.645Z","2023-12-04T07:29:37.645Z"
154604236,"VIX","1701674963","b","500","17850","67587800","2023-12-04T07:29:37.645Z","2023-12-04T07:29:37.645Z"
154604175,"VIX","1701674962","s","100","17800","67584700","2023-12-04T07:29:36.621Z","2023-12-04T07:29:36.621Z"
154604174,"VIX","1701674962","s","1900","17800","67584700","2023-12-04T07:29:36.621Z","2023-12-04T07:29:36.621Z"
154604173,"VIX","1701674962","s","600","17800","67584700","2023-12-04T07:29:36.621Z","2023-12-04T07:29:36.621Z"
154604145,"VIX","1701674962","s","2000","17800","67582700","2023-12-04T07:29:36.621Z","2023-12-04T07:29:36.621Z"
154604074,"VIX","1701674961","b","500","17850","67582700","2023-12-04T07:29:35.589Z","2023-12-04T07:29:35.589Z"
154603972,"VIX","1701674959","s","600","17800","67581600","2023-12-04T07:29:33.611Z","2023-12-04T07:29:33.611Z"
154603908,"VIX","1701674959","s","2000","17800","67581600","2023-12-04T07:29:33.611Z","2023-12-04T07:29:33.611Z"
154603808,"VIX","1701674957","s","900","17800","67579600","2023-12-04T07:29:31.567Z","2023-12-04T07:29:31.567Z"
154603807,"VIX","1701674957","s","100","17800","67579600","2023-12-04T07:29:31.567Z","2023-12-04T07:29:31.567Z"
154603806,"VIX","1701674957","s","1000","17800","67579600","2023-12-04T07:29:31.567Z","2023-12-04T07:29:31.567Z"
154603805,"VIX","1701674957","s","200","17800","67579600","2023-12-04T07:29:31.567Z","2023-12-04T07:29:31.567Z"
154603804,"VIX","1701674957","s","100","17800","67579600","2023-12-04T07:29:31.567Z","2023-12-04T07:29:31.567Z"
154603803,"VIX","1701674957","s","100","17800","67579600","2023-12-04T07:29:31.567Z","2023-12-04T07:29:31.567Z"
154603802,"VIX","1701674957","s","100","17800","67579600","2023-12-04T07:29:31.567Z","2023-12-04T07:29:31.567Z"
154603725,"VIX","1701674956","s","900","17800","67577100","2023-12-04T07:29:30.585Z","2023-12-04T07:29:30.585Z"
154603724,"VIX","1701674956","s","1100","17800","67577100","2023-12-04T07:29:30.585Z","2023-12-04T07:29:30.585Z"
154603635,"VIX","1701674954","s","1000","17800","67574100","2023-12-04T07:29:28.594Z","2023-12-04T07:29:28.594Z"
154603510,"VIX","1701674953","b","3100","17850","67570800","2023-12-04T07:29:27.609Z","2023-12-04T07:29:27.609Z"
154603509,"VIX","1701674953","b","200","17850","67570800","2023-12-04T07:29:27.609Z","2023-12-04T07:29:27.609Z"
154603329,"VIX","1701674951","s","900","17800","67570800","2023-12-04T07:29:25.560Z","2023-12-04T07:29:25.560Z"
154603328,"VIX","1701674951","s","2100","17800","67570800","2023-12-04T07:29:25.560Z","2023-12-04T07:29:25.560Z"
154603297,"VIX","1701674950","s","200","17800","67567800","2023-12-04T07:29:24.599Z","2023-12-04T07:29:24.599Z"
154603164,"VIX","1701674947","s","5000","17800","67562600","2023-12-04T07:29:22.580Z","2023-12-04T07:29:22.580Z"
154603152,"VIX","1701674947","b","5000","17850","67562600","2023-12-04T07:29:22.580Z","2023-12-04T07:29:22.580Z"
154603076,"VIX","1701674946","b","10000","17850","67557600","2023-12-04T07:29:21.716Z","2023-12-04T07:29:21.716Z"
154602937,"VIX","1701674945","s","300","17800","67547600","2023-12-04T07:29:19.592Z","2023-12-04T07:29:19.592Z"
