"price","change","match_qtty","side","time","total_vol"
26500,0,7100,"sd","09:15:02",7100
26500,0,900,"sd","09:15:11",8000
26500,0,400,"sd","09:15:51",8400
26600,100,200,"sd","09:17:31",8600
26600,100,600,"bu","09:18:10",9200
26600,100,500,"bu","09:18:31",9700
26600,100,500,"bu","09:18:44",10200
26600,100,1000,"bu","09:18:49",11200
26550,50,1300,"bu","09:18:50",12500
26600,100,300,"bu","09:19:55",12800
26550,50,5400,"sd","09:20:10",18200
26600,100,4300,"sd","09:20:11",22500
26600,100,400,"sd","09:20:12",22900
26600,100,1000,"sd","09:20:46",23900
26600,100,100,"bu","09:20:47",24000
26600,100,2500,"sd","09:21:24",26500
26600,100,200,"bu","09:21:25",26700
26600,100,500,"sd","09:21:42",27200
26600,100,600,"sd","09:21:49",27800
26600,100,3900,"bu","09:21:54",31700
26600,100,200,"bu","09:21:55",31900
26650,150,300,"bu","09:22:06",32200
26650,150,10000,"sd","09:23:00",42200
26600,100,1000,"bu","09:23:01",43200
26600,100,100,"bu","09:23:02",43300
26650,150,500,"bu","09:23:20",43800
26650,150,100,"bu","09:23:39",43900
26650,150,300,"sd","09:23:43",44200
26600,100,3900,"bu","09:23:47",48100
26600,100,100,"bu","09:24:22",49500
26600,100,500,"bu","09:24:57",50000
26600,100,16500,"sd","09:25:05",66500
26600,100,100,"sd","09:25:06",66600
26600,100,11000,"sd","09:25:56",77600
26600,100,100,"bu","09:25:57",77700
26600,100,500,"sd","09:26:20",78200
26650,150,300,"bu","09:26:24",78500
26600,100,1000,"sd","09:26:58",79500
26600,100,100,"bu","09:26:59",79600
26600,100,2200,"sd","09:27:10",81800
26650,150,900,"sd","09:27:58",82700
26650,150,100,"sd","09:28:21",82800
26650,150,1000,"bu","09:28:23",83800
26600,100,100,"sd","09:28:25",83900
26650,150,1000,"sd","09:28:30",84900
26600,100,100,"sd","09:28:31",85000
26650,150,700,"bu","09:28:32",85700
26650,150,300,"bu","09:29:13",86000
26650,150,1600,"bu","09:29:58",87600
26600,100,100,"sd","09:29:59",87700
26600,100,1300,"bu","09:30:22",89000
26600,100,100,"bu","09:30:22",89100
26600,100,2100,"bu","09:30:53",91200
26600,100,100,"sd","09:30:54",91300
26600,100,500,"sd","09:31:10",91800
26600,100,1700,"bu","09:31:19",93500
26600,100,100,"bu","09:31:21",93600
26600,100,4900,"bu","09:32:05",98500
26650,150,100,"sd","09:32:07",100000
26600,100,5100,"bu","09:32:17",105100
26600,100,500,"bu","09:32:18",105600
26600,100,1100,"sd","09:32:20",106700
26600,100,500,"bu","09:32:33",108200
26600,100,100,"sd","09:32:34",108300
26600,100,15000,"sd","09:32:36",123300
26600,100,1500,"bu","09:32:36",124800
26600,100,100,"bu","09:32:37",124900
26600,100,1100,"sd","09:32:52",126000
26600,100,100,"sd","09:32:52",126100
26600,100,400,"sd","09:32:57",126500
26650,150,700,"sd","09:33:29",127200
26600,100,500,"bu","09:33:49",127700
26600,100,2000,"sd","09:33:58",129700
26600,100,100,"bu","09:35:26",131100
26600,100,500,"sd","09:35:29",131600
26600,100,22800,"bu","09:35:35",154400
26600,100,1000,"sd","09:35:36",155400
26600,100,2700,"sd","09:35:37",158100
26600,100,300,"sd","09:35:38",158400
26600,100,1300,"bu","09:35:44",159700
26600,100,200,"bu","09:35:45",160700
26600,100,100,"sd","09:35:46",160800
26550,50,11000,"bu","09:35:47",171800
26550,50,100,"bu","09:35:49",171900
26600,100,600,"sd","09:36:05",172500
26600,100,1400,"sd","09:36:09",173900
26550,50,100,"bu","09:36:10",174000
26600,100,1000,"bu","09:36:15",175000
26550,50,100,"sd","09:36:17",175100
26550,50,5300,"bu","09:36:31",180400
26600,100,100,"bu","09:36:52",180500
26600,100,500,"sd","09:37:00",181000
26600,100,200,"bu","09:37:10",181200
26600,100,1100,"bu","09:37:22",182300
26600,100,300,"bu","09:37:34",182600
26600,100,300,"bu","09:37:55",182900
26600,100,100,"bu","09:38:04",183000
26600,100,300,"sd","09:38:33",183300
26600,100,3000,"bu","09:38:41",186300
26600,100,1200,"bu","09:38:42",187500
26550,50,700,"sd","09:38:50",196200
26600,100,2000,"bu","09:38:59",198200
26550,50,200,"bu","09:39:01",198400
26600,100,200,"sd","09:39:08",198600
26600,100,500,"bu","09:39:22",199100
26600,100,500,"bu","09:40:00",199600
26600,100,5000,"bu","09:40:48",204600
26600,100,400,"bu","09:40:50",205000
26600,100,500,"bu","09:40:54",205500
26600,100,1100,"bu","09:42:06",206600
26600,100,500,"bu","09:42:10",207100
26600,100,3000,"sd","09:42:14",210100
26600,100,300,"bu","09:42:15",210400
26600,100,1000,"sd","09:42:28",211400
26600,100,100,"bu","09:42:29",211500
26600,100,1000,"sd","09:42:32",212500
26600,100,100,"bu","09:42:33",212600
26600,100,2000,"bu","09:42:39",214600
26600,100,200,"bu","09:42:40",214800
26600,100,1000,"sd","09:43:13",215800
26600,100,100,"sd","09:43:14",215900
26600,100,5000,"bu","09:43:27",220900
26600,100,500,"bu","09:43:28",221400
26600,100,5500,"sd","09:43:40",226900
26600,100,500,"sd","09:44:19",227900
26600,100,3000,"sd","09:44:46",230900
26600,100,300,"bu","09:44:47",231200
26650,150,1300,"sd","09:44:48",232500
26600,100,100,"bu","09:44:49",232600
26600,100,1100,"sd","09:44:51",233700
26600,100,500,"sd","09:45:15",235300
26600,100,100,"bu","09:45:40",236700
26600,100,1000,"bu","09:46:15",237700
26600,100,100,"sd","09:46:16",237800
26600,100,200,"sd","09:46:23",238000
26600,100,400,"bu","09:48:25",238400
26600,100,1200,"sd","09:48:31",239600
26600,100,300,"sd","09:48:36",239900
26650,150,100,"sd","09:48:45",240000
26600,100,2200,"sd","09:49:34",242200
26600,100,200,"sd","09:49:35",242400
26600,100,1000,"sd","09:51:36",243400
26600,100,100,"bu","09:51:37",243500
26600,100,1000,"sd","09:52:57",244500
26600,100,100,"sd","09:52:58",244600
26650,150,500,"sd","09:54:12",245100
26650,150,5000,"bu","09:54:21",250100
26600,100,500,"bu","09:54:22",250600
26650,150,5000,"bu","09:54:43",255600
26600,100,500,"bu","09:54:45",256100
26600,100,5500,"bu","09:55:00",261600
26600,100,10000,"bu","09:55:15",271600
26600,100,1000,"sd","09:55:17",272600
26600,100,100,"sd","09:55:18",272700
26600,100,3900,"sd","09:56:13",276600
26600,100,1500,"sd","09:56:50",278100
26600,100,100,"sd","09:56:51",278200
26600,100,200,"sd","09:57:13",278400
26600,100,100,"sd","09:57:41",278500
26650,150,1000,"sd","09:57:54",279500
26600,100,100,"bu","09:57:55",279600
26600,100,1400,"sd","09:58:04",281000
26650,150,2000,"bu","10:00:10",283000
26600,100,200,"bu","10:00:11",283200
26650,150,400,"bu","10:00:12",283600
26650,150,5200,"bu","10:00:24",288800
26600,100,500,"bu","10:00:25",289300
26600,100,2200,"bu","10:00:32",291500
26600,100,200,"sd","10:00:47",293700
26650,150,2000,"bu","10:01:11",295700
26600,100,200,"bu","10:01:12",295900
26600,100,500,"sd","10:01:16",296400
26600,100,10000,"bu","10:01:40",306400
26600,100,1000,"bu","10:01:41",307400
26600,100,100,"bu","10:01:42",307500
26650,150,2000,"bu","10:01:46",309500
26600,100,200,"bu","10:01:48",309700
26600,100,500,"sd","10:02:06",310200
26600,100,2000,"sd","10:02:51",312200
26600,100,200,"sd","10:02:52",312400
26600,100,4000,"sd","10:03:19",316400
26600,100,400,"bu","10:03:20",316800
26650,150,700,"sd","10:03:53",317500
26600,100,100,"sd","10:04:03",317600
26600,100,200,"sd","10:04:08",317800
26650,150,2000,"bu","10:04:30",319800
26600,100,200,"bu","10:04:31",320000
26650,150,2000,"bu","10:04:47",322000
26600,100,200,"bu","10:04:48",322200
26650,150,2000,"sd","10:05:05",324200
26600,100,200,"bu","10:05:06",324400
26650,150,2000,"bu","10:05:22",326400
26600,100,200,"sd","10:05:23",326600
26650,150,2000,"bu","10:05:39",328600
26600,100,200,"sd","10:05:40",328800
26650,150,2000,"sd","10:05:56",330800
26600,100,200,"sd","10:05:57",331000
26650,150,12700,"sd","10:06:09",343700
26600,100,1200,"sd","10:06:10",344900
26600,100,100,"sd","10:06:11",345000
26650,150,2000,"sd","10:06:12",347000
26600,100,200,"sd","10:06:13",347200
26650,150,100,"bu","10:06:19",347300
26650,150,2000,"sd","10:06:24",349300
26600,100,200,"bu","10:06:25",349500
26650,150,2000,"sd","10:06:34",351500
26600,100,200,"bu","10:06:35",351700
26650,150,2000,"bu","10:06:44",353700
26600,100,200,"bu","10:06:45",353900
26650,150,100,"sd","10:07:04",354000
26650,150,2000,"bu","10:07:08",356000
26600,100,200,"sd","10:07:09",356200
26600,100,2300,"sd","10:07:27",358500
26650,150,2000,"bu","10:07:39",360500
26600,100,200,"sd","10:07:40",360700
26600,100,4500,"bu","10:08:14",365200
26650,150,2000,"sd","10:08:19",367200
26600,100,1600,"bu","10:08:26",368800
26650,150,2000,"bu","10:08:32",370800
26600,100,200,"bu","10:08:34",371000
26650,150,2000,"bu","10:08:45",373000
26600,100,200,"bu","10:08:46",373200
26600,100,100,"bu","10:08:53",373300
26600,100,2200,"sd","10:08:58",375500
26650,150,100,"sd","10:09:10",375600
26600,100,2200,"bu","10:09:13",377800
26650,150,2200,"sd","10:09:22",380000
26600,100,200,"sd","10:09:24",380200
26600,100,5500,"bu","10:09:31",385700
26650,150,5000,"sd","10:09:41",390700
26600,100,500,"sd","10:09:42",391200
26600,100,2200,"sd","10:09:43",393400
26600,100,1100,"sd","10:09:50",394500
26650,150,2000,"sd","10:09:52",396500
26600,100,200,"sd","10:09:53",396700
26650,150,3000,"bu","10:09:58",399700
26650,150,2300,"sd","10:10:01",402000
26600,100,200,"sd","10:10:02",402200
26650,150,1900,"sd","10:10:05",404100
26600,100,100,"sd","10:10:06",404200
26650,150,2000,"bu","10:10:18",406200
26600,100,200,"sd","10:10:19",406400
26650,150,400,"bu","10:10:22",406800
26650,150,2000,"bu","10:10:32",408800
26600,100,200,"sd","10:10:33",409000
26650,150,4200,"sd","10:11:19",413200
26600,100,200,"bu","10:11:20",413400
26600,100,100,"sd","10:11:25",413500
26650,150,2000,"bu","10:11:31",415500
26600,100,200,"sd","10:11:32",415700
26650,150,2000,"sd","10:11:43",417700
26600,100,200,"sd","10:11:44",417900
26650,150,24000,"bu","10:12:11",441900
26600,100,2400,"bu","10:12:12",444300
26600,100,200,"bu","10:12:13",444500
26600,100,600,"bu","10:12:16",445100
26600,100,1300,"sd","10:12:18",446400
26600,100,100,"bu","10:12:19",446500
26600,100,600,"bu","10:12:21",447100
26600,100,300,"sd","10:12:34",447400
26650,150,2000,"bu","10:12:41",449400
26600,100,200,"bu","10:12:42",449600
26650,150,1700,"bu","10:12:53",451300
26650,150,100,"bu","10:12:54",451400
26650,150,400,"bu","10:13:09",451800
26650,150,100,"sd","10:14:10",451900
26700,200,700,"bu","10:15:20",452600
26600,100,17900,"sd","10:15:26",470500
26600,100,300,"bu","10:15:27",470800
26650,150,200,"bu","10:15:32",471000
26600,100,1200,"sd","10:16:45",472200
26600,100,1400,"bu","10:17:26",473600
26600,100,500,"sd","10:18:24",481700
26600,100,200,"sd","10:18:33",481900
26600,100,5200,"sd","10:19:41",487100
26600,100,300,"bu","10:19:42",487400
26600,100,1300,"bu","10:20:09",488700
26600,100,100,"bu","10:20:10",488800
26600,100,300,"bu","10:20:25",489100
26600,100,500,"sd","10:21:01",489600
26600,100,600,"bu","10:21:11",490200
26600,100,300,"bu","10:21:35",490500
26650,150,600,"bu","10:21:50",491100
26650,150,100,"sd","10:23:34",491200
26650,150,700,"bu","10:24:59",491900
26650,150,200,"bu","10:26:55",492100
26650,150,2600,"bu","10:27:06",494700
26600,100,200,"bu","10:27:08",494900
26650,150,1300,"bu","10:27:32",496200
26600,100,100,"sd","10:27:33",496300
26600,100,1000,"sd","10:28:01",497300
26600,100,100,"bu","10:28:03",497400
26600,100,4000,"bu","10:28:29",501400
26600,100,400,"sd","10:28:30",501800
26600,100,500,"bu","10:29:17",502300
26650,150,1300,"sd","10:29:37",503600
26600,100,100,"sd","10:29:38",503700
26600,100,10000,"bu","10:29:52",513700
26600,100,1000,"bu","10:29:53",514700
26600,100,100,"sd","10:29:55",514800
26600,100,200,"sd","10:30:41",515000
26600,100,800,"bu","10:30:44",515800
26650,150,1300,"bu","10:31:27",517100
26600,100,100,"sd","10:31:29",517200
26600,100,1500,"bu","10:31:47",518700
26600,100,600,"bu","10:33:27",521700
26600,100,300,"sd","10:33:29",522000
26600,100,200,"bu","10:33:32",522200
26600,100,3600,"bu","10:34:25",525800
26600,100,300,"bu","10:34:26",526100
26600,100,3000,"sd","10:35:42",529100
26600,100,300,"bu","10:35:45",529400
26600,100,200,"bu","10:36:10",529600
26600,100,4700,"sd","10:36:28",534300
26550,50,57700,"bu","10:36:48",592000
26600,100,3500,"sd","10:36:49",595500
26550,50,800,"sd","10:36:50",596300
26600,100,300,"bu","10:37:29",596600
26600,100,100,"sd","10:37:49",596700
26600,100,2100,"sd","10:38:27",598800
26550,50,200,"bu","10:38:28",599000
26600,100,100,"sd","10:38:35",599100
26550,50,2600,"sd","10:40:09",601700
26600,100,1300,"sd","10:40:13",603000
26550,50,100,"sd","10:40:16",603100
26550,50,500,"sd","10:40:23",603600
26550,50,2100,"bu","10:41:05",605700
26600,100,2000,"sd","10:41:44",607700
26550,50,200,"sd","10:41:45",607900
26600,100,2000,"sd","10:42:01",609900
26550,50,200,"sd","10:42:02",610100
26600,100,1300,"sd","10:42:03",611400
26550,50,100,"sd","10:42:04",611500
26600,100,1300,"bu","10:42:13",612800
26600,100,2100,"sd","10:42:15",614900
26550,50,200,"sd","10:42:16",615100
26550,50,1400,"sd","10:42:22",616500
26600,100,500,"sd","10:42:23",617000
26600,100,1300,"bu","10:42:28",618300
26550,50,100,"sd","10:42:29",618400
26600,100,2000,"bu","10:42:34",620400
26550,50,200,"bu","10:42:35",620600
26550,50,1400,"bu","10:42:41",622000
26600,100,2600,"bu","10:42:47",624600
26550,50,200,"bu","10:42:49",624800
26600,100,2000,"sd","10:42:51",626800
26550,50,200,"sd","10:42:52",627000
26600,100,8400,"sd","10:43:22",635400
26550,50,200,"sd","10:43:23",635600
26600,100,1300,"sd","10:43:28",636900
26550,50,100,"bu","10:43:29",637000
26600,100,1000,"sd","10:43:30",638000
26550,50,100,"sd","10:43:31",638100
26600,100,3000,"bu","10:43:34",641100
26550,50,300,"bu","10:43:35",641400
26550,50,1400,"sd","10:43:36",642800
26600,100,500,"bu","10:43:39",643300
26600,100,1300,"bu","10:43:42",644600
26550,50,100,"sd","10:43:45",644700
26600,100,21400,"sd","10:43:52",666100
26550,50,4000,"bu","10:43:53",670100
26550,50,400,"sd","10:43:55",670500
26600,100,1000,"sd","10:43:56",671500
26550,50,100,"bu","10:43:57",671600
26600,100,3400,"bu","10:44:05",675000
26550,50,200,"bu","10:44:06",675200
26600,100,1300,"bu","10:44:10",676500
26550,50,100,"sd","10:44:11",676600
26550,50,2300,"bu","10:44:17",678900
26600,100,1300,"sd","10:44:20",680200
26550,50,100,"sd","10:44:21",680300
26600,100,300,"bu","10:44:23",680600
26550,50,1400,"bu","10:44:27",682000
26550,50,2200,"bu","10:44:29",684200
26600,100,2300,"bu","10:44:33",686500
26550,50,200,"sd","10:44:34",686700
26600,100,2500,"sd","10:44:36",689200
26550,50,200,"sd","10:44:38",689400
26600,100,1300,"sd","10:44:45",690700
26550,50,100,"sd","10:44:46",690800
26600,100,2000,"sd","10:44:47",692800
26550,50,55300,"sd","10:44:48",748100
26550,50,500,"bu","10:44:49",748600
26550,50,1500,"bu","10:44:52",750100
26550,50,22000,"bu","10:44:54",772100
26550,50,200,"sd","10:44:55",772300
26600,100,2000,"bu","10:44:56",774300
26600,100,3600,"sd","10:44:58",777900
26550,50,300,"bu","10:44:59",778200
26600,100,100,"bu","10:45:00",778300
26550,50,2200,"bu","10:45:01",780500
26550,50,3800,"bu","10:45:08",784300
26600,100,400,"bu","10:45:10",784700
26600,100,2000,"sd","10:45:15",786700
26550,50,2400,"sd","10:45:16",789100
26600,100,3200,"bu","10:45:24",792300
26650,150,300,"bu","10:45:51",792600
26650,150,300,"sd","10:45:54",792900
26600,100,36200,"bu","10:46:13",829100
26550,50,3600,"sd","10:46:14",832700
26550,50,300,"bu","10:46:15",833000
26600,100,100,"bu","10:46:24",833100
26600,100,4000,"sd","10:46:32",837100
26550,50,400,"sd","10:46:33",837500
26600,100,700,"sd","10:46:34",838200
26600,100,100,"sd","10:46:46",838300
26600,100,2000,"bu","10:47:16",840300
26600,100,400,"sd","10:47:19",840700
26600,100,100,"bu","10:47:31",840800
26600,100,1100,"sd","10:48:00",841900
26550,50,100,"bu","10:48:01",842000
26600,100,200,"sd","10:48:02",842200
26600,100,700,"bu","10:48:07",842900
26600,100,3000,"sd","10:48:28",845900
26550,50,300,"bu","10:48:29",846200
26600,100,200,"sd","10:48:45",846400
26600,100,5400,"bu","10:49:03",851800
26550,50,500,"bu","10:49:04",852300
26550,50,100,"bu","10:49:10",852400
26600,100,1000,"bu","10:49:16",853400
26550,50,100,"sd","10:49:17",853500
26600,100,100100,"sd","10:49:57",953600
26550,50,10000,"sd","10:49:59",963600
26550,50,1100,"sd","10:50:00",964700
26600,100,300,"bu","10:50:14",965000
26600,100,2000,"sd","10:50:22",967000
26550,50,200,"bu","10:50:24",967200
26600,100,2000,"bu","10:50:36",969200
26550,50,200,"bu","10:50:38",969400
26600,100,2200,"sd","10:51:05",971600
26550,50,200,"bu","10:51:06",971800
26600,100,20000,"sd","10:51:13",991800
26550,50,4400,"bu","10:51:14",996200
26550,50,11000,"sd","10:51:16",1007200
26550,50,100,"bu","10:51:17",1007300
26600,100,2000,"sd","10:51:19",1009300
26550,50,200,"sd","10:51:20",1009500
26600,100,2000,"sd","10:51:21",1011500
26550,50,200,"bu","10:51:23",1011700
26600,100,2000,"sd","10:51:24",1013700
26550,50,200,"sd","10:51:25",1013900
26600,100,2000,"sd","10:51:34",1015900
26600,100,600,"bu","10:51:35",1016500
26550,50,1100,"bu","10:51:36",1017600
26600,100,200,"bu","10:51:40",1017800
26600,100,2000,"bu","10:51:42",1019800
26550,50,200,"bu","10:51:44",1020000
26600,100,2000,"bu","10:51:53",1022000
26550,50,200,"sd","10:51:54",1022200
26600,100,2000,"sd","10:52:08",1024200
26550,50,200,"sd","10:52:10",1024400
26600,100,7900,"bu","10:52:14",1032300
26550,50,700,"bu","10:52:15",1033000
26600,100,2200,"bu","10:52:24",1035200
26550,50,200,"sd","10:52:25",1035400
26600,100,3000,"sd","10:52:31",1038400
26550,50,200,"sd","10:52:32",1038600
26600,100,2000,"sd","10:52:35",1040600
26550,50,200,"bu","10:52:36",1040800
26600,100,900,"sd","10:52:39",1041700
26550,50,11000,"bu","10:52:43",1052700
26550,50,100,"sd","10:52:44",1052800
26600,100,2000,"bu","10:52:54",1054800
26550,50,200,"sd","10:52:55",1055000
26600,100,2000,"bu","10:53:01",1057000
26550,50,200,"sd","10:53:02",1057200
26600,100,1000,"sd","10:53:05",1058200
26600,100,300,"sd","10:53:06",1058500
26600,100,2000,"sd","10:53:15",1060500
26600,100,10200,"sd","10:53:16",1070700
26550,50,1000,"sd","10:53:18",1071700
26550,50,100,"sd","10:53:19",1071800
26600,100,1100,"sd","10:53:20",1072900
26600,100,100,"bu","10:53:21",1073000
26650,150,200,"bu","10:53:50",1073200
26650,150,100,"bu","10:54:22",1073300
26650,150,200,"bu","10:54:37",1073500
26600,100,1400,"bu","10:54:46",1074900
26600,100,4100,"sd","10:55:02",1079000
26650,150,100,"bu","10:55:18",1079100
26650,150,200,"sd","10:55:22",1079300
26600,100,1400,"sd","10:55:39",1080700
26600,100,3000,"sd","10:55:49",1083700
26600,100,99000,"sd","10:55:52",1182700
26550,50,10800,"bu","10:55:54",1193500
26600,100,100,"sd","10:56:00",1193600
26600,100,3200,"bu","10:56:02",1196800
26550,50,300,"sd","10:56:03",1197100
26550,50,1400,"sd","10:56:14",1198500
26550,50,1900,"bu","10:56:30",1200400
26550,50,100,"sd","10:56:32",1200500
26550,50,3300,"bu","10:56:46",1203800
26550,50,1400,"bu","10:56:57",1205200
26600,100,1800,"sd","10:57:31",1207000
26550,50,1300,"bu","10:57:33",1208300
26550,50,100,"bu","10:57:35",1208400
26600,100,600,"bu","10:57:37",1209000
26600,100,100,"bu","10:58:05",1209100
26600,100,200,"bu","10:58:13",1209300
26550,50,5500,"bu","10:58:34",1214800
26600,100,200,"sd","10:58:35",1215000
26600,100,100,"bu","10:58:57",1215100
26550,50,4400,"bu","10:59:28",1219500
26550,50,4900,"sd","10:59:32",1224400
26550,50,400,"sd","10:59:35",1224800
26600,100,200,"bu","10:59:41",1225000
26600,100,100,"bu","10:59:49",1225100
26600,100,500,"bu","11:00:09",1225600
26550,50,1300,"bu","11:00:22",1226900
26550,50,100,"sd","11:00:23",1227000
26600,100,200,"sd","11:00:24",1227200
26600,100,300,"bu","11:00:46",1227500
26550,50,1400,"sd","11:00:52",1228900
26600,100,200,"sd","11:01:07",1229100
26600,100,100,"sd","11:01:52",1229200
26550,50,10000,"bu","11:02:13",1239200
26550,50,1000,"sd","11:02:14",1240200
26550,50,100,"bu","11:02:16",1240300
26600,100,200,"sd","11:02:35",1240500
26600,100,300,"sd","11:02:51",1240800
26600,100,200,"bu","11:03:20",1241000
26600,100,100,"bu","11:03:29",1241100
26600,100,200,"bu","11:04:03",1241300
26600,100,1000,"sd","11:04:45",1242300
26600,100,200,"sd","11:04:46",1242500
26600,100,500,"bu","11:05:12",1243000
26600,100,200,"sd","11:05:30",1243200
26600,100,500,"bu","11:05:45",1243700
26600,100,100,"bu","11:05:47",1243800
26600,100,5000,"bu","11:05:53",1248800
26550,50,500,"sd","11:05:54",1249300
26550,50,1400,"bu","11:06:10",1250700
26600,100,200,"bu","11:06:14",1250900
26600,100,100,"bu","11:06:42",1251000
26600,100,200,"bu","11:06:57",1251200
26600,100,1200,"sd","11:07:35",1252400
26550,50,100,"bu","11:07:37",1252500
26550,50,400,"bu","11:07:45",1252900
26550,50,1000,"bu","11:08:12",1253900
26550,50,100,"sd","11:08:13",1254000
26600,100,200,"sd","11:08:25",1254200
26600,100,2000,"sd","11:08:50",1256200
26550,50,200,"bu","11:08:52",1256400
26550,50,16500,"bu","11:08:53",1272900
26550,50,100,"sd","11:08:54",1273000
26600,100,200,"sd","11:09:08",1273200
26600,100,3200,"bu","11:09:59",1276400
26550,50,300,"bu","11:10:00",1276700
26600,100,200,"bu","11:10:07",1276900
26600,100,100,"sd","11:10:36",1277000
26600,100,300,"sd","11:11:19",1277300
26600,100,100,"bu","11:11:32",1277400
26600,100,200,"sd","11:12:03",1277600
26600,100,100,"sd","11:12:32",1277700
26550,50,3600,"bu","11:12:39",1281300
26600,100,200,"bu","11:12:48",1281500
26600,100,300,"bu","11:13:31",1281800
26600,100,200,"sd","11:13:36",1282000
26600,100,2000,"bu","11:13:40",1284000
26550,50,200,"bu","11:13:41",1284200
26550,50,100,"sd","11:14:13",1284300
26600,100,200,"bu","11:14:15",1284500
26550,50,1800,"bu","11:15:22",1286300
26600,100,200,"bu","11:15:41",1286500
26600,100,500,"sd","11:15:55",1287000
26600,100,600,"sd","11:16:24",1287600
26600,100,1300,"bu","11:17:09",1288900
26600,100,1600,"bu","11:17:41",1290500
26550,50,100,"bu","11:17:42",1290600
26600,100,12500,"sd","11:17:48",1303100
26550,50,1200,"bu","11:17:49",1304300
26550,50,100,"bu","11:17:51",1304400
26600,100,200,"bu","11:17:53",1304600
26600,100,2700,"bu","11:18:18",1307300
26550,50,200,"sd","11:18:20",1307500
26600,100,1400,"sd","11:18:25",1308900
26600,100,300,"bu","11:18:37",1309200
26550,50,1400,"bu","11:18:42",1310600
26600,100,200,"sd","11:18:49",1310800
26550,50,11000,"sd","11:18:52",1321800
26550,50,100,"sd","11:18:53",1321900
26550,50,1300,"bu","11:19:00",1323200
26550,50,100,"bu","11:19:02",1323300
26600,100,500,"sd","11:19:07",1323800
26600,100,1200,"bu","11:19:20",1325000
26550,50,100,"sd","11:19:21",1325100
26550,50,2200,"bu","11:19:41",1327300
26600,100,100,"sd","11:20:04",1327400
26550,50,1300,"bu","11:20:11",1328700
26550,50,100,"sd","11:20:12",1328800
26550,50,2300,"bu","11:20:17",1331100
26550,50,8400,"sd","11:21:05",1339500
26550,50,100,"bu","11:21:06",1339600
26550,50,1300,"bu","11:21:13",1340900
26550,50,100,"sd","11:21:15",1341000
26550,50,500,"sd","11:21:20",1341500
26600,100,200,"sd","11:21:31",1341700
26600,100,600,"sd","11:22:03",1342300
26600,100,200,"sd","11:22:15",1342500
26600,100,100,"bu","11:22:59",1342600
26600,100,200,"bu","11:23:42",1342800
26600,100,2000,"bu","11:23:57",1344800
26550,50,200,"bu","11:23:58",1345000
26600,100,900,"sd","11:25:29",1345900
26600,100,100,"bu","11:25:53",1346000
26550,50,2200,"bu","11:26:23",1348200
26550,50,25200,"sd","11:27:13",1373400
26550,50,2700,"bu","11:27:15",1376100
26600,100,2300,"sd","11:27:24",1378400
26550,50,300,"bu","11:27:26",1378700
26550,50,3000,"sd","11:27:46",1381700
26550,50,800,"sd","11:28:51",1382500
26550,50,1900,"bu","11:28:54",1384400
26550,50,100,"sd","11:28:55",1384500
26600,100,1000,"bu","11:29:01",1385500
26550,50,100,"sd","11:29:03",1385600
26550,50,200,"sd","11:29:12",1385800
26550,50,100,"bu","11:29:26",1385900
26550,50,400,"sd","11:29:42",1386300
26550,50,3000,"bu","13:00:16",1389300
26550,50,5000,"bu","13:00:19",1394300
26550,50,1000,"sd","13:00:22",1395300
26550,50,300,"bu","13:00:25",1395600
26550,50,3500,"sd","13:00:30",1399100
26550,50,2400,"sd","13:00:32",1401500
26550,50,1300,"bu","13:00:35",1402800
26550,50,100,"bu","13:00:39",1402900
26550,50,1600,"sd","13:00:40",1404500
26550,50,400,"bu","13:00:42",1404900
26550,50,2200,"bu","13:00:45",1407100
26550,50,700,"bu","13:00:46",1407800
26550,50,1300,"sd","13:00:53",1409100
26550,50,9200,"sd","13:00:54",1418300
26550,50,1000,"bu","13:00:55",1419300
26550,50,400,"bu","13:00:56",1419700
26550,50,1000,"bu","13:00:59",1420700
26550,50,100,"sd","13:01:00",1420800
26550,50,1300,"bu","13:01:07",1422100
26550,50,3600,"sd","13:01:08",1425700
26550,50,300,"sd","13:01:09",1426000
26600,100,200,"sd","13:01:14",1426200
26550,50,300,"sd","13:01:18",1426500
26550,50,6900,"sd","13:01:28",1433400
26600,100,200,"sd","13:01:29",1433600
26550,50,3100,"bu","13:01:55",1436700
26550,50,300,"bu","13:01:56",1437000
26600,100,600,"bu","13:02:07",1437600
26600,100,100,"sd","13:02:20",1437700
26600,100,800,"sd","13:02:29",1438500
26600,100,1600,"sd","13:02:31",1440100
26550,50,100,"bu","13:02:32",1440200
26550,50,34700,"sd","13:02:42",1474900
26500,0,3700,"sd","13:02:44",1478600
26500,0,17900,"sd","13:02:51",1496500
26500,0,100,"sd","13:02:53",1496600
26550,50,200,"sd","13:02:54",1496800
26550,50,3000,"bu","13:02:59",1499800
26500,0,300,"bu","13:03:01",1500100
26550,50,1600,"sd","13:03:09",1501700
26600,100,200,"bu","13:03:14",1501900
26600,100,300,"sd","13:04:54",1502200
26550,50,20000,"sd","13:04:55",1522200
26550,50,2200,"bu","13:04:57",1524400
26600,100,700,"sd","13:05:01",1525100
26550,50,700,"bu","13:05:40",1525800
26600,100,100,"bu","13:05:52",1525900
26550,50,500,"bu","13:06:30",1526400
26600,100,400,"bu","13:06:42",1526800
26600,100,200,"bu","13:06:46",1527000
26550,50,15600,"sd","13:08:48",1542600
26550,50,1600,"sd","13:08:50",1544200
26550,50,2300,"bu","13:09:12",1546500
26600,100,100,"bu","13:09:25",1546600
26600,100,200,"bu","13:10:18",1546800
26550,50,15000,"sd","13:10:34",1561800
26550,50,1600,"sd","13:10:35",1563400
26550,50,20100,"bu","13:10:55",1583500
26550,50,2000,"bu","13:10:56",1585500
26550,50,200,"bu","13:10:58",1585700
26550,50,3300,"sd","13:11:04",1589000
26600,100,200,"bu","13:11:10",1589200
26550,50,4300,"bu","13:12:21",1593500
26600,100,100,"sd","13:12:57",1593600
26600,100,200,"sd","13:13:50",1593800
26550,50,900,"sd","13:15:54",1594700
26550,50,1100,"bu","13:16:20",1595800
26550,50,400,"bu","13:16:30",1596200
26550,50,2200,"bu","13:16:32",1598400
26600,100,1000,"bu","13:16:47",1599400
26550,50,100,"sd","13:16:49",1599500
26550,50,21000,"bu","13:16:57",1620500
26550,50,2300,"bu","13:16:59",1622800
26550,50,15000,"sd","13:17:06",1637800
26550,50,100,"sd","13:17:07",1637900
26550,50,5000,"sd","13:17:14",1642900
26550,50,500,"bu","13:17:16",1643400
26600,100,200,"sd","13:17:22",1643600
26550,50,100,"bu","13:17:34",1643700
26500,0,2400,"sd","13:17:52",1646100
26550,50,4300,"sd","13:18:06",1650400
26550,50,400,"sd","13:18:08",1650800
26600,100,200,"sd","13:18:15",1651000
26550,50,11500,"sd","13:18:48",1662500
26550,50,600,"sd","13:18:50",1663100
26550,50,1100,"sd","13:18:58",1664200
26550,50,200,"sd","13:19:02",1664400
26550,50,1000,"sd","13:19:07",1665400
26550,50,300,"sd","13:19:08",1665700
26550,50,500,"bu","13:19:22",1666200
26600,100,100,"bu","13:19:44",1666300
26550,50,1500,"sd","13:19:53",1667800
26550,50,100,"bu","13:19:55",1667900
26550,50,1200,"bu","13:20:32",1669100
26550,50,100,"bu","13:20:34",1669200
26550,50,1000,"bu","13:20:50",1670200
26550,50,100,"bu","13:20:52",1670300
26600,100,200,"sd","13:20:55",1670500
26600,100,600,"bu","13:21:00",1671100
26550,50,500,"bu","13:21:35",1671600
26600,100,200,"bu","13:21:41",1671800
26550,50,11400,"bu","13:23:02",1683200
26550,50,100,"bu","13:23:03",1683300
26600,100,200,"sd","13:23:34",1683500
26600,100,100,"bu","13:24:27",1683600
26600,100,1000,"sd","13:24:44",1684600
26550,50,100,"bu","13:24:46",1684700
26600,100,200,"sd","13:25:19",1684900
26550,50,600,"bu","13:25:21",1685500
26550,50,14000,"sd","13:25:45",1699500
26550,50,1500,"sd","13:25:47",1701000
26550,50,1400,"sd","13:26:03",1702400
26550,50,100,"sd","13:26:05",1702500
26600,100,200,"bu","13:26:12",1702700
26550,50,5000,"bu","13:26:18",1707700
26550,50,800,"sd","13:26:20",1708500
26550,50,1000,"bu","13:26:34",1709500
26550,50,100,"bu","13:26:36",1709600
26550,50,400,"bu","13:26:45",1710000
26600,100,200,"bu","13:27:06",1710200
26550,50,9700,"sd","13:27:09",1719900
26550,50,1100,"sd","13:27:11",1721000
26550,50,1600,"sd","13:27:32",1722600
26550,50,10000,"sd","13:27:33",1732600
26550,50,1000,"bu","13:27:36",1733600
26550,50,100,"sd","13:27:38",1733700
26550,50,1000,"sd","13:27:47",1734700
26550,50,100,"sd","13:27:48",1734800
26550,50,600,"bu","13:28:12",1735400
26550,50,3000,"bu","13:28:23",1738400
26550,50,300,"bu","13:28:28",1738700
26600,100,200,"bu","13:28:51",1738900
26550,50,1000,"bu","13:28:59",1739900
26550,50,100,"bu","13:29:01",1740000
26550,50,500,"sd","13:29:08",1740500
26550,50,5500,"sd","13:29:19",1746000
26550,50,6600,"sd","13:29:35",1752600
26600,100,200,"bu","13:29:45",1752800
26550,50,8100,"bu","13:30:02",1760900
26550,50,5500,"sd","13:30:16",1766400
26600,100,700,"sd","13:30:37",1767100
26550,50,3100,"bu","13:30:49",1770200
26550,50,1000,"bu","13:31:21",1771200
26550,50,1100,"bu","13:31:29",1772300
26550,50,200,"sd","13:31:31",1772500
26550,50,5000,"sd","13:32:16",1777500
26550,50,500,"bu","13:32:18",1778000
26600,100,200,"sd","13:32:24",1778200
26550,50,500,"sd","13:32:42",1778700
26550,50,300,"sd","13:33:01",1779000
26550,50,1500,"sd","13:33:11",1780500
26550,50,100,"bu","13:33:13",1780600
26600,100,200,"bu","13:33:17",1780800
26550,50,100,"bu","13:33:21",1780900
26550,50,1100,"sd","13:34:08",1782000
26600,100,300,"bu","13:34:09",1782300
26550,50,600,"sd","13:34:11",1782900
26600,100,100,"bu","13:35:02",1783000
26600,100,300,"bu","13:35:55",1783300
26600,100,500,"sd","13:36:20",1783800
26550,50,12000,"sd","13:36:31",1795800
26550,50,200,"sd","13:36:32",1796000
26550,50,9000,"sd","13:36:38",1805000
26550,50,900,"bu","13:36:39",1805900
26600,100,200,"bu","13:36:49",1806100
26600,100,500,"bu","13:37:02",1806600
26550,50,1700,"bu","13:37:48",1808300
26550,50,100,"bu","13:37:50",1808400
26550,50,17400,"bu","13:37:55",1825800
26550,50,1800,"sd","13:37:57",1827600
26550,50,34200,"bu","13:38:36",1861800
26550,50,300,"sd","13:38:38",1862100
26600,100,200,"sd","13:39:28",1862300
26550,50,6000,"bu","13:39:32",1868300
26550,50,600,"bu","13:39:34",1868900
26550,50,21100,"bu","13:40:00",1890000
26500,0,2300,"bu","13:40:01",1892300
26550,50,1000,"bu","13:40:03",1893300
26500,0,100,"sd","13:40:05",1893400
26550,50,200,"sd","13:40:21",1893600
26500,0,100,"sd","13:40:26",1893700
26500,0,2300,"bu","13:41:02",1896000
26550,50,300,"bu","13:41:29",1896300
26550,50,300,"sd","13:41:42",1896600
26550,50,1600,"bu","13:41:44",1898200
26500,0,100,"sd","13:41:46",1898300
26550,50,500,"sd","13:41:56",1898800
26550,50,1200,"sd","13:42:06",1900000
26500,0,1500,"sd","13:42:12",1901500
26500,0,100,"bu","13:42:14",1901600
26550,50,1000,"sd","13:42:16",1902600
26500,0,100,"sd","13:42:18",1902700
26500,0,400,"sd","13:42:23",1903100
26500,0,1100,"sd","13:42:33",1904200
26550,50,300,"sd","13:42:42",1904500
26500,0,1100,"bu","13:42:51",1905600
26550,50,200,"sd","13:43:01",1905800
26500,0,15700,"sd","13:44:00",1921500
26500,0,1100,"bu","13:44:02",1922600
26550,50,200,"bu","13:44:14",1922800
26550,50,500,"bu","13:44:22",1923300
26500,0,1900,"bu","13:44:26",1925200
26550,50,3000,"sd","13:44:46",1928200
26550,50,1000,"sd","13:45:29",1929200
26500,0,5600,"sd","13:45:31",1934800
26550,50,100,"bu","13:45:41",1934900
26500,0,6400,"bu","13:45:55",1941300
26500,0,4100,"bu","13:45:59",1945400
26500,0,3000,"sd","13:46:33",1948400
26500,0,300,"bu","13:46:35",1948700
26500,0,1100,"sd","13:46:42",1949800
26550,50,500,"bu","13:46:45",1950300
26500,0,1100,"sd","13:47:03",1951400
26500,0,500,"bu","13:47:09",1951900
26550,50,2000,"sd","13:47:24",1953900
26500,0,400,"bu","13:47:26",1954300
26550,50,100,"sd","13:47:38",1954400
26550,50,1000,"sd","13:47:42",1955400
26500,0,100,"bu","13:47:43",1955500
26550,50,1100,"bu","13:47:56",1956600
26600,100,200,"bu","13:48:18",1956800
26600,100,100,"bu","13:49:13",1956900
26550,50,6600,"bu","13:49:57",1963500
26600,100,100,"bu","13:50:01",1963600
26600,100,200,"sd","13:50:05",1963800
26550,50,3300,"bu","13:50:15",1967100
26550,50,3000,"bu","13:50:25",1970100
26600,100,800,"sd","13:51:12",1970900
26550,50,10100,"sd","13:51:40",1981000
26600,100,200,"bu","13:51:51",1981200
26550,50,300,"bu","13:52:00",1981500
26550,50,4600,"bu","13:52:15",1986100
26550,50,600,"sd","13:52:18",1986700
26550,50,200,"sd","13:52:27",1986900
26600,100,100,"bu","13:52:44",1987000
26550,50,500,"sd","13:52:54",1987500
26550,50,1600,"bu","13:53:23",1989100
26550,50,2800,"sd","13:53:26",1991900
26600,100,2600,"sd","13:53:33",1994500
26550,50,200,"bu","13:53:36",1994700
26600,100,1500,"bu","13:53:45",1996200
26550,50,100,"sd","13:53:47",1996300
26550,50,3600,"sd","13:54:17",1999900
26550,50,1900,"sd","13:54:42",2001800
26600,100,200,"bu","13:55:22",2002000
26600,100,1300,"sd","13:55:26",2003300
26550,50,100,"sd","13:55:28",2003400
26600,100,4100,"bu","13:56:12",2007500
26550,50,100,"bu","13:56:13",2007600
26550,50,1100,"sd","13:56:24",2008700
26550,50,100,"sd","13:56:26",2008800
26550,50,200,"sd","13:56:28",2009000
26600,100,200,"sd","13:57:09",2009200
26550,50,22200,"sd","13:58:06",2031400
26550,50,200,"bu","13:58:07",2031600
26550,50,2800,"bu","13:58:16",2034400
26550,50,200,"sd","13:58:18",2034600
26550,50,28000,"bu","13:58:28",2062600
26550,50,200,"bu","13:58:30",2062800
26550,50,4100,"sd","13:58:42",2066900
26600,100,200,"bu","13:58:55",2067100
26600,100,500,"bu","13:59:12",2067600
26600,100,700,"bu","13:59:22",2068300
26600,100,100,"bu","13:59:47",2068400
26550,50,5500,"bu","14:00:12",2073900
26550,50,3000,"bu","14:00:14",2076900
26550,50,5500,"bu","14:00:19",2082400
26600,100,2000,"bu","14:00:32",2084400
26550,50,200,"bu","14:00:35",2084600
26550,50,26400,"sd","14:00:37",2111000
26550,50,200,"sd","14:00:39",2111200
26600,100,1500,"bu","14:00:41",2112700
26550,50,100,"bu","14:00:44",2112800
26550,50,66500,"bu","14:01:16",2179300
26500,0,7200,"sd","14:01:18",2186500
26550,50,7500,"sd","14:01:26",2194000
26500,0,500,"bu","14:01:28",2194500
26550,50,200,"bu","14:01:33",2194700
26500,0,100,"bu","14:01:46",2194800
26550,50,1000,"bu","14:01:48",2195800
26500,0,100,"sd","14:01:50",2195900
26550,50,1500,"bu","14:01:57",2197400
26500,0,100,"bu","14:01:59",2197500
26500,0,3000,"sd","14:02:01",2200500
26550,50,1000,"bu","14:02:10",2201500
26500,0,100,"bu","14:02:13",2201600
26550,50,1000,"sd","14:02:24",2202600
26550,50,300,"sd","14:02:26",2202900
26550,50,100,"sd","14:02:33",2203000
26550,50,1000,"sd","14:02:36",2204000
26500,0,100,"bu","14:02:38",2204100
26550,50,6300,"sd","14:03:23",2210400
26500,0,100,"sd","14:03:25",2210500
26550,50,500,"bu","14:03:34",2211000
26550,50,1000,"sd","14:03:36",2212000
26500,0,100,"bu","14:03:38",2212100
26550,50,1000,"bu","14:03:47",2213100
26500,0,1200,"sd","14:03:49",2214300
26550,50,1000,"bu","14:03:58",2215300
26500,0,100,"sd","14:04:00",2215400
26550,50,1300,"sd","14:04:07",2216700
26500,0,100,"bu","14:04:09",2216800
26550,50,1800,"bu","14:04:19",2218600
26500,0,1100,"sd","14:04:28",2219700
26550,50,500,"sd","14:04:32",2220200
26550,50,10000,"bu","14:04:45",2230200
26500,0,1100,"bu","14:04:47",2231300
26500,0,5500,"sd","14:04:51",2236800
26500,0,3600,"sd","14:05:02",2240400
26550,50,2300,"sd","14:05:12",2242700
26550,50,400,"sd","14:05:14",2243100
26550,50,100,"sd","14:05:24",2243200
26500,0,7300,"sd","14:05:29",2250500
26550,50,1700,"bu","14:05:34",2252200
26600,100,1500,"bu","14:06:00",2253700
26550,50,100,"sd","14:06:02",2253800
26600,100,200,"bu","14:06:52",2254000
26550,50,1100,"bu","14:07:15",2255100
26550,50,28000,"sd","14:07:22",2283100
26550,50,200,"sd","14:07:24",2283300
26550,50,1000,"bu","14:07:44",2284300
26550,50,200,"bu","14:07:46",2284500
26550,50,500,"sd","14:07:52",2285000
26550,50,1100,"bu","14:08:03",2286100
26550,50,5100,"sd","14:08:29",2291200
26550,50,500,"bu","14:08:31",2291700
26600,100,200,"bu","14:08:38",2291900
26600,100,3600,"bu","14:08:40",2295500
26550,50,300,"sd","14:08:44",2295800
26600,100,2600,"sd","14:09:01",2298400
26550,50,200,"sd","14:09:03",2298600
26600,100,1600,"sd","14:09:32",2300200
26600,100,500,"bu","14:09:52",2300700
26600,100,200,"bu","14:10:23",2300900
26600,100,5000,"bu","14:10:49",2305900
26550,50,500,"bu","14:10:52",2306400
26550,50,400,"bu","14:11:13",2306800
26600,100,2200,"bu","14:12:10",2309000
26550,50,5500,"sd","14:12:29",2314500
26600,100,200,"sd","14:13:04",2314700
26550,50,1500,"sd","14:13:11",2316200
26550,50,3100,"bu","14:13:27",2319300
26550,50,200,"bu","14:13:30",2319500
26600,100,1000,"sd","14:13:52",2320500
26550,50,5600,"sd","14:13:54",2326100
26600,100,200,"bu","14:13:56",2326300
26600,100,100,"bu","14:14:50",2326400
26550,50,5500,"sd","14:15:08",2331900
26550,50,1100,"bu","14:15:15",2333000
26550,50,5500,"bu","14:15:18",2338500
26600,100,200,"bu","14:15:44",2338700
26550,50,1400,"bu","14:15:51",2340100
26600,100,200,"sd","14:16:37",2340300
26550,50,7400,"sd","14:17:00",2347700
26550,50,100,"bu","14:17:05",2347800
26600,100,1300,"bu","14:17:19",2349100
26550,50,100,"sd","14:17:21",2349200
26600,100,200,"bu","14:17:30",2349400
26550,50,300,"bu","14:17:44",2349700
26600,100,100,"sd","14:18:22",2349800
26550,50,300,"sd","14:18:56",2350100
26550,50,1400,"sd","14:19:02",2351500
26600,100,200,"bu","14:19:15",2351700
26550,50,1000,"bu","14:19:20",2352700
26550,50,100,"bu","14:19:22",2352800
26550,50,200,"bu","14:19:27",2353000
26550,50,500,"sd","14:19:43",2353500
26550,50,1400,"bu","14:19:58",2354900
26550,50,5100,"sd","14:20:10",2360000
26600,100,5800,"sd","14:20:12",2365800
26550,50,300,"bu","14:20:14",2366100
26600,100,600,"bu","14:20:17",2366700
26600,100,2600,"sd","14:20:19",2369300
26600,100,3900,"sd","14:20:22",2373200
26550,50,8000,"bu","14:20:24",2381200
26600,100,1000,"bu","14:20:27",2382200
26600,100,5600,"sd","14:20:29",2387800
26600,100,800,"sd","14:20:31",2388600
26550,50,2200,"sd","14:20:34",2390800
26600,100,6500,"bu","14:20:36",2397300
26600,100,900,"sd","14:20:39",2398200
26600,100,111400,"bu","14:20:41",2509600
26550,50,11300,"sd","14:20:43",2520900
26550,50,13500,"bu","14:20:46",2534400
26600,100,3400,"sd","14:20:48",2537800
26600,100,4800,"bu","14:20:51",2542600
26550,50,300,"sd","14:20:54",2542900
26650,150,1300,"bu","14:20:56",2544200
26600,100,100,"sd","14:20:58",2544300
26650,150,200,"sd","14:21:03",2544500
26600,100,45000,"bu","14:21:08",2589500
26600,100,500,"sd","14:21:10",2590000
26650,150,1000,"bu","14:21:44",2591000
26650,150,300,"bu","14:21:47",2591300
26650,150,100,"sd","14:21:54",2591400
26600,100,30000,"bu","14:22:02",2621400
26550,50,3300,"bu","14:22:04",2624700
26600,100,1300,"sd","14:22:16",2626000
26600,100,300,"sd","14:22:26",2626300
26600,100,5100,"sd","14:22:42",2631400
26650,150,300,"bu","14:22:47",2631700
26600,100,1400,"sd","14:22:57",2633100
26600,100,1000,"bu","14:23:36",2634100
26600,100,900,"bu","14:23:39",2635000
26650,150,3800,"bu","14:23:42",2638800
26600,100,300,"bu","14:23:45",2639100
26550,50,90400,"bu","14:23:52",2729500
26500,0,94500,"bu","14:23:55",2824000
26500,0,100,"sd","14:23:57",2824100
26550,50,3000,"bu","14:24:05",2827100
26500,0,300,"bu","14:24:08",2827400
26550,50,100,"bu","14:24:11",2827500
26500,0,2700,"sd","14:24:13",2830200
26550,50,1900,"bu","14:24:18",2832100
26550,50,4100,"sd","14:24:20",2836200
26500,0,1400,"sd","14:24:23",2837600
26550,50,5200,"bu","14:24:35",2842800
26500,0,800,"bu","14:24:37",2843600
26500,0,200,"bu","14:24:39",2843800
26550,50,400,"bu","14:24:46",2844200
26550,50,500,"bu","14:24:53",2844700
26500,0,11500,"bu","14:24:55",2856200
26550,50,5100,"bu","14:24:57",2861300
26500,0,500,"sd","14:24:59",2861800
26550,50,9000,"bu","14:25:01",2870800
26500,0,900,"bu","14:25:04",2871700
26500,0,8800,"bu","14:25:06",2880500
26550,50,12600,"bu","14:25:13",2893100
26500,0,6600,"bu","14:25:15",2899700
26500,0,17900,"bu","14:25:18",2917600
26500,0,1700,"bu","14:25:20",2919300
26550,50,16600,"bu","14:25:24",2935900
26550,50,22200,"bu","14:25:30",2958100
26500,0,100,"bu","14:25:33",2958200
26550,50,9400,"sd","14:25:35",2967600
26550,50,4600,"sd","14:25:38",2972200
26550,50,100,"bu","14:25:46",2972300
26550,50,200,"sd","14:25:50",2972500
26600,100,500,"sd","14:26:03",2973000
26600,100,200,"sd","14:26:10",2973200
26650,150,900,"sd","14:26:42",2974100
26600,100,3300,"bu","14:26:53",2977400
26650,150,100,"sd","14:27:12",2977500
26600,100,3300,"sd","14:27:26",2980800
26600,100,3800,"bu","14:27:28",2984600
26600,100,300,"sd","14:27:31",2984900
26600,100,800,"bu","14:27:59",2985700
26650,150,200,"sd","14:28:07",2985900
26600,100,1600,"sd","14:28:14",2987500
26600,100,2200,"sd","14:28:19",2989700
26650,150,10000,"sd","14:28:21",2999700
26600,100,1100,"sd","14:28:24",3000800
26600,100,11000,"bu","14:28:33",3011800
26600,100,1200,"bu","14:28:35",3013000
26650,150,500,"sd","14:28:49",3013500
26650,150,5900,"bu","14:28:57",3019400
26600,100,500,"bu","14:29:00",3019900
26600,100,4400,"bu","14:29:20",3024300
26600,100,8400,"sd","14:29:29",3032700
26600,100,1500,"sd","14:29:31",3034200
26600,100,300,"bu","14:29:45",3034500
26650,150,5800,"sd","14:30:04",3040300
26600,100,4800,"sd","14:30:07",3045100
26650,150,160600,"bu","14:45:08",3205700
