"price","change","match_qtty","side","time","total_vol"
15350,0,700,"sd","09:15:05",700
15350,0,10000,"bu","09:15:21",10700
15350,0,1000,"bu","09:16:50",11700
15350,0,100,"bu","09:16:57",11800
15350,0,300,"sd","09:17:31",12100
15400,50,600,"sd","09:18:00",12700
15400,50,100,"sd","09:18:19",12800
15400,50,500,"sd","09:18:41",13300
15400,50,3000,"sd","09:19:50",16300
15350,0,500,"bu","09:20:30",16800
15400,50,100,"sd","09:20:43",16900
15400,50,1000,"sd","09:21:19",17900
15400,50,500,"bu","09:21:22",18400
15400,50,6300,"bu","09:21:31",26400
15400,50,1500,"sd","09:21:37",27900
15400,50,1000,"bu","09:21:40",28900
15400,50,8000,"bu","09:22:33",36900
15400,50,1500,"sd","09:22:52",38400
15400,50,4500,"bu","09:22:59",42900
15400,50,1000,"sd","09:23:12",43900
15400,50,800,"bu","09:23:50",44700
15400,50,300,"bu","09:24:55",45000
15400,50,100,"bu","09:25:13",45100
15400,50,800,"bu","09:25:51",45900
15400,50,200,"bu","09:26:56",46100
15400,50,100,"bu","09:27:43",46200
15400,50,1000,"bu","09:28:27",47200
15400,50,100,"sd","09:28:57",47300
15400,50,5300,"sd","09:31:16",52600
15350,0,2900,"sd","09:31:45",55500
15400,50,300,"bu","09:32:10",55800
15350,0,200,"sd","09:32:20",56000
15400,50,100,"sd","09:33:43",56100
15400,50,200,"sd","09:33:52",56300
15350,0,1800,"sd","09:34:05",58100
15350,0,100,"bu","09:34:28",58200
15350,0,15000,"sd","09:37:55",73200
15350,0,5000,"bu","09:38:17",78200
15350,0,200,"sd","09:39:13",78400
15350,0,6200,"sd","09:39:28",84600
15400,50,3700,"sd","09:39:38",88300
15400,50,900,"sd","09:39:57",89200
15400,50,100,"bu","09:40:03",89300
15400,50,1100,"sd","09:44:15",90400
15400,50,100,"sd","09:44:27",90500
15400,50,14100,"sd","09:45:42",104600
15400,50,5000,"bu","09:46:18",109600
15400,50,33200,"bu","09:48:02",142800
15400,50,3300,"sd","09:48:28",146100
15400,50,300,"bu","09:48:57",146400
15400,50,6300,"bu","09:50:39",152700
15400,50,3900,"sd","09:50:50",156600
15400,50,1000,"bu","09:50:58",157600
15400,50,1100,"sd","09:51:24",158700
15400,50,200,"bu","09:51:28",158900
15450,100,28800,"sd","09:51:47",187700
15450,100,2900,"bu","09:51:57",190600
15450,100,200,"sd","09:52:28",190800
15450,100,100,"sd","09:53:31",190900
15500,150,10100,"bu","09:56:28",201000
15500,150,100,"sd","09:56:28",201100
15450,100,300,"sd","09:56:43",201400
15450,100,1000,"bu","09:56:58",202400
15500,150,30000,"bu","09:57:09",232400
15500,150,117900,"bu","09:57:31",350300
15500,150,11700,"sd","09:57:57",362000
15500,150,1100,"sd","09:58:27",363100
15500,150,100,"sd","09:58:47",363200
15550,200,500000,"sd","09:58:50",863200
15550,200,4000,"bu","09:58:56",867200
15550,200,20000,"sd","09:59:12",887200
15550,200,13000,"sd","09:59:16",900200
15550,200,5000,"bu","09:59:17",905200
15550,200,3000,"sd","09:59:19",908200
15550,200,10000,"bu","09:59:24",918200
15550,200,2500,"bu","09:59:25",920700
15550,200,20000,"sd","09:59:34",940700
15550,200,7700,"sd","09:59:35",948400
15600,250,8800,"bu","09:59:56",957200
15600,250,14800,"bu","09:59:59",972000
15600,250,3000,"bu","10:00:09",975000
15550,200,2000,"bu","10:00:17",977000
15600,250,12900,"bu","10:00:28",989900
15600,250,100,"bu","10:00:36",990000
15600,250,3000,"sd","10:00:39",993000
15600,250,8000,"sd","10:00:45",1001000
15600,250,3000,"bu","10:00:52",1004000
15600,250,3000,"bu","10:01:01",1007000
15600,250,13000,"sd","10:01:05",1020000
15600,250,3000,"bu","10:01:08",1023000
15600,250,10000,"bu","10:01:12",1033000
15600,250,200,"sd","10:01:15",1033200
15600,250,2000,"bu","10:01:16",1035200
15600,250,600,"bu","10:01:22",1035800
15600,250,1900,"sd","10:01:28",1037700
15600,250,1200,"sd","10:01:30",1038900
15600,250,200,"sd","10:01:58",1039100
15550,200,300,"bu","10:02:22",1039400
15600,250,15000,"sd","10:03:05",1054400
15600,250,100,"sd","10:03:24",1054500
15600,250,1500,"bu","10:03:28",1056000
15600,250,100,"sd","10:03:55",1056100
15650,300,1600,"sd","10:04:42",1057700
15650,300,800,"sd","10:04:54",1058500
15650,300,26700,"bu","10:05:11",1085200
15650,300,2200,"bu","10:05:28",1087400
15650,300,900,"sd","10:05:43",1088300
15650,300,1000,"sd","10:06:04",1089300
15650,300,4000,"bu","10:06:39",1093300
15650,300,10400,"sd","10:06:44",1103700
15650,300,100,"bu","10:06:46",1103800
15650,300,1000,"bu","10:06:51",1104800
15650,300,400,"sd","10:06:52",1105200
15650,300,1500,"bu","10:06:58",1106700
15700,350,1000,"bu","10:07:01",1107700
15700,350,100,"bu","10:07:07",1107800
15650,300,500,"bu","10:07:10",1108300
15700,350,1700,"bu","10:07:14",1110000
15700,350,20000,"bu","10:07:15",1130000
15700,350,6000,"bu","10:07:27",1136000
15700,350,10000,"bu","10:07:30",1146000
15700,350,180000,"sd","10:07:43",1326000
15700,350,100,"bu","10:07:46",1326100
15700,350,300,"bu","10:07:50",1326400
15700,350,8000,"sd","10:07:51",1334400
15700,350,500,"sd","10:07:54",1334900
15700,350,3000,"bu","10:07:56",1337900
15700,350,6700,"bu","10:07:58",1344600
15700,350,5900,"sd","10:08:00",1350500
15700,350,1000,"bu","10:08:02",1351500
15700,350,5500,"bu","10:08:07",1357000
15700,350,4000,"sd","10:08:10",1361000
15700,350,5800,"sd","10:08:14",1366800
15700,350,5000,"bu","10:08:15",1371800
15700,350,1000,"bu","10:08:17",1372800
15750,400,20000,"sd","10:08:26",1392800
15750,400,2500,"sd","10:08:35",1395300
15750,400,800,"sd","10:08:46",1396100
15750,400,100,"sd","10:08:50",1396200
15750,400,5000,"bu","10:09:00",1401200
15750,400,500,"bu","10:09:01",1401700
15700,350,1000,"bu","10:09:20",1402700
15700,350,600,"bu","10:09:28",1403300
15750,400,500,"bu","10:09:33",1403800
15700,350,100,"bu","10:11:27",1403900
15700,350,1600,"sd","10:11:37",1405500
15700,350,100,"bu","10:11:56",1405600
15700,350,1900,"bu","10:12:10",1407500
15700,350,2000,"bu","10:12:21",1409500
15700,350,500,"sd","10:12:23",1410000
15700,350,900,"bu","10:12:27",1410900
15700,350,2000,"bu","10:12:45",1412900
15750,400,200,"bu","10:12:53",1413100
15700,350,100,"bu","10:13:36",1413200
15700,350,1000,"bu","10:13:38",1414200
15750,400,400,"sd","10:13:50",1414600
15700,350,8000,"bu","10:14:27",1422600
15700,350,800,"sd","10:14:28",1423400
15750,400,100,"bu","10:14:46",1423500
15700,350,9700,"bu","10:14:55",1433200
15700,350,1000,"bu","10:14:58",1434200
15700,350,100,"sd","10:15:12",1434300
15700,350,600,"sd","10:15:33",1434900
15700,350,2000,"sd","10:15:37",1436900
15700,350,5500,"sd","10:15:56",1442400
15700,350,800,"sd","10:15:58",1443200
15700,350,10000,"sd","10:16:02",1453200
15700,350,2000,"sd","10:16:03",1455200
15700,350,100,"bu","10:16:10",1455300
15700,350,200,"sd","10:16:22",1455500
15700,350,1300,"bu","10:16:28",1456800
15700,350,200,"sd","10:16:33",1457000
15700,350,2000,"bu","10:16:46",1459000
15700,350,9400,"bu","10:16:50",1468400
15700,350,300,"bu","10:16:51",1468700
15700,350,1300,"sd","10:16:58",1470000
15700,350,5000,"bu","10:17:11",1475000
15700,350,7000,"bu","10:17:23",1482000
15700,350,10000,"sd","10:17:23",1492000
15750,400,14000,"bu","10:17:25",1506000
15700,350,10000,"sd","10:17:26",1516000
15700,350,4700,"bu","10:17:27",1520700
15700,350,200,"sd","10:17:28",1520900
15700,350,2000,"bu","10:17:30",1522900
15700,350,20000,"bu","10:17:39",1542900
15750,400,74600,"sd","10:17:42",1617500
15750,400,50000,"bu","10:17:44",1667500
15750,400,300,"sd","10:17:56",1667800
15750,400,5200,"sd","10:17:58",1673000
15750,400,9900,"bu","10:18:21",1682900
15750,400,300,"bu","10:18:25",1683200
15750,400,1500,"sd","10:18:28",1684700
15750,400,600,"sd","10:18:31",1685300
15750,400,500,"sd","10:18:52",1685800
15750,400,200,"sd","10:18:58",1686000
15750,400,10000,"bu","10:19:00",1696000
15800,450,2300,"bu","10:19:16",1698300
15750,400,100,"sd","10:19:28",1698400
15750,400,2500,"bu","10:19:29",1700900
15800,450,200000,"sd","10:19:36",1900900
15800,450,150000,"sd","10:19:47",2050900
15800,450,100000,"sd","10:19:52",2150900
15800,450,2000,"bu","10:19:56",2152900
15800,450,97600,"sd","10:19:58",2250500
15800,450,10000,"bu","10:20:00",2260500
15800,450,100,"sd","10:20:11",2260600
15800,450,1300,"bu","10:20:14",2261900
15850,500,5000,"sd","10:20:15",2266900
15850,500,500000,"bu","10:20:17",2766900
15850,500,30000,"bu","10:20:24",2796900
15850,500,400000,"sd","10:20:26",3196900
15850,500,250000,"sd","10:20:34",3446900
15850,500,2000,"sd","10:20:37",3448900
15850,500,200000,"bu","10:20:44",3648900
15850,500,1600,"sd","10:20:46",3650500
15850,500,30000,"bu","10:20:48",3680500
15850,500,6000,"bu","10:20:49",3686500
15850,500,113000,"sd","10:20:52",3799500
15850,500,2000,"sd","10:20:56",3801500
15800,450,100,"sd","10:20:57",3801600
15800,450,22500,"sd","10:20:58",3824100
15850,500,2500,"bu","10:20:59",3826600
15850,500,43500,"bu","10:21:01",3870100
15850,500,20000,"sd","10:21:02",3890100
15850,500,4000,"sd","10:21:05",3894100
15850,500,2000,"bu","10:21:06",3896100
15850,500,50000,"bu","10:21:07",3946100
15850,500,7800,"bu","10:21:09",3953900
15850,500,500,"bu","10:21:15",3954400
15850,500,50000,"bu","10:21:17",4004400
15850,500,23000,"bu","10:21:21",4027400
15850,500,10000,"bu","10:21:22",4037400
15850,500,6000,"sd","10:21:23",4043400
15800,450,100,"bu","10:21:26",4043500
15850,500,300,"bu","10:21:35",4043800
15850,500,200,"bu","10:21:44",4044000
15850,500,300,"sd","10:21:48",4044300
15850,500,3000,"bu","10:21:51",4047300
15800,450,500,"bu","10:21:55",4047800
15850,500,20000,"sd","10:22:04",4067800
15800,450,10000,"sd","10:22:17",4077800
15850,500,6000,"bu","10:22:20",4083800
15850,500,20000,"bu","10:22:25",4103800
15800,450,10000,"sd","10:22:27",4113800
15850,500,5000,"bu","10:22:41",4118800
15850,500,1000,"sd","10:22:48",4119800
15800,450,5000,"sd","10:23:00",4124800
15850,500,500,"bu","10:23:10",4125300
15800,450,200,"sd","10:23:15",4125500
15850,500,70000,"bu","10:23:33",4195500
15850,500,200,"bu","10:23:34",4195700
15850,500,300,"sd","10:23:59",4196000
15850,500,1000,"bu","10:24:14",4197000
15800,450,1200,"sd","10:24:23",4198200
15800,450,34900,"bu","10:24:32",4233100
15800,450,9900,"sd","10:24:42",4243000
15800,450,100,"sd","10:24:46",4243100
15750,400,15600,"bu","10:25:08",4258700
15750,400,5000,"bu","10:25:26",4263700
15750,400,2000,"bu","10:25:35",4265700
15750,400,600,"sd","10:25:49",4266300
15750,400,200,"sd","10:25:58",4266500
15750,400,1000,"bu","10:26:15",4267500
15750,400,500,"sd","10:26:27",4268000
15750,400,100,"bu","10:26:28",4268100
15750,400,1000,"sd","10:26:34",4269100
15750,400,200,"sd","10:26:35",4269300
15750,400,100,"bu","10:26:58",4269400
15750,400,1000,"sd","10:27:12",4270400
15750,400,100,"bu","10:27:29",4270500
15750,400,7500,"sd","10:27:32",4278000
15750,400,500,"sd","10:28:06",4278500
15800,450,1000,"sd","10:30:44",4279500
15800,450,20000,"sd","10:31:01",4299500
15800,450,11000,"bu","10:31:33",4310500
15800,450,30500,"bu","10:32:02",4341000
15800,450,3600,"sd","10:32:28",4344600
15800,450,1000,"sd","10:32:49",4345600
15800,450,100,"sd","10:33:08",4345700
15800,450,2100,"sd","10:34:03",4347800
15800,450,1500,"bu","10:34:16",4349300
15800,450,100,"sd","10:34:28",4349400
15800,450,5100,"bu","10:35:24",4354500
15800,450,600,"sd","10:35:32",4355100
15850,500,1600,"sd","10:36:04",4356700
15850,500,200,"bu","10:36:31",4356900
15800,450,5000,"bu","10:36:51",4361900
15800,450,500,"bu","10:38:30",4362400
15800,450,800,"bu","10:38:45",4363200
15800,450,100,"bu","10:38:53",4363300
15850,500,112800,"sd","10:39:39",4476100
15850,500,53700,"sd","10:39:40",4529800
15850,500,5200,"bu","10:40:01",4535000
15850,500,100,"sd","10:40:05",4535100
15900,550,11400,"sd","10:40:08",4546500
15850,500,100,"bu","10:41:13",4546600
15850,500,1100,"bu","10:42:11",4547700
15850,500,30000,"sd","10:42:28",4577700
15900,550,25000,"sd","10:42:36",4602700
15850,500,900,"sd","10:42:47",4603600
15900,550,23000,"bu","10:42:49",4626600
15850,500,1000,"sd","10:42:53",4627600
15900,550,15700,"bu","10:42:58",4643300
15900,550,9000,"bu","10:43:13",4652300
15900,550,1000,"sd","10:43:17",4653300
15900,550,2500,"bu","10:43:41",4655800
15900,550,200,"sd","10:43:44",4656000
15900,550,700,"bu","10:44:15",4656700
15900,550,30000,"sd","10:44:18",4686700
15900,550,2000,"bu","10:44:24",4688700
15900,550,500,"sd","10:44:28",4689200
15900,550,1000,"bu","10:44:34",4690200
15900,550,5000,"bu","10:44:40",4695200
15900,550,1000,"bu","10:44:45",4696200
15900,550,2700,"bu","10:45:01",4698900
15900,550,20500,"bu","10:45:07",4719400
15900,550,2000,"bu","10:45:15",4721400
15900,550,300,"sd","10:45:16",4721700
15900,550,15000,"bu","10:45:18",4736700
15900,550,50000,"sd","10:45:22",4786700
15900,550,100,"sd","10:45:23",4786800
15900,550,2000,"sd","10:45:57",4788800
15900,550,400,"sd","10:46:09",4789200
15900,550,42600,"sd","10:46:17",4831800
15900,550,2000,"bu","10:46:22",4833800
15900,550,7000,"bu","10:46:29",4840800
15900,550,800,"sd","10:46:57",4841600
15900,550,500,"sd","10:47:13",4842100
15900,550,52700,"bu","10:47:17",4894800
15900,550,500,"sd","10:47:43",4895300
15900,550,69600,"sd","10:47:54",4964900
15900,550,2000,"sd","10:47:58",4966900
15900,550,100,"bu","10:48:20",4967000
15900,550,30000,"bu","10:48:26",4997000
15900,550,100,"sd","10:48:30",4997100
15900,550,300,"sd","10:48:41",4997400
15900,550,6900,"bu","10:48:54",5004300
15950,600,1500,"sd","10:48:59",5005800
15900,550,2600,"bu","10:49:00",5008400
15900,550,400,"bu","10:49:09",5008800
15900,550,1000,"bu","10:49:15",5009800
15900,550,200,"sd","10:50:43",5010000
15900,550,2000,"sd","10:50:44",5012000
15900,550,200,"bu","10:50:46",5012200
15900,550,10000,"bu","10:50:48",5022200
15900,550,76600,"bu","10:51:06",5098800
15900,550,20000,"sd","10:52:08",5118800
15900,550,20000,"bu","10:52:25",5138800
15900,550,15700,"bu","10:52:55",5154500
15900,550,3400,"sd","10:52:59",5157900
15900,550,17000,"sd","10:53:01",5174900
15900,550,100,"bu","10:53:10",5175000
15900,550,7700,"sd","10:53:16",5182700
15900,550,300,"bu","10:53:21",5183000
15900,550,1000,"bu","10:53:27",5184000
15900,550,4800,"bu","10:53:34",5188800
15900,550,7700,"sd","10:53:39",5196500
15900,550,2500,"sd","10:54:01",5199000
15900,550,1300,"sd","10:54:09",5200300
15900,550,100,"sd","10:54:14",5200400
15900,550,200,"bu","10:54:21",5200600
15900,550,2000,"bu","10:54:37",5202600
15900,550,88300,"sd","10:54:43",5290900
15900,550,11900,"sd","10:54:48",5302800
15900,550,100,"bu","10:55:30",5302900
15900,550,400,"bu","10:55:43",5303300
15900,550,7800,"bu","10:55:49",5311100
15900,550,3000,"bu","10:55:59",5314100
15900,550,2000,"sd","10:56:00",5316100
15900,550,1000,"sd","10:56:05",5317100
15900,550,2800,"sd","10:56:16",5319900
15900,550,1000,"sd","10:56:18",5320900
15900,550,7800,"bu","10:56:46",5328700
15900,550,100,"sd","10:56:52",5328800
15900,550,20000,"bu","10:57:14",5348800
15900,550,46600,"sd","10:57:20",5395400
15900,550,74100,"sd","10:57:51",5469500
15900,550,100,"sd","10:57:59",5469600
15900,550,1000,"sd","10:58:25",5470600
15900,550,1200,"sd","10:58:43",5471800
15900,550,100,"sd","10:58:56",5471900
15900,550,600,"bu","10:59:18",5472500
15900,550,2000,"sd","10:59:25",5474500
15900,550,10000,"bu","10:59:28",5484500
15900,550,100,"bu","10:59:32",5484600
15900,550,7900,"sd","10:59:53",5492500
15900,550,1500,"bu","10:59:54",5494000
15900,550,300,"bu","10:59:59",5494300
15900,550,100,"sd","11:00:01",5494400
15900,550,400,"sd","11:00:02",5494800
15900,550,500,"bu","11:00:22",5495300
15900,550,5000,"bu","11:00:27",5500300
15900,550,2000,"bu","11:00:34",5502300
15900,550,11400,"bu","11:00:54",5513700
15900,550,100,"bu","11:01:02",5513800
15900,550,1000,"sd","11:01:09",5514800
15900,550,200,"sd","11:01:13",5515000
15900,550,2100,"bu","11:01:22",5517100
15900,550,5000,"bu","11:01:23",5522100
15900,550,500,"bu","11:01:29",5522600
15900,550,1000,"bu","11:01:41",5523600
15900,550,3400,"bu","11:01:54",5527000
15900,550,20000,"sd","11:01:55",5547000
15900,550,400,"sd","11:02:04",5547400
15900,550,100,"bu","11:02:16",5547500
15900,550,8000,"sd","11:02:20",5555500
15900,550,600,"sd","11:02:25",5556100
15900,550,500,"bu","11:02:46",5556600
15900,550,1500,"bu","11:02:58",5558100
15900,550,9100,"sd","11:03:15",5567200
15900,550,100000,"bu","11:03:35",5667200
15950,600,220000,"bu","11:03:46",5887200
15900,550,300,"bu","11:03:59",5887500
15900,550,500,"bu","11:04:19",5888000
15900,550,1000,"sd","11:04:45",5889000
15900,550,100,"bu","11:05:06",5889100
15900,550,300,"bu","11:05:10",5889400
15950,600,30000,"bu","11:05:18",5919400
15900,550,500,"bu","11:05:23",5919900
15900,550,2500,"sd","11:06:04",5922400
15950,600,200000,"bu","11:06:29",6122400
15950,600,2700,"bu","11:06:38",6125100
15950,600,1000,"sd","11:08:00",6126100
15900,550,300,"sd","11:08:09",6126400
15900,550,400,"sd","11:08:31",6126800
15900,550,700,"sd","11:08:54",6127500
15900,550,3400,"bu","11:09:11",6130900
15950,600,400,"bu","11:09:12",6131300
15900,550,2300,"sd","11:10:55",6133600
15900,550,4200,"bu","11:11:32",6137800
15900,550,50000,"sd","11:11:40",6187800
15900,550,200,"sd","11:11:42",6188000
15900,550,100,"bu","11:11:48",6188100
15900,550,500,"bu","11:12:04",6188600
15900,550,1900,"bu","11:12:46",6190500
15900,550,21400,"sd","11:13:20",6211900
15900,550,10000,"sd","11:13:33",6221900
15900,550,17700,"bu","11:13:42",6239600
15900,550,100,"sd","11:14:02",6239700
15850,500,2100,"sd","11:18:31",6241800
15850,500,100,"bu","11:18:38",6241900
15850,500,1000,"bu","11:19:41",6242900
15850,500,1500,"sd","11:20:19",6244400
15850,500,100,"sd","11:20:28",6244500
15850,500,300,"sd","11:20:40",6244800
15850,500,100,"sd","11:21:56",6244900
15850,500,2400,"bu","11:22:15",6247300
15850,500,900,"bu","11:22:59",6248200
15850,500,5000,"bu","11:23:22",6253200
15850,500,50000,"bu","11:24:14",6303200
15850,500,6000,"sd","11:24:41",6309200
15850,500,1000,"bu","11:24:46",6310200
15850,500,3200,"bu","11:24:55",6313400
15850,500,4800,"bu","11:25:58",6318200
15850,500,100,"bu","11:26:09",6318300
15850,500,12800,"sd","11:26:11",6331100
15850,500,7800,"bu","11:26:17",6338900
15850,500,600,"bu","11:26:26",6339500
15850,500,700,"sd","11:27:12",6340200
15850,500,9300,"bu","11:27:42",6349500
15850,500,7800,"sd","11:27:46",6357300
15850,500,10000,"bu","11:28:41",6367300
15850,500,3000,"sd","11:28:55",6370300
15850,500,100,"bu","11:29:00",6370400
15850,500,4700,"bu","11:29:06",6375100
15850,500,100,"sd","11:29:09",6375200
15850,500,500,"bu","11:29:18",6375700
15850,500,6200,"bu","11:29:33",6381900
15800,450,100,"sd","13:00:19",6382000
15800,450,3800,"sd","13:00:25",6385800
15850,500,2800,"sd","13:00:28",6388600
15850,500,61000,"bu","13:00:32",6449600
15850,500,2400,"sd","13:00:39",6452000
15800,450,3100,"bu","13:00:40",6455100
15850,500,100,"bu","13:00:56",6455200
15850,500,1100,"bu","13:01:04",6456300
15850,500,300,"bu","13:01:08",6456600
15800,450,10000,"bu","13:01:19",6466600
15800,450,200,"bu","13:01:21",6466800
15800,450,2000,"bu","13:01:28",6468800
15800,450,13000,"sd","13:01:31",6481800
15800,450,1000,"bu","13:01:47",6482800
15850,500,1700,"sd","13:01:49",6484500
15800,450,100,"bu","13:02:23",6484600
15850,500,13100,"bu","13:03:09",6497700
15800,450,700,"bu","13:03:55",6498400
15850,500,71000,"sd","13:04:20",6569400
15850,500,92200,"sd","13:04:26",6661600
15850,500,1600,"sd","13:04:29",6663200
15850,500,5000,"sd","13:04:51",6668200
15850,500,500,"sd","13:05:08",6668700
15850,500,4000,"sd","13:06:02",6672700
15900,550,20000,"bu","13:06:23",6692700
15900,550,80000,"bu","13:06:29",6772700
15900,550,63600,"bu","13:06:32",6836300
15900,550,200,"sd","13:06:41",6836500
15900,550,5000,"bu","13:06:42",6841500
15950,600,4000,"bu","13:06:49",6845500
15900,550,6500,"bu","13:07:13",6852000
15900,550,100,"bu","13:07:16",6852100
15900,550,1500,"bu","13:07:26",6853600
15900,550,100,"sd","13:07:29",6853700
15900,550,200,"sd","13:07:36",6853900
15900,550,400,"bu","13:07:41",6854300
15900,550,3100,"bu","13:07:47",6857400
15950,600,3500,"sd","13:08:04",6860900
15900,550,500,"sd","13:08:22",6861400
15900,550,100,"sd","13:08:24",6861500
15900,550,5100,"bu","13:08:40",6866600
15900,550,1600,"sd","13:09:01",6868200
15900,550,1000,"bu","13:09:09",6869200
15900,550,4900,"bu","13:09:23",6874100
15950,600,2000,"sd","13:09:48",6876100
15900,550,100,"bu","13:09:58",6876200
15900,550,1000,"sd","13:10:37",6877200
15950,600,500,"sd","13:10:39",6877700
15900,550,4000,"bu","13:10:53",6881700
15900,550,15000,"sd","13:11:01",6896700
15900,550,1000,"bu","13:11:13",6897700
15900,550,100,"sd","13:11:15",6897800
15900,550,50000,"sd","13:11:17",6947800
15900,550,1500,"sd","13:11:21",6949300
15900,550,32100,"bu","13:11:26",6981400
15900,550,200,"sd","13:11:41",6981600
15900,550,500,"sd","13:12:11",6982100
15900,550,6000,"sd","13:12:57",6988100
15900,550,10000,"sd","13:13:10",6998100
15900,550,45300,"bu","13:13:32",7043400
15900,550,300,"bu","13:13:35",7043700
15900,550,200,"sd","13:13:43",7043900
15900,550,100,"bu","13:13:52",7044000
15900,550,3000,"sd","13:13:57",7047000
15900,550,19500,"bu","13:14:05",7066500
15900,550,4900,"sd","13:14:11",7071400
15900,550,5000,"bu","13:14:13",7076400
15900,550,100,"bu","13:14:21",7076500
15900,550,1000,"sd","13:14:47",7077500
15900,550,100,"sd","13:15:18",7077600
15950,600,1500,"bu","13:15:52",7079100
15900,550,1000,"bu","13:16:08",7080100
15900,550,300,"sd","13:16:15",7080400
15900,550,1600,"sd","13:16:32",7082000
15900,550,300,"sd","13:17:26",7082300
15900,550,3000,"bu","13:18:16",7085300
15900,550,100,"bu","13:18:43",7085400
15900,550,30100,"sd","13:18:53",7115500
15900,550,100,"sd","13:19:00",7115600
15900,550,500,"sd","13:19:02",7116100
15900,550,33300,"bu","13:19:05",7149400
15900,550,500,"sd","13:19:07",7149900
15900,550,6000,"bu","13:19:17",7155900
15900,550,1000,"sd","13:19:37",7156900
15900,550,100,"bu","13:19:42",7157000
15900,550,5000,"bu","13:20:07",7162000
15900,550,100,"sd","13:20:21",7162100
15900,550,1500,"bu","13:20:43",7163600
15900,550,200,"sd","13:20:50",7163800
15900,550,20000,"sd","13:21:02",7183800
15900,550,100,"bu","13:21:19",7183900
15900,550,500,"sd","13:21:29",7184400
15900,550,37000,"bu","13:21:49",7221400
15900,550,10500,"sd","13:22:06",7231900
15900,550,100,"sd","13:22:09",7232000
15850,500,3200,"bu","13:22:34",7235200
15850,500,1800,"sd","13:22:37",7237000
15900,550,100,"bu","13:22:50",7237100
15900,550,1000,"sd","13:23:02",7238100
15900,550,51000,"bu","13:23:54",7289100
15900,550,2900,"sd","13:24:03",7292000
15900,550,900,"bu","13:24:10",7292900
15900,550,600,"bu","13:24:30",7293500
15950,600,500000,"bu","13:24:44",7793500
15950,600,3000,"bu","13:24:58",7796500
15900,550,20000,"bu","13:25:08",7816500
15950,600,20000,"bu","13:25:24",7836500
15950,600,3000,"bu","13:25:26",7839500
15900,550,1000,"bu","13:25:31",7840500
15950,600,2000,"sd","13:25:41",7842500
15950,600,38100,"sd","13:25:43",7880600
15950,600,18200,"bu","13:25:45",7898800
15950,600,1000,"sd","13:25:51",7899800
15950,600,100,"bu","13:26:01",7899900
15950,600,1000,"sd","13:26:05",7900900
15950,600,300,"bu","13:26:11",7901200
15950,600,1000,"bu","13:26:16",7902200
15950,600,100,"sd","13:26:18",7902300
15950,600,1100,"bu","13:26:32",7903400
15950,600,4000,"bu","13:26:34",7907400
15950,600,500,"sd","13:26:43",7907900
15950,600,2500,"bu","13:26:44",7910400
15950,600,300,"sd","13:26:47",7910700
16000,650,3900,"bu","13:27:11",7914600
15950,600,100,"bu","13:27:13",7914700
15950,600,1000,"bu","13:27:30",7915700
15950,600,100,"bu","13:27:50",7915800
15950,600,1000,"sd","13:27:58",7916800
16000,650,100,"bu","13:28:06",7916900
15950,600,1000,"sd","13:28:09",7917900
15950,600,4600,"sd","13:28:11",7922500
15950,600,5000,"bu","13:28:41",7927500
15950,600,15000,"sd","13:29:03",7942500
15950,600,6500,"bu","13:29:04",7949000
15950,600,5000,"bu","13:29:22",7954000
15950,600,5100,"bu","13:29:52",7959100
15950,600,10100,"bu","13:29:59",7969200
15950,600,1000,"sd","13:30:04",7970200
15950,600,300,"sd","13:30:21",7970500
15950,600,100,"sd","13:30:25",7970600
15950,600,1700,"bu","13:30:44",7972300
15950,600,20000,"sd","13:31:05",7992300
15950,600,1000,"bu","13:31:07",7993300
15950,600,21700,"sd","13:31:12",8015000
15950,600,600,"bu","13:31:23",8015600
15950,600,5000,"sd","13:31:25",8020600
15950,600,1000,"bu","13:31:27",8021600
15950,600,50000,"bu","13:31:33",8071600
15950,600,2000,"bu","13:31:38",8073600
15950,600,9300,"bu","13:31:43",8082900
15900,550,100,"bu","13:32:18",8083000
15950,600,36700,"bu","13:32:24",8119700
15950,600,5000,"bu","13:32:33",8124700
15950,600,1000,"bu","13:32:45",8125700
15950,600,300,"sd","13:32:49",8126000
15950,600,1000,"bu","13:33:10",8127000
15950,600,2000,"bu","13:33:11",8129000
15950,600,300,"bu","13:33:13",8129300
15950,600,1000,"bu","13:33:17",8130300
15950,600,1500,"sd","13:33:28",8131800
15950,600,1000,"bu","13:33:44",8132800
15950,600,300,"sd","13:33:56",8133100
16000,650,100,"bu","13:34:00",8133200
15950,600,1100,"bu","13:34:37",8134300
15950,600,500,"sd","13:34:39",8134800
15950,600,100,"bu","13:34:40",8134900
15950,600,20000,"bu","13:35:11",8154900
15950,600,5000,"bu","13:35:20",8159900
15950,600,24200,"sd","13:35:34",8184100
15950,600,1000,"bu","13:35:47",8185100
15950,600,3000,"bu","13:36:22",8188100
15950,600,1000,"bu","13:36:25",8189100
15950,600,15000,"sd","13:36:26",8204100
15950,600,900,"sd","13:36:38",8205000
15900,550,100,"bu","13:36:43",8205100
15950,600,14000,"sd","13:36:57",8219100
15950,600,10000,"bu","13:37:02",8229100
16000,650,500000,"sd","13:37:13",8729100
15950,600,500,"bu","13:37:23",8729600
16000,650,500000,"bu","13:37:25",9229600
16000,650,30000,"bu","13:37:32",9259600
16000,650,50000,"sd","13:37:35",9309600
16000,650,10000,"sd","13:37:41",9319600
16000,650,2500,"bu","13:37:59",9322100
16000,650,1000,"bu","13:38:13",9323100
16000,650,6000,"bu","13:38:15",9329100
15950,600,100,"sd","13:38:16",9329200
16000,650,1000,"bu","13:38:23",9330200
15950,600,1800,"bu","13:38:25",9332000
15950,600,300,"sd","13:38:29",9332300
16000,650,2400,"bu","13:38:31",9334700
15950,600,500,"sd","13:38:33",9335200
15950,600,600,"bu","13:38:35",9335800
15950,600,600,"bu","13:38:36",9336400
15950,600,500,"sd","13:38:40",9336900
15950,600,1400,"sd","13:38:42",9338300
15950,600,200,"bu","13:38:46",9338500
15950,600,500,"bu","13:38:48",9339000
15950,600,300,"sd","13:38:55",9339300
15950,600,500,"sd","13:38:59",9339800
15950,600,400,"bu","13:39:01",9340200
15950,600,10000,"sd","13:39:19",9350200
15950,600,200,"bu","13:39:21",9350400
15950,600,3900,"sd","13:39:25",9354300
15950,600,400,"sd","13:39:30",9354700
15950,600,500,"sd","13:39:32",9355200
15950,600,700,"sd","13:39:37",9355900
15950,600,3000,"sd","13:39:43",9358900
15950,600,300,"sd","13:39:49",9359200
15950,600,500,"bu","13:39:58",9359700
15950,600,400,"bu","13:40:23",9360100
15950,600,4000,"bu","13:40:24",9364100
15950,600,2100,"sd","13:40:53",9366200
15950,600,400,"sd","13:41:20",9366600
15950,600,500,"sd","13:41:23",9367100
15950,600,1100,"sd","13:41:25",9368200
15950,600,400,"bu","13:41:27",9368600
15950,600,8500,"bu","13:41:29",9377100
15950,600,500,"bu","13:41:46",9377600
15950,600,1000,"bu","13:41:52",9378600
16000,650,380000,"sd","13:42:18",9758600
16000,650,40000,"sd","13:42:23",9798600
16000,650,180000,"sd","13:42:26",9978600
16000,650,5000,"sd","13:42:47",9983600
16000,650,1000,"bu","13:42:55",9984600
15950,600,300,"sd","13:43:03",9984900
15950,600,100,"bu","13:43:17",9985000
15950,600,400,"bu","13:44:02",9985400
15950,600,2000,"sd","13:44:12",9987400
15950,600,100,"bu","13:44:14",9987500
15950,600,1000,"bu","13:44:38",9988500
15950,600,400,"bu","13:44:50",9988900
15950,600,500,"sd","13:44:52",9989400
15950,600,800,"bu","13:44:54",9990200
15950,600,1500,"bu","13:44:58",9991700
15950,600,1000,"bu","13:45:00",9992700
15950,600,200,"bu","13:45:02",9992900
15950,600,300,"bu","13:45:04",9993200
15950,600,600,"bu","13:45:08",9993800
15950,600,1700,"bu","13:45:10",9995500
15950,600,1700,"bu","13:45:12",9997200
15950,600,300,"sd","13:45:17",9997500
15950,600,600,"sd","13:45:19",9998100
15950,600,600,"sd","13:45:23",9998700
15950,600,500,"bu","13:45:25",9999200
15950,600,3700,"sd","13:45:29",10002900
15950,600,800,"bu","13:45:31",10003700
15950,600,900,"bu","13:45:33",10004600
15950,600,8800,"sd","13:45:52",10013400
15950,600,5400,"bu","13:45:59",10018800
15950,600,2400,"bu","13:46:01",10021200
15950,600,200,"bu","13:46:07",10021400
15950,600,600,"sd","13:46:09",10022000
16000,650,5000,"sd","13:46:20",10027000
15950,600,1800,"bu","13:46:22",10028800
16000,650,3000,"bu","13:46:24",10031800
15950,600,400,"bu","13:46:45",10032200
15900,550,4500,"sd","13:47:30",10036700
15900,550,100,"bu","13:48:00",10036800
15900,550,500,"sd","13:48:08",10037300
15900,550,400,"bu","13:48:10",10037700
15900,550,500,"bu","13:48:12",10038200
15900,550,600,"sd","13:48:14",10038800
15900,550,300,"bu","13:48:16",10039100
15900,550,500,"bu","13:48:18",10039600
15900,550,600,"sd","13:48:20",10040200
15900,550,700,"bu","13:48:22",10040900
15900,550,300,"sd","13:48:24",10041200
15900,550,400,"sd","13:48:26",10041600
15900,550,500,"bu","13:48:30",10042100
15900,550,1400,"bu","13:48:32",10043500
15900,550,2100,"sd","13:48:34",10045600
15900,550,400,"bu","13:48:36",10046000
15900,550,200,"bu","13:48:45",10046200
15900,550,1000,"bu","13:48:49",10047200
15900,550,5200,"bu","13:48:51",10052400
15900,550,1000,"sd","13:48:54",10053400
15900,550,23600,"bu","13:49:15",10077000
15900,550,500,"bu","13:49:29",10077500
15900,550,1000,"sd","13:49:40",10078500
15900,550,300,"sd","13:49:57",10078800
15900,550,400,"bu","13:50:01",10079200
15900,550,1500,"bu","13:50:03",10080700
15900,550,600,"sd","13:50:05",10081300
15900,550,8100,"sd","13:50:07",10089400
15900,550,500,"bu","13:50:09",10089900
15900,550,600,"bu","13:50:13",10090500
15900,550,100,"sd","13:50:15",10090600
15900,550,300,"bu","13:50:17",10090900
15900,550,500,"sd","13:50:19",10091400
15900,550,500,"sd","13:50:21",10091900
15900,550,600,"sd","13:50:23",10092500
15900,550,8100,"bu","13:50:25",10100600
15900,550,400,"bu","13:50:29",10101000
15900,550,500,"bu","13:50:33",10101500
15900,550,200,"bu","13:51:01",10101700
15900,550,1900,"bu","13:51:22",10103600
15900,550,200,"bu","13:51:27",10103800
15900,550,4600,"bu","13:51:56",10108400
15900,550,900,"bu","13:51:58",10109300
15900,550,2000,"sd","13:52:38",10111300
15900,550,100,"sd","13:53:33",10111400
15900,550,900,"bu","13:53:51",10112300
15900,550,400,"sd","13:54:17",10112700
15900,550,500,"bu","13:54:19",10113200
15900,550,400,"bu","13:54:20",10113600
15900,550,300,"sd","13:54:22",10113900
15900,550,400,"sd","13:54:24",10114300
15950,600,2200,"bu","13:54:26",10116500
15900,550,600,"bu","13:54:28",10117100
15900,550,700,"bu","13:54:30",10117800
15900,550,5400,"bu","13:54:32",10123200
15900,550,500,"bu","13:54:36",10123700
15900,550,600,"bu","13:54:38",10124300
15900,550,3500,"bu","13:54:40",10127800
15900,550,300,"bu","13:54:50",10128100
15900,550,400,"bu","13:54:55",10128500
15900,550,25000,"sd","13:54:58",10153500
15900,550,700,"bu","13:55:00",10154200
15900,550,100,"sd","13:55:24",10154300
15900,550,500,"sd","13:55:34",10154800
15900,550,700,"sd","13:55:57",10155500
15900,550,100,"sd","13:56:12",10155600
15900,550,2100,"sd","13:56:52",10157700
15900,550,25800,"sd","13:57:12",10183500
15900,550,5000,"bu","13:57:21",10188500
15900,550,200,"sd","13:57:36",10188700
15850,500,400,"sd","13:57:46",10189100
15850,500,500,"bu","13:57:48",10189600
15850,500,400,"bu","13:57:50",10190000
15850,500,600,"bu","13:57:52",10190600
15850,500,400,"bu","13:57:55",10191000
15850,500,300,"sd","13:57:57",10191300
15850,500,500,"sd","13:57:59",10191800
15850,500,3200,"sd","13:58:01",10195000
15850,500,400,"sd","13:58:03",10195400
15850,500,600,"bu","13:58:07",10196000
15850,500,300,"sd","13:58:10",10196300
15850,500,800,"bu","13:58:14",10197100
15850,500,8800,"bu","13:58:18",10205900
15850,500,200,"bu","13:58:20",10206100
15850,500,8500,"sd","13:58:22",10214600
15850,500,500,"bu","13:58:24",10215100
15850,500,8800,"sd","13:58:30",10223900
15850,500,400,"sd","13:58:40",10224300
15850,500,800,"sd","13:58:43",10225100
15850,500,500,"bu","13:58:57",10225600
15850,500,100,"bu","13:59:27",10225700
15850,500,2100,"bu","13:59:43",10227800
15850,500,300,"bu","14:00:10",10228100
15850,500,7800,"bu","14:00:14",10235900
15850,500,100,"sd","14:00:32",10236000
15850,500,700,"bu","14:00:37",10236700
15850,500,7800,"bu","14:02:03",10244500
15850,500,100,"bu","14:02:13",10244600
15850,500,7800,"sd","14:02:40",10252400
15850,500,500,"sd","14:03:40",10252900
15850,500,2700,"bu","14:04:11",10255600
15850,500,7300,"sd","14:05:04",10262900
15800,450,500,"sd","14:05:20",10263400
15800,450,1100,"bu","14:05:24",10264500
15800,450,400,"sd","14:05:27",10264900
15800,450,96200,"bu","14:05:29",10361100
15800,450,5000,"sd","14:05:46",10366100
15750,400,1000,"bu","14:06:09",10367100
15750,400,300,"bu","14:06:11",10367400
15750,400,500,"sd","14:06:14",10367900
15750,400,100,"bu","14:06:20",10368000
15750,400,300,"bu","14:06:28",10368300
15750,400,400,"bu","14:06:33",10368700
15750,400,1600,"bu","14:06:35",10370300
15750,400,10000,"sd","14:06:38",10380300
15750,400,20000,"sd","14:06:44",10400300
15750,400,500,"bu","14:06:49",10400800
15750,400,300,"bu","14:06:52",10401100
15750,400,200,"bu","14:07:17",10401300
15750,400,300,"bu","14:07:19",10401600
15750,400,400,"sd","14:08:09",10402000
15800,450,5000,"bu","14:08:27",10407000
15800,450,1000,"sd","14:09:07",10408000
15750,400,800,"bu","14:09:11",10408800
15750,400,200,"sd","14:09:14",10409000
15750,400,500,"sd","14:09:16",10409500
15750,400,600,"bu","14:09:20",10410100
15750,400,400,"bu","14:09:23",10410500
15750,400,1100,"bu","14:09:25",10411600
15750,400,300,"bu","14:09:27",10411900
15750,400,25500,"bu","14:09:30",10437400
15750,400,400,"bu","14:09:32",10437800
15750,400,100,"sd","14:09:43",10437900
15800,450,20000,"bu","14:09:48",10457900
15800,450,900,"sd","14:10:25",10458800
15800,450,500,"sd","14:10:27",10459300
15800,450,200,"bu","14:10:37",10459500
15850,500,25000,"sd","14:11:31",10484500
15800,450,1000,"sd","14:11:48",10485500
15800,450,100,"bu","14:11:52",10485600
15800,450,1400,"sd","14:12:35",10487000
15800,450,200,"sd","14:13:41",10487200
15800,450,100,"sd","14:14:08",10487300
15800,450,500,"sd","14:14:16",10487800
15800,450,200,"sd","14:14:18",10488000
15800,450,100,"bu","14:14:50",10488100
15800,450,5900,"sd","14:17:21",10494000
15800,450,5800,"sd","14:19:00",10499800
15850,500,100,"bu","14:19:43",10499900
15800,450,4200,"bu","14:19:45",10504100
15750,400,300,"bu","14:19:53",10504400
15750,400,400,"sd","14:19:55",10504800
15750,400,500,"sd","14:19:58",10505300
15750,400,600,"sd","14:20:00",10505900
15750,400,300,"sd","14:20:03",10506200
15750,400,900,"sd","14:20:05",10507100
15750,400,400,"sd","14:20:07",10507500
15750,400,500,"sd","14:20:10",10508000
15750,400,700,"sd","14:20:12",10508700
15750,400,2700,"bu","14:21:59",10511400
15800,450,1000,"bu","14:22:26",10512400
15750,400,2500,"sd","14:22:42",10514900
15800,450,100,"bu","14:23:34",10515000
15800,450,300,"bu","14:23:57",10515300
15750,400,400,"sd","14:24:05",10515700
15750,400,800,"bu","14:24:08",10516500
15750,400,500,"bu","14:24:09",10517000
15750,400,400,"sd","14:24:11",10517400
15750,400,300,"sd","14:24:13",10517700
15750,400,400,"sd","14:24:16",10518100
15750,400,500,"sd","14:24:18",10518600
15750,400,300,"sd","14:24:20",10518900
15750,400,400,"bu","14:24:27",10519300
15750,400,1200,"bu","14:24:32",10520500
15750,400,1200,"sd","14:24:35",10521700
15750,400,400,"bu","14:24:37",10522100
15750,400,200,"sd","14:24:39",10522300
15750,400,400,"bu","14:24:41",10522700
15750,400,200,"sd","14:24:48",10522900
15750,400,400,"sd","14:24:50",10523300
15750,400,900,"sd","14:24:59",10524200
15750,400,300,"bu","14:25:01",10524500
15750,400,200,"sd","14:25:04",10524700
15750,400,700,"sd","14:26:05",10525400
15800,450,23500,"sd","14:26:15",10548900
15800,450,3200,"bu","14:26:27",10552100
15750,400,200,"bu","14:26:42",10552300
15750,400,400,"bu","14:26:45",10552700
15750,400,800,"sd","14:26:48",10553500
15750,400,200,"bu","14:26:50",10553700
15750,400,400,"bu","14:26:53",10554100
15750,400,10300,"bu","14:26:55",10564400
15750,400,1700,"bu","14:27:00",10566100
15750,400,600,"sd","14:27:02",10566700
15750,400,300,"sd","14:27:05",10567000
15750,400,200,"bu","14:27:09",10567200
15750,400,700,"bu","14:27:15",10567900
15750,400,200,"bu","14:27:18",10568100
15750,400,300,"sd","14:27:20",10568400
15750,400,400,"bu","14:27:23",10568800
15750,400,500,"bu","14:27:26",10569300
15750,400,200,"bu","14:27:33",10569500
15750,400,300,"bu","14:27:36",10569800
15750,400,900,"sd","14:27:40",10570700
15750,400,1100,"bu","14:27:46",10571800
15750,400,900,"sd","14:27:54",10572700
15750,400,400,"sd","14:27:56",10573100
15750,400,200,"bu","14:27:59",10573300
15800,450,500,"bu","14:28:02",10573800
15800,450,200,"sd","14:28:24",10574000
15750,400,500,"bu","14:28:41",10574500
15750,400,10100,"sd","14:28:46",10584600
15750,400,7800,"sd","14:29:06",10592400
15800,450,7000,"sd","14:29:22",10599400
15800,450,500,"sd","14:29:34",10599900
15800,450,30000,"bu","14:29:37",10629900
15800,450,200,"bu","14:29:48",10630100
15750,400,100,"sd","14:30:00",10630200
15750,400,900,"sd","14:30:04",10631100
15750,400,300,"bu","14:30:07",10631400
15750,400,133900,"bu","14:45:19",10765300
