"price","change","match_qtty","side","time","total_vol"
23500,-50,62000,"sd","09:15:07",62000
23450,-100,100,"bu","09:15:12",62100
23450,-100,1300,"sd","09:15:48",63400
23500,-50,300,"bu","09:15:51",63700
23450,-100,1500,"bu","09:15:53",65200
23450,-100,4000,"sd","09:15:58",73200
23450,-100,500,"sd","09:16:01",73700
23500,-50,2000,"bu","09:16:02",75700
23500,-50,100,"sd","09:16:14",75800
23450,-100,2000,"sd","09:16:18",77800
23500,-50,500,"bu","09:16:21",78300
23400,-150,4600,"sd","09:16:51",82900
23400,-150,800,"sd","09:16:51",83700
23400,-150,200,"bu","09:16:59",83900
23400,-150,4000,"sd","09:17:04",87900
23400,-150,2000,"bu","09:17:11",89900
23400,-150,100,"sd","09:17:13",90000
23400,-150,4300,"sd","09:17:54",94300
23400,-150,500,"bu","09:18:00",94800
23400,-150,3000,"bu","09:18:01",97800
23450,-100,12700,"bu","09:18:09",110500
23450,-100,2000,"bu","09:18:16",112500
23400,-150,7000,"sd","09:18:17",119500
23450,-100,300,"bu","09:18:20",119800
23450,-100,500,"bu","09:18:20",120300
23450,-100,100,"bu","09:18:24",120400
23450,-100,1000,"bu","09:18:26",121400
23400,-150,27800,"bu","09:18:33",149200
23400,-150,8600,"bu","09:18:36",157800
23400,-150,100,"sd","09:18:37",157900
23450,-100,2000,"sd","09:18:40",159900
23400,-150,200,"sd","09:18:40",160100
23400,-150,2900,"bu","09:18:48",163000
23400,-150,1000,"sd","09:18:50",164000
23400,-150,2200,"sd","09:18:51",166200
23400,-150,1400,"sd","09:18:54",167600
23400,-150,1000,"bu","09:18:55",168600
23400,-150,200,"sd","09:18:56",168800
23400,-150,1100,"sd","09:18:57",169900
23400,-150,100,"sd","09:18:59",170200
23400,-150,300,"sd","09:19:00",170500
23400,-150,1000,"bu","09:19:04",171500
23450,-100,800,"sd","09:19:09",172300
23400,-150,2000,"sd","09:19:11",174300
23450,-100,1000,"sd","09:19:27",175300
23450,-100,200,"bu","09:19:29",175500
23450,-100,1000,"sd","09:19:31",176500
23450,-100,1300,"sd","09:19:36",177800
23450,-100,500,"sd","09:19:42",178300
23450,-100,300,"bu","09:19:47",178600
23450,-100,5000,"sd","09:19:48",183600
23450,-100,500,"sd","09:19:50",184100
23450,-100,200,"bu","09:19:51",184300
23450,-100,500,"bu","09:19:57",184800
23450,-100,700,"sd","09:20:04",185500
23450,-100,400,"bu","09:20:06",185900
23450,-100,4800,"bu","09:20:14",190700
23450,-100,100,"sd","09:20:14",187000
23450,-100,1400,"sd","09:20:15",192900
23450,-100,100,"sd","09:20:19",193000
23450,-100,2000,"sd","09:20:20",195000
23400,-150,500,"sd","09:20:22",195500
23450,-100,3100,"bu","09:20:25",198600
23400,-150,13000,"bu","09:20:26",213600
23450,-100,1200,"bu","09:20:27",214800
23450,-100,1000,"bu","09:20:28",215800
23450,-100,4300,"bu","09:20:30",220100
23450,-100,4000,"sd","09:20:32",238100
23450,-100,2200,"sd","09:20:32",240300
23450,-100,700,"bu","09:20:36",241000
23450,-100,7100,"sd","09:20:39",248100
23450,-100,600,"sd","09:20:40",248700
23450,-100,1900,"bu","09:20:41",250600
23450,-100,10500,"bu","09:20:48",261100
23450,-100,200,"bu","09:20:53",261300
23450,-100,33400,"sd","09:21:13",294700
23450,-100,20000,"bu","09:21:20",314700
23500,-50,300,"sd","09:21:27",315000
23500,-50,10000,"sd","09:21:38",325000
23500,-50,200,"bu","09:21:42",325200
23500,-50,100,"sd","09:21:44",325300
23500,-50,1200,"sd","09:21:53",326500
23500,-50,3000,"bu","09:21:58",329500
23500,-50,100,"bu","09:21:59",329600
23500,-50,1000,"sd","09:22:02",330600
23500,-50,2000,"sd","09:22:03",332600
23450,-100,300,"sd","09:22:04",332900
23500,-50,1000,"sd","09:22:06",333900
23500,-50,100,"bu","09:22:18",334000
23500,-50,400,"bu","09:22:20",334400
23500,-50,1000,"sd","09:22:21",335400
23500,-50,100,"sd","09:22:22",335500
23500,-50,1600,"sd","09:22:25",337100
23500,-50,200,"bu","09:22:26",357100
23500,-50,1000,"bu","09:22:32",358100
23500,-50,500,"bu","09:22:38",358600
23500,-50,1000,"bu","09:22:38",359600
23450,-100,5900,"bu","09:22:43",365500
23500,-50,500,"sd","09:22:44",366000
23500,-50,500,"bu","09:22:47",366500
23450,-100,500,"sd","09:22:53",367000
23500,-50,100,"bu","09:22:55",367100
23500,-50,1000,"bu","09:22:57",368100
23500,-50,1000,"bu","09:22:59",369100
23500,-50,100,"sd","09:23:03",369200
23500,-50,300,"sd","09:23:06",369500
23500,-50,100,"bu","09:23:16",369600
23500,-50,1100,"bu","09:23:18",370700
23500,-50,200,"sd","09:23:19",370900
23500,-50,300,"sd","09:23:26",371200
23500,-50,200,"bu","09:23:32",371400
23500,-50,1500,"sd","09:23:33",372900
23500,-50,100,"sd","09:23:40",373000
23500,-50,1500,"bu","09:23:45",374500
23500,-50,5000,"bu","09:23:46",379500
23500,-50,20000,"bu","09:23:49",399500
23500,-50,200,"sd","09:23:50",399700
23500,-50,1500,"sd","09:23:50",401200
23500,-50,200,"sd","09:24:02",401400
23500,-50,100,"bu","09:24:03",401500
23500,-50,2000,"sd","09:24:10",403500
23450,-100,600,"sd","09:24:14",404100
23500,-50,1000,"sd","09:24:15",405100
23500,-50,11000,"bu","09:24:19",416100
23500,-50,1000,"sd","09:24:29",417100
23500,-50,2500,"bu","09:24:31",419600
23500,-50,600,"sd","09:24:32",420200
23500,-50,100,"sd","09:24:34",420300
23500,-50,2700,"sd","09:24:36",423000
23500,-50,200,"bu","09:24:40",424000
23500,-50,300,"sd","09:24:41",424300
23450,-100,600,"bu","09:24:41",424900
23500,-50,1600,"bu","09:24:46",426500
23500,-50,500,"sd","09:24:51",427000
23500,-50,2500,"bu","09:24:56",429500
23450,-100,500,"bu","09:24:58",430000
23450,-100,600,"bu","09:25:07",430600
23500,-50,400,"bu","09:25:08",431000
23500,-50,500,"sd","09:25:18",431500
23500,-50,100,"sd","09:25:31",431600
23500,-50,1000,"sd","09:25:40",432600
23500,-50,200,"bu","09:25:41",432800
23500,-50,300,"bu","09:25:50",433100
23500,-50,1000,"bu","09:25:51",434100
23500,-50,300,"sd","09:25:52",434400
23500,-50,400,"bu","09:25:57",434800
23500,-50,300,"sd","09:26:19",435100
23450,-100,2000,"sd","09:26:20",437100
23500,-50,3000,"bu","09:26:21",440100
23500,-50,300,"bu","09:26:25",440400
23450,-100,1000,"sd","09:26:40",441400
23450,-100,5000,"sd","09:26:44",446400
23450,-100,2100,"bu","09:26:47",448500
23450,-100,200,"sd","09:26:49",448700
23450,-100,1000,"bu","09:26:51",449700
23450,-100,10000,"sd","09:26:58",459700
23450,-100,6200,"bu","09:27:01",465900
23450,-100,2600,"sd","09:27:02",470900
23450,-100,10000,"bu","09:27:04",480900
23450,-100,4300,"bu","09:27:07",485200
23450,-100,2000,"sd","09:27:10",487200
23450,-100,2200,"sd","09:27:14",489400
23450,-100,1600,"bu","09:27:16",491000
23450,-100,100,"bu","09:27:17",491100
23450,-100,1900,"bu","09:27:19",493000
23450,-100,5000,"sd","09:27:20",498000
23450,-100,2000,"sd","09:27:21",500000
23450,-100,5100,"sd","09:27:22",505100
23450,-100,200,"sd","09:27:35",505300
23450,-100,300,"bu","09:27:40",505600
23450,-100,500,"sd","09:27:43",506100
23400,-150,2000,"bu","09:27:43",508100
23450,-100,100,"sd","09:27:49",508200
23450,-100,2000,"bu","09:27:54",510200
23400,-150,20000,"sd","09:27:54",530200
23400,-150,1000,"sd","09:28:02",531200
23400,-150,4000,"bu","09:28:13",535200
23400,-150,100,"sd","09:28:19",535300
23400,-150,8000,"sd","09:28:30",543300
23400,-150,200,"sd","09:28:32",544500
23400,-150,500,"sd","09:28:34",545000
23450,-100,5200,"sd","09:28:47",550200
23400,-150,1500,"bu","09:28:53",561700
23450,-100,100,"bu","09:28:54",562800
23400,-150,4100,"bu","09:28:55",566900
23450,-100,100,"sd","09:28:58",567000
23450,-100,500,"bu","09:29:03",567500
23450,-100,1000,"sd","09:29:04",568500
23400,-150,1500,"bu","09:29:09",570000
23400,-150,700,"sd","09:29:25",570700
23400,-150,1000,"sd","09:29:27",571700
23400,-150,300,"sd","09:29:45",572000
23400,-150,5000,"sd","09:29:50",577000
23400,-150,68900,"sd","09:29:53",645900
23400,-150,5900,"bu","09:29:54",651800
23400,-150,300,"sd","09:30:12",652300
23400,-150,2100,"sd","09:30:18",654400
23400,-150,200,"bu","09:30:25",654700
23350,-200,1500,"bu","09:30:26",656200
23400,-150,100,"sd","09:30:26",656300
23350,-200,200,"sd","09:30:33",656500
23350,-200,10000,"bu","09:30:35",666500
23350,-200,1000,"bu","09:30:44",667500
23350,-200,1000,"sd","09:30:45",668500
23350,-200,900,"bu","09:30:45",669400
23350,-200,7000,"bu","09:30:46",676400
23350,-200,20000,"sd","09:30:47",696400
23350,-200,5000,"bu","09:30:49",701400
23350,-200,5300,"bu","09:30:52",706700
23350,-200,6000,"bu","09:30:53",712700
23350,-200,200,"sd","09:30:54",712900
23350,-200,3000,"bu","09:30:55",715900
23350,-200,5000,"sd","09:30:59",720900
23350,-200,200,"sd","09:31:06",721300
23350,-200,700,"bu","09:31:07",722000
23350,-200,100,"bu","09:31:16",723200
23350,-200,1400,"bu","09:31:21",724600
23350,-200,100,"bu","09:31:23",724700
23350,-200,11600,"sd","09:31:29",736300
23350,-200,1300,"bu","09:31:32",737600
23350,-200,100,"sd","09:31:33",737700
23350,-200,500,"bu","09:31:37",738200
23350,-200,5000,"sd","09:31:37",743200
23350,-200,200,"sd","09:31:40",743400
23350,-200,100,"sd","09:31:43",743500
23350,-200,700,"sd","09:31:49",744200
23350,-200,3000,"bu","09:31:57",747200
23350,-200,100,"bu","09:31:59",747300
23350,-200,1300,"sd","09:32:07",748600
23350,-200,500,"bu","09:32:10",749100
23350,-200,100,"bu","09:32:11",749200
23350,-200,7700,"sd","09:32:20",756900
23350,-200,200,"bu","09:32:21",757100
23350,-200,300,"sd","09:32:22",757400
23350,-200,2000,"bu","09:32:30",759400
23300,-250,900,"bu","09:32:31",760300
23350,-200,300,"bu","09:32:33",760600
23300,-250,8000,"bu","09:32:34",768600
23350,-200,1000,"bu","09:32:45",769600
23350,-200,200,"sd","09:32:46",769800
23350,-200,300,"sd","09:32:57",770100
23300,-250,600,"sd","09:33:03",770700
23350,-200,100,"sd","09:33:07",770800
23300,-250,500,"bu","09:33:08",771300
23300,-250,1900,"bu","09:33:12",773200
23300,-250,65700,"bu","09:33:14",838900
23300,-250,4800,"sd","09:33:18",874800
23300,-250,10000,"bu","09:33:22",884800
23300,-250,30000,"sd","09:33:25",914800
23300,-250,300,"bu","09:33:26",915100
23350,-200,100,"bu","09:33:30",915200
23300,-250,6700,"bu","09:33:35",921900
23300,-250,500,"sd","09:33:39",931900
23300,-250,900,"bu","09:33:41",932800
23300,-250,500,"sd","09:33:43",933300
23300,-250,1000,"sd","09:33:46",934300
23300,-250,3000,"sd","09:33:50",937300
23300,-250,500,"bu","09:33:56",937800
23300,-250,1800,"bu","09:33:59",939600
23300,-250,10000,"sd","09:34:01",949600
23300,-250,25000,"sd","09:34:01",974600
23300,-250,2000,"bu","09:34:02",976600
23300,-250,3900,"sd","09:34:03",980500
23300,-250,1100,"bu","09:34:04",981600
23300,-250,100,"bu","09:34:05",981800
23300,-250,700,"sd","09:34:09",982500
23300,-250,6000,"bu","09:34:25",988500
23300,-250,5000,"sd","09:34:30",993500
23300,-250,700,"sd","09:34:32",994200
23300,-250,5000,"sd","09:34:37",999200
23300,-250,200,"bu","09:34:44",999400
23300,-250,7800,"bu","09:34:45",1007200
23300,-250,2000,"sd","09:34:49",1009200
23300,-250,1000,"sd","09:34:52",1010200
23300,-250,1700,"bu","09:34:56",1011900
23300,-250,2500,"bu","09:35:02",1014400
23300,-250,700,"bu","09:35:04",1015100
23300,-250,10000,"bu","09:35:09",1025100
23300,-250,600,"sd","09:35:20",1025700
23300,-250,3500,"bu","09:35:29",1029200
23350,-200,3600,"sd","09:35:34",1032800
23300,-250,5200,"bu","09:35:35",1038000
23300,-250,1200,"bu","09:35:37",1039200
23300,-250,200,"sd","09:35:49",1039400
23350,-200,500,"sd","09:35:58",1039900
23300,-250,300,"sd","09:36:04",1040200
23300,-250,3000,"sd","09:36:21",1043200
23300,-250,400,"bu","09:36:25",1043600
23300,-250,5300,"bu","09:36:30",1048900
23300,-250,2000,"bu","09:36:31",1050900
23300,-250,1000,"bu","09:36:37",1051900
23300,-250,1100,"sd","09:36:47",1053000
23300,-250,1000,"bu","09:36:48",1054000
23300,-250,1200,"sd","09:36:49",1055200
23300,-250,700,"sd","09:36:56",1055900
23300,-250,1000,"sd","09:37:01",1056900
23300,-250,1800,"bu","09:37:04",1058700
23300,-250,3000,"bu","09:37:05",1061700
23300,-250,4000,"sd","09:37:16",1065700
23350,-200,100,"sd","09:37:24",1065800
23350,-200,200,"sd","09:37:25",1066000
23300,-250,2000,"bu","09:37:26",1068000
23300,-250,5000,"bu","09:37:35",1073000
23300,-250,400,"sd","09:37:42",1073400
23300,-250,1000,"sd","09:37:53",1074400
23300,-250,1900,"bu","09:37:55",1076300
23300,-250,200,"bu","09:37:58",1076500
23300,-250,500,"sd","09:38:16",1077000
23300,-250,1000,"bu","09:38:20",1078000
23300,-250,400,"bu","09:38:27",1078400
23300,-250,3300,"sd","09:38:31",1081700
23300,-250,2000,"sd","09:38:42",1083700
23350,-200,500,"sd","09:38:45",1084200
23300,-250,4000,"sd","09:38:46",1088200
23350,-200,2000,"bu","09:38:55",1090200
23300,-250,65100,"bu","09:39:01",1155300
23350,-200,1000,"bu","09:39:07",1156300
23300,-250,100,"bu","09:39:10",1156400
23300,-250,8500,"sd","09:39:10",1164900
23350,-200,400,"bu","09:39:15",1165300
23300,-250,56800,"bu","09:39:17",1222100
23350,-200,1000,"sd","09:39:19",1223100
23300,-250,1000,"bu","09:39:20",1224100
23300,-250,1500,"sd","09:39:21",1225600
23300,-250,1000,"sd","09:39:22",1226600
23300,-250,300,"sd","09:39:24",1226900
23300,-250,400,"sd","09:39:26",1227300
23300,-250,1000,"sd","09:39:28",1228300
23300,-250,2600,"bu","09:39:36",1230900
23300,-250,1000,"bu","09:39:39",1231900
23300,-250,2500,"sd","09:39:43",1234400
23300,-250,900,"sd","09:39:51",1235300
23300,-250,5000,"sd","09:39:53",1240300
23300,-250,5800,"bu","09:39:55",1246100
23300,-250,400,"bu","09:39:56",1246500
23300,-250,1600,"bu","09:39:57",1248100
23300,-250,2200,"bu","09:39:58",1250300
23300,-250,200,"sd","09:39:59",1250500
23300,-250,1000,"sd","09:40:05",1251500
23300,-250,100,"sd","09:40:09",1251600
23300,-250,2100,"bu","09:40:20",1253700
23300,-250,1800,"bu","09:40:21",1255500
23300,-250,1000,"sd","09:40:27",1256500
23300,-250,500,"bu","09:40:28",1257000
23250,-300,5000,"sd","09:40:33",1262000
23300,-250,500,"sd","09:40:37",1262500
23300,-250,800,"sd","09:40:53",1263300
23300,-250,100,"sd","09:40:57",1263400
23300,-250,200,"sd","09:41:08",1263600
23250,-300,31000,"bu","09:41:10",1294600
23250,-300,100,"bu","09:41:19",1294700
23300,-250,1200,"bu","09:41:42",1295900
23250,-300,7000,"sd","09:41:49",1302900
23250,-300,2000,"bu","09:41:50",1304900
23250,-300,1000,"sd","09:41:54",1305900
23250,-300,100,"bu","09:41:57",1306000
23250,-300,1000,"sd","09:42:03",1307000
23250,-300,800,"sd","09:42:08",1307800
23250,-300,100,"bu","09:42:10",1307900
23250,-300,600,"sd","09:42:14",1308500
23300,-250,1500,"sd","09:42:17",1310000
23250,-300,1000,"bu","09:42:21",1311000
23300,-250,1400,"sd","09:42:24",1312400
23300,-250,1000,"sd","09:42:36",1313400
23300,-250,200,"sd","09:42:52",1313600
23250,-300,3200,"bu","09:42:55",1316800
23250,-300,1500,"bu","09:42:58",1318300
23250,-300,1000,"sd","09:43:02",1319300
23250,-300,900,"bu","09:43:13",1320200
23250,-300,3000,"bu","09:43:23",1323200
23250,-300,1400,"sd","09:43:24",1324600
23250,-300,200,"bu","09:43:31",1324800
23300,-250,400,"sd","09:43:39",1325200
23250,-300,5000,"sd","09:43:50",1330200
23250,-300,5000,"bu","09:43:56",1335200
23250,-300,2000,"bu","09:43:58",1337200
23300,-250,100,"bu","09:43:59",1337300
23300,-250,1600,"sd","09:44:04",1338900
23300,-250,500,"sd","09:44:13",1339400
23300,-250,2000,"bu","09:44:19",1341400
23300,-250,400,"bu","09:44:20",1341800
23300,-250,100,"bu","09:44:23",1341900
23300,-250,300,"sd","09:44:26",1342200
23300,-250,200,"bu","09:44:27",1342400
23300,-250,900,"sd","09:44:33",1343300
23250,-300,11100,"sd","09:44:43",1354400
23300,-250,2800,"bu","09:44:49",1357200
23300,-250,200,"bu","09:44:52",1357400
23300,-250,500,"bu","09:44:54",1357900
23300,-250,200,"sd","09:44:55",1358100
23300,-250,100,"sd","09:44:59",1358200
23300,-250,2000,"sd","09:45:00",1360200
23300,-250,200,"sd","09:45:05",1360400
23300,-250,200,"bu","09:45:06",1360600
23300,-250,7000,"bu","09:45:06",1367600
23250,-300,1000,"bu","09:45:07",1368600
23300,-250,1000,"bu","09:45:09",1369600
23300,-250,5000,"bu","09:45:15",1374600
23300,-250,500,"bu","09:45:16",1375100
23300,-250,2400,"sd","09:45:17",1377500
23300,-250,2000,"bu","09:45:20",1387100
23300,-250,5000,"bu","09:45:21",1392100
23300,-250,2000,"bu","09:45:23",1394100
23300,-250,2000,"sd","09:45:23",1396100
23300,-250,1000,"sd","09:45:24",1397100
23300,-250,23500,"bu","09:45:28",1420600
23300,-250,500,"bu","09:45:29",1426100
23300,-250,3400,"bu","09:45:30",1429500
23350,-200,1000,"sd","09:45:44",1430500
23300,-250,500,"sd","09:45:49",1431000
23300,-250,2500,"sd","09:46:15",1433500
23300,-250,200,"sd","09:46:16",1433700
23350,-200,2000,"sd","09:46:18",1435700
23350,-200,20000,"sd","09:46:28",1455700
23350,-200,100,"bu","09:46:30",1455800
23300,-250,3900,"bu","09:46:31",1459700
23350,-200,200,"bu","09:46:39",1459900
23350,-200,1000,"bu","09:46:47",1460900
23350,-200,3300,"sd","09:46:52",1464200
23350,-200,100,"bu","09:46:53",1464300
23350,-200,9900,"bu","09:47:01",1474200
23350,-200,3300,"sd","09:47:04",1477500
23350,-200,500,"sd","09:47:06",1478000
23350,-200,1000,"sd","09:47:07",1479000
23350,-200,200,"sd","09:47:12",1479200
23350,-200,900,"bu","09:47:20",1480100
23350,-200,200,"sd","09:47:23",1480300
23350,-200,900,"bu","09:47:32",1481200
23350,-200,1200,"bu","09:47:34",1482400
23350,-200,2800,"sd","09:47:43",1485200
23350,-200,1000,"bu","09:47:48",1486200
23350,-200,100,"bu","09:47:48",1486300
23350,-200,4000,"sd","09:47:49",1490300
23350,-200,5000,"sd","09:47:52",1495300
23350,-200,100,"sd","09:47:53",1495400
23350,-200,1000,"bu","09:48:02",1496400
23350,-200,15200,"bu","09:48:15",1511600
23350,-200,1500,"bu","09:48:25",1513100
23350,-200,9000,"bu","09:48:33",1522100
23350,-200,100,"bu","09:48:45",1522200
23350,-200,3500,"bu","09:49:08",1525700
23350,-200,1300,"bu","09:49:09",1527000
23350,-200,600,"sd","09:49:19",1527600
23350,-200,7000,"bu","09:49:37",1534600
23350,-200,2200,"bu","09:49:39",1536800
23350,-200,2400,"sd","09:49:43",1539200
23350,-200,900,"bu","09:49:52",1540100
23350,-200,1000,"sd","09:50:03",1541100
23350,-200,200,"bu","09:50:20",1541300
23350,-200,2200,"bu","09:50:37",1543500
23300,-250,1500,"bu","09:50:39",1545000
23300,-250,5300,"bu","09:50:41",1550300
23300,-250,112000,"sd","09:50:45",1662300
23300,-250,3000,"bu","09:50:46",1665300
23300,-250,1000,"bu","09:50:47",1666300
23300,-250,100,"sd","09:50:48",1666400
23300,-250,900,"sd","09:50:55",1667300
23300,-250,100,"sd","09:51:01",1667400
23300,-250,500,"bu","09:51:04",1667900
23300,-250,1000,"sd","09:51:05",1668900
23300,-250,1300,"sd","09:51:07",1670200
23300,-250,7000,"bu","09:51:15",1677200
23300,-250,3000,"sd","09:51:17",1680200
23300,-250,200,"bu","09:51:22",1680400
23300,-250,100,"sd","09:51:29",1680500
23300,-250,5000,"sd","09:51:30",1685500
23300,-250,300,"bu","09:51:34",1685800
23300,-250,2000,"sd","09:51:41",1687800
23300,-250,6300,"bu","09:51:42",1694100
23300,-250,2000,"sd","09:51:46",1696100
23300,-250,500,"sd","09:51:48",1696600
23300,-250,300,"bu","09:51:49",1696900
23300,-250,4000,"sd","09:51:53",1700900
23350,-200,8100,"sd","09:52:20",1709000
23300,-250,10000,"sd","09:52:23",1719000
23300,-250,18700,"bu","09:52:26",1737700
23300,-250,200,"sd","09:52:27",1737900
23350,-200,5400,"bu","09:53:05",1743300
23350,-200,15000,"sd","09:53:15",1758300
23350,-200,2200,"sd","09:53:18",1760500
23350,-200,2800,"sd","09:53:19",1763300
23350,-200,2300,"bu","09:53:22",1765600
23350,-200,1100,"bu","09:53:25",1766700
23350,-200,1400,"sd","09:53:26",1777900
23400,-150,500,"sd","09:53:37",1778400
23400,-150,800,"sd","09:53:45",1779200
23400,-150,3000,"bu","09:53:49",1782200
23350,-200,2000,"sd","09:54:02",1784200
23400,-150,100,"sd","09:54:11",1784300
23400,-150,400,"sd","09:54:12",1784700
23400,-150,5000,"sd","09:54:17",1789700
23350,-200,2300,"bu","09:54:19",1792000
23400,-150,500,"bu","09:54:24",1792500
23400,-150,200,"sd","09:54:40",1792700
23400,-150,100,"sd","09:54:43",1792800
23400,-150,5000,"bu","09:54:46",1797800
23400,-150,200,"sd","09:54:48",1798000
23400,-150,1200,"bu","09:55:09",1799200
23400,-150,200,"bu","09:55:10",1799400
23400,-150,1000,"sd","09:55:11",1800400
23400,-150,6500,"bu","09:55:12",1806900
23400,-150,44300,"bu","09:55:16",1851200
23400,-150,500,"bu","09:55:18",1851700
23400,-150,1000,"bu","09:55:26",1852700
23400,-150,2000,"bu","09:55:41",1854700
23400,-150,400,"bu","09:55:44",1855100
23400,-150,4000,"sd","09:55:53",1859100
23400,-150,400,"sd","09:55:57",1859500
23400,-150,500,"sd","09:56:04",1860000
23400,-150,500,"sd","09:56:06",1860500
23400,-150,1000,"sd","09:56:23",1861500
23400,-150,2000,"sd","09:56:38",1863500
23450,-100,2500,"bu","09:56:40",1866000
23450,-100,100,"sd","09:56:50",1866100
23400,-150,1000,"sd","09:56:55",1867100
23450,-100,4000,"bu","09:57:11",1871100
23450,-100,800,"sd","09:57:13",1871900
23400,-150,700,"sd","09:57:15",1872600
23450,-100,1700,"bu","09:57:23",1874300
23450,-100,1000,"bu","09:57:28",1875300
23400,-150,700,"sd","09:57:30",1876000
23450,-100,2000,"sd","09:57:32",1878000
23450,-100,1300,"sd","09:57:34",1879300
23450,-100,500,"sd","09:57:45",1879800
23400,-150,5000,"sd","09:58:11",1884800
23400,-150,700,"bu","09:58:19",1885500
23400,-150,3000,"bu","09:58:23",1888500
23400,-150,2200,"sd","09:58:39",1890700
23400,-150,500,"sd","09:58:40",1891200
23400,-150,5000,"bu","09:59:03",1896200
23400,-150,2300,"bu","09:59:07",1898500
23400,-150,2100,"sd","09:59:20",1900600
23400,-150,300,"sd","09:59:23",1900900
23400,-150,1000,"bu","09:59:25",1901900
23400,-150,2600,"bu","09:59:27",1904500
23400,-150,1000,"sd","09:59:32",1905500
23400,-150,7100,"sd","09:59:51",1912600
23400,-150,1200,"bu","09:59:55",1913800
23400,-150,5000,"bu","09:59:59",1918800
23350,-200,4000,"sd","10:00:04",1922800
23400,-150,2000,"sd","10:00:12",1924800
23350,-200,300,"sd","10:00:17",1925100
23400,-150,3000,"sd","10:00:20",1928100
23400,-150,200,"bu","10:00:22",1928300
23400,-150,1000,"sd","10:00:25",1929300
23400,-150,100,"bu","10:00:28",1929400
23400,-150,10000,"bu","10:00:35",1939400
23400,-150,4100,"bu","10:00:36",1943500
23400,-150,4300,"bu","10:00:52",1947800
23400,-150,5000,"bu","10:01:00",1952800
23400,-150,600,"sd","10:01:02",1953400
23400,-150,1800,"bu","10:01:07",1955200
23450,-100,300,"sd","10:01:09",1955500
23450,-100,5000,"bu","10:01:31",1960500
23400,-150,500,"bu","10:01:38",1961000
23400,-150,1000,"bu","10:01:40",1962000
23400,-150,200,"bu","10:01:49",1962200
23400,-150,3000,"sd","10:01:53",1965200
23400,-150,100,"sd","10:02:07",1965300
23400,-150,400,"sd","10:02:22",1965700
23400,-150,5000,"bu","10:02:28",1970700
23400,-150,13000,"bu","10:02:53",1983700
23400,-150,6900,"sd","10:02:55",1990600
23400,-150,8100,"sd","10:02:56",1998700
23400,-150,1000,"sd","10:02:57",1999700
23400,-150,10000,"sd","10:03:01",2009700
23400,-150,1000,"sd","10:03:05",2010700
23400,-150,5000,"sd","10:03:05",2015700
23400,-150,3500,"bu","10:03:10",2019200
23400,-150,1000,"sd","10:03:16",2020200
23400,-150,100,"sd","10:03:17",2020300
23400,-150,3400,"bu","10:03:26",2023700
23400,-150,500,"sd","10:03:41",2024200
23400,-150,3000,"sd","10:03:44",2027200
23450,-100,1000,"sd","10:03:49",2028200
23400,-150,4400,"sd","10:03:50",2032600
23400,-150,100,"sd","10:03:52",2032700
23400,-150,500,"bu","10:03:58",2033200
23400,-150,5000,"bu","10:04:06",2038200
23400,-150,100,"sd","10:04:09",2038300
23400,-150,1000,"bu","10:04:10",2039300
23400,-150,400,"sd","10:04:12",2039700
23400,-150,1600,"bu","10:04:16",2041300
23400,-150,500,"sd","10:04:23",2041800
23400,-150,39900,"bu","10:04:25",2081700
23400,-150,3000,"bu","10:04:33",2084700
23400,-150,200,"bu","10:04:35",2084900
23400,-150,10000,"sd","10:04:38",2094900
23400,-150,10000,"bu","10:04:46",2104900
23400,-150,5500,"bu","10:04:52",2110400
23400,-150,35800,"sd","10:04:55",2146200
23450,-100,1000,"bu","10:05:08",2149100
23400,-150,800,"bu","10:05:11",2149900
23400,-150,300,"sd","10:05:17",2150200
23450,-100,400,"sd","10:05:26",2150600
23450,-100,5000,"sd","10:05:29",2155600
23450,-100,2000,"bu","10:05:39",2157600
23450,-100,500,"bu","10:05:48",2158100
23450,-100,600,"bu","10:05:50",2158700
23450,-100,200,"bu","10:06:02",2158900
23500,-50,12000,"bu","10:06:31",2170900
23500,-50,100,"sd","10:06:46",2171000
23500,-50,1100,"bu","10:06:54",2172100
23450,-100,500,"sd","10:06:57",2172600
23500,-50,5000,"sd","10:06:58",2177600
23500,-50,10000,"sd","10:07:00",2187600
23500,-50,1000,"sd","10:07:07",2188600
23500,-50,500,"sd","10:07:07",2189100
23500,-50,400,"sd","10:07:19",2189500
23500,-50,2500,"bu","10:07:27",2192000
23500,-50,1800,"bu","10:07:30",2193800
23500,-50,100,"bu","10:07:42",2193900
23500,-50,7000,"bu","10:07:47",2200900
23500,-50,200,"bu","10:07:53",2201100
23500,-50,100,"sd","10:07:55",2201200
23500,-50,10000,"bu","10:07:58",2211200
23500,-50,12000,"sd","10:08:10",2223200
23500,-50,1000,"sd","10:08:15",2224200
23500,-50,2000,"sd","10:08:22",2226200
23500,-50,2500,"bu","10:08:24",2228700
23500,-50,4000,"sd","10:08:25",2232700
23550,0,11000,"bu","10:08:26",2243700
23550,0,2500,"bu","10:08:30",2246200
23550,0,14000,"sd","10:08:35",2260200
23550,0,3000,"sd","10:08:40",2263200
23500,-50,7400,"bu","10:08:59",2270600
23450,-100,400,"bu","10:09:13",2271000
23500,-50,2000,"bu","10:09:14",2273000
23550,0,5000,"sd","10:09:20",2278000
23500,-50,500,"sd","10:09:21",2278500
23500,-50,8700,"sd","10:09:25",2287200
23500,-50,500,"bu","10:10:03",2287900
23500,-50,500,"bu","10:10:08",2288400
23500,-50,4000,"sd","10:10:20",2292400
23500,-50,3700,"bu","10:10:26",2296100
23500,-50,1000,"bu","10:10:34",2297100
23500,-50,2000,"bu","10:10:39",2299100
23500,-50,2000,"bu","10:10:46",2301100
23500,-50,600,"sd","10:10:55",2301700
23500,-50,2000,"sd","10:10:56",2303700
23500,-50,1500,"bu","10:11:16",2305200
23500,-50,1000,"bu","10:11:18",2306200
23500,-50,100,"sd","10:11:20",2306300
23500,-50,600,"bu","10:11:24",2306900
23500,-50,800,"bu","10:11:38",2307700
23500,-50,2000,"sd","10:11:39",2309700
23500,-50,1000,"bu","10:11:39",2310700
23500,-50,300,"bu","10:11:41",2311000
23500,-50,200,"sd","10:11:42",2311200
23500,-50,500,"bu","10:11:44",2311700
23500,-50,1000,"bu","10:11:52",2312700
23500,-50,500,"bu","10:11:56",2313200
23500,-50,20000,"bu","10:11:58",2333200
23500,-50,300,"sd","10:12:03",2333500
23500,-50,100,"bu","10:12:06",2333600
23500,-50,500,"bu","10:12:12",2334100
23450,-100,5000,"sd","10:12:13",2339100
23450,-100,500,"sd","10:12:25",2339600
23500,-50,2000,"sd","10:12:30",2341600
23450,-100,2100,"bu","10:12:37",2343700
23450,-100,5900,"sd","10:12:41",2349600
23500,-50,100,"bu","10:12:43",2349700
23500,-50,500,"sd","10:12:49",2350200
23500,-50,2000,"bu","10:12:50",2352200
23500,-50,2500,"bu","10:12:54",2354700
23500,-50,300,"bu","10:12:57",2355000
23450,-100,200,"sd","10:13:00",2355200
23500,-50,2000,"sd","10:13:02",2357200
23450,-100,300,"sd","10:13:14",2357500
23500,-50,30000,"sd","10:13:23",2387500
23450,-100,15000,"sd","10:13:27",2402500
23450,-100,49000,"bu","10:13:31",2451500
23450,-100,400,"bu","10:13:37",2451900
23450,-100,200,"sd","10:13:38",2452100
23400,-150,300,"sd","10:13:45",2452400
23450,-100,500,"bu","10:13:50",2452900
23450,-100,1200,"bu","10:13:52",2454100
23450,-100,1800,"bu","10:13:53",2455900
23400,-150,2700,"bu","10:13:55",2458600
23400,-150,3000,"bu","10:14:19",2461600
23450,-100,5000,"bu","10:14:23",2466600
23400,-150,60000,"sd","10:14:34",2526600
23450,-100,1500,"sd","10:14:37",2528100
23450,-100,30000,"bu","10:15:05",2558100
23400,-150,16600,"bu","10:15:16",2574700
23400,-150,1100,"sd","10:15:17",2575800
23400,-150,2500,"bu","10:15:20",2578300
23400,-150,1000,"bu","10:15:32",2579300
23400,-150,100,"bu","10:15:40",2579400
23400,-150,300,"bu","10:15:48",2579700
23400,-150,3000,"sd","10:15:49",2582700
23400,-150,20200,"sd","10:15:50",2602900
23450,-100,2000,"sd","10:15:54",2607900
23400,-150,500,"sd","10:16:04",2608400
23450,-100,1000,"bu","10:16:09",2609400
23400,-150,5000,"bu","10:16:25",2614400
23450,-100,200,"sd","10:16:26",2614600
23400,-150,1100,"sd","10:16:44",2615700
23400,-150,100,"sd","10:16:57",2615800
23400,-150,300,"bu","10:17:04",2616100
23450,-100,1000,"bu","10:17:06",2617100
23400,-150,600,"sd","10:17:10",2617700
23400,-150,1100,"bu","10:17:29",2618800
23400,-150,5000,"bu","10:17:32",2623800
23400,-150,1000,"sd","10:17:35",2624800
23400,-150,2500,"sd","10:17:50",2627300
23400,-150,100,"sd","10:18:14",2627400
23400,-150,5000,"sd","10:18:24",2632400
23400,-150,3100,"bu","10:18:24",2635500
23400,-150,500,"sd","10:18:26",2636000
23400,-150,100,"sd","10:18:28",2636100
23400,-150,200,"sd","10:18:30",2636300
23400,-150,100,"sd","10:18:37",2636400
23350,-200,5000,"bu","10:18:48",2641400
23400,-150,100,"sd","10:19:00",2641500
23400,-150,5000,"sd","10:19:06",2646500
23400,-150,2600,"bu","10:19:09",2649100
23350,-200,600,"sd","10:19:17",2649700
23400,-150,1000,"sd","10:19:24",2650700
23400,-150,3000,"sd","10:19:33",2653700
23350,-200,8200,"sd","10:19:56",2661900
23400,-150,500,"sd","10:19:57",2662400
23400,-150,100,"bu","10:20:00",2662500
23400,-150,2000,"sd","10:20:10",2664500
23400,-150,400,"sd","10:20:14",2664900
23400,-150,100,"bu","10:20:20",2665000
23350,-200,2900,"bu","10:20:26",2667900
23350,-200,5000,"sd","10:20:42",2672900
23400,-150,10000,"sd","10:20:57",2682900
23400,-150,200,"sd","10:21:01",2683100
23400,-150,6300,"sd","10:21:06",2689400
23400,-150,1200,"bu","10:21:19",2690600
23350,-200,700,"bu","10:21:34",2691300
23400,-150,300,"sd","10:21:45",2691600
23400,-150,1300,"sd","10:21:55",2692900
23400,-150,400,"bu","10:22:07",2693300
23400,-150,20000,"bu","10:22:09",2713300
23400,-150,100,"sd","10:22:26",2713400
23400,-150,300,"bu","10:22:30",2713700
23400,-150,5000,"sd","10:22:37",2718700
23400,-150,2500,"bu","10:22:40",2721200
23400,-150,200,"bu","10:22:41",2721400
23400,-150,200,"bu","10:22:48",2721600
23400,-150,1000,"bu","10:22:50",2722600
23400,-150,1000,"sd","10:23:00",2723600
23400,-150,1400,"sd","10:23:02",2725000
23400,-150,300,"sd","10:23:03",2725300
23400,-150,100,"bu","10:23:04",2725400
23400,-150,1000,"bu","10:23:08",2726400
23400,-150,5000,"sd","10:23:13",2731400
23400,-150,1900,"sd","10:23:15",2733300
23400,-150,4700,"bu","10:23:21",2738000
23400,-150,1000,"sd","10:23:23",2739000
23400,-150,400,"bu","10:23:24",2739400
23400,-150,200,"sd","10:23:26",2739600
23400,-150,1200,"sd","10:23:28",2740800
23400,-150,1000,"sd","10:23:31",2741800
23400,-150,200,"sd","10:23:42",2742000
23400,-150,1000,"bu","10:23:50",2743000
23400,-150,1100,"bu","10:24:44",2744100
23400,-150,1000,"sd","10:24:45",2745100
23400,-150,2000,"bu","10:24:59",2747100
23400,-150,2000,"sd","10:25:09",2749100
23400,-150,2700,"sd","10:25:24",2751800
23400,-150,1000,"sd","10:25:30",2752800
23400,-150,8100,"sd","10:25:52",2760900
23400,-150,1000,"sd","10:25:55",2761900
23400,-150,1600,"sd","10:25:59",2763500
23400,-150,3400,"bu","10:26:09",2766900
23400,-150,100,"sd","10:26:10",2767000
23400,-150,400,"sd","10:26:19",2767400
23400,-150,600,"bu","10:26:27",2768000
23400,-150,700,"sd","10:26:30",2768700
23400,-150,500,"bu","10:26:48",2769200
23400,-150,1000,"bu","10:27:13",2770200
23400,-150,15600,"bu","10:27:21",2785800
23400,-150,500,"bu","10:27:23",2786300
23400,-150,1000,"bu","10:27:26",2787300
23400,-150,600,"bu","10:27:37",2787900
23400,-150,5100,"bu","10:27:46",2793000
23400,-150,200,"sd","10:28:11",2793200
23400,-150,100,"bu","10:28:21",2793300
23400,-150,1100,"bu","10:28:33",2794400
23400,-150,1700,"bu","10:28:34",2796100
23400,-150,2000,"bu","10:28:50",2798100
23400,-150,800,"sd","10:28:58",2798900
23400,-150,300,"bu","10:29:15",2799200
23400,-150,800,"sd","10:29:18",2800000
23400,-150,21400,"sd","10:29:19",2821400
23400,-150,100,"sd","10:29:31",2821500
23400,-150,2000,"sd","10:29:40",2823500
23400,-150,600,"bu","10:29:45",2824100
23400,-150,200,"sd","10:29:46",2824300
23400,-150,4700,"sd","10:30:24",2829000
23400,-150,2300,"bu","10:30:53",2831300
23400,-150,500,"bu","10:30:59",2831800
23400,-150,500,"bu","10:31:07",2832300
23400,-150,1000,"sd","10:31:10",2833300
23400,-150,600,"sd","10:31:11",2833900
23450,-100,1300,"bu","10:31:33",2835200
23450,-100,100,"bu","10:31:34",2835300
23400,-150,9100,"sd","10:31:57",2844400
23400,-150,200,"sd","10:32:11",2844600
23400,-150,100,"sd","10:32:12",2844700
23400,-150,200,"bu","10:32:18",2844900
23400,-150,100,"bu","10:32:20",2845000
23400,-150,300,"bu","10:32:29",2845300
23400,-150,100,"sd","10:32:30",2845400
23400,-150,600,"sd","10:32:35",2846000
23400,-150,400,"sd","10:32:37",2846400
23400,-150,100,"sd","10:32:39",2846500
23400,-150,10200,"bu","10:32:53",2856700
23400,-150,400,"sd","10:32:56",2857100
23400,-150,100,"bu","10:32:57",2857200
23400,-150,2200,"bu","10:33:20",2859400
23400,-150,100,"sd","10:33:23",2859500
23400,-150,1000,"sd","10:33:24",2860500
23400,-150,500,"sd","10:33:27",2861000
23400,-150,1000,"sd","10:33:28",2862000
23400,-150,100,"bu","10:33:33",2862100
23400,-150,600,"bu","10:33:44",2862700
23400,-150,200,"bu","10:33:48",2862900
23400,-150,100,"bu","10:33:50",2863000
23350,-200,2000,"sd","10:33:56",2865000
23400,-150,100,"sd","10:34:00",2865100
23400,-150,500,"sd","10:34:03",2865600
23350,-200,200,"bu","10:34:09",2865800
23400,-150,20000,"bu","10:34:10",2885800
23400,-150,1100,"sd","10:34:17",2886900
23400,-150,4200,"sd","10:34:21",2891100
23450,-100,5300,"sd","10:34:27",2896400
23450,-100,5000,"bu","10:34:28",2901400
23450,-100,100,"bu","10:34:35",2901500
23450,-100,400,"sd","10:34:42",2901900
23450,-100,100,"sd","10:34:44",2902000
23400,-150,6900,"bu","10:34:59",2908900
23400,-150,1700,"bu","10:35:02",2910600
23400,-150,1000,"bu","10:35:08",2911600
23400,-150,100,"bu","10:35:09",2911700
23400,-150,1100,"bu","10:35:23",2912800
23450,-100,100,"bu","10:35:24",2912900
23400,-150,5100,"sd","10:35:33",2918000
23400,-150,200,"bu","10:35:36",2918200
23400,-150,2500,"bu","10:36:22",2920700
23400,-150,1000,"sd","10:36:24",2921700
23400,-150,2000,"bu","10:36:25",2923700
23450,-100,100,"bu","10:36:26",2923800
23450,-100,900,"bu","10:36:57",2924700
23450,-100,1000,"bu","10:37:00",2925700
23450,-100,100,"sd","10:37:02",2925800
23450,-100,10000,"sd","10:37:05",2935800
23450,-100,100,"bu","10:37:11",2935900
23450,-100,2900,"sd","10:37:41",2938800
23450,-100,100,"sd","10:37:48",2938900
23450,-100,10100,"sd","10:37:57",2949000
23450,-100,100,"bu","10:38:06",2949100
23450,-100,5100,"sd","10:38:17",2954200
23400,-150,700,"bu","10:38:19",2954900
23450,-100,200,"bu","10:38:24",2955100
23400,-150,200,"bu","10:38:25",2955300
23450,-100,400,"sd","10:38:47",2955700
23450,-100,100,"sd","10:38:51",2955800
23400,-150,500,"bu","10:38:52",2956300
23450,-100,600,"bu","10:39:00",2956900
23450,-100,300,"bu","10:39:06",2957200
23450,-100,100,"bu","10:39:10",2957300
23450,-100,20000,"bu","10:39:15",2977300
23450,-100,100,"bu","10:39:18",2977400
23450,-100,500,"sd","10:39:19",2977900
23450,-100,100,"bu","10:39:26",2978000
23400,-150,500,"sd","10:39:32",2978500
23450,-100,100,"bu","10:39:36",2978600
23450,-100,2200,"sd","10:39:50",2980800
23400,-150,100,"bu","10:39:52",2980900
23450,-100,5400,"bu","10:40:06",2986300
23450,-100,100,"sd","10:40:12",2986400
23400,-150,300,"sd","10:40:19",2986700
23450,-100,100,"sd","10:40:20",2986800
23450,-100,1000,"sd","10:40:24",2987800
23450,-100,1500,"sd","10:40:30",2989300
23450,-100,100,"bu","10:40:34",2989400
23400,-150,2000,"sd","10:40:37",2991400
23450,-100,3000,"bu","10:40:38",2994400
23450,-100,100,"bu","10:40:39",2994500
23450,-100,600,"bu","10:40:50",2995100
23450,-100,100,"bu","10:40:57",2995200
23450,-100,400,"sd","10:41:00",2995600
23450,-100,100,"bu","10:41:06",2995700
23450,-100,600,"bu","10:41:25",2996300
23450,-100,500,"sd","10:41:28",2996800
23450,-100,400,"bu","10:41:30",2997200
23450,-100,300,"bu","10:41:32",2997500
23450,-100,100,"sd","10:41:33",2997600
23400,-150,8000,"bu","10:41:39",3005600
23400,-150,400,"sd","10:41:40",3006000
23450,-100,10000,"sd","10:41:41",3016000
23450,-100,100,"bu","10:41:42",3016100
23450,-100,3600,"bu","10:42:32",3019700
23450,-100,400,"sd","10:42:33",3020100
23450,-100,20100,"bu","10:42:36",3040200
23450,-100,4400,"sd","10:42:37",3044600
23450,-100,5000,"sd","10:42:40",3049600
23450,-100,2400,"sd","10:42:42",3052000
23500,-50,100,"sd","10:42:45",3052100
23500,-50,1100,"bu","10:42:56",3053200
23500,-50,100,"bu","10:43:03",3053300
23500,-50,2000,"bu","10:43:10",3055300
23450,-100,5000,"sd","10:43:11",3060300
23500,-50,500,"sd","10:43:13",3060800
23500,-50,10000,"bu","10:43:17",3070800
23500,-50,900,"sd","10:43:21",3071700
23500,-50,100,"sd","10:43:22",3071800
23500,-50,5000,"bu","10:43:23",3076800
23500,-50,100,"bu","10:43:29",3076900
23500,-50,500,"sd","10:43:30",3077400
23500,-50,100,"sd","10:43:31",3077500
23450,-100,1200,"bu","10:43:47",3078700
23500,-50,100,"sd","10:43:49",3078800
23500,-50,1100,"bu","10:43:56",3079900
23500,-50,100,"bu","10:43:58",3080000
23500,-50,400,"sd","10:44:09",3080400
23500,-50,100,"bu","10:44:17",3080500
23500,-50,500,"bu","10:44:20",3081000
23500,-50,100,"bu","10:44:24",3081100
23500,-50,16600,"bu","10:44:46",3097700
23500,-50,3100,"bu","10:44:52",3100800
23500,-50,3400,"bu","10:44:53",3104200
23500,-50,5000,"sd","10:44:58",3109200
23500,-50,600,"bu","10:45:01",3109800
23500,-50,10500,"bu","10:45:04",3120300
23500,-50,1600,"bu","10:45:09",3121900
23550,0,500,"bu","10:45:12",3122400
23500,-50,200,"sd","10:45:16",3122600
23500,-50,1500,"bu","10:45:52",3124100
23500,-50,2500,"sd","10:46:03",3126600
23550,0,500,"bu","10:46:15",3127100
23550,0,1500,"sd","10:46:16",3128600
23550,0,6500,"sd","10:46:35",3135100
23550,0,200,"sd","10:46:38",3135300
23550,0,3100,"bu","10:46:48",3138400
23550,0,1500,"sd","10:47:00",3139900
23550,0,10000,"bu","10:47:02",3149900
23550,0,1100,"sd","10:47:04",3151000
23550,0,5000,"bu","10:47:06",3156000
23550,0,300,"bu","10:47:08",3156300
23500,-50,2500,"sd","10:47:09",3158800
23550,0,600,"bu","10:47:19",3159400
23550,0,500,"sd","10:47:20",3159900
23550,0,10000,"bu","10:47:26",3169900
23550,0,10100,"sd","10:47:36",3180000
23550,0,1000,"sd","10:47:37",3181000
23550,0,2200,"sd","10:47:40",3183200
23550,0,3100,"bu","10:47:43",3186300
23550,0,300,"sd","10:47:44",3186600
23550,0,15000,"bu","10:47:54",3201600
23550,0,9000,"sd","10:47:59",3210600
23550,0,22000,"sd","10:48:04",3232600
23550,0,1100,"bu","10:48:09",3233700
23550,0,600,"sd","10:48:14",3234300
23550,0,6500,"bu","10:48:19",3240800
23550,0,500,"bu","10:48:21",3241300
23500,-50,1000,"bu","10:48:28",3242300
23550,0,200,"sd","10:48:30",3242500
23550,0,4200,"sd","10:48:33",3246700
23550,0,100,"sd","10:48:35",3246800
23550,0,200,"sd","10:48:44",3247000
23550,0,2000,"bu","10:48:47",3249000
23550,0,2500,"bu","10:48:50",3251500
23500,-50,1000,"bu","10:48:51",3252500
23500,-50,400,"bu","10:49:01",3252900
23550,0,6000,"sd","10:49:20",3258900
23550,0,200,"bu","10:49:23",3259100
23550,0,2800,"bu","10:49:26",3261900
23550,0,200,"bu","10:49:28",3262100
23500,-50,1100,"bu","10:49:30",3263200
23550,0,3000,"bu","10:49:31",3266200
23500,-50,1000,"bu","10:49:35",3267200
23550,0,11700,"bu","10:49:45",3278900
23500,-50,500,"bu","10:49:49",3279400
23550,0,400,"sd","10:49:54",3279800
23550,0,100,"bu","10:49:55",3279900
23500,-50,10000,"bu","10:49:57",3289900
23550,0,100,"sd","10:49:59",3290000
23500,-50,200,"bu","10:50:02",3290200
23550,0,2100,"bu","10:50:04",3292300
23500,-50,40000,"bu","10:50:09",3332300
23500,-50,40300,"sd","10:50:12",3372600
23500,-50,800,"bu","10:50:31",3373400
23500,-50,100,"bu","10:50:35",3373500
23500,-50,5100,"bu","10:50:36",3378600
23500,-50,100,"sd","10:50:40",3378700
23450,-100,5100,"sd","10:50:44",3383800
23500,-50,100,"bu","10:50:45",3383900
23500,-50,1400,"bu","10:50:53",3385300
23500,-50,7500,"sd","10:50:54",3392800
23500,-50,100,"sd","10:50:58",3392900
23500,-50,1100,"sd","10:51:02",3394000
23500,-50,3000,"bu","10:51:06",3397000
23500,-50,100,"sd","10:51:07",3397100
23500,-50,2100,"bu","10:51:17",3399200
23500,-50,100,"bu","10:51:24",3399300
23500,-50,54000,"sd","10:51:25",3453300
23500,-50,200,"sd","10:51:31",3453500
23500,-50,1000,"sd","10:51:32",3454500
23500,-50,2000,"bu","10:51:34",3456500
23500,-50,100,"bu","10:51:35",3456600
23500,-50,4400,"sd","10:51:56",3461000
23500,-50,100,"bu","10:52:01",3461100
23500,-50,1000,"bu","10:52:04",3462100
23500,-50,8100,"sd","10:52:05",3470200
23500,-50,10000,"bu","10:52:07",3480200
23500,-50,100,"bu","10:52:11",3480300
23500,-50,300,"sd","10:52:12",3480600
23500,-50,3000,"sd","10:52:13",3483600
23500,-50,1400,"sd","10:52:20",3485000
23500,-50,1400,"bu","10:52:26",3486400
23500,-50,300,"bu","10:52:27",3486700
23500,-50,3700,"bu","10:52:29",3490400
23500,-50,800,"sd","10:52:32",3491200
23500,-50,1100,"bu","10:52:34",3492300
23500,-50,2600,"sd","10:52:38",3494900
23500,-50,9700,"sd","10:52:45",3504600
23500,-50,100,"bu","10:52:47",3504700
23500,-50,200,"bu","10:52:55",3504900
23500,-50,1100,"sd","10:52:56",3506000
23500,-50,2100,"bu","10:53:05",3508100
23500,-50,1600,"bu","10:53:15",3509700
23500,-50,100,"sd","10:53:16",3509800
23500,-50,1200,"sd","10:53:28",3511000
23500,-50,100,"bu","10:53:30",3511100
23500,-50,600,"sd","10:53:32",3511700
23500,-50,200,"bu","10:53:40",3511900
23500,-50,500,"bu","10:53:44",3512400
23500,-50,10000,"sd","10:53:47",3522400
23500,-50,100,"sd","10:53:49",3522500
23500,-50,700,"sd","10:54:11",3523200
23500,-50,100,"bu","10:54:14",3523300
23500,-50,600,"sd","10:54:31",3523900
23500,-50,5200,"bu","10:54:37",3529100
23500,-50,1300,"bu","10:54:40",3530400
23500,-50,100,"sd","10:54:43",3530500
23500,-50,5000,"sd","10:54:44",3535500
23500,-50,5000,"bu","10:54:47",3540500
23500,-50,1000,"sd","10:54:49",3541500
23500,-50,1800,"bu","10:54:53",3543300
23500,-50,3700,"bu","10:54:54",3547000
23500,-50,2600,"sd","10:54:56",3549600
23500,-50,4000,"sd","10:54:58",3553600
23500,-50,100,"bu","10:55:02",3553700
23500,-50,600,"sd","10:55:03",3554300
23500,-50,1000,"sd","10:55:05",3555300
23500,-50,100,"sd","10:55:11",3555400
23500,-50,1100,"sd","10:55:21",3556500
23500,-50,100,"sd","10:55:29",3556600
23500,-50,1000,"sd","10:55:31",3557600
23450,-100,15000,"sd","10:55:35",3572600
23500,-50,5500,"sd","10:55:39",3578100
23500,-50,5100,"sd","10:55:43",3583200
23500,-50,1600,"bu","10:55:53",3584800
23500,-50,100,"bu","10:55:56",3584900
23500,-50,9000,"bu","10:55:57",3593900
23500,-50,100,"bu","10:56:05",3594000
23500,-50,900,"sd","10:56:12",3594900
23450,-100,3600,"sd","10:56:13",3598500
23500,-50,100,"bu","10:56:14",3598600
23500,-50,1100,"sd","10:56:16",3599700
23500,-50,10000,"bu","10:56:20",3609700
23500,-50,100,"sd","10:56:23",3609800
23500,-50,300,"bu","10:56:29",3610100
23500,-50,1100,"bu","10:56:32",3611200
23500,-50,2200,"sd","10:56:33",3613400
23500,-50,800,"bu","10:56:37",3614200
23450,-100,500,"sd","10:56:41",3614700
23500,-50,100,"bu","10:56:50",3614800
23450,-100,800,"bu","10:57:17",3615600
23500,-50,1000,"sd","10:57:20",3616600
23500,-50,100,"bu","10:57:25",3616700
23500,-50,600,"bu","10:57:27",3617300
23500,-50,100,"bu","10:57:35",3617400
23450,-100,400,"sd","10:57:37",3617800
23500,-50,100,"sd","10:57:44",3617900
23500,-50,700,"sd","10:57:59",3618600
23500,-50,100,"bu","10:58:02",3618700
23500,-50,600,"bu","10:58:15",3619300
23500,-50,1000,"sd","10:58:20",3620300
23500,-50,100,"sd","10:58:21",3620400
23450,-100,1100,"bu","10:58:34",3621500
23500,-50,100,"bu","10:58:35",3621600
23450,-100,35300,"sd","10:58:43",3656900
23500,-50,100,"sd","10:58:47",3657000
23450,-100,5000,"sd","10:58:50",3662000
23500,-50,100,"bu","10:58:56",3662100
23450,-100,80000,"sd","10:59:00",3742100
23450,-100,400,"sd","10:59:03",3742500
23450,-100,800,"sd","10:59:04",3743300
23450,-100,100,"sd","10:59:16",3743400
23450,-100,200,"bu","10:59:23",3743600
23450,-100,100,"sd","10:59:24",3743700
23450,-100,800,"sd","10:59:29",3744500
23450,-100,100,"sd","10:59:35",3744600
23450,-100,1800,"bu","10:59:39",3746400
23450,-100,100,"sd","10:59:42",3746500
23450,-100,200,"bu","10:59:43",3746700
23450,-100,100,"bu","10:59:52",3746800
23450,-100,6100,"bu","11:00:03",3752900
23450,-100,200,"sd","11:00:05",3753100
23450,-100,100,"bu","11:00:09",3753200
23400,-150,15000,"bu","11:00:11",3768200
23450,-100,100,"sd","11:00:18",3768300
23400,-150,2000,"sd","11:00:19",3770300
23450,-100,2300,"bu","11:00:28",3772600
23400,-150,5000,"sd","11:00:31",3777600
23450,-100,100,"sd","11:00:36",3777700
23400,-150,5000,"sd","11:00:39",3782700
23450,-100,200,"sd","11:00:40",3782900
23450,-100,100,"bu","11:00:46",3783000
23400,-150,200,"bu","11:00:54",3783200
23450,-100,100,"sd","11:00:55",3783300
23400,-150,1000,"sd","11:01:23",3784300
23450,-100,10000,"sd","11:01:26",3794300
23450,-100,100,"sd","11:01:31",3794400
23450,-100,4500,"sd","11:01:36",3798900
23450,-100,100,"sd","11:01:40",3799000
23450,-100,1000,"sd","11:01:42",3800000
23450,-100,10000,"bu","11:01:45",3810000
23450,-100,100,"sd","11:01:50",3810100
23450,-100,8500,"bu","11:02:29",3818600
23450,-100,1000,"bu","11:02:33",3819600
23450,-100,100,"sd","11:02:34",3819700
23450,-100,10000,"bu","11:02:41",3829700
23450,-100,100,"sd","11:02:43",3829800
23450,-100,800,"bu","11:03:11",3830600
23450,-100,100,"bu","11:03:20",3830700
23400,-150,35500,"bu","11:04:19",3866200
23450,-100,600,"bu","11:04:21",3866800
23450,-100,100,"bu","11:04:23",3866900
23400,-150,10100,"sd","11:04:38",3877000
23450,-100,100,"bu","11:04:41",3877100
23450,-100,2600,"sd","11:04:52",3879700
23450,-100,100,"sd","11:04:59",3879800
23400,-150,2000,"sd","11:05:13",3881800
23450,-100,100,"sd","11:05:17",3881900
23400,-150,900,"bu","11:05:18",3882800
23400,-150,200,"bu","11:05:22",3883000
23450,-100,100,"sd","11:05:25",3883100
23400,-150,2800,"bu","11:05:56",3885900
23450,-100,100,"sd","11:06:01",3886000
23450,-100,400,"sd","11:06:17",3886400
23450,-100,100,"bu","11:06:19",3886500
23450,-100,3000,"sd","11:06:20",3889500
23450,-100,100,"bu","11:06:29",3889600
23450,-100,8800,"bu","11:07:44",3898400
23450,-100,100,"bu","11:07:50",3898500
23400,-150,1200,"sd","11:08:40",3899700
23450,-100,100,"bu","11:08:43",3899800
23400,-150,1100,"bu","11:08:54",3900900
23450,-100,100,"sd","11:08:56",3901000
23400,-150,1600,"sd","11:09:03",3902600
23400,-150,4000,"bu","11:09:06",3906600
23400,-150,1400,"sd","11:09:08",3908000
23400,-150,3000,"sd","11:09:10",3911000
23450,-100,100,"sd","11:09:11",3911100
23450,-100,5100,"bu","11:09:22",3916200
23400,-150,5000,"sd","11:09:24",3921200
23400,-150,1000,"sd","11:09:28",3922200
23450,-100,100,"bu","11:09:29",3922300
23450,-100,1600,"bu","11:09:41",3923900
23400,-150,10500,"sd","11:09:45",3934400
23450,-100,1100,"bu","11:09:47",3935500
23400,-150,4600,"bu","11:09:48",3940100
23450,-100,100,"bu","11:09:56",3940200
23400,-150,700,"bu","11:10:28",3940900
23450,-100,100,"sd","11:10:32",3941000
23400,-150,10100,"bu","11:10:38",3951100
23450,-100,300,"sd","11:10:41",3951400
23450,-100,100,"sd","11:10:50",3951500
23400,-150,5100,"bu","11:11:01",3956600
23400,-150,1000,"sd","11:11:07",3957600
23450,-100,100,"sd","11:11:08",3957700
23400,-150,1100,"bu","11:11:17",3958800
23450,-100,100,"sd","11:11:26",3958900
23400,-150,3700,"sd","11:12:32",3962600
23450,-100,100,"bu","11:12:38",3962700
23400,-150,7300,"bu","11:13:21",3970000
23450,-100,100,"bu","11:13:24",3970100
23450,-100,3000,"sd","11:13:30",3973100
23450,-100,100,"bu","11:13:32",3973200
23400,-150,900,"sd","11:14:13",3974100
23450,-100,100,"sd","11:14:17",3974200
23400,-150,600,"sd","11:14:32",3974800
23450,-100,100,"sd","11:14:36",3974900
23400,-150,500,"sd","11:14:40",3975400
23450,-100,100,"sd","11:14:44",3975500
23450,-100,3700,"sd","11:15:56",3979200
23450,-100,100,"bu","11:15:57",3979300
23400,-150,1700,"sd","11:16:00",3981000
23450,-100,100,"sd","11:16:06",3981100
23450,-100,600,"bu","11:16:18",3981700
23450,-100,1000,"bu","11:16:22",3982700
23450,-100,100,"sd","11:16:23",3982800
23450,-100,5000,"sd","11:16:26",3987800
23450,-100,100,"bu","11:16:33",3987900
23450,-100,20100,"sd","11:16:49",4008000
23450,-100,100,"sd","11:16:52",4008100
23400,-150,36200,"sd","11:17:02",4044300
23450,-100,100,"bu","11:17:09",4044400
23450,-100,1400,"bu","11:17:48",4045800
23450,-100,100,"sd","11:17:55",4045900
23400,-150,2300,"bu","11:18:21",4048200
23450,-100,100,"bu","11:18:31",4048300
23400,-150,1900,"bu","11:18:42",4050200
23400,-150,200,"sd","11:18:48",4050400
23400,-150,2600,"sd","11:18:56",4053000
23450,-100,100,"bu","11:18:58",4053100
23400,-150,3300,"sd","11:19:21",4056400
23450,-100,100,"bu","11:19:24",4056500
23400,-150,300,"bu","11:19:31",4056800
23450,-100,100,"sd","11:19:33",4056900
23450,-100,10000,"sd","11:19:34",4066900
23450,-100,100,"bu","11:19:43",4067000
23450,-100,75100,"sd","11:19:53",4142100
23400,-150,5000,"sd","11:20:00",4147100
23450,-100,100,"sd","11:20:02",4147200
23400,-150,5100,"bu","11:20:08",4152300
23450,-100,100,"bu","11:20:09",4152400
23400,-150,20000,"sd","11:20:25",4172400
23400,-150,100,"sd","11:20:28",4172500
23400,-150,300,"sd","11:20:34",4172800
23400,-150,800,"bu","11:20:40",4173600
23350,-200,500,"bu","11:20:57",4174100
23400,-150,100,"sd","11:21:05",4174200
23400,-150,5700,"sd","11:21:38",4179900
23400,-150,100,"sd","11:21:41",4180000
23400,-150,3000,"sd","11:21:47",4183000
23350,-200,1000,"bu","11:21:48",4184000
23400,-150,100,"sd","11:21:51",4184100
23400,-150,2100,"bu","11:21:57",4186200
23400,-150,100,"sd","11:22:00",4186300
23400,-150,3300,"sd","11:22:22",4189600
23400,-150,100,"bu","11:22:27",4189700
23400,-150,2400,"sd","11:23:09",4192100
23400,-150,100,"sd","11:23:11",4192200
23350,-200,1300,"sd","11:23:27",4193500
23400,-150,300,"sd","11:23:29",4193800
23400,-150,1100,"bu","11:23:37",4194900
23400,-150,100,"bu","11:23:39",4195000
23400,-150,2700,"bu","11:23:55",4197700
23400,-150,3100,"bu","11:23:56",4200800
23400,-150,100,"sd","11:24:06",4200900
23400,-150,600,"sd","11:24:21",4201500
23400,-150,100,"sd","11:24:23",4201600
23400,-150,1800,"bu","11:24:35",4203400
23350,-200,2200,"bu","11:24:37",4205600
23350,-200,900,"bu","11:24:46",4206500
23400,-150,100,"bu","11:24:51",4206600
23350,-200,3300,"bu","11:25:06",4209900
23400,-150,100,"bu","11:25:08",4210000
23400,-150,500,"bu","11:25:13",4210500
23400,-150,100,"sd","11:25:18",4210600
23400,-150,22000,"bu","11:25:24",4232600
23350,-200,2700,"bu","11:25:27",4235300
23400,-150,100,"bu","11:25:36",4235400
23350,-200,150100,"bu","11:25:39",4385500
23400,-150,100,"sd","11:25:45",4385600
23350,-200,1000,"bu","11:25:50",4386600
23400,-150,100,"bu","11:25:54",4386700
23400,-150,1000,"sd","11:25:56",4387700
23400,-150,100,"bu","11:26:02",4387800
23350,-200,10000,"sd","11:26:05",4397800
23350,-200,7600,"bu","11:26:06",4405400
23300,-250,2500,"bu","11:26:20",4407900
23350,-200,100,"sd","11:26:22",4408000
23350,-200,25100,"sd","11:26:23",4433100
23350,-200,100,"sd","11:26:32",4433200
23350,-200,200,"sd","11:26:34",4433400
23300,-250,7200,"bu","11:26:38",4440600
23350,-200,100,"bu","11:26:41",4440700
23350,-200,5000,"sd","11:26:42",4445700
23350,-200,100,"bu","11:26:50",4445800
23300,-250,1100,"sd","11:26:52",4446900
23350,-200,5000,"bu","11:26:53",4451900
23350,-200,500,"sd","11:26:56",4452400
23350,-200,100,"sd","11:26:59",4452500
23300,-250,3000,"bu","11:27:01",4455500
23350,-200,100,"sd","11:27:06",4455600
23300,-250,700,"sd","11:27:16",4456300
23350,-200,100,"sd","11:27:18",4456400
23350,-200,500,"sd","11:27:27",4456900
23350,-200,1000,"sd","11:27:32",4457900
23350,-200,100,"bu","11:27:35",4458000
23300,-250,2500,"bu","11:27:54",4460500
23350,-200,300,"sd","11:28:01",4460800
23300,-250,2000,"bu","11:28:05",4462800
23300,-250,4500,"sd","11:28:09",4467300
23350,-200,100,"sd","11:28:12",4467400
23350,-200,300,"sd","11:28:18",4467700
23350,-200,100,"sd","11:28:21",4467800
23300,-250,1600,"sd","11:28:24",4469400
23350,-200,100,"bu","11:28:29",4469500
23350,-200,1000,"bu","11:28:48",4470500
23300,-250,2000,"sd","11:28:50",4472500
23350,-200,100,"sd","11:28:55",4472600
23300,-250,600,"sd","11:28:58",4473200
23300,-250,7000,"bu","11:29:00",4480200
23300,-250,500,"sd","11:29:04",4480700
23300,-250,3500,"bu","11:29:06",4484200
23350,-200,100,"bu","11:29:09",4484300
23300,-250,1000,"bu","11:29:12",4485300
23350,-200,1000,"sd","11:29:13",4486300
23300,-250,2000,"sd","11:29:24",4488300
23300,-250,278100,"bu","11:29:35",4766400
23300,-250,2000,"sd","11:29:47",4768400
23300,-250,1300,"bu","11:29:48",4769700
23300,-250,1000,"bu","11:29:52",4770700
23300,-250,500,"sd","11:29:53",4771200
23300,-250,4000,"bu","11:29:55",4775200
23300,-250,500,"sd","11:29:59",4775700
23300,-250,3000,"sd","11:30:01",4778700
23250,-300,4500,"bu","13:00:15",4783200
23250,-300,1000,"sd","13:00:16",4787400
23300,-250,200,"sd","13:00:23",4787600
23300,-250,7700,"bu","13:00:27",4795300
23250,-300,6000,"sd","13:00:28",4801300
23300,-250,2000,"bu","13:00:29",4803300
23250,-300,3000,"bu","13:00:29",4806300
23250,-300,159000,"sd","13:00:30",4965300
23200,-350,382300,"bu","13:00:36",5347600
23200,-350,2000,"bu","13:00:37",5453500
23200,-350,6200,"bu","13:00:38",5459700
23200,-350,600,"bu","13:00:39",5460300
23200,-350,7400,"bu","13:00:41",5467700
23200,-350,1100,"bu","13:00:42",5468800
23200,-350,800,"bu","13:00:43",5469600
23200,-350,10500,"sd","13:00:44",5480100
23200,-350,1500,"sd","13:00:46",5481600
23200,-350,300,"bu","13:00:52",5501900
23200,-350,5000,"sd","13:00:53",5506900
23150,-400,600,"bu","13:00:54",5507500
23200,-350,200,"sd","13:00:56",5507700
23200,-350,11100,"bu","13:00:57",5518800
23200,-350,900,"sd","13:00:59",5519700
23200,-350,600,"bu","13:01:00",5520300
23200,-350,3400,"sd","13:01:01",5523700
23200,-350,300,"bu","13:01:03",5524000
23200,-350,7300,"sd","13:01:05",5531300
23200,-350,50900,"bu","13:01:07",5582200
23200,-350,300,"sd","13:01:08",5582500
23200,-350,5300,"sd","13:01:09",5587800
23200,-350,300,"sd","13:01:10",5588100
23200,-350,4300,"bu","13:01:15",5592400
23150,-400,2900,"sd","13:01:17",5595300
23150,-400,101000,"bu","13:01:18",5696300
23150,-400,30600,"bu","13:01:21",5726900
23200,-350,16300,"sd","13:01:23",5743200
23150,-400,2600,"sd","13:01:25",5745800
23200,-350,100,"bu","13:01:26",5745900
23200,-350,3300,"bu","13:01:27",5749200
23200,-350,2600,"bu","13:01:28",5751800
23200,-350,1000,"sd","13:01:31",5752800
23200,-350,100,"bu","13:01:31",5752900
23200,-350,10000,"bu","13:01:37",5762900
23200,-350,100,"sd","13:01:41",5763000
23200,-350,2000,"sd","13:01:42",5765000
23150,-400,200,"sd","13:01:46",5765200
23150,-400,500,"bu","13:01:47",5765700
23200,-350,100,"bu","13:01:50",5765800
23200,-350,300,"bu","13:01:51",5766100
23200,-350,200,"bu","13:01:54",5766300
23150,-400,3500,"sd","13:01:55",5769800
23200,-350,100,"sd","13:01:59",5769900
23200,-350,3900,"sd","13:02:00",5773800
23150,-400,30000,"bu","13:02:04",5803800
23200,-350,200,"sd","13:02:06",5804000
23200,-350,45200,"bu","13:02:09",5849200
23150,-400,500,"bu","13:02:11",5849700
23200,-350,100,"bu","13:02:17",5849800
23150,-400,2000,"bu","13:02:23",5851800
23200,-350,100,"sd","13:02:26",5851900
23150,-400,1500,"bu","13:02:28",5853400
23200,-350,1000,"bu","13:02:32",5854400
23200,-350,200,"sd","13:02:36",5854600
23200,-350,41000,"bu","13:02:37",5895600
23200,-350,100,"sd","13:02:44",5895700
23200,-350,84000,"sd","13:02:48",5979700
23200,-350,1100,"sd","13:02:53",5980800
23200,-350,500,"bu","13:02:56",5981300
23200,-350,1000,"sd","13:02:58",5982300
23200,-350,3600,"bu","13:03:03",5985900
23200,-350,17000,"bu","13:03:06",6002900
23200,-350,6500,"bu","13:03:07",6009400
23200,-350,2100,"bu","13:03:11",6011500
23200,-350,24400,"sd","13:03:12",6035900
23200,-350,51000,"bu","13:03:14",6086900
23200,-350,200,"bu","13:03:15",6087100
23200,-350,3500,"bu","13:03:17",6090600
23200,-350,22900,"sd","13:03:19",6113500
23200,-350,285300,"bu","13:03:20",6398800
23250,-300,500,"sd","13:03:27",6399300
23250,-300,5500,"sd","13:03:28",6404800
23300,-250,200,"bu","13:03:30",6405000
23300,-250,33400,"sd","13:03:43",6438400
23350,-200,18000,"bu","13:03:45",6456400
23350,-200,100,"bu","13:03:48",6456500
23350,-200,200,"bu","13:03:50",6456700
23350,-200,1300,"sd","13:03:52",6458000
23350,-200,2900,"bu","13:03:55",6460900
23350,-200,2600,"bu","13:03:59",6463500
23350,-200,1900,"sd","13:04:01",6465400
23350,-200,18100,"bu","13:04:02",6483500
23350,-200,4300,"bu","13:04:06",6487800
23350,-200,5500,"bu","13:04:07",6493300
23300,-250,2000,"bu","13:04:08",6495300
23350,-200,3300,"sd","13:04:10",6498600
23350,-200,800,"sd","13:04:13",6499400
23350,-200,800,"sd","13:04:28",6500200
23400,-150,200,"bu","13:04:32",6500400
23400,-150,3000,"sd","13:04:43",6503400
23400,-150,20000,"bu","13:04:45",6523400
23350,-200,1000,"bu","13:04:46",6524400
23400,-150,100,"bu","13:04:51",6524500
23400,-150,20000,"bu","13:04:52",6544500
23400,-150,900,"sd","13:04:55",6545400
23400,-150,4000,"bu","13:04:57",6549400
23400,-150,6000,"bu","13:04:58",6555400
23400,-150,100,"sd","13:04:59",6555500
23400,-150,10800,"sd","13:05:01",6566300
23450,-100,100,"sd","13:05:10",6566400
23450,-100,300,"bu","13:05:13",6566700
23450,-100,20000,"sd","13:05:14",6586700
23450,-100,100,"sd","13:05:17",6586800
23450,-100,1300,"sd","13:05:20",6588100
23450,-100,2000,"sd","13:05:22",6590100
23450,-100,10000,"bu","13:05:25",6600100
23450,-100,100,"bu","13:05:27",6600200
23450,-100,20000,"sd","13:05:28",6620200
23450,-100,11900,"sd","13:05:33",6632100
23450,-100,2000,"sd","13:05:35",6634100
23500,-50,100,"bu","13:05:36",6634200
23500,-50,3000,"sd","13:05:40",6637200
23500,-50,100,"bu","13:05:44",6637300
23450,-100,5000,"bu","13:05:47",6642300
23500,-50,100,"bu","13:05:53",6642400
23450,-100,2300,"sd","13:06:14",6644700
23500,-50,5000,"bu","13:06:20",6649700
23500,-50,700,"sd","13:06:21",6650400
23450,-100,4600,"bu","13:06:23",6655000
23500,-50,2400,"bu","13:06:30",6657400
23500,-50,100,"bu","13:06:38",6657500
23500,-50,1100,"sd","13:06:40",6658600
23450,-100,2000,"bu","13:06:42",6660600
23500,-50,1600,"sd","13:06:44",6662200
23500,-50,3000,"bu","13:06:46",6665200
23500,-50,100,"sd","13:06:48",6665300
23450,-100,2500,"bu","13:06:49",6667800
23450,-100,2600,"bu","13:06:57",6670400
23450,-100,31900,"sd","13:07:05",6702300
23450,-100,2000,"sd","13:07:07",6704300
23450,-100,500,"bu","13:07:15",6704800
23450,-100,100,"bu","13:07:16",6704900
23450,-100,1100,"bu","13:07:27",6706000
23450,-100,100,"sd","13:07:35",6706100
23450,-100,1500,"sd","13:07:38",6707600
23450,-100,1200,"bu","13:07:41",6708800
23450,-100,100,"sd","13:07:44",6708900
23400,-150,300,"sd","13:07:50",6709200
23450,-100,400,"sd","13:07:53",6709600
23450,-100,300,"sd","13:07:57",6709900
23450,-100,300,"sd","13:08:02",6710200
23400,-150,9100,"bu","13:08:14",6719300
23450,-100,100,"sd","13:08:21",6719400
23450,-100,11000,"sd","13:08:24",6730400
23450,-100,200,"bu","13:08:28",6730600
23400,-150,3100,"sd","13:08:29",6733700
23450,-100,100,"sd","13:08:39",6733800
23450,-100,28600,"sd","13:08:48",6762400
23450,-100,300,"bu","13:08:56",6762700
23450,-100,1100,"bu","13:09:01",6763800
23450,-100,100,"bu","13:09:04",6763900
23450,-100,2000,"sd","13:09:07",6765900
23450,-100,1000,"bu","13:09:12",6766900
23450,-100,200,"bu","13:09:15",6767100
23450,-100,300,"sd","13:09:23",6767400
23500,-50,100,"sd","13:09:25",6767500
23500,-50,3100,"sd","13:09:28",6770600
23500,-50,10000,"sd","13:09:31",6780600
23500,-50,100,"bu","13:09:34",6780700
23500,-50,200,"sd","13:09:37",6780900
23450,-100,14400,"bu","13:09:41",6795300
23500,-50,2000,"bu","13:09:42",6797300
23450,-100,4100,"bu","13:09:44",6801400
23500,-50,15000,"sd","13:09:51",6816400
23450,-100,154600,"sd","13:09:55",6971000
23450,-100,4400,"bu","13:10:06",6975400
23450,-100,1000,"sd","13:10:07",6976400
23450,-100,100,"sd","13:10:13",6976500
23450,-100,15000,"bu","13:10:18",6991500
23450,-100,100,"bu","13:10:21",6991600
23450,-100,1100,"bu","13:10:23",6992700
23450,-100,2300,"sd","13:10:29",6995000
23450,-100,100,"sd","13:10:31",6995100
23450,-100,5000,"sd","13:10:37",7000100
23450,-100,1100,"sd","13:10:39",7001200
23450,-100,5000,"sd","13:10:42",7006200
23450,-100,300,"bu","13:10:46",7006500
23450,-100,14000,"sd","13:10:47",7020500
23500,-50,100,"sd","13:10:49",7020600
23450,-100,700,"sd","13:10:59",7021300
23500,-50,100,"sd","13:11:06",7021400
23500,-50,4700,"bu","13:11:44",7026100
23500,-50,2500,"sd","13:11:46",7028600
23500,-50,11000,"sd","13:11:48",7039600
23500,-50,6100,"sd","13:11:49",7045700
23500,-50,100,"sd","13:11:51",7045800
23500,-50,1100,"sd","13:12:02",7046900
23450,-100,5000,"bu","13:12:08",7051900
23500,-50,100,"sd","13:12:10",7052000
23500,-50,5300,"bu","13:12:39",7057300
23500,-50,100,"bu","13:12:46",7057400
23500,-50,16500,"bu","13:12:47",7073900
23500,-50,1000,"bu","13:12:50",7074900
23500,-50,100,"sd","13:12:55",7075000
23450,-100,5000,"sd","13:12:57",7080000
23500,-50,100,"sd","13:13:03",7080100
23500,-50,5000,"sd","13:13:11",7085100
23500,-50,100,"sd","13:13:13",7085200
23500,-50,1000,"bu","13:13:19",7086200
23500,-50,100,"bu","13:13:21",7086300
23500,-50,2000,"sd","13:13:27",7088300
23500,-50,100,"bu","13:13:30",7088400
23500,-50,1000,"bu","13:13:32",7089400
23500,-50,500,"sd","13:13:38",7089900
23500,-50,100,"sd","13:13:40",7090000
23500,-50,400,"bu","13:13:45",7090400
23500,-50,100,"bu","13:13:48",7090500
23500,-50,3300,"bu","13:13:53",7093800
23500,-50,3100,"sd","13:13:58",7096900
23500,-50,2500,"bu","13:14:03",7099400
23500,-50,100,"bu","13:14:07",7099500
23450,-100,8700,"bu","13:14:21",7108200
23500,-50,100,"bu","13:14:24",7108300
23450,-100,2500,"sd","13:14:26",7110800
23450,-100,2000,"sd","13:14:27",7112800
23450,-100,12800,"bu","13:14:31",7125600
23400,-150,300,"bu","13:14:34",7125900
23400,-150,2000,"bu","13:14:42",7127900
23450,-100,5100,"sd","13:14:44",7133000
23450,-100,2600,"bu","13:14:46",7135600
23450,-100,100,"sd","13:14:54",7135700
23450,-100,200,"sd","13:14:57",7135900
23450,-100,1100,"bu","13:15:02",7137000
23450,-100,1200,"sd","13:15:08",7138200
23450,-100,6800,"bu","13:15:12",7145000
23450,-100,100,"sd","13:15:13",7145100
23450,-100,10300,"sd","13:15:39",7155400
23450,-100,200,"sd","13:15:40",7155600
23500,-50,100,"bu","13:15:49",7155700
23450,-100,200,"bu","13:15:54",7155900
23500,-50,100,"bu","13:15:57",7156000
23450,-100,21400,"sd","13:16:02",7177400
23450,-100,1100,"sd","13:16:16",7178500
23450,-100,14000,"sd","13:16:40",7192500
23450,-100,100,"bu","13:16:44",7192600
23450,-100,1700,"bu","13:17:16",7194300
23400,-150,47800,"bu","13:17:19",7242100
23400,-150,1000,"sd","13:17:26",7243100
23400,-150,3000,"sd","13:17:34",7246100
23400,-150,100,"bu","13:17:39",7246200
23350,-200,13600,"bu","13:17:41",7259800
23400,-150,100,"bu","13:17:43",7259900
23400,-150,1000,"sd","13:17:45",7260900
23350,-200,1600,"sd","13:17:50",7262500
23350,-200,3000,"sd","13:17:58",7265500
23400,-150,10100,"sd","13:18:00",7275600
23350,-200,300,"sd","13:18:03",7275900
23400,-150,1100,"bu","13:18:08",7277000
23400,-150,600,"sd","13:18:18",7277600
23400,-150,100,"bu","13:18:26",7277700
23400,-150,1000,"sd","13:18:30",7278700
23400,-150,500,"bu","13:18:33",7279200
23400,-150,200,"sd","13:18:35",7279400
23350,-200,1500,"sd","13:18:53",7280900
23350,-200,200,"bu","13:18:55",7281100
23300,-250,149600,"bu","13:18:57",7430700
23350,-200,2400,"sd","13:19:02",7433100
23350,-200,500,"sd","13:19:10",7433600
23350,-200,9300,"bu","13:19:14",7442900
23300,-250,6100,"bu","13:19:19",7449000
23300,-250,200,"bu","13:19:21",7449200
23300,-250,3000,"bu","13:19:24",7452200
23300,-250,200,"sd","13:19:26",7452400
23300,-250,600,"bu","13:19:27",7453000
23300,-250,5800,"sd","13:19:32",7458800
23350,-200,400,"sd","13:19:42",7459200
23350,-200,2600,"bu","13:19:50",7461800
23350,-200,100,"sd","13:19:51",7461900
23350,-200,800,"sd","13:20:02",7462700
23350,-200,2000,"bu","13:20:07",7464700
23350,-200,100,"sd","13:20:09",7464800
23300,-250,28500,"bu","13:20:14",7493300
23300,-250,1500,"sd","13:20:16",7494800
23300,-250,2600,"bu","13:20:17",7497400
23300,-250,2600,"sd","13:20:21",7500000
23300,-250,15800,"bu","13:20:22",7515800
23350,-200,5000,"bu","13:20:24",7520800
23350,-200,300,"bu","13:20:27",7521100
23300,-250,400,"sd","13:20:43",7521500
23350,-200,100,"bu","13:20:45",7521600
23300,-250,300,"sd","13:20:50",7521900
23350,-200,100,"bu","13:20:55",7522000
23350,-200,500,"sd","13:21:00",7522500
23350,-200,200,"bu","13:21:04",7522700
23300,-250,6000,"sd","13:21:07",7528700
23350,-200,1000,"sd","13:21:09",7529700
23350,-200,3000,"sd","13:21:12",7532700
23350,-200,100,"bu","13:21:14",7532800
23350,-200,900,"bu","13:21:24",7533700
23350,-200,6100,"bu","13:21:31",7539800
23350,-200,1000,"sd","13:21:33",7540800
23350,-200,100,"sd","13:21:41",7540900
23350,-200,1000,"sd","13:21:43",7541900
23350,-200,9200,"bu","13:21:45",7551100
23350,-200,100,"sd","13:21:49",7551200
23300,-250,16100,"sd","13:21:50",7567300
23350,-200,13100,"sd","13:21:52",7580400
23350,-200,400,"sd","13:21:54",7580800
23400,-150,100,"bu","13:21:57",7580900
23400,-150,4000,"sd","13:22:06",7584900
23400,-150,100,"sd","13:22:08",7585000
23400,-150,18600,"sd","13:22:37",7603600
23400,-150,500,"sd","13:22:39",7604100
23400,-150,100,"sd","13:22:46",7604200
23400,-150,300,"bu","13:22:48",7604500
23400,-150,700,"bu","13:22:51",7605200
23400,-150,100,"sd","13:22:53",7605300
23400,-150,33000,"sd","13:23:03",7638300
23400,-150,2000,"bu","13:23:05",7640300
23400,-150,100,"bu","13:23:10",7640400
23400,-150,200,"bu","13:23:12",7640600
23400,-150,600,"sd","13:23:19",7641200
23400,-150,500,"sd","13:23:21",7641700
23400,-150,1400,"bu","13:23:27",7643100
23400,-150,2800,"sd","13:23:32",7645900
23400,-150,600,"bu","13:23:38",7646500
23400,-150,600,"bu","13:23:45",7647100
23400,-150,100,"bu","13:23:46",7647200
23400,-150,10900,"sd","13:24:03",7658100
23400,-150,100,"sd","13:24:04",7658200
23350,-200,1100,"bu","13:24:14",7659300
23400,-150,100,"bu","13:24:23",7659400
23350,-200,500,"sd","13:24:27",7659900
23350,-200,11300,"sd","13:24:32",7671200
23400,-150,100,"bu","13:24:40",7671300
23400,-150,400,"bu","13:25:06",7671700
23400,-150,8100,"bu","13:25:08",7679800
23400,-150,5000,"sd","13:25:12",7684800
23400,-150,8600,"sd","13:25:13",7693400
23400,-150,100,"bu","13:25:17",7693500
23350,-200,5300,"bu","13:25:47",7698800
23400,-150,100,"bu","13:25:52",7698900
23350,-200,1000,"bu","13:26:00",7699900
23400,-150,100,"sd","13:26:01",7700000
23350,-200,700,"sd","13:26:16",7700700
23400,-150,100,"bu","13:26:20",7700800
23350,-200,1000,"sd","13:26:25",7701800
23400,-150,100,"bu","13:26:29",7701900
23400,-150,1100,"sd","13:26:38",7703000
23350,-200,5000,"bu","13:26:40",7708000
23400,-150,100,"bu","13:26:47",7708100
23350,-200,8700,"bu","13:26:52",7716800
23400,-150,100,"sd","13:26:57",7716900
23350,-200,400,"bu","13:27:04",7717300
23400,-150,300,"bu","13:27:06",7717600
23400,-150,200,"bu","13:27:11",7717800
23400,-150,7700,"sd","13:27:13",7725500
23400,-150,100,"sd","13:27:14",7725600
23350,-200,2500,"sd","13:27:16",7728100
23350,-200,4500,"sd","13:27:21",7732600
23400,-150,100,"bu","13:27:23",7732700
23350,-200,1000,"sd","13:27:26",7733700
23350,-200,3500,"sd","13:27:30",7737200
23400,-150,100,"sd","13:27:32",7737300
23350,-200,800,"sd","13:27:33",7738100
23350,-200,3500,"sd","13:27:40",7741600
23350,-200,3200,"sd","13:27:41",7744800
23300,-250,2600,"sd","13:27:50",7747400
23350,-200,100,"sd","13:28:01",7747500
23350,-200,2300,"bu","13:28:16",7749800
23350,-200,400,"bu","13:28:17",7750200
23350,-200,100,"bu","13:28:19",7750300
23350,-200,29500,"sd","13:28:35",7779800
23400,-150,100,"sd","13:28:37",7779900
23350,-200,1500,"bu","13:28:44",7781400
23400,-150,600,"bu","13:28:45",7782000
23350,-200,2000,"bu","13:28:53",7784000
23400,-150,100,"sd","13:28:56",7784100
23350,-200,200,"sd","13:28:57",7784300
23400,-150,5000,"sd","13:29:03",7789300
23400,-150,100,"sd","13:29:04",7789400
23350,-200,300,"bu","13:29:15",7789700
23400,-150,100,"sd","13:29:22",7789800
23350,-200,200,"bu","13:29:30",7790000
23400,-150,100,"bu","13:29:31",7790100
23350,-200,2000,"bu","13:29:39",7792100
23400,-150,100,"bu","13:29:41",7792200
23350,-200,5200,"sd","13:30:02",7797400
23400,-150,100,"bu","13:30:08",7797500
23350,-200,3600,"sd","13:30:58",7801100
23400,-150,100,"bu","13:31:01",7801200
23400,-150,1000,"bu","13:31:03",7802200
23400,-150,100,"sd","13:31:10",7802300
23400,-150,600,"sd","13:31:29",7802900
23400,-150,100,"sd","13:31:38",7803000
23400,-150,800,"sd","13:31:47",7803800
23400,-150,2000,"sd","13:31:49",7805800
23400,-150,100,"sd","13:31:56",7805900
23350,-200,13300,"bu","13:32:08",7819200
23400,-150,200,"sd","13:32:13",7819400
23400,-150,100,"bu","13:32:15",7819500
23350,-200,5100,"bu","13:32:24",7824600
23400,-150,100,"sd","13:32:31",7824700
23400,-150,700,"bu","13:32:33",7825400
23400,-150,600,"sd","13:32:40",7826000
23350,-200,6000,"sd","13:32:42",7832000
23350,-200,5200,"bu","13:32:45",7837200
23400,-150,5000,"sd","13:32:47",7842200
23350,-200,300,"bu","13:32:49",7842500
23400,-150,100,"bu","13:32:50",7842600
23350,-200,5700,"sd","13:33:03",7848300
23400,-150,700,"sd","13:33:06",7849000
23400,-150,100,"bu","13:33:08",7849100
23350,-200,6700,"bu","13:34:13",7855800
23400,-150,100,"bu","13:34:21",7855900
23350,-200,1200,"bu","13:34:46",7857100
23400,-150,100,"bu","13:34:48",7857200
23350,-200,1300,"bu","13:35:18",7858500
23400,-150,100,"sd","13:35:32",7858600
23350,-200,3300,"bu","13:36:23",7861900
23350,-200,500,"sd","13:36:25",7862400
23350,-200,3100,"sd","13:36:26",7865500
23350,-200,1100,"sd","13:36:36",7866600
23350,-200,5000,"bu","13:36:38",7871600
23350,-200,100,"bu","13:36:39",7871700
23350,-200,3000,"bu","13:36:41",7874700
23350,-200,700,"sd","13:36:43",7875400
23400,-150,100,"bu","13:36:45",7875500
23400,-150,600,"bu","13:36:57",7876100
23400,-150,100,"bu","13:37:02",7876200
23400,-150,7400,"sd","13:37:11",7883600
23350,-200,1000,"bu","13:37:13",7884600
23400,-150,100,"bu","13:37:20",7884700
23350,-200,20000,"bu","13:37:27",7904700
23350,-200,8100,"bu","13:37:30",7912800
23350,-200,300,"sd","13:37:35",7913100
23400,-150,100,"sd","13:37:39",7913200
23350,-200,5200,"bu","13:37:41",7918400
23350,-200,31600,"sd","13:37:42",7950000
23250,-300,316700,"bu","13:38:03",8266700
23200,-350,10700,"bu","13:38:06",8277400
23250,-300,3000,"bu","13:38:08",8280400
23250,-300,2000,"sd","13:38:11",8282400
23250,-300,5000,"sd","13:38:15",8287400
23250,-300,100,"bu","13:38:16",8287500
23250,-300,10400,"sd","13:38:21",8297900
23250,-300,400,"bu","13:38:25",8298300
23250,-300,1200,"bu","13:38:27",8299500
23250,-300,700,"sd","13:38:29",8300200
23250,-300,2000,"sd","13:38:31",8302200
23250,-300,100,"sd","13:38:35",8302300
23200,-350,1800,"sd","13:38:36",8304100
23250,-300,1000,"bu","13:38:38",8305100
23200,-350,1500,"bu","13:38:42",8306600
23250,-300,100,"sd","13:38:44",8306700
23250,-300,5000,"sd","13:38:46",8311700
23250,-300,5100,"bu","13:38:51",8316800
23250,-300,700,"sd","13:38:53",8317500
23250,-300,300,"sd","13:38:55",8317800
23200,-350,400,"sd","13:38:57",8318200
23250,-300,1000,"sd","13:38:59",8319200
23250,-300,800,"bu","13:39:01",8320000
23250,-300,69800,"sd","13:39:03",8389800
23200,-350,3000,"sd","13:39:09",8392800
23200,-350,24300,"bu","13:39:10",8417100
23250,-300,110800,"bu","13:39:12",8527900
23200,-350,5000,"sd","13:39:14",8532900
23250,-300,500,"bu","13:39:16",8533400
23200,-350,25700,"bu","13:39:18",8559100
23250,-300,100,"bu","13:39:19",8559200
23250,-300,11500,"sd","13:39:21",8570700
23250,-300,500,"sd","13:39:23",8571200
23250,-300,10600,"sd","13:39:25",8581800
23200,-350,7100,"bu","13:39:26",8588900
23200,-350,69300,"bu","13:39:28",8658200
23200,-350,300,"sd","13:39:30",8658500
23200,-350,3800,"bu","13:39:32",8662300
23200,-350,3600,"sd","13:39:34",8665900
23200,-350,6000,"sd","13:39:37",8671900
23200,-350,1000,"bu","13:39:42",8672900
23200,-350,7900,"bu","13:39:43",8680800
23200,-350,1000,"bu","13:39:45",8681800
23250,-300,100,"sd","13:39:47",8681900
23200,-350,2000,"sd","13:39:51",8683900
23250,-300,200,"sd","13:39:52",8684100
23250,-300,13100,"sd","13:39:56",8697200
23200,-350,10000,"sd","13:40:01",8707200
23250,-300,200,"bu","13:40:05",8707400
23200,-350,22800,"sd","13:40:07",8730200
23200,-350,32100,"sd","13:40:12",8762300
23200,-350,16300,"sd","13:40:13",8778600
23200,-350,12000,"bu","13:40:15",8790600
23200,-350,10200,"sd","13:40:17",8800800
23200,-350,5500,"bu","13:40:21",8806300
23250,-300,200,"sd","13:40:26",8806500
23200,-350,2000,"sd","13:40:28",8808500
23200,-350,6800,"bu","13:40:30",8815300
23200,-350,1200,"bu","13:40:31",8816500
23250,-300,100,"sd","13:40:33",8816600
23250,-300,1500,"bu","13:40:37",8818100
23250,-300,600,"bu","13:40:40",8818700
23250,-300,200,"bu","13:40:42",8818900
23200,-350,2400,"sd","13:40:46",8821300
23250,-300,2300,"sd","13:40:57",8823600
23250,-300,16000,"bu","13:40:58",8839600
23250,-300,200,"bu","13:41:01",8839800
23250,-300,1000,"bu","13:41:02",8840800
23250,-300,4000,"bu","13:41:07",8844800
23250,-300,100,"sd","13:41:11",8844900
23250,-300,20600,"sd","13:41:18",8865500
23250,-300,100,"sd","13:41:20",8865600
23250,-300,16500,"sd","13:41:23",8882100
23250,-300,8100,"sd","13:41:25",8890200
23250,-300,5600,"bu","13:41:27",8895800
23300,-250,100,"bu","13:41:29",8895900
23250,-300,500,"sd","13:41:37",8896400
23300,-250,6200,"bu","13:41:46",8902600
23250,-300,100,"bu","13:41:48",8902700
23250,-300,15000,"sd","13:41:52",8917700
23300,-250,100,"bu","13:41:56",8917800
23250,-300,1000,"sd","13:41:58",8918800
23300,-250,1100,"bu","13:42:04",8919900
23250,-300,1500,"bu","13:42:06",8921400
23250,-300,800,"bu","13:42:08",8922200
23300,-250,100,"bu","13:42:14",8922300
23250,-300,11200,"bu","13:42:16",8933500
23250,-300,1200,"bu","13:42:18",8934700
23200,-350,25800,"sd","13:42:20",8960500
23250,-300,2000,"bu","13:42:22",8962500
23250,-300,500,"bu","13:42:29",8963000
23250,-300,10000,"sd","13:42:31",8973000
23250,-300,100,"sd","13:42:33",8973100
23250,-300,600,"bu","13:42:35",8973700
23250,-300,700,"sd","13:42:37",8974400
23300,-250,100,"sd","13:42:42",8974500
23250,-300,200,"sd","13:42:43",8974700
23300,-250,100,"sd","13:42:51",8974800
23250,-300,2800,"bu","13:42:59",8977600
23300,-250,100,"sd","13:43:01",8977700
23250,-300,2100,"bu","13:43:14",8979800
23300,-250,200,"bu","13:43:17",8980000
23250,-300,2000,"bu","13:43:22",8982000
23300,-250,100,"sd","13:43:24",8982100
23250,-300,4900,"bu","13:43:30",8987000
23250,-300,1500,"bu","13:43:32",8988500
23200,-350,8400,"bu","13:43:36",8996900
23250,-300,600,"bu","13:43:38",8997500
23250,-300,2000,"bu","13:43:40",8999500
23250,-300,200,"sd","13:43:47",8999700
23250,-300,300,"bu","13:43:51",9000000
23250,-300,600,"bu","13:43:53",9000600
23250,-300,12200,"bu","13:44:02",9012800
23250,-300,100,"bu","13:44:04",9012900
23250,-300,6200,"sd","13:44:06",9019100
23250,-300,900,"sd","13:44:10",9020000
23250,-300,200,"sd","13:44:12",9020200
23250,-300,2700,"sd","13:44:18",9022900
23250,-300,1100,"sd","13:44:22",9024000
23250,-300,5500,"sd","13:44:34",9029500
23200,-350,3600,"bu","13:44:36",9033100
23250,-300,500,"sd","13:44:56",9033600
23250,-300,700,"sd","13:44:58",9034300
23200,-350,6900,"bu","13:45:02",9041200
23200,-350,5600,"sd","13:45:04",9046800
23200,-350,500,"bu","13:45:06",9047300
23250,-300,5600,"bu","13:45:15",9052900
23200,-350,1100,"sd","13:45:17",9054000
23250,-300,1700,"bu","13:45:25",9055700
23250,-300,2800,"bu","13:45:27",9058500
23200,-350,1000,"sd","13:45:29",9059500
23250,-300,2100,"sd","13:45:35",9061600
23250,-300,6500,"bu","13:45:39",9068100
23250,-300,2200,"bu","13:45:41",9070300
23250,-300,2100,"bu","13:45:43",9072400
23250,-300,3500,"bu","13:45:45",9075900
23250,-300,3200,"bu","13:45:47",9079100
23250,-300,100,"bu","13:45:53",9079200
23250,-300,3800,"bu","13:45:55",9083000
23250,-300,500,"sd","13:45:59",9083500
23250,-300,5500,"sd","13:46:01",9089000
23250,-300,7900,"sd","13:46:03",9096900
23300,-250,300,"sd","13:46:11",9097200
23250,-300,10100,"bu","13:46:18",9107300
23300,-250,100,"bu","13:46:20",9107400
23300,-250,2100,"sd","13:46:33",9109500
23300,-250,300,"sd","13:46:35",9109800
23300,-250,200,"sd","13:46:37",9110000
23300,-250,3700,"sd","13:46:42",9113700
23250,-300,1000,"bu","13:46:45",9114700
23300,-250,200,"sd","13:46:47",9114900
23250,-300,600,"bu","13:46:54",9115500
23300,-250,100,"sd","13:46:56",9115600
23300,-250,1000,"bu","13:47:03",9116600
23300,-250,200,"sd","13:47:05",9116800
23300,-250,2100,"sd","13:47:22",9118900
23300,-250,200,"sd","13:47:24",9119100
23300,-250,7300,"bu","13:47:28",9126400
23300,-250,200,"bu","13:47:30",9126600
23300,-250,400,"sd","13:47:32",9127000
23300,-250,13100,"sd","13:47:34",9140100
23300,-250,12500,"bu","13:47:38",9152600
23300,-250,500,"sd","13:47:40",9153100
23300,-250,2700,"sd","13:47:42",9155800
23300,-250,8000,"bu","13:47:45",9163800
23300,-250,1000,"bu","13:47:49",9164800
23300,-250,900,"sd","13:47:51",9165700
23300,-250,1600,"sd","13:47:58",9167300
23300,-250,12500,"bu","13:48:02",9179800
23300,-250,3600,"sd","13:48:16",9183400
23350,-200,200,"sd","13:48:18",9183600
23350,-200,100,"sd","13:48:26",9183700
23350,-200,200,"sd","13:48:30",9183900
23300,-250,500,"sd","13:48:32",9184400
23300,-250,9100,"bu","13:48:38",9193500
23350,-200,100,"bu","13:48:45",9193600
23300,-250,35400,"bu","13:48:49",9229000
23300,-250,8800,"sd","13:48:51",9237800
23300,-250,2300,"sd","13:48:54",9240100
23300,-250,5000,"bu","13:48:56",9245100
23300,-250,100,"sd","13:48:57",9245200
23300,-250,500,"bu","13:48:59",9245700
23300,-250,100,"sd","13:49:01",9245800
23350,-200,200,"sd","13:49:05",9246000
23300,-250,4400,"bu","13:49:07",9250400
23250,-300,14400,"bu","13:49:09",9264800
23300,-250,200,"sd","13:49:15",9265000
23300,-250,1000,"bu","13:49:23",9266000
23300,-250,900,"bu","13:49:27",9266900
23300,-250,400,"bu","13:49:29",9267300
23250,-300,4500,"sd","13:49:31",9271800
23300,-250,100,"sd","13:49:33",9271900
23300,-250,2500,"bu","13:49:35",9274400
23250,-300,500,"bu","13:49:38",9274900
23300,-250,1000,"sd","13:49:40",9275900
23300,-250,200,"bu","13:49:42",9276100
23300,-250,1600,"sd","13:49:46",9277700
23250,-300,300,"bu","13:49:50",9278000
23300,-250,1900,"bu","13:49:52",9279900
23250,-300,1400,"sd","13:49:53",9281300
23300,-250,100,"bu","13:49:55",9281400
23300,-250,3700,"sd","13:49:57",9285100
23350,-200,200,"sd","13:49:59",9285300
23350,-200,100,"bu","13:50:09",9285400
23300,-250,500,"sd","13:50:11",9285900
23350,-200,200,"sd","13:50:17",9286100
23300,-250,500,"bu","13:50:19",9286600
23350,-200,400,"bu","13:50:25",9287000
23350,-200,600,"bu","13:50:27",9287600
23350,-200,200,"bu","13:50:36",9287800
23300,-250,500,"bu","13:50:43",9288300
23350,-200,100,"sd","13:50:45",9288400
23300,-250,8200,"sd","13:50:51",9296600
23350,-200,100,"sd","13:50:55",9296700
23350,-200,1200,"sd","13:50:59",9297900
23350,-200,100,"sd","13:51:03",9298000
23300,-250,10800,"sd","13:51:05",9308800
23350,-200,500,"bu","13:51:10",9309300
23350,-200,100,"sd","13:51:12",9309400
23350,-200,1000,"bu","13:51:14",9310400
23300,-250,1000,"bu","13:51:16",9311400
23300,-250,1200,"bu","13:51:24",9312600
23300,-250,2900,"bu","13:51:27",9315500
23300,-250,600,"bu","13:51:31",9316100
23350,-200,600,"sd","13:51:40",9316700
23350,-200,900,"bu","13:51:47",9317600
23350,-200,600,"sd","13:51:49",9318200
23350,-200,500,"sd","13:51:51",9318700
23350,-200,100,"bu","13:51:58",9318800
23300,-250,500,"sd","13:52:04",9319300
23350,-200,200,"sd","13:52:06",9319500
23350,-200,100,"bu","13:52:15",9319600
23300,-250,500,"bu","13:52:20",9320100
23350,-200,1000,"sd","13:52:22",9321100
23350,-200,1100,"bu","13:52:27",9322200
23350,-200,3000,"sd","13:52:32",9325200
23350,-200,5100,"sd","13:52:34",9330300
23300,-250,500,"sd","13:52:36",9330800
23350,-200,2600,"bu","13:52:42",9333400
23350,-200,10200,"bu","13:52:52",9343600
23350,-200,2500,"sd","13:52:54",9346100
23350,-200,200,"sd","13:53:01",9346300
23300,-250,21600,"sd","13:53:07",9367900
23350,-200,600,"bu","13:53:09",9368500
23350,-200,1000,"bu","13:53:13",9369500
23350,-200,1200,"bu","13:53:19",9370700
23350,-200,2900,"sd","13:53:23",9373600
23300,-250,500,"bu","13:53:26",9374100
23350,-200,700,"sd","13:53:31",9374800
23350,-200,10200,"bu","13:53:33",9385000
23350,-200,10900,"bu","13:53:36",9395900
23350,-200,3000,"sd","13:53:40",9398900
23350,-200,900,"bu","13:53:43",9399800
23350,-200,2900,"bu","13:53:45",9402700
23350,-200,1800,"bu","13:53:51",9404500
23350,-200,1000,"bu","13:53:52",9405500
23350,-200,21100,"bu","13:53:54",9426600
23300,-250,9700,"bu","13:53:56",9436300
23350,-200,11600,"bu","13:53:58",9447900
23400,-150,100,"sd","13:54:04",9448000
23350,-200,500,"sd","13:54:08",9448500
23400,-150,2000,"bu","13:54:10",9450500
23400,-150,3100,"sd","13:54:13",9453600
23350,-200,500,"sd","13:54:15",9454100
23350,-200,1000,"sd","13:54:17",9455100
23400,-150,100,"bu","13:54:20",9455200
23400,-150,20000,"bu","13:54:28",9475200
23400,-150,11100,"sd","13:54:30",9486300
23400,-150,1200,"sd","13:54:40",9487500
23400,-150,3500,"bu","13:54:44",9491000
23350,-200,6600,"sd","13:54:46",9497600
23400,-150,10500,"sd","13:54:49",9508100
23400,-150,600,"sd","13:54:50",9508700
23400,-150,4000,"bu","13:54:58",9512700
23400,-150,100,"sd","13:55:00",9512800
23350,-200,16800,"bu","13:55:03",9529600
23400,-150,1000,"bu","13:55:05",9530600
23400,-150,2300,"bu","13:55:07",9532900
23400,-150,3000,"sd","13:55:11",9535900
23350,-200,3400,"sd","13:55:15",9539300
23400,-150,500,"sd","13:55:18",9539800
23350,-200,500,"sd","13:55:20",9540300
23400,-150,100,"bu","13:55:22",9540400
23400,-150,11200,"bu","13:55:24",9551600
23400,-150,11000,"sd","13:55:26",9562600
23400,-150,500,"sd","13:55:31",9563100
23400,-150,2000,"sd","13:55:33",9565100
23400,-150,13700,"sd","13:55:34",9578800
23400,-150,2300,"sd","13:55:37",9581100
23400,-150,100,"bu","13:55:41",9581200
23400,-150,1000,"bu","13:55:45",9582200
23400,-150,26000,"sd","13:55:50",9608200
23400,-150,14200,"sd","13:55:52",9622400
23400,-150,1000,"sd","13:55:54",9623400
23400,-150,100,"sd","13:55:55",9623500
23400,-150,800,"sd","13:55:59",9624300
23400,-150,5700,"sd","13:56:01",9630000
23450,-100,15300,"sd","13:56:09",9645300
23400,-150,1800,"sd","13:56:13",9647100
23450,-100,3000,"bu","13:56:16",9650100
23450,-100,16200,"bu","13:56:18",9666300
23450,-100,3900,"sd","13:56:22",9670200
23400,-150,500,"sd","13:56:24",9670700
23450,-100,4000,"bu","13:56:26",9674700
23400,-150,10100,"sd","13:56:28",9684800
23450,-100,100,"sd","13:56:30",9684900
23450,-100,300,"sd","13:56:32",9685200
23450,-100,11200,"sd","13:56:35",9696400
23450,-100,2000,"bu","13:56:38",9698400
23500,-50,30100,"bu","13:56:40",9728500
23450,-100,1000,"bu","13:56:42",9729500
23450,-100,5500,"sd","13:56:45",9735000
23500,-50,100,"bu","13:56:47",9735100
23450,-100,600,"bu","13:56:56",9735700
23500,-50,12000,"bu","13:57:03",9747700
23500,-50,1100,"bu","13:57:05",9748800
23500,-50,35200,"sd","13:57:08",9784000
23500,-50,1900,"sd","13:57:12",9785900
23500,-50,9800,"sd","13:57:14",9795700
23500,-50,400,"bu","13:57:21",9796100
23450,-100,3300,"sd","13:57:24",9799400
23500,-50,10200,"bu","13:57:27",9809600
23450,-100,500,"bu","13:57:29",9810100
23500,-50,10000,"bu","13:57:31",9820100
23450,-100,6300,"sd","13:57:36",9826400
23500,-50,10000,"sd","13:57:42",9836400
23450,-100,500,"sd","13:57:44",9836900
23500,-50,3000,"bu","13:57:46",9839900
23500,-50,14700,"sd","13:57:52",9854600
23500,-50,26700,"sd","13:57:59",9881300
23500,-50,5500,"sd","13:58:03",9886800
23500,-50,20800,"bu","13:58:06",9907600
23500,-50,7700,"sd","13:58:10",9915300
23500,-50,100,"bu","13:58:14",9915400
23500,-50,20400,"sd","13:58:18",9935800
23500,-50,23300,"sd","13:58:20",9959100
23500,-50,10700,"sd","13:58:22",9969800
23500,-50,5000,"sd","13:58:26",9974800
23500,-50,10200,"bu","13:58:30",9985000
23500,-50,9000,"sd","13:58:32",9994000
23450,-100,500,"bu","13:58:34",9994500
23500,-50,100,"bu","13:58:36",9994600
23500,-50,9100,"bu","13:58:38",10003700
23500,-50,6700,"sd","13:58:40",10010400
23500,-50,50000,"bu","13:58:42",10060400
23500,-50,3200,"sd","13:58:43",10063600
23500,-50,1000,"bu","13:58:45",10064600
23500,-50,12500,"bu","13:58:47",10077100
23500,-50,1900,"bu","13:58:50",10079000
23500,-50,2100,"bu","13:58:51",10081100
23500,-50,10100,"sd","13:58:53",10091200
23500,-50,1000,"sd","13:58:55",10092200
23500,-50,200,"bu","13:58:57",10092400
23500,-50,2000,"sd","13:59:02",10094400
23450,-100,100,"sd","13:59:03",10094500
23500,-50,200,"bu","13:59:06",10094700
23450,-100,500,"bu","13:59:08",10095200
23500,-50,200,"sd","13:59:10",10095400
23500,-50,100,"bu","13:59:14",10095500
23500,-50,5000,"sd","13:59:16",10100500
23500,-50,25000,"sd","13:59:20",10125500
23500,-50,2600,"sd","13:59:22",10128100
23500,-50,2000,"sd","13:59:25",10130100
23500,-50,6100,"sd","13:59:29",10136200
23500,-50,500,"sd","13:59:33",10136700
23500,-50,100,"sd","13:59:36",10136800
23500,-50,2000,"bu","13:59:38",10138800
23500,-50,600,"sd","13:59:40",10139400
23500,-50,1000,"sd","13:59:45",10140400
23500,-50,2000,"sd","13:59:49",10142400
23500,-50,100,"sd","13:59:51",10142500
23500,-50,500,"bu","13:59:56",10143000
23500,-50,39400,"sd","14:00:00",10182400
23450,-100,200,"sd","14:00:05",10182600
23500,-50,100,"sd","14:00:07",10182700
23450,-100,2500,"bu","14:00:12",10185200
23450,-100,1200,"bu","14:00:19",10186400
23450,-100,16400,"bu","14:00:25",10202800
23450,-100,500,"sd","14:00:28",10203300
23450,-100,10700,"sd","14:00:32",10214000
23500,-50,100,"sd","14:00:35",10214100
23450,-100,32000,"bu","14:00:37",10246100
23450,-100,1000,"bu","14:00:39",10247100
23500,-50,6000,"bu","14:00:41",10253100
23400,-150,4300,"bu","14:00:44",10257400
23450,-100,300,"sd","14:00:51",10257700
23450,-100,1600,"sd","14:00:53",10259300
23500,-50,100,"bu","14:00:55",10259400
23450,-100,400,"bu","14:01:00",10259800
23450,-100,100,"bu","14:01:05",10259900
23450,-100,1600,"bu","14:01:13",10261500
23450,-100,100,"sd","14:01:16",10261600
23400,-150,500,"sd","14:01:18",10262100
23450,-100,1000,"sd","14:01:22",10263100
23450,-100,100,"bu","14:01:26",10263200
23450,-100,200,"sd","14:01:28",10263400
23450,-100,400,"bu","14:01:31",10263800
23400,-150,600,"bu","14:01:33",10264400
23450,-100,100,"sd","14:01:41",10264500
23400,-150,1000,"bu","14:01:46",10265500
23450,-100,5200,"sd","14:01:53",10270700
23450,-100,1000,"bu","14:01:57",10271700
23450,-100,3900,"sd","14:01:59",10275600
23450,-100,1000,"bu","14:02:01",10276600
23450,-100,700,"bu","14:02:08",10277300
23400,-150,3600,"bu","14:02:17",10280900
23450,-100,100,"bu","14:02:19",10281000
23400,-150,500,"bu","14:02:22",10281500
23400,-150,2000,"bu","14:02:24",10283500
23450,-100,200,"sd","14:02:26",10283700
23400,-150,900,"sd","14:02:38",10284600
23450,-100,5000,"bu","14:02:40",10289600
23450,-100,3000,"bu","14:02:42",10292600
23450,-100,200,"bu","14:02:45",10292800
23400,-150,700,"sd","14:02:53",10293500
23450,-100,2000,"bu","14:02:57",10295500
23400,-150,400,"sd","14:02:59",10295900
23450,-100,100,"sd","14:03:04",10296000
23450,-100,5600,"bu","14:03:11",10301600
23450,-100,100,"bu","14:03:13",10301700
23450,-100,200,"bu","14:03:16",10301900
23450,-100,10000,"sd","14:03:18",10311900
23400,-150,4600,"bu","14:03:28",10316500
23450,-100,200,"sd","14:03:29",10316700
23400,-150,14000,"bu","14:03:34",10330700
23450,-100,100,"bu","14:03:40",10330800
23400,-150,10500,"bu","14:03:43",10341300
23450,-100,100,"sd","14:03:47",10341400
23400,-150,200,"sd","14:03:49",10341600
23400,-150,700,"bu","14:04:00",10342300
23400,-150,25100,"sd","14:04:02",10367400
23400,-150,10400,"sd","14:04:15",10377800
23400,-150,3600,"sd","14:04:17",10381400
23400,-150,3100,"sd","14:04:19",10384500
23400,-150,10000,"sd","14:04:21",10394500
23400,-150,1400,"bu","14:04:26",10395900
23400,-150,13300,"bu","14:04:43",10409200
23400,-150,700,"bu","14:04:47",10409900
23400,-150,1400,"sd","14:04:51",10411300
23450,-100,200,"bu","14:04:55",10411500
23400,-150,7800,"bu","14:05:20",10419300
23450,-100,1300,"bu","14:05:24",10420600
23400,-150,2200,"bu","14:05:29",10422800
23450,-100,100,"bu","14:05:31",10422900
23400,-150,200,"sd","14:05:34",10423100
23400,-150,500,"bu","14:05:38",10423600
23450,-100,1500,"sd","14:05:40",10425100
23400,-150,22800,"bu","14:05:42",10447900
23400,-150,400,"sd","14:05:44",10448300
23400,-150,2000,"bu","14:05:49",10450300
23400,-150,2100,"sd","14:05:51",10452400
23400,-150,1400,"sd","14:05:56",10453800
23400,-150,2000,"bu","14:06:00",10455800
23400,-150,1300,"bu","14:06:05",10457100
23400,-150,800,"bu","14:06:09",10457900
23450,-100,15100,"bu","14:06:14",10473000
23400,-150,900,"bu","14:06:18",10473900
23400,-150,1000,"sd","14:06:20",10474900
23350,-200,500,"bu","14:06:24",10475400
23400,-150,500,"bu","14:06:26",10475900
23400,-150,100,"sd","14:06:28",10476000
23400,-150,2400,"sd","14:06:31",10478400
23400,-150,800,"bu","14:06:35",10479200
23450,-100,100,"sd","14:06:38",10479300
23400,-150,3600,"sd","14:06:42",10482900
23400,-150,2100,"sd","14:06:47",10485000
23400,-150,15000,"bu","14:06:54",10500000
23450,-100,100,"sd","14:06:56",10500100
23400,-150,11600,"bu","14:07:05",10511700
23450,-100,700,"sd","14:07:15",10512400
23400,-150,1700,"sd","14:07:17",10514100
23400,-150,1000,"bu","14:07:19",10515100
23400,-150,1800,"sd","14:07:22",10516900
23400,-150,2000,"bu","14:07:29",10518900
23350,-200,500,"sd","14:07:31",10519400
23400,-150,700,"bu","14:07:35",10520100
23400,-150,100,"bu","14:07:39",10520200
23400,-150,500,"bu","14:07:41",10520700
23400,-150,100,"sd","14:07:44",10520800
23400,-150,800,"bu","14:07:46",10521600
23350,-200,300,"bu","14:07:50",10521900
23400,-150,100,"bu","14:07:52",10522000
23400,-150,5000,"bu","14:07:57",10527000
23400,-150,200,"sd","14:08:01",10527200
23350,-200,1700,"sd","14:08:09",10528900
23400,-150,200,"sd","14:08:12",10529100
23400,-150,5000,"bu","14:08:17",10534100
23400,-150,900,"sd","14:08:19",10535000
23400,-150,200,"bu","14:08:29",10535200
23400,-150,2500,"bu","14:08:31",10537700
23400,-150,2200,"bu","14:08:35",10539900
23400,-150,1200,"sd","14:08:38",10541100
23400,-150,10200,"sd","14:08:46",10551300
23400,-150,100,"bu","14:08:48",10551400
23400,-150,2600,"bu","14:08:50",10554000
23400,-150,200,"bu","14:08:57",10554200
23400,-150,600,"bu","14:09:01",10554800
23400,-150,6000,"sd","14:09:03",10560800
23400,-150,100,"bu","14:09:05",10560900
23400,-150,9600,"bu","14:09:14",10570500
23350,-200,1800,"sd","14:09:18",10572300
23400,-150,5000,"bu","14:09:20",10577300
23400,-150,800,"bu","14:09:23",10578100
23400,-150,11500,"sd","14:09:40",10589600
23450,-100,100,"sd","14:09:41",10589700
23400,-150,600,"bu","14:09:57",10590300
23450,-100,200,"sd","14:09:59",10590500
23400,-150,1200,"sd","14:10:13",10591700
23450,-100,100,"sd","14:10:15",10591800
23400,-150,3600,"bu","14:10:30",10595400
23450,-100,100,"bu","14:10:35",10595500
23450,-100,5000,"sd","14:10:37",10600500
23400,-150,10000,"sd","14:10:42",10610500
23400,-150,10600,"bu","14:10:44",10621100
23450,-100,8100,"bu","14:10:47",10629200
23400,-150,10000,"sd","14:10:49",10639200
23400,-150,500,"sd","14:10:52",10639700
23400,-150,8700,"sd","14:10:54",10648400
23400,-150,15300,"bu","14:11:01",10663700
23450,-100,100,"bu","14:11:03",10663800
23450,-100,800,"sd","14:11:06",10664600
23400,-150,2000,"sd","14:11:08",10666600
23450,-100,100,"bu","14:11:10",10666700
23400,-150,3600,"bu","14:11:13",10670300
23400,-150,1000,"bu","14:11:15",10671300
23400,-150,500,"sd","14:11:17",10671800
23450,-100,2400,"sd","14:11:20",10674200
23450,-100,500,"sd","14:11:22",10674700
23400,-150,3000,"bu","14:11:26",10677700
23400,-150,700,"bu","14:11:31",10678400
23400,-150,1500,"bu","14:11:33",10679900
23450,-100,1100,"bu","14:11:38",10681000
23400,-150,800,"bu","14:11:41",10681800
23450,-100,200,"sd","14:11:48",10682000
23400,-150,500,"sd","14:11:50",10682500
23450,-100,600,"bu","14:11:57",10683100
23400,-150,600,"bu","14:12:06",10683700
23400,-150,200,"bu","14:12:10",10683900
23450,-100,800,"bu","14:12:29",10684700
23400,-150,600,"bu","14:12:39",10685300
23450,-100,100,"bu","14:12:42",10685400
23400,-150,5200,"bu","14:12:51",10690600
23400,-150,1900,"sd","14:12:53",10692500
23400,-150,500,"bu","14:12:56",10693000
23450,-100,200,"bu","14:13:00",10693200
23450,-100,100,"bu","14:13:09",10693300
23400,-150,600,"sd","14:13:11",10693900
23450,-100,100,"sd","14:13:18",10694000
23450,-100,29500,"bu","14:13:23",10723500
23400,-150,300,"sd","14:13:25",10723800
23400,-150,600,"sd","14:13:27",10724400
23450,-100,200,"bu","14:13:30",10724600
23450,-100,7900,"bu","14:13:41",10732500
23400,-150,1000,"bu","14:13:43",10733500
23450,-100,100,"sd","14:13:45",10733600
23450,-100,32100,"sd","14:13:56",10765700
23400,-150,500,"sd","14:14:01",10766200
23450,-100,100,"bu","14:14:03",10766300
23450,-100,3200,"sd","14:14:13",10769500
23400,-150,500,"sd","14:14:16",10770000
23450,-100,100,"bu","14:14:20",10770100
23450,-100,200,"bu","14:14:23",10770300
23450,-100,100,"bu","14:14:28",10770400
23450,-100,3800,"bu","14:14:31",10774200
23400,-150,500,"bu","14:14:33",10774700
23450,-100,600,"bu","14:14:38",10775300
23450,-100,5000,"sd","14:14:41",10780300
23450,-100,100,"sd","14:14:48",10780400
23400,-150,500,"bu","14:14:50",10780900
23450,-100,200,"sd","14:14:58",10781100
23400,-150,2000,"bu","14:15:01",10783100
23450,-100,700,"bu","14:15:05",10783800
23450,-100,100,"bu","14:15:15",10783900
23450,-100,3000,"sd","14:15:20",10786900
23400,-150,1500,"bu","14:15:23",10788400
23450,-100,15100,"bu","14:15:26",10803500
23450,-100,100,"sd","14:15:34",10803600
23450,-100,300,"bu","14:15:51",10803900
23400,-150,10000,"bu","14:15:55",10813900
23450,-100,200,"bu","14:16:00",10814100
23400,-150,1200,"bu","14:16:15",10815300
23450,-100,100,"sd","14:16:17",10815400
23450,-100,1300,"sd","14:16:51",10816700
23450,-100,100,"sd","14:16:53",10816800
23450,-100,200,"bu","14:17:03",10817000
23450,-100,100,"sd","14:17:05",10817100
23450,-100,2000,"sd","14:17:10",10819100
23450,-100,100,"bu","14:17:12",10819200
23450,-100,1000,"sd","14:17:14",10820200
23450,-100,100,"sd","14:17:19",10820300
23400,-150,900,"sd","14:17:21",10821200
23450,-100,5000,"sd","14:17:23",10826200
23450,-100,200,"sd","14:17:28",10826400
23450,-100,200,"sd","14:17:30",10826600
23450,-100,500,"bu","14:17:37",10827100
23450,-100,200,"sd","14:17:39",10827300
23450,-100,200,"sd","14:17:48",10827500
23450,-100,3500,"bu","14:17:52",10831000
23400,-150,100,"bu","14:17:54",10831100
23450,-100,1100,"bu","14:17:59",10832200
23450,-100,1200,"bu","14:18:07",10833400
23450,-100,1100,"bu","14:18:16",10834500
23400,-150,500,"bu","14:18:19",10835000
23450,-100,1100,"bu","14:18:24",10836100
23400,-150,22100,"bu","14:18:35",10858200
23450,-100,2400,"sd","14:18:37",10860600
23450,-100,7200,"sd","14:18:42",10867800
23450,-100,5000,"sd","14:18:49",10872800
23450,-100,100,"bu","14:18:52",10872900
23450,-100,500,"sd","14:18:54",10873400
23450,-100,25000,"bu","14:18:56",10898400
23450,-100,10600,"sd","14:18:58",10909000
23450,-100,3200,"sd","14:19:00",10912200
23450,-100,4000,"bu","14:19:02",10916200
23450,-100,8700,"bu","14:19:05",10924900
23450,-100,2100,"sd","14:19:07",10927000
23450,-100,4000,"bu","14:19:24",10931000
23500,-50,100,"bu","14:19:27",10931100
23450,-100,200,"sd","14:19:35",10931300
23500,-50,85300,"bu","14:19:45",11016600
23450,-100,3000,"sd","14:19:48",11019600
23450,-100,1000,"sd","14:19:51",11020600
23500,-50,100,"sd","14:19:55",11020700
23500,-50,1100,"sd","14:20:05",11021800
23500,-50,11000,"sd","14:20:12",11032800
23500,-50,6100,"bu","14:20:17",11038900
23500,-50,1900,"bu","14:20:19",11040800
23500,-50,6200,"bu","14:20:22",11047000
23500,-50,1800,"sd","14:20:24",11048800
23500,-50,200,"sd","14:20:27",11049000
23500,-50,400,"bu","14:20:29",11049400
23500,-50,600,"bu","14:20:31",11050000
23500,-50,4500,"bu","14:20:41",11054500
23500,-50,6100,"bu","14:20:56",11060600
23550,0,8300,"bu","14:21:00",11068900
23550,0,800,"bu","14:21:05",11069700
23550,0,100,"sd","14:21:08",11069800
23550,0,7100,"bu","14:21:18",11076900
23550,0,500,"bu","14:21:20",11077400
23550,0,10100,"sd","14:21:22",11087500
23550,0,7500,"bu","14:21:24",11095000
23550,0,6000,"bu","14:21:27",11101000
23550,0,1500,"sd","14:21:29",11102500
23550,0,12400,"bu","14:21:34",11114900
23550,0,16000,"sd","14:21:39",11130900
23550,0,3400,"bu","14:21:42",11134300
23550,0,1500,"sd","14:21:44",11135800
23550,0,31900,"sd","14:21:47",11167700
23550,0,12300,"sd","14:21:49",11180000
23550,0,17800,"bu","14:21:52",11197800
23600,50,1000,"sd","14:21:57",11198800
23600,50,13800,"sd","14:21:59",11212600
23600,50,34800,"sd","14:22:07",11247400
23600,50,4500,"bu","14:22:09",11251900
23600,50,20500,"sd","14:22:12",11272400
23650,100,5900,"sd","14:22:21",11278300
23650,100,23100,"sd","14:22:24",11301400
23650,100,500,"sd","14:22:28",11301900
23700,150,1500,"bu","14:22:36",11303400
23700,150,200,"sd","14:22:39",11303600
23700,150,5700,"bu","14:22:42",11309300
23700,150,40100,"bu","14:22:44",11349400
23700,150,200,"sd","14:22:47",11349600
23700,150,9600,"bu","14:22:49",11359200
23700,150,10000,"bu","14:22:52",11369200
23650,100,700,"sd","14:22:57",11369900
23700,150,1300,"bu","14:23:00",11371200
23700,150,30500,"sd","14:23:05",11401700
23700,150,3600,"bu","14:23:07",11405300
23700,150,22800,"bu","14:23:10",11428100
23700,150,3000,"bu","14:23:12",11431100
23700,150,2500,"bu","14:23:15",11433600
23700,150,700,"bu","14:23:18",11434300
23700,150,100,"bu","14:23:20",11434400
23700,150,8800,"bu","14:23:32",11443200
23700,150,20300,"sd","14:23:34",11463500
23800,250,1700,"bu","14:23:36",11465200
23800,250,200,"sd","14:23:39",11465400
23750,200,2300,"bu","14:23:42",11467700
23800,250,2000,"sd","14:23:47",11469700
23800,250,5000,"sd","14:23:49",11474700
23750,200,11400,"bu","14:23:57",11486100
23750,200,9600,"bu","14:24:03",11495700
23750,200,16600,"bu","14:24:05",11512300
23800,250,10900,"sd","14:24:08",11523200
23800,250,1500,"bu","14:24:18",11524700
23800,250,5000,"sd","14:24:23",11529700
23800,250,4400,"bu","14:24:25",11534100
23750,200,11500,"sd","14:24:32",11545600
23750,200,30800,"sd","14:24:35",11576400
23750,200,20200,"bu","14:24:37",11596600
23700,150,4000,"sd","14:24:39",11600600
23750,200,500,"bu","14:24:43",11601100
23700,150,100,"bu","14:24:46",11601200
23750,200,1100,"sd","14:24:57",11602300
23700,150,42200,"bu","14:25:01",11644500
23700,150,8400,"bu","14:25:04",11652900
23700,150,400,"bu","14:25:06",11653300
23650,100,1000,"bu","14:25:08",11654300
23700,150,1000,"bu","14:25:10",11655300
23700,150,3300,"sd","14:25:13",11658600
23700,150,1000,"bu","14:25:18",11659600
23700,150,10400,"bu","14:25:38",11670000
23650,100,500,"bu","14:25:43",11670500
23600,50,18500,"sd","14:25:48",11689000
23650,100,600,"sd","14:25:50",11689600
23650,100,300,"sd","14:25:53",11689900
23600,50,1100,"sd","14:26:00",11691000
23600,50,5000,"bu","14:26:08",11696000
23600,50,6500,"bu","14:26:15",11702500
23600,50,1700,"sd","14:26:20",11704200
23600,50,4000,"sd","14:26:23",11708200
23650,100,1100,"bu","14:26:25",11709300
23600,50,800,"sd","14:26:30",11710100
23600,50,2000,"bu","14:26:33",11712100
23600,50,2400,"sd","14:26:35",11714500
23600,50,2000,"bu","14:26:42",11716500
23600,50,400,"bu","14:26:45",11716900
23600,50,10000,"bu","14:26:48",11726900
23600,50,500,"bu","14:26:50",11727400
23600,50,4900,"sd","14:26:57",11732300
23600,50,1000,"sd","14:27:02",11733300
23600,50,1300,"sd","14:27:12",11734600
23600,50,500,"sd","14:27:23",11735100
23600,50,25500,"sd","14:27:26",11760600
23650,100,1500,"bu","14:27:28",11762100
23600,50,5600,"sd","14:27:38",11767700
23650,100,200,"bu","14:27:40",11767900
23650,100,900,"sd","14:27:46",11768800
23600,50,30200,"bu","14:27:54",11799000
23650,100,600,"sd","14:27:56",11799600
23600,50,7000,"bu","14:27:59",11806600
23650,100,22400,"sd","14:28:02",11829000
23650,100,1000,"bu","14:28:07",11830000
23700,150,1000,"sd","14:28:09",11831000
23650,100,500,"bu","14:28:11",11831500
23650,100,1500,"sd","14:28:14",11833000
23650,100,100,"bu","14:28:16",11833100
23650,100,11000,"bu","14:28:21",11844100
23650,100,300,"bu","14:28:24",11844400
23700,150,3600,"bu","14:28:27",11848000
23650,100,11900,"sd","14:28:29",11859900
23650,100,1500,"sd","14:28:33",11861400
23650,100,100,"bu","14:28:35",11861500
23650,100,3500,"sd","14:28:41",11865000
23650,100,2000,"bu","14:28:43",11867000
23650,100,5000,"bu","14:28:49",11872000
23650,100,8000,"sd","14:28:51",11880000
23650,100,8700,"bu","14:29:00",11888700
23650,100,10000,"sd","14:29:06",11898700
23650,100,5000,"bu","14:29:11",11903700
23650,100,100,"sd","14:29:14",11903800
23650,100,3000,"sd","14:29:17",11906800
23650,100,57900,"bu","14:29:22",11964700
23650,100,500,"sd","14:29:37",11965200
23650,100,1500,"bu","14:29:40",11966700
23700,150,3800,"bu","14:29:42",11970500
23700,150,1000,"bu","14:29:45",11971500
23700,150,200,"bu","14:29:48",11971700
23650,100,3600,"sd","14:29:53",11975300
23700,150,500,"bu","14:29:56",11975800
23700,150,11100,"bu","14:30:04",11986900
23700,150,3000,"sd","14:30:07",11989900
23700,150,307600,"sd","14:45:22",12297500
