"price","change","match_qtty","side","time","total_vol"
59300,0,300,"sd","09:15:05",300
59300,0,500,"sd","09:15:47",800
59400,100,100,"bu","09:18:32",900
59400,100,500,"bu","09:21:46",1400
59300,0,100,"sd","09:22:29",1500
59300,0,800,"sd","09:23:52",2300
59300,0,1000,"sd","09:24:59",3300
59300,0,200,"bu","09:25:28",3500
59300,0,300,"sd","09:26:17",3800
59400,100,1000,"sd","09:27:22",4800
59300,0,700,"sd","09:29:54",5500
59000,-300,2000,"bu","09:31:30",7500
59000,-300,100,"sd","09:34:24",7600
59000,-300,600,"sd","09:36:10",8200
59000,-300,200,"bu","09:38:16",8400
59100,-200,100,"sd","09:42:57",8500
59300,0,400,"bu","09:46:32",8900
59300,0,500,"bu","09:47:37",9400
59200,-100,100,"bu","09:49:00",9500
59300,0,300,"sd","09:56:26",9800
59300,0,2000,"sd","09:57:15",11800
59300,0,1500,"sd","09:58:20",13300
59300,0,200,"sd","10:01:49",13500
59300,0,500,"sd","10:02:34",14000
59200,-100,1000,"sd","10:06:02",15000
59200,-100,500,"sd","10:07:19",15500
59200,-100,600,"sd","10:11:11",16100
59200,-100,400,"bu","10:11:35",16500
59200,-100,100,"sd","10:11:53",16600
59200,-100,1000,"bu","10:14:22",17600
59200,-100,100,"bu","10:15:09",17700
59200,-100,200,"sd","10:16:40",17900
59300,0,600,"sd","10:17:36",18500
59300,0,1000,"sd","10:18:46",19500
59300,0,100,"bu","10:19:12",19600
59300,0,2900,"bu","10:21:07",22500
59300,0,200,"sd","10:22:04",22700
59200,-100,400,"bu","10:23:42",23100
59200,-100,100,"bu","10:24:08",23200
59300,0,1800,"sd","10:33:50",25000
59300,0,200,"sd","10:35:47",25200
59400,100,1000,"sd","10:38:01",26200
59400,100,200,"bu","10:38:16",26400
59200,-100,1000,"bu","10:38:48",27400
59400,100,1100,"sd","10:48:07",28500
59300,0,1200,"bu","10:51:45",29700
59300,0,300,"bu","10:53:44",30000
59300,0,200,"bu","10:54:34",30200
59300,0,1200,"bu","10:55:03",31400
59300,0,200,"sd","10:55:11",31600
59300,0,300,"sd","11:08:42",31900
59300,0,500,"bu","11:09:40",32400
59200,-100,100,"bu","11:12:55",32500
59200,-100,200,"bu","11:14:52",32700
59200,-100,100,"bu","11:17:40",32800
59200,-100,500,"bu","11:20:47",33300
59200,-100,3000,"sd","11:21:28",36300
59200,-100,300,"bu","11:22:50",36600
59200,-100,500,"sd","11:25:01",37100
59200,-100,300,"bu","11:26:32",37400
59200,-100,5000,"sd","11:29:55",42400
59100,-200,5000,"bu","13:00:20",47400
59100,-200,500,"sd","13:00:28",47900
59100,-200,200,"bu","13:00:29",48100
59100,-200,100,"bu","13:00:40",48200
59100,-200,1200,"bu","13:00:55",49400
59000,-300,9000,"sd","13:01:17",58400
59100,-200,1000,"sd","13:01:46",59400
59000,-300,100,"sd","13:02:20",59500
59100,-200,3100,"bu","13:02:51",62600
59000,-300,1000,"sd","13:02:58",63600
59000,-300,6000,"sd","13:03:15",69600
59000,-300,200,"sd","13:03:23",69800
59100,-200,1000,"sd","13:03:39",70800
59100,-200,200,"bu","13:03:50",71000
59100,-200,800,"bu","13:04:17",71800
59100,-200,300,"bu","13:06:20",72100
59100,-200,1400,"sd","13:06:23",73500
59100,-200,100,"sd","13:06:55",73600
59000,-300,3000,"sd","13:09:04",76600
59000,-300,100,"sd","13:09:28",76700
59100,-200,800,"bu","13:09:37",77500
59000,-300,1000,"sd","13:10:13",78500
58900,-400,500,"sd","13:10:23",79000
59000,-300,1000,"bu","13:11:41",80000
59000,-300,100,"bu","13:12:17",80100
58700,-600,15600,"sd","13:15:03",95700
58700,-600,1000,"sd","13:15:31",96700
58700,-600,200,"sd","13:15:44",96900
58700,-600,3400,"bu","13:15:45",100300
58800,-500,100,"bu","13:16:49",100400
58900,-400,800,"sd","13:22:26",101200
58900,-400,300,"sd","13:25:02",101500
58900,-400,200,"bu","13:28:12",101700
58900,-400,200,"bu","13:28:37",101900
58900,-400,900,"sd","13:28:49",102800
59000,-300,1200,"sd","13:28:51",104000
58800,-500,3000,"sd","13:29:13",107000
58700,-600,3000,"bu","13:29:28",110000
58700,-600,3200,"sd","13:29:45",113200
58700,-600,800,"sd","13:30:00",114000
58700,-600,1100,"sd","13:30:21",115100
58700,-600,100,"sd","13:34:52",115200
58700,-600,1200,"sd","13:35:25",116400
58700,-600,200,"bu","13:35:29",116600
58700,-600,2000,"sd","13:35:38",118600
58700,-600,3000,"bu","13:36:00",121600
58700,-600,500,"sd","13:37:04",122100
58700,-600,200,"bu","13:37:32",122300
58700,-600,2000,"bu","13:39:01",124300
58700,-600,200,"sd","13:39:32",124500
58700,-600,11100,"sd","13:44:40",135600
58800,-500,3000,"bu","13:45:39",138600
58900,-400,900,"sd","13:47:38",139500
58900,-400,1300,"sd","13:52:24",140800
58900,-400,200,"bu","13:52:59",141000
58900,-400,1000,"sd","13:53:21",142000
58900,-400,1100,"bu","13:53:40",143100
59000,-300,5000,"bu","13:55:41",148100
58900,-400,1400,"bu","13:57:01",149500
58900,-400,100,"bu","13:58:06",149600
58900,-400,1500,"sd","14:00:17",151100
58900,-400,1000,"bu","14:00:41",152100
58900,-400,2200,"sd","14:02:08",154300
58900,-400,600,"sd","14:02:10",154900
58900,-400,1000,"sd","14:04:26",155900
58900,-400,100,"bu","14:05:14",156000
58900,-400,1100,"sd","14:05:22",157100
58800,-500,1000,"bu","14:05:44",158100
58800,-500,300,"bu","14:07:01",158400
58800,-500,500,"bu","14:07:29",158900
58800,-500,3000,"bu","14:08:12",161900
58800,-500,100,"bu","14:09:25",162000
58900,-400,6000,"bu","14:11:24",168000
58900,-400,100,"sd","14:14:53",168100
58900,-400,1000,"sd","14:15:49",169100
58900,-400,100,"bu","14:16:17",169200
58900,-400,1000,"bu","14:18:16",170200
58900,-400,100,"bu","14:20:05",170300
58900,-400,1100,"bu","14:21:20",171400
58900,-400,1800,"bu","14:21:49",173200
58900,-400,100,"bu","14:22:16",173300
59000,-300,5200,"bu","14:22:21",178500
59200,-100,1000,"sd","14:24:35",179500
59100,-200,100,"sd","14:25:35",179600
59100,-200,900,"sd","14:26:08",180500
59100,-200,600,"bu","14:26:40",181100
59100,-200,100,"sd","14:26:55",181200
59100,-200,1000,"bu","14:27:09",182200
59100,-200,100,"sd","14:27:56",182300
58700,-600,18900,"sd","14:30:04",201200
58600,-700,8400,"sd","14:30:09",209600
58800,-500,12600,"sd","14:45:22",222200
