"price","change","match_qtty","side","time","total_vol"
43650,50,14800,"bu","09:15:04",14800
43600,0,1400,"sd","09:15:12",16200
43600,0,100,"sd","09:15:12",16300
43600,0,500,"sd","09:15:26",16800
43650,50,2000,"sd","09:15:50",18800
43600,0,100,"bu","09:15:51",18900
43650,50,1600,"bu","09:16:00",20500
43600,0,100,"sd","09:16:01",20600
43700,100,5000,"bu","09:16:34",25600
43600,0,500,"bu","09:16:34",26100
43700,100,2000,"sd","09:17:03",28100
43600,0,200,"bu","09:17:05",28300
43600,0,100,"sd","09:17:14",28400
43600,0,500,"sd","09:17:49",28900
43700,100,1000,"sd","09:18:37",29900
43650,50,100,"bu","09:18:39",30000
43650,50,1000,"sd","09:18:57",31000
43650,50,100,"sd","09:18:58",31100
43750,150,3600,"sd","09:19:04",34700
43750,150,300,"bu","09:19:05",35000
43750,150,500,"sd","09:19:16",35500
43750,150,600,"sd","09:19:26",36100
43800,200,4000,"bu","09:19:37",40100
43700,100,900,"sd","09:19:38",41000
43700,100,100,"bu","09:20:36",41500
43700,100,1300,"bu","09:20:58",42800
43700,100,100,"bu","09:20:59",42900
43700,100,2000,"bu","09:21:05",44900
43700,100,200,"bu","09:21:07",45100
43700,100,500,"bu","09:21:21",45600
43700,100,100,"bu","09:21:29",45700
43700,100,10100,"sd","09:22:04",55800
43750,150,400,"sd","09:22:04",56200
43700,100,1000,"bu","09:22:05",57200
43700,100,100,"sd","09:22:06",57300
43700,100,1500,"sd","09:22:12",58800
43700,100,100,"sd","09:22:13",58900
43700,100,5000,"bu","09:22:15",63900
43650,50,1800,"bu","09:22:16",65700
43650,50,100,"sd","09:22:18",65800
43700,100,1500,"sd","09:22:26",67300
43650,50,100,"bu","09:22:27",67400
43700,100,3300,"sd","09:22:37",70700
43650,50,300,"sd","09:22:38",71000
43650,50,4000,"sd","09:22:53",75000
43650,50,400,"sd","09:22:55",75400
43700,100,700,"sd","09:22:59",76100
43650,50,100,"sd","09:23:03",76200
43700,100,1000,"sd","09:23:34",77200
43650,50,100,"sd","09:23:35",77300
43650,50,1000,"bu","09:23:39",78300
43650,50,100,"sd","09:23:40",78400
43650,50,200,"sd","09:24:21",78600
43700,100,6400,"bu","09:24:27",85000
43700,100,600,"bu","09:24:28",85600
43700,100,900,"bu","09:24:36",86500
43650,50,3000,"bu","09:25:05",89500
43650,50,300,"sd","09:25:06",89800
43650,50,100,"bu","09:25:13",89900
43650,50,5000,"sd","09:25:15",94900
43650,50,500,"bu","09:25:17",95400
43700,100,1700,"bu","09:25:35",97100
43650,50,100,"bu","09:25:35",97200
43650,50,4000,"sd","09:25:53",101200
43650,50,400,"sd","09:25:54",101600
43700,100,100,"bu","09:26:10",101700
43700,100,3200,"bu","09:26:19",104900
43700,100,400,"bu","09:26:27",105300
43750,150,9100,"bu","09:26:42",114400
43700,100,500,"sd","09:26:43",115300
43700,100,1100,"sd","09:26:51",116400
43700,100,1000,"bu","09:27:07",117400
43700,100,100,"sd","09:27:08",117500
43700,100,1000,"sd","09:27:15",118500
43700,100,100,"bu","09:27:16",118600
43700,100,1000,"bu","09:27:18",119600
43700,100,100,"bu","09:27:19",119700
43700,100,1000,"sd","09:27:20",120700
43700,100,100,"sd","09:27:21",120800
43700,100,500,"sd","09:27:22",121300
43700,100,1000,"bu","09:27:36",122300
43700,100,100,"bu","09:27:38",122400
43700,100,200,"bu","09:27:51",122600
43700,100,500,"bu","09:28:05",123100
43700,100,1200,"sd","09:28:19",124300
43700,100,800,"sd","09:28:19",125100
43650,50,200,"bu","09:28:20",125300
43650,50,100,"sd","09:28:25",125400
43650,50,5500,"bu","09:28:26",130900
43650,50,500,"bu","09:28:27",131400
43700,100,100,"sd","09:28:44",131500
43650,50,700,"sd","09:28:53",132200
43650,50,14600,"bu","09:28:57",146800
43600,0,1400,"sd","09:28:58",148200
43600,0,100,"bu","09:28:59",148300
43600,0,50000,"sd","09:29:12",198300
43600,0,5000,"bu","09:29:13",203300
43600,0,500,"sd","09:29:14",203800
43600,0,19100,"bu","09:29:19",222900
43600,0,1900,"sd","09:29:20",224800
43600,0,100,"bu","09:29:21",224900
43600,0,600,"sd","09:29:23",225500
43600,0,400,"bu","09:29:25",225900
43600,0,35600,"bu","09:29:38",261500
43550,-50,3500,"bu","09:29:39",265000
43550,-50,300,"sd","09:29:40",265300
43550,-50,2700,"bu","09:30:01",268000
43550,-50,2300,"bu","09:30:03",270300
43500,-100,200,"sd","09:30:04",270500
43500,-100,200,"bu","09:30:15",270700
43550,-50,100,"sd","09:30:35",270800
43500,-100,1900,"bu","09:31:05",272700
43550,-50,1800,"bu","09:31:32",274500
43500,-100,100,"sd","09:31:33",274600
43500,-100,3000,"sd","09:31:35",277600
43500,-100,300,"bu","09:31:36",277900
43550,-50,3800,"sd","09:31:43",281700
43500,-100,300,"bu","09:31:44",282000
43500,-100,1000,"sd","09:31:47",283000
43500,-100,100,"sd","09:31:48",283100
43550,-50,2000,"bu","09:32:02",285100
43500,-100,200,"bu","09:32:03",285300
43500,-100,10000,"bu","09:32:26",295300
43500,-100,1000,"sd","09:32:27",296300
43500,-100,100,"bu","09:32:28",296400
43550,-50,1100,"bu","09:32:33",297500
43500,-100,600,"bu","09:32:35",298100
43500,-100,15000,"sd","09:32:51",313100
43500,-100,1600,"sd","09:32:51",314700
43500,-100,200,"sd","09:33:13",314900
43500,-100,100,"bu","09:33:17",315000
43500,-100,1500,"bu","09:33:18",316500
43500,-100,100,"bu","09:33:20",316600
43500,-100,1000,"sd","09:33:21",317600
43500,-100,100,"sd","09:33:22",317700
43500,-100,2700,"bu","09:33:28",320400
43500,-100,200,"bu","09:33:29",320600
43500,-100,300,"bu","09:33:31",320900
43500,-100,200,"bu","09:33:32",321100
43500,-100,10200,"bu","09:33:43",331300
43500,-100,1000,"sd","09:33:43",332300
43500,-100,100,"sd","09:33:44",332400
43500,-100,4000,"bu","09:33:54",336400
43500,-100,400,"sd","09:33:55",336800
43500,-100,300,"sd","09:34:21",337100
43500,-100,3300,"sd","09:34:51",340400
43500,-100,10000,"bu","09:35:06",350400
43500,-100,1000,"sd","09:35:07",351400
43500,-100,100,"sd","09:35:08",351500
43500,-100,2400,"sd","09:35:09",353900
43500,-100,5000,"bu","09:35:22",358900
43500,-100,500,"bu","09:35:23",359400
43500,-100,200,"sd","09:35:31",359600
43500,-100,10000,"sd","09:35:32",369600
43500,-100,1000,"sd","09:35:33",370600
43500,-100,100,"sd","09:35:34",370700
43500,-100,600,"sd","09:35:42",371300
43500,-100,4000,"sd","09:35:46",375300
43500,-100,400,"bu","09:35:47",375700
43500,-100,100,"bu","09:35:48",375800
43500,-100,500,"bu","09:35:51",376300
43500,-100,1000,"sd","09:35:52",377300
43500,-100,100,"bu","09:35:54",377400
43500,-100,1000,"sd","09:36:01",378400
43500,-100,100,"bu","09:36:02",378500
43500,-100,2500,"bu","09:36:08",381000
43500,-100,200,"bu","09:36:09",381200
43500,-100,3700,"bu","09:36:10",384900
43500,-100,6200,"bu","09:36:11",391100
43500,-100,1000,"sd","09:36:12",392100
43500,-100,100,"bu","09:36:13",392200
43500,-100,400,"sd","09:36:20",392600
43500,-100,1000,"sd","09:36:21",393600
43500,-100,200,"sd","09:36:23",393800
43500,-100,5000,"sd","09:36:27",398800
43500,-100,500,"bu","09:36:28",399300
43500,-100,10100,"bu","09:36:31",409400
43500,-100,1000,"bu","09:36:32",410400
43500,-100,2000,"bu","09:36:33",412400
43500,-100,100,"sd","09:36:33",412500
43500,-100,200,"bu","09:36:34",412700
43500,-100,600,"bu","09:36:36",413300
43500,-100,11000,"bu","09:36:37",424300
43500,-100,100,"sd","09:36:38",424400
43500,-100,2400,"sd","09:36:40",426800
43450,-150,200,"sd","09:36:41",427000
43450,-150,800,"sd","09:36:47",427800
43450,-150,1000,"sd","09:37:03",428800
43450,-150,100,"bu","09:37:04",428900
43500,-100,200,"bu","09:37:25",429100
43500,-100,2000,"bu","09:37:36",431100
43450,-150,200,"sd","09:37:37",431300
43450,-150,6000,"sd","09:37:47",437300
43450,-150,600,"bu","09:37:48",437900
43450,-150,500,"sd","09:37:50",438400
43450,-150,2000,"bu","09:38:03",440400
43450,-150,200,"sd","09:38:04",440600
43450,-150,19800,"bu","09:38:08",460400
43400,-200,1900,"sd","09:38:09",462300
43400,-200,100,"sd","09:38:10",462400
43400,-200,6000,"bu","09:38:13",468400
43400,-200,600,"bu","09:38:14",469000
43400,-200,1000,"bu","09:38:41",470000
43400,-200,100,"sd","09:38:42",470100
43450,-150,200,"sd","09:38:59",470300
43450,-150,700,"sd","09:39:15",471000
43400,-200,15000,"bu","09:39:18",486000
43400,-200,1600,"sd","09:39:18",487600
43400,-200,1100,"bu","09:39:19",488700
43400,-200,1200,"sd","09:39:22",489900
43450,-150,500,"sd","09:39:27",496100
43450,-150,600,"bu","09:39:27",496700
43450,-150,5000,"bu","09:39:29",501700
43400,-200,500,"sd","09:39:30",502200
43450,-150,3900,"sd","09:40:00",506100
43450,-150,300,"bu","09:40:01",506400
43450,-150,5000,"sd","09:40:10",511400
43450,-150,500,"sd","09:40:11",511900
43450,-150,1100,"sd","09:40:12",513000
43450,-150,200,"sd","09:40:15",513200
43450,-150,500,"sd","09:40:30",513700
43450,-150,400,"sd","09:40:39",514100
43400,-200,1000,"bu","09:40:40",515100
43400,-200,5300,"sd","09:40:41",520400
43400,-200,500,"bu","09:40:42",520900
43400,-200,1600,"sd","09:41:10",522500
43450,-150,1000,"sd","09:41:20",523500
43400,-200,100,"sd","09:41:21",523600
43400,-200,1400,"sd","09:41:27",525000
43400,-200,100,"sd","09:41:29",525100
43400,-200,20200,"sd","09:41:41",545300
43400,-200,2000,"bu","09:41:42",547300
43400,-200,200,"sd","09:41:43",547500
43400,-200,1100,"bu","09:41:44",548600
43400,-200,3000,"sd","09:41:48",551600
43400,-200,300,"sd","09:41:49",551900
43400,-200,1000,"sd","09:42:00",552900
43400,-200,100,"bu","09:42:02",553000
43400,-200,200,"bu","09:42:08",553200
43400,-200,500,"bu","09:42:24",553700
43400,-200,2000,"bu","09:42:25",555700
43400,-200,400,"bu","09:42:26",556100
43400,-200,4700,"sd","09:42:31",560800
43350,-250,400,"sd","09:42:32",561200
43400,-200,4800,"sd","09:42:47",566000
43400,-200,400,"bu","09:42:48",566400
43400,-200,2000,"bu","09:42:53",568400
43400,-200,200,"bu","09:42:54",568600
43400,-200,500,"sd","09:43:02",569100
43400,-200,2500,"bu","09:43:12",571600
43400,-200,200,"sd","09:43:13",571800
43400,-200,2000,"sd","09:43:19",573800
43400,-200,200,"sd","09:43:20",574000
43400,-200,300,"sd","09:43:21",574300
43400,-200,5900,"bu","09:43:23",580200
43350,-250,500,"sd","09:43:24",580700
43350,-250,20100,"bu","09:43:38",600800
43350,-250,2000,"bu","09:43:39",602800
43350,-250,900,"bu","09:43:40",603700
43400,-200,1000,"bu","09:43:44",604700
43400,-200,100,"bu","09:43:45",604800
43400,-200,4500,"sd","09:44:03",609300
43350,-250,400,"sd","09:44:04",609700
43400,-200,100,"sd","09:44:07",609800
43400,-200,10900,"sd","09:44:13",620700
43400,-200,1100,"bu","09:44:14",621800
43400,-200,400,"bu","09:44:17",622200
43450,-150,700,"sd","09:44:20",622900
43400,-200,500,"bu","09:44:27",623400
43450,-150,100,"sd","09:44:27",623500
43450,-150,500,"bu","09:44:44",624000
43400,-200,1000,"sd","09:44:55",625000
43400,-200,100,"bu","09:44:56",625100
43450,-150,2000,"sd","09:44:59",627100
43400,-200,200,"sd","09:44:59",627300
43450,-150,100,"bu","09:45:00",627400
43450,-150,5000,"bu","09:45:01",632400
43400,-200,1100,"bu","09:45:03",633500
43450,-150,1000,"bu","09:45:08",634500
43400,-200,100,"bu","09:45:09",634600
43450,-150,1800,"sd","09:45:11",636400
43400,-200,100,"bu","09:45:13",636500
43450,-150,500,"bu","09:45:17",637000
43450,-150,1000,"sd","09:45:22",638000
43450,-150,3100,"bu","09:45:23",641100
43400,-200,400,"bu","09:45:24",641500
43450,-150,100,"sd","09:45:29",642500
43450,-150,12100,"sd","09:45:31",654600
43400,-200,1200,"bu","09:45:32",655800
43400,-200,100,"bu","09:45:33",655900
43450,-150,3100,"sd","09:45:35",659000
43450,-150,300,"sd","09:45:36",659300
43500,-100,2000,"bu","09:45:46",661300
43450,-150,200,"sd","09:45:47",661500
43450,-150,1000,"bu","09:45:54",662500
43450,-150,700,"sd","09:45:55",663200
43500,-100,500,"bu","09:46:00",663700
43500,-100,2000,"sd","09:46:02",665700
43450,-150,200,"sd","09:46:03",665900
43450,-150,2700,"bu","09:46:11",668600
43500,-100,300,"sd","09:46:19",670600
43450,-150,200,"sd","09:46:20",670800
43500,-100,100,"bu","09:46:28",670900
43500,-100,5800,"sd","09:46:31",676700
43500,-100,500,"sd","09:46:32",677200
43500,-100,400,"bu","09:46:43",677600
43500,-100,100,"sd","09:47:12",677700
43550,-50,13000,"sd","09:47:20",690700
43550,-50,1300,"bu","09:47:21",692000
43550,-50,100,"sd","09:47:22",692100
43550,-50,2400,"bu","09:47:49",694500
43600,0,1300,"sd","09:48:20",695800
43550,-50,100,"sd","09:48:22",695900
43550,-50,3300,"bu","09:48:42",699200
43550,-50,600,"bu","09:48:57",699800
43550,-50,12000,"sd","09:49:08",711800
43550,-50,1200,"sd","09:49:09",713000
43550,-50,100,"sd","09:49:10",713100
43550,-50,10000,"sd","09:49:26",723100
43550,-50,1000,"bu","09:49:27",724100
43550,-50,100,"sd","09:49:28",724200
43550,-50,2200,"sd","09:50:09",726400
43550,-50,100,"bu","09:50:11",728000
43600,0,6000,"bu","09:50:20",734100
43550,-50,600,"sd","09:50:22",734700
43550,-50,29700,"sd","09:50:56",764400
43600,0,200,"bu","09:50:57",764600
43550,-50,22200,"sd","09:51:00",786800
43550,-50,200,"sd","09:51:01",787000
43550,-50,1100,"sd","09:51:03",788100
43600,0,2000,"bu","09:51:04",790100
43550,-50,200,"bu","09:51:05",790300
43600,0,2200,"sd","09:51:18",792500
43600,0,200,"bu","09:51:20",792700
43600,0,1600,"bu","09:51:24",794300
43550,-50,100,"bu","09:51:25",794400
43600,0,1400,"bu","09:51:26",795800
43600,0,100,"sd","09:51:28",795900
43650,50,600,"bu","09:51:55",796500
43650,50,100,"bu","09:52:06",796600
43650,50,500,"bu","09:52:39",797100
43650,50,1000,"sd","09:52:45",798100
43600,0,100,"sd","09:52:46",798200
43650,50,500,"sd","09:53:25",798700
43650,50,10000,"bu","09:53:36",808700
43600,0,1000,"bu","09:53:36",809700
43650,50,1000,"bu","09:53:37",810700
43600,0,200,"bu","09:53:37",810900
43650,50,9000,"bu","09:54:06",819900
43600,0,900,"sd","09:54:07",820800
43650,50,16500,"bu","09:54:11",837300
43600,0,1600,"bu","09:54:13",838900
43650,50,1100,"bu","09:54:14",840000
43600,0,100,"sd","09:54:16",840100
43600,0,5500,"sd","09:54:21",845600
43650,50,2000,"bu","09:54:36",847600
43600,0,200,"sd","09:54:36",847800
43650,50,47700,"bu","09:54:46",895500
43650,50,200,"bu","09:54:57",898200
43700,100,3000,"sd","09:55:27",901200
43650,50,300,"sd","09:55:28",901500
43700,100,29700,"sd","09:55:36",931200
43650,50,3100,"sd","09:55:37",934300
43750,150,100,"sd","09:56:18",934900
43750,150,1700,"bu","09:56:28",936600
43700,100,100,"bu","09:56:30",936700
43750,150,3000,"sd","09:56:38",939700
43750,150,200,"bu","09:56:38",939900
43800,200,3000,"sd","09:56:39",942900
43750,150,300,"sd","09:56:40",943200
43750,150,21500,"bu","09:56:41",964700
43750,150,100,"sd","09:56:43",964800
43750,150,10000,"sd","09:56:54",974800
43750,150,1000,"bu","09:56:55",975800
43800,200,100,"sd","09:56:56",975900
43850,250,2500,"sd","09:57:03",978400
43850,250,200,"sd","09:57:04",978600
43900,300,1000,"bu","09:57:19",979600
43850,250,100,"sd","09:57:20",979700
43900,300,23300,"bu","09:57:23",1003000
43900,300,2300,"sd","09:57:23",1005300
43900,300,200,"bu","09:57:24",1005500
43900,300,1700,"sd","09:57:29",1007200
43900,300,100,"sd","09:57:29",1007300
43950,350,3600,"sd","09:57:46",1010900
43900,300,300,"sd","09:57:48",1011200
43950,350,6800,"bu","09:57:49",1018000
43900,300,600,"bu","09:57:51",1018600
43900,300,1000,"bu","09:57:53",1019600
43900,300,100,"bu","09:57:55",1019700
43950,350,6500,"sd","09:58:01",1026200
43900,300,1000,"sd","09:58:02",1027200
43950,350,1200,"bu","09:58:04",1028400
43950,350,5000,"bu","09:58:07",1033400
44000,400,41000,"sd","09:58:08",1074400
44000,400,24400,"bu","09:58:08",1098800
43900,300,7000,"bu","09:58:09",1105800
43900,300,700,"bu","09:58:09",1106500
44050,450,7300,"bu","09:58:16",1113800
44050,450,6200,"sd","09:58:18",1120000
44050,450,1200,"bu","09:58:19",1121200
44100,500,2000,"sd","09:58:20",1123200
44050,450,300,"bu","09:58:21",1123500
44050,450,5000,"bu","09:58:23",1128500
44050,450,500,"bu","09:58:25",1129000
44050,450,1100,"sd","09:58:27",1130100
44050,450,1900,"bu","09:58:31",1132000
44050,450,100,"bu","09:58:33",1132100
43950,350,29000,"bu","09:58:34",1161100
43950,350,200,"sd","09:58:36",1161300
44050,450,3900,"sd","09:58:37",1165200
44050,450,100,"sd","09:58:39",1165300
44050,450,3200,"bu","09:58:41",1168500
44000,400,300,"sd","09:58:42",1168800
44000,400,100,"bu","09:58:45",1168900
44050,450,3300,"sd","09:58:47",1172200
44050,450,300,"bu","09:58:49",1172500
44050,450,100,"bu","09:58:50",1172600
44050,450,4200,"sd","09:58:51",1176800
44000,400,400,"sd","09:58:53",1177200
44050,450,200,"bu","09:58:56",1177400
44050,450,1100,"sd","09:58:58",1178500
44000,400,100,"sd","09:58:59",1178600
44000,400,4300,"bu","09:59:06",1182900
43950,350,7200,"sd","09:59:18",1190100
43950,350,700,"bu","09:59:20",1190800
44000,400,1400,"sd","09:59:28",1192200
44000,400,100,"bu","09:59:29",1192300
44000,400,5200,"sd","09:59:35",1197500
43950,350,500,"sd","09:59:36",1198000
44000,400,6100,"bu","09:59:38",1204100
43950,350,4100,"sd","09:59:39",1208200
43950,350,8800,"bu","09:59:40",1228200
43900,300,2200,"bu","09:59:45",1230400
43900,300,4000,"sd","09:59:50",1234400
43900,300,10400,"bu","09:59:51",1244800
43900,300,1100,"bu","09:59:53",1245900
43900,300,1000,"bu","10:00:31",1246900
43900,300,100,"sd","10:00:32",1247000
43900,300,300,"sd","10:01:12",1247300
43900,300,4500,"sd","10:01:31",1251800
43900,300,400,"sd","10:01:32",1252200
43900,300,200,"bu","10:01:35",1252400
43900,300,100,"sd","10:01:46",1252500
43950,350,200,"sd","10:01:52",1252700
44000,400,1600,"sd","10:02:13",1254300
44000,400,1000,"sd","10:02:17",1255300
43950,350,100,"bu","10:02:18",1255400
43950,350,800,"sd","10:02:42",1256200
43950,350,1100,"bu","10:02:45",1257300
43900,300,800,"sd","10:02:49",1267100
43900,300,14900,"sd","10:03:11",1282000
43850,250,1400,"bu","10:03:12",1283400
43850,250,100,"sd","10:03:13",1283500
43900,300,15100,"bu","10:03:22",1298600
43850,250,1500,"sd","10:03:23",1300100
43850,250,100,"sd","10:03:24",1300200
43850,250,800,"bu","10:03:26",1301000
43850,250,5200,"sd","10:03:52",1306200
43850,250,500,"sd","10:03:52",1306700
43850,250,1000,"bu","10:03:56",1307700
43850,250,100,"bu","10:03:57",1307800
43850,250,200,"sd","10:04:01",1308000
43850,250,500,"sd","10:04:02",1308500
43850,250,800,"sd","10:04:07",1309300
43850,250,500,"sd","10:04:28",1309800
43950,350,5000,"sd","10:04:42",1314800
43900,300,500,"bu","10:04:44",1315300
43900,300,100,"sd","10:04:58",1315400
43900,300,400,"bu","10:05:07",1315800
44000,400,75300,"sd","10:05:08",1391100
43850,250,7500,"sd","10:05:09",1398600
43850,250,700,"bu","10:05:10",1399300
44000,400,900,"sd","10:05:24",1400200
44000,400,100,"sd","10:05:26",1400300
44000,400,1000,"bu","10:05:27",1401300
44000,400,100,"bu","10:05:28",1401400
44000,400,5900,"sd","10:05:38",1407300
43900,300,500,"sd","10:05:39",1407800
43950,350,300,"sd","10:06:10",1408100
44000,400,6100,"sd","10:06:38",1414200
44000,400,4100,"sd","10:06:47",1418300
44000,400,1000,"bu","10:06:51",1419300
44000,400,100,"sd","10:06:52",1419400
44000,400,2000,"bu","10:07:05",1421400
44000,400,200,"sd","10:07:05",1421600
44000,400,600,"sd","10:07:09",1422200
44000,400,700,"sd","10:07:17",1422900
43950,350,3500,"bu","10:07:31",1426400
44000,400,300,"bu","10:07:35",1428700
43950,350,200,"sd","10:07:37",1428900
44000,400,4700,"sd","10:07:42",1433600
44050,450,100,"bu","10:07:56",1433800
44000,400,5600,"sd","10:08:11",1439400
43950,350,500,"bu","10:08:12",1439900
44000,400,300,"bu","10:08:20",1440200
44000,400,4500,"sd","10:08:21",1444700
44000,400,15900,"bu","10:08:22",1460600
44000,400,1500,"bu","10:08:23",1462100
44000,400,3000,"bu","10:08:24",1465100
43950,350,300,"sd","10:08:25",1465400
43950,350,5500,"sd","10:08:29",1470900
44000,400,500,"sd","10:08:41",1471400
43950,350,15400,"sd","10:08:59",1486800
43950,350,100,"sd","10:09:01",1486900
44000,400,600,"sd","10:09:06",1487500
44000,400,1200,"bu","10:09:19",1488700
43950,350,100,"sd","10:09:20",1488800
44000,400,600,"sd","10:09:23",1489400
44000,400,30000,"sd","10:09:41",1519400
43950,350,3000,"bu","10:09:43",1522400
43950,350,300,"sd","10:09:43",1522700
43950,350,100,"sd","10:09:59",1522800
43950,350,6000,"bu","10:10:02",1528800
43900,300,600,"bu","10:10:04",1529400
43950,350,100,"bu","10:10:05",1529500
43950,350,700,"bu","10:10:10",1530200
43900,300,20700,"bu","10:10:51",1550900
43900,300,2000,"bu","10:10:52",1552900
43900,300,200,"bu","10:10:53",1553100
43900,300,300,"bu","10:11:02",1553400
43900,300,3100,"sd","10:11:08",1556500
43900,300,300,"bu","10:11:09",1556800
43900,300,100,"bu","10:11:18",1556900
43900,300,4700,"bu","10:11:21",1561600
43850,250,400,"bu","10:11:22",1562000
43900,300,100,"sd","10:11:27",1562100
43850,250,20000,"sd","10:11:52",1582100
43850,250,2000,"sd","10:11:53",1584100
43850,250,200,"sd","10:11:53",1584300
43800,200,1700,"sd","10:11:59",1586000
43750,150,7300,"bu","10:12:16",1593300
43750,150,13500,"sd","10:12:30",1606800
43700,100,1100,"bu","10:12:32",1607900
43750,150,600,"bu","10:12:34",1608500
43700,100,1600,"bu","10:12:55",1610100
43750,150,1000,"sd","10:13:03",1611100
43750,150,100,"sd","10:13:04",1611200
43750,150,300,"bu","10:13:21",1611500
43750,150,100,"sd","10:13:39",1611600
43800,200,2000,"sd","10:13:42",1613600
43800,200,21300,"sd","10:13:43",1634900
43800,200,2000,"sd","10:13:45",1637000
43800,200,200,"sd","10:13:46",1637200
43800,200,1100,"bu","10:13:53",1638300
43850,250,500,"sd","10:13:58",1638800
43800,200,1000,"sd","10:14:08",1639800
43800,200,1200,"sd","10:14:10",1641000
43800,200,900,"sd","10:14:24",1641900
43850,250,1000,"bu","10:15:09",1642900
43800,200,100,"bu","10:15:10",1643000
43850,250,4100,"bu","10:15:31",1647100
43800,200,300,"bu","10:15:32",1647400
43800,200,1100,"sd","10:15:50",1648500
43800,200,200,"bu","10:16:07",1648800
43800,200,300,"bu","10:16:24",1649100
43850,250,500,"bu","10:16:49",1649600
43800,200,1100,"sd","10:16:54",1650700
43850,250,1400,"sd","10:17:12",1652400
43800,200,100,"sd","10:17:13",1652500
43800,200,500,"sd","10:17:14",1653000
43850,250,100,"bu","10:17:19",1653100
43850,250,1000,"sd","10:17:57",1654100
43800,200,100,"bu","10:17:58",1654200
43800,200,200,"sd","10:18:10",1654400
43800,200,800,"sd","10:18:22",1655200
43850,250,100,"sd","10:18:27",1655300
43800,200,4900,"bu","10:18:35",1660200
43850,250,500,"sd","10:18:37",1660700
43850,250,400,"bu","10:18:40",1661100
43850,250,4100,"bu","10:18:52",1665200
43800,200,400,"sd","10:18:53",1665600
43800,200,1500,"sd","10:19:09",1667100
43800,200,100,"sd","10:19:11",1667200
43800,200,500,"sd","10:19:21",1667700
43800,200,6300,"sd","10:20:36",1674000
43850,250,100,"sd","10:20:48",1674100
43800,200,2500,"sd","10:20:55",1676600
43800,200,200,"sd","10:20:56",1676800
43800,200,1500,"sd","10:21:08",1678300
43800,200,100,"bu","10:21:09",1678400
43800,200,20000,"bu","10:21:20",1698400
43800,200,2200,"sd","10:21:22",1700600
43800,200,100,"bu","10:21:27",1700700
43800,200,2700,"bu","10:21:35",1703400
43800,200,1300,"sd","10:21:42",1704700
43750,150,100,"bu","10:21:43",1704800
43750,150,11100,"sd","10:22:29",1715900
43750,150,100,"sd","10:22:30",1716000
43750,150,10000,"bu","10:22:31",1726000
43750,150,1000,"bu","10:22:32",1727000
43750,150,100,"bu","10:22:33",1727100
43750,150,300,"bu","10:23:03",1727400
43750,150,1000,"bu","10:23:08",1728400
43750,150,100,"bu","10:23:10",1728500
43750,150,200,"bu","10:23:18",1728700
43750,150,900,"bu","10:23:34",1729600
43750,150,1100,"sd","10:24:06",1730700
43750,150,100,"bu","10:24:09",1730800
43750,150,4000,"sd","10:24:10",1734800
43750,150,500,"bu","10:24:11",1735300
43750,150,1000,"sd","10:24:25",1736300
43750,150,100,"bu","10:24:26",1736400
43750,150,2200,"bu","10:24:28",1738600
43750,150,200,"bu","10:24:30",1738800
43750,150,1200,"bu","10:24:42",1740000
43750,150,100,"sd","10:24:43",1740100
43750,150,500,"sd","10:24:59",1740600
43700,100,100,"sd","10:25:38",1740700
43700,100,2200,"sd","10:26:18",1742900
43700,100,700,"bu","10:26:19",1743600
43750,150,4800,"bu","10:26:25",1748400
43700,100,400,"bu","10:26:26",1748800
43750,150,100,"bu","10:26:32",1748900
43750,150,3100,"sd","10:27:32",1752000
43700,100,300,"sd","10:27:34",1752300
43750,150,2000,"bu","10:27:41",1754300
43700,100,200,"bu","10:27:43",1754500
43850,250,50100,"sd","10:27:46",1804600
43700,100,5000,"sd","10:27:47",1809600
43750,150,500,"bu","10:27:48",1810100
43850,250,3000,"bu","10:28:01",1813100
43750,150,300,"bu","10:28:03",1813400
43850,250,400,"sd","10:31:21",1813800
43850,250,3000,"bu","10:32:16",1816800
43800,200,200,"bu","10:32:17",1817000
43800,200,300,"sd","10:32:19",1817300
43850,250,200,"sd","10:34:20",1817500
43800,200,700,"sd","10:34:26",1818200
43800,200,2900,"sd","10:34:54",1821100
43800,200,500,"sd","10:35:01",1821600
43800,200,100,"bu","10:35:27",1821700
43800,200,300,"sd","10:35:59",1822000
43800,200,500,"bu","10:36:41",1822500
43800,200,1000,"sd","10:36:55",1823500
43800,200,100,"bu","10:36:58",1823600
43800,200,3000,"bu","10:37:09",1826600
43800,200,300,"bu","10:37:11",1826900
43800,200,500,"bu","10:37:14",1827400
43800,200,2000,"sd","10:37:35",1829400
43800,200,200,"bu","10:37:36",1829600
43800,200,400,"sd","10:37:37",1830000
43850,250,1000,"bu","10:38:12",1831000
43800,200,100,"sd","10:38:13",1831100
43800,200,5000,"sd","10:39:14",1836100
43800,200,500,"sd","10:39:15",1836600
43800,200,200,"bu","10:39:19",1836800
43800,200,900,"sd","10:39:44",1837700
43800,200,2500,"bu","10:39:54",1840200
43800,200,200,"sd","10:39:55",1840400
43800,200,100,"bu","10:39:59",1840500
43800,200,400,"bu","10:40:02",1840900
43800,200,8000,"bu","10:40:05",1848900
43800,200,800,"sd","10:40:06",1849700
43800,200,1800,"bu","10:40:10",1851500
43750,150,100,"bu","10:40:12",1851600
43800,200,700,"sd","10:40:31",1852300
43750,150,4000,"bu","10:40:38",1856300
43750,150,400,"bu","10:40:39",1856700
43750,150,3200,"bu","10:41:03",1859900
43800,200,700,"bu","10:41:25",1860600
43800,200,3800,"sd","10:41:58",1864400
43800,200,800,"bu","10:42:01",1865200
43800,200,700,"sd","10:42:15",1865900
43750,150,1500,"bu","10:42:24",1867400
43750,150,200,"sd","10:42:26",1867600
43800,200,5000,"bu","10:42:44",1872600
43800,200,700,"bu","10:42:46",1873300
43800,200,600,"sd","10:42:52",1873900
43800,200,100,"bu","10:43:00",1874000
43800,200,700,"bu","10:43:05",1874700
43850,250,700,"sd","10:43:13",1875400
43800,200,10600,"sd","10:43:31",1886000
43800,200,5500,"sd","10:43:47",1891500
43900,300,1000,"sd","10:43:55",1892500
43850,250,100,"sd","10:43:56",1892600
43900,300,13300,"bu","10:44:52",1905900
43900,300,1300,"sd","10:44:53",1907200
43850,250,1200,"sd","10:44:54",1908400
43950,350,1600,"sd","10:45:17",1910000
43900,300,100,"sd","10:45:18",1910100
43950,350,4000,"bu","10:45:30",1914100
43900,300,400,"bu","10:45:31",1914500
43900,300,1900,"bu","10:45:33",1916400
43950,350,1000,"sd","10:45:35",1917400
43900,300,100,"bu","10:45:36",1917500
43900,300,500,"bu","10:46:00",1918000
43900,300,1000,"sd","10:46:05",1919000
43900,300,100,"bu","10:46:06",1919100
43950,350,19300,"sd","10:46:34",1938400
43900,300,1800,"sd","10:46:36",1940200
43900,300,200,"bu","10:46:37",1940400
43950,350,2500,"bu","10:46:51",1942900
43900,300,200,"sd","10:46:52",1943100
43950,350,500,"bu","10:46:55",1943600
43950,350,10100,"bu","10:46:58",1953700
43950,350,1000,"sd","10:46:59",1954700
43950,350,100,"bu","10:47:00",1954800
43950,350,1000,"bu","10:47:25",1955800
43950,350,100,"sd","10:47:26",1955900
44000,400,200,"sd","10:47:37",1956100
44000,400,13800,"sd","10:47:40",1969900
43950,350,1300,"bu","10:47:41",1971200
43950,350,100,"sd","10:47:42",1971300
43950,350,8000,"bu","10:48:20",1979300
43950,350,800,"bu","10:48:21",1980100
43950,350,1000,"bu","10:48:23",1981100
43950,350,100,"bu","10:48:24",1981200
44000,400,2600,"sd","10:48:35",1983800
43950,350,3300,"sd","10:48:50",1987100
43950,350,6200,"bu","10:49:03",1993300
43950,350,10000,"sd","10:49:08",2003300
43950,350,1000,"sd","10:49:09",2004300
43950,350,100,"bu","10:49:10",2004400
43950,350,2000,"sd","10:49:11",2006400
43950,350,200,"sd","10:49:13",2006600
43950,350,10000,"sd","10:49:24",2016600
43950,350,1100,"bu","10:49:26",2017700
44000,400,2500,"bu","10:49:52",2020200
43950,350,500,"sd","10:50:31",2020700
43950,350,100,"bu","10:50:36",2020800
43950,350,200,"sd","10:50:54",2021000
43950,350,500,"sd","10:51:12",2021500
43950,350,4000,"sd","10:51:14",2025500
43950,350,400,"sd","10:51:15",2025900
43950,350,300,"sd","10:51:28",2026200
44000,400,2100,"sd","10:51:49",2028300
43950,350,100,"sd","10:51:51",2028400
43950,350,3500,"sd","10:51:54",2031900
43950,350,300,"sd","10:51:55",2032200
43950,350,5000,"sd","10:52:26",2037200
43950,350,500,"bu","10:52:27",2037700
44000,400,200,"sd","10:52:51",2037900
43950,350,400,"bu","10:53:13",2038300
43950,350,500,"bu","10:53:32",2038800
43950,350,1000,"sd","10:53:39",2039800
43950,350,3400,"bu","10:53:40",2043200
43950,350,100,"sd","10:53:42",2043300
43950,350,5000,"sd","10:53:52",2048300
43950,350,500,"bu","10:53:53",2048800
43950,350,100,"sd","10:54:03",2048900
43950,350,5100,"bu","10:54:19",2054000
43950,350,500,"sd","10:54:21",2054500
43950,350,100,"sd","10:54:30",2054600
44000,400,500,"sd","10:54:40",2055100
44000,400,1000,"sd","10:54:52",2056100
43950,350,100,"sd","10:54:53",2056200
43950,350,1100,"bu","10:55:40",2057300
43950,350,100,"bu","10:55:41",2057400
43950,350,3800,"bu","10:55:56",2061200
43950,350,200,"bu","10:55:57",2061400
43950,350,1000,"sd","10:56:00",2062400
43950,350,100,"sd","10:56:02",2062500
43950,350,4000,"sd","10:56:14",2066500
43950,350,400,"sd","10:56:16",2066900
43950,350,1100,"sd","10:56:17",2068000
43950,350,5500,"bu","10:56:20",2073500
43950,350,2600,"sd","10:56:23",2076100
43950,350,200,"bu","10:56:24",2076300
43950,350,4000,"bu","10:56:25",2080300
43950,350,400,"bu","10:56:26",2080700
43950,350,200,"sd","10:56:29",2080900
43950,350,100,"sd","10:56:32",2081000
43900,300,700,"bu","10:56:42",2081700
43900,300,1700,"bu","10:56:48",2083400
43900,300,100,"bu","10:56:49",2083500
43950,350,1600,"sd","10:56:55",2085100
43900,300,2400,"sd","10:56:57",2087500
43900,300,200,"sd","10:56:58",2087700
43900,300,2600,"sd","10:57:15",2090300
43900,300,600,"sd","10:57:28",2090900
43900,300,100,"sd","10:57:56",2091000
43900,300,200,"bu","10:57:59",2091200
43900,300,700,"bu","10:58:03",2091900
43900,300,100,"sd","10:58:22",2092000
43900,300,500,"sd","10:58:44",2092500
43900,300,1300,"bu","10:58:46",2093800
43950,350,4900,"sd","10:58:57",2098700
43900,300,300,"sd","10:58:59",2099000
43950,350,16700,"bu","10:59:05",2115700
43950,350,1600,"bu","10:59:06",2117300
43950,350,100,"bu","10:59:08",2117400
44000,400,10000,"sd","10:59:14",2127400
43950,350,1800,"bu","10:59:15",2129200
43950,350,100,"bu","10:59:16",2129300
43950,350,9100,"bu","10:59:53",2138400
43950,350,2400,"sd","10:59:54",2140800
43950,350,1000,"sd","11:00:03",2141800
43950,350,100,"sd","11:00:06",2141900
43950,350,3300,"bu","11:00:22",2145200
43950,350,500,"sd","11:00:23",2145700
43950,350,2400,"bu","11:00:28",2148100
43950,350,200,"bu","11:00:30",2148300
43950,350,2000,"bu","11:00:38",2150300
43900,300,200,"sd","11:00:39",2150500
43950,350,800,"bu","11:00:51",2151300
43950,350,2000,"bu","11:00:52",2153300
43900,300,200,"bu","11:00:54",2153500
43950,350,2700,"sd","11:00:58",2156200
43900,300,200,"bu","11:00:59",2156400
43950,350,100,"bu","11:01:02",2156500
43950,350,800,"bu","11:01:06",2157300
43950,350,2700,"bu","11:01:09",2160000
43900,300,200,"bu","11:01:10",2160200
43950,350,1200,"bu","11:01:13",2161400
43900,300,4200,"sd","11:01:18",2165600
43900,300,2000,"sd","11:01:58",2167600
43900,300,200,"bu","11:01:59",2167800
43900,300,1500,"bu","11:02:02",2169300
43900,300,100,"sd","11:02:04",2169400
43900,300,2000,"sd","11:02:55",2171400
43900,300,100,"sd","11:02:56",2171500
43900,300,1200,"bu","11:03:40",2172700
43900,300,100,"bu","11:03:44",2172800
43900,300,1800,"bu","11:03:56",2174600
43900,300,100,"sd","11:03:58",2174700
43900,300,2000,"bu","11:04:01",2176700
43900,300,200,"sd","11:04:02",2176900
43900,300,33000,"sd","11:04:06",2209900
43900,300,300,"sd","11:04:07",2210200
43900,300,2200,"bu","11:04:08",2212400
43900,300,400,"bu","11:04:10",2212800
43900,300,800,"sd","11:04:26",2213600
43850,250,2900,"bu","11:04:31",2216500
43850,250,100,"bu","11:04:36",2216600
43850,250,500,"bu","11:05:04",2217100
43850,250,2000,"sd","11:05:22",2219100
43850,250,200,"sd","11:05:24",2219300
43850,250,100,"sd","11:05:34",2219400
43850,250,2000,"bu","11:05:46",2221400
43850,250,200,"sd","11:05:47",2221600
43850,250,6000,"bu","11:06:07",2227600
43850,250,600,"sd","11:06:08",2228200
43850,250,1200,"bu","11:06:11",2229400
43850,250,100,"bu","11:06:12",2229500
43850,250,2000,"sd","11:06:33",2231500
43850,250,1800,"sd","11:06:34",2233300
43800,200,100,"bu","11:06:35",2233400
43800,200,400,"bu","11:07:28",2233800
43800,200,100,"bu","11:07:51",2233900
43850,250,1600,"bu","11:09:04",2235500
43800,200,100,"sd","11:09:06",2235600
43850,250,3900,"bu","11:09:08",2239500
43800,200,300,"sd","11:09:10",2239800
43850,250,600,"sd","11:09:12",2240400
43850,250,500,"bu","11:09:19",2240900
43850,250,5200,"sd","11:09:24",2246100
43800,200,300,"sd","11:09:25",2246400
43850,250,1500,"sd","11:09:35",2247900
43800,200,100,"bu","11:09:36",2248000
43850,250,500,"bu","11:09:40",2248500
43850,250,1500,"bu","11:10:04",2250000
43800,200,100,"bu","11:10:06",2250100
43850,250,4200,"bu","11:10:12",2254300
43850,250,200,"bu","11:10:27",2254500
43900,300,12700,"sd","11:11:10",2267200
43850,250,1200,"sd","11:11:12",2268400
43850,250,100,"sd","11:11:13",2268500
43900,300,1200,"sd","11:11:19",2269700
43850,250,100,"bu","11:11:20",2269800
43900,300,3900,"bu","11:11:22",2273700
43850,250,300,"sd","11:11:24",2274000
43850,250,200,"bu","11:11:44",2274200
43850,250,3000,"bu","11:12:31",2277200
43850,250,300,"bu","11:12:32",2277500
43900,300,900,"bu","11:13:33",2278400
43900,300,1600,"sd","11:14:16",2280000
43850,250,500,"sd","11:14:29",2280500
43900,300,1200,"bu","11:14:39",2281700
43850,250,100,"bu","11:14:40",2281800
43850,250,4200,"sd","11:14:44",2286000
43850,250,500,"sd","11:14:46",2286500
43900,300,1000,"bu","11:15:10",2287500
43850,250,100,"sd","11:15:13",2287600
43900,300,800,"bu","11:16:03",2288400
43900,300,2700,"bu","11:16:07",2291100
43850,250,200,"bu","11:16:08",2291300
43900,300,2400,"sd","11:16:14",2293700
43900,300,200,"bu","11:16:27",2293900
43900,300,100,"sd","11:17:19",2294000
43900,300,300,"sd","11:17:25",2294300
43900,300,1200,"bu","11:17:44",2295500
43900,300,500,"sd","11:17:45",2296000
43900,300,800,"bu","11:18:53",2296800
43900,300,1100,"bu","11:18:58",2297900
43900,300,5000,"bu","11:19:03",2302900
43900,300,500,"sd","11:19:05",2303400
43900,300,5000,"sd","11:19:20",2308400
43900,300,500,"bu","11:19:21",2308900
43900,300,1300,"bu","11:19:38",2310200
43900,300,200,"bu","11:19:41",2310400
43900,300,100,"sd","11:19:53",2310500
43900,300,1200,"sd","11:20:09",2311700
43900,300,100,"bu","11:20:11",2311800
43850,250,12100,"bu","11:20:13",2323900
43850,250,100,"sd","11:20:14",2324000
43900,300,7800,"sd","11:20:16",2331800
43850,250,700,"sd","11:20:17",2332500
43850,250,2200,"bu","11:20:23",2334700
43850,250,1000,"bu","11:20:46",2335700
43850,250,100,"bu","11:20:47",2335800
43850,250,600,"bu","11:20:52",2336400
43850,250,100,"bu","11:20:56",2336500
43850,250,1000,"sd","11:21:02",2337500
43850,250,100,"sd","11:21:03",2337600
43850,250,2000,"sd","11:21:05",2339600
43850,250,200,"sd","11:21:06",2339800
43850,250,33700,"bu","11:21:13",2373500
43800,200,3300,"bu","11:21:15",2376800
43800,200,300,"bu","11:21:16",2377100
43800,200,200,"bu","11:21:29",2377300
43800,200,400,"sd","11:21:34",2377700
43850,250,1400,"sd","11:21:35",2379100
43850,250,2000,"bu","11:21:41",2381100
43850,250,200,"bu","11:21:43",2381300
43850,250,500,"bu","11:22:00",2381800
43850,250,100,"sd","11:22:06",2381900
43850,250,5500,"bu","11:22:13",2387400
43850,250,500,"bu","11:22:25",2387900
43850,250,100,"sd","11:22:46",2388000
43850,250,800,"bu","11:22:53",2388800
43850,250,500,"bu","11:22:56",2389300
43800,200,2900,"sd","11:22:57",2392200
43850,250,1200,"sd","11:23:02",2393400
43800,200,100,"sd","11:23:03",2393500
43850,250,2400,"sd","11:23:06",2395900
43850,250,1300,"sd","11:23:07",2397200
43850,250,200,"bu","11:23:25",2397400
43800,200,2000,"bu","11:23:35",2399400
43800,200,200,"bu","11:23:36",2399600
43800,200,5500,"sd","11:24:21",2405100
43800,200,13200,"bu","11:24:52",2418300
43800,200,100,"bu","11:24:54",2418400
43800,200,1600,"sd","11:25:07",2420000
43800,200,100,"bu","11:25:08",2420100
43750,150,8200,"bu","11:25:10",2428300
43800,200,100,"sd","11:25:17",2428400
43800,200,800,"sd","11:25:24",2429200
43800,200,2700,"bu","11:25:27",2431900
43750,150,200,"sd","11:25:29",2432100
43750,150,32200,"bu","11:25:44",2464300
43750,150,3000,"bu","11:25:45",2467300
43750,150,300,"sd","11:25:47",2467600
43750,150,500,"bu","11:25:48",2468100
43750,150,1900,"bu","11:26:02",2470000
43750,150,1400,"sd","11:26:17",2471400
43750,150,100,"sd","11:26:18",2471500
43750,150,1000,"sd","11:26:22",2472500
43750,150,100,"bu","11:26:23",2472600
43750,150,1300,"bu","11:26:34",2473900
43750,150,400,"sd","11:26:35",2474300
43750,150,5500,"sd","11:26:38",2479800
43750,150,3300,"bu","11:26:55",2483100
43700,100,300,"sd","11:26:56",2483400
43700,100,200,"bu","11:27:26",2483600
43700,100,2300,"bu","11:27:39",2485900
43700,100,500,"bu","11:27:41",2486400
43700,100,20000,"sd","11:27:42",2506400
43700,100,2200,"sd","11:27:43",2508600
43700,100,1500,"bu","11:27:48",2510100
43700,100,300,"sd","11:27:54",2510400
43700,100,26700,"bu","11:28:01",2537100
43650,50,2600,"bu","11:28:03",2539700
43650,50,200,"bu","11:28:05",2539900
43650,50,4900,"sd","11:28:11",2544800
43650,50,300,"sd","11:28:12",2545100
43650,50,7500,"bu","11:28:29",2552600
43650,50,800,"bu","11:28:30",2553400
43650,50,500,"bu","11:28:33",2553900
43650,50,1400,"sd","11:28:51",2555300
43700,100,300,"sd","11:29:04",2555600
43650,50,1000,"sd","11:29:06",2556600
43650,50,100,"sd","11:29:07",2556700
43600,0,5500,"bu","11:29:13",2562200
43650,50,700,"sd","11:29:17",2562900
43600,0,29300,"bu","11:29:30",2592200
43600,0,200,"sd","11:29:32",2592400
43650,50,1300,"sd","11:29:41",2593700
43650,50,100,"sd","11:29:42",2593800
43650,50,800,"sd","11:29:55",2594600
43700,100,200,"sd","13:00:15",2594800
43700,100,100,"sd","13:00:15",2594900
43650,50,800,"bu","13:00:16",2595700
43650,50,1100,"bu","13:00:19",2596800
43650,50,2000,"sd","13:00:20",2598800
43650,50,2500,"sd","13:00:23",2601300
43600,0,100,"sd","13:00:27",2601400
43600,0,200,"sd","13:00:31",2601600
43600,0,600,"bu","13:00:39",2602200
43650,50,100,"sd","13:00:39",2602300
43650,50,4000,"sd","13:00:40",2606300
43650,50,300,"bu","13:00:42",2606600
43650,50,400,"sd","13:00:44",2607000
43650,50,100,"sd","13:00:55",2607100
43650,50,1300,"bu","13:01:02",2608400
43650,50,100,"bu","13:01:03",2608500
43650,50,1000,"bu","13:01:05",2609500
43650,50,600,"bu","13:01:06",2610100
43650,50,200,"bu","13:01:08",2610300
43650,50,1300,"bu","13:01:11",2611600
43650,50,3300,"bu","13:01:13",2614900
43600,0,5100,"bu","13:01:14",2620000
43650,50,34400,"sd","13:01:26",2654400
43650,50,900,"bu","13:01:27",2655300
43700,100,9900,"bu","13:01:29",2665200
43650,50,900,"bu","13:01:31",2666100
43650,50,2200,"bu","13:01:51",2668300
43600,0,40000,"sd","13:01:56",2708300
43600,0,4000,"sd","13:01:57",2712300
43600,0,400,"bu","13:01:59",2712700
43700,100,300,"bu","13:02:11",2713000
43700,100,200,"bu","13:02:36",2713200
43650,50,1300,"bu","13:02:42",2714500
43650,50,12500,"bu","13:02:51",2727000
43650,50,3000,"bu","13:02:54",2730000
43650,50,300,"bu","13:02:56",2730300
43750,150,27300,"sd","13:03:03",2757600
43650,50,2500,"bu","13:03:04",2760100
43650,50,200,"sd","13:03:06",2760300
43700,100,800,"sd","13:03:12",2761100
43650,50,100,"sd","13:03:19",2761200
43750,150,2400,"sd","13:03:30",2763600
43700,100,2900,"bu","13:03:34",2766500
43750,150,200,"sd","13:03:39",2766700
43700,100,7500,"bu","13:03:48",2774200
43750,150,100,"sd","13:03:52",2774300
43750,150,800,"sd","13:04:04",2775100
43700,100,1100,"sd","13:04:20",2776200
43750,150,9400,"bu","13:04:21",2785600
43800,200,30500,"sd","13:04:35",2816100
43750,150,3000,"sd","13:04:37",2819100
43800,200,1100,"sd","13:04:38",2820200
43800,200,1000,"bu","13:04:40",2821200
43800,200,2800,"sd","13:04:41",2824000
43800,200,2900,"sd","13:04:43",2826900
43750,150,900,"bu","13:04:45",2827800
43800,200,6000,"sd","13:04:55",2833800
43800,200,1100,"sd","13:04:57",2834900
43850,250,800,"sd","13:05:02",2835700
43850,250,200,"sd","13:05:03",2835900
43850,250,2400,"bu","13:05:05",2838300
43800,200,200,"sd","13:05:06",2838500
43850,250,5100,"bu","13:05:25",2843600
43800,200,500,"sd","13:05:27",2844100
43850,250,200,"bu","13:05:33",2844300
43850,250,300,"sd","13:05:41",2844600
43850,250,200,"bu","13:05:47",2844800
43850,250,300,"sd","13:05:53",2845100
43900,300,7000,"bu","13:06:29",2852100
43850,250,4000,"sd","13:06:30",2856100
43850,250,200,"bu","13:06:32",2856300
43850,250,2200,"bu","13:06:37",2858500
43950,350,900,"bu","13:06:38",2859400
43900,300,200,"bu","13:06:51",2859600
43850,250,5200,"bu","13:06:54",2864800
43850,250,7100,"sd","13:06:55",2871900
43850,250,11000,"sd","13:07:00",2882900
43850,250,100,"sd","13:07:02",2883000
43950,350,200,"sd","13:07:10",2883200
43900,300,2200,"bu","13:07:51",2885400
43900,300,22000,"bu","13:07:54",2907400
43900,300,200,"bu","13:07:56",2907600
43900,300,1100,"sd","13:08:05",2908700
43900,300,1000,"bu","13:08:13",2909700
43900,300,100,"bu","13:08:14",2909800
43950,350,300,"bu","13:08:16",2910100
43950,350,2000,"sd","13:08:19",2912100
43900,300,200,"sd","13:08:21",2912300
43900,300,3500,"sd","13:08:22",2915800
43900,300,400,"bu","13:08:29",2916200
43900,300,12100,"bu","13:08:43",2928300
43900,300,3700,"sd","13:08:45",2932000
43900,300,3500,"bu","13:08:50",2935500
43900,300,5800,"sd","13:08:51",2941300
43950,350,10000,"bu","13:09:31",2951300
43900,300,3100,"sd","13:09:33",2954400
43900,300,200,"sd","13:09:34",2954600
43900,300,1900,"bu","13:09:37",2956500
43900,300,3500,"sd","13:09:53",2960000
43900,300,300,"sd","13:09:55",2960300
43900,300,200,"bu","13:09:57",2960500
43900,300,300,"sd","13:10:02",2960800
43900,300,1400,"sd","13:10:06",2962200
43850,250,100,"sd","13:10:07",2962300
43850,250,3700,"sd","13:10:35",2966000
43850,250,1100,"sd","13:11:04",2967100
43850,250,13100,"sd","13:11:20",2980200
43850,250,1200,"bu","13:11:23",2981400
43850,250,600,"sd","13:11:25",2982000
43900,300,300,"bu","13:11:30",2982300
43900,300,200,"sd","13:11:46",2982500
43850,250,7700,"bu","13:12:13",2990200
43850,250,2900,"bu","13:12:52",2993100
43850,250,500,"sd","13:12:58",2993600
43850,250,3300,"bu","13:13:02",2996900
43850,250,7000,"sd","13:13:03",3003900
43850,250,6000,"sd","13:13:05",3009900
43850,250,5000,"bu","13:13:06",3014900
43800,200,3000,"sd","13:13:10",3017900
43850,250,800,"bu","13:13:11",3018700
43800,200,500,"sd","13:13:18",3019200
43800,200,2000,"sd","13:13:21",3021200
43800,200,200,"bu","13:13:22",3021400
43850,250,5000,"sd","13:13:25",3026400
43800,200,500,"sd","13:13:27",3026900
43800,200,10000,"sd","13:13:35",3036900
43800,200,1100,"sd","13:13:38",3038000
43800,200,11000,"bu","13:13:48",3049000
43800,200,100,"sd","13:13:50",3049100
43850,250,1900,"bu","13:14:27",3051000
43850,250,2700,"bu","13:14:31",3053700
43800,200,200,"bu","13:14:32",3053900
43850,250,100,"bu","13:14:42",3054000
43850,250,1200,"sd","13:14:46",3055200
43800,200,100,"sd","13:14:47",3055300
43850,250,3900,"bu","13:14:49",3059200
43800,200,300,"sd","13:14:51",3059500
43850,250,100,"bu","13:14:54",3059600
43850,250,600,"bu","13:15:03",3060200
43800,200,1000,"bu","13:15:18",3061200
43800,200,300,"sd","13:15:20",3061500
43800,200,5500,"bu","13:15:31",3067000
43800,200,2000,"sd","13:15:37",3069000
43800,200,6000,"bu","13:15:45",3075000
43750,150,17600,"sd","13:15:49",3092600
43750,150,100,"sd","13:15:50",3092700
43800,200,4000,"sd","13:16:06",3096700
43800,200,400,"sd","13:16:08",3097100
43800,200,22500,"bu","13:16:16",3119600
43800,200,1300,"bu","13:16:18",3120900
43800,200,1100,"sd","13:16:23",3122000
43800,200,14900,"sd","13:16:25",3136900
43800,200,100,"bu","13:16:27",3137000
43800,200,300,"sd","13:16:57",3137300
43800,200,3900,"sd","13:17:14",3141200
43800,200,300,"sd","13:17:16",3141500
43850,250,5000,"sd","13:17:41",3146500
43800,200,7100,"sd","13:17:43",3153600
43850,250,100,"bu","13:17:45",3153700
43850,250,15100,"sd","13:17:58",3168800
43850,250,1100,"bu","13:18:00",3169900
43850,250,100,"bu","13:18:01",3170000
43800,200,6700,"sd","13:18:05",3176700
43850,250,5800,"sd","13:18:13",3182500
43850,250,500,"sd","13:18:15",3183000
43850,250,100,"sd","13:18:30",3183100
43850,250,400,"bu","13:18:38",3183500
43800,200,2000,"sd","13:19:05",3185500
43800,200,8300,"sd","13:20:16",3193800
43800,200,500,"sd","13:20:17",3194300
43800,200,700,"sd","13:20:19",3195000
43800,200,3000,"bu","13:20:30",3198000
43800,200,300,"bu","13:20:32",3198300
43800,200,3000,"bu","13:20:37",3201300
43800,200,300,"bu","13:20:38",3201600
43800,200,6000,"sd","13:20:45",3207600
43800,200,600,"sd","13:20:47",3208200
43800,200,12100,"bu","13:20:58",3220300
43800,200,100,"bu","13:21:00",3220400
43800,200,11900,"bu","13:21:50",3232300
43750,150,1100,"bu","13:21:52",3233400
43800,200,600,"bu","13:21:54",3234000
43800,200,3800,"sd","13:22:01",3237800
43750,150,300,"bu","13:22:03",3238100
43800,200,1500,"sd","13:22:06",3239600
43750,150,100,"bu","13:22:08",3239700
43750,150,2200,"bu","13:22:15",3241900
43800,200,800,"bu","13:22:16",3242700
43750,150,3100,"sd","13:22:18",3245800
43800,200,2800,"sd","13:22:20",3248600
43750,150,200,"bu","13:22:21",3248800
43750,150,4500,"sd","13:22:26",3253300
43750,150,2900,"sd","13:22:41",3256200
43750,150,27800,"sd","13:22:48",3284000
43700,100,2900,"bu","13:22:50",3286900
43700,100,5000,"sd","13:23:12",3291900
43700,100,500,"bu","13:23:14",3292400
43700,100,6700,"bu","13:23:32",3299100
43750,150,200,"bu","13:23:48",3299300
43750,150,2000,"bu","13:23:50",3301300
43700,100,200,"bu","13:23:52",3301500
43750,150,100,"bu","13:23:59",3301600
43700,100,1800,"sd","13:24:01",3303400
43700,100,100,"bu","13:24:03",3303500
43750,150,1100,"sd","13:24:28",3304600
43750,150,100,"sd","13:24:30",3304700
43750,150,300,"sd","13:24:54",3305000
43750,150,500,"sd","13:24:58",3305500
43750,150,6000,"bu","13:25:10",3311500
43750,150,600,"bu","13:25:12",3312100
43750,150,1100,"sd","13:25:41",3313200
43750,150,5000,"sd","13:26:08",3318200
43750,150,500,"bu","13:26:11",3318700
43800,200,1200,"bu","13:27:04",3319900
43750,150,100,"bu","13:27:06",3320000
43800,200,3900,"sd","13:27:07",3323900
43750,150,300,"sd","13:27:09",3324200
43800,200,100,"sd","13:27:11",3324300
43800,200,5300,"bu","13:27:30",3329600
43750,150,300,"sd","13:27:32",3329900
43750,150,600,"sd","13:27:57",3330500
43750,150,700,"bu","13:27:59",3331200
43750,150,28900,"sd","13:28:11",3360100
43750,150,2300,"sd","13:28:14",3362400
43750,150,1700,"sd","13:28:17",3364100
43700,100,5100,"bu","13:28:20",3369200
43750,150,1400,"bu","13:28:39",3370600
43750,150,8700,"bu","13:28:41",3379300
43750,150,800,"bu","13:28:42",3380100
43750,150,2700,"bu","13:28:44",3382800
43750,150,200,"bu","13:28:45",3383000
43800,200,28000,"bu","13:29:31",3411000
43750,150,3000,"bu","13:29:33",3414000
43750,150,4900,"sd","13:29:52",3418900
43800,200,5600,"sd","13:29:56",3424500
43750,150,500,"bu","13:29:59",3425000
43750,150,5000,"sd","13:30:02",3430000
43750,150,500,"bu","13:30:04",3430500
43750,150,200,"sd","13:30:30",3430700
43800,200,300,"sd","13:30:46",3431000
43750,150,5900,"sd","13:30:58",3436900
43800,200,6400,"bu","13:31:10",3443300
43750,150,1000,"bu","13:31:12",3444300
43750,150,3300,"sd","13:31:15",3447600
43750,150,15000,"bu","13:31:25",3462600
43750,150,1600,"bu","13:31:27",3464200
43750,150,11000,"sd","13:31:29",3475200
43750,150,100,"sd","13:31:31",3475300
43750,150,1200,"bu","13:31:42",3476500
43750,150,100,"bu","13:31:43",3476600
43750,150,12300,"bu","13:32:11",3488900
43800,200,900,"bu","13:32:13",3489800
43750,150,4900,"bu","13:32:22",3494700
43800,200,5000,"sd","13:32:25",3499700
43750,150,500,"bu","13:32:27",3500200
43750,150,2600,"sd","13:32:29",3502800
43800,200,100,"sd","13:32:31",3502900
43800,200,2200,"sd","13:32:35",3505100
43800,200,100,"bu","13:32:36",3505200
43800,200,4400,"sd","13:32:50",3509600
43750,150,1600,"sd","13:33:08",3511200
43750,150,300,"sd","13:33:19",3511500
43800,200,500,"sd","13:33:21",3512000
43800,200,800,"sd","13:33:28",3512800
43800,200,2700,"sd","13:33:31",3515500
43800,200,300,"bu","13:33:35",3515800
43800,200,500,"bu","13:33:44",3516300
43800,200,900,"bu","13:33:48",3517200
43800,200,2700,"sd","13:33:49",3519900
43750,150,200,"sd","13:33:51",3520100
43800,200,100,"bu","13:33:53",3520200
43800,200,400,"sd","13:34:08",3520600
43800,200,800,"bu","13:34:21",3521400
43800,200,200,"bu","13:34:27",3521600
43800,200,2300,"bu","13:35:24",3523900
43750,150,200,"bu","13:35:27",3524100
43750,150,2000,"sd","13:35:47",3526100
43750,150,200,"sd","13:35:49",3526300
43750,150,3000,"sd","13:35:53",3529300
43750,150,300,"sd","13:35:55",3529600
43750,150,900,"sd","13:35:56",3530500
43800,200,1000,"bu","13:36:02",3531500
43750,150,100,"sd","13:36:04",3531600
43750,150,5700,"bu","13:36:36",3537300
43800,200,1000,"sd","13:36:39",3538300
43750,150,100,"sd","13:36:41",3538400
43750,150,2700,"bu","13:36:49",3541100
43750,150,900,"sd","13:37:04",3542000
43800,200,2800,"bu","13:37:42",3544800
43750,150,500,"bu","13:37:44",3545300
43750,150,2000,"bu","13:37:46",3547300
43750,150,200,"bu","13:37:48",3547500
43800,200,1800,"bu","13:37:55",3549300
43750,150,100,"sd","13:37:57",3549400
43750,150,600,"sd","13:38:06",3550000
43750,150,2500,"bu","13:38:16",3552500
43750,150,200,"bu","13:38:18",3552700
43750,150,4600,"bu","13:38:59",3557300
43750,150,2600,"sd","13:39:25",3559900
43750,150,4000,"bu","13:39:30",3563900
43750,150,800,"sd","13:39:32",3564700
43750,150,3700,"bu","13:39:43",3568400
43750,150,500,"sd","13:39:58",3568900
43750,150,500,"sd","13:40:03",3569400
43750,150,11500,"sd","13:40:21",3580900
43750,150,100,"bu","13:40:23",3581000
43700,100,35900,"sd","13:40:26",3616900
43700,100,300,"bu","13:40:28",3617200
43700,100,5200,"sd","13:40:31",3622400
43700,100,43400,"bu","13:40:51",3665800
43700,100,6500,"sd","13:40:53",3672300
43650,50,10400,"sd","13:40:55",3682700
43650,50,100,"bu","13:40:57",3682800
43650,50,3800,"sd","13:41:39",3686600
43650,50,8300,"sd","13:41:50",3694900
43700,100,800,"sd","13:41:52",3695700
43700,100,2700,"sd","13:41:56",3698400
43650,50,200,"sd","13:41:58",3698600
43700,100,100,"sd","13:42:00",3698700
43700,100,800,"bu","13:42:11",3699500
43650,50,15000,"bu","13:42:12",3714500
43650,50,1600,"bu","13:42:14",3716100
43650,50,2000,"sd","13:42:20",3718100
43650,50,200,"bu","13:42:22",3718300
43650,50,5000,"sd","13:42:26",3723300
43650,50,500,"bu","13:42:28",3723800
43650,50,3100,"sd","13:42:43",3726900
43650,50,3900,"sd","13:42:45",3730800
43650,50,100,"bu","13:42:47",3730900
43650,50,400,"sd","13:43:12",3731300
43700,100,800,"bu","13:43:22",3732100
43650,50,2200,"bu","13:43:24",3734300
43650,50,500,"bu","13:43:26",3734800
43700,100,1200,"bu","13:43:28",3736000
43650,50,100,"sd","13:43:30",3736100
43650,50,1000,"sd","13:43:36",3737100
43700,100,1300,"sd","13:43:38",3738400
43650,50,100,"bu","13:43:40",3738500
43700,100,500,"bu","13:43:53",3739000
43650,50,15500,"bu","13:44:27",3754500
43650,50,1100,"sd","13:44:29",3755600
43650,50,3600,"bu","13:44:50",3759200
43650,50,300,"bu","13:44:52",3759500
43650,50,700,"sd","13:45:02",3760200
43650,50,2100,"bu","13:45:15",3762300
43650,50,5700,"bu","13:45:29",3768000
43700,100,1200,"bu","13:45:33",3769200
43650,50,100,"bu","13:45:35",3769300
43700,100,3900,"sd","13:45:37",3773200
43650,50,300,"bu","13:45:39",3773500
43700,100,400,"bu","13:45:41",3773900
43650,50,1300,"sd","13:45:47",3775200
43700,100,4000,"sd","13:45:52",3779200
43650,50,1800,"sd","13:45:53",3781000
43650,50,2200,"sd","13:45:55",3783200
43700,100,2400,"bu","13:45:57",3785600
43650,50,200,"sd","13:45:59",3785800
43700,100,7800,"sd","13:46:01",3793600
43650,50,700,"sd","13:46:03",3794300
43700,100,2000,"sd","13:46:11",3796300
43650,50,100,"sd","13:46:13",3796400
43700,100,3900,"sd","13:46:16",3800300
43650,50,300,"bu","13:46:18",3800600
43700,100,300,"bu","13:46:20",3800900
43700,100,8000,"bu","13:46:24",3808900
43700,100,1500,"bu","13:46:35",3810400
43700,100,500,"bu","13:46:39",3810900
43700,100,200,"sd","13:46:41",3811100
43750,150,1200,"bu","13:46:42",3812300
43700,100,100,"bu","13:46:45",3812400
43750,150,3900,"bu","13:46:47",3816300
43700,100,300,"sd","13:46:48",3816600
43750,150,100,"sd","13:47:01",3816700
43700,100,8800,"sd","13:47:09",3825500
43700,100,400,"bu","13:47:19",3825900
43700,100,500,"sd","13:48:12",3826400
43700,100,28200,"sd","13:48:26",3854600
43750,150,400,"bu","13:48:43",3855000
43800,200,1200,"bu","13:48:49",3856200
43750,150,100,"bu","13:48:51",3856300
43750,150,4200,"bu","13:48:54",3860500
43800,200,9700,"sd","13:48:57",3870200
43800,200,900,"bu","13:48:59",3871100
43800,200,300,"bu","13:49:13",3871400
43800,200,2700,"bu","13:49:46",3874100
43800,200,200,"sd","13:49:50",3874300
43800,200,500,"bu","13:49:55",3874800
43800,200,1900,"bu","13:50:07",3876700
43800,200,100,"bu","13:50:09",3876800
43800,200,1200,"sd","13:50:11",3878000
43800,200,100,"sd","13:50:13",3878100
43800,200,4800,"sd","13:50:27",3882900
43850,250,800,"bu","13:50:31",3883700
43850,250,6000,"bu","13:50:33",3889700
43800,200,200,"sd","13:50:34",3889900
43850,250,2300,"bu","13:50:38",3892200
43850,250,300,"bu","13:50:47",3892500
43800,200,1000,"bu","13:50:53",3893500
43800,200,100,"sd","13:50:55",3893600
43800,200,2200,"bu","13:51:05",3895800
43800,200,900,"sd","13:51:06",3896700
43850,250,500,"bu","13:51:24",3897200
43850,250,8000,"bu","13:52:24",3905200
43800,200,800,"sd","13:52:26",3906000
43800,200,500,"sd","13:52:40",3906500
43800,200,200,"sd","13:53:11",3906700
43850,250,6000,"bu","13:53:21",3912700
43850,250,1500,"sd","13:53:26",3914200
43800,200,100,"sd","13:53:29",3914300
43850,250,45600,"bu","13:53:58",3959900
43850,250,200,"sd","13:54:00",3960100
43850,250,5500,"sd","13:54:02",3965600
43850,250,400,"sd","13:54:08",3966000
43850,250,500,"sd","13:54:15",3966500
43850,250,19800,"sd","13:54:17",3986300
43850,250,1200,"bu","13:54:19",3987500
43900,300,500,"sd","13:54:22",3988000
43950,350,10800,"sd","13:55:03",3998800
43900,300,1100,"bu","13:55:05",3999900
43900,300,200,"sd","13:55:07",4000100
43900,300,100,"bu","13:55:09",4000200
43950,350,1000,"bu","13:55:18",4001200
43900,300,300,"sd","13:55:20",4001500
43900,300,20000,"sd","13:55:28",4021500
43900,300,2200,"bu","13:55:31",4023700
43900,300,300,"sd","13:55:33",4024000
43900,300,22000,"sd","13:55:45",4046000
43900,300,400,"bu","13:55:47",4046400
43900,300,7100,"sd","13:55:52",4053500
43900,300,200,"sd","13:55:55",4053700
43950,350,20400,"bu","13:56:03",4074100
43900,300,1700,"sd","13:56:05",4075800
43900,300,300,"sd","13:56:07",4076100
43900,300,300,"sd","13:56:20",4076400
43900,300,5000,"bu","13:56:22",4081400
43900,300,200,"bu","13:56:28",4081600
43900,300,1700,"sd","13:57:05",4083300
43900,300,200,"bu","13:57:08",4083500
43950,350,6200,"sd","13:57:21",4089700
43900,300,900,"bu","13:57:24",4090600
43900,300,100,"bu","13:57:27",4090700
43900,300,6200,"sd","13:57:52",4096900
43900,300,200,"bu","13:57:57",4097100
43900,300,200,"sd","13:58:10",4097300
43900,300,200,"bu","13:58:16",4097500
43900,300,1500,"bu","13:58:18",4099000
43850,250,4700,"sd","13:58:20",4103700
43850,250,1600,"sd","13:58:22",4105300
43850,250,100,"sd","13:58:24",4105400
43850,250,1400,"bu","13:58:30",4106800
43850,250,100,"bu","13:58:32",4106900
43850,250,200,"sd","13:58:34",4107100
43850,250,700,"bu","13:58:50",4107800
43900,300,1200,"bu","13:58:51",4109000
43750,150,22800,"sd","13:58:53",4131800
43750,150,200,"sd","13:58:55",4132000
43800,200,1700,"bu","13:59:22",4133700
43800,200,700,"sd","13:59:25",4134400
43800,200,200,"bu","13:59:33",4134600
43850,250,500,"bu","14:00:00",4135100
43800,200,200,"sd","14:00:10",4135300
43800,200,1400,"sd","14:00:14",4136700
43800,200,100,"sd","14:00:17",4136800
43850,250,200,"sd","14:00:23",4137000
43800,200,6800,"bu","14:00:53",4143800
43800,200,3100,"bu","14:01:00",4146900
43800,200,1500,"bu","14:01:16",4148400
43850,250,3900,"sd","14:01:18",4152300
43800,200,3000,"sd","14:01:22",4155300
43800,200,800,"bu","14:01:26",4156100
43800,200,3500,"sd","14:01:35",4159600
43800,200,700,"bu","14:01:50",4160300
43800,200,200,"sd","14:01:59",4160500
43800,200,1500,"bu","14:02:03",4162000
43850,250,7200,"sd","14:02:13",4169200
43850,250,2200,"bu","14:02:22",4171400
43800,200,400,"bu","14:02:24",4171800
43850,250,1400,"sd","14:02:29",4173200
43850,250,200,"bu","14:02:31",4173400
43850,250,2200,"sd","14:02:38",4175600
43850,250,1700,"sd","14:02:40",4177300
43850,250,300,"sd","14:02:42",4177600
43850,250,200,"sd","14:02:47",4177800
43850,250,100,"sd","14:02:49",4177900
43850,250,500,"bu","14:02:53",4178400
43850,250,200,"bu","14:02:55",4178600
43850,250,300,"bu","14:02:59",4178900
43850,250,200,"bu","14:03:11",4179100
43850,250,1100,"bu","14:03:16",4180200
43850,250,500,"sd","14:03:18",4180700
43900,300,100,"bu","14:03:21",4180800
43850,250,1500,"bu","14:03:36",4182300
43900,300,5000,"bu","14:03:40",4187300
43850,250,500,"sd","14:03:43",4187800
43850,250,200,"bu","14:03:47",4188000
43850,250,3100,"sd","14:04:19",4191100
43850,250,200,"sd","14:04:24",4191300
43850,250,2300,"bu","14:04:26",4193600
43800,200,200,"sd","14:04:28",4193800
43850,250,100,"bu","14:04:32",4193900
43800,200,200,"sd","14:04:36",4194100
43850,250,300,"sd","14:04:53",4194400
43800,200,200,"bu","14:05:02",4194600
43850,250,3000,"sd","14:05:07",4197600
43850,250,1900,"sd","14:05:09",4199500
43850,250,2700,"sd","14:05:12",4202200
43850,250,100,"sd","14:05:14",4202300
43800,200,200,"bu","14:05:24",4202500
43850,250,100,"bu","14:05:27",4202600
43850,250,2000,"sd","14:05:29",4204600
43800,200,100,"sd","14:05:31",4204700
43800,200,200,"sd","14:05:35",4204900
43800,200,800,"bu","14:05:53",4205700
43800,200,200,"bu","14:06:00",4205900
43800,200,100,"sd","14:06:07",4206000
43800,200,200,"sd","14:06:14",4206200
43800,200,3700,"sd","14:06:42",4209900
43800,200,200,"bu","14:06:49",4210100
43800,200,700,"sd","14:07:03",4210800
43850,250,800,"sd","14:07:07",4211600
43800,200,12900,"sd","14:07:12",4224500
43800,200,1800,"sd","14:07:15",4226300
43800,200,400,"bu","14:07:27",4226700
43800,200,5400,"bu","14:07:37",4232100
43800,200,300,"bu","14:07:39",4232400
43800,200,500,"sd","14:07:44",4232900
43750,150,200,"bu","14:07:50",4233100
43750,150,2100,"bu","14:08:40",4235200
43750,150,100,"bu","14:08:44",4235300
43750,150,200,"bu","14:08:50",4235500
43750,150,1500,"sd","14:09:14",4237000
43750,150,200,"bu","14:09:27",4237200
43750,150,5700,"bu","14:09:40",4242900
43750,150,200,"bu","14:09:50",4243100
43750,150,300,"bu","14:09:57",4243400
43750,150,200,"bu","14:10:02",4243600
43800,200,1200,"bu","14:10:04",4244800
43750,150,2800,"bu","14:10:06",4247600
43750,150,4200,"sd","14:10:08",4251800
43800,200,200,"bu","14:10:13",4252000
43750,150,1500,"sd","14:10:15",4253500
43800,200,3900,"sd","14:10:16",4257400
43750,150,300,"sd","14:10:19",4257700
43750,150,400,"sd","14:10:21",4258100
43750,150,1100,"bu","14:10:23",4259200
43750,150,200,"bu","14:10:27",4259400
43750,150,900,"bu","14:10:30",4260300
43750,150,200,"bu","14:10:40",4260500
43750,150,1100,"sd","14:10:42",4261600
43750,150,3300,"sd","14:10:44",4264900
43750,150,11200,"bu","14:10:52",4276100
43750,150,1200,"sd","14:10:54",4277300
43750,150,300,"sd","14:10:56",4277600
43750,150,200,"sd","14:11:03",4277800
43750,150,6800,"sd","14:11:20",4284600
43750,150,1200,"bu","14:11:28",4285800
43750,150,100,"bu","14:11:31",4285900
43750,150,500,"bu","14:11:38",4286400
43750,150,200,"bu","14:11:41",4286600
43750,150,700,"bu","14:12:04",4287300
43750,150,600,"sd","14:12:39",4287900
43750,150,200,"sd","14:12:53",4288100
43750,150,300,"sd","14:13:06",4288400
43750,150,200,"bu","14:13:18",4288600
43750,150,19100,"sd","14:13:39",4307700
43750,150,300,"sd","14:13:41",4308000
43750,150,14000,"bu","14:13:50",4322000
43750,150,1500,"sd","14:13:52",4323500
43750,150,1200,"sd","14:13:54",4324700
43750,150,100,"sd","14:13:56",4324800
43750,150,200,"sd","14:13:59",4325000
43750,150,300,"sd","14:14:16",4325300
43750,150,200,"sd","14:14:18",4325500
43750,150,100,"bu","14:14:20",4325600
43750,150,10000,"sd","14:14:28",4335600
43700,100,1300,"bu","14:14:31",4336900
43700,100,200,"bu","14:14:41",4337100
43750,150,100,"bu","14:14:43",4337200
43700,100,200,"sd","14:14:53",4337400
43750,150,300,"sd","14:15:10",4337700
43750,150,6600,"sd","14:16:13",4344300
43750,150,100,"sd","14:16:21",4344400
43750,150,1000,"sd","14:16:46",4345400
43750,150,100,"sd","14:16:49",4345500
43700,100,6300,"bu","14:16:58",4351800
43700,100,1100,"sd","14:17:08",4352900
43750,150,800,"sd","14:17:14",4353700
43750,150,1000,"sd","14:17:26",4354700
43700,100,1100,"bu","14:17:28",4355800
43700,100,2500,"bu","14:17:32",4358300
43700,100,200,"sd","14:17:44",4358500
43750,150,2000,"sd","14:17:52",4360500
43750,150,1400,"bu","14:17:54",4361900
43750,150,600,"sd","14:17:57",4362500
43700,100,12400,"bu","14:17:59",4374900
43700,100,400,"bu","14:18:02",4375300
43750,150,3000,"sd","14:18:12",4378300
43700,100,2900,"sd","14:18:16",4381200
43750,150,1000,"sd","14:18:22",4382200
43750,150,600,"bu","14:18:24",4382800
43700,100,200,"bu","14:18:28",4383000
43750,150,100,"bu","14:18:31",4383100
43750,150,2700,"bu","14:18:42",4385800
43800,200,28200,"bu","14:18:46",4414000
43800,200,200,"bu","14:18:49",4414200
43800,200,1000,"bu","14:18:52",4415200
43800,200,100,"sd","14:18:54",4415300
43800,200,6100,"bu","14:18:56",4421400
43750,150,1600,"bu","14:19:02",4423000
43700,100,9000,"bu","14:19:43",4432000
43750,150,2300,"bu","14:19:51",4434300
43700,100,200,"bu","14:19:53",4434500
43700,100,1600,"bu","14:20:05",4436100
43700,100,2200,"sd","14:20:07",4438300
43700,100,200,"bu","14:20:10",4438500
43800,200,2000,"sd","14:20:24",4440500
43750,150,200,"bu","14:20:27",4440700
43800,200,2000,"bu","14:20:48",4442700
43800,200,20600,"sd","14:20:51",4463300
43800,200,11400,"bu","14:20:54",4474700
43850,250,5200,"bu","14:20:56",4479900
43850,250,8200,"bu","14:20:58",4488100
43800,200,1700,"bu","14:21:00",4489800
43800,200,100,"bu","14:21:03",4489900
43800,200,4700,"bu","14:21:08",4494600
43850,250,7900,"sd","14:21:10",4502500
43850,250,5900,"bu","14:21:15",4508400
43850,250,11000,"sd","14:21:20",4519400
43900,300,3100,"bu","14:21:22",4522500
43800,200,300,"bu","14:21:24",4522800
43900,300,8000,"sd","14:21:29",4530800
43800,200,12700,"bu","14:21:32",4543500
43850,250,1700,"sd","14:21:34",4545200
43850,250,2900,"bu","14:21:39",4548100
43900,300,300,"bu","14:21:44",4548400
43900,300,3700,"sd","14:21:47",4552100
43900,300,12300,"sd","14:21:49",4564400
43950,350,1200,"bu","14:21:52",4565600
43950,350,3600,"sd","14:21:54",4569200
43900,300,200,"sd","14:21:57",4569400
43900,300,8500,"sd","14:21:59",4577900
43950,350,500,"bu","14:22:02",4578400
43950,350,1100,"sd","14:22:04",4579500
43900,300,31800,"sd","14:22:07",4611300
43950,350,8100,"sd","14:22:09",4619400
43900,300,700,"sd","14:22:12",4620100
43900,300,100,"sd","14:22:14",4620200
43900,300,5600,"sd","14:22:16",4625800
43900,300,13100,"bu","14:22:24",4638900
43900,300,200,"bu","14:22:26",4639100
43900,300,500,"bu","14:22:28",4639600
43900,300,100,"bu","14:22:31",4639700
43900,300,4400,"sd","14:22:34",4644100
43900,300,16500,"sd","14:22:36",4660600
43900,300,2900,"sd","14:22:39",4663500
43950,350,33300,"sd","14:22:47",4696800
44000,400,10000,"bu","14:22:52",4706800
43950,350,1100,"bu","14:22:55",4707900
44000,400,6500,"sd","14:22:57",4714400
44000,400,2500,"sd","14:23:00",4716900
44000,400,8000,"sd","14:23:02",4724900
44000,400,1000,"bu","14:23:05",4725900
44000,400,10700,"bu","14:23:07",4736600
44000,400,5400,"bu","14:23:10",4742000
44000,400,20900,"bu","14:23:12",4762900
44000,400,8100,"sd","14:23:15",4771000
44000,400,6900,"bu","14:23:18",4777900
43950,350,6600,"sd","14:23:24",4784500
44000,400,10200,"sd","14:23:29",4794700
44000,400,56300,"bu","14:23:32",4851000
44000,400,5600,"sd","14:23:34",4856600
44050,450,800,"bu","14:23:36",4857400
44000,400,1100,"sd","14:23:47",4858500
44050,450,4300,"bu","14:23:57",4862800
44000,400,400,"bu","14:24:00",4863200
44000,400,25300,"bu","14:24:05",4888500
44000,400,200,"sd","14:24:08",4888700
44050,450,8000,"sd","14:24:09",4896700
44050,450,7300,"bu","14:24:11",4904000
44050,450,900,"bu","14:24:13",4904900
44050,450,100,"bu","14:24:16",4905000
44000,400,500,"sd","14:24:18",4905500
44050,450,400,"sd","14:24:23",4905900
44050,450,1300,"sd","14:24:35",4907200
44000,400,7400,"sd","14:24:37",4914600
44000,400,1100,"bu","14:24:39",4915700
44050,450,500,"bu","14:24:43",4916200
44050,450,100,"bu","14:24:48",4916300
44050,450,300,"bu","14:24:50",4916600
44050,450,100,"bu","14:24:55",4916700
44050,450,3000,"bu","14:24:59",4919700
44000,400,300,"sd","14:25:01",4920000
44000,400,1100,"bu","14:25:08",4921100
44050,450,3100,"bu","14:25:13",4924200
44000,400,300,"sd","14:25:15",4924500
44050,450,400,"sd","14:25:20",4924900
44050,450,3000,"bu","14:25:30",4927900
44000,400,10300,"bu","14:25:33",4938200
44050,450,3400,"bu","14:25:35",4941600
44000,400,7100,"bu","14:25:38",4948700
44000,400,6600,"sd","14:25:40",4955300
44050,450,500,"sd","14:25:43",4955800
44000,400,2300,"bu","14:25:53",4958100
44000,400,1100,"sd","14:25:55",4959200
44000,400,16600,"bu","14:26:00",4975800
44000,400,9100,"bu","14:26:03",4984900
44000,400,1100,"bu","14:26:10",4986000
44000,400,22400,"bu","14:26:15",5008400
43950,350,1900,"bu","14:26:18",5010300
43950,350,12100,"bu","14:26:30",5022400
43950,350,1200,"bu","14:26:33",5023600
43950,350,500,"sd","14:26:40",5024100
43950,350,16500,"bu","14:26:48",5040600
43950,350,12400,"sd","14:26:50",5053000
43900,300,1100,"sd","14:26:55",5054100
43900,300,11500,"bu","14:27:02",5065600
43900,300,100,"sd","14:27:05",5065700
43900,300,5200,"bu","14:27:09",5070900
43900,300,500,"sd","14:27:12",5071400
43900,300,6600,"sd","14:27:20",5078000
43900,300,500,"bu","14:27:28",5078500
43900,300,200,"bu","14:27:31",5078700
43950,350,100,"bu","14:27:40",5078800
43900,300,6700,"sd","14:27:44",5085500
43900,300,1100,"bu","14:27:46",5086600
43900,300,100,"bu","14:27:51",5086700
43900,300,1800,"sd","14:27:54",5088500
43900,300,2200,"bu","14:27:56",5090700
43900,300,5000,"sd","14:27:59",5095700
43900,300,4400,"bu","14:28:02",5100100
43900,300,5900,"bu","14:28:04",5106000
43900,300,700,"bu","14:28:07",5106700
43850,250,600,"sd","14:28:14",5107300
43850,250,100,"sd","14:28:16",5107400
43850,250,600,"sd","14:28:27",5108000
43850,250,5400,"sd","14:28:29",5113400
43850,250,1000,"bu","14:28:33",5114400
43850,250,2200,"bu","14:28:49",5116600
43850,250,100,"sd","14:28:51",5116700
43850,250,4000,"bu","14:28:57",5120700
43850,250,400,"bu","14:29:00",5121100
43850,250,3300,"bu","14:29:06",5124400
43850,250,11200,"sd","14:29:08",5135600
43850,250,500,"bu","14:29:11",5136100
43850,250,11000,"sd","14:29:20",5147100
43850,250,100,"bu","14:29:22",5147200
43800,200,25700,"bu","14:29:26",5172900
43800,200,200,"sd","14:29:29",5173100
43850,250,1000,"bu","14:29:31",5174100
43850,250,12100,"sd","14:29:34",5186200
43800,200,600,"sd","14:29:37",5186800
43850,250,3600,"bu","14:29:45",5190400
43850,250,9300,"sd","14:29:48",5199700
43850,250,1500,"sd","14:29:51",5201200
43850,250,500,"sd","14:29:53",5201700
43800,200,1200,"bu","14:29:56",5202900
43850,250,2600,"bu","14:30:00",5205500
44000,400,307600,"bu","14:45:10",5513100
