"price","change","match_qtty","side","time","total_vol"
68100,0,7600,"sd","09:15:09",7600
68100,0,200,"sd","09:15:12",7800
68200,100,700,"sd","09:16:10",8500
68200,100,100,"bu","09:16:23",8600
68200,100,1000,"sd","09:16:34",9600
68200,100,100,"sd","09:16:35",9700
68300,200,600,"sd","09:17:49",10300
68200,100,4100,"bu","09:18:13",14400
68200,100,400,"sd","09:18:14",14800
68200,100,1100,"bu","09:19:48",15900
68200,100,100,"sd","09:19:50",16000
68200,100,500,"sd","09:20:30",16500
68200,100,1500,"sd","09:20:59",18000
68200,100,100,"bu","09:21:00",18100
68300,200,600,"bu","09:21:37",18700
68300,200,5000,"sd","09:21:42",23700
68300,200,2000,"sd","09:21:44",25700
68300,200,700,"sd","09:21:47",26400
68300,200,300,"bu","09:21:48",26700
68200,100,700,"bu","09:21:49",27400
68200,100,4200,"sd","09:21:53",31600
68200,100,400,"bu","09:21:54",32000
68300,200,4300,"sd","09:21:57",36300
68300,200,100,"bu","09:22:10",36400
68300,200,2200,"bu","09:22:53",38600
68300,200,300,"bu","09:23:15",38900
68300,200,400,"sd","09:23:18",39300
68200,100,4200,"bu","09:23:46",43500
68200,100,400,"bu","09:23:47",43900
68200,100,100,"sd","09:24:11",44000
68200,100,2600,"bu","09:24:17",46600
68200,100,200,"sd","09:24:18",46800
68200,100,400,"bu","09:24:57",47200
68300,200,100,"sd","09:25:05",47300
68300,200,6200,"bu","09:27:11",53500
68300,200,200,"bu","09:27:13",53700
68200,100,500,"bu","09:28:31",54200
68200,100,900,"sd","09:28:41",55100
68200,100,100,"sd","09:28:44",55200
68200,100,200,"sd","09:29:02",55400
68300,200,3000,"sd","09:29:40",58400
68300,200,100,"sd","09:29:54",58500
68300,200,200,"bu","09:30:09",58700
68200,100,1400,"sd","09:30:22",60100
68200,100,900,"sd","09:31:14",61000
68200,100,4400,"bu","09:31:14",65400
68200,100,500,"sd","09:31:15",65900
68200,100,2100,"bu","09:31:35",68000
68200,100,200,"sd","09:31:36",68200
68200,100,4000,"bu","09:32:18",72200
68200,100,400,"sd","09:32:19",72600
68200,100,500,"sd","09:32:33",73100
68200,100,100,"bu","09:32:52",73200
68200,100,300,"sd","09:33:17",73500
68200,100,300,"bu","09:33:22",73800
68200,100,400,"bu","09:33:27",74200
68200,100,800,"bu","09:33:38",75000
68200,100,500,"sd","09:33:46",75500
68200,100,100,"bu","09:33:46",75600
68300,200,800,"sd","09:34:40",76400
68300,200,100,"bu","09:34:56",76500
68300,200,10000,"bu","09:35:42",86500
68300,200,900,"sd","09:36:01",87400
68200,100,1100,"sd","09:36:17",88500
68200,100,100,"sd","09:37:50",88600
68200,100,4300,"sd","09:38:31",92900
68200,100,1800,"sd","09:39:21",94900
68200,100,200,"bu","09:39:22",95100
68200,100,300,"bu","09:39:54",95400
68200,100,10000,"sd","09:40:01",105400
68200,100,1100,"sd","09:40:01",106500
68200,100,100,"bu","09:40:02",106600
68200,100,900,"bu","09:40:09",107500
68200,100,500,"sd","09:40:12",108000
68200,100,300,"bu","09:40:35",108300
68200,100,200,"bu","09:40:41",108500
68200,100,1000,"bu","09:40:49",109500
68200,100,800,"bu","09:40:50",110300
68200,100,1400,"sd","09:41:14",111700
68200,100,200,"sd","09:42:25",111900
68200,100,1400,"sd","09:44:48",113300
68100,0,900,"sd","09:45:31",114200
68200,100,1400,"bu","09:45:39",115600
68100,0,400,"sd","09:45:40",116000
68100,0,300,"sd","09:45:45",116300
68100,0,100,"bu","09:46:56",116400
68200,100,300,"bu","09:47:13",116700
68200,100,100,"bu","09:47:21",116800
68200,100,200,"sd","09:48:08",117000
68200,100,500,"bu","09:48:36",117500
68200,100,100,"sd","09:48:41",117600
68200,100,200,"bu","09:48:45",117800
68200,100,100,"sd","09:48:47",117900
68200,100,1000,"sd","09:49:23",118900
68100,0,500,"bu","09:49:25",119400
68100,0,900,"sd","09:51:09",120300
68100,0,300,"bu","09:51:25",120600
68100,0,200,"sd","09:51:29",120800
68100,0,100,"sd","09:51:33",120900
68200,100,500,"sd","09:52:51",121400
68200,100,1500,"sd","09:53:14",122900
68200,100,2700,"bu","09:53:40",125600
68200,100,3000,"sd","09:53:42",128600
68200,100,200,"sd","09:53:48",128800
68200,100,100,"bu","09:53:57",128900
68200,100,300,"bu","09:54:09",129200
68200,100,600,"bu","09:54:14",129800
68200,100,700,"bu","09:54:25",130500
68200,100,10000,"bu","09:54:30",140500
68100,0,300,"bu","09:54:34",140800
68200,100,100,"bu","09:54:47",140900
68200,100,400,"sd","09:54:48",141300
68200,100,100,"sd","09:54:57",141400
68200,100,300,"bu","09:55:02",141700
68200,100,6600,"bu","09:55:04",148300
68300,200,20700,"sd","09:55:05",169000
68300,200,400,"sd","09:55:06",169400
68300,200,200,"sd","09:55:35",169600
68300,200,300,"sd","09:55:42",169900
68300,200,100,"sd","09:55:48",170000
68200,100,400,"sd","09:56:12",170400
68200,100,1200,"bu","09:56:30",171600
68200,100,400,"sd","09:56:45",172000
68200,100,100,"bu","09:56:58",172100
68200,100,1600,"bu","09:58:04",173700
68300,200,900,"bu","10:00:08",182400
68400,300,1400,"sd","10:00:25",183800
68400,300,300,"sd","10:01:22",184100
68400,300,400,"bu","10:01:36",184500
68400,300,1000,"sd","10:02:40",185500
68400,300,3300,"sd","10:02:58",188800
68400,300,2900,"bu","10:03:20",191700
68400,300,300,"bu","10:03:21",192000
68400,300,2400,"bu","10:03:49",194400
68300,200,900,"bu","10:04:44",195300
68300,200,200,"sd","10:04:55",195500
68300,200,100,"bu","10:05:08",195600
68400,300,8400,"bu","10:05:24",204000
68400,300,900,"bu","10:05:25",204900
68500,400,2600,"bu","10:06:12",207500
68500,400,2900,"bu","10:06:15",210400
68500,400,300,"bu","10:06:16",210700
68600,500,5000,"sd","10:06:21",215700
68600,500,1000,"bu","10:06:31",216700
68600,500,500,"sd","10:06:41",217200
68600,500,100,"sd","10:06:46",217300
68500,400,200,"sd","10:07:40",217500
68600,500,100,"sd","10:08:42",217600
68500,400,3800,"bu","10:09:14",221400
68500,400,300,"bu","10:09:15",221700
68500,400,400,"bu","10:09:16",222100
68500,400,200,"sd","10:09:41",222300
68600,500,1800,"bu","10:10:50",224100
68600,500,100,"sd","10:10:59",224200
68500,400,5000,"sd","10:11:08",229200
68500,400,500,"bu","10:11:10",229700
68500,400,100,"sd","10:11:51",229800
68500,400,800,"sd","10:12:14",230600
68500,400,4100,"bu","10:12:15",234700
68400,300,1400,"bu","10:12:18",236100
68400,300,100,"sd","10:12:19",236200
68500,400,8800,"bu","10:12:39",245000
68300,200,1400,"sd","10:12:53",246400
68300,200,100,"sd","10:12:54",246500
68500,400,400,"bu","10:13:22",246900
68300,200,500,"sd","10:15:07",247400
68400,300,1900,"sd","10:15:29",249300
68300,200,500,"sd","10:15:36",249800
68300,200,600,"bu","10:15:58",250400
68300,200,1600,"bu","10:16:22",252000
68300,200,100,"sd","10:16:23",252100
68300,200,1000,"sd","10:17:26",253100
68300,200,100,"bu","10:17:26",253200
68400,300,6400,"sd","10:17:35",259600
68400,300,1800,"bu","10:17:36",261400
68400,300,100,"bu","10:18:01",261500
68400,300,200,"sd","10:18:07",261700
68400,300,600,"sd","10:18:13",262300
68400,300,300,"sd","10:18:40",262600
68400,300,100,"bu","10:18:48",262700
68400,300,200,"bu","10:18:55",262900
68400,300,100,"bu","10:20:42",263000
68400,300,1000,"bu","10:21:07",264000
68400,300,100,"bu","10:21:08",264100
68400,300,1000,"bu","10:21:21",265100
68400,300,100,"bu","10:21:22",265200
68400,300,400,"sd","10:21:38",265600
68400,300,100,"sd","10:21:51",265700
68300,200,400,"bu","10:22:50",266100
68300,200,1000,"bu","10:22:56",267100
68300,200,100,"bu","10:22:57",267200
68300,200,300,"sd","10:23:24",267500
68300,200,500,"bu","10:24:46",268000
68300,200,2900,"bu","10:25:04",270900
68300,200,900,"sd","10:25:29",271800
68300,200,1000,"sd","10:25:52",272800
68300,200,1800,"bu","10:25:53",274600
68300,200,1100,"bu","10:26:40",275700
68300,200,100,"bu","10:26:41",275800
68300,200,1700,"sd","10:26:43",277500
68300,200,100,"bu","10:26:44",277600
68300,200,7400,"sd","10:27:01",285000
68300,200,1500,"bu","10:27:06",286500
68300,200,1100,"bu","10:27:08",287600
68300,200,100,"sd","10:27:09",287700
68300,200,1500,"sd","10:27:32",289200
68300,200,2500,"sd","10:27:47",291700
68300,200,200,"sd","10:27:48",291900
68300,200,700,"bu","10:27:54",292600
68300,200,1500,"sd","10:28:17",294100
68300,200,100,"bu","10:28:19",294200
68300,200,400,"bu","10:28:22",294600
68300,200,1300,"bu","10:28:40",295900
68300,200,100,"bu","10:28:42",296000
68300,200,1000,"sd","10:29:06",297000
68300,200,100,"sd","10:29:07",297100
68300,200,1500,"sd","10:29:37",298600
68300,200,100,"sd","10:30:00",298700
68300,200,1000,"sd","10:30:35",299700
68300,200,6200,"bu","10:31:14",305900
68300,200,600,"bu","10:31:16",306500
68400,300,1400,"bu","10:31:27",307900
68400,300,10300,"sd","10:31:58",318200
68400,300,900,"bu","10:32:00",319100
68400,300,1000,"sd","10:32:20",320100
68400,300,100,"sd","10:32:21",320200
68300,200,900,"bu","10:32:25",321100
68300,200,100,"sd","10:32:26",321200
68300,200,1700,"sd","10:32:33",322900
68300,200,100,"bu","10:32:33",323000
68300,200,1000,"sd","10:32:54",324000
68300,200,100,"sd","10:32:55",324100
68400,300,1000,"sd","10:33:09",325100
68400,300,100,"sd","10:33:10",325200
68400,300,1700,"sd","10:33:23",326900
68400,300,100,"sd","10:33:24",327000
68400,300,1100,"sd","10:33:58",328100
68400,300,100,"bu","10:33:59",328200
68400,300,200,"bu","10:34:02",328400
68400,300,1700,"bu","10:34:13",330100
68400,300,100,"bu","10:34:15",330200
68400,300,3000,"bu","10:34:24",333200
68300,200,100,"sd","10:34:53",333300
68300,200,1700,"sd","10:35:03",335000
68300,200,100,"bu","10:35:04",335100
68300,200,1000,"bu","10:35:35",336100
68300,200,100,"sd","10:35:36",336200
68300,200,1700,"sd","10:35:53",337900
68300,200,100,"bu","10:35:54",338000
68300,200,1000,"sd","10:36:23",339000
68300,200,100,"bu","10:36:24",339100
68400,300,1400,"sd","10:36:28",340500
68400,300,100,"bu","10:36:58",340600
68400,300,2800,"bu","10:37:32",343400
68400,300,10000,"sd","10:37:51",353400
68400,300,500,"sd","10:37:55",353900
68400,300,1400,"sd","10:38:09",355300
68400,300,5700,"bu","10:38:15",361000
68400,300,500,"bu","10:38:16",361500
68400,300,1700,"bu","10:38:25",363200
68400,300,2100,"bu","10:38:49",365300
68400,300,100,"bu","10:38:51",365400
68500,400,200,"sd","10:38:53",365600
68500,400,300,"sd","10:39:03",365900
68500,400,7000,"sd","10:39:19",372900
68500,400,800,"sd","10:39:30",373700
68500,400,200,"sd","10:39:50",373900
68400,300,1000,"bu","10:40:39",374900
68400,300,100,"bu","10:40:40",375000
68400,300,1600,"bu","10:40:53",376600
68400,300,100,"sd","10:40:54",376700
68400,300,1000,"bu","10:41:15",377700
68400,300,100,"sd","10:41:16",377800
68500,400,500,"bu","10:41:39",378300
68400,300,300,"sd","10:41:45",378600
68400,300,100,"bu","10:42:00",378700
68400,300,900,"bu","10:42:02",379600
68500,400,1400,"bu","10:42:03",381000
68500,400,1500,"sd","10:42:06",382500
68500,400,1400,"sd","10:42:13",383900
68500,400,1400,"sd","10:42:22",385300
68500,400,300,"sd","10:42:28",385600
68500,400,1100,"sd","10:42:28",386700
68500,400,4200,"bu","10:42:47",390900
68500,400,2800,"sd","10:42:58",393700
68500,400,1600,"sd","10:43:10",395300
68500,400,1000,"bu","10:43:13",396300
68500,400,1400,"sd","10:43:28",397700
68500,400,100,"sd","10:43:29",397800
68500,400,1400,"sd","10:43:35",399200
68500,400,2000,"sd","10:43:39",401200
68500,400,1400,"sd","10:43:42",402600
68500,400,1400,"bu","10:43:49",404000
68500,400,1400,"bu","10:43:58",405400
68500,400,500,"bu","10:44:06",405900
68500,400,1400,"bu","10:44:10",407300
68500,400,2800,"sd","10:44:25",410100
68500,400,1300,"sd","10:44:30",411400
68500,400,100,"sd","10:44:31",411500
68600,500,1400,"bu","10:44:33",412900
68500,400,100,"sd","10:44:38",413000
68500,400,500,"bu","10:44:40",413500
68600,500,1400,"bu","10:44:45",414900
68600,500,1400,"sd","10:44:50",416300
68600,500,1400,"bu","10:44:58",417700
68600,500,1400,"sd","10:45:06",419100
68600,500,100,"sd","10:45:07",419200
68600,500,1000,"sd","10:45:15",420200
68500,400,300,"bu","10:45:17",420500
68500,400,1000,"sd","10:45:18",421500
68500,400,100,"sd","10:45:20",421600
68500,400,1700,"bu","10:45:53",423300
68500,400,200,"bu","10:45:54",423500
68500,400,100,"sd","10:46:15",423600
68400,300,1200,"bu","10:47:27",424800
68400,300,4700,"bu","10:47:29",429500
68400,300,1600,"sd","10:47:34",431100
68400,300,100,"sd","10:47:35",431200
68400,300,3200,"sd","10:48:07",434400
68400,300,500,"bu","10:48:16",434900
68400,300,100,"bu","10:48:29",435000
68400,300,2300,"bu","10:48:30",437300
68400,300,1100,"sd","10:48:33",438400
68400,300,1600,"bu","10:49:14",440000
68400,300,100,"sd","10:49:15",440100
68400,300,1500,"sd","10:49:22",441600
68400,300,100,"bu","10:49:23",441700
68400,300,500,"bu","10:49:24",442200
68500,400,100,"bu","10:49:37",442300
68500,400,10000,"bu","10:50:35",452300
68500,400,100,"bu","10:50:46",452400
68400,300,2000,"sd","10:51:29",454400
68400,300,200,"bu","10:51:30",454600
68400,300,1600,"bu","10:51:43",456200
68400,300,100,"bu","10:51:44",456300
68400,300,1000,"sd","10:51:47",457300
68400,300,100,"sd","10:51:48",457400
68500,400,600,"sd","10:52:29",458000
68400,300,500,"sd","10:52:47",458500
68500,400,100,"bu","10:53:01",458600
68500,400,4000,"sd","10:53:10",462600
68400,300,1500,"bu","10:53:24",464100
68400,300,500,"sd","10:53:29",464600
68400,300,1400,"bu","10:53:37",466000
68400,300,1000,"sd","10:54:15",467000
68400,300,1000,"sd","10:54:44",468000
68400,300,2900,"sd","10:54:46",470900
68400,300,100,"bu","10:54:47",471000
68400,300,1100,"bu","10:55:01",472100
68400,300,100,"sd","10:55:02",472200
68400,300,1600,"bu","10:55:03",473800
68400,300,100,"bu","10:55:04",473900
68400,300,1200,"sd","10:55:18",475100
68400,300,300,"bu","10:55:24",475400
68400,300,1400,"sd","10:55:37",476800
68400,300,100,"bu","10:55:39",476900
68400,300,1000,"sd","10:55:51",477900
68400,300,100,"bu","10:55:52",478000
68400,300,900,"sd","10:55:53",478900
68400,300,500,"sd","10:55:57",479400
68300,200,1500,"bu","10:56:14",480900
68400,300,700,"sd","10:56:30",481600
68400,300,1000,"sd","10:56:39",482600
68400,300,100,"bu","10:56:40",482700
68400,300,900,"sd","10:56:44",483600
68400,300,100,"sd","10:56:45",483700
68300,200,1400,"bu","10:56:55",485100
68300,200,100,"sd","10:56:57",485200
68300,200,300,"sd","10:57:05",485500
68300,200,1000,"bu","10:57:28",486500
68300,200,100,"bu","10:57:30",486600
68300,200,1400,"bu","10:57:32",488000
68300,200,1700,"bu","10:57:33",489700
68300,200,100,"bu","10:57:35",489800
68300,200,1000,"bu","10:58:16",490800
68300,200,100,"bu","10:58:17",490900
68300,200,1600,"sd","10:58:23",492500
68300,200,100,"bu","10:58:25",492600
68300,200,2500,"sd","11:00:36",495100
68300,200,1100,"sd","11:00:43",496200
68300,200,3100,"bu","11:00:54",499300
68300,200,100,"sd","11:00:55",499400
68300,200,1200,"sd","11:01:31",500600
68300,200,100,"sd","11:01:32",500700
68300,200,1600,"sd","11:01:44",502300
68300,200,100,"sd","11:01:45",502400
68300,200,8800,"sd","11:04:14",511200
68300,200,200,"bu","11:04:18",511400
68400,300,100,"sd","11:04:20",511500
68300,200,900,"bu","11:04:30",512400
68300,200,1000,"sd","11:04:45",513400
68300,200,600,"bu","11:04:59",514000
68200,100,5200,"sd","11:05:26",519200
68300,200,100,"sd","11:05:28",519300
68200,100,1500,"bu","11:06:08",520800
68300,200,2000,"sd","11:06:15",522800
68200,100,1800,"sd","11:07:34",524600
68200,100,6300,"sd","11:07:42",530900
68200,100,5200,"bu","11:07:44",536100
68200,100,1000,"bu","11:08:00",537100
68300,200,10000,"bu","11:08:21",547100
68300,200,1000,"bu","11:08:31",548100
68300,200,2900,"bu","11:08:46",551000
68300,200,100,"sd","11:08:48",551100
68300,200,2600,"sd","11:09:14",553700
68300,200,500,"bu","11:09:16",554200
68400,300,2000,"sd","11:09:24",556200
68400,300,100,"sd","11:09:59",556300
68400,300,10300,"sd","11:12:39",566600
68400,300,8200,"sd","11:13:01",574800
68400,300,1100,"sd","11:13:21",575900
68400,300,600,"sd","11:13:59",576500
68400,300,300,"bu","11:14:15",576800
68300,200,100,"sd","11:14:25",576900
68300,200,2000,"bu","11:15:04",578900
68400,300,100,"bu","11:15:06",579000
68400,300,600,"sd","11:15:52",579600
68400,300,100,"sd","11:16:46",579700
68300,200,500,"bu","11:16:58",580200
68300,200,1600,"sd","11:17:34",581800
68300,200,1000,"bu","11:17:42",582800
68400,300,100,"sd","11:17:53",582900
68300,200,1100,"bu","11:18:21",584000
68300,200,1600,"bu","11:18:24",585600
68300,200,1400,"bu","11:18:25",587000
68300,200,1000,"sd","11:18:31",588000
68300,200,1400,"bu","11:18:42",589400
68400,300,1500,"sd","11:19:00",590900
68200,100,5200,"sd","11:19:23",596100
68200,100,2600,"bu","11:20:08",598700
68300,200,100,"bu","11:20:09",598800
68200,100,1400,"bu","11:20:11",600200
68200,100,1400,"sd","11:20:40",601600
68200,100,1600,"sd","11:20:53",603200
68200,100,2400,"bu","11:21:05",605600
68200,100,1400,"sd","11:21:13",607000
68300,200,100,"sd","11:21:16",607100
68300,200,10100,"bu","11:21:44",617200
68300,200,100,"bu","11:22:25",617300
68200,100,3200,"sd","11:23:42",620500
68200,100,1000,"sd","11:24:11",621500
68200,100,1600,"bu","11:24:14",623100
68300,200,100,"sd","11:24:41",623200
68300,200,200,"sd","11:25:00",623400
68200,100,1000,"bu","11:25:27",624400
68300,200,1100,"bu","11:25:48",625500
68300,200,1000,"sd","11:26:44",626500
68200,100,900,"bu","11:26:52",627400
68300,200,200,"sd","11:26:56",627600
68300,200,20000,"bu","11:27:09",647600
68200,100,1200,"bu","11:27:50",648800
68300,200,100,"sd","11:28:05",648900
68300,200,500,"bu","11:29:44",649400
68200,100,1100,"bu","13:00:22",650500
68300,200,1500,"bu","13:00:36",652000
68200,100,100,"bu","13:00:39",652100
68300,200,1000,"sd","13:00:44",653100
68300,200,1200,"bu","13:01:00",654300
68300,200,200,"bu","13:01:01",654500
68300,200,100,"sd","13:01:04",654600
68200,100,1000,"bu","13:01:13",655600
68300,200,200,"bu","13:01:14",655800
68200,100,8400,"bu","13:01:43",664200
68200,100,100,"bu","13:01:50",664300
68200,100,800,"bu","13:03:15",665100
68300,200,100,"bu","13:03:19",665200
68200,100,1100,"bu","13:04:02",666300
68200,100,100,"sd","13:04:04",666400
68200,100,1600,"sd","13:04:13",668000
68200,100,100,"sd","13:04:15",668100
68200,100,8400,"bu","13:04:31",676500
68300,200,100,"sd","13:04:40",676600
68300,200,2000,"bu","13:04:45",678600
68200,100,200,"bu","13:05:19",678800
68200,100,900,"sd","13:05:32",679700
68200,100,1600,"sd","13:05:53",681300
68200,100,100,"bu","13:05:55",681400
68200,100,2100,"sd","13:06:08",683500
68200,100,300,"bu","13:06:10",683800
68200,100,900,"bu","13:06:21",684700
68200,100,100,"sd","13:06:37",684800
68200,100,800,"sd","13:06:41",685600
68200,100,1600,"sd","13:06:44",687200
68200,100,100,"sd","13:06:46",687300
68200,100,3600,"bu","13:07:10",690900
68200,100,200,"sd","13:07:21",691100
68300,200,100,"bu","13:07:24",691200
68200,100,3100,"sd","13:07:33",694300
68200,100,100,"bu","13:07:35",694400
68200,100,5000,"sd","13:07:41",699400
68200,100,500,"sd","13:07:42",699900
68200,100,1000,"bu","13:07:51",700900
68200,100,900,"sd","13:07:57",701800
68200,100,500,"bu","13:08:01",702300
68200,100,500,"sd","13:08:14",702800
68200,100,1600,"bu","13:08:24",704400
68200,100,500,"sd","13:08:53",704900
68200,100,100,"bu","13:09:04",705000
68200,100,1700,"sd","13:09:15",706700
68200,100,700,"bu","13:09:17",707400
68200,100,900,"sd","13:09:36",708300
68200,100,200,"bu","13:09:48",708500
68200,100,1600,"sd","13:10:04",710100
68200,100,100,"sd","13:10:06",710200
68200,100,5900,"bu","13:11:03",716100
68200,100,200,"bu","13:11:04",716300
68200,100,500,"bu","13:11:06",716800
68200,100,2100,"sd","13:11:13",718900
68200,100,600,"sd","13:12:13",719500
68200,100,500,"sd","13:12:16",720000
68200,100,3300,"bu","13:14:15",723300
68100,0,2400,"bu","13:14:29",725700
68100,0,100,"sd","13:14:31",725800
68100,0,1600,"bu","13:15:03",727400
68100,0,100,"bu","13:15:05",727500
68100,0,1000,"sd","13:15:10",728500
68100,0,100,"sd","13:15:12",728600
68200,100,3100,"sd","13:15:16",731700
68100,0,300,"sd","13:15:21",732000
68200,100,100,"bu","13:15:36",732100
68200,100,200,"sd","13:15:37",732300
68200,100,3100,"bu","13:16:09",735400
68200,100,2000,"sd","13:16:15",737400
68200,100,500,"bu","13:16:47",737900
68200,100,700,"bu","13:16:49",738600
68200,100,100,"bu","13:16:57",738700
68100,0,300,"sd","13:17:41",739000
68100,0,900,"bu","13:17:43",739900
68100,0,1000,"sd","13:18:16",740900
68100,0,100,"bu","13:18:18",741000
68100,0,400,"bu","13:18:23",741400
68100,0,1700,"sd","13:18:25",743100
68100,0,900,"bu","13:18:30",744000
68200,100,200,"bu","13:18:40",744200
68100,0,300,"bu","13:19:14",744500
68100,0,22800,"bu","13:19:21",767300
68200,100,1000,"bu","13:19:24",768300
68200,100,5000,"bu","13:19:31",773300
68200,100,100,"bu","13:19:32",773400
68200,100,200,"sd","13:19:34",773600
68200,100,100,"sd","13:19:42",773700
68200,100,1000,"sd","13:19:50",774700
68200,100,2200,"sd","13:20:06",776900
68200,100,4800,"sd","13:20:42",781700
68200,100,400,"sd","13:20:43",782100
68200,100,100,"sd","13:20:45",782200
68200,100,1600,"sd","13:20:54",783800
68200,100,100,"sd","13:20:55",783900
68200,100,900,"bu","13:20:57",784800
68300,200,100,"sd","13:21:04",784900
68200,100,400,"bu","13:21:22",785300
68200,100,500,"bu","13:21:27",785800
68200,100,100,"sd","13:21:38",785900
68200,100,3300,"sd","13:21:40",789200
68200,100,1500,"bu","13:21:43",790700
68200,100,1600,"bu","13:21:50",792300
68200,100,2300,"bu","13:23:23",794600
68200,100,1600,"sd","13:23:24",796200
68200,100,100,"sd","13:23:27",796300
68200,100,400,"bu","13:23:32",796700
68300,200,100,"bu","13:23:50",796800
68300,200,1100,"bu","13:24:27",797900
68300,200,100,"bu","13:25:12",798000
68200,100,900,"bu","13:25:21",798900
68300,200,2000,"sd","13:25:24",800900
68200,100,6500,"sd","13:26:21",807400
68300,200,100,"sd","13:26:34",807500
68300,200,400,"bu","13:27:11",807900
68300,200,300,"bu","13:27:55",808200
68200,100,3200,"sd","13:27:58",811400
68200,100,4600,"bu","13:27:59",816000
68200,100,500,"sd","13:28:08",816500
68200,100,1000,"bu","13:28:22",817500
68100,0,2000,"sd","13:28:34",819500
68100,0,200,"bu","13:28:35",819700
68100,0,1100,"bu","13:29:03",820800
68200,100,1900,"sd","13:29:15",822700
68200,100,100,"bu","13:29:17",822800
68200,100,2000,"bu","13:29:39",824800
68200,100,1200,"sd","13:29:45",826000
68200,100,100,"bu","13:29:50",826100
68200,100,1100,"sd","13:30:00",827200
68200,100,300,"bu","13:30:04",827500
68200,100,100,"sd","13:30:06",827600
68200,100,2200,"bu","13:30:18",829800
68200,100,200,"sd","13:30:19",830000
68200,100,100,"sd","13:30:30",830100
68200,100,1000,"bu","13:30:38",831100
68200,100,100,"bu","13:30:40",831200
68200,100,300,"bu","13:30:53",831500
68200,100,1600,"bu","13:30:54",833100
68200,100,100,"sd","13:30:56",833200
68200,100,900,"sd","13:31:29",834100
68200,100,1600,"sd","13:31:43",835700
68200,100,100,"bu","13:31:45",835800
68200,100,600,"sd","13:33:24",836400
68200,100,100,"bu","13:33:28",836500
68200,100,900,"sd","13:33:55",837400
68200,100,1700,"bu","13:34:15",839100
68200,100,1100,"bu","13:34:37",840200
68200,100,100,"sd","13:34:39",840300
68200,100,900,"sd","13:34:42",841200
68300,200,100,"bu","13:34:46",841300
68200,100,6300,"sd","13:35:29",847600
68200,100,900,"sd","13:35:31",848500
68300,200,100,"bu","13:35:34",848600
68200,100,1600,"sd","13:35:49",850200
68200,100,100,"bu","13:35:51",850300
68300,200,2400,"sd","13:36:43",852700
68200,100,10000,"bu","13:36:57",862700
68100,0,900,"bu","13:37:23",863600
68200,100,100,"bu","13:37:30",863700
68200,100,200,"bu","13:37:42",863900
68200,100,100,"bu","13:38:06",864000
68100,0,1100,"sd","13:38:46",865100
68200,100,100,"bu","13:38:51",865200
68100,0,8900,"bu","13:39:43",874100
68100,0,100,"bu","13:39:45",874200
68100,0,5400,"sd","13:41:11",879600
68100,0,2200,"bu","13:41:16",881800
68100,0,100,"sd","13:41:20",881900
68100,0,31800,"sd","13:42:08",913700
68100,0,300,"bu","13:42:11",914000
68100,0,1100,"sd","13:42:12",915100
68100,0,3000,"bu","13:42:14",918100
68100,0,300,"bu","13:42:16",918400
68100,0,7800,"sd","13:42:33",926200
68100,0,2600,"sd","13:42:49",928800
68200,100,100,"sd","13:42:57",928900
68100,0,1200,"bu","13:43:05",930100
68100,0,100,"bu","13:43:08",930200
68100,0,1600,"sd","13:43:14",931800
68100,0,100,"sd","13:43:16",931900
68100,0,1000,"bu","13:43:19",932900
68100,0,100,"bu","13:43:21",933000
68100,0,1600,"sd","13:43:24",934600
68100,0,100,"sd","13:43:26",934700
68100,0,900,"sd","13:43:38",935600
68100,0,400,"bu","13:43:49",936000
68100,0,1100,"bu","13:43:56",937100
68100,0,500,"sd","13:44:00",937600
68100,0,3000,"sd","13:44:02",940600
68100,0,700,"bu","13:44:08",941300
68100,0,2900,"sd","13:44:14",944200
68100,0,3400,"bu","13:44:58",947600
68100,0,2000,"sd","13:45:00",949600
68100,0,100,"bu","13:45:06",949700
68100,0,200,"bu","13:45:19",949900
68100,0,6800,"sd","13:45:39",956700
68100,0,1100,"bu","13:45:43",957800
68100,0,300,"sd","13:45:47",958100
68100,0,500,"sd","13:45:49",958600
68100,0,100,"bu","13:45:59",958700
68100,0,1000,"sd","13:46:01",959700
68100,0,300,"sd","13:46:09",960000
68100,0,1300,"bu","13:46:18",961300
68100,0,100,"bu","13:46:20",961400
68100,0,1600,"sd","13:47:28",963000
68100,0,25000,"sd","13:47:36",988000
68100,0,200,"sd","13:47:42",988200
68100,0,1100,"bu","13:47:49",989300
68100,0,3000,"bu","13:47:52",992300
68100,0,600,"bu","13:48:00",992900
68100,0,600,"bu","13:48:02",993500
68100,0,1800,"bu","13:48:26",995300
68100,0,900,"bu","13:48:28",996200
68100,0,1000,"bu","13:48:32",997200
68100,0,100,"bu","13:48:34",997300
68100,0,900,"bu","13:49:07",998200
68100,0,1700,"sd","13:49:15",999900
68100,0,900,"sd","13:49:17",1000800
68200,100,100,"bu","13:49:50",1000900
68200,100,5000,"sd","13:49:55",1005900
68100,0,100,"sd","13:51:05",1006000
68200,100,400,"bu","13:52:27",1006400
68200,100,400,"bu","13:52:32",1006800
68200,100,100,"bu","13:52:34",1006900
68100,0,2200,"sd","13:52:59",1009100
68200,100,500,"bu","13:53:07",1009600
68200,100,4500,"sd","13:53:11",1014100
68200,100,10000,"sd","13:53:15",1024100
68200,100,100,"bu","13:53:17",1024200
68200,100,2900,"sd","13:53:23",1027100
68200,100,1600,"sd","13:53:26",1028700
68200,100,9400,"bu","13:53:33",1038100
68200,100,100,"sd","13:53:36",1038200
68300,200,1500,"bu","13:53:45",1039700
68300,200,100,"bu","13:53:52",1039800
68300,200,2800,"sd","13:53:58",1042600
68300,200,1000,"sd","13:54:00",1043600
68300,200,2000,"sd","13:54:02",1045600
68300,200,1400,"bu","13:54:04",1047000
68300,200,300,"bu","13:54:15",1047300
68200,100,600,"bu","13:54:46",1047900
68300,200,200,"bu","13:54:50",1048100
68300,200,1600,"sd","13:55:00",1049700
68300,200,100,"bu","13:55:15",1049800
68300,200,1400,"bu","13:55:26",1051200
68300,200,100,"sd","13:55:34",1051300
68300,200,500,"bu","13:55:47",1051800
68300,200,1300,"sd","13:55:50",1053100
68300,200,1400,"sd","13:55:52",1054500
68300,200,10000,"sd","13:55:57",1064500
68300,200,1400,"sd","13:56:01",1065900
68300,200,6900,"sd","13:56:22",1072800
68300,200,100,"bu","13:56:38",1072900
68300,200,5100,"bu","13:57:46",1078000
68300,200,100,"sd","13:57:59",1078100
68300,200,1000,"sd","13:58:10",1079100
68200,100,100,"sd","13:58:18",1079200
68300,200,11200,"sd","13:58:20",1090400
68200,100,100,"sd","13:58:22",1090500
68200,100,1500,"sd","13:58:24",1092000
68200,100,100,"sd","13:58:26",1092100
68300,200,2100,"sd","13:58:36",1094200
68300,200,200,"sd","13:59:10",1094400
68300,200,100,"sd","13:59:22",1094500
68300,200,1400,"bu","14:00:41",1095900
68300,200,100,"bu","14:00:44",1096000
68200,100,50900,"bu","14:03:56",1146900
68200,100,1400,"bu","14:04:07",1148300
68100,0,1000,"sd","14:04:40",1149300
68100,0,1100,"sd","14:04:43",1150400
68200,100,400,"bu","14:05:58",1150800
68200,100,1400,"sd","14:06:00",1152200
68200,100,100,"bu","14:06:14",1152300
68200,100,1800,"sd","14:06:35",1154100
68200,100,100,"bu","14:07:35",1154200
68200,100,1500,"bu","14:08:09",1155700
68200,100,4400,"bu","14:08:40",1160100
68200,100,4200,"sd","14:08:52",1164300
68200,100,2900,"sd","14:09:01",1167200
68200,100,1400,"sd","14:09:14",1168600
68200,100,6300,"sd","14:09:25",1174900
68200,100,100,"bu","14:09:27",1175000
68200,100,500,"bu","14:09:40",1175500
68200,100,2000,"bu","14:09:50",1177500
68200,100,200,"bu","14:10:08",1177700
68100,0,2400,"sd","14:10:10",1180100
68100,0,17800,"bu","14:10:13",1197900
68100,0,700,"sd","14:10:15",1198600
68200,100,100,"bu","14:10:19",1198700
68200,100,300,"bu","14:10:44",1199000
68200,100,400,"sd","14:11:41",1199400
68200,100,400,"sd","14:11:52",1199800
68100,0,100,"sd","14:12:29",1199900
68200,100,1800,"bu","14:12:49",1201700
68200,100,100,"sd","14:13:04",1201800
68100,0,3700,"sd","14:13:13",1205500
68200,100,100,"bu","14:13:15",1205600
68100,0,200,"bu","14:13:27",1205800
68100,0,900,"bu","14:13:36",1206700
68100,0,2000,"bu","14:13:56",1208700
68100,0,900,"sd","14:14:01",1209600
68100,0,1600,"bu","14:14:16",1211200
68100,0,8800,"sd","14:14:33",1220000
68100,0,200,"sd","14:15:01",1220200
68100,0,1600,"sd","14:15:05",1221800
68200,100,2800,"sd","14:15:51",1224600
68200,100,2000,"sd","14:16:02",1226600
68200,100,1000,"bu","14:16:37",1227600
68200,100,5000,"sd","14:16:58",1232600
68200,100,500,"bu","14:17:03",1233100
68200,100,100,"bu","14:17:10",1233200
68200,100,1400,"bu","14:17:19",1234600
68200,100,100,"sd","14:17:30",1234700
68200,100,200,"sd","14:17:32",1234900
68200,100,100,"bu","14:17:37",1235000
68200,100,10100,"bu","14:17:50",1245100
68200,100,100,"bu","14:17:52",1245200
68200,100,200,"sd","14:17:57",1245400
68200,100,32000,"bu","14:18:09",1277400
68200,100,600,"sd","14:18:14",1278000
68200,100,5900,"bu","14:18:16",1283900
68300,200,100,"sd","14:18:19",1284000
68200,100,4800,"sd","14:18:28",1288800
68300,200,300,"bu","14:18:31",1289100
68200,100,1000,"sd","14:19:00",1290100
68300,200,1400,"sd","14:19:02",1291500
68100,0,3600,"bu","14:19:07",1295100
68200,100,1500,"sd","14:19:15",1296600
68300,200,16500,"bu","14:19:17",1313100
68300,200,100,"bu","14:19:53",1313200
68300,200,1400,"bu","14:19:58",1314600
68300,200,1400,"bu","14:20:07",1316000
68300,200,3200,"sd","14:20:10",1319200
68400,300,4900,"sd","14:20:12",1324100
68400,300,3600,"bu","14:20:17",1327700
68400,300,2800,"sd","14:20:19",1330500
68400,300,700,"bu","14:20:22",1331200
68400,300,4200,"bu","14:20:24",1335400
68400,300,3600,"sd","14:20:27",1339000
68400,300,2800,"bu","14:20:29",1341800
68400,300,2700,"sd","14:20:31",1344500
68300,200,200,"bu","14:20:34",1344700
68400,300,4200,"sd","14:20:36",1348900
68400,300,700,"bu","14:20:39",1349600
68400,300,3200,"bu","14:20:41",1352800
68400,300,3500,"bu","14:20:43",1356300
68300,200,2200,"sd","14:20:46",1358500
68400,300,1400,"sd","14:20:51",1359900
68400,300,1400,"bu","14:21:00",1361300
68400,300,500,"sd","14:21:05",1361800
68400,300,100,"bu","14:21:10",1361900
68400,300,600,"sd","14:21:15",1362500
68400,300,100,"bu","14:21:22",1362600
68400,300,500,"bu","14:21:42",1363100
68400,300,700,"sd","14:22:21",1363800
68400,300,5300,"sd","14:22:28",1369100
68400,300,500,"bu","14:22:31",1369600
68500,400,2300,"sd","14:22:36",1371900
68400,300,1300,"sd","14:23:24",1373200
68400,300,800,"bu","14:23:29",1374000
68500,400,200,"bu","14:23:39",1374200
68500,400,4200,"sd","14:23:42",1378400
68500,400,400,"bu","14:23:52",1378800
68500,400,2000,"bu","14:23:55",1380800
68500,400,9300,"bu","14:24:00",1390100
68400,300,2000,"bu","14:24:03",1392100
68400,300,400,"sd","14:24:05",1392500
68400,300,2900,"sd","14:24:16",1395400
68500,400,1900,"bu","14:24:18",1397300
68400,300,7700,"sd","14:24:20",1405000
68500,400,2100,"sd","14:24:23",1407100
68400,300,2600,"sd","14:24:55",1409700
68400,300,6200,"sd","14:25:08",1415900
68400,300,2400,"sd","14:25:15",1418300
68500,400,300,"sd","14:25:35",1418600
68500,400,1000,"bu","14:26:05",1419600
68500,400,100,"sd","14:26:13",1419700
68400,300,1200,"sd","14:26:25",1420900
68500,400,100,"sd","14:26:33",1421000
68400,300,400,"bu","14:26:55",1421400
68400,300,100,"bu","14:27:15",1421500
68300,200,6000,"bu","14:27:23",1427500
68300,200,200,"sd","14:27:26",1427700
68400,300,100,"bu","14:27:28",1427800
68400,300,500,"bu","14:27:33",1428300
68400,300,1400,"sd","14:28:02",1429700
68300,200,300,"sd","14:28:07",1430000
68400,300,1000,"sd","14:28:11",1431000
68300,200,100,"sd","14:28:19",1431100
68300,200,2000,"bu","14:28:21",1433100
68400,300,17900,"sd","14:28:41",1451000
68300,200,4000,"sd","14:28:43",1455000
68400,300,5000,"bu","14:29:26",1460000
68300,200,5100,"sd","14:29:34",1465100
68400,300,100,"sd","14:29:51",1465200
68400,300,5000,"sd","14:29:56",1470200
68400,300,200,"sd","14:30:00",1470400
68500,400,136200,"sd","14:45:22",1606600
