"id","symbol","truncTime","matchType","matchVol","matchPrice","accumulatedVolume","createdAt","updatedAt"
150496296,"MBG","1700466319","s","34200","4200","904600","2023-11-20T07:45:22.056Z","2023-11-20T07:45:22.056Z"
150494900,"MBG","1700465392","s","10000","4200","870400","2023-11-20T07:29:54.108Z","2023-11-20T07:29:54.108Z"
150491197,"MBG","1700465314","s","2900","4200","860400","2023-11-20T07:28:36.071Z","2023-11-20T07:28:36.071Z"
150485816,"MBG","1700465198","b","24700","4200","857500","2023-11-20T07:26:41.088Z","2023-11-20T07:26:41.088Z"
150485457,"MBG","1700465191","b","1000","4200","832800","2023-11-20T07:26:33.060Z","2023-11-20T07:26:33.060Z"
150485248,"MBG","1700465188","b","200","4200","831800","2023-11-20T07:26:30.069Z","2023-11-20T07:26:30.069Z"
150484718,"MBG","1700465178","b","2000","4200","831600","2023-11-20T07:26:20.062Z","2023-11-20T07:26:20.062Z"
150484109,"MBG","1700465167","b","2000","4200","829600","2023-11-20T07:26:09.047Z","2023-11-20T07:26:09.047Z"
150483681,"MBG","1700465160","b","800","4200","827600","2023-11-20T07:26:02.057Z","2023-11-20T07:26:02.057Z"
150483384,"MBG","1700465155","b","800","4200","826800","2023-11-20T07:25:57.066Z","2023-11-20T07:25:57.066Z"
150483326,"MBG","1700465154","b","1000","4200","826000","2023-11-20T07:25:56.063Z","2023-11-20T07:25:56.063Z"
150483143,"MBG","1700465150","b","500","4200","825000","2023-11-20T07:25:52.066Z","2023-11-20T07:25:52.066Z"
150482995,"MBG","1700465147","b","200","4200","824500","2023-11-20T07:25:49.098Z","2023-11-20T07:25:49.098Z"
150482384,"MBG","1700465133","b","100","4200","824300","2023-11-20T07:25:35.117Z","2023-11-20T07:25:35.117Z"
150482223,"MBG","1700465131","b","5000","4200","824200","2023-11-20T07:25:33.084Z","2023-11-20T07:25:33.084Z"
150481663,"MBG","1700465121","b","10000","4200","819200","2023-11-20T07:25:23.064Z","2023-11-20T07:25:23.064Z"
150476119,"MBG","1700465016","s","1000","4100","809200","2023-11-20T07:23:38.054Z","2023-11-20T07:23:38.054Z"
150473592,"MBG","1700464976","s","6700","4200","808200","2023-11-20T07:22:58.077Z","2023-11-20T07:22:58.077Z"
150473333,"MBG","1700464973","s","125000","4200","801500","2023-11-20T07:22:55.081Z","2023-11-20T07:22:55.081Z"
150471947,"MBG","1700464953","s","1000","4200","676500","2023-11-20T07:22:35.082Z","2023-11-20T07:22:35.082Z"
150461597,"MBG","1700464800","s","8000","4200","675500","2023-11-20T07:20:02.076Z","2023-11-20T07:20:02.076Z"
150459339,"MBG","1700464730","s","6000","4200","667500","2023-11-20T07:18:52.048Z","2023-11-20T07:18:52.048Z"
150455153,"MBG","1700464620","s","400","4200","661500","2023-11-20T07:17:02.066Z","2023-11-20T07:17:02.066Z"
150452598,"MBG","1700464554","s","28300","4200","661100","2023-11-20T07:15:55.056Z","2023-11-20T07:15:55.056Z"
150430100,"MBG","1700463852","s","100","4200","632800","2023-11-20T07:04:15.047Z","2023-11-20T07:04:15.047Z"
150404825,"MBG","1700463408","s","2000","4200","632700","2023-11-20T06:56:50.032Z","2023-11-20T06:56:50.032Z"
150403410,"MBG","1700463362","s","2000","4200","630700","2023-11-20T06:56:03.035Z","2023-11-20T06:56:03.035Z"
150400301,"MBG","1700463233","s","1000","4200","628700","2023-11-20T06:53:55.033Z","2023-11-20T06:53:55.033Z"
150394672,"MBG","1700462991","s","700","4200","627700","2023-11-20T06:49:54.026Z","2023-11-20T06:49:54.026Z"
150394254,"MBG","1700462969","s","100","4200","627000","2023-11-20T06:49:32.020Z","2023-11-20T06:49:32.020Z"
150389901,"MBG","1700462788","s","1000","4200","626900","2023-11-20T06:46:31.030Z","2023-11-20T06:46:31.030Z"
150388235,"MBG","1700462739","s","6100","4200","625900","2023-11-20T06:45:42.016Z","2023-11-20T06:45:42.016Z"
150372496,"MBG","1700462292","b","400","4300","619800","2023-11-20T06:38:14.049Z","2023-11-20T06:38:14.049Z"
150371450,"MBG","1700462270","s","3000","4200","619400","2023-11-20T06:37:52.024Z","2023-11-20T06:37:52.024Z"
150356434,"MBG","1700461930","b","200","4300","616400","2023-11-20T06:32:11.018Z","2023-11-20T06:32:11.018Z"
150348188,"MBG","1700461559","b","53800","4200","616200","2023-11-20T06:26:01.005Z","2023-11-20T06:26:01.005Z"
150347582,"MBG","1700461526","b","5000","4200","562400","2023-11-20T06:25:28.010Z","2023-11-20T06:25:28.010Z"
150345589,"MBG","1700461453","b","1000","4200","557400","2023-11-20T06:24:16.006Z","2023-11-20T06:24:16.006Z"
150342288,"MBG","1700461293","b","200","4200","556400","2023-11-20T06:21:36.015Z","2023-11-20T06:21:36.015Z"
150338914,"MBG","1700461144","b","300","4200","556200","2023-11-20T06:19:06.020Z","2023-11-20T06:19:06.020Z"
150336530,"MBG","1700461056","b","2500","4200","555900","2023-11-20T06:17:38.020Z","2023-11-20T06:17:38.020Z"
150335766,"MBG","1700461027","b","2000","4200","553400","2023-11-20T06:17:08.989Z","2023-11-20T06:17:08.989Z"
150335471,"MBG","1700461012","b","500","4200","551400","2023-11-20T06:16:53.999Z","2023-11-20T06:16:53.999Z"
150335393,"MBG","1700461009","b","500","4200","550900","2023-11-20T06:16:50.995Z","2023-11-20T06:16:50.995Z"
150335211,"MBG","1700461002","b","200","4200","550400","2023-11-20T06:16:44.000Z","2023-11-20T06:16:44.000Z"
150335185,"MBG","1700461001","b","300","4200","550200","2023-11-20T06:16:43.003Z","2023-11-20T06:16:43.003Z"
150334594,"MBG","1700460979","b","100","4200","549900","2023-11-20T06:16:21.991Z","2023-11-20T06:16:21.991Z"
150334498,"MBG","1700460975","b","300","4200","549800","2023-11-20T06:16:16.992Z","2023-11-20T06:16:16.992Z"
150333823,"MBG","1700460946","b","200","4200","549500","2023-11-20T06:15:47.998Z","2023-11-20T06:15:47.998Z"
150333738,"MBG","1700460942","b","5800","4200","549300","2023-11-20T06:15:43.996Z","2023-11-20T06:15:43.996Z"
150333326,"MBG","1700460926","s","10000","4200","543500","2023-11-20T06:15:27.996Z","2023-11-20T06:15:27.996Z"
150330283,"MBG","1700460812","s","100","4200","533500","2023-11-20T06:13:34.992Z","2023-11-20T06:13:34.992Z"
150327742,"MBG","1700460708","s","1000","4200","533400","2023-11-20T06:11:49.994Z","2023-11-20T06:11:49.994Z"
150327295,"MBG","1700460691","s","14100","4200","532400","2023-11-20T06:11:32.985Z","2023-11-20T06:11:32.985Z"
150325045,"MBG","1700460619","s","20000","4200","518300","2023-11-20T06:10:20.997Z","2023-11-20T06:10:20.997Z"
150321111,"MBG","1700460488","s","200","4200","498300","2023-11-20T06:08:10.002Z","2023-11-20T06:08:10.002Z"
150316932,"MBG","1700460361","s","200","4200","498100","2023-11-20T06:06:03.032Z","2023-11-20T06:06:03.032Z"
150313228,"MBG","1700460258","s","16000","4200","497900","2023-11-20T06:04:19.047Z","2023-11-20T06:04:19.047Z"
150304380,"MBG","1700460009","s","5000","4200","481900","2023-11-20T06:00:12.056Z","2023-11-20T06:00:12.056Z"
150303528,"MBG","1700460005","s","10100","4200","476900","2023-11-20T06:00:08.135Z","2023-11-20T06:00:08.135Z"
150294441,"MBG","1700454044","s","10000","4200","466800","2023-11-20T04:20:45.894Z","2023-11-20T04:20:45.894Z"
150292840,"MBG","1700453984","b","4700","4200","456800","2023-11-20T04:19:45.889Z","2023-11-20T04:19:45.889Z"
150292682,"MBG","1700453979","b","1000","4200","452100","2023-11-20T04:19:40.892Z","2023-11-20T04:19:40.892Z"
150292598,"MBG","1700453975","b","1000","4200","451100","2023-11-20T04:19:36.883Z","2023-11-20T04:19:36.883Z"
150292163,"MBG","1700453964","b","6000","4200","450100","2023-11-20T04:19:25.889Z","2023-11-20T04:19:25.889Z"
150291374,"MBG","1700453941","b","5000","4200","444100","2023-11-20T04:19:02.897Z","2023-11-20T04:19:02.897Z"
150287698,"MBG","1700453807","b","2300","4200","439100","2023-11-20T04:16:48.921Z","2023-11-20T04:16:48.921Z"
150265995,"MBG","1700452159","s","4000","4200","436800","2023-11-20T03:49:20.861Z","2023-11-20T03:49:20.861Z"
150265593,"MBG","1700452128","b","1000","4200","432800","2023-11-20T03:48:49.864Z","2023-11-20T03:48:49.864Z"
150265531,"MBG","1700452125","b","100","4200","431800","2023-11-20T03:48:46.872Z","2023-11-20T03:48:46.872Z"
150265213,"MBG","1700452099","b","10000","4200","431700","2023-11-20T03:48:20.858Z","2023-11-20T03:48:20.858Z"
150264872,"MBG","1700452069","b","300","4200","421700","2023-11-20T03:47:50.862Z","2023-11-20T03:47:50.862Z"
150264819,"MBG","1700452064","b","100","4200","421400","2023-11-20T03:47:45.864Z","2023-11-20T03:47:45.864Z"
150264253,"MBG","1700452035","b","3000","4200","421300","2023-11-20T03:47:16.866Z","2023-11-20T03:47:16.866Z"
150262827,"MBG","1700451927","b","100","4200","418300","2023-11-20T03:45:27.857Z","2023-11-20T03:45:27.857Z"
150260117,"MBG","1700451751","b","2000","4200","418200","2023-11-20T03:42:32.859Z","2023-11-20T03:42:32.859Z"
150259513,"MBG","1700451712","b","400","4200","416200","2023-11-20T03:41:52.849Z","2023-11-20T03:41:52.849Z"
150258735,"MBG","1700451661","b","200","4200","415800","2023-11-20T03:41:02.862Z","2023-11-20T03:41:02.862Z"
150258277,"MBG","1700451632","b","500","4200","415600","2023-11-20T03:40:33.886Z","2023-11-20T03:40:33.886Z"
150257265,"MBG","1700451580","b","100","4200","415100","2023-11-20T03:39:41.870Z","2023-11-20T03:39:41.870Z"
150255694,"MBG","1700451509","s","80200","4200","415000","2023-11-20T03:38:29.872Z","2023-11-20T03:38:29.872Z"
150254594,"MBG","1700451446","s","1000","4200","334800","2023-11-20T03:37:27.848Z","2023-11-20T03:37:27.848Z"
150251362,"MBG","1700451194","s","400","4200","333800","2023-11-20T03:33:16.874Z","2023-11-20T03:33:16.874Z"
150248308,"MBG","1700450987","s","5000","4200","333400","2023-11-20T03:29:49.846Z","2023-11-20T03:29:49.846Z"
150240707,"MBG","1700450544","s","18700","4200","328400","2023-11-20T03:22:25.839Z","2023-11-20T03:22:25.839Z"
150229930,"MBG","1700450188","b","200","4300","309700","2023-11-20T03:16:29.836Z","2023-11-20T03:16:29.836Z"
150202604,"MBG","1700449048","b","500","4300","309500","2023-11-20T02:57:29.817Z","2023-11-20T02:57:29.817Z"
150193283,"MBG","1700448724","b","300","4300","309000","2023-11-20T02:52:05.818Z","2023-11-20T02:52:05.818Z"
150189570,"MBG","1700448644","b","10000","4300","308700","2023-11-20T02:50:45.824Z","2023-11-20T02:50:45.824Z"
150172618,"MBG","1700448211","b","600","4200","298700","2023-11-20T02:43:33.799Z","2023-11-20T02:43:33.799Z"
150170974,"MBG","1700448170","b","300","4200","298100","2023-11-20T02:42:51.797Z","2023-11-20T02:42:51.797Z"
150170318,"MBG","1700448149","s","100","4100","297800","2023-11-20T02:42:31.797Z","2023-11-20T02:42:31.797Z"
150169471,"MBG","1700448123","s","100","4200","297700","2023-11-20T02:42:05.808Z","2023-11-20T02:42:05.808Z"
150165175,"MBG","1700447971","b","500","4200","297600","2023-11-20T02:39:32.797Z","2023-11-20T02:39:32.797Z"
150164111,"MBG","1700447930","s","6300","4200","297100","2023-11-20T02:38:52.798Z","2023-11-20T02:38:52.798Z"
150161304,"MBG","1700447847","s","10000","4200","290800","2023-11-20T02:37:29.804Z","2023-11-20T02:37:29.804Z"
150157127,"MBG","1700447723","s","1700","4200","280800","2023-11-20T02:35:24.792Z","2023-11-20T02:35:24.792Z"
150153368,"MBG","1700447629","s","1400","4200","279100","2023-11-20T02:33:50.812Z","2023-11-20T02:33:50.812Z"
150149077,"MBG","1700447541","b","600","4200","277700","2023-11-20T02:32:22.796Z","2023-11-20T02:32:22.796Z"
150148797,"MBG","1700447534","b","100","4200","277100","2023-11-20T02:32:15.855Z","2023-11-20T02:32:15.855Z"
