"id","symbol","truncTime","matchType","matchVol","matchPrice","accumulatedVolume","createdAt","updatedAt"
150495825,"PVD","1700466291","unknown","58300","26700","2746400","2023-11-20T07:45:06.074Z","2023-11-20T07:45:06.074Z"
150494732,"PVD","1700465377","b","1000","26700","2746400","2023-11-20T07:29:52.040Z","2023-11-20T07:29:52.040Z"
150494731,"PVD","1700465377","b","500","26700","2746400","2023-11-20T07:29:52.040Z","2023-11-20T07:29:52.040Z"
150494730,"PVD","1700465377","b","5000","26700","2746400","2023-11-20T07:29:52.040Z","2023-11-20T07:29:52.040Z"
150494729,"PVD","1700465377","b","200","26700","2746400","2023-11-20T07:29:52.040Z","2023-11-20T07:29:52.040Z"
150494728,"PVD","1700465377","b","1000","26700","2746400","2023-11-20T07:29:52.040Z","2023-11-20T07:29:52.040Z"
150494727,"PVD","1700465377","b","200","26700","2746400","2023-11-20T07:29:52.040Z","2023-11-20T07:29:52.040Z"
150494726,"PVD","1700465377","b","700","26650","2746400","2023-11-20T07:29:52.040Z","2023-11-20T07:29:52.040Z"
150494725,"PVD","1700465377","b","1400","26650","2746400","2023-11-20T07:29:52.040Z","2023-11-20T07:29:52.040Z"
150493925,"PVD","1700465365","s","600","26650","2736400","2023-11-20T07:29:40.089Z","2023-11-20T07:29:40.089Z"
150493860,"PVD","1700465364","b","400","26650","2735800","2023-11-20T07:29:39.057Z","2023-11-20T07:29:39.057Z"
150493399,"PVD","1700465354","s","500","26600","2735400","2023-11-20T07:29:29.070Z","2023-11-20T07:29:29.070Z"
150492213,"PVD","1700465328","s","100","26650","2734900","2023-11-20T07:29:03.093Z","2023-11-20T07:29:03.093Z"
150491576,"PVD","1700465312","s","500","26650","2734300","2023-11-20T07:28:47.049Z","2023-11-20T07:28:47.049Z"
150491574,"PVD","1700465312","b","2400","26650","2734300","2023-11-20T07:28:47.049Z","2023-11-20T07:28:47.049Z"
150490624,"PVD","1700465288","b","100","26650","2731900","2023-11-20T07:28:23.043Z","2023-11-20T07:28:23.043Z"
150490392,"PVD","1700465281","s","500","26650","2731800","2023-11-20T07:28:16.051Z","2023-11-20T07:28:16.051Z"
150490326,"PVD","1700465279","s","500","26650","2730800","2023-11-20T07:28:14.045Z","2023-11-20T07:28:14.045Z"
150489893,"PVD","1700465271","s","100","26650","2730800","2023-11-20T07:28:05.060Z","2023-11-20T07:28:05.060Z"
150489398,"PVD","1700465259","s","100","26650","2730600","2023-11-20T07:27:54.134Z","2023-11-20T07:27:54.134Z"
150485216,"PVD","1700465175","b","2000","26650","2728600","2023-11-20T07:26:29.056Z","2023-11-20T07:26:29.056Z"
150485050,"PVD","1700465171","s","1000","26600","2728600","2023-11-20T07:26:25.045Z","2023-11-20T07:26:25.045Z"
150484900,"PVD","1700465168","b","100","26650","2727600","2023-11-20T07:26:22.050Z","2023-11-20T07:26:22.050Z"
150484826,"PVD","1700465167","b","2000","26650","2727500","2023-11-20T07:26:21.071Z","2023-11-20T07:26:21.071Z"
150484300,"PVD","1700465157","b","1400","26650","2724100","2023-11-20T07:26:12.082Z","2023-11-20T07:26:12.082Z"
150483181,"PVD","1700465138","s","1800","26650","2724100","2023-11-20T07:25:52.066Z","2023-11-20T07:25:52.066Z"
150483180,"PVD","1700465138","s","300","26650","2724100","2023-11-20T07:25:52.066Z","2023-11-20T07:25:52.066Z"
150482994,"PVD","1700465134","b","1100","26700","2720900","2023-11-20T07:25:49.098Z","2023-11-20T07:25:49.098Z"
150482473,"PVD","1700465122","b","200","26650","2720900","2023-11-20T07:25:37.088Z","2023-11-20T07:25:37.088Z"
150482199,"PVD","1700465118","b","500","26650","2720700","2023-11-20T07:25:33.084Z","2023-11-20T07:25:33.084Z"
150482188,"PVD","1700465118","b","500","26650","2720200","2023-11-20T07:25:32.044Z","2023-11-20T07:25:32.044Z"
150481875,"PVD","1700465112","b","200","26650","2719700","2023-11-20T07:25:27.071Z","2023-11-20T07:25:27.071Z"
150481673,"PVD","1700465109","s","500","26600","2719500","2023-11-20T07:25:24.070Z","2023-11-20T07:25:24.070Z"
150481302,"PVD","1700465100","b","500","26650","2718500","2023-11-20T07:25:15.067Z","2023-11-20T07:25:15.067Z"
150480578,"PVD","1700465086","b","1000","26600","2718500","2023-11-20T07:25:00.068Z","2023-11-20T07:25:00.068Z"
150480577,"PVD","1700465086","b","3000","26600","2718500","2023-11-20T07:25:00.068Z","2023-11-20T07:25:00.068Z"
150480576,"PVD","1700465086","b","5000","26600","2718500","2023-11-20T07:25:00.068Z","2023-11-20T07:25:00.068Z"
150480575,"PVD","1700465086","b","5400","26600","2718500","2023-11-20T07:25:00.068Z","2023-11-20T07:25:00.068Z"
150478520,"PVD","1700465047","s","1200","26550","2704100","2023-11-20T07:24:22.083Z","2023-11-20T07:24:22.083Z"
150477896,"PVD","1700465037","b","3000","26550","2699900","2023-11-20T07:24:12.099Z","2023-11-20T07:24:12.099Z"
150476894,"PVD","1700465017","s","900","26550","2682900","2023-11-20T07:23:51.069Z","2023-11-20T07:23:51.069Z"
150476893,"PVD","1700465017","s","2000","26550","2682900","2023-11-20T07:23:51.069Z","2023-11-20T07:23:51.069Z"
150476892,"PVD","1700465017","s","1100","26550","2682900","2023-11-20T07:23:51.069Z","2023-11-20T07:23:51.069Z"
150476891,"PVD","1700465017","s","300","26550","2682900","2023-11-20T07:23:51.069Z","2023-11-20T07:23:51.069Z"
150476890,"PVD","1700465017","s","1000","26550","2682900","2023-11-20T07:23:51.069Z","2023-11-20T07:23:51.069Z"
150476889,"PVD","1700465017","s","1000","26550","2682900","2023-11-20T07:23:51.069Z","2023-11-20T07:23:51.069Z"
150476888,"PVD","1700465017","s","200","26550","2682900","2023-11-20T07:23:51.069Z","2023-11-20T07:23:51.069Z"
150476887,"PVD","1700465017","s","500","26550","2682900","2023-11-20T07:23:51.069Z","2023-11-20T07:23:51.069Z"
150476886,"PVD","1700465017","s","700","26550","2682900","2023-11-20T07:23:51.069Z","2023-11-20T07:23:51.069Z"
150476885,"PVD","1700465017","s","200","26550","2682900","2023-11-20T07:23:51.069Z","2023-11-20T07:23:51.069Z"
150476884,"PVD","1700465017","s","1000","26550","2682900","2023-11-20T07:23:51.069Z","2023-11-20T07:23:51.069Z"
150476883,"PVD","1700465017","s","100","26550","2682900","2023-11-20T07:23:51.069Z","2023-11-20T07:23:51.069Z"
150476882,"PVD","1700465017","s","8000","26550","2682900","2023-11-20T07:23:51.069Z","2023-11-20T07:23:51.069Z"
150475596,"PVD","1700464994","b","1300","26600","2682900","2023-11-20T07:23:29.077Z","2023-11-20T07:23:29.077Z"
150475595,"PVD","1700464994","b","200","26600","2682900","2023-11-20T07:23:29.077Z","2023-11-20T07:23:29.077Z"
150475308,"PVD","1700464989","s","100","26550","2681300","2023-11-20T07:23:24.076Z","2023-11-20T07:23:24.076Z"
150474715,"PVD","1700464979","s","100","26600","2681300","2023-11-20T07:23:14.139Z","2023-11-20T07:23:14.139Z"
150474714,"PVD","1700464979","s","500","26600","2681300","2023-11-20T07:23:14.139Z","2023-11-20T07:23:14.139Z"
150474713,"PVD","1700464979","s","1000","26600","2681300","2023-11-20T07:23:14.139Z","2023-11-20T07:23:14.139Z"
150474712,"PVD","1700464979","s","200","26600","2681300","2023-11-20T07:23:14.139Z","2023-11-20T07:23:14.139Z"
150474711,"PVD","1700464979","s","300","26600","2681300","2023-11-20T07:23:14.139Z","2023-11-20T07:23:14.139Z"
150474710,"PVD","1700464979","s","1000","26600","2681300","2023-11-20T07:23:14.139Z","2023-11-20T07:23:14.139Z"
150474052,"PVD","1700464970","s","3600","26600","2674600","2023-11-20T07:23:05.111Z","2023-11-20T07:23:05.111Z"
150472673,"PVD","1700464951","s","400","26600","2664600","2023-11-20T07:22:46.059Z","2023-11-20T07:22:46.059Z"
150472672,"PVD","1700464951","s","2000","26600","2664600","2023-11-20T07:22:46.059Z","2023-11-20T07:22:46.059Z"
150472671,"PVD","1700464951","s","1000","26600","2664600","2023-11-20T07:22:46.059Z","2023-11-20T07:22:46.059Z"
150472670,"PVD","1700464951","s","1000","26600","2664600","2023-11-20T07:22:46.059Z","2023-11-20T07:22:46.059Z"
150472669,"PVD","1700464951","s","5000","26600","2664600","2023-11-20T07:22:46.059Z","2023-11-20T07:22:46.059Z"
150472668,"PVD","1700464951","s","100","26600","2664600","2023-11-20T07:22:46.059Z","2023-11-20T07:22:46.059Z"
150472667,"PVD","1700464951","s","500","26600","2664600","2023-11-20T07:22:46.059Z","2023-11-20T07:22:46.059Z"
150472545,"PVD","1700464950","s","100","26650","2660500","2023-11-20T07:22:45.072Z","2023-11-20T07:22:45.072Z"
150472544,"PVD","1700464950","s","500","26650","2660500","2023-11-20T07:22:45.072Z","2023-11-20T07:22:45.072Z"
150472543,"PVD","1700464950","s","3500","26650","2660500","2023-11-20T07:22:45.072Z","2023-11-20T07:22:45.072Z"
150471867,"PVD","1700464939","s","1500","26650","2657500","2023-11-20T07:22:33.050Z","2023-11-20T07:22:33.050Z"
150471866,"PVD","1700464939","s","1400","26650","2657500","2023-11-20T07:22:33.050Z","2023-11-20T07:22:33.050Z"
150471865,"PVD","1700464939","s","100","26650","2657500","2023-11-20T07:22:33.050Z","2023-11-20T07:22:33.050Z"
150470492,"PVD","1700464922","s","800","26700","2656700","2023-11-20T07:22:17.082Z","2023-11-20T07:22:17.082Z"
150470136,"PVD","1700464919","s","200","26700","2647700","2023-11-20T07:22:13.070Z","2023-11-20T07:22:13.070Z"
150470135,"PVD","1700464919","s","900","26700","2647700","2023-11-20T07:22:13.070Z","2023-11-20T07:22:13.070Z"
150470134,"PVD","1700464919","s","2000","26700","2647700","2023-11-20T07:22:13.070Z","2023-11-20T07:22:13.070Z"
150470133,"PVD","1700464919","s","5900","26700","2647700","2023-11-20T07:22:13.070Z","2023-11-20T07:22:13.070Z"
150469889,"PVD","1700464916","s","500","26700","2647200","2023-11-20T07:22:10.073Z","2023-11-20T07:22:10.073Z"
150469840,"PVD","1700464914","s","7100","26700","2637200","2023-11-20T07:22:09.060Z","2023-11-20T07:22:09.060Z"
150469839,"PVD","1700464914","s","400","26700","2637200","2023-11-20T07:22:09.060Z","2023-11-20T07:22:09.060Z"
150469838,"PVD","1700464914","s","100","26700","2637200","2023-11-20T07:22:09.060Z","2023-11-20T07:22:09.060Z"
150469837,"PVD","1700464914","s","500","26700","2637200","2023-11-20T07:22:09.060Z","2023-11-20T07:22:09.060Z"
150469836,"PVD","1700464914","s","1900","26700","2637200","2023-11-20T07:22:09.060Z","2023-11-20T07:22:09.060Z"
150469215,"PVD","1700464907","s","200","26700","2637200","2023-11-20T07:22:02.098Z","2023-11-20T07:22:02.098Z"
150468683,"PVD","1700464902","s","400","26700","2617000","2023-11-20T07:21:57.083Z","2023-11-20T07:21:57.083Z"
150468682,"PVD","1700464902","s","100","26700","2617000","2023-11-20T07:21:57.083Z","2023-11-20T07:21:57.083Z"
150468681,"PVD","1700464902","s","19500","26700","2617000","2023-11-20T07:21:57.083Z","2023-11-20T07:21:57.083Z"
150466962,"PVD","1700464880","s","5000","26750","2594200","2023-11-20T07:21:35.051Z","2023-11-20T07:21:35.051Z"
150466961,"PVD","1700464880","s","17800","26750","2594200","2023-11-20T07:21:35.051Z","2023-11-20T07:21:35.051Z"
150466849,"PVD","1700464879","s","2200","26750","2594200","2023-11-20T07:21:33.075Z","2023-11-20T07:21:33.075Z"
150466848,"PVD","1700464879","s","10000","26750","2594200","2023-11-20T07:21:33.075Z","2023-11-20T07:21:33.075Z"
150466847,"PVD","1700464879","s","1800","26750","2594200","2023-11-20T07:21:33.075Z","2023-11-20T07:21:33.075Z"
150466733,"PVD","1700464876","s","2000","26750","2578200","2023-11-20T07:21:31.058Z","2023-11-20T07:21:31.058Z"
150466342,"PVD","1700464872","s","500","26750","2578200","2023-11-20T07:21:26.076Z","2023-11-20T07:21:26.076Z"
150465354,"PVD","1700464851","s","2000","26750","2575700","2023-11-20T07:21:06.061Z","2023-11-20T07:21:06.061Z"
150465332,"PVD","1700464850","s","1000","26750","2574700","2023-11-20T07:21:05.069Z","2023-11-20T07:21:05.069Z"
