"price","change","match_qtty","side","time","total_vol"
9.8,0.46,215400,"","14:45:00",5637900
9.8,0.46,4800,"bu","14:29:42",5422500
9.79,0.45,200,"bu","14:29:42",5417700
9.8,0.46,1000,"bu","14:29:27",5417500
9.8,0.46,2000,"bu","14:29:19",5416500
9.8,0.46,9000,"bu","14:29:11",5414500
9.79,0.45,5000,"sd","14:29:11",5405500
9.8,0.46,5000,"bu","14:29:01",5400500
9.79,0.45,10000,"bu","14:29:01",5395500
9.8,0.46,125700,"bu","14:28:54",5385500
9.79,0.45,24300,"bu","14:28:54",5259800
9.79,0.45,2000,"bu","14:28:44",5235500
9.79,0.45,200,"bu","14:28:39",5233500
9.79,0.45,5000,"bu","14:28:28",5233300
9.79,0.45,200,"bu","14:28:13",5228300
9.79,0.45,6500,"sd","14:28:06",5228100
9.79,0.45,100,"sd","14:28:03",5221600
9.8,0.46,2900,"bu","14:28:00",5221500
9.79,0.45,10000,"sd","14:27:54",5218600
9.79,0.45,1000,"sd","14:27:49",5208600
9.79,0.45,11000,"sd","14:27:42",5207600
9.79,0.45,300,"sd","14:27:38",5196600
9.8,0.46,2100,"bu","14:27:38",5196300
9.8,0.46,1600,"bu","14:27:26",5194200
9.8,0.46,100,"bu","14:27:13",5192600
9.8,0.46,500,"bu","14:26:45",5192500
9.8,0.46,1000,"bu","14:26:34",5192000
9.79,0.45,2100,"sd","14:26:04",5191000
9.8,0.46,10000,"bu","14:26:04",5188900
9.79,0.45,300,"sd","14:25:49",5178900
9.79,0.45,1000,"sd","14:25:47",5178600
9.79,0.45,100,"sd","14:25:45",5177600
9.79,0.45,7900,"bu","14:25:34",5177500
9.79,0.45,100,"bu","14:25:30",5169600
9.79,0.45,100,"bu","14:25:10",5169500
9.79,0.45,8000,"bu","14:25:08",5169400
9.79,0.45,100,"bu","14:25:00",5161400
9.79,0.45,100,"bu","14:24:39",5161300
9.79,0.45,20000,"bu","14:24:24",5161200
9.78,0.44,800,"sd","14:24:14",5141200
9.78,0.44,2000,"sd","14:24:01",5140400
9.78,0.44,100,"sd","14:23:33",5138400
9.78,0.44,4300,"bu","14:23:22",5138300
9.78,0.44,15600,"bu","14:22:58",5134000
9.77,0.43,1600,"sd","14:22:53",5114000
9.77,0.43,8400,"bu","14:22:49",5112400
9.77,0.43,5500,"bu","14:22:35",5104000
9.77,0.43,10000,"bu","14:22:33",5098500
9.77,0.43,9500,"bu","14:22:33",5088500
9.77,0.43,2600,"bu","14:22:30",5079000
9.77,0.43,2000,"bu","14:22:26",5076400
9.77,0.43,9100,"bu","14:22:26",5074400
9.77,0.43,200,"bu","14:21:51",5065300
9.77,0.43,300,"bu","14:21:36",5065100
9.77,0.43,100,"bu","14:21:32",5064800
9.76,0.42,3200,"sd","14:21:28",5064700
9.77,0.43,400,"bu","14:21:26",5061500
9.77,0.43,1000,"bu","14:21:24",5061100
9.77,0.43,900,"bu","14:21:00",5060100
9.77,0.43,8300,"bu","14:20:58",5059200
9.77,0.43,200,"bu","14:20:53",5050900
9.76,0.42,200,"sd","14:17:51",5050700
9.77,0.43,200,"bu","14:17:50",5050500
9.77,0.43,15000,"bu","14:17:47",5050300
9.77,0.43,100,"bu","14:17:27",5035300
9.77,0.43,2000,"bu","14:17:25",5035200
9.77,0.43,1300,"bu","14:17:24",5033200
9.77,0.43,3100,"bu","14:15:17",5031900
9.77,0.43,500,"bu","14:14:20",5028800
9.77,0.43,4100,"sd","14:14:18",5028300
9.77,0.43,300,"sd","14:14:09",5024200
9.78,0.44,500,"bu","14:13:37",5023900
9.77,0.43,200,"sd","14:12:25",5023400
9.77,0.43,800,"sd","14:11:36",5023200
9.78,0.44,4000,"bu","14:11:05",5022400
9.77,0.43,1800,"sd","14:10:49",5018400
9.77,0.43,5000,"sd","14:10:42",5016600
9.77,0.43,500,"sd","14:10:21",5011600
9.77,0.43,500,"bu","14:10:03",5011100
9.77,0.43,1700,"sd","14:09:55",5010600
9.77,0.43,100,"sd","14:09:22",5008900
9.77,0.43,100,"sd","14:09:11",5008800
9.77,0.43,1900,"sd","14:08:54",5008700
9.77,0.43,100,"sd","14:08:11",5006800
9.77,0.43,2100,"bu","14:07:50",5006700
9.76,0.42,100,"sd","14:07:31",5004600
9.76,0.42,600,"sd","14:07:28",5004500
9.77,0.43,1700,"bu","14:07:23",5003900
9.77,0.43,800,"sd","14:06:51",5002200
9.77,0.43,10000,"sd","14:06:37",5001400
9.77,0.43,300,"sd","14:05:31",4991400
9.77,0.43,200,"sd","14:05:25",4991100
9.77,0.43,1100,"sd","14:05:21",4990900
9.77,0.43,100,"bu","14:05:06",4989800
9.77,0.43,1800,"sd","14:05:02",4989700
9.77,0.43,100,"sd","14:03:53",4987900
9.77,0.43,4000,"sd","14:03:45",4987800
9.77,0.43,1800,"bu","14:03:30",4983800
9.77,0.43,200,"bu","14:03:23",4982000
9.78,0.44,9100,"bu","14:03:06",4981800
9.77,0.43,8200,"bu","14:03:06",4972700
9.77,0.43,600,"bu","14:02:38",4964500
9.76,0.42,200,"sd","14:02:32",4963900
9.77,0.43,3600,"sd","14:02:30",4963700
9.77,0.43,2000,"sd","14:02:15",4960100
9.77,0.43,1000,"sd","14:02:12",4958100
9.77,0.43,100,"sd","14:02:00",4957100
9.77,0.43,500,"sd","14:01:47",4957000
9.77,0.43,2000,"sd","14:01:45",4956500
9.77,0.43,500,"sd","14:01:20",4954500
9.77,0.43,3500,"bu","14:00:50",4954000
9.77,0.43,1000,"bu","14:00:39",4950500
9.77,0.43,100,"bu","14:00:22",4949500
9.76,0.42,300,"sd","14:00:20",4949400
9.77,0.43,1900,"sd","13:59:55",4949100
9.78,0.44,1600,"bu","13:59:32",4947200
9.78,0.44,100,"sd","13:59:14",4945600
9.78,0.44,5000,"sd","13:59:11",4945500
9.79,0.45,100,"bu","13:59:04",4940500
9.78,0.44,3200,"bu","13:58:44",4940400
9.78,0.44,10000,"bu","13:58:38",4937200
9.78,0.44,200,"bu","13:58:09",4927200
9.78,0.44,100,"bu","13:58:08",4927000
9.78,0.44,500,"bu","13:57:51",4926900
9.77,0.43,100,"bu","13:57:24",4926400
9.77,0.43,2000,"bu","13:57:18",4926300
9.77,0.43,1000,"bu","13:57:11",4924300
9.77,0.43,200,"bu","13:57:08",4923300
9.77,0.43,10000,"bu","13:57:01",4923100
9.77,0.43,2000,"bu","13:55:33",4913100
9.76,0.42,5000,"sd","13:55:12",4911100
9.76,0.42,9400,"bu","13:55:06",4906100
9.76,0.42,3700,"sd","13:54:30",4896700
9.76,0.42,1300,"bu","13:54:18",4893000
9.76,0.42,500,"bu","13:54:08",4891700
9.76,0.42,2000,"bu","13:53:36",4891200
9.76,0.42,5000,"bu","13:53:13",4889200
9.76,0.42,5000,"bu","13:53:12",4884200
9.75,0.41,1300,"bu","13:52:46",4879200
9.75,0.41,100,"sd","13:52:26",4877900
9.75,0.41,800,"bu","13:52:21",4877800
9.75,0.41,500,"bu","13:52:11",4877000
9.75,0.41,500,"bu","13:51:45",4876500
9.75,0.41,500,"sd","13:51:26",4876000
9.75,0.41,20000,"sd","13:51:10",4875500
9.75,0.41,1900,"sd","13:50:43",4855500
9.76,0.42,100,"bu","13:50:39",4853600
9.76,0.42,2500,"bu","13:50:28",4853500
9.76,0.42,100,"bu","13:49:22",4851000
9.76,0.42,200,"bu","13:49:20",4850900
9.76,0.42,6000,"bu","13:49:16",4850700
9.75,0.41,1500,"sd","13:49:14",4844700
9.75,0.41,3000,"sd","13:49:04",4843200
9.75,0.41,6900,"bu","13:48:12",4840200
9.75,0.41,100,"bu","13:48:07",4833300
9.75,0.41,900,"bu","13:47:56",4833200
9.75,0.41,500,"bu","13:47:53",4832300
9.75,0.41,500,"bu","13:47:53",4831800
9.74,0.4,800,"bu","13:47:35",4831300
9.74,0.4,500,"bu","13:47:34",4830500
9.73,0.39,8300,"sd","13:47:34",4830000
9.74,0.4,100,"bu","13:47:34",4821700
9.74,0.4,1000,"bu","13:47:27",4821600
9.74,0.4,10000,"bu","13:47:24",4820600
9.74,0.4,100,"bu","13:47:13",4810600
9.74,0.4,300,"sd","13:46:46",4810500
9.75,0.41,500,"sd","13:46:33",4810200
9.75,0.41,500,"bu","13:46:28",4809700
9.75,0.41,100,"bu","13:46:21",4809200
9.75,0.41,400,"sd","13:46:06",4809100
9.75,0.41,500,"bu","13:46:04",4808700
9.75,0.41,29100,"bu","13:46:03",4808200
9.74,0.4,10000,"sd","13:46:02",4779100
9.74,0.4,1300,"sd","13:45:54",4769100
9.75,0.41,200,"bu","13:45:34",4767800
9.74,0.4,100,"sd","13:45:13",4767600
9.74,0.4,1400,"bu","13:45:11",4767500
9.73,0.39,300,"sd","13:45:05",4766100
9.74,0.4,800,"sd","13:44:32",4765800
9.74,0.4,2500,"sd","13:44:15",4765000
9.74,0.4,1000,"sd","13:44:08",4762500
9.74,0.4,100,"sd","13:44:04",4761500
9.74,0.4,1000,"sd","13:43:54",4761400
9.74,0.4,5100,"bu","13:43:39",4760400
9.73,0.39,3000,"sd","13:43:24",4755300
9.73,0.39,1000,"sd","13:43:20",4752300
9.73,0.39,1000,"sd","13:43:11",4751300
9.73,0.39,2100,"bu","13:42:21",4750300
9.73,0.39,4100,"sd","13:42:20",4748200
9.73,0.39,2000,"sd","13:41:51",4744100
9.73,0.39,1000,"sd","13:41:22",4742100
9.73,0.39,200,"sd","13:40:57",4741100
9.74,0.4,10000,"bu","13:40:48",4740900
9.74,0.4,200,"bu","13:39:29",4730900
9.73,0.39,300,"sd","13:39:03",4730700
9.73,0.39,2500,"bu","13:38:22",4730400
9.73,0.39,1500,"sd","13:38:06",4727900
9.74,0.4,800,"bu","13:37:58",4726400
9.73,0.39,6300,"sd","13:37:54",4725600
9.73,0.39,3000,"sd","13:37:31",4719300
9.74,0.4,2500,"sd","13:37:13",4716300
9.74,0.4,2000,"sd","13:37:12",4713800
9.74,0.4,100,"sd","13:37:05",4711800
9.74,0.4,2000,"sd","13:36:25",4711700
9.74,0.4,2000,"sd","13:36:21",4709700
9.74,0.4,9000,"sd","13:36:14",4707700
9.75,0.41,300,"bu","13:36:05",4698700
9.74,0.4,1000,"sd","13:35:41",4698400
9.74,0.4,500,"sd","13:35:20",4697400
9.74,0.4,7000,"sd","13:35:01",4696900
9.74,0.4,21900,"sd","13:33:28",4689900
9.75,0.41,8100,"sd","13:33:28",4668000
9.75,0.41,200,"sd","13:33:24",4659900
9.77,0.43,1000,"bu","13:33:16",4659700
9.75,0.41,1000,"sd","13:33:00",4658700
9.75,0.41,100,"sd","13:32:55",4657700
9.75,0.41,200,"sd","13:32:27",4657600
9.77,0.43,2000,"bu","13:32:21",4657400
9.75,0.41,5000,"sd","13:32:11",4655400
9.77,0.43,1800,"bu","13:32:03",4650400
9.77,0.43,100,"bu","13:31:32",4648600
9.77,0.43,100,"bu","13:30:58",4648500
9.76,0.42,100,"bu","13:30:58",4648400
9.76,0.42,400,"sd","13:30:40",4648300
9.75,0.41,100,"sd","13:30:27",4647900
9.77,0.43,7700,"bu","13:30:26",4647800
9.76,0.42,2300,"bu","13:30:26",4640100
9.76,0.42,67700,"sd","13:30:14",4637800
9.76,0.42,2000,"sd","13:30:11",4570100
9.76,0.42,500,"sd","13:30:01",4568100
9.77,0.43,200,"sd","13:29:51",4567600
9.77,0.43,8300,"sd","13:29:46",4567400
9.77,0.43,2300,"bu","13:28:34",4559100
9.77,0.43,400,"bu","13:28:20",4556800
9.77,0.43,2000,"bu","13:27:59",4556400
9.77,0.43,2000,"bu","13:27:51",4554400
9.77,0.43,1000,"bu","13:27:31",4552400
9.77,0.43,1000,"bu","13:26:55",4551400
9.77,0.43,2300,"sd","13:26:51",4550400
9.78,0.44,100,"bu","13:25:47",4548100
9.78,0.44,100,"bu","13:25:44",4548000
9.78,0.44,5400,"sd","13:25:41",4547900
9.78,0.44,1000,"sd","13:25:39",4542500
9.79,0.45,100,"bu","13:25:28",4541500
9.78,0.44,2000,"sd","13:25:25",4541400
9.78,0.44,1000,"sd","13:25:24",4539400
9.78,0.44,10000,"sd","13:25:10",4538400
9.78,0.44,2000,"sd","13:25:08",4528400
9.79,0.45,2400,"bu","13:24:39",4526400
9.78,0.44,700,"sd","13:24:10",4524000
9.78,0.44,200,"sd","13:23:57",4523300
9.79,0.45,100,"sd","13:23:34",4523100
9.79,0.45,100,"sd","13:23:22",4523000
9.79,0.45,18900,"bu","13:23:14",4522900
9.78,0.44,1000,"sd","13:23:13",4504000
9.78,0.44,14100,"bu","13:22:58",4503000
9.77,0.43,400,"bu","13:22:58",4488900
9.77,0.43,100,"bu","13:22:45",4488500
9.78,0.44,6100,"sd","13:20:20",4488400
9.78,0.44,5000,"sd","13:20:16",4482300
9.78,0.44,13000,"bu","13:20:00",4477300
9.76,0.42,11800,"bu","13:20:00",4450200
9.75,0.41,500,"sd","13:19:42",4438400
9.75,0.41,1000,"sd","13:19:33",4437900
9.75,0.41,100,"sd","13:19:31",4436900
9.75,0.41,100,"sd","13:19:10",4436800
9.76,0.42,200,"bu","13:19:06",4436700
9.76,0.42,100,"bu","13:19:01",4436500
9.76,0.42,100,"bu","13:18:36",4436400
9.76,0.42,1000,"bu","13:17:49",4436300
9.75,0.41,100,"sd","13:16:40",4435300
9.76,0.42,2500,"sd","13:16:26",4435200
9.76,0.42,10000,"sd","13:16:23",4432700
9.76,0.42,500,"sd","13:15:29",4422700
9.76,0.42,100,"sd","13:14:20",4422200
9.78,0.44,100,"bu","13:14:05",4422100
9.78,0.44,5000,"bu","13:14:04",4422000
9.78,0.44,100,"bu","13:13:49",4417000
9.78,0.44,100,"bu","13:13:33",4416900
9.77,0.43,20000,"sd","13:13:20",4416800
9.77,0.43,4400,"bu","13:13:10",4396800
9.77,0.43,500,"bu","13:12:18",4392400
9.77,0.43,200,"bu","13:12:05",4391900
9.77,0.43,600,"bu","13:10:49",4391700
9.76,0.42,8600,"bu","13:10:01",4391100
9.76,0.42,100,"bu","13:09:42",4382500
9.75,0.41,4500,"sd","13:09:17",4382400
9.75,0.41,8400,"bu","13:08:56",4377900
9.75,0.41,10300,"sd","13:08:08",4369500
9.75,0.41,5000,"sd","13:07:59",4359200
9.76,0.42,100,"bu","13:07:30",4354200
9.75,0.41,1000,"sd","13:07:18",4354100
9.75,0.41,100,"sd","13:07:14",4353100
9.75,0.41,17800,"bu","13:07:13",4353000
9.74,0.4,5300,"bu","13:07:13",4335200
9.73,0.39,12500,"bu","13:07:13",4329900
9.73,0.39,2500,"bu","13:07:02",4317400
9.73,0.39,1000,"bu","13:06:38",4314900
9.73,0.39,100,"bu","13:06:31",4313900
9.73,0.39,5000,"bu","13:06:29",4313800
9.73,0.39,100,"bu","13:06:10",4308800
9.73,0.39,1000,"sd","13:06:01",4308700
9.73,0.39,500,"sd","13:05:54",4307700
9.74,0.4,3000,"bu","13:05:24",4307200
9.73,0.39,500,"sd","13:05:06",4304200
9.73,0.39,500,"bu","13:05:02",4303700
9.73,0.39,600,"bu","13:04:54",4303200
9.73,0.39,100,"bu","13:04:49",4302600
9.73,0.39,100,"bu","13:04:43",4302500
9.73,0.39,2000,"bu","13:04:39",4302400
9.72,0.38,1000,"sd","13:04:36",4300400
9.72,0.38,1000,"sd","13:04:29",4299400
9.73,0.39,600,"sd","13:04:23",4298400
9.73,0.39,2700,"sd","13:04:19",4297800
9.73,0.39,1000,"sd","13:04:14",4295100
9.73,0.39,600,"sd","13:04:13",4294100
9.73,0.39,200,"sd","13:04:12",4293500
9.73,0.39,500,"sd","13:03:56",4293300
9.74,0.4,100,"bu","13:03:47",4292800
9.73,0.39,1000,"sd","13:03:45",4292700
9.73,0.39,500,"sd","13:03:32",4291700
9.74,0.4,200,"bu","13:03:30",4291200
9.73,0.39,500,"sd","13:03:28",4291000
9.73,0.39,4000,"sd","13:03:23",4290500
9.73,0.39,500,"sd","13:03:18",4286500
9.73,0.39,1000,"sd","13:02:36",4286000
9.73,0.39,3000,"sd","13:02:35",4285000
9.73,0.39,500,"sd","13:02:17",4282000
9.73,0.39,500,"sd","13:02:14",4281500
9.73,0.39,2000,"sd","13:02:05",4281000
9.73,0.39,800,"sd","13:02:01",4279000
9.74,0.4,200,"bu","13:02:00",4278200
9.73,0.39,1400,"bu","13:02:00",4278000
9.72,0.38,10000,"sd","13:01:59",4276600
9.72,0.38,100,"sd","13:01:56",4266600
9.72,0.38,3000,"sd","13:01:53",4266500
9.72,0.38,1000,"sd","13:01:31",4263500
9.72,0.38,10000,"sd","13:01:30",4262500
9.72,0.38,300,"sd","13:01:19",4252500
9.73,0.39,500,"bu","13:00:55",4252200
9.73,0.39,600,"sd","13:00:46",4251700
9.73,0.39,1000,"sd","13:00:32",4251100
9.74,0.4,100,"bu","13:00:27",4250100
9.74,0.4,100,"bu","13:00:25",4250000
9.74,0.4,3500,"bu","13:00:22",4249900
9.73,0.39,2300,"sd","13:00:20",4246400
9.74,0.4,100,"bu","13:00:17",4244100
9.74,0.4,200,"bu","13:00:16",4244000
9.73,0.39,4000,"sd","13:00:13",4243700
9.73,0.39,3000,"sd","13:00:12",4239700
9.74,0.4,100,"bu","13:00:10",4236700
9.74,0.4,100,"bu","13:00:06",4236600
9.74,0.4,300,"bu","13:00:06",4236500
9.74,0.4,200,"bu","13:00:04",4236200
9.73,0.39,100,"sd","13:00:04",4236000
9.73,0.39,100,"sd","13:00:03",4235900
9.73,0.39,300,"sd","13:00:02",4235800
9.74,0.4,1100,"sd","13:00:02",4235500
9.74,0.4,1300,"sd","13:00:01",4234400
9.75,0.41,100,"bu","13:00:01",4233100
9.74,0.4,3800,"sd","13:00:01",4233000
9.74,0.4,800,"sd","13:00:00",4229200
9.75,0.41,200,"bu","13:00:00",4228400
9.74,0.4,1400,"sd","13:00:00",4228200
9.75,0.41,1500,"bu","11:29:52",4226800
9.74,0.4,4300,"sd","11:29:44",4225300
9.75,0.41,1000,"bu","11:29:09",4221000
9.75,0.41,1100,"sd","11:29:04",4220000
9.75,0.41,4800,"sd","11:29:04",4218900
9.75,0.41,1000,"sd","11:29:00",4214100
9.75,0.41,1000,"sd","11:28:51",4213100
9.75,0.41,1000,"sd","11:28:35",4212100
9.75,0.41,10500,"sd","11:28:20",4211100
9.75,0.41,1500,"sd","11:27:57",4200600
9.75,0.41,6300,"sd","11:27:52",4199100
9.76,0.42,1700,"sd","11:27:35",4192800
9.76,0.42,200,"sd","11:27:23",4191100
9.76,0.42,100,"sd","11:26:57",4190900
9.76,0.42,1500,"bu","11:26:51",4190800
9.75,0.41,100,"sd","11:26:42",4189300
9.75,0.41,300,"sd","11:26:22",4189200
9.76,0.42,39500,"sd","11:26:13",4188900
9.76,0.42,500,"sd","11:26:07",4149400
9.76,0.42,4000,"sd","11:25:46",4148900
9.77,0.43,3300,"bu","11:25:23",4144900
9.77,0.43,1500,"sd","11:24:54",4141600
9.77,0.43,1100,"sd","11:24:54",4140100
9.77,0.43,500,"sd","11:24:52",4139000
9.77,0.43,500,"sd","11:24:48",4138500
9.77,0.43,100,"sd","11:24:38",4138000
9.77,0.43,1000,"sd","11:24:37",4137900
9.77,0.43,600,"sd","11:24:30",4136900
9.77,0.43,8200,"sd","11:24:17",4136300
9.78,0.44,100,"bu","11:23:57",4128100
9.78,0.44,1000,"bu","11:23:45",4128000
9.78,0.44,500,"bu","11:22:29",4127000
9.77,0.43,3000,"sd","11:22:21",4126500
9.77,0.43,1000,"sd","11:22:11",4123500
9.77,0.43,5100,"sd","11:21:49",4122500
9.77,0.43,1000,"sd","11:21:47",4117400
9.77,0.43,18900,"sd","11:21:24",4116400
9.77,0.43,2100,"sd","11:21:24",4097500
9.78,0.44,100,"sd","11:21:17",4095400
9.78,0.44,1900,"bu","11:21:04",4095300
9.78,0.44,100,"bu","11:21:00",4093400
9.78,0.44,300,"sd","11:19:47",4093300
9.78,0.44,1000,"sd","11:19:25",4093000
9.78,0.44,1000,"sd","11:19:13",4092000
9.78,0.44,500,"sd","11:18:51",4091000
9.78,0.44,400,"bu","11:18:32",4090500
9.78,0.44,100,"sd","11:18:01",4090100
9.78,0.44,200,"sd","11:17:54",4090000
9.78,0.44,500,"sd","11:17:34",4089800
9.78,0.44,100,"sd","11:17:14",4089300
9.78,0.44,500,"sd","11:17:09",4089200
9.78,0.44,600,"bu","11:16:35",4088700
9.78,0.44,2500,"bu","11:16:35",4088100
9.78,0.44,200,"bu","11:16:12",4085600
9.78,0.44,200,"bu","11:15:49",4085400
9.78,0.44,1100,"sd","11:15:34",4085200
9.79,0.45,300,"bu","11:15:32",4084100
9.78,0.44,500,"sd","11:15:26",4083800
9.78,0.44,1900,"bu","11:15:10",4083300
9.78,0.44,2100,"sd","11:15:05",4081400
9.78,0.44,1100,"bu","11:14:39",4079300
9.78,0.44,1000,"bu","11:13:42",4078200
9.78,0.44,300,"bu","11:13:28",4077200
9.78,0.44,1000,"bu","11:13:23",4076900
9.78,0.44,500,"bu","11:12:49",4075900
9.78,0.44,1000,"sd","11:12:47",4075400
9.78,0.44,300,"sd","11:11:26",4074400
9.78,0.44,100,"bu","11:11:07",4074100
9.8,0.46,4900,"bu","11:10:48",4074000
9.79,0.45,3100,"bu","11:10:48",4069100
9.78,0.44,900,"sd","11:10:12",4066000
9.79,0.45,300,"bu","11:09:53",4065100
9.79,0.45,400,"bu","11:08:53",4064800
9.79,0.45,100,"bu","11:07:21",4064400
9.78,0.44,6000,"sd","11:07:03",4064300
9.78,0.44,2300,"sd","11:07:01",4058300
9.78,0.44,100,"sd","11:06:23",4056000
9.79,0.45,100,"bu","11:06:09",4055900
9.79,0.45,200,"bu","11:06:02",4055800
9.79,0.45,200,"sd","11:05:38",4055600
9.78,0.44,30000,"sd","11:04:43",4055400
9.78,0.44,200,"sd","11:04:42",4025400
9.8,0.46,200,"bu","11:04:34",4025200
9.8,0.46,7600,"sd","11:03:50",4025000
9.8,0.46,1800,"sd","11:03:37",4017400
9.8,0.46,500,"sd","11:03:19",4015600
9.8,0.46,5000,"sd","11:02:49",4015100
9.8,0.46,5100,"bu","11:02:24",4010100
9.8,0.46,20000,"bu","11:02:21",4005000
9.78,0.44,4000,"sd","11:02:12",3985000
9.8,0.46,800,"bu","11:02:11",3981000
9.8,0.46,100,"bu","11:00:27",3980200
9.8,0.46,500,"bu","11:00:04",3980100
9.79,0.45,4400,"bu","11:00:03",3979600
9.79,0.45,2000,"bu","10:59:51",3975200
9.79,0.45,100,"bu","10:58:01",3973200
9.78,0.44,500,"sd","10:57:56",3973100
9.78,0.44,500,"sd","10:57:47",3972600
9.79,0.45,3500,"sd","10:57:37",3972100
9.79,0.45,5000,"sd","10:57:30",3968600
9.79,0.45,400,"sd","10:56:37",3963600
9.8,0.46,3600,"sd","10:56:16",3963200
9.8,0.46,500,"sd","10:56:07",3959600
9.8,0.46,200,"sd","10:55:27",3959100
9.8,0.46,99400,"sd","10:55:10",3958900
9.81,0.47,600,"sd","10:55:10",3859500
9.81,0.47,27700,"bu","10:53:58",3858900
9.81,0.47,1000,"bu","10:53:51",3831200
9.81,0.47,6900,"bu","10:53:48",3830200
9.81,0.47,1000,"bu","10:53:04",3823300
9.81,0.47,9200,"sd","10:52:41",3822300
9.81,0.47,2000,"sd","10:52:18",3813100
9.82,0.48,400,"bu","10:51:15",3811100
9.82,0.48,20000,"bu","10:50:56",3810700
9.81,0.47,2600,"sd","10:50:45",3790700
9.81,0.47,100,"sd","10:50:42",3788100
9.81,0.47,4900,"bu","10:49:40",3788000
9.8,0.46,500,"sd","10:49:39",3783100
9.8,0.46,400,"sd","10:48:57",3782600
9.81,0.47,10000,"bu","10:48:52",3782200
9.81,0.47,500,"bu","10:48:27",3772200
9.81,0.47,10000,"bu","10:48:13",3771700
9.81,0.47,3000,"bu","10:47:52",3761700
9.8,0.46,1000,"sd","10:47:50",3758700
9.81,0.47,100,"bu","10:46:58",3757700
9.81,0.47,800,"bu","10:46:08",3757600
9.8,0.46,100,"sd","10:45:52",3756800
9.81,0.47,300,"bu","10:45:15",3756700
9.8,0.46,5000,"sd","10:45:14",3756400
9.8,0.46,20000,"sd","10:45:00",3751400
9.81,0.47,800,"bu","10:44:46",3731400
9.8,0.46,300,"sd","10:44:46",3730600
9.8,0.46,200,"sd","10:44:13",3730300
9.8,0.46,500,"sd","10:44:10",3730100
9.8,0.46,1000,"sd","10:43:59",3729600
9.81,0.47,400,"bu","10:43:17",3728600
9.81,0.47,400,"bu","10:43:08",3728200
9.81,0.47,500,"bu","10:42:55",3727800
9.81,0.47,600,"sd","10:42:15",3727300
9.81,0.47,1000,"sd","10:42:05",3726700
9.81,0.47,3000,"sd","10:42:00",3725700
9.81,0.47,100,"sd","10:41:59",3722700
9.81,0.47,1700,"bu","10:41:59",3722600
9.8,0.46,400,"sd","10:41:54",3720900
9.8,0.46,53800,"sd","10:41:54",3720500
9.8,0.46,100,"sd","10:41:51",3666700
9.81,0.47,300,"bu","10:41:43",3666600
9.8,0.46,24400,"sd","10:41:39",3666300
9.81,0.47,600,"sd","10:41:39",3641900
9.81,0.47,500,"bu","10:41:35",3641300
9.82,0.48,400,"bu","10:41:20",3640800
9.82,0.48,200,"bu","10:41:19",3640400
9.82,0.48,200,"bu","10:41:12",3640200
9.8,0.46,1000,"sd","10:40:59",3640000
9.82,0.48,400,"bu","10:40:56",3639000
9.8,0.46,700,"sd","10:40:50",3638600
9.81,0.47,2300,"sd","10:40:50",3637900
9.81,0.47,2000,"sd","10:40:38",3635600
9.81,0.47,3000,"sd","10:40:29",3633600
9.81,0.47,5000,"sd","10:40:27",3630600
9.82,0.48,400,"bu","10:40:26",3625600
9.81,0.47,100,"sd","10:40:26",3625200
9.81,0.47,2000,"sd","10:40:00",3625100
9.81,0.47,1000,"sd","10:39:11",3623100
9.81,0.47,900,"bu","10:39:09",3622100
9.81,0.47,100,"bu","10:38:59",3621200
9.8,0.46,5000,"sd","10:38:54",3621100
9.8,0.46,1000,"sd","10:38:43",3616100
9.8,0.46,5000,"sd","10:38:11",3615100
9.8,0.46,1000,"sd","10:37:59",3610100
9.8,0.46,500,"sd","10:37:49",3609100
9.8,0.46,200,"sd","10:37:31",3608600
9.8,0.46,500,"sd","10:37:06",3608400
9.81,0.47,52100,"bu","10:37:03",3607900
9.8,0.46,6800,"bu","10:36:30",3555800
9.8,0.46,5000,"bu","10:36:20",3549000
9.8,0.46,300,"bu","10:35:37",3544000
9.79,0.45,500,"sd","10:35:10",3543700
9.8,0.46,500,"bu","10:35:07",3543200
9.8,0.46,1000,"bu","10:34:53",3542700
9.8,0.46,400,"bu","10:34:38",3541700
9.8,0.46,7000,"bu","10:34:33",3541300
9.8,0.46,200,"bu","10:34:16",3534300
9.8,0.46,300,"sd","10:34:15",3534100
9.8,0.46,100,"sd","10:34:07",3533800
9.8,0.46,100,"sd","10:33:50",3533700
9.8,0.46,4000,"sd","10:33:50",3533600
9.8,0.46,18100,"bu","10:33:13",3529600
9.8,0.46,200,"bu","10:33:01",3511500
9.79,0.45,100,"bu","10:32:51",3511300
9.8,0.46,30000,"bu","10:32:40",3511200
9.79,0.45,20000,"bu","10:32:40",3481200
9.79,0.45,100,"bu","10:31:52",3461200
9.78,0.44,5000,"sd","10:31:29",3461100
9.78,0.44,1000,"sd","10:31:27",3456100
9.78,0.44,500,"sd","10:30:25",3455100
9.79,0.45,1200,"bu","10:29:23",3454600
9.78,0.44,900,"sd","10:29:18",3453400
9.79,0.45,300,"bu","10:29:17",3452500
9.78,0.44,2700,"sd","10:29:16",3452200
9.78,0.44,100,"bu","10:28:49",3449500
9.77,0.43,1000,"sd","10:27:50",3449400
9.77,0.43,100,"sd","10:27:34",3448400
9.77,0.43,500,"sd","10:26:59",3448300
9.77,0.43,100,"sd","10:26:58",3447800
9.77,0.43,100,"sd","10:26:57",3447700
9.77,0.43,200,"sd","10:26:37",3447600
9.77,0.43,300,"sd","10:26:31",3447400
9.77,0.43,400,"sd","10:26:15",3447100
9.77,0.43,1000,"sd","10:26:03",3446700
9.77,0.43,400,"sd","10:25:51",3445700
9.77,0.43,100,"sd","10:25:50",3445300
9.77,0.43,2000,"sd","10:25:49",3445200
9.77,0.43,600,"sd","10:25:41",3443200
9.77,0.43,200,"sd","10:25:37",3442600
9.77,0.43,2000,"bu","10:24:38",3442400
9.77,0.43,1800,"sd","10:24:31",3440400
9.77,0.43,100,"sd","10:24:29",3438600
9.77,0.43,10000,"sd","10:24:23",3438500
9.77,0.43,200,"sd","10:24:18",3428500
9.77,0.43,5000,"sd","10:24:09",3428300
9.77,0.43,600,"sd","10:23:57",3423300
9.79,0.45,300,"bu","10:23:56",3422700
9.77,0.43,5000,"sd","10:23:52",3422400
9.79,0.45,5000,"bu","10:23:24",3417400
9.77,0.43,2000,"sd","10:22:50",3412400
9.77,0.43,100,"sd","10:22:32",3410400
9.78,0.44,9300,"bu","10:22:31",3410300
9.77,0.43,100,"sd","10:22:29",3401000
9.77,0.43,100,"sd","10:22:28",3400900
9.79,0.45,100,"bu","10:22:23",3400800
9.77,0.43,1600,"sd","10:22:00",3400700
9.78,0.44,6000,"bu","10:21:47",3399100
9.78,0.44,400,"sd","10:21:38",3393100
9.78,0.44,1000,"sd","10:21:37",3392700
9.78,0.44,1000,"sd","10:21:30",3391700
9.78,0.44,10000,"sd","10:21:15",3390700
9.79,0.45,14000,"bu","10:21:10",3380700
9.79,0.45,2400,"sd","10:20:28",3366700
9.8,0.46,5000,"bu","10:20:27",3364300
9.8,0.46,2000,"bu","10:20:26",3359300
9.79,0.45,10000,"sd","10:20:19",3357300
9.79,0.45,7600,"bu","10:20:13",3347300
9.79,0.45,35400,"sd","10:19:47",3339700
9.8,0.46,1000,"bu","10:19:44",3304300
9.8,0.46,300,"bu","10:19:32",3303300
9.8,0.46,2000,"bu","10:19:13",3303000
9.8,0.46,1300,"bu","10:19:12",3301000
9.8,0.46,2000,"bu","10:19:02",3299700
9.79,0.45,2000,"sd","10:18:58",3297700
9.8,0.46,200,"bu","10:18:58",3295700
9.8,0.46,100,"bu","10:18:40",3295500
9.8,0.46,200,"bu","10:18:39",3295400
9.8,0.46,700,"sd","10:18:33",3295200
9.8,0.46,100,"sd","10:18:28",3294500
9.8,0.46,1000,"sd","10:18:26",3294400
9.8,0.46,1000,"sd","10:18:22",3293400
9.81,0.47,100,"bu","10:18:15",3292400
9.8,0.46,100,"sd","10:18:13",3292300
9.8,0.46,1000,"sd","10:18:10",3292200
9.8,0.46,2500,"sd","10:18:09",3291200
9.81,0.47,300,"bu","10:18:06",3288700
9.8,0.46,2000,"sd","10:18:00",3288400
9.8,0.46,2000,"sd","10:17:59",3286400
9.8,0.46,1100,"sd","10:17:55",3284400
9.8,0.46,2000,"sd","10:17:53",3283300
9.8,0.46,500,"sd","10:17:52",3281300
9.8,0.46,18000,"sd","10:17:48",3280800
9.8,0.46,27200,"sd","10:17:45",3262800
9.8,0.46,1000,"sd","10:17:39",3235600
9.8,0.46,2100,"sd","10:17:38",3234600
9.8,0.46,1000,"sd","10:16:54",3232500
9.81,0.47,100,"bu","10:16:54",3231500
9.8,0.46,1000,"sd","10:16:46",3231400
9.81,0.47,4600,"sd","10:16:27",3230400
9.81,0.47,5400,"bu","10:16:20",3225800
9.81,0.47,100,"bu","10:16:00",3220400
9.81,0.47,100,"bu","10:15:50",3220300
9.81,0.47,1400,"sd","10:15:47",3220200
9.81,0.47,1500,"sd","10:15:39",3218800
9.81,0.47,500,"sd","10:15:28",3217300
9.81,0.47,3300,"sd","10:15:27",3216800
9.81,0.47,500,"sd","10:14:51",3213500
9.81,0.47,100,"sd","10:14:39",3213000
9.81,0.47,300,"bu","10:14:29",3212900
9.81,0.47,1700,"sd","10:14:28",3212600
9.82,0.48,100,"bu","10:14:24",3210900
9.81,0.47,5300,"sd","10:14:22",3210800
9.81,0.47,4700,"sd","10:14:22",3205500
9.81,0.47,10000,"sd","10:13:59",3200800
9.81,0.47,200,"sd","10:13:28",3190800
9.81,0.47,2000,"sd","10:12:59",3190600
9.82,0.48,1000,"bu","10:12:53",3188600
9.82,0.48,300,"bu","10:12:28",3187600
9.82,0.48,5100,"bu","10:11:57",3187300
9.81,0.47,500,"sd","10:11:36",3182200
9.81,0.47,100,"sd","10:11:34",3181700
9.81,0.47,5500,"sd","10:11:18",3181600
9.81,0.47,200,"sd","10:11:08",3176100
9.81,0.47,5000,"sd","10:11:06",3175900
9.81,0.47,100,"sd","10:10:56",3170900
9.81,0.47,5000,"sd","10:10:46",3170800
9.82,0.48,100,"bu","10:10:41",3165800
9.82,0.48,1000,"bu","10:10:33",3165700
9.82,0.48,1500,"sd","10:10:14",3164700
9.82,0.48,100,"sd","10:10:09",3163200
9.82,0.48,2000,"sd","10:10:03",3163100
9.82,0.48,3000,"sd","10:09:51",3161100
9.83,0.49,100,"bu","10:09:49",3158100
9.82,0.48,20000,"sd","10:09:19",3158000
9.83,0.49,600,"bu","10:09:03",3138000
9.83,0.49,10000,"bu","10:08:54",3137400
9.82,0.48,1300,"sd","10:08:47",3127400
9.83,0.49,3200,"bu","10:08:39",3126100
9.82,0.48,2000,"sd","10:08:36",3122900
9.83,0.49,2700,"bu","10:08:27",3120900
9.83,0.49,1300,"sd","10:07:59",3118200
9.83,0.49,5000,"sd","10:07:53",3116900
9.83,0.49,1000,"sd","10:07:49",3111900
9.84,0.5,2000,"bu","10:07:47",3110900
9.83,0.49,3200,"bu","10:07:46",3108900
9.82,0.48,1700,"sd","10:07:43",3105700
9.83,0.49,400,"bu","10:07:42",3104000
9.83,0.49,2000,"bu","10:07:33",3103600
9.83,0.49,10500,"bu","10:07:29",3101600
9.82,0.48,5000,"sd","10:07:27",3091100
9.83,0.49,2000,"bu","10:07:25",3086100
9.83,0.49,1100,"bu","10:07:20",3084100
9.82,0.48,2900,"sd","10:07:19",3083000
9.83,0.49,1000,"bu","10:07:17",3080100
9.83,0.49,2000,"bu","10:07:14",3079100
9.83,0.49,10000,"bu","10:07:13",3077100
9.82,0.48,200,"sd","10:07:08",3067100
9.83,0.49,300,"bu","10:06:38",3066900
9.82,0.48,300,"sd","10:06:38",3066600
9.82,0.48,9100,"sd","10:06:33",3066300
9.82,0.48,1000,"sd","10:06:24",3057200
9.82,0.48,1800,"sd","10:06:21",3056200
9.82,0.48,5000,"sd","10:06:16",3054400
9.82,0.48,1000,"sd","10:06:12",3049400
9.82,0.48,5000,"sd","10:06:08",3048400
9.82,0.48,1000,"sd","10:05:54",3043400
9.83,0.49,100,"bu","10:05:38",3042400
9.83,0.49,3600,"bu","10:05:25",3042300
9.83,0.49,1000,"bu","10:05:19",3038700
9.83,0.49,500,"bu","10:05:12",3037700
9.83,0.49,3800,"sd","10:04:55",3037200
9.83,0.49,5000,"sd","10:04:47",3033400
9.84,0.5,700,"bu","10:04:38",3028400
9.83,0.49,1000,"sd","10:04:28",3027700
9.83,0.49,10500,"sd","10:04:18",3026700
9.83,0.49,200,"sd","10:04:09",3016200
9.83,0.49,2000,"sd","10:03:52",3016000
9.83,0.49,1000,"sd","10:03:48",3014000
9.83,0.49,3000,"sd","10:03:46",3013000
9.83,0.49,2200,"bu","10:03:42",3010000
9.82,0.48,100,"sd","10:03:27",3007800
9.83,0.49,300,"bu","10:03:27",3007700
9.83,0.49,500,"bu","10:03:19",3007400
9.83,0.49,500,"sd","10:03:10",3006900
9.83,0.49,200,"sd","10:03:07",3006400
9.84,0.5,8900,"bu","10:02:55",3006200
9.83,0.49,1100,"bu","10:02:55",2997300
9.82,0.48,5000,"sd","10:02:54",2996200
9.82,0.48,200,"sd","10:02:52",2991200
9.83,0.49,2600,"bu","10:02:49",2991000
9.82,0.48,1000,"bu","10:02:29",2988400
9.82,0.48,500,"bu","10:02:27",2987400
9.81,0.47,100,"sd","10:02:16",2986900
9.81,0.47,100,"sd","10:02:11",2986800
9.81,0.47,200,"sd","10:02:02",2986700
9.82,0.48,100,"bu","10:01:59",2986500
9.81,0.47,1000,"sd","10:01:47",2986400
9.82,0.48,800,"bu","10:01:45",2985400
9.82,0.48,2600,"sd","10:01:39",2984600
9.82,0.48,300,"sd","10:01:35",2982000
9.81,0.47,200,"sd","10:00:28",2981700
9.81,0.47,6500,"sd","10:00:21",2981500
9.82,0.48,1100,"sd","10:00:21",2975000
9.83,0.49,2400,"sd","10:00:21",2973900
9.83,0.49,7600,"bu","10:00:20",2971500
9.83,0.49,2000,"sd","09:59:57",2963900
9.83,0.49,100,"bu","09:59:49",2961900
9.82,0.48,200,"sd","09:59:42",2961800
9.83,0.49,400,"sd","09:59:40",2961600
9.83,0.49,600,"sd","09:59:40",2961200
9.83,0.49,10000,"sd","09:59:32",2960600
9.85,0.51,54300,"bu","09:59:31",2950600
9.85,0.51,500,"bu","09:59:30",2896300
9.84,0.5,50000,"bu","09:59:30",2895800
9.83,0.49,100,"sd","09:59:28",2845800
9.83,0.49,9900,"sd","09:59:08",2845700
9.84,0.5,100,"sd","09:59:08",2835800
9.84,0.5,200,"bu","09:59:06",2835700
9.84,0.5,2300,"bu","09:58:51",2835500
9.83,0.49,33900,"bu","09:58:47",2833200
9.81,0.47,6500,"sd","09:58:40",2799300
9.82,0.48,40000,"bu","09:58:40",2792800
9.81,0.47,500,"sd","09:58:36",2752800
9.81,0.47,1700,"bu","09:58:33",2752300
9.81,0.47,10000,"bu","09:58:31",2750600
9.8,0.46,200,"sd","09:58:21",2740600
9.8,0.46,8500,"bu","09:58:17",2740400
9.8,0.46,14400,"bu","09:58:16",2731900
9.8,0.46,20000,"bu","09:58:12",2717500
9.79,0.45,300,"sd","09:57:54",2697500
9.8,0.46,1000,"bu","09:57:52",2697200
9.79,0.45,4400,"bu","09:57:19",2696200
9.8,0.46,600,"sd","09:57:09",2691800
9.8,0.46,30500,"bu","09:57:08",2691200
9.79,0.45,15300,"bu","09:57:08",2660700
9.78,0.44,100,"bu","09:57:02",2645400
9.79,0.45,500,"bu","09:56:53",2645300
9.78,0.44,2000,"sd","09:56:53",2644800
9.79,0.45,100,"bu","09:56:48",2642800
9.79,0.45,900,"bu","09:56:36",2642700
9.79,0.45,100,"bu","09:56:33",2641800
9.79,0.45,2000,"bu","09:56:25",2641700
9.79,0.45,3000,"bu","09:56:05",2639700
9.77,0.43,1500,"sd","09:56:04",2636700
9.78,0.44,300,"sd","09:55:54",2635200
9.78,0.44,200,"sd","09:55:52",2634900
9.77,0.43,100,"sd","09:55:48",2634700
9.77,0.43,5600,"sd","09:55:40",2634600
9.77,0.43,2600,"sd","09:55:17",2629000
9.78,0.44,500,"sd","09:55:17",2626400
9.79,0.45,100,"bu","09:55:13",2625900
9.79,0.45,600,"bu","09:55:00",2625800
9.78,0.44,2000,"bu","09:55:00",2625200
9.79,0.45,100,"bu","09:54:38",2623200
9.79,0.45,700,"bu","09:54:34",2623100
9.79,0.45,5000,"bu","09:54:20",2622400
9.79,0.45,1300,"bu","09:54:10",2617400
9.77,0.43,500,"sd","09:54:06",2616100
9.79,0.45,2500,"bu","09:53:58",2615400
9.77,0.43,100,"sd","09:53:44",2612900
9.78,0.44,100,"sd","09:53:44",2612800
9.79,0.45,100,"bu","09:53:31",2612700
9.76,0.42,1000,"sd","09:53:02",2612600
9.79,0.45,300,"bu","09:52:56",2611600
9.76,0.42,1000,"sd","09:52:41",2611300
9.76,0.42,6000,"sd","09:52:41",2610300
9.76,0.42,5000,"sd","09:52:24",2604300
9.76,0.42,100,"sd","09:52:11",2599300
9.79,0.45,1000,"bu","09:52:04",2599200
9.79,0.45,100,"bu","09:52:00",2598200
9.79,0.45,500,"bu","09:51:52",2598100
9.8,0.46,100,"bu","09:51:48",2597600
9.81,0.47,100,"bu","09:51:14",2597500
9.82,0.48,100,"bu","09:51:04",2597400
9.76,0.42,1000,"sd","09:51:04",2597300
9.76,0.42,1000,"sd","09:50:55",2596300
9.82,0.48,200,"bu","09:50:41",2595300
9.82,0.48,200,"sd","09:50:28",2595100
9.82,0.48,300,"sd","09:50:28",2594900
9.83,0.49,3000,"bu","09:50:24",2594600
9.82,0.48,7000,"bu","09:50:24",2591600
9.82,0.48,1000,"bu","09:50:23",2584600
9.75,0.41,20400,"sd","09:50:22",2583600
9.76,0.42,5000,"sd","09:50:22",2563200
9.77,0.43,4300,"sd","09:50:22",2558200
9.78,0.44,900,"sd","09:50:22",2553900
9.79,0.45,4000,"sd","09:50:22",2553000
9.8,0.46,38600,"sd","09:50:22",2549000
9.81,0.47,26800,"sd","09:50:22",2510400
9.83,0.49,2000,"bu","09:50:18",2483600
9.83,0.49,2000,"bu","09:50:15",2481600
9.83,0.49,2000,"bu","09:50:11",2479600
9.82,0.48,500,"sd","09:50:09",2477600
9.83,0.49,100,"bu","09:50:03",2477100
9.82,0.48,1700,"sd","09:49:57",2477000
9.83,0.49,300,"sd","09:49:57",2475300
9.86,0.52,24400,"bu","09:49:51",2475000
9.85,0.51,27300,"bu","09:49:51",2450600
9.84,0.5,5100,"bu","09:49:51",2423300
9.84,0.5,8700,"bu","09:49:44",2418200
9.83,0.49,2000,"sd","09:49:42",2409500
9.84,0.5,200,"sd","09:49:15",2407500
9.85,0.51,2000,"bu","09:49:15",2407300
9.85,0.51,10000,"bu","09:49:11",2405300
9.85,0.51,1100,"bu","09:49:08",2395300
9.83,0.49,10000,"sd","09:48:58",2394200
9.85,0.51,1800,"bu","09:48:55",2384200
9.84,0.5,2000,"sd","09:48:54",2382400
9.85,0.51,100,"bu","09:48:51",2380400
9.85,0.51,700,"bu","09:48:49",2380300
9.85,0.51,10000,"bu","09:48:47",2379600
9.85,0.51,7300,"sd","09:48:41",2369600
9.85,0.51,1100,"sd","09:48:39",2362300
9.85,0.51,3000,"sd","09:48:38",2361200
9.85,0.51,600,"sd","09:48:34",2358200
9.85,0.51,3000,"bu","09:48:29",2357600
9.85,0.51,1000,"bu","09:48:28",2354600
9.85,0.51,300,"bu","09:48:22",2353600
9.83,0.49,4000,"sd","09:48:21",2353300
9.85,0.51,400,"sd","09:48:07",2349300
9.85,0.51,10000,"sd","09:48:03",2348900
9.86,0.52,100,"sd","09:48:00",2338900
9.86,0.52,10000,"sd","09:47:59",2338800
9.87,0.53,1000,"bu","09:47:58",2328800
9.86,0.52,100,"sd","09:47:57",2327800
9.86,0.52,100,"sd","09:47:48",2327700
9.87,0.53,200,"bu","09:47:47",2327600
9.86,0.52,3000,"sd","09:47:46",2327400
9.86,0.52,2000,"sd","09:47:44",2324400
9.87,0.53,1000,"bu","09:47:41",2322400
9.86,0.52,1000,"sd","09:47:34",2321400
9.86,0.52,700,"sd","09:47:26",2320400
9.85,0.51,5400,"bu","09:47:24",2319700
9.85,0.51,500,"bu","09:47:18",2314300
9.85,0.51,5000,"bu","09:47:16",2313800
9.85,0.51,100,"bu","09:47:15",2308800
9.85,0.51,1000,"bu","09:47:11",2308700
9.85,0.51,500,"bu","09:47:10",2307700
9.85,0.51,5000,"bu","09:47:08",2307200
9.81,0.47,2200,"sd","09:47:08",2302200
9.82,0.48,1800,"sd","09:47:08",2300000
9.85,0.51,3000,"bu","09:47:07",2298200
9.9,0.56,18800,"bu","09:47:03",2295200
9.89,0.55,9500,"bu","09:47:03",2276400
9.88,0.54,5300,"bu","09:47:03",2266900
9.87,0.53,1700,"bu","09:47:03",2261600
9.86,0.52,1000,"bu","09:47:03",2259900
9.85,0.51,3700,"bu","09:47:03",2258900
9.85,0.51,1300,"sd","09:47:01",2255200
9.86,0.52,3000,"bu","09:46:56",2253900
9.85,0.51,200,"sd","09:46:53",2250900
9.85,0.51,1100,"bu","09:46:50",2250700
9.84,0.5,500,"bu","09:46:50",2249600
9.85,0.51,3000,"bu","09:46:45",2249100
9.85,0.51,22000,"bu","09:46:44",2246100
9.82,0.48,5000,"bu","09:46:44",2224100
9.82,0.48,5000,"sd","09:46:44",2219100
9.85,0.51,2900,"bu","09:46:44",2214100
9.84,0.5,1100,"bu","09:46:44",2211200
9.85,0.51,100,"bu","09:46:39",2210100
9.85,0.51,1000,"bu","09:46:37",2210000
9.85,0.51,2800,"bu","09:46:34",2209000
9.83,0.49,100,"bu","09:46:34",2206200
9.85,0.51,23900,"bu","09:46:27",2206100
9.84,0.5,1100,"bu","09:46:27",2182200
9.81,0.47,100,"sd","09:46:26",2161100
9.81,0.47,6000,"bu","09:46:25",2161000
9.8,0.46,100,"sd","09:46:23",2155000
9.8,0.46,200,"sd","09:46:22",2154900
9.81,0.47,3000,"bu","09:46:20",2154700
9.81,0.47,100,"bu","09:46:18",2151700
9.8,0.46,500,"sd","09:46:16",2151600
9.81,0.47,1000,"bu","09:46:15",2151100
9.8,0.46,5000,"sd","09:46:12",2150100
9.8,0.46,34600,"bu","09:46:11",2145100
9.8,0.46,3900,"bu","09:46:10",2105500
9.79,0.45,100,"bu","09:46:10",2101600
9.79,0.45,200,"sd","09:46:07",2101500
9.78,0.44,200,"sd","09:46:04",2101300
9.8,0.46,72000,"bu","09:46:04",2101100
9.79,0.45,8000,"bu","09:46:04",2029100
9.78,0.44,200,"sd","09:46:04",2021100
9.78,0.44,1700,"sd","09:46:00",2020900
9.79,0.45,14700,"bu","09:45:59",2019200
9.78,0.44,600,"bu","09:45:51",2004500
9.76,0.42,300,"sd","09:45:39",2003900
9.77,0.43,200,"sd","09:45:39",2003600
9.77,0.43,700,"bu","09:45:38",2003400
9.76,0.42,100,"bu","09:45:38",2002700
9.75,0.41,900,"sd","09:45:36",2002600
9.75,0.41,100,"sd","09:45:29",2001700
9.75,0.41,100,"sd","09:45:27",2001600
9.75,0.41,9300,"bu","09:45:27",2001500
9.75,0.41,5000,"bu","09:45:26",1992200
9.75,0.41,1500,"bu","09:45:22",1987200
9.75,0.41,4900,"bu","09:45:18",1985700
9.75,0.41,1300,"bu","09:45:13",1980800
9.74,0.4,9700,"bu","09:45:13",1979500
9.72,0.38,13500,"sd","09:45:12",1969800
9.73,0.39,6400,"sd","09:45:12",1956300
9.74,0.4,1000,"bu","09:45:12",1949900
9.74,0.4,400,"bu","09:45:11",1948900
9.73,0.39,1000,"bu","09:45:04",1948500
9.72,0.38,200,"sd","09:44:57",1947500
9.72,0.38,600,"bu","09:44:56",1947300
9.72,0.38,100,"bu","09:44:55",1946700
9.7,0.36,900,"sd","09:44:43",1946600
9.71,0.37,100,"sd","09:44:43",1945700
9.71,0.37,400,"bu","09:44:39",1945600
9.7,0.36,200,"sd","09:44:32",1945200
9.7,0.36,4000,"bu","09:44:31",1945000
9.69,0.35,100,"sd","09:44:30",1941000
9.7,0.36,400,"bu","09:44:27",1940900
9.69,0.35,100,"bu","09:44:27",1940500
9.68,0.34,200,"sd","09:44:25",1940400
9.68,0.34,700,"sd","09:44:19",1940200
9.69,0.35,300,"sd","09:44:19",1939500
9.69,0.35,100,"bu","09:44:17",1939200
9.68,0.34,100,"sd","09:44:12",1939100
9.7,0.36,61900,"bu","09:44:10",1939000
9.69,0.35,38100,"bu","09:44:10",1877100
9.68,0.34,16800,"bu","09:44:06",1839000
9.68,0.34,300,"bu","09:44:03",1822200
9.68,0.34,2000,"bu","09:43:51",1821900
9.67,0.33,100,"bu","09:43:47",1819900
9.68,0.34,500,"bu","09:43:40",1819800
9.67,0.33,400,"bu","09:43:35",1819300
9.66,0.32,39900,"bu","09:43:33",1818900
9.66,0.32,11500,"bu","09:43:29",1779000
9.66,0.32,1000,"bu","09:43:28",1767500
9.65,0.31,1000,"sd","09:43:23",1766500
9.65,0.31,500,"sd","09:43:22",1765500
9.65,0.31,2000,"bu","09:43:14",1765000
9.65,0.31,5500,"bu","09:43:09",1763000
9.64,0.3,1300,"bu","09:43:05",1757500
9.64,0.3,700,"sd","09:43:04",1756200
9.65,0.31,1000,"bu","09:43:03",1755500
9.64,0.3,4000,"bu","09:43:01",1754500
9.64,0.3,6000,"sd","09:43:01",1750500
9.65,0.31,77400,"bu","09:42:58",1744500
9.64,0.3,2600,"bu","09:42:58",1667100
9.64,0.3,2400,"sd","09:42:57",1664500
9.64,0.3,8100,"bu","09:42:54",1662100
9.64,0.3,2000,"bu","09:42:50",1654000
9.64,0.3,2400,"bu","09:42:50",1652000
9.64,0.3,12600,"bu","09:42:48",1649600
9.64,0.3,5000,"bu","09:42:46",1637000
9.64,0.3,2000,"bu","09:42:40",1632000
9.64,0.3,10000,"bu","09:42:34",1630000
9.63,0.29,200,"sd","09:42:25",1620000
9.64,0.3,800,"bu","09:42:25",1619800
9.63,0.29,1300,"sd","09:42:15",1619000
9.63,0.29,21800,"bu","09:42:12",1617700
9.63,0.29,12000,"bu","09:42:11",1595900
9.62,0.28,300,"sd","09:42:08",1583900
9.63,0.29,10000,"bu","09:42:04",1583600
9.62,0.28,29500,"bu","09:41:55",1573600
9.61,0.27,1400,"bu","09:41:17",1544100
9.61,0.27,100,"bu","09:41:16",1542700
9.61,0.27,100,"bu","09:41:12",1542600
9.61,0.27,2400,"bu","09:41:03",1542500
9.61,0.27,100,"bu","09:40:56",1540100
9.61,0.27,100,"bu","09:40:52",1540000
9.61,0.27,1800,"sd","09:40:38",1539900
9.62,0.28,5000,"bu","09:40:33",1538100
9.62,0.28,900,"bu","09:40:28",1533100
9.61,0.27,14800,"sd","09:40:28",1532200
9.62,0.28,20000,"bu","09:40:22",1517400
9.61,0.27,1500,"sd","09:40:04",1497400
9.61,0.27,13700,"bu","09:39:59",1495900
9.61,0.27,2000,"bu","09:39:59",1482200
9.61,0.27,3400,"bu","09:39:58",1480200
9.61,0.27,800,"bu","09:39:57",1476800
9.61,0.27,2000,"bu","09:39:56",1476000
9.61,0.27,10000,"bu","09:39:51",1474000
9.61,0.27,200,"bu","09:39:51",1464000
9.6,0.26,1000,"sd","09:39:44",1463800
9.6,0.26,200,"sd","09:39:42",1462800
9.61,0.27,9100,"bu","09:39:32",1462600
9.61,0.27,3500,"bu","09:39:30",1453500
9.61,0.27,1000,"bu","09:39:29",1450000
9.61,0.27,3400,"bu","09:39:27",1449000
9.61,0.27,400,"bu","09:39:11",1445600
9.61,0.27,1000,"bu","09:39:07",1445200
9.6,0.26,1100,"sd","09:38:59",1444200
9.6,0.26,2000,"sd","09:38:44",1443100
9.61,0.27,100,"bu","09:38:39",1441100
9.6,0.26,100,"sd","09:38:26",1441000
9.61,0.27,300,"bu","09:38:24",1440900
9.6,0.26,2000,"sd","09:38:23",1440600
9.6,0.26,300,"sd","09:38:19",1438600
9.6,0.26,1000,"sd","09:38:13",1438300
9.61,0.27,200,"bu","09:38:13",1437300
9.6,0.26,200,"sd","09:38:05",1437100
9.6,0.26,500,"sd","09:37:59",1436900
9.6,0.26,10000,"sd","09:37:50",1436400
9.61,0.27,19900,"sd","09:37:33",1426400
9.61,0.27,100,"sd","09:37:29",1406500
9.62,0.28,500,"bu","09:37:25",1406400
9.62,0.28,6500,"bu","09:37:21",1405900
9.61,0.27,100,"sd","09:37:14",1399400
9.62,0.28,100,"bu","09:37:07",1399300
9.62,0.28,5000,"bu","09:37:02",1399200
9.61,0.27,2000,"sd","09:36:55",1394200
9.62,0.28,5000,"bu","09:36:54",1392200
9.62,0.28,2000,"sd","09:36:44",1387200
9.62,0.28,100,"sd","09:36:42",1385200
9.62,0.28,500,"sd","09:36:41",1385100
9.62,0.28,1000,"sd","09:36:38",1384600
9.62,0.28,5000,"sd","09:36:36",1383600
9.62,0.28,2000,"sd","09:36:35",1378600
9.62,0.28,100,"sd","09:36:35",1376600
9.62,0.28,900,"bu","09:36:33",1376500
9.62,0.28,5000,"bu","09:36:31",1375600
9.62,0.28,9700,"sd","09:36:21",1370600
9.62,0.28,100,"sd","09:36:17",1360900
9.62,0.28,7700,"bu","09:36:15",1360800
9.61,0.27,1000,"sd","09:36:09",1353100
9.61,0.27,500,"sd","09:36:08",1352100
9.62,0.28,5000,"bu","09:36:08",1351600
9.62,0.28,1200,"bu","09:36:05",1346600
9.62,0.28,800,"bu","09:36:00",1345400
9.62,0.28,300,"bu","09:35:51",1344600
9.62,0.28,200,"bu","09:35:45",1344300
9.62,0.28,4200,"sd","09:35:39",1344100
9.62,0.28,5000,"sd","09:35:36",1339900
9.62,0.28,100,"sd","09:35:35",1334900
9.63,0.29,10000,"bu","09:35:34",1334800
9.62,0.28,13200,"bu","09:35:30",1324800
9.61,0.27,5000,"sd","09:35:30",1311600
9.62,0.28,500,"bu","09:35:25",1306600
9.62,0.28,8300,"sd","09:35:20",1306100
9.63,0.29,500,"bu","09:35:19",1297800
9.62,0.28,12000,"sd","09:35:18",1297300
9.62,0.28,200,"sd","09:35:14",1285300
9.62,0.28,4900,"sd","09:35:13",1285100
9.62,0.28,200,"sd","09:35:04",1280200
9.62,0.28,1200,"sd","09:35:03",1280000
9.62,0.28,1000,"sd","09:35:02",1278800
9.62,0.28,100,"sd","09:34:57",1277800
9.62,0.28,10100,"bu","09:34:55",1277700
9.62,0.28,5000,"bu","09:34:51",1267600
9.62,0.28,2400,"bu","09:34:46",1262600
9.62,0.28,100,"bu","09:34:42",1260200
9.62,0.28,900,"bu","09:34:38",1260100
9.62,0.28,500,"bu","09:34:31",1259200
9.62,0.28,1000,"bu","09:34:26",1258700
9.62,0.28,13900,"sd","09:34:22",1257700
9.63,0.29,10000,"bu","09:34:22",1243800
9.62,0.28,3000,"sd","09:34:19",1233800
9.62,0.28,1000,"sd","09:34:16",1230800
9.63,0.29,1000,"bu","09:34:12",1229800
9.62,0.28,10500,"sd","09:34:11",1228800
9.63,0.29,1000,"bu","09:34:11",1218300
9.62,0.28,10000,"sd","09:34:09",1217300
9.63,0.29,500,"bu","09:33:55",1207300
9.62,0.28,5000,"sd","09:33:40",1206800
9.62,0.28,600,"sd","09:33:38",1201800
9.62,0.28,900,"sd","09:33:35",1201200
9.63,0.29,18000,"bu","09:33:30",1200300
9.62,0.28,20000,"sd","09:33:26",1182300
9.62,0.28,1000,"sd","09:33:16",1162300
9.62,0.28,32000,"sd","09:33:04",1161300
9.62,0.28,500,"sd","09:33:00",1129300
9.62,0.28,1100,"bu","09:32:53",1128800
9.62,0.28,200,"sd","09:32:42",1127700
9.62,0.28,10000,"sd","09:32:41",1127500
9.62,0.28,1000,"sd","09:32:40",1117500
9.62,0.28,9900,"sd","09:32:40",1116500
9.62,0.28,900,"bu","09:32:39",1106600
9.62,0.28,10000,"bu","09:32:38",1105700
9.62,0.28,100,"bu","09:32:35",1095700
9.62,0.28,3500,"sd","09:32:29",1095600
9.62,0.28,2000,"sd","09:32:27",1092100
9.62,0.28,400,"sd","09:32:15",1090100
9.62,0.28,5000,"sd","09:32:12",1089700
9.62,0.28,5000,"sd","09:32:07",1084700
9.62,0.28,7800,"bu","09:31:56",1079700
9.62,0.28,2000,"bu","09:31:53",1071900
9.62,0.28,5000,"bu","09:31:52",1069900
9.62,0.28,4000,"bu","09:31:51",1064900
9.62,0.28,100,"bu","09:31:50",1060900
9.61,0.27,100,"sd","09:31:50",1060800
9.62,0.28,5000,"bu","09:31:49",1060700
9.61,0.27,100,"sd","09:31:47",1055700
9.61,0.27,500,"sd","09:31:41",1055600
9.61,0.27,6400,"bu","09:31:40",1055100
9.61,0.27,9000,"bu","09:31:38",1048700
9.6,0.26,3000,"sd","09:31:37",1039700
9.6,0.26,500,"sd","09:31:33",1036700
9.6,0.26,1900,"bu","09:31:30",1036200
9.6,0.26,500,"bu","09:31:28",1034300
9.59,0.25,500,"sd","09:31:27",1033800
9.6,0.26,5000,"bu","09:31:26",1033300
9.6,0.26,6500,"bu","09:31:25",1028300
9.6,0.26,55000,"bu","09:31:22",1021800
9.59,0.25,1000,"sd","09:31:15",966800
9.59,0.25,12700,"bu","09:31:07",965800
9.58,0.24,5000,"sd","09:31:03",953100
9.59,0.25,500,"bu","09:30:52",948100
9.59,0.25,500,"bu","09:30:49",947600
9.59,0.25,600,"sd","09:30:48",947100
9.59,0.25,900,"bu","09:30:45",946500
9.59,0.25,4100,"sd","09:30:38",945600
9.59,0.25,200,"sd","09:30:36",941500
9.59,0.25,1000,"sd","09:30:34",941300
9.6,0.26,400,"bu","09:30:27",940300
9.59,0.25,600,"sd","09:30:21",939900
9.59,0.25,100,"sd","09:30:20",939300
9.59,0.25,400,"sd","09:30:19",939200
9.59,0.25,100,"sd","09:30:18",938800
9.59,0.25,600,"sd","09:30:14",938700
9.59,0.25,2000,"sd","09:30:13",938100
9.59,0.25,100,"sd","09:30:09",936100
9.59,0.25,500,"bu","09:29:57",936000
9.58,0.24,1000,"sd","09:29:54",935500
9.59,0.25,10000,"bu","09:29:51",934500
9.58,0.24,400,"bu","09:29:38",924500
9.58,0.24,9600,"sd","09:29:36",924100
9.58,0.24,900,"bu","09:29:23",914500
9.58,0.24,700,"sd","09:29:20",913600
9.58,0.24,1300,"bu","09:29:16",912900
9.58,0.24,400,"sd","09:29:08",911600
9.58,0.24,2600,"bu","09:29:05",911200
9.58,0.24,400,"bu","09:29:03",908600
9.58,0.24,10200,"bu","09:29:01",908200
9.58,0.24,3000,"bu","09:29:00",898000
9.58,0.24,600,"bu","09:28:49",895000
9.58,0.24,6400,"sd","09:28:40",894400
9.58,0.24,2000,"sd","09:28:34",888000
9.58,0.24,1900,"sd","09:28:32",886000
9.59,0.25,1000,"bu","09:28:31",884100
9.58,0.24,5000,"sd","09:28:26",883100
9.59,0.25,5200,"bu","09:28:23",878100
9.58,0.24,100,"sd","09:28:16",872900
9.59,0.25,500,"bu","09:28:14",872800
9.59,0.25,1300,"bu","09:28:03",872300
9.59,0.25,100,"bu","09:27:59",871000
9.58,0.24,2500,"sd","09:27:54",870900
9.58,0.24,7700,"sd","09:27:47",868400
9.59,0.25,1000,"sd","09:27:39",860700
9.6,0.26,8600,"bu","09:27:36",859700
9.59,0.25,1400,"bu","09:27:36",851100
9.59,0.25,500,"bu","09:27:31",849700
9.59,0.25,300,"bu","09:27:30",849200
9.59,0.25,1000,"sd","09:27:29",848900
9.59,0.25,1000,"sd","09:27:23",847900
9.6,0.26,100,"bu","09:27:20",846900
9.59,0.25,3000,"sd","09:27:16",846800
9.6,0.26,500,"bu","09:27:15",843800
9.6,0.26,3200,"sd","09:27:11",843300
9.6,0.26,10500,"sd","09:27:08",840100
9.61,0.27,500,"bu","09:26:59",829600
9.6,0.26,10000,"sd","09:26:57",829100
9.61,0.27,100,"bu","09:26:56",819100
9.61,0.27,3700,"sd","09:26:50",819000
9.61,0.27,2000,"sd","09:26:45",815300
9.61,0.27,1000,"sd","09:26:42",813300
9.62,0.28,1000,"bu","09:26:40",812300
9.62,0.28,500,"bu","09:26:36",811300
9.61,0.27,1000,"sd","09:26:27",810800
9.62,0.28,1000,"bu","09:26:26",809800
9.63,0.29,1000,"bu","09:26:07",808800
9.62,0.28,9000,"bu","09:26:07",807800
9.62,0.28,1000,"sd","09:26:06",798800
9.63,0.29,1200,"bu","09:25:59",797800
9.62,0.28,3100,"bu","09:25:59",796600
9.62,0.28,1900,"sd","09:25:58",793500
9.62,0.28,2000,"sd","09:25:58",791600
9.62,0.28,3000,"sd","09:25:57",789600
9.63,0.29,1400,"bu","09:25:52",786600
9.63,0.29,500,"bu","09:25:47",785200
9.62,0.28,200,"sd","09:25:40",784700
9.62,0.28,3400,"bu","09:25:34",784500
9.62,0.28,3000,"bu","09:25:29",781100
9.62,0.28,5000,"bu","09:25:27",778100
9.61,0.27,500,"sd","09:25:18",773100
9.61,0.27,600,"bu","09:25:18",772600
9.61,0.27,400,"bu","09:25:14",772000
9.6,0.26,1000,"sd","09:25:12",771600
9.6,0.26,1000,"sd","09:25:11",770600
9.6,0.26,5000,"sd","09:25:09",769600
9.6,0.26,6300,"sd","09:24:55",764600
9.61,0.27,3900,"sd","09:24:55",758300
9.61,0.27,100,"bu","09:24:51",754400
9.6,0.26,400,"sd","09:24:51",754300
9.6,0.26,20000,"sd","09:24:49",753900
9.6,0.26,200,"sd","09:24:49",733900
9.65,0.31,2800,"bu","09:24:44",733700
9.63,0.29,3100,"bu","09:24:44",730400
9.62,0.28,25500,"bu","09:24:44",727300
9.61,0.27,6100,"bu","09:24:44",701800
9.6,0.26,10000,"sd","09:24:44",695700
9.6,0.26,20800,"bu","09:24:41",685700
9.6,0.26,5000,"bu","09:24:40",664900
9.6,0.26,30400,"bu","09:24:38",659900
9.6,0.26,3400,"bu","09:24:36",629500
9.6,0.26,1000,"bu","09:24:34",626100
9.6,0.26,11000,"bu","09:24:33",625100
9.59,0.25,4000,"sd","09:24:31",614100
9.6,0.26,50000,"bu","09:24:30",610100
9.59,0.25,1000,"sd","09:24:27",560100
9.6,0.26,400,"bu","09:24:26",559100
9.59,0.25,400,"bu","09:24:26",558700
9.59,0.25,10000,"bu","09:24:24",558300
9.6,0.26,7000,"bu","09:24:19",548300
9.59,0.25,3000,"bu","09:24:19",541300
9.59,0.25,1000,"bu","09:24:17",538300
9.57,0.23,500,"sd","09:24:14",537300
9.57,0.23,4000,"sd","09:24:07",536800
9.58,0.24,1300,"sd","09:24:07",526800
9.59,0.25,3700,"sd","09:24:07",525500
9.59,0.25,5100,"sd","09:24:06",521800
9.59,0.25,10200,"bu","09:24:06",516700
9.59,0.25,50000,"bu","09:24:05",506500
9.58,0.24,1000,"sd","09:24:00",456500
9.58,0.24,4000,"bu","09:23:58",455500
9.58,0.24,700,"bu","09:23:57",451500
9.57,0.23,1000,"sd","09:23:55",450800
9.58,0.24,2700,"bu","09:23:54",449800
9.57,0.23,300,"sd","09:23:46",447100
9.57,0.23,600,"bu","09:23:42",446800
9.57,0.23,800,"bu","09:23:41",446200
9.57,0.23,2000,"bu","09:23:38",445400
9.57,0.23,200,"bu","09:23:36",443400
9.56,0.22,500,"sd","09:23:35",443200
9.57,0.23,1500,"bu","09:23:35",442700
9.56,0.22,200,"sd","09:23:34",441200
9.57,0.23,2000,"bu","09:23:31",441000
9.56,0.22,100,"sd","09:23:30",439000
9.56,0.22,10500,"sd","09:23:28",438900
9.56,0.22,1600,"bu","09:23:23",428400
9.55,0.21,500,"sd","09:23:15",426800
9.56,0.22,900,"bu","09:23:14",426300
9.56,0.22,5000,"bu","09:23:12",425400
9.56,0.22,500,"bu","09:23:11",420400
9.55,0.21,3000,"sd","09:23:06",419900
9.55,0.21,200,"sd","09:23:05",416900
9.55,0.21,29700,"bu","09:23:03",416700
9.55,0.21,100,"bu","09:23:01",387000
9.55,0.21,2000,"bu","09:22:58",386900
9.54,0.2,1000,"sd","09:22:52",384900
9.54,0.2,1000,"sd","09:22:52",383900
9.54,0.2,1000,"sd","09:22:50",382900
9.55,0.21,8600,"bu","09:22:50",381900
9.55,0.21,100,"bu","09:22:48",373300
9.54,0.2,100,"sd","09:22:48",373200
9.54,0.2,4700,"sd","09:22:43",373100
9.54,0.2,11000,"bu","09:22:41",368400
9.55,0.21,300,"bu","09:22:37",357400
9.55,0.21,1600,"bu","09:22:27",357100
9.54,0.2,400,"bu","09:22:27",355500
9.54,0.2,100,"bu","09:22:13",355100
9.54,0.2,500,"sd","09:22:07",355000
9.54,0.2,500,"bu","09:22:06",354500
9.54,0.2,2500,"bu","09:22:01",354000
9.54,0.2,800,"bu","09:21:59",351500
9.54,0.2,500,"bu","09:21:55",350700
9.54,0.2,2500,"sd","09:21:51",350200
9.55,0.21,2000,"bu","09:21:47",347700
9.55,0.21,12000,"bu","09:21:44",345700
9.55,0.21,10000,"bu","09:21:43",333700
9.54,0.2,2000,"sd","09:21:39",323700
9.55,0.21,2700,"bu","09:21:38",321700
9.55,0.21,2000,"bu","09:21:37",319000
9.54,0.2,100,"sd","09:21:37",317000
9.54,0.2,100,"sd","09:21:36",316900
9.55,0.21,4800,"bu","09:21:28",316800
9.55,0.21,5000,"bu","09:21:25",312000
9.55,0.21,300,"sd","09:21:23",307000
9.55,0.21,1300,"sd","09:21:18",306700
9.55,0.21,300,"bu","09:21:11",305400
9.54,0.2,100,"sd","09:21:08",305100
9.55,0.21,300,"bu","09:21:07",305000
9.55,0.21,200,"bu","09:21:06",304700
9.54,0.2,300,"sd","09:21:00",304500
9.55,0.21,30000,"bu","09:21:00",304200
9.54,0.2,7500,"bu","09:20:54",274200
9.53,0.19,100,"sd","09:20:50",266700
9.53,0.19,1100,"bu","09:20:49",266600
9.52,0.18,100,"bu","09:20:49",265500
9.52,0.18,1100,"bu","09:20:40",265400
9.51,0.17,100,"sd","09:20:35",264300
9.51,0.17,200,"bu","09:20:32",264200
9.5,0.16,1200,"sd","09:20:30",264000
9.51,0.17,1200,"bu","09:20:29",262800
9.5,0.16,10000,"sd","09:20:27",261600
9.5,0.16,100,"sd","09:20:24",251600
9.5,0.16,100,"sd","09:20:20",251500
9.5,0.16,3000,"sd","09:20:19",251400
9.5,0.16,63400,"bu","09:20:16",248400
9.5,0.16,2500,"bu","09:20:15",185000
9.5,0.16,100,"bu","09:20:13",182500
9.49,0.15,500,"sd","09:20:12",182400
9.49,0.15,100,"sd","09:20:11",181900
9.49,0.15,17000,"bu","09:20:04",181800
9.48,0.14,100,"sd","09:19:57",164800
9.48,0.14,2500,"sd","09:19:56",164700
9.48,0.14,3000,"sd","09:19:55",162200
9.48,0.14,800,"bu","09:19:44",159200
9.48,0.14,200,"sd","09:19:34",158400
9.48,0.14,200,"sd","09:19:32",158200
9.48,0.14,100,"sd","09:19:31",158000
9.48,0.14,3000,"sd","09:19:30",157900
9.48,0.14,2500,"bu","09:19:29",154900
9.47,0.13,100,"sd","09:19:12",152400
9.48,0.14,1000,"bu","09:19:11",152300
9.47,0.13,100,"sd","09:19:01",151300
9.47,0.13,1000,"bu","09:18:55",151200
9.46,0.12,1200,"bu","09:18:44",150200
9.45,0.11,600,"sd","09:18:40",149000
9.45,0.11,2300,"bu","09:18:37",148400
9.45,0.11,2700,"sd","09:18:35",146100
9.45,0.11,2300,"bu","09:18:29",143400
9.43,0.09,100,"sd","09:18:27",141100
9.45,0.11,30000,"bu","09:18:26",141000
9.43,0.09,1300,"bu","09:18:17",111000
9.42,0.08,2700,"bu","09:18:15",109700
9.42,0.08,100,"bu","09:18:13",107000
9.4,0.06,300,"bu","09:18:03",106900
9.4,0.06,2000,"bu","09:18:00",106600
9.4,0.06,1000,"bu","09:18:00",104600
9.4,0.06,9000,"bu","09:17:58",103600
9.4,0.06,21000,"bu","09:17:56",94600
9.4,0.06,10000,"bu","09:17:53",73600
9.4,0.06,12500,"bu","09:17:51",63600
9.39,0.05,900,"bu","09:17:39",51100
9.39,0.05,10000,"bu","09:17:35",50200
9.39,0.05,12000,"bu","09:17:22",40100
9.38,0.04,300,"bu","09:16:59",28100
9.38,0.04,2200,"sd","09:16:49",27800
9.38,0.04,3000,"sd","09:16:48",25600
9.38,0.04,200,"bu","09:16:39",22600
9.38,0.04,500,"bu","09:16:11",22400
9.37,0.03,100,"bu","09:15:31",21900
9.36,0.02,100,"sd","09:15:16",21800
9.37,0.03,5100,"bu","09:15:11",21700
9.37,0.03,2000,"bu","09:15:08",16600
9.36,0.02,14600,"","09:15:00",14600
