"price","change","match_qtty","side","time","total_vol"
7,0.1,24400,"","14:45:01",691800
7,0.1,1000,"bu","14:29:30",667400
7,0.1,10000,"bu","14:29:27",666400
7,0.1,200,"bu","14:28:37",656400
7,0.1,8000,"sd","14:28:26",656200
7,0.1,6500,"sd","14:28:07",648200
7,0.1,500,"sd","14:28:03",641700
7,0.1,2000,"sd","14:27:43",641200
7,0.1,1000,"sd","14:27:22",639200
7,0.1,26000,"sd","14:27:09",638200
7,0.1,1100,"sd","14:27:01",612200
7,0.1,79900,"sd","14:26:44",611100
7,0.1,200,"bu","14:26:36",531200
7,0.1,1000,"bu","14:25:10",531000
7,0.1,6000,"bu","14:24:37",530000
7,0.1,100,"bu","14:24:09",524000
7,0.1,5000,"bu","14:23:26",523900
7,0.1,700,"bu","14:23:03",518900
7,0.1,100,"bu","14:22:55",518200
6.9,0,7000,"sd","14:19:55",518100
6.9,0,100,"sd","14:19:27",511100
6.9,0,5000,"sd","14:16:35",511000
7,0.1,100,"bu","14:15:41",506000
7,0.1,1000,"bu","14:15:22",505900
7,0.1,100,"bu","14:15:19",504900
7,0.1,100,"bu","14:13:19",504800
7,0.1,100,"bu","14:12:01",504700
6.9,0,100,"sd","14:08:24",504600
7,0.1,1000,"bu","14:08:13",504500
7,0.1,3200,"bu","14:08:09",503500
7,0.1,50000,"bu","14:07:17",500300
7,0.1,500,"bu","14:05:09",450300
6.9,0,500,"sd","14:03:20",449800
7,0.1,100,"bu","14:02:15",449300
7,0.1,500,"bu","14:01:08",449200
7,0.1,100,"bu","13:57:34",448700
7,0.1,1000,"bu","13:56:11",448600
6.9,0,2000,"sd","13:55:57",447600
7,0.1,2000,"bu","13:55:50",445600
7,0.1,5000,"bu","13:54:44",443600
7,0.1,2500,"bu","13:54:35",438600
7,0.1,100,"bu","13:49:01",436100
6.9,0,10000,"sd","13:48:40",436000
6.9,0,4000,"sd","13:48:09",426000
6.9,0,500,"sd","13:46:58",422000
6.9,0,100,"sd","13:46:46",421500
6.9,0,800,"sd","13:46:08",421400
6.9,0,3700,"sd","13:43:22",420600
6.9,0,100,"sd","13:42:45",416900
7,0.1,500,"bu","13:42:36",416800
7,0.1,100,"bu","13:38:55",416300
7,0.1,5500,"bu","13:38:47",416200
6.9,0,3700,"sd","13:37:44",410700
6.9,0,10000,"sd","13:37:34",407000
6.9,0,100,"sd","13:36:40",397000
7,0.1,300,"bu","13:35:02",396900
7,0.1,1200,"bu","13:34:54",396600
7,0.1,4000,"bu","13:34:17",395400
6.9,0,1000,"sd","13:34:16",391400
7,0.1,600,"bu","13:32:28",390400
7,0.1,1000,"bu","13:30:49",389800
7,0.1,1300,"bu","13:24:34",388800
6.9,0,100,"sd","13:23:25",387500
6.9,0,100,"sd","13:23:20",387400
6.9,0,900,"sd","13:23:16",387300
6.9,0,3000,"sd","13:22:27",386400
6.9,0,7700,"sd","13:21:45",383400
6.9,0,3000,"sd","13:17:31",375700
6.9,0,1400,"sd","13:12:47",372700
6.9,0,1000,"sd","13:10:24",371300
6.9,0,3500,"sd","13:02:54",370300
6.9,0,100,"sd","13:02:43",366800
7,0.1,100,"bu","13:00:03",366700
7,0.1,1900,"bu","13:00:02",366600
7,0.1,100,"sd","11:29:36",364700
7,0.1,10000,"sd","11:27:42",364600
7,0.1,5000,"sd","11:27:08",354600
7,0.1,2000,"sd","11:26:47",349600
7,0.1,4000,"sd","11:26:27",347600
7,0.1,1000,"sd","11:26:25",343600
7,0.1,7700,"sd","11:26:08",342600
7,0.1,10000,"sd","11:26:00",334900
7,0.1,1000,"sd","11:24:42",324900
7,0.1,1500,"sd","11:22:05",323900
7,0.1,400,"sd","11:21:01",322400
7,0.1,10000,"sd","11:20:20",322000
7,0.1,10000,"sd","11:19:59",312000
7,0.1,2000,"sd","11:19:42",302000
7,0.1,4000,"sd","11:15:54",300000
7,0.1,2000,"sd","11:14:24",296000
7,0.1,200,"sd","11:14:01",294000
7,0.1,6500,"sd","11:13:00",293800
7,0.1,100,"sd","11:11:55",287300
7,0.1,5100,"sd","11:11:47",287200
7,0.1,3000,"sd","11:11:10",282100
7,0.1,1200,"sd","11:10:07",279100
7,0.1,1000,"sd","11:01:35",277900
7,0.1,1000,"sd","11:01:21",276900
7,0.1,200,"sd","10:57:31",275900
7,0.1,300,"sd","10:54:47",275700
7,0.1,10000,"sd","10:52:45",275400
7,0.1,10000,"sd","10:52:27",265400
7,0.1,10000,"sd","10:48:29",255400
7,0.1,10000,"sd","10:48:08",245400
7,0.1,2000,"sd","10:44:31",235400
7,0.1,500,"sd","10:38:38",233400
7,0.1,500,"sd","10:38:17",232900
7,0.1,400,"sd","10:37:52",232400
7,0.1,600,"sd","10:37:28",232000
7,0.1,600,"sd","10:37:01",231400
7,0.1,200,"sd","10:36:39",230800
7,0.1,300,"sd","10:36:26",230600
7,0.1,500,"sd","10:35:54",230300
7,0.1,200,"sd","10:35:35",229800
7,0.1,200,"sd","10:35:34",229600
7,0.1,100,"sd","10:35:30",229400
7,0.1,100,"sd","10:35:23",229300
7,0.1,100,"sd","10:35:12",229200
7,0.1,600,"sd","10:34:43",229100
7,0.1,400,"sd","10:34:11",228500
7,0.1,800,"sd","10:33:11",228100
7,0.1,2200,"sd","10:32:49",227300
7,0.1,100,"sd","10:31:21",225100
7,0.1,3000,"sd","10:31:14",225000
7,0.1,400,"sd","10:30:31",222000
7,0.1,1400,"sd","10:29:51",221600
7.1,0.2,700,"bu","10:24:05",220200
7.1,0.2,1000,"bu","10:20:02",219500
7.1,0.2,700,"bu","10:15:29",218500
7.1,0.2,100,"bu","10:11:05",217800
7,0.1,300,"sd","10:09:56",217700
7,0.1,500,"sd","10:09:20",217400
7,0.1,1600,"","10:08:48",216900
7,0.1,1000,"bu","10:08:42",215300
7,0.1,1000,"bu","10:08:20",214300
7,0.1,1000,"bu","10:08:12",213300
7,0.1,2000,"bu","10:08:03",212300
7,0.1,7000,"bu","10:07:58",210300
7,0.1,100,"bu","10:07:28",203300
7,0.1,700,"bu","10:06:58",203200
7,0.1,5000,"bu","10:06:35",202500
7,0.1,50000,"bu","10:06:00",197500
7,0.1,100,"bu","10:05:50",147500
7,0.1,4900,"bu","10:05:03",147400
7,0.1,5000,"bu","10:05:00",142500
7,0.1,8900,"bu","10:04:34",137500
7,0.1,200,"bu","10:02:54",128600
6.9,0,5000,"sd","09:57:09",128400
7,0.1,400,"bu","09:55:36",123400
6.9,0,900,"sd","09:50:20",123000
6.9,0,10000,"sd","09:48:06",122100
7,0.1,500,"bu","09:47:38",112100
6.9,0,20000,"sd","09:45:12",111600
6.9,0,1000,"sd","09:44:51",91600
6.9,0,18000,"sd","09:41:45",90600
7,0.1,100,"bu","09:41:41",72600
7,0.1,1000,"bu","09:36:04",72500
6.9,0,3000,"sd","09:35:44",71500
7,0.1,10000,"bu","09:34:27",68500
7,0.1,600,"bu","09:28:19",58500
6.9,0,900,"sd","09:24:52",57900
7,0.1,100,"bu","09:24:51",57000
7,0.1,5000,"bu","09:23:20",56900
7,0.1,2900,"","09:22:34",51900
7,0.1,4000,"bu","09:21:32",49000
7,0.1,700,"bu","09:20:04",45000
7,0.1,19000,"bu","09:19:34",44300
7,0.1,300,"bu","09:19:05",25300
7,0.1,900,"bu","09:16:46",25000
7,0.1,600,"bu","09:13:45",24100
7,0.1,23100,"bu","09:12:49",23500
7,0.1,300,"bu","09:12:37",400
7,0.1,100,"bu","09:07:32",100
