"price","change","match_qtty","side","time","total_vol"
20.2,0.15,100,"bu","14:29:34",751000
19.95,-0.1,1800,"bu","14:26:17",750900
19.95,-0.1,1500,"bu","14:26:09",749100
19.95,-0.1,1500,"bu","14:25:34",747600
19.95,-0.1,200,"bu","14:25:25",746100
19.9,-0.15,1400,"bu","14:25:25",745900
19.9,-0.15,3200,"bu","14:25:09",744500
19.95,-0.1,2900,"bu","14:24:59",741300
19.95,-0.1,1700,"bu","14:24:47",738400
19.95,-0.1,1800,"bu","14:24:28",736700
19.9,-0.15,300,"bu","14:24:28",734900
19.9,-0.15,3000,"bu","14:24:19",734600
19.9,-0.15,1900,"bu","14:24:08",731600
19.95,-0.1,2800,"bu","14:23:57",729700
19.95,-0.1,1300,"bu","14:23:42",726900
19.9,-0.15,800,"bu","14:23:42",725600
19.9,-0.15,2500,"bu","14:23:30",724800
19.9,-0.15,600,"sd","14:23:29",722300
19.95,-0.1,300,"sd","14:23:14",721700
19.95,-0.1,200,"bu","14:23:10",721400
19.95,-0.1,3900,"bu","14:23:03",721200
19.95,-0.1,3900,"bu","14:22:47",717300
19.95,-0.1,2100,"bu","14:22:39",713400
19.95,-0.1,1800,"bu","14:22:30",711300
19.95,-0.1,100,"sd","14:22:16",709500
19.95,-0.1,3400,"bu","14:22:12",709400
19.95,-0.1,3500,"bu","14:22:02",706000
19.95,-0.1,1900,"bu","14:21:53",702500
19.95,-0.1,2100,"bu","14:21:43",700600
19.95,-0.1,4200,"bu","14:21:35",698500
19.9,-0.15,800,"sd","14:21:02",694300
20.05,0,200,"sd","14:20:33",693500
20.1,0.05,3200,"bu","14:20:10",693300
20.1,0.05,2700,"bu","14:20:01",690100
20.1,0.05,1800,"bu","14:19:51",687400
20.05,0,700,"bu","14:19:39",685600
20.05,0,2900,"bu","14:19:31",684900
20.05,0,1400,"bu","14:19:17",682000
20.05,0,2700,"bu","14:19:07",680600
20.05,0,100,"bu","14:18:10",677900
20.05,0,1500,"bu","14:18:00",677800
20.05,0,100,"bu","14:17:39",676300
20,-0.05,4600,"bu","14:17:28",675400
20,-0.05,3800,"bu","14:17:12",670800
20,-0.05,100,"sd","14:16:59",667000
20,-0.05,3900,"bu","14:16:42",666900
20,-0.05,3100,"bu","14:16:29",663000
20,-0.05,2400,"bu","14:16:17",659900
20,-0.05,2800,"bu","14:16:09",657500
20,-0.05,3600,"bu","14:16:01",654700
20.05,0,100,"bu","14:15:26",651100
20,-0.05,900,"bu","14:15:26",651000
20,-0.05,3200,"bu","14:15:09",650100
19.95,-0.1,100,"sd","14:15:01",646900
20,-0.05,2900,"bu","14:14:58",646800
19.95,-0.1,3000,"bu","14:14:47",643900
19.9,-0.15,900,"bu","14:14:47",640900
19.9,-0.15,3700,"bu","14:14:35",640000
19.9,-0.15,2900,"bu","14:14:16",636300
19.95,-0.1,4000,"bu","14:13:34",633400
19.95,-0.1,4500,"bu","14:13:14",629400
19.95,-0.1,2600,"bu","14:13:06",624900
19.95,-0.1,100,"sd","14:12:55",622300
20,-0.05,1600,"bu","14:12:19",622200
20,-0.05,2900,"bu","14:12:06",620600
20,-0.05,1800,"bu","14:11:57",617700
19.95,-0.1,4000,"bu","14:11:48",615900
19.9,-0.15,200,"bu","14:11:48",611900
19.9,-0.15,1500,"bu","14:11:28",611700
19.9,-0.15,5100,"bu","14:11:18",610200
19.95,-0.1,1200,"bu","14:10:32",605100
19.95,-0.1,1600,"bu","14:10:18",603900
19.9,-0.15,1100,"bu","14:10:18",602300
19.9,-0.15,2100,"bu","14:10:02",601200
19.9,-0.15,3500,"bu","14:09:47",599100
19.9,-0.15,2900,"bu","14:09:40",595600
19.95,-0.1,1600,"bu","14:08:48",592700
19.95,-0.1,3200,"bu","14:08:36",591100
19.95,-0.1,4100,"bu","14:08:15",587900
20,-0.05,1700,"bu","14:07:33",583800
20,-0.05,2500,"bu","14:07:20",582100
20,-0.05,100,"bu","14:06:53",579600
19.9,-0.15,1600,"bu","14:06:53",579500
19.9,-0.15,800,"bu","14:06:19",577900
19.9,-0.15,4800,"bu","14:06:12",577100
19.95,-0.1,2400,"bu","14:04:32",572300
19.95,-0.1,300,"sd","14:04:10",569900
20,-0.05,2100,"bu","14:03:37",569600
20,-0.05,1500,"bu","14:03:07",567500
20,-0.05,800,"bu","14:02:30",566000
20,-0.05,2700,"bu","14:02:29",565200
19.95,-0.1,3800,"bu","14:02:11",562500
19.9,-0.15,100,"bu","14:02:11",558700
19.9,-0.15,1000,"bu","14:00:27",558600
19.9,-0.15,2000,"bu","13:58:42",557600
19.9,-0.15,400,"bu","13:57:41",555600
19.9,-0.15,4000,"bu","13:57:20",555200
19.95,-0.1,2200,"bu","13:55:50",551200
19.95,-0.1,2500,"bu","13:55:12",549000
19.95,-0.1,200,"sd","13:55:08",546500
20,-0.05,500,"bu","13:54:40",546300
20,-0.05,6000,"bu","13:54:26",545800
20,-0.05,2000,"bu","13:54:02",539800
19.95,-0.1,4700,"bu","13:53:50",537800
19.9,-0.15,400,"bu","13:53:50",533100
19.9,-0.15,2200,"bu","13:53:15",532700
19.9,-0.15,2000,"bu","13:52:22",530500
19.9,-0.15,2000,"bu","13:52:04",528500
19.85,-0.2,3400,"bu","13:51:53",526500
19.8,-0.25,1200,"bu","13:51:53",523100
19.8,-0.25,3200,"bu","13:51:22",521900
19.85,-0.2,900,"bu","13:50:53",518700
19.85,-0.2,3000,"bu","13:50:27",517800
19.8,-0.25,600,"bu","13:50:27",514800
19.8,-0.25,2000,"bu","13:49:48",514200
19.8,-0.25,3200,"bu","13:49:26",512200
19.85,-0.2,3200,"bu","13:49:04",509000
19.85,-0.2,1600,"bu","13:48:50",505800
19.9,-0.15,1900,"bu","13:48:11",504200
19.9,-0.15,3000,"bu","13:47:35",502300
19.85,-0.2,100,"sd","13:47:35",499300
19.85,-0.2,4400,"bu","13:47:24",499200
19.8,-0.25,200,"bu","13:47:24",494800
19.8,-0.25,2400,"bu","13:46:39",494600
19.8,-0.25,3200,"bu","13:46:27",492200
19.8,-0.25,300,"bu","13:46:01",489000
19.85,-0.2,2700,"bu","13:45:54",488700
19.85,-0.2,1600,"bu","13:45:32",486000
19.9,-0.15,1200,"bu","13:44:56",484400
19.75,-0.3,500,"sd","13:44:40",483200
19.9,-0.15,3500,"bu","13:44:34",482700
19.95,-0.1,6000,"bu","13:44:08",479200
19.9,-0.15,100,"sd","13:43:53",473200
19.9,-0.15,2400,"bu","13:43:43",473100
19.85,-0.2,3600,"bu","13:43:43",470700
19.8,-0.25,300,"bu","13:43:43",467100
19.8,-0.25,1200,"bu","13:43:11",466800
19.8,-0.25,3300,"bu","13:42:54",465600
19.8,-0.25,400,"bu","13:42:19",462300
19.85,-0.2,4000,"bu","13:41:57",461900
19.85,-0.2,600,"bu","13:39:26",457900
19.85,-0.2,4000,"bu","13:38:52",457300
19.95,-0.1,4600,"bu","13:38:17",453300
19.9,-0.15,100,"sd","13:38:00",448700
19.9,-0.15,4200,"bu","13:37:57",448600
19.85,-0.2,1500,"bu","13:37:57",444400
19.8,-0.25,200,"bu","13:37:57",442900
19.8,-0.25,2800,"bu","13:37:25",442700
19.8,-0.25,800,"sd","13:36:58",439900
19.85,-0.2,3000,"bu","13:35:44",439100
19.85,-0.2,1500,"bu","13:35:23",436100
19.9,-0.15,1100,"bu","13:34:19",434600
19.9,-0.15,4500,"bu","13:33:57",433500
19.9,-0.15,100,"sd","13:33:11",429000
19.95,-0.1,1300,"bu","13:33:02",428900
19.9,-0.15,4500,"bu","13:32:40",427600
19.85,-0.2,200,"bu","13:32:40",423100
19.85,-0.2,2000,"bu","13:32:18",422900
19.85,-0.2,1500,"bu","13:31:47",420900
19.85,-0.2,3500,"bu","13:31:18",419400
19.9,-0.15,3200,"bu","13:30:55",415900
19.9,-0.15,1800,"bu","13:30:38",412700
19.9,-0.15,2000,"bu","13:30:05",410900
19.9,-0.15,300,"sd","13:30:02",408900
19.95,-0.1,2500,"bu","13:29:42",408600
19.95,-0.1,400,"bu","13:29:12",406100
19.95,-0.1,2400,"bu","13:29:11",405700
19.9,-0.15,200,"sd","13:28:47",403300
19.9,-0.15,4400,"bu","13:28:45",403100
19.85,-0.2,300,"bu","13:28:45",398700
19.85,-0.2,700,"bu","13:28:10",398400
19.85,-0.2,4600,"bu","13:27:50",397700
19.8,-0.25,700,"sd","13:27:25",393100
19.9,-0.15,200,"bu","13:27:15",392400
19.9,-0.15,4000,"bu","13:26:59",392200
19.95,-0.1,3300,"bu","13:25:54",388200
19.95,-0.1,200,"sd","13:25:40",384900
20,-0.05,500,"bu","13:25:34",384700
20,-0.05,2600,"bu","13:25:11",384200
19.95,-0.1,4400,"bu","13:24:15",381600
19.85,-0.2,400,"bu","13:24:15",377200
19.85,-0.2,3200,"bu","13:23:43",376800
19.85,-0.2,3000,"bu","13:23:25",373600
19.9,-0.15,700,"bu","13:22:38",370600
19.9,-0.15,2500,"bu","13:22:18",369900
19.75,-0.3,1000,"sd","13:20:20",367400
19.95,-0.1,3300,"bu","13:20:01",366400
19.95,-0.1,500,"bu","13:19:45",363100
19.8,-0.25,1500,"sd","13:19:25",362600
19.9,-0.15,1200,"sd","13:18:51",361100
20.05,0,3500,"bu","13:18:27",359900
20,-0.05,1300,"sd","13:18:10",356400
20.1,0.05,4000,"bu","13:17:47",355100
20.1,0.05,500,"sd","13:17:21",351100
20.1,0.05,3300,"bu","13:17:17",350600
20.1,0.05,600,"bu","13:17:16",347300
20.05,0,400,"bu","13:17:16",346700
20.05,0,1600,"bu","13:16:58",346300
20.05,0,2000,"bu","13:16:43",344700
20.05,0,2000,"bu","13:16:19",342700
20.1,0.05,2900,"bu","13:15:46",340700
20.05,0,3100,"bu","13:15:46",337800
20.05,0,1800,"bu","13:15:23",334700
20.05,0,400,"sd","13:14:53",332900
20.1,0.05,3500,"bu","13:14:37",332500
20.05,0,1600,"bu","13:13:49",329000
20.05,0,2800,"bu","13:13:30",327400
20.1,0.05,2000,"bu","13:12:13",324600
20.1,0.05,1300,"bu","13:11:32",322600
20.1,0.05,300,"bu","13:10:50",321300
20.05,0,3200,"bu","13:10:50",321000
20,-0.05,3900,"bu","13:09:49",317800
19.95,-0.1,500,"bu","13:09:49",313900
19.95,-0.1,2800,"bu","13:09:18",313400
19.95,-0.1,1600,"bu","13:08:41",310600
20,-0.05,1800,"bu","13:07:05",309000
20,-0.05,3500,"bu","13:06:47",307200
20,-0.05,1000,"bu","13:06:27",303700
20,-0.05,500,"bu","13:05:28",302700
20.05,0,500,"bu","13:05:07",302200
20.05,0,3100,"bu","13:04:20",301700
20,-0.05,3200,"bu","13:04:20",298600
19.95,-0.1,400,"bu","13:04:20",295400
19.95,-0.1,3000,"bu","13:03:32",295000
19.95,-0.1,1600,"bu","13:02:53",292000
19.95,-0.1,1100,"bu","13:01:51",290400
19.95,-0.1,500,"sd","13:01:34",289300
20,-0.05,2000,"bu","13:00:56",288800
19.95,-0.1,3600,"bu","11:29:27",286800
19.9,-0.15,1000,"sd","11:29:25",283200
19.9,-0.15,2400,"bu","11:29:16",282200
19.75,-0.3,800,"bu","11:28:45",279800
19.75,-0.3,1500,"bu","11:28:00",279000
19.65,-0.4,400,"sd","11:26:51",277500
19.75,-0.3,200,"bu","11:25:13",277100
19.75,-0.3,1600,"bu","11:24:08",276900
19.75,-0.3,2000,"bu","11:23:05",275300
19.75,-0.3,600,"bu","11:22:26",273300
19.7,-0.35,300,"sd","11:21:39",272700
19.8,-0.25,2300,"bu","11:20:02",272400
19.8,-0.25,500,"bu","11:18:17",270100
19.85,-0.2,1100,"bu","11:16:26",269600
19.85,-0.2,1200,"bu","11:15:17",268500
19.8,-0.25,200,"sd","11:14:29",267300
19.8,-0.25,2800,"bu","11:14:06",267100
19.75,-0.3,1700,"bu","11:14:06",264300
19.7,-0.35,100,"bu","11:14:06",262600
19.7,-0.35,1000,"bu","11:13:28",262500
19.7,-0.35,1000,"bu","11:12:43",261500
19.7,-0.35,400,"bu","11:12:20",260500
19.7,-0.35,1800,"bu","11:12:06",260100
19.7,-0.35,400,"sd","11:10:38",258300
19.75,-0.3,1800,"bu","11:10:37",257900
19.7,-0.35,3100,"bu","11:09:23",256100
19.65,-0.4,1100,"bu","11:09:23",253000
19.6,-0.45,800,"bu","11:09:23",251900
19.6,-0.45,2600,"bu","11:08:25",251100
19.6,-0.45,2500,"bu","11:07:50",248500
19.6,-0.45,2300,"bu","11:06:49",246000
19.6,-0.45,1000,"bu","11:06:21",243700
19.6,-0.45,3000,"bu","11:06:04",242700
19.55,-0.5,1900,"sd","11:04:17",239700
19.65,-0.4,500,"bu","11:02:07",237800
19.65,-0.4,100,"bu","11:01:04",237300
19.6,-0.45,200,"sd","11:00:44",237200
19.65,-0.4,3000,"bu","11:00:40",237000
19.6,-0.45,1300,"sd","11:00:08",234000
19.65,-0.4,1200,"bu","10:59:38",232700
19.65,-0.4,100,"sd","10:58:00",231500
19.7,-0.35,1200,"bu","10:57:46",231400
19.7,-0.35,3000,"bu","10:57:33",230200
19.75,-0.3,100,"bu","10:54:08",227200
19.75,-0.3,3800,"bu","10:53:55",227100
19.75,-0.3,500,"bu","10:53:25",223300
19.8,-0.25,2000,"bu","10:49:18",222800
19.8,-0.25,1100,"bu","10:47:55",220800
19.8,-0.25,400,"bu","10:47:22",219700
19.8,-0.25,300,"bu","10:46:45",219300
19.8,-0.25,1500,"bu","10:45:08",219000
19.95,-0.1,1000,"bu","10:40:41",217500
19.95,-0.1,1400,"bu","10:40:17",216500
19.9,-0.15,1800,"bu","10:40:17",215100
19.8,-0.25,2300,"bu","10:40:17",213300
19.7,-0.35,1700,"bu","10:40:17",211000
19.6,-0.45,1300,"bu","10:40:17",209300
19.6,-0.45,2500,"bu","10:39:30",208000
19.6,-0.45,4600,"bu","10:39:04",205500
19.65,-0.4,3300,"bu","10:38:16",200900
19.65,-0.4,1600,"bu","10:37:55",197600
19.6,-0.45,3500,"bu","10:37:05",196000
19.6,-0.45,2600,"sd","10:36:43",192500
19.65,-0.4,300,"bu","10:34:42",189900
19.65,-0.4,500,"bu","10:34:29",189600
19.65,-0.4,2500,"bu","10:32:44",189100
19.65,-0.4,400,"bu","10:31:43",186600
19.7,-0.35,1500,"bu","10:30:30",186200
19.7,-0.35,2000,"bu","10:30:06",184700
19.7,-0.35,1500,"bu","10:29:12",182700
19.7,-0.35,2200,"bu","10:28:48",181200
19.65,-0.4,700,"sd","10:28:20",179000
19.7,-0.35,400,"bu","10:28:13",178300
19.9,-0.15,1500,"bu","10:23:50",177900
19.85,-0.2,2200,"bu","10:23:50",176400
19.8,-0.25,2000,"bu","10:23:50",174200
19.75,-0.3,1100,"bu","10:23:50",172200
19.6,-0.45,3200,"bu","10:23:16",170300
19.6,-0.45,300,"sd","10:23:01",167100
19.65,-0.4,200,"bu","10:22:38",166800
19.6,-0.45,1500,"sd","10:22:25",165000
19.65,-0.4,2300,"sd","10:21:32",163500
19.7,-0.35,1800,"bu","10:20:19",161200
19.7,-0.35,1000,"bu","10:19:53",159400
19.7,-0.35,1500,"sd","10:18:27",158400
19.75,-0.3,400,"bu","10:17:42",156900
19.75,-0.3,2500,"bu","10:16:59",156500
19.75,-0.3,1200,"bu","10:16:35",154000
19.8,-0.25,100,"bu","10:14:14",152800
19.8,-0.25,2300,"bu","10:13:59",152700
19.8,-0.25,2000,"bu","10:13:23",150400
19.75,-0.3,700,"sd","10:13:00",148400
19.95,-0.1,500,"bu","10:11:46",147700
19.95,-0.1,2600,"bu","10:11:28",147200
19.85,-0.2,1600,"bu","10:11:28",144600
19.75,-0.3,400,"bu","10:11:28",143000
19.75,-0.3,2500,"bu","10:11:02",142600
19.75,-0.3,1000,"bu","10:10:36",140100
19.8,-0.25,1000,"bu","10:08:17",139100
19.8,-0.25,800,"bu","10:06:44",138100
19.8,-0.25,3000,"bu","10:06:18",137300
19.85,-0.2,1500,"bu","10:03:11",134300
19.85,-0.2,1000,"bu","10:01:44",132800
19.85,-0.2,1000,"bu","10:01:04",131800
19.85,-0.2,2300,"bu","10:00:47",130800
20.05,0,100,"bu","09:58:40",128500
20,-0.05,3400,"bu","09:58:40",128400
19.95,-0.1,2400,"bu","09:58:39",125000
19.85,-0.2,2000,"bu","09:58:39",122600
19.75,-0.3,700,"bu","09:55:18",120400
19.75,-0.3,3000,"bu","09:54:57",119700
19.75,-0.3,800,"bu","09:54:40",116700
19.75,-0.3,1100,"sd","09:53:44",115900
19.8,-0.25,100,"bu","09:53:09",114800
19.8,-0.25,3600,"bu","09:52:59",114700
19.8,-0.25,1000,"bu","09:52:40",111100
19.85,-0.2,3500,"bu","09:50:22",110100
19.85,-0.2,700,"bu","09:49:27",106600
19.85,-0.2,2000,"bu","09:49:02",105900
19.9,-0.15,500,"bu","09:47:14",103900
19.9,-0.15,200,"bu","09:46:58",103400
19.9,-0.15,3300,"bu","09:46:50",103200
19.9,-0.15,1600,"bu","09:46:30",99900
19.9,-0.15,1500,"bu","09:45:51",98300
19.85,-0.2,400,"sd","09:44:42",96800
20,-0.05,1100,"bu","09:43:18",96400
19.95,-0.1,3900,"bu","09:43:18",95300
19.9,-0.15,2200,"bu","09:43:18",91400
19.7,-0.35,300,"bu","09:43:18",87200
19.7,-0.35,600,"bu","09:42:13",86900
19.7,-0.35,5200,"bu","09:41:28",86300
19.7,-0.35,1900,"sd","09:40:59",81100
19.75,-0.3,100,"bu","09:39:59",79200
19.75,-0.3,2900,"bu","09:39:46",79100
19.75,-0.3,1600,"bu","09:39:17",76200
19.75,-0.3,1200,"sd","09:38:50",74600
19.8,-0.25,300,"bu","09:38:22",73400
19.8,-0.25,300,"bu","09:38:10",73100
19.8,-0.25,4000,"bu","09:37:50",72800
19.75,-0.3,1300,"sd","09:36:39",68800
19.8,-0.25,1300,"sd","09:36:39",67500
19.85,-0.2,1000,"sd","09:36:20",66200
19.9,-0.15,500,"sd","09:35:42",65200
20,-0.05,300,"bu","09:35:08",64700
20,-0.05,500,"bu","09:34:36",64400
20,-0.05,4600,"bu","09:34:24",63900
20.05,0,1700,"bu","09:33:46",59300
20,-0.05,2100,"bu","09:33:46",57600
19.95,-0.1,1100,"bu","09:33:46",55500
19.9,-0.15,2300,"bu","09:33:46",54400
19.8,-0.25,1300,"bu","09:33:46",52100
19.8,-0.25,1000,"bu","09:33:01",50800
19.8,-0.25,1900,"bu","09:32:40",49800
19.8,-0.25,1800,"sd","09:32:18",47900
19.85,-0.2,3300,"bu","09:31:13",46100
19.85,-0.2,1000,"bu","09:29:14",42800
19.85,-0.2,1000,"sd","09:28:27",41800
19.95,-0.1,4000,"bu","09:26:10",40800
20,-0.05,100,"bu","09:25:48",36800
20,-0.05,700,"bu","09:25:38",36700
20,-0.05,1900,"bu","09:24:57",36000
19.95,-0.1,2800,"bu","09:24:57",34100
19.9,-0.15,2400,"bu","09:24:57",31300
19.85,-0.2,400,"bu","09:24:56",28900
19.85,-0.2,800,"bu","09:24:14",28500
19.85,-0.2,2600,"bu","09:23:51",27700
19.85,-0.2,3600,"bu","09:23:23",25100
19.85,-0.2,2100,"sd","09:21:53",21500
19.9,-0.15,2000,"bu","09:21:28",19400
19.9,-0.15,1000,"bu","09:21:02",17400
19.9,-0.15,100,"sd","09:20:37",16400
19.9,-0.15,400,"bu","09:20:36",16300
19.9,-0.15,2500,"bu","09:20:34",15900
19.9,-0.15,1600,"sd","09:20:02",13400
19.95,-0.1,100,"bu","09:19:35",11800
19.95,-0.1,3000,"bu","09:19:17",11700
19.95,-0.1,1000,"bu","09:18:32",8700
20,-0.05,1200,"bu","09:17:01",7700
20,-0.05,2600,"bu","09:16:32",6500
19.95,-0.1,1600,"sd","09:16:12",3900
20,-0.05,1300,"sd","09:15:22",2300
20.05,0,1000,"","09:15:02",1000
