"price","change","match_qtty","side","time","total_vol"
7.74,0.5,3400,"","14:45:02",4911300
7.74,0.5,1200,"sd","14:28:47",4907900
7.74,0.5,100,"sd","14:25:33",4906700
7.74,0.5,500,"sd","14:20:53",4906600
7.74,0.5,100,"sd","14:20:21",4906100
7.74,0.5,500,"sd","14:20:17",4906000
7.74,0.5,1500,"sd","14:17:18",4905500
7.74,0.5,100,"sd","14:17:06",4904000
7.74,0.5,500,"sd","14:13:43",4903900
7.74,0.5,2500,"sd","14:13:27",4903400
7.74,0.5,3200,"sd","14:11:36",4900900
7.74,0.5,300,"sd","14:11:32",4897700
7.74,0.5,300,"sd","14:11:11",4897400
7.74,0.5,100,"sd","14:09:04",4897100
7.74,0.5,1000,"sd","14:08:31",4897000
7.74,0.5,800,"sd","14:08:02",4896000
7.74,0.5,1600,"sd","14:07:51",4895200
7.74,0.5,200,"sd","14:07:15",4893600
7.74,0.5,100,"sd","14:07:11",4893400
7.74,0.5,400,"sd","14:06:01",4893300
7.74,0.5,400,"sd","14:00:29",4892900
7.74,0.5,100,"sd","13:58:01",4892500
7.74,0.5,300,"sd","13:56:05",4892400
7.74,0.5,100,"sd","13:52:11",4892100
7.74,0.5,200,"sd","13:47:46",4892000
7.74,0.5,100,"sd","13:47:33",4891800
7.74,0.5,12000,"sd","13:47:25",4891700
7.74,0.5,9000,"sd","13:45:54",4879700
7.74,0.5,100,"sd","13:44:05",4870700
7.74,0.5,500,"sd","13:43:47",4870600
7.74,0.5,1000,"sd","13:43:34",4870100
7.74,0.5,700,"sd","13:43:07",4869100
7.74,0.5,1000,"sd","13:43:02",4868400
7.74,0.5,1000,"sd","13:41:43",4867400
7.74,0.5,100,"sd","13:41:40",4866400
7.74,0.5,3100,"sd","13:41:17",4866300
7.74,0.5,1300,"sd","13:40:43",4863200
7.74,0.5,200,"sd","13:40:02",4861900
7.74,0.5,2000,"sd","13:39:31",4861700
7.74,0.5,100,"sd","13:38:21",4859700
7.74,0.5,300,"sd","13:38:19",4859600
7.74,0.5,500,"sd","13:37:17",4859300
7.74,0.5,1000,"sd","13:36:20",4858800
7.74,0.5,100,"sd","13:35:33",4857800
7.74,0.5,20000,"sd","13:34:13",4857700
7.74,0.5,700,"sd","13:33:35",4837700
7.74,0.5,1600,"sd","13:32:30",4837000
7.74,0.5,1000,"sd","13:32:28",4835400
7.74,0.5,100,"sd","13:32:13",4834400
7.74,0.5,200,"sd","13:29:37",4834300
7.74,0.5,5000,"sd","13:27:33",4834100
7.74,0.5,1000,"sd","13:26:55",4829100
7.74,0.5,200,"sd","13:26:41",4828100
7.74,0.5,100,"sd","13:25:55",4827900
7.74,0.5,300,"sd","13:25:45",4827800
7.74,0.5,10400,"sd","13:25:40",4827500
7.74,0.5,100,"sd","13:23:26",4817100
7.74,0.5,1000,"sd","13:23:19",4817000
7.74,0.5,100,"sd","13:22:58",4816000
7.74,0.5,3000,"sd","13:22:49",4815900
7.74,0.5,100,"sd","13:22:10",4812900
7.74,0.5,300,"sd","13:21:34",4812800
7.74,0.5,5000,"sd","13:21:17",4812500
7.74,0.5,100,"sd","13:19:36",4807500
7.74,0.5,400,"sd","13:19:35",4807400
7.74,0.5,200,"sd","13:19:07",4807000
7.74,0.5,1300,"sd","13:18:54",4806800
7.74,0.5,30000,"sd","13:17:27",4805500
7.74,0.5,1200,"sd","13:17:25",4775500
7.74,0.5,200,"sd","13:16:29",4774300
7.74,0.5,1300,"sd","13:12:34",4774100
7.74,0.5,100,"sd","13:10:50",4772800
7.74,0.5,2300,"sd","13:10:42",4772700
7.74,0.5,1000,"sd","13:10:17",4770400
7.74,0.5,200,"sd","13:10:05",4769400
7.74,0.5,100,"sd","13:09:26",4769200
7.74,0.5,100,"sd","13:08:14",4769100
7.74,0.5,1100,"sd","13:08:08",4769000
7.74,0.5,100,"sd","13:07:48",4767900
7.74,0.5,100,"sd","13:07:23",4767800
7.74,0.5,100,"sd","13:07:12",4767700
7.74,0.5,100,"sd","13:06:31",4767600
7.74,0.5,20000,"sd","13:06:13",4767500
7.74,0.5,1400,"sd","13:05:37",4747500
7.74,0.5,200,"sd","13:04:53",4746100
7.74,0.5,3000,"sd","13:03:39",4745900
7.74,0.5,1000,"sd","13:03:31",4742900
7.74,0.5,2000,"sd","13:03:23",4741900
7.74,0.5,1000,"sd","13:03:05",4739900
7.74,0.5,500,"sd","13:02:55",4738900
7.74,0.5,200,"sd","13:02:32",4738400
7.74,0.5,2000,"sd","13:02:13",4738200
7.74,0.5,2000,"sd","13:02:03",4736200
7.74,0.5,9900,"sd","13:02:00",4734200
7.74,0.5,100,"sd","13:01:55",4724300
7.74,0.5,100,"sd","13:01:53",4724200
7.74,0.5,400,"sd","13:01:35",4724100
7.74,0.5,2000,"sd","13:01:06",4723700
7.74,0.5,1400,"sd","13:01:00",4721700
7.74,0.5,2300,"sd","13:00:31",4720300
7.74,0.5,200,"sd","13:00:30",4718000
7.74,0.5,1100,"sd","13:00:26",4717800
7.74,0.5,1200,"sd","13:00:23",4716700
7.74,0.5,800,"sd","13:00:23",4715500
7.74,0.5,3500,"sd","13:00:19",4714700
7.74,0.5,2600,"sd","13:00:19",4711200
7.74,0.5,1300,"sd","13:00:18",4708600
7.74,0.5,600,"sd","13:00:16",4707300
7.74,0.5,2000,"sd","13:00:15",4706700
7.74,0.5,500,"sd","13:00:13",4704700
7.74,0.5,100,"sd","13:00:11",4704200
7.74,0.5,500,"sd","13:00:08",4704100
7.74,0.5,10000,"sd","13:00:06",4703600
7.74,0.5,3100,"sd","13:00:05",4693600
7.74,0.5,100,"sd","13:00:04",4690500
7.74,0.5,500,"sd","13:00:04",4690400
7.74,0.5,46500,"sd","13:00:02",4688900
7.74,0.5,2400,"sd","13:00:01",4642400
7.74,0.5,66000,"sd","13:00:00",4640000
7.74,0.5,5100,"sd","11:29:31",4574000
7.74,0.5,1000,"sd","11:28:42",4568900
7.74,0.5,200,"sd","11:28:13",4567900
7.74,0.5,100,"sd","11:26:56",4567700
7.74,0.5,1000,"sd","11:26:54",4567600
7.74,0.5,300,"sd","11:26:29",4566600
7.74,0.5,100,"sd","11:26:22",4566300
7.74,0.5,1500,"sd","11:26:04",4566200
7.74,0.5,100,"sd","11:23:44",4564700
7.74,0.5,500,"sd","11:23:23",4564600
7.74,0.5,1000,"sd","11:21:37",4564100
7.74,0.5,100,"sd","11:21:35",4563100
7.74,0.5,1400,"sd","11:21:25",4563000
7.74,0.5,100,"sd","11:21:20",4561600
7.74,0.5,500,"sd","11:21:11",4561500
7.74,0.5,1000,"sd","11:20:54",4561000
7.74,0.5,300,"sd","11:20:44",4560000
7.74,0.5,700,"sd","11:20:39",4559700
7.74,0.5,800,"sd","11:19:45",4559000
7.74,0.5,100,"sd","11:19:02",4558200
7.74,0.5,1200,"sd","11:18:45",4558100
7.74,0.5,600,"sd","11:17:59",4556900
7.74,0.5,300,"sd","11:17:55",4556300
7.74,0.5,1000,"sd","11:17:13",4556000
7.74,0.5,100,"sd","11:16:54",4555000
7.74,0.5,1000,"sd","11:14:19",4554900
7.74,0.5,500,"sd","11:14:01",4553900
7.74,0.5,100,"sd","11:12:23",4553400
7.74,0.5,1000,"sd","11:11:38",4553300
7.74,0.5,100,"sd","11:11:13",4552300
7.74,0.5,200,"sd","11:09:54",4552200
7.74,0.5,500,"sd","11:08:57",4552000
7.74,0.5,1100,"sd","11:08:45",4551500
7.74,0.5,8000,"sd","11:08:38",4550400
7.74,0.5,1000,"sd","11:07:29",4542400
7.74,0.5,100,"sd","11:06:27",4541400
7.74,0.5,1000,"sd","11:05:59",4541300
7.74,0.5,100,"sd","11:04:44",4540300
7.74,0.5,1000,"sd","11:04:25",4540200
7.74,0.5,31100,"sd","11:04:04",4539200
7.74,0.5,8000,"sd","11:03:29",4508100
7.74,0.5,100,"sd","11:00:55",4500100
7.74,0.5,100,"sd","11:00:17",4500000
7.74,0.5,2000,"sd","10:58:53",4499900
7.74,0.5,100,"sd","10:58:23",4497900
7.74,0.5,100,"sd","10:58:12",4497800
7.74,0.5,300,"sd","10:57:33",4497700
7.74,0.5,13000,"sd","10:57:24",4497400
7.74,0.5,100,"sd","10:55:25",4484400
7.74,0.5,400,"sd","10:55:22",4484300
7.74,0.5,100,"sd","10:55:06",4483900
7.74,0.5,3000,"sd","10:53:53",4483800
7.74,0.5,4000,"sd","10:53:22",4480800
7.74,0.5,100,"sd","10:52:42",4476800
7.74,0.5,500,"sd","10:51:49",4476700
7.74,0.5,1000,"sd","10:50:20",4476200
7.74,0.5,100,"sd","10:50:16",4475200
7.74,0.5,700,"sd","10:49:56",4475100
7.74,0.5,100,"sd","10:49:55",4474400
7.74,0.5,500,"sd","10:49:36",4474300
7.74,0.5,500,"sd","10:49:32",4473800
7.74,0.5,200,"sd","10:48:44",4473300
7.74,0.5,100,"sd","10:48:34",4473100
7.74,0.5,100,"sd","10:48:30",4473000
7.74,0.5,3000,"sd","10:48:18",4472900
7.74,0.5,800,"sd","10:47:55",4469900
7.74,0.5,2000,"sd","10:47:46",4469100
7.74,0.5,100,"sd","10:47:31",4467100
7.74,0.5,200,"sd","10:46:45",4467000
7.74,0.5,200,"sd","10:46:17",4466800
7.74,0.5,100,"sd","10:46:11",4466600
7.74,0.5,500,"sd","10:45:53",4466500
7.74,0.5,600,"sd","10:45:27",4466000
7.74,0.5,200,"sd","10:45:03",4465400
7.74,0.5,100,"sd","10:44:30",4465200
7.74,0.5,1000,"sd","10:43:52",4465100
7.74,0.5,200,"sd","10:43:36",4464100
7.74,0.5,100,"sd","10:43:28",4463900
7.74,0.5,200,"sd","10:43:22",4463800
7.74,0.5,4100,"sd","10:42:19",4463600
7.74,0.5,2200,"sd","10:42:18",4459500
7.74,0.5,1000,"sd","10:41:29",4457300
7.74,0.5,300,"sd","10:41:11",4456300
7.74,0.5,100,"sd","10:40:53",4456000
7.74,0.5,400,"sd","10:40:34",4455900
7.74,0.5,100,"sd","10:40:27",4455500
7.74,0.5,200,"sd","10:40:16",4455400
7.74,0.5,1000,"sd","10:40:15",4455200
7.74,0.5,300,"sd","10:40:05",4454200
7.74,0.5,2500,"sd","10:40:02",4453900
7.74,0.5,400,"sd","10:39:58",4451400
7.74,0.5,1000,"sd","10:39:44",4451000
7.74,0.5,9200,"sd","10:39:29",4450000
7.74,0.5,500,"sd","10:39:02",4440800
7.74,0.5,500,"sd","10:38:09",4440300
7.74,0.5,400,"sd","10:37:33",4439800
7.74,0.5,500,"sd","10:36:57",4439400
7.74,0.5,900,"sd","10:36:16",4438900
7.74,0.5,2800,"sd","10:35:33",4438000
7.74,0.5,300,"sd","10:35:20",4435200
7.74,0.5,100,"sd","10:35:12",4434900
7.74,0.5,13700,"sd","10:34:44",4434800
7.74,0.5,1000,"sd","10:34:29",4421100
7.74,0.5,5400,"sd","10:33:24",4420100
7.74,0.5,1700,"sd","10:33:14",4414700
7.74,0.5,600,"sd","10:32:52",4413000
7.74,0.5,5000,"sd","10:32:13",4412400
7.74,0.5,1100,"sd","10:31:52",4407400
7.74,0.5,100,"sd","10:31:43",4406300
7.74,0.5,500,"sd","10:31:34",4406200
7.74,0.5,100,"sd","10:31:14",4405700
7.74,0.5,1000,"sd","10:31:13",4405600
7.74,0.5,1000,"sd","10:30:57",4404600
7.74,0.5,4300,"sd","10:29:40",4403600
7.74,0.5,1000,"sd","10:29:17",4399300
7.74,0.5,700,"sd","10:28:46",4398300
7.74,0.5,500,"sd","10:28:44",4397600
7.74,0.5,100,"sd","10:28:26",4397100
7.74,0.5,100,"sd","10:28:10",4397000
7.74,0.5,10000,"sd","10:27:47",4396900
7.74,0.5,300,"sd","10:27:44",4386900
7.74,0.5,4500,"sd","10:27:24",4386600
7.74,0.5,100,"sd","10:26:54",4382100
7.74,0.5,1100,"sd","10:26:45",4382000
7.74,0.5,8500,"sd","10:26:42",4380900
7.74,0.5,2000,"sd","10:26:28",4372400
7.74,0.5,300,"sd","10:26:13",4370400
7.74,0.5,2300,"sd","10:26:05",4370100
7.74,0.5,100,"sd","10:25:49",4367800
7.74,0.5,5000,"sd","10:25:39",4367700
7.74,0.5,1200,"sd","10:24:59",4362700
7.74,0.5,500,"sd","10:24:46",4361500
7.74,0.5,200,"sd","10:24:42",4361000
7.74,0.5,1000,"sd","10:24:30",4360800
7.74,0.5,7000,"sd","10:24:15",4359800
7.74,0.5,200,"sd","10:24:07",4352800
7.74,0.5,2000,"sd","10:23:37",4352600
7.74,0.5,500,"sd","10:23:29",4350600
7.74,0.5,2000,"sd","10:23:27",4350100
7.74,0.5,500,"sd","10:23:23",4348100
7.74,0.5,100,"sd","10:22:56",4347600
7.74,0.5,700,"sd","10:22:55",4347500
7.74,0.5,100,"sd","10:22:49",4346800
7.74,0.5,1700,"sd","10:22:42",4346700
7.74,0.5,400,"sd","10:22:32",4345000
7.74,0.5,3000,"sd","10:22:26",4344600
7.74,0.5,100,"sd","10:21:53",4341600
7.74,0.5,100,"sd","10:21:52",4341500
7.74,0.5,100,"sd","10:21:12",4341400
7.74,0.5,1800,"sd","10:20:59",4341300
7.74,0.5,2500,"sd","10:20:55",4339500
7.74,0.5,300,"sd","10:20:38",4337000
7.74,0.5,10000,"sd","10:20:37",4336700
7.74,0.5,14200,"sd","10:20:19",4326700
7.74,0.5,100,"sd","10:20:03",4312500
7.74,0.5,600,"sd","10:19:45",4312400
7.74,0.5,1000,"sd","10:19:45",4311800
7.74,0.5,7000,"sd","10:19:39",4310800
7.74,0.5,6000,"sd","10:19:35",4303800
7.74,0.5,2000,"sd","10:19:21",4297800
7.74,0.5,100,"sd","10:19:19",4295800
7.74,0.5,100,"sd","10:19:12",4295700
7.74,0.5,1500,"sd","10:19:07",4295600
7.74,0.5,600,"sd","10:19:02",4294100
7.74,0.5,1500,"sd","10:18:58",4293500
7.74,0.5,200,"sd","10:18:56",4292000
7.74,0.5,500,"sd","10:18:54",4291800
7.74,0.5,500,"sd","10:18:33",4291300
7.74,0.5,10500,"sd","10:18:19",4290800
7.74,0.5,100,"sd","10:18:15",4280300
7.74,0.5,4600,"sd","10:17:58",4280200
7.74,0.5,100,"sd","10:17:52",4275600
7.74,0.5,2200,"sd","10:17:45",4275500
7.74,0.5,10000,"sd","10:17:43",4273300
7.74,0.5,5000,"sd","10:17:39",4263300
7.74,0.5,2000,"sd","10:17:37",4258300
7.74,0.5,1000,"sd","10:17:34",4256300
7.74,0.5,400,"sd","10:17:28",4255300
7.74,0.5,5000,"sd","10:17:14",4254900
7.74,0.5,100,"sd","10:17:10",4249900
7.74,0.5,1400,"sd","10:17:09",4249800
7.74,0.5,500,"sd","10:17:05",4248400
7.74,0.5,1000,"sd","10:17:04",4247900
7.74,0.5,500,"sd","10:16:58",4246900
7.74,0.5,100,"sd","10:16:57",4246400
7.74,0.5,100,"sd","10:16:55",4246300
7.74,0.5,2000,"sd","10:16:46",4246200
7.74,0.5,100,"sd","10:16:31",4244200
7.74,0.5,3400,"sd","10:16:29",4244100
7.74,0.5,300,"sd","10:16:17",4240700
7.74,0.5,3000,"sd","10:16:15",4240400
7.74,0.5,1000,"sd","10:16:12",4237400
7.74,0.5,1000,"sd","10:16:08",4236400
7.74,0.5,1000,"sd","10:16:07",4235400
7.74,0.5,100,"sd","10:16:04",4234400
7.74,0.5,100,"sd","10:16:03",4234300
7.74,0.5,3000,"sd","10:16:00",4234200
7.74,0.5,300,"sd","10:15:50",4231200
7.74,0.5,100,"sd","10:15:45",4230900
7.74,0.5,900,"sd","10:15:44",4230800
7.74,0.5,100,"sd","10:15:34",4229900
7.74,0.5,100,"sd","10:15:33",4229800
7.74,0.5,1000,"sd","10:15:31",4229700
7.74,0.5,200,"sd","10:15:30",4228700
7.74,0.5,30000,"sd","10:15:28",4228500
7.74,0.5,100,"sd","10:15:25",4198500
7.74,0.5,500,"sd","10:15:08",4198400
7.74,0.5,9500,"sd","10:15:05",4197900
7.74,0.5,300,"sd","10:15:02",4188400
7.74,0.5,4600,"sd","10:14:46",4188100
7.74,0.5,9500,"sd","10:14:42",4183500
7.74,0.5,1000,"sd","10:14:31",4174000
7.74,0.5,4000,"sd","10:14:29",4173000
7.74,0.5,800,"sd","10:14:28",4169000
7.74,0.5,1200,"sd","10:14:26",4168200
7.74,0.5,30000,"sd","10:14:24",4167000
7.74,0.5,300,"sd","10:14:19",4137000
7.74,0.5,500,"sd","10:14:19",4136700
7.74,0.5,1500,"sd","10:14:13",4136200
7.74,0.5,200,"sd","10:14:10",4134700
7.74,0.5,1000,"sd","10:14:09",4134500
7.74,0.5,5000,"sd","10:14:08",4133500
7.74,0.5,1900,"sd","10:14:06",4128500
7.74,0.5,1000,"sd","10:14:05",4126600
7.74,0.5,200,"sd","10:14:04",4125600
7.74,0.5,800,"sd","10:14:02",4125400
7.74,0.5,20000,"sd","10:13:58",4124600
7.74,0.5,200,"sd","10:13:58",4104600
7.74,0.5,300,"sd","10:13:56",4104400
7.74,0.5,1200,"sd","10:13:52",4104100
7.74,0.5,100000,"sd","10:13:50",4102900
7.74,0.5,7700,"sd","10:13:48",4002900
7.74,0.5,2000,"sd","10:13:46",3995200
7.74,0.5,1500,"sd","10:13:44",3993200
7.74,0.5,200,"sd","10:13:43",3991700
7.74,0.5,400,"sd","10:13:41",3991500
7.74,0.5,2000,"sd","10:13:40",3991100
7.74,0.5,200,"sd","10:13:36",3989100
7.74,0.5,600,"sd","10:13:29",3988900
7.74,0.5,1000,"sd","10:13:24",3988300
7.74,0.5,5000,"sd","10:13:23",3987300
7.74,0.5,4400,"sd","10:13:22",3982300
7.74,0.5,1000,"sd","10:13:19",3977900
7.74,0.5,1900,"sd","10:13:13",3976900
7.74,0.5,5000,"sd","10:13:08",3975000
7.74,0.5,300,"sd","10:13:06",3970000
7.74,0.5,1000,"sd","10:13:03",3969700
7.74,0.5,100,"sd","10:13:02",3968700
7.74,0.5,5000,"sd","10:12:57",3968600
7.74,0.5,700,"sd","10:12:55",3963600
7.74,0.5,300,"sd","10:12:54",3962900
7.74,0.5,1500,"sd","10:12:52",3962600
7.74,0.5,2000,"sd","10:12:50",3961100
7.74,0.5,100,"sd","10:12:49",3959100
7.74,0.5,10100,"sd","10:12:49",3959000
7.74,0.5,100,"sd","10:12:45",3948900
7.74,0.5,1000,"sd","10:12:44",3948800
7.74,0.5,30000,"sd","10:12:43",3947800
7.74,0.5,1400,"sd","10:12:40",3917800
7.74,0.5,700,"sd","10:12:36",3916400
7.74,0.5,6600,"sd","10:12:35",3915700
7.74,0.5,200,"sd","10:12:34",3909100
7.74,0.5,33200,"bu","10:12:30",3908900
7.74,0.5,135000,"bu","10:12:30",3875700
7.73,0.49,100,"sd","10:12:29",3740700
7.74,0.5,2600,"bu","10:12:29",3740600
7.74,0.5,6600,"bu","10:12:28",3738000
7.74,0.5,1400,"bu","10:12:26",3731400
7.73,0.49,100,"sd","10:12:26",3730000
7.73,0.49,400,"sd","10:12:22",3729900
7.74,0.5,300000,"bu","10:12:22",3729500
7.73,0.49,100,"sd","10:12:16",3429500
7.73,0.49,500,"sd","10:12:12",3429400
7.73,0.49,4000,"sd","10:12:10",3428900
7.73,0.49,700,"sd","10:12:09",3424900
7.73,0.49,2500,"sd","10:12:07",3424200
7.72,0.48,100,"sd","10:12:07",3421700
7.74,0.5,43000,"bu","10:12:06",3421600
7.73,0.49,57000,"bu","10:12:06",3378600
7.73,0.49,8000,"bu","10:12:06",3321600
7.73,0.49,20000,"bu","10:12:05",3313600
7.73,0.49,100,"bu","10:12:02",3293600
7.73,0.49,300,"bu","10:12:00",3293500
7.73,0.49,800,"bu","10:12:00",3293200
7.73,0.49,2200,"bu","10:11:59",3292400
7.72,0.48,500,"sd","10:11:57",3290200
7.73,0.49,200,"bu","10:11:57",3289700
7.73,0.49,500,"bu","10:11:55",3289500
7.73,0.49,800,"bu","10:11:55",3289000
7.73,0.49,2000,"bu","10:11:54",3288200
7.73,0.49,5000,"bu","10:11:53",3286200
7.72,0.48,1900,"sd","10:11:49",3281200
7.73,0.49,200,"bu","10:11:48",3279300
7.73,0.49,600,"bu","10:11:47",3279100
7.73,0.49,1600,"bu","10:11:46",3278500
7.73,0.49,4000,"bu","10:11:44",3276900
7.73,0.49,10200,"bu","10:11:44",3272900
7.72,0.48,1000,"sd","10:11:42",3262700
7.72,0.48,100,"sd","10:11:41",3261700
7.73,0.49,1600,"bu","10:11:41",3261600
7.73,0.49,4000,"bu","10:11:40",3260000
7.73,0.49,10000,"bu","10:11:38",3256000
7.72,0.48,10000,"sd","10:11:37",3246000
7.73,0.49,700,"bu","10:11:31",3236000
7.73,0.49,1200,"bu","10:11:30",3235300
7.73,0.49,3100,"bu","10:11:29",3234100
7.73,0.49,100,"bu","10:11:20",3231000
7.73,0.49,300,"bu","10:11:19",3230900
7.73,0.49,100,"bu","10:11:18",3230600
7.73,0.49,600,"bu","10:11:17",3230500
7.73,0.49,2100,"bu","10:11:16",3229900
7.73,0.49,4000,"bu","10:11:15",3227800
7.73,0.49,1100,"bu","10:11:14",3223800
7.73,0.49,600,"bu","10:11:14",3222700
7.73,0.49,500,"bu","10:11:13",3222100
7.73,0.49,1000,"bu","10:11:12",3221600
7.73,0.49,2600,"bu","10:11:11",3220600
7.73,0.49,1700,"bu","10:11:10",3218000
7.73,0.49,4400,"bu","10:11:09",3216300
7.73,0.49,10000,"bu","10:11:08",3211900
7.73,0.49,3000,"bu","10:11:07",3200700
7.73,0.49,200,"bu","10:11:01",3197700
7.73,0.49,600,"bu","10:11:00",3197500
7.73,0.49,400,"bu","10:10:59",3196900
7.73,0.49,1200,"bu","10:10:58",3196500
7.73,0.49,3000,"bu","10:10:57",3195300
7.73,0.49,100,"bu","10:10:56",3192300
7.73,0.49,2200,"bu","10:10:56",3192200
7.73,0.49,5000,"bu","10:10:55",3189700
7.72,0.48,500,"sd","10:10:55",3184700
7.73,0.49,100,"bu","10:10:55",3184200
7.73,0.49,200,"bu","10:10:54",3184100
7.73,0.49,100,"bu","10:10:53",3183900
7.73,0.49,300,"bu","10:10:52",3183800
7.73,0.49,900,"bu","10:10:52",3183500
7.73,0.49,2300,"bu","10:10:51",3182600
7.73,0.49,5800,"bu","10:10:50",3180300
7.73,0.49,100,"bu","10:10:47",3174500
7.73,0.49,400,"bu","10:10:47",3174400
7.73,0.49,1000,"bu","10:10:46",3174000
7.73,0.49,200,"bu","10:10:46",3173000
7.73,0.49,500,"bu","10:10:44",3172800
7.73,0.49,1400,"bu","10:10:43",3172300
7.73,0.49,1000,"bu","10:10:43",3170900
7.73,0.49,3000,"bu","10:10:41",3169900
7.73,0.49,5800,"bu","10:10:40",3166900
7.73,0.49,12800,"sd","10:10:40",3161100
7.73,0.49,2800,"sd","10:10:38",3148300
7.73,0.49,300,"sd","10:10:38",3145500
7.74,0.5,32000,"bu","10:10:37",3145200
7.74,0.5,80000,"bu","10:10:37",3113200
7.74,0.5,39000,"bu","10:10:36",3033200
7.74,0.5,129900,"bu","10:10:35",2994200
7.73,0.49,31100,"bu","10:10:35",2864300
7.73,0.49,900,"bu","10:10:35",2833200
7.73,0.49,3100,"bu","10:10:34",2832300
7.73,0.49,10100,"bu","10:10:34",2829200
7.73,0.49,400,"bu","10:10:33",2819100
7.73,0.49,1000,"bu","10:10:32",2818700
7.73,0.49,500,"bu","10:10:31",2817700
7.73,0.49,2000,"bu","10:10:30",2817200
7.73,0.49,1300,"bu","10:10:30",2815200
7.73,0.49,3400,"bu","10:10:29",2813900
7.73,0.49,100,"bu","10:10:28",2810500
7.73,0.49,8400,"bu","10:10:28",2810400
7.73,0.49,20000,"bu","10:10:26",2802000
7.72,0.48,1000,"sd","10:10:26",2782000
7.73,0.49,100,"bu","10:10:20",2781000
7.73,0.49,300,"bu","10:10:19",2780900
7.73,0.49,900,"bu","10:10:18",2780600
7.73,0.49,2300,"bu","10:10:17",2779700
7.73,0.49,2300,"bu","10:10:15",2771500
7.73,0.49,800,"bu","10:10:13",2769200
7.71,0.47,300,"sd","10:10:13",2768400
7.72,0.48,4700,"sd","10:10:13",2768100
7.72,0.48,1000,"sd","10:10:10",2763400
7.73,0.49,100,"bu","10:10:09",2762400
7.73,0.49,300,"bu","10:10:08",2762300
7.73,0.49,900,"bu","10:10:06",2762000
7.73,0.49,2300,"bu","10:10:05",2761100
7.73,0.49,800,"bu","10:10:04",2758800
7.73,0.49,2000,"bu","10:10:02",2758000
7.72,0.48,800,"bu","10:10:02",2756000
7.72,0.48,200,"bu","10:09:59",2755200
7.73,0.49,500,"bu","10:09:58",2755000
7.73,0.49,1400,"bu","10:09:57",2754500
7.73,0.49,1100,"bu","10:09:56",2753100
7.73,0.49,1000,"bu","10:09:55",2752000
7.72,0.48,1900,"sd","10:09:55",2751000
7.73,0.49,5000,"bu","10:09:54",2749100
7.73,0.49,100,"bu","10:09:51",2744100
7.73,0.49,400,"bu","10:09:50",2744000
7.73,0.49,900,"bu","10:09:49",2743600
7.73,0.49,2400,"bu","10:09:48",2742700
7.73,0.49,300,"bu","10:09:46",2740300
7.72,0.48,800,"sd","10:09:46",2740000
7.72,0.48,100,"sd","10:09:43",2739200
7.73,0.49,100,"bu","10:09:42",2739100
7.73,0.49,400,"bu","10:09:41",2739000
7.73,0.49,1200,"bu","10:09:39",2738600
7.73,0.49,3000,"bu","10:09:38",2737400
7.73,0.49,7600,"sd","10:09:38",2734400
7.73,0.49,4000,"bu","10:09:36",2726800
7.73,0.49,200,"bu","10:09:36",2722800
7.73,0.49,700,"bu","10:09:35",2722600
7.73,0.49,1800,"bu","10:09:34",2721900
7.73,0.49,4500,"bu","10:09:33",2720100
7.73,0.49,7500,"sd","10:09:32",2715600
7.73,0.49,1400,"sd","10:09:31",2708100
7.73,0.49,600,"sd","10:09:31",2706700
7.74,0.5,200,"bu","10:09:28",2706100
7.74,0.5,400,"bu","10:09:27",2705900
7.74,0.5,200,"bu","10:09:26",2705500
7.74,0.5,500,"bu","10:09:25",2705300
7.73,0.49,200,"sd","10:09:24",2704800
7.73,0.49,5800,"bu","10:09:23",2704600
7.73,0.49,100,"bu","10:09:20",2698800
7.73,0.49,400,"bu","10:09:19",2698700
7.73,0.49,1200,"bu","10:09:17",2698300
7.73,0.49,400,"bu","10:09:17",2697100
7.73,0.49,2800,"sd","10:09:16",2696700
7.73,0.49,1200,"sd","10:09:15",2693900
7.73,0.49,5000,"sd","10:09:13",2692700
7.73,0.49,100,"sd","10:09:11",2687700
7.74,0.5,5000,"bu","10:09:11",2687600
7.74,0.5,4000,"bu","10:09:10",2682600
7.73,0.49,200,"sd","10:09:10",2678600
7.72,0.48,300,"sd","10:09:09",2670200
7.73,0.49,4500,"bu","10:09:09",2669900
7.73,0.49,7300,"sd","10:09:08",2665400
7.74,0.5,4000,"bu","10:09:08",2658100
7.74,0.5,10000,"bu","10:09:06",2654100
7.73,0.49,200,"sd","10:09:06",2644100
7.73,0.49,800,"sd","10:09:05",2643900
7.73,0.49,1100,"sd","10:09:00",2643100
7.73,0.49,100,"sd","10:08:55",2642000
7.73,0.49,1000,"sd","10:08:53",2641900
7.73,0.49,2500,"bu","10:08:49",2640900
7.73,0.49,1100,"bu","10:08:49",2638400
7.73,0.49,2900,"sd","10:08:47",2637300
7.73,0.49,100,"sd","10:08:41",2634400
7.73,0.49,4900,"bu","10:08:40",2634300
7.73,0.49,900,"bu","10:08:39",2629400
7.73,0.49,1500,"bu","10:08:38",2628500
7.73,0.49,6000,"bu","10:08:37",2627000
7.73,0.49,15000,"bu","10:08:36",2621000
7.73,0.49,200,"bu","10:08:33",2606000
7.73,0.49,2500,"bu","10:08:32",2605800
7.73,0.49,3700,"bu","10:08:31",2603300
7.71,0.47,1000,"bu","10:08:31",2599600
7.73,0.49,9800,"bu","10:08:30",2598600
7.7,0.46,200,"bu","10:08:30",2588800
7.71,0.47,1000,"sd","10:08:29",2588600
7.72,0.48,800,"sd","10:08:29",2587600
7.73,0.49,200,"bu","10:08:27",2586800
7.73,0.49,700,"bu","10:08:26",2586600
7.73,0.49,1600,"bu","10:08:25",2585900
7.73,0.49,1500,"bu","10:08:24",2584300
7.73,0.49,3700,"bu","10:08:22",2582800
7.71,0.47,100,"sd","10:08:22",2579100
7.73,0.49,7900,"bu","10:08:22",2579000
7.72,0.48,100,"bu","10:08:22",2571100
7.71,0.47,1000,"sd","10:08:22",2571000
7.73,0.49,3900,"bu","10:08:21",2570000
7.72,0.48,16100,"bu","10:08:21",2566100
7.71,0.47,3300,"bu","10:08:16",2550000
7.69,0.45,1700,"bu","10:08:16",2546700
7.69,0.45,8400,"bu","10:08:15",2545000
7.69,0.45,8100,"sd","10:08:13",2536600
7.7,0.46,13000,"sd","10:08:13",2528500
7.7,0.46,28300,"bu","10:08:09",2515500
7.69,0.45,300,"sd","10:08:07",2487200
7.69,0.45,1000,"sd","10:08:06",2486900
7.69,0.45,300,"sd","10:08:05",2485900
7.69,0.45,7300,"bu","10:08:04",2485600
7.69,0.45,2000,"bu","10:08:03",2478300
7.69,0.45,5000,"bu","10:08:02",2476300
7.69,0.45,200,"bu","10:07:43",2471300
7.69,0.45,500,"bu","10:07:42",2471100
7.69,0.45,1400,"bu","10:07:41",2470600
7.69,0.45,3500,"bu","10:07:40",2469200
7.68,0.44,100,"sd","10:07:39",2465700
7.68,0.44,1000,"sd","10:07:37",2465600
7.68,0.44,100,"sd","10:07:36",2464600
7.68,0.44,500,"sd","10:07:26",2464500
7.68,0.44,100,"sd","10:07:25",2464000
7.68,0.44,2800,"bu","10:07:21",2463900
7.68,0.44,100,"bu","10:07:09",2461100
7.67,0.43,200,"bu","10:07:00",2461000
7.67,0.43,800,"bu","10:06:59",2460800
7.67,0.43,2000,"bu","10:06:58",2460000
7.68,0.44,100,"bu","10:06:52",2458000
7.68,0.44,400,"bu","10:06:51",2457900
7.68,0.44,1000,"bu","10:06:50",2457500
7.68,0.44,100,"bu","10:06:48",2456500
7.68,0.44,300,"sd","10:06:46",2456400
7.67,0.43,100,"bu","10:06:42",2456100
7.68,0.44,1000,"bu","10:06:41",2456000
7.65,0.41,500,"sd","10:06:39",2455000
7.7,0.46,80000,"bu","10:06:38",2454500
7.7,0.46,135900,"bu","10:06:38",2374500
7.69,0.45,61100,"bu","10:06:38",2238600
7.68,0.44,2000,"bu","10:06:38",2177500
7.67,0.43,1000,"bu","10:06:38",2175500
7.65,0.41,200,"sd","10:06:34",2174500
7.65,0.41,1200,"sd","10:06:33",2174300
7.67,0.43,800,"sd","10:06:33",2173100
7.67,0.43,200,"sd","10:06:30",2172300
7.65,0.41,5800,"sd","10:06:29",2172100
7.67,0.43,4200,"sd","10:06:29",2166300
7.68,0.44,200,"bu","10:06:29",2162100
7.68,0.44,500,"bu","10:06:28",2161900
7.67,0.43,9000,"bu","10:06:22",2161400
7.66,0.42,3900,"bu","10:06:22",2152400
7.65,0.41,100,"sd","10:06:17",2148500
7.65,0.41,600,"bu","10:06:16",2148400
7.65,0.41,200,"bu","10:06:15",2147800
7.65,0.41,500,"bu","10:06:14",2147600
7.65,0.41,1400,"bu","10:06:13",2147100
7.64,0.4,200,"sd","10:06:11",2145700
7.64,0.4,2500,"sd","10:06:11",2145500
7.64,0.4,1500,"sd","10:06:08",2139500
7.64,0.4,9000,"sd","10:06:07",2138000
7.64,0.4,100,"sd","10:06:04",2129000
7.64,0.4,2000,"sd","10:05:59",2128900
7.64,0.4,500,"sd","10:05:57",2126900
7.64,0.4,5000,"sd","10:05:55",2126400
7.64,0.4,7800,"bu","10:05:54",2121400
7.64,0.4,200,"bu","10:05:42",2113600
7.64,0.4,700,"bu","10:05:40",2113400
7.64,0.4,200,"bu","10:05:39",2112700
7.64,0.4,500,"bu","10:05:37",2112500
7.64,0.4,100,"bu","10:05:36",2112000
7.64,0.4,300,"bu","10:05:35",2111900
7.64,0.4,800,"bu","10:05:34",2111600
7.64,0.4,2100,"bu","10:05:33",2110800
7.64,0.4,300,"bu","10:05:32",2108700
7.64,0.4,800,"bu","10:05:31",2108400
7.64,0.4,2000,"bu","10:05:30",2107600
7.64,0.4,100,"bu","10:05:29",2105600
7.64,0.4,200,"bu","10:05:28",2105500
7.64,0.4,100,"bu","10:05:27",2105300
7.64,0.4,500,"bu","10:05:27",2105200
7.64,0.4,1300,"bu","10:05:25",2104700
7.64,0.4,2900,"sd","10:05:24",2103400
7.65,0.41,400,"sd","10:05:24",2100500
7.65,0.41,300,"bu","10:05:19",2100100
7.65,0.41,1600,"bu","10:05:18",2099800
7.65,0.41,4000,"bu","10:05:18",2098200
7.65,0.41,10000,"bu","10:05:17",2094200
7.64,0.4,1200,"bu","10:05:14",2084200
7.64,0.4,200,"bu","10:05:13",2083000
7.64,0.4,600,"bu","10:05:11",2082800
7.64,0.4,100,"bu","10:05:09",2082200
7.64,0.4,400,"bu","10:05:08",2082100
7.64,0.4,1200,"bu","10:05:07",2081700
7.64,0.4,3000,"bu","10:05:06",2080500
7.64,0.4,5000,"bu","10:05:05",2077500
7.64,0.4,2600,"bu","10:05:05",2072500
7.64,0.4,5400,"bu","10:05:04",2069900
7.64,0.4,1100,"bu","10:05:03",2064500
7.64,0.4,300,"bu","10:05:02",2063400
7.64,0.4,900,"bu","10:05:01",2063100
7.64,0.4,2000,"bu","10:05:00",2062200
7.63,0.39,400,"sd","10:04:59",2060200
7.63,0.39,500,"sd","10:04:58",2059800
7.64,0.4,600,"bu","10:04:58",2059300
7.64,0.4,1600,"bu","10:04:57",2058700
7.64,0.4,4200,"bu","10:04:56",2057100
7.64,0.4,500,"bu","10:04:55",2052900
7.64,0.4,10000,"bu","10:04:54",2052400
7.64,0.4,1300,"bu","10:04:54",2042400
7.64,0.4,2400,"bu","10:04:53",2041100
7.64,0.4,7000,"sd","10:04:52",2038700
7.64,0.4,500,"sd","10:04:46",2031700
7.65,0.41,3000,"bu","10:04:46",2031200
7.65,0.41,2700,"bu","10:04:45",2028200
7.65,0.41,4800,"bu","10:04:44",2025500
7.64,0.4,600,"bu","10:04:41",2020700
7.64,0.4,200,"bu","10:04:39",2018100
7.64,0.4,600,"bu","10:04:38",2017900
7.64,0.4,1600,"sd","10:04:37",2017300
7.64,0.4,1500,"sd","10:04:34",2015700
7.64,0.4,4100,"bu","10:04:33",2014200
7.64,0.4,100,"bu","10:04:32",2010100
7.64,0.4,300,"bu","10:04:31",2010000
7.64,0.4,100,"bu","10:04:30",2009700
7.64,0.4,300,"bu","10:04:28",2009600
7.64,0.4,200,"bu","10:04:27",2009300
7.64,0.4,600,"bu","10:04:25",2009100
7.64,0.4,1600,"bu","10:04:24",2008500
7.64,0.4,100,"bu","10:04:24",2006900
7.64,0.4,4100,"sd","10:04:23",2006800
7.64,0.4,1400,"bu","10:04:22",2002700
7.64,0.4,100,"bu","10:04:17",2001300
7.64,0.4,300,"bu","10:04:16",2001200
7.64,0.4,200,"sd","10:04:15",2000900
7.65,0.41,600,"bu","10:04:15",2000700
7.65,0.41,1500,"bu","10:04:14",2000100
7.65,0.41,500,"bu","10:04:13",1998600
7.65,0.41,800,"bu","10:04:12",1998100
7.65,0.41,100,"bu","10:04:11",1997300
7.65,0.41,300,"bu","10:04:10",1997200
7.65,0.41,800,"bu","10:04:08",1996900
7.65,0.41,2000,"bu","10:04:08",1996100
7.65,0.41,5000,"bu","10:04:07",1994100
7.63,0.39,9300,"sd","10:04:05",1989100
7.64,0.4,700,"sd","10:04:05",1979800
7.64,0.4,500,"bu","10:04:03",1979100
7.63,0.39,300,"sd","10:04:00",1978600
7.65,0.41,900,"bu","10:03:59",1978300
7.65,0.41,1400,"bu","10:03:59",1977400
7.64,0.4,1000,"bu","10:03:59",1976000
7.64,0.4,1100,"bu","10:03:58",1975000
7.64,0.4,2900,"sd","10:03:57",1973900
7.64,0.4,1600,"bu","10:03:51",1971000
7.63,0.39,1000,"sd","10:03:42",1969400
7.63,0.39,3700,"bu","10:03:34",1968400
7.62,0.38,1100,"bu","10:03:29",1964700
7.61,0.37,100,"sd","10:03:26",1963600
7.61,0.37,8100,"bu","10:03:23",1963500
7.61,0.37,700,"bu","10:03:22",1955400
7.61,0.37,1600,"bu","10:03:21",1954700
7.61,0.37,4000,"bu","10:03:21",1953100
7.61,0.37,100,"bu","10:03:20",1939100
7.61,0.37,400,"bu","10:03:18",1939000
7.61,0.37,4400,"bu","10:03:17",1938600
7.61,0.37,8000,"bu","10:03:16",1934200
7.6,0.36,3000,"sd","10:03:13",1926200
7.6,0.36,100,"sd","10:03:11",1923200
7.6,0.36,100,"sd","10:03:10",1923100
7.61,0.37,100,"bu","10:03:10",1923000
7.61,0.37,1200,"bu","10:03:08",1922900
7.61,0.37,2400,"bu","10:03:07",1921700
7.6,0.36,100,"sd","10:03:04",1919300
7.6,0.36,12300,"bu","10:02:53",1919200
7.6,0.36,110800,"bu","10:02:52",1906900
7.59,0.35,30400,"bu","10:02:52",1796100
7.58,0.34,20300,"bu","10:02:52",1765700
7.57,0.33,38500,"bu","10:02:52",1745400
7.56,0.32,5000,"sd","10:02:50",1706900
7.56,0.32,100,"sd","10:02:49",1701900
7.56,0.32,200,"sd","10:02:37",1701800
7.56,0.32,400,"sd","10:02:33",1701600
7.56,0.32,10000,"sd","10:02:29",1701200
7.56,0.32,200,"sd","10:02:27",1691200
7.56,0.32,200,"sd","10:02:23",1691000
7.56,0.32,100,"sd","10:02:22",1690800
7.56,0.32,10000,"sd","10:02:21",1690700
7.56,0.32,5000,"sd","10:02:07",1680700
7.56,0.32,300,"sd","10:01:52",1675700
7.56,0.32,100,"sd","10:01:50",1675400
7.56,0.32,3100,"bu","10:01:48",1675300
7.56,0.32,3800,"bu","10:01:47",1672200
7.56,0.32,3100,"sd","10:01:45",1668400
7.56,0.32,1900,"sd","10:01:43",1665300
7.56,0.32,200,"sd","10:01:42",1663400
7.56,0.32,1000,"sd","10:01:40",1663200
7.56,0.32,4000,"bu","10:01:37",1662200
7.56,0.32,100,"bu","10:01:32",1658200
7.56,0.32,400,"bu","10:01:32",1658100
7.56,0.32,1100,"bu","10:01:31",1657700
7.56,0.32,2900,"sd","10:01:30",1656600
7.56,0.32,600,"bu","10:01:15",1653700
7.56,0.32,3400,"bu","10:01:14",1653100
7.56,0.32,1000,"bu","10:01:12",1649700
7.56,0.32,2500,"bu","10:01:12",1648700
7.55,0.31,62700,"bu","10:01:08",1646200
7.54,0.3,27500,"bu","10:01:08",1583500
7.54,0.3,200,"bu","10:01:08",1556000
7.54,0.3,700,"bu","10:01:07",1555800
7.54,0.3,1900,"bu","10:01:06",1555100
7.54,0.3,4800,"bu","10:01:05",1553200
7.54,0.3,10000,"bu","10:01:04",1548400
7.54,0.3,2000,"bu","10:01:03",1538400
7.54,0.3,100,"bu","10:01:03",1536400
7.54,0.3,300,"bu","10:01:02",1536300
7.54,0.3,900,"bu","10:01:01",1536000
7.54,0.3,2300,"bu","10:00:59",1535100
7.54,0.3,5900,"bu","10:00:58",1532800
7.54,0.3,200,"bu","10:00:52",1526900
7.53,0.29,800,"sd","10:00:51",1526700
7.54,0.3,100,"bu","10:00:50",1525900
7.54,0.3,300,"bu","10:00:49",1525800
7.54,0.3,800,"bu","10:00:48",1525500
7.54,0.3,2100,"bu","10:00:47",1524700
7.53,0.29,200,"sd","10:00:45",1522600
7.53,0.29,300,"sd","10:00:39",1522400
7.53,0.29,1200,"sd","10:00:28",1522100
7.53,0.29,900,"bu","10:00:19",1520900
7.53,0.29,28000,"bu","10:00:17",1520000
7.52,0.28,1000,"sd","10:00:17",1492000
7.52,0.28,500,"sd","10:00:16",1491000
7.52,0.28,500,"sd","10:00:09",1490500
7.52,0.28,1000,"sd","09:59:46",1490000
7.52,0.28,400,"sd","09:59:25",1489000
7.52,0.28,200,"sd","09:59:22",1488600
7.52,0.28,400,"sd","09:59:10",1488400
7.52,0.28,6100,"bu","09:59:07",1488000
7.52,0.28,2200,"bu","09:59:06",1481900
7.5,0.26,600,"sd","09:59:03",1479700
7.5,0.26,2100,"sd","09:59:02",1479100
7.51,0.27,10900,"sd","09:59:02",1477000
7.51,0.27,3000,"sd","09:58:59",1466100
7.51,0.27,200,"sd","09:58:56",1463100
7.51,0.27,2000,"sd","09:58:52",1462900
7.51,0.27,100,"sd","09:58:42",1460900
7.52,0.28,200,"bu","09:58:38",1460800
7.51,0.27,100,"sd","09:58:35",1460600
7.52,0.28,800,"bu","09:58:35",1460500
7.52,0.28,2000,"bu","09:58:34",1459700
7.52,0.28,5000,"bu","09:58:33",1457700
7.51,0.27,2000,"sd","09:58:27",1452700
7.51,0.27,9000,"sd","09:58:24",1450700
7.51,0.27,1000,"sd","09:58:12",1441700
7.5,0.26,600,"bu","09:58:12",1440700
7.5,0.26,100,"bu","09:58:10",1440100
7.5,0.26,300,"sd","09:58:09",1440000
7.5,0.26,400,"sd","09:58:08",1439700
7.5,0.26,200,"sd","09:58:03",1439300
7.5,0.26,500,"sd","09:57:53",1439100
7.52,0.28,200,"bu","09:57:48",1438600
7.52,0.28,600,"bu","09:57:47",1438400
7.52,0.28,1500,"bu","09:57:46",1437800
7.52,0.28,100,"bu","09:57:29",1436300
7.52,0.28,400,"sd","09:57:28",1436200
7.52,0.28,500,"sd","09:57:23",1435800
7.52,0.28,500,"sd","09:57:22",1435300
7.52,0.28,900,"bu","09:57:20",1434800
7.52,0.28,4000,"bu","09:57:19",1433900
7.52,0.28,8800,"bu","09:57:18",1429900
7.5,0.26,1200,"bu","09:57:18",1421100
7.5,0.26,100,"bu","09:57:14",1419900
7.5,0.26,400,"bu","09:57:12",1419800
7.5,0.26,1000,"bu","09:57:11",1419400
7.5,0.26,2500,"sd","09:57:10",1418400
7.5,0.26,1400,"bu","09:57:09",1415900
7.5,0.26,500,"bu","09:57:09",1414500
7.5,0.26,8200,"sd","09:57:08",1414000
7.5,0.26,1000,"sd","09:57:08",1405800
7.52,0.28,100,"bu","09:57:08",1404800
7.51,0.27,200,"bu","09:57:08",1404700
7.5,0.26,100,"sd","09:57:07",1404500
7.5,0.26,100,"sd","09:57:05",1404400
7.5,0.26,500,"sd","09:57:04",1404300
7.5,0.26,9000,"sd","09:56:39",1403800
7.5,0.26,1500,"sd","09:56:37",1394800
7.52,0.28,14400,"sd","09:56:37",1393300
7.53,0.29,100,"sd","09:56:37",1378900
7.54,0.3,100,"bu","09:56:33",1378800
7.54,0.3,400,"bu","09:56:32",1378700
7.54,0.3,100,"bu","09:56:30",1378300
7.54,0.3,300,"bu","09:56:29",1378200
7.54,0.3,800,"bu","09:56:28",1377900
7.54,0.3,7100,"bu","09:56:26",1377100
7.54,0.3,100,"bu","09:56:24",1370000
7.54,0.3,300,"bu","09:56:22",1369900
7.54,0.3,800,"bu","09:56:21",1369600
7.54,0.3,2000,"bu","09:56:21",1368800
7.54,0.3,5200,"bu","09:56:19",1366800
7.54,0.3,600,"bu","09:56:18",1361600
7.54,0.3,1600,"bu","09:56:17",1361000
7.54,0.3,1000,"bu","09:56:16",1359400
7.52,0.28,500,"sd","09:56:16",1358400
7.54,0.3,100,"bu","09:56:14",1357900
7.54,0.3,300,"bu","09:56:13",1357800
7.54,0.3,800,"bu","09:56:12",1357500
7.54,0.3,2000,"bu","09:56:11",1356700
7.54,0.3,5200,"sd","09:56:10",1354700
7.54,0.3,9600,"bu","09:56:06",1349500
7.54,0.3,200,"bu","09:56:02",1339900
7.52,0.28,13000,"sd","09:55:58",1339700
7.54,0.3,200,"bu","09:55:56",1326700
7.55,0.31,100,"bu","09:55:50",1326500
7.55,0.31,400,"bu","09:55:49",1326400
7.55,0.31,1200,"bu","09:55:48",1326000
7.55,0.31,3000,"bu","09:55:48",1324800
7.52,0.28,1000,"sd","09:55:47",1321800
7.52,0.28,100,"sd","09:55:44",1320800
7.55,0.31,700,"bu","09:55:44",1320700
7.54,0.3,100,"bu","09:55:43",1319700
7.54,0.3,400,"bu","09:55:42",1319600
7.55,0.31,1200,"bu","09:55:40",1319200
7.55,0.31,600,"bu","09:55:40",1318000
7.55,0.31,1600,"bu","09:55:39",1317400
7.55,0.31,4000,"bu","09:55:38",1315800
7.55,0.31,9700,"bu","09:55:36",1311800
7.54,0.3,100,"bu","09:55:36",1302100
7.52,0.28,200,"sd","09:55:36",1301800
7.53,0.29,300,"bu","09:55:35",1301500
7.52,0.28,100,"sd","09:55:35",1301200
7.53,0.29,900,"bu","09:55:34",1301100
7.53,0.29,2000,"bu","09:55:33",1300200
7.52,0.28,300,"sd","09:55:32",1298200
7.52,0.28,100,"bu","09:55:30",1297900
7.52,0.28,300,"bu","09:55:29",1297800
7.5,0.26,9300,"sd","09:55:24",1297500
7.51,0.27,600,"sd","09:55:24",1288200
7.52,0.28,100,"sd","09:55:24",1287600
7.52,0.28,100,"bu","09:55:21",1287300
7.52,0.28,300,"bu","09:55:20",1287200
7.52,0.28,900,"bu","09:55:19",1286900
7.52,0.28,400,"bu","09:55:18",1286000
7.5,0.26,2000,"sd","09:55:18",1285600
7.5,0.26,12000,"sd","09:55:15",1283600
7.5,0.26,500,"sd","09:55:10",1271600
7.5,0.26,24300,"bu","09:55:08",1271100
7.49,0.25,10300,"bu","09:55:08",1246800
7.5,0.26,88900,"bu","09:55:07",1236500
7.48,0.24,500,"bu","09:55:02",1136500
7.48,0.24,1000,"bu","09:55:01",1136000
7.48,0.24,2500,"bu","09:55:00",1135000
7.49,0.25,2900,"sd","09:54:59",1132500
7.49,0.25,3400,"bu","09:54:59",1129600
7.48,0.24,100,"bu","09:54:59",1126200
7.49,0.25,16200,"bu","09:54:58",1126100
7.47,0.23,200,"sd","09:54:49",1109900
7.48,0.24,8800,"sd","09:54:49",1109700
7.48,0.24,300,"sd","09:54:47",1100900
7.48,0.24,12200,"bu","09:54:44",1100600
7.48,0.24,1000,"bu","09:54:42",1088400
7.47,0.23,2000,"sd","09:54:41",1087400
7.47,0.23,1000,"sd","09:54:40",1085400
7.47,0.23,100,"sd","09:54:39",1084400
7.47,0.23,100,"sd","09:54:38",1084300
7.47,0.23,300,"bu","09:54:35",1084200
7.47,0.23,17800,"bu","09:54:35",1083900
7.46,0.22,2200,"bu","09:54:35",1066100
7.46,0.22,100,"bu","09:54:31",1063900
7.46,0.22,400,"bu","09:54:30",1063800
7.46,0.22,1000,"bu","09:54:29",1063400
7.45,0.21,700,"sd","09:54:28",1062400
7.45,0.21,100,"sd","09:54:21",1061700
7.45,0.21,2200,"bu","09:54:18",1061600
7.45,0.21,20000,"bu","09:54:17",1059400
7.45,0.21,200,"bu","09:54:08",1039400
7.45,0.21,200,"bu","09:54:04",1039200
7.45,0.21,700,"bu","09:54:03",1039000
7.45,0.21,1800,"bu","09:54:02",1038300
7.45,0.21,2000,"bu","09:54:00",1036500
7.45,0.21,4000,"bu","09:53:59",1034500
7.43,0.19,1000,"bu","09:53:57",1029500
7.43,0.19,3000,"bu","09:53:56",1028500
7.43,0.19,1700,"bu","09:53:55",1025500
7.42,0.18,6500,"sd","09:53:55",1021300
7.43,0.19,4000,"sd","09:53:54",1014800
7.44,0.2,700,"bu","09:53:53",1010400
7.44,0.2,2400,"bu","09:53:52",1009700
7.44,0.2,6000,"bu","09:53:51",1007300
7.43,0.19,100,"sd","09:53:50",1001300
7.44,0.2,200,"bu","09:53:43",1001200
7.44,0.2,500,"bu","09:53:40",1000300
7.43,0.19,1000,"sd","09:53:37",999800
7.43,0.19,2000,"bu","09:53:31",998800
7.42,0.18,1000,"sd","09:53:31",996800
7.42,0.18,400,"sd","09:53:18",995800
7.43,0.19,200,"bu","09:53:17",995400
7.43,0.19,600,"bu","09:53:17",995200
7.43,0.19,1200,"bu","09:53:16",994600
7.43,0.19,3000,"bu","09:53:15",993400
7.42,0.18,100,"sd","09:53:15",990400
7.42,0.18,400,"sd","09:53:03",990300
7.42,0.18,1000,"sd","09:52:53",989900
7.43,0.19,3800,"bu","09:52:53",988900
7.43,0.19,500,"bu","09:52:52",985100
7.42,0.18,9000,"sd","09:52:52",984600
7.42,0.18,200,"sd","09:52:45",975600
7.42,0.18,500,"sd","09:52:43",975400
7.42,0.18,2500,"bu","09:52:37",974900
7.4,0.16,500,"sd","09:52:35",952400
7.4,0.16,4500,"sd","09:52:34",951900
7.4,0.16,500,"sd","09:52:33",947400
7.41,0.17,100,"bu","09:52:33",946900
7.41,0.17,300,"bu","09:52:32",946800
7.4,0.16,4200,"bu","09:52:20",946500
7.4,0.16,1200,"bu","09:52:19",942300
7.4,0.16,1200,"bu","09:52:18",941100
7.4,0.16,3200,"bu","09:52:17",939900
7.4,0.16,8000,"bu","09:52:16",936700
7.4,0.16,20000,"bu","09:52:15",928700
7.4,0.16,100,"bu","09:52:10",908700
7.4,0.16,500,"bu","09:52:06",908600
7.4,0.16,1000,"bu","09:52:05",908100
7.4,0.16,100,"bu","09:52:00",907100
7.4,0.16,400,"bu","09:51:59",907000
7.4,0.16,1000,"bu","09:51:58",906600
7.4,0.16,200,"bu","09:51:55",905600
7.4,0.16,600,"bu","09:51:54",905400
7.4,0.16,1600,"bu","09:51:54",904800
7.4,0.16,3400,"bu","09:51:53",903200
7.39,0.15,100,"bu","09:51:53",899800
7.39,0.15,100,"bu","09:51:51",899700
7.4,0.16,400,"bu","09:51:50",899600
7.4,0.16,1200,"bu","09:51:49",899200
7.4,0.16,3000,"sd","09:51:48",898000
7.4,0.16,2000,"sd","09:51:43",895000
7.4,0.16,2600,"bu","09:51:39",893000
7.4,0.16,8500,"bu","09:51:38",890400
7.39,0.15,5400,"sd","09:51:37",878300
7.39,0.15,300,"sd","09:51:22",872900
7.39,0.15,1800,"bu","09:50:51",872600
7.39,0.15,100,"bu","09:50:40",870800
7.39,0.15,400,"bu","09:50:39",870700
7.39,0.15,500,"bu","09:50:38",870300
7.39,0.15,600,"bu","09:50:37",869800
7.39,0.15,1300,"sd","09:50:36",869200
7.4,0.16,300,"sd","09:50:36",867900
7.4,0.16,400,"sd","09:50:35",867600
7.4,0.16,200,"sd","09:50:27",867200
7.4,0.16,500,"sd","09:50:23",867000
7.4,0.16,200,"bu","09:50:20",866500
7.4,0.16,2000,"bu","09:50:19",866300
7.4,0.16,100,"bu","09:50:14",864300
7.4,0.16,400,"bu","09:50:14",864200
7.4,0.16,1200,"bu","09:50:12",863800
7.4,0.16,3200,"bu","09:50:12",862600
7.4,0.16,8000,"bu","09:50:10",859400
7.4,0.16,19400,"bu","09:50:09",851400
7.38,0.14,600,"bu","09:50:09",832000
7.39,0.15,100,"sd","09:50:08",831400
7.39,0.15,100,"sd","09:50:04",831300
7.39,0.15,500,"bu","09:50:02",831200
7.4,0.16,1400,"bu","09:50:01",830700
7.4,0.16,3600,"bu","09:50:00",829300
7.4,0.16,4100,"bu","09:49:59",825700
7.4,0.16,10400,"bu","09:49:58",821600
7.4,0.16,1200,"bu","09:49:57",811200
7.4,0.16,3200,"bu","09:49:56",810000
7.4,0.16,8100,"bu","09:49:54",806800
7.4,0.16,20000,"bu","09:49:54",798700
7.4,0.16,45400,"bu","09:49:53",778700
7.39,0.15,1000,"bu","09:49:53",733300
7.39,0.15,3600,"bu","09:49:53",732300
7.39,0.15,100,"bu","09:49:52",728700
7.39,0.15,400,"bu","09:49:51",728600
7.38,0.14,100,"bu","09:49:45",728200
7.38,0.14,400,"sd","09:49:43",728100
7.38,0.14,300,"bu","09:49:38",727700
7.38,0.14,1600,"bu","09:49:37",727400
7.38,0.14,4000,"bu","09:49:36",725800
7.38,0.14,10000,"bu","09:49:35",721800
7.37,0.13,49800,"bu","09:49:28",711800
7.36,0.12,3000,"sd","09:49:21",662000
7.36,0.12,5000,"sd","09:49:20",659000
7.36,0.12,200,"sd","09:49:07",654000
7.36,0.12,500,"sd","09:49:02",653800
7.36,0.12,3000,"sd","09:48:52",653300
7.36,0.12,1300,"sd","09:48:47",650300
7.36,0.12,200,"sd","09:48:43",649000
7.36,0.12,1700,"bu","09:48:36",648800
7.36,0.12,200,"bu","09:48:34",647100
7.36,0.12,600,"bu","09:48:33",646900
7.36,0.12,1600,"bu","09:48:32",646300
7.36,0.12,4000,"bu","09:48:31",644700
7.36,0.12,200,"bu","09:48:21",640700
7.36,0.12,500,"bu","09:48:19",640500
7.35,0.11,500,"sd","09:47:51",640000
7.35,0.11,6300,"bu","09:47:46",639500
7.35,0.11,100,"bu","09:47:43",633200
7.35,0.11,400,"bu","09:47:41",633100
7.35,0.11,1200,"bu","09:47:40",632700
7.35,0.11,3200,"bu","09:47:40",631500
7.35,0.11,25000,"bu","09:47:37",620300
7.34,0.1,31200,"bu","09:47:37",595300
7.33,0.09,13800,"bu","09:47:37",564100
7.32,0.08,200,"sd","09:46:37",550300
7.32,0.08,200,"sd","09:46:12",550100
7.32,0.08,1600,"bu","09:45:55",549900
7.31,0.07,500,"sd","09:45:54",548300
7.32,0.08,4000,"bu","09:45:54",547800
7.32,0.08,10000,"bu","09:45:53",543800
7.31,0.07,200,"sd","09:45:47",533800
7.31,0.07,5000,"sd","09:44:53",533600
7.31,0.07,28700,"bu","09:44:46",528600
7.31,0.07,100,"bu","09:44:43",499900
7.31,0.07,1200,"sd","09:44:42",499800
7.31,0.07,100,"sd","09:44:28",498600
7.32,0.08,100,"sd","09:44:19",498500
7.32,0.08,200,"bu","09:43:42",498400
7.3,0.06,11200,"sd","09:43:20",498200
7.3,0.06,2000,"sd","09:42:58",487000
7.3,0.06,500,"sd","09:42:07",485000
7.3,0.06,45000,"sd","09:41:36",484500
7.3,0.06,10000,"sd","09:41:30",439500
7.3,0.06,43000,"sd","09:41:26",429500
7.31,0.07,7000,"sd","09:41:26",386500
7.3,0.06,8200,"sd","09:40:19",379500
7.31,0.07,4800,"sd","09:40:19",371300
7.31,0.07,5000,"sd","09:40:19",366500
7.31,0.07,100,"sd","09:40:09",361500
7.31,0.07,1000,"sd","09:39:47",361400
7.31,0.07,5000,"sd","09:39:45",360400
7.31,0.07,1000,"sd","09:39:37",355400
7.32,0.08,100,"bu","09:39:16",354400
7.31,0.07,500,"sd","09:39:13",354300
7.31,0.07,3000,"sd","09:39:10",353800
7.31,0.07,2200,"sd","09:39:05",350800
7.3,0.06,10300,"sd","09:38:43",348600
7.31,0.07,16700,"sd","09:38:43",338300
7.32,0.08,200,"bu","09:38:39",321600
7.32,0.08,500,"bu","09:38:39",321400
7.32,0.08,1400,"bu","09:38:38",320900
7.32,0.08,3500,"bu","09:38:37",319500
7.32,0.08,8800,"sd","09:38:36",316000
7.32,0.08,2000,"sd","09:38:19",307200
7.32,0.08,1000,"bu","09:38:15",305200
7.32,0.08,6600,"sd","09:38:15",304200
7.32,0.08,700,"sd","09:38:14",297600
7.32,0.08,300,"sd","09:38:05",296900
7.33,0.09,200,"bu","09:37:34",296600
7.33,0.09,700,"bu","09:37:33",296400
7.33,0.09,1800,"sd","09:37:31",295700
7.33,0.09,300,"bu","09:37:26",293900
7.33,0.09,100,"bu","09:37:21",293600
7.33,0.09,100,"bu","09:37:12",293500
7.33,0.09,400,"bu","09:37:11",293400
7.33,0.09,1000,"bu","09:37:10",293000
7.33,0.09,100,"sd","09:37:10",292000
7.33,0.09,400,"sd","09:36:59",289400
7.33,0.09,2000,"sd","09:36:46",289000
7.33,0.09,1600,"bu","09:36:37",287000
7.33,0.09,100,"bu","09:36:23",285400
7.33,0.09,200,"bu","09:36:15",285300
7.33,0.09,700,"bu","09:36:14",285100
7.33,0.09,1900,"bu","09:36:13",284400
7.33,0.09,4900,"bu","09:36:12",282500
7.33,0.09,12400,"sd","09:36:11",277600
7.33,0.09,14200,"bu","09:35:54",265200
7.33,0.09,200,"bu","09:35:30",251000
7.32,0.08,200,"sd","09:35:29",250800
7.33,0.09,100,"bu","09:35:21",250600
7.33,0.09,300,"bu","09:35:20",250500
7.32,0.08,200,"sd","09:35:17",250200
7.33,0.09,300,"bu","09:35:17",250000
7.33,0.09,800,"bu","09:35:16",249700
7.33,0.09,2100,"sd","09:35:14",248900
7.33,0.09,1500,"sd","09:35:11",246800
7.33,0.09,1000,"sd","09:35:06",245300
7.33,0.09,3500,"sd","09:34:56",244300
7.34,0.1,500,"sd","09:34:55",236600
7.35,0.11,100,"bu","09:34:25",236100
7.34,0.1,4000,"sd","09:34:17",236000
7.34,0.1,300,"sd","09:34:16",232000
7.34,0.1,11500,"bu","09:34:14",231700
7.33,0.09,500,"sd","09:34:10",220200
7.33,0.09,1500,"sd","09:34:04",219700
7.33,0.09,500,"sd","09:33:50",218200
7.33,0.09,100,"bu","09:33:49",217700
7.33,0.09,6500,"sd","09:33:47",217600
7.33,0.09,100,"sd","09:33:43",211100
7.33,0.09,200,"sd","09:33:38",211000
7.33,0.09,400,"sd","09:33:27",210800
7.33,0.09,300,"bu","09:33:26",210400
7.33,0.09,200,"bu","09:33:23",210100
7.33,0.09,600,"bu","09:33:22",209900
7.33,0.09,1500,"bu","09:33:20",209300
7.32,0.08,1400,"sd","09:33:20",207800
7.32,0.08,2400,"sd","09:33:19",206400
7.33,0.09,200,"bu","09:33:16",204000
7.33,0.09,100,"bu","09:33:06",203800
7.33,0.09,400,"bu","09:33:04",203700
7.33,0.09,1000,"bu","09:33:04",203300
7.33,0.09,100,"bu","09:32:58",202300
7.33,0.09,300,"bu","09:32:57",202200
7.33,0.09,900,"bu","09:32:56",201900
7.33,0.09,200,"bu","09:32:46",201000
7.33,0.09,600,"bu","09:32:45",200800
7.33,0.09,1600,"bu","09:32:43",200200
7.33,0.09,200,"bu","09:32:29",198600
7.33,0.09,500,"bu","09:32:28",198400
7.33,0.09,1300,"sd","09:32:28",197900
7.33,0.09,2400,"bu","09:32:26",196600
7.33,0.09,7000,"sd","09:32:25",194200
7.33,0.09,5800,"bu","09:32:12",187200
7.33,0.09,100,"bu","09:32:03",181400
7.33,0.09,1100,"bu","09:32:01",181300
7.33,0.09,2000,"bu","09:32:00",180200
7.32,0.08,2100,"sd","09:30:37",178200
7.32,0.08,500,"bu","09:30:31",176100
7.31,0.07,200,"bu","09:29:50",175600
7.3,0.06,2500,"sd","09:29:31",175400
7.3,0.06,8000,"sd","09:29:13",172900
7.3,0.06,1000,"sd","09:29:05",164900
7.3,0.06,1000,"sd","09:28:48",163900
7.3,0.06,300,"sd","09:28:46",162900
7.3,0.06,9000,"sd","09:28:37",162600
7.3,0.06,1600,"sd","09:27:02",153600
7.34,0.1,400,"sd","09:27:02",152000
7.3,0.06,200,"sd","09:26:49",151600
7.31,0.07,400,"sd","09:26:49",151400
7.32,0.08,3100,"sd","09:26:49",151000
7.33,0.09,300,"sd","09:26:49",147900
7.35,0.11,100,"bu","09:26:28",147600
7.35,0.11,400,"bu","09:26:27",147500
7.35,0.11,1100,"bu","09:26:26",147100
7.35,0.11,2900,"bu","09:26:25",146000
7.35,0.11,7400,"bu","09:26:24",143100
7.35,0.11,18500,"sd","09:26:23",135700
7.36,0.12,100,"bu","09:26:14",117200
7.36,0.12,100,"bu","09:25:55",117100
7.36,0.12,300,"sd","09:25:54",117000
7.36,0.12,100,"bu","09:25:53",116700
7.36,0.12,1000,"bu","09:25:52",116600
7.36,0.12,2500,"bu","09:25:51",115600
7.36,0.12,6400,"sd","09:25:50",113100
7.37,0.13,100,"bu","09:25:47",106700
7.37,0.13,400,"bu","09:25:46",106600
7.37,0.13,1200,"bu","09:25:45",106200
7.37,0.13,3200,"bu","09:25:44",105000
7.37,0.13,8000,"bu","09:25:43",101800
7.36,0.12,1400,"sd","09:25:42",93800
7.36,0.12,1700,"sd","09:25:41",92400
7.36,0.12,1500,"sd","09:25:39",90700
7.36,0.12,2000,"sd","09:25:37",89200
7.36,0.12,1000,"sd","09:25:31",87200
7.37,0.13,7500,"sd","09:25:16",86200
7.37,0.13,3000,"sd","09:25:15",78700
7.37,0.13,1000,"sd","09:25:02",75700
7.37,0.13,5700,"sd","09:25:01",74700
7.37,0.13,2000,"sd","09:25:00",69000
7.37,0.13,500,"sd","09:24:59",67000
7.37,0.13,3300,"sd","09:24:26",66500
7.37,0.13,100,"sd","09:24:06",63200
7.37,0.13,3000,"sd","09:23:59",63100
7.37,0.13,500,"sd","09:23:09",60100
7.37,0.13,1000,"sd","09:23:07",59600
7.37,0.13,200,"sd","09:23:05",58600
7.37,0.13,500,"sd","09:22:47",58400
7.37,0.13,1000,"sd","09:22:36",57900
7.37,0.13,100,"sd","09:22:30",56900
7.37,0.13,100,"sd","09:22:20",56800
7.37,0.13,100,"sd","09:22:16",56700
7.37,0.13,3000,"sd","09:22:12",56600
7.37,0.13,600,"bu","09:21:56",53600
7.37,0.13,500,"bu","09:21:48",53000
7.36,0.12,2500,"sd","09:21:36",52500
7.36,0.12,300,"sd","09:21:15",50000
7.36,0.12,400,"sd","09:21:08",49700
7.36,0.12,3800,"bu","09:21:02",49300
7.36,0.12,200,"bu","09:20:59",45500
7.35,0.11,23700,"bu","09:20:32",45300
7.34,0.1,2800,"bu","09:20:32",21600
7.33,0.09,600,"bu","09:20:19",18800
7.33,0.09,200,"sd","09:20:08",18200
7.33,0.09,300,"sd","09:19:57",18000
7.32,0.08,5000,"bu","09:18:56",17700
7.31,0.07,100,"sd","09:18:51",12700
7.31,0.07,1300,"sd","09:18:46",12600
7.31,0.07,200,"sd","09:18:44",11300
7.31,0.07,100,"bu","09:18:31",11100
7.3,0.06,200,"sd","09:17:57",11000
7.31,0.07,200,"bu","09:17:56",10800
7.3,0.06,1400,"sd","09:17:50",10600
7.31,0.07,200,"sd","09:17:43",9200
7.31,0.07,200,"bu","09:17:30",9000
7.31,0.07,300,"bu","09:17:06",8800
7.3,0.06,600,"bu","09:16:11",8500
7.3,0.06,900,"bu","09:15:45",7900
7.29,0.05,100,"bu","09:15:45",7000
7.28,0.04,2900,"bu","09:15:03",6900
7.26,0.02,600,"sd","09:15:03",4000
7.28,0.04,3400,"","09:15:01",3400
