"price","change","match_qtty","side","time","total_vol"
23.95,0.4,807000,"","14:45:01",18434000
23.8,0.25,19000,"sd","14:29:59",17627000
23.85,0.3,600,"bu","14:29:59",17608000
23.8,0.25,7800,"sd","14:29:52",17607400
23.8,0.25,5000,"sd","14:29:47",17599600
23.85,0.3,2000,"bu","14:29:46",17594600
23.85,0.3,10000,"bu","14:29:45",17592600
23.85,0.3,4000,"bu","14:29:44",17582600
23.85,0.3,200,"bu","14:29:42",17578600
23.85,0.3,100,"bu","14:29:41",17578400
23.85,0.3,1000,"bu","14:29:40",17578300
23.85,0.3,6600,"bu","14:29:36",17577300
23.85,0.3,2500,"bu","14:29:36",17570700
23.8,0.25,100,"sd","14:29:33",17568200
23.85,0.3,500,"bu","14:29:33",17568100
23.8,0.25,3400,"sd","14:29:31",17567600
23.85,0.3,23000,"bu","14:29:29",17564200
23.85,0.3,1100,"bu","14:29:26",17541200
23.8,0.25,100,"sd","14:29:22",17540100
23.85,0.3,300,"bu","14:29:18",17540000
23.85,0.3,100,"bu","14:29:16",17539700
23.85,0.3,1500,"bu","14:29:15",17539600
23.85,0.3,20000,"bu","14:29:13",17538100
23.85,0.3,1600,"bu","14:29:11",17518100
23.85,0.3,2700,"bu","14:29:08",17516500
23.85,0.3,500,"bu","14:29:06",17513800
23.85,0.3,140800,"sd","14:29:02",17513300
23.9,0.35,100,"bu","14:29:00",17372500
23.85,0.3,500,"sd","14:28:59",17372400
23.85,0.3,100,"sd","14:28:57",17371900
23.85,0.3,16000,"sd","14:28:56",17371800
23.85,0.3,5100,"sd","14:28:55",17355800
23.9,0.35,1000,"bu","14:28:52",17350700
23.85,0.3,500,"sd","14:28:47",17349700
23.85,0.3,4500,"sd","14:28:46",17349200
23.85,0.3,41000,"sd","14:28:35",17344700
23.9,0.35,2100,"bu","14:28:31",17303700
23.9,0.35,100,"bu","14:28:24",17301600
23.9,0.35,500,"bu","14:28:18",17301500
23.85,0.3,4000,"sd","14:28:17",17301000
23.9,0.35,100,"bu","14:28:15",17297000
23.85,0.3,5000,"sd","14:28:14",17296900
23.9,0.35,100,"bu","14:28:12",17291900
23.9,0.35,500,"bu","14:28:11",17291800
23.9,0.35,100,"bu","14:28:02",17291300
23.9,0.35,100,"bu","14:27:57",17291200
23.9,0.35,6000,"bu","14:27:55",17291100
23.9,0.35,2500,"bu","14:27:48",17285100
23.9,0.35,5000,"bu","14:27:45",17282600
23.9,0.35,500,"bu","14:27:43",17277600
23.9,0.35,3000,"bu","14:27:38",17277100
23.9,0.35,10000,"bu","14:27:37",17274100
23.9,0.35,2000,"bu","14:27:36",17264100
23.9,0.35,2000,"bu","14:27:35",17262100
23.9,0.35,1000,"bu","14:27:34",17260100
23.9,0.35,100,"bu","14:27:32",17259100
23.9,0.35,1000,"bu","14:27:29",17259000
23.9,0.35,200,"bu","14:27:26",17258000
23.9,0.35,1000,"bu","14:27:26",17257800
23.9,0.35,200,"sd","14:27:25",17256800
23.9,0.35,3800,"sd","14:27:23",17256600
23.9,0.35,700,"bu","14:27:22",17252800
23.9,0.35,1800,"sd","14:27:21",17252100
23.9,0.35,5000,"sd","14:27:20",17250300
23.9,0.35,2100,"sd","14:27:19",17245300
23.9,0.35,4600,"sd","14:27:17",17243200
23.9,0.35,5000,"sd","14:27:15",17238600
23.9,0.35,100,"sd","14:27:12",17233600
23.9,0.35,1000,"sd","14:27:09",17233500
23.9,0.35,200,"sd","14:27:02",17232500
23.9,0.35,1800,"bu","14:26:59",17232300
23.9,0.35,1100,"bu","14:26:58",17230500
23.9,0.35,100,"bu","14:26:57",17229400
23.9,0.35,3000,"sd","14:26:57",17229300
23.9,0.35,2000,"sd","14:26:55",17226300
23.9,0.35,400,"sd","14:26:54",17224300
23.9,0.35,2000,"sd","14:26:53",17223900
23.9,0.35,3700,"sd","14:26:53",17221900
23.9,0.35,15000,"sd","14:26:52",17218200
23.9,0.35,5000,"sd","14:26:51",17203200
23.9,0.35,800,"sd","14:26:48",17198200
23.95,0.4,1000,"bu","14:26:47",17197400
23.9,0.35,900,"sd","14:26:46",17196400
23.9,0.35,5900,"sd","14:26:44",17195500
23.9,0.35,25000,"sd","14:26:43",17189600
23.9,0.35,1000,"sd","14:26:39",17164600
23.9,0.35,2700,"sd","14:26:36",17163600
23.9,0.35,5000,"sd","14:26:35",17160900
23.9,0.35,10100,"sd","14:26:33",17155900
23.9,0.35,30000,"sd","14:26:31",17145800
23.95,0.4,200,"bu","14:26:19",17115800
23.95,0.4,1000,"bu","14:26:18",17115600
23.9,0.35,1800,"sd","14:26:16",17114600
23.95,0.4,1500,"bu","14:26:16",17112800
23.9,0.35,1000,"sd","14:26:15",17111300
23.95,0.4,100,"bu","14:26:09",17110300
23.9,0.35,2000,"sd","14:26:09",17110200
23.9,0.35,100,"sd","14:26:08",17108200
23.9,0.35,1100,"sd","14:26:06",17108100
23.9,0.35,1000,"sd","14:26:04",17107000
23.95,0.4,1500,"bu","14:26:04",17106000
23.9,0.35,2000,"sd","14:26:03",17104500
23.9,0.35,4000,"sd","14:26:02",17102500
23.9,0.35,500,"sd","14:26:01",17098500
23.95,0.4,5900,"bu","14:26:01",17098000
23.95,0.4,2000,"bu","14:26:00",17092100
23.95,0.4,200,"bu","14:25:59",17090100
23.95,0.4,1900,"bu","14:25:56",17089900
23.9,0.35,3000,"sd","14:25:55",17088000
23.9,0.35,100,"sd","14:25:54",17085000
23.95,0.4,1000,"bu","14:25:53",17084900
23.95,0.4,1200,"bu","14:25:52",17083900
23.95,0.4,500,"sd","14:25:50",17082700
23.95,0.4,183100,"sd","14:25:50",17082200
24,0.45,1000,"bu","14:25:48",16899100
23.95,0.4,20300,"sd","14:25:48",16898100
24,0.45,500,"bu","14:25:47",16877800
23.95,0.4,10000,"sd","14:25:43",16877300
23.95,0.4,5000,"sd","14:25:42",16867200
23.95,0.4,1000,"sd","14:25:38",16862200
23.95,0.4,2000,"sd","14:25:37",16861200
23.95,0.4,100,"sd","14:25:36",16859200
23.95,0.4,1000,"sd","14:25:35",16859100
23.95,0.4,400,"sd","14:25:27",16858100
23.95,0.4,100,"sd","14:25:27",16857700
23.95,0.4,1000,"sd","14:25:26",16857600
23.95,0.4,2000,"sd","14:25:23",16856600
23.95,0.4,20000,"sd","14:25:18",16854600
23.95,0.4,4700,"sd","14:25:14",16834600
23.95,0.4,4000,"sd","14:25:13",16829900
23.95,0.4,500,"sd","14:25:11",16825900
23.95,0.4,100,"sd","14:25:09",16825400
23.95,0.4,100,"sd","14:24:57",16825300
24,0.45,200,"bu","14:24:53",16825200
23.95,0.4,5000,"sd","14:24:53",16825000
24,0.45,13500,"bu","14:24:53",16820000
23.95,0.4,500,"sd","14:24:51",16806500
24,0.45,5400,"bu","14:24:51",16806000
24,0.45,100,"bu","14:24:48",16800600
23.95,0.4,500,"sd","14:24:47",16800500
23.95,0.4,500,"sd","14:24:46",16800000
23.95,0.4,900,"sd","14:24:42",16799500
24,0.45,100,"bu","14:24:42",16798600
23.95,0.4,1000,"sd","14:24:41",16798500
24,0.45,100,"bu","14:24:29",16797500
23.95,0.4,500,"sd","14:24:24",16797400
23.95,0.4,700,"sd","14:24:17",16796900
24,0.45,2000,"bu","14:24:12",16796200
24,0.45,200,"bu","14:24:12",16794200
23.95,0.4,10000,"sd","14:24:07",16794000
24,0.45,10000,"bu","14:24:03",16784000
23.95,0.4,1000,"sd","14:23:54",16774000
23.95,0.4,10000,"sd","14:23:53",16773000
23.95,0.4,1000,"sd","14:23:52",16763000
24,0.45,300,"bu","14:23:49",16762000
24,0.45,20000,"bu","14:23:46",16761700
24,0.45,1500,"bu","14:23:43",16741700
23.95,0.4,1000,"sd","14:23:42",16740200
23.95,0.4,500,"sd","14:23:41",16739200
24,0.45,200,"bu","14:23:41",16738700
23.95,0.4,2000,"sd","14:23:38",16738500
23.95,0.4,5000,"sd","14:23:35",16736500
23.95,0.4,1000,"sd","14:23:21",16731500
24,0.45,300,"bu","14:23:20",16730500
23.95,0.4,1000,"sd","14:23:18",16730200
23.95,0.4,500,"sd","14:23:17",16729200
23.95,0.4,700,"sd","14:23:10",16728700
24,0.45,8000,"bu","14:23:08",16728000
24,0.45,100,"bu","14:23:07",16720000
24,0.45,300,"bu","14:23:07",16719900
24,0.45,500,"bu","14:23:06",16719600
24,0.45,200,"bu","14:23:04",16719100
24,0.45,1500,"bu","14:22:58",16718900
23.95,0.4,46500,"bu","14:22:49",16717400
23.95,0.4,10000,"bu","14:22:48",16670900
23.95,0.4,100,"bu","14:22:45",16660900
23.95,0.4,1000,"bu","14:22:45",16660800
23.95,0.4,2000,"bu","14:22:43",16659800
23.95,0.4,2000,"bu","14:22:42",16657800
23.95,0.4,7000,"bu","14:22:41",16655800
23.95,0.4,1000,"bu","14:22:40",16648800
23.95,0.4,2900,"bu","14:22:39",16647800
23.95,0.4,3100,"bu","14:22:38",16644900
23.95,0.4,50000,"bu","14:22:37",16641800
23.95,0.4,500,"bu","14:22:37",16591800
23.95,0.4,13100,"bu","14:22:32",16591300
23.95,0.4,61600,"bu","14:22:28",16578200
23.9,0.35,200,"sd","14:22:27",16516600
23.95,0.4,5000,"bu","14:22:26",16516400
23.95,0.4,400,"bu","14:22:26",16511400
23.95,0.4,2300,"bu","14:22:23",16511000
23.95,0.4,20000,"bu","14:22:18",16506700
23.9,0.35,1000,"sd","14:22:17",16486700
23.95,0.4,500,"bu","14:22:15",16485700
23.95,0.4,1000,"bu","14:22:11",16485200
23.9,0.35,1000,"sd","14:22:08",16484200
23.95,0.4,3000,"bu","14:22:07",16483200
23.9,0.35,100,"sd","14:21:58",16480200
23.95,0.4,20000,"bu","14:21:55",16480100
23.95,0.4,1300,"bu","14:21:49",16460100
23.9,0.35,2000,"sd","14:21:46",16458800
23.95,0.4,1000,"bu","14:21:46",16456800
23.9,0.35,2200,"sd","14:21:45",16455800
23.9,0.35,1000,"sd","14:21:40",16453600
23.9,0.35,3000,"sd","14:21:32",16452600
23.95,0.4,22900,"bu","14:21:31",16449600
23.95,0.4,1300,"bu","14:21:27",16426700
23.9,0.35,100,"sd","14:21:17",16425400
23.9,0.35,4800,"bu","14:21:15",16425300
23.9,0.35,15000,"bu","14:21:15",16420500
23.9,0.35,8500,"bu","14:21:13",16404500
23.9,0.35,10000,"bu","14:21:12",16396000
23.9,0.35,25000,"bu","14:21:10",16386000
23.9,0.35,6000,"bu","14:21:09",16361000
23.9,0.35,1000,"bu","14:21:08",16355000
23.9,0.35,500,"bu","14:21:03",16354000
23.9,0.35,12900,"bu","14:21:00",16353500
23.9,0.35,3000,"bu","14:20:59",16340600
23.9,0.35,2500,"bu","14:20:58",16337600
23.9,0.35,100,"bu","14:20:57",16335100
23.9,0.35,5000,"bu","14:20:54",16335000
23.9,0.35,10000,"bu","14:20:53",16330000
23.9,0.35,30000,"bu","14:20:50",16320000
23.85,0.3,1000,"sd","14:20:50",16290000
23.85,0.3,1000,"sd","14:20:49",16289000
23.85,0.3,1000,"sd","14:20:41",16288000
23.85,0.3,700,"sd","14:20:40",16287000
23.9,0.35,110000,"bu","14:20:37",16286300
23.85,0.3,40000,"bu","14:20:37",16176300
23.85,0.3,4100,"bu","14:20:35",16136300
23.85,0.3,5000,"bu","14:20:33",16132200
23.85,0.3,6000,"bu","14:20:32",16127200
23.85,0.3,1000,"bu","14:20:25",16121200
23.85,0.3,1000,"bu","14:20:23",16120200
23.8,0.25,800,"sd","14:20:19",16119200
23.8,0.25,100,"sd","14:20:16",16118400
23.85,0.3,4000,"bu","14:20:11",16118300
23.85,0.3,1000,"bu","14:20:07",16114300
23.85,0.3,500,"bu","14:19:56",16113300
23.85,0.3,5000,"bu","14:19:54",16112800
23.85,0.3,2000,"bu","14:19:50",16107800
23.85,0.3,2700,"bu","14:19:49",16105800
23.85,0.3,1000,"bu","14:19:49",16103100
23.85,0.3,2700,"bu","14:19:39",16102100
23.85,0.3,1000,"bu","14:19:35",16099400
23.85,0.3,20000,"bu","14:19:33",16098400
23.85,0.3,2400,"bu","14:19:32",16078400
23.85,0.3,500,"bu","14:19:28",16076000
23.8,0.25,2700,"sd","14:19:27",16075500
23.85,0.3,500,"bu","14:19:20",16072800
23.8,0.25,100,"sd","14:19:15",16072300
23.8,0.25,200,"sd","14:19:14",16072200
23.8,0.25,2500,"sd","14:19:12",16072000
23.8,0.25,3000,"sd","14:18:56",16069500
23.8,0.25,200,"sd","14:18:55",16066500
23.8,0.25,500,"sd","14:18:54",16066300
23.85,0.3,1000,"bu","14:18:49",16065800
23.8,0.25,100,"sd","14:18:44",16064800
23.8,0.25,500,"sd","14:18:43",16064700
23.85,0.3,1000,"bu","14:18:36",16064200
23.85,0.3,1000,"bu","14:18:35",16063200
23.85,0.3,4000,"bu","14:18:31",16062200
23.8,0.25,2500,"sd","14:18:31",16058200
23.8,0.25,100,"sd","14:18:17",16055700
23.8,0.25,2500,"sd","14:18:16",16055600
23.8,0.25,101000,"sd","14:18:10",16053100
23.8,0.25,500,"sd","14:18:09",15952100
23.8,0.25,1200,"sd","14:18:01",15951600
23.85,0.3,1500,"bu","14:17:57",15950400
23.8,0.25,10000,"sd","14:17:50",15948900
23.85,0.3,2000,"bu","14:17:30",15938900
23.8,0.25,100,"sd","14:17:22",15936900
23.85,0.3,20000,"bu","14:17:21",15936800
23.8,0.25,2700,"sd","14:17:06",15916800
23.85,0.3,900,"bu","14:17:02",15914100
23.85,0.3,2000,"bu","14:17:00",15913200
23.85,0.3,500,"bu","14:16:54",15911200
23.85,0.3,1000,"bu","14:16:51",15910700
23.8,0.25,1000,"sd","14:16:50",15909700
23.85,0.3,5000,"bu","14:16:39",15908700
23.8,0.25,300,"sd","14:16:36",15903700
23.85,0.3,1000,"bu","14:16:25",15903400
23.8,0.25,5000,"sd","14:16:21",15902400
23.8,0.25,2000,"sd","14:16:17",15897400
23.85,0.3,2000,"bu","14:15:54",15895400
23.85,0.3,500,"bu","14:15:54",15893400
23.85,0.3,500,"bu","14:15:51",15892900
23.85,0.3,2000,"bu","14:15:47",15892400
23.85,0.3,2000,"bu","14:15:42",15890400
23.85,0.3,2800,"bu","14:15:42",15888400
23.85,0.3,2600,"bu","14:15:38",15885600
23.85,0.3,900,"bu","14:15:37",15883000
23.85,0.3,8900,"bu","14:15:34",15882100
23.85,0.3,3000,"bu","14:15:30",15873200
23.85,0.3,2000,"bu","14:15:28",15870200
23.8,0.25,100,"sd","14:15:23",15868200
23.85,0.3,100,"bu","14:15:16",15868100
23.85,0.3,32100,"bu","14:15:10",15868000
23.85,0.3,5000,"bu","14:14:42",15835900
23.8,0.25,1000,"sd","14:14:31",15830900
23.85,0.3,2000,"bu","14:14:31",15829900
23.8,0.25,2500,"sd","14:14:28",15827900
23.85,0.3,3900,"bu","14:14:21",15825400
23.85,0.3,500,"bu","14:14:14",15821500
23.85,0.3,500,"bu","14:14:07",15821000
23.85,0.3,20000,"bu","14:14:03",15820500
23.8,0.25,2000,"sd","14:14:03",15800500
23.8,0.25,600,"sd","14:14:02",15798500
23.8,0.25,1000,"sd","14:13:53",15797900
23.85,0.3,30000,"bu","14:13:52",15796900
23.8,0.25,100,"sd","14:13:42",15766900
23.8,0.25,500,"sd","14:13:20",15766800
23.8,0.25,800,"sd","14:13:12",15766300
23.8,0.25,500,"sd","14:13:03",15765500
23.8,0.25,4900,"sd","14:12:52",15765000
23.8,0.25,2700,"sd","14:12:50",15760100
23.8,0.25,1400,"sd","14:12:48",15757400
23.8,0.25,1000,"sd","14:12:11",15756000
23.8,0.25,700,"sd","14:12:02",15755000
23.8,0.25,100,"sd","14:12:02",15754300
23.8,0.25,9800,"bu","14:11:56",15754200
23.8,0.25,200,"bu","14:11:53",15744400
23.8,0.25,4800,"bu","14:11:53",15744200
23.8,0.25,500,"sd","14:11:43",15739400
23.8,0.25,100,"sd","14:11:40",15738900
23.8,0.25,500,"sd","14:11:36",15738800
23.8,0.25,1000,"sd","14:11:35",15738300
23.8,0.25,300,"sd","14:11:33",15737300
23.8,0.25,5000,"sd","14:11:31",15737000
23.8,0.25,500,"sd","14:11:30",15732000
23.8,0.25,8900,"sd","14:11:29",15731500
23.8,0.25,200,"sd","14:11:24",15722600
23.8,0.25,10000,"sd","14:11:21",15722400
23.8,0.25,5000,"sd","14:11:18",15712400
23.8,0.25,800,"sd","14:11:13",15707400
23.8,0.25,6000,"sd","14:11:08",15706600
23.8,0.25,1000,"sd","14:11:07",15700600
23.8,0.25,100,"sd","14:11:06",15699600
23.8,0.25,500,"sd","14:11:05",15699500
23.8,0.25,10000,"sd","14:11:03",15699000
23.8,0.25,100,"sd","14:10:57",15689000
23.85,0.3,100,"bu","14:10:57",15688900
23.8,0.25,1000,"sd","14:10:53",15688800
23.85,0.3,1200,"bu","14:10:44",15687800
23.8,0.25,5000,"sd","14:10:44",15686600
23.8,0.25,1000,"sd","14:10:43",15681600
23.8,0.25,1000,"sd","14:10:40",15680600
23.8,0.25,2100,"bu","14:10:38",15679600
23.8,0.25,20700,"sd","14:10:36",15677500
23.8,0.25,1200,"sd","14:10:35",15656800
23.8,0.25,2000,"sd","14:10:34",15655600
23.8,0.25,1100,"sd","14:10:27",15653600
23.8,0.25,5000,"sd","14:10:25",15652500
23.8,0.25,500,"sd","14:10:23",15647500
23.8,0.25,1000,"sd","14:10:20",15647000
23.8,0.25,2000,"sd","14:10:18",15646000
23.8,0.25,5000,"sd","14:10:07",15644000
23.8,0.25,500,"sd","14:09:56",15639000
23.8,0.25,100,"sd","14:09:55",15638500
23.8,0.25,500,"sd","14:09:52",15638400
23.8,0.25,1000,"sd","14:09:50",15637900
23.8,0.25,10000,"sd","14:09:49",15636900
23.8,0.25,10000,"sd","14:09:42",15626900
23.8,0.25,100,"sd","14:09:39",15616900
23.8,0.25,500,"sd","14:09:35",15616800
23.8,0.25,58400,"bu","14:09:33",15616300
23.8,0.25,1000,"bu","14:09:32",15557900
23.8,0.25,200,"bu","14:09:29",15556900
23.8,0.25,3000,"bu","14:09:22",15556700
23.8,0.25,8200,"bu","14:09:12",15553700
23.8,0.25,36700,"sd","14:09:10",15545500
23.8,0.25,500,"sd","14:09:09",15508800
23.8,0.25,200,"sd","14:09:08",15508300
23.8,0.25,20000,"sd","14:09:05",15508100
23.8,0.25,1000,"sd","14:09:02",15488100
23.8,0.25,100,"sd","14:08:58",15487100
23.8,0.25,1000,"sd","14:08:48",15487000
23.8,0.25,2000,"sd","14:08:46",15486000
23.8,0.25,10000,"sd","14:08:41",15484000
23.8,0.25,10000,"sd","14:08:41",15474000
23.8,0.25,1000,"sd","14:08:40",15464000
23.8,0.25,400,"sd","14:08:36",15463000
23.8,0.25,2600,"sd","14:08:35",15462600
23.8,0.25,100,"sd","14:08:28",15460000
23.8,0.25,3600,"sd","14:08:28",15459900
23.8,0.25,700,"sd","14:08:26",15456300
23.8,0.25,100,"sd","14:08:26",15455600
23.8,0.25,10000,"sd","14:08:17",15455500
23.8,0.25,10000,"sd","14:08:11",15445500
23.85,0.3,100,"bu","14:08:05",15435500
23.8,0.25,4900,"sd","14:08:03",15435400
23.85,0.3,200,"bu","14:07:55",15430500
23.8,0.25,100,"sd","14:07:50",15430300
23.8,0.25,500,"sd","14:07:47",15430200
23.8,0.25,1000,"sd","14:07:43",15429700
23.85,0.3,10000,"bu","14:07:43",15428700
23.8,0.25,3600,"sd","14:07:38",15418700
23.8,0.25,100,"sd","14:07:35",15415100
23.8,0.25,20000,"sd","14:07:30",15415000
23.8,0.25,900,"sd","14:07:25",15395000
23.8,0.25,19800,"bu","14:07:23",15394100
23.8,0.25,39300,"bu","14:07:22",15374300
23.8,0.25,1000,"bu","14:07:22",15335000
23.8,0.25,100,"bu","14:07:12",15334000
23.75,0.2,100,"sd","14:06:50",15333900
23.8,0.25,15000,"bu","14:06:49",15333800
23.8,0.25,1000,"bu","14:06:43",15318800
23.75,0.2,700,"sd","14:06:42",15317800
23.75,0.2,4300,"sd","14:06:34",15317100
23.8,0.25,300,"bu","14:06:29",15312800
23.8,0.25,1800,"bu","14:06:11",15312500
23.8,0.25,1000,"bu","14:06:01",15310700
23.8,0.25,100,"bu","14:05:54",15309700
23.8,0.25,100,"bu","14:05:52",15309600
23.8,0.25,45800,"sd","14:05:51",15309500
23.8,0.25,500,"sd","14:05:41",15263700
23.8,0.25,500,"sd","14:05:40",15263200
23.8,0.25,20000,"sd","14:05:35",15262700
23.8,0.25,1000,"sd","14:05:33",15242700
23.8,0.25,500,"sd","14:05:29",15241700
23.8,0.25,500,"sd","14:05:28",15241200
23.8,0.25,1000,"sd","14:05:25",15240700
23.8,0.25,300,"sd","14:05:21",15239700
23.8,0.25,15500,"sd","14:05:18",15239400
23.8,0.25,4000,"sd","14:05:17",15223900
23.8,0.25,1000,"sd","14:05:10",15219900
23.8,0.25,6000,"sd","14:05:02",15218900
23.8,0.25,1500,"sd","14:04:55",15212900
23.8,0.25,100,"sd","14:04:53",15211400
23.8,0.25,300,"sd","14:04:47",15211300
23.8,0.25,2000,"sd","14:04:33",15211000
23.8,0.25,2000,"sd","14:04:29",15209000
23.85,0.3,60000,"bu","14:04:26",15207000
23.8,0.25,5000,"sd","14:04:19",15147000
23.8,0.25,5000,"sd","14:04:06",15142000
23.8,0.25,50000,"sd","14:04:05",15137000
23.8,0.25,700,"sd","14:03:54",15087000
23.8,0.25,100,"sd","14:03:53",15086300
23.8,0.25,100,"sd","14:03:50",15086200
23.8,0.25,500,"sd","14:03:49",15086100
23.85,0.3,15000,"bu","14:03:43",15085600
23.8,0.25,500,"sd","14:03:40",15070600
23.85,0.3,500,"bu","14:03:39",15070100
23.85,0.3,15000,"bu","14:03:37",15069600
23.8,0.25,30000,"sd","14:03:36",15054600
23.8,0.25,100,"sd","14:02:56",15024600
23.85,0.3,100,"bu","14:02:50",15024500
23.85,0.3,6000,"bu","14:02:26",15024400
23.85,0.3,200,"bu","14:02:23",15018400
23.85,0.3,2000,"bu","14:02:20",15018200
23.85,0.3,50000,"bu","14:02:06",15016200
23.85,0.3,1000,"bu","14:02:04",14966200
23.85,0.3,2000,"bu","14:02:00",14965200
23.8,0.25,100,"sd","14:01:59",14963200
23.8,0.25,2000,"sd","14:01:57",14963100
23.85,0.3,600,"bu","14:01:52",14961100
23.85,0.3,1000,"bu","14:01:46",14960500
23.85,0.3,200,"bu","14:01:37",14959500
23.85,0.3,100,"bu","14:01:35",14959300
23.85,0.3,300,"bu","14:01:35",14959200
23.85,0.3,15000,"bu","14:01:33",14958900
23.85,0.3,100,"bu","14:01:31",14943900
23.85,0.3,400,"bu","14:01:28",14943800
23.85,0.3,400,"bu","14:01:24",14943400
23.85,0.3,1000,"bu","14:01:16",14943000
23.8,0.25,500,"sd","14:01:14",14942000
23.85,0.3,500,"bu","14:01:12",14941500
23.85,0.3,200,"bu","14:01:01",14941000
23.85,0.3,200,"bu","14:00:56",14940800
23.85,0.3,22700,"sd","14:00:55",14940600
23.85,0.3,1200,"sd","14:00:54",14917900
23.85,0.3,2100,"sd","14:00:52",14916700
23.85,0.3,9000,"sd","14:00:49",14914600
23.9,0.35,200,"bu","14:00:49",14905600
23.85,0.3,300,"sd","14:00:45",14905400
23.85,0.3,100,"sd","14:00:37",14905100
23.85,0.3,300,"sd","14:00:36",14905000
23.85,0.3,200,"sd","14:00:34",14904700
23.85,0.3,100,"sd","14:00:31",14904500
23.9,0.35,300,"bu","14:00:30",14904400
23.9,0.35,600,"bu","14:00:28",14904100
23.85,0.3,1000,"sd","14:00:28",14903500
23.85,0.3,2000,"sd","14:00:25",14902500
23.85,0.3,2000,"sd","14:00:25",14900500
23.85,0.3,3500,"bu","14:00:21",14898500
23.85,0.3,1000,"bu","14:00:20",14895000
23.85,0.3,15000,"bu","14:00:19",14894000
23.85,0.3,300,"bu","14:00:16",14879000
23.85,0.3,3000,"bu","14:00:11",14878700
23.8,0.25,100,"sd","14:00:11",14875700
23.8,0.25,2000,"sd","14:00:03",14875600
23.8,0.25,5000,"sd","14:00:00",14873600
23.85,0.3,100,"bu","13:59:52",14868600
23.8,0.25,100,"sd","13:59:51",14868500
23.8,0.25,700,"sd","13:59:49",14868400
23.8,0.25,30000,"sd","13:59:45",14867700
23.85,0.3,2000,"bu","13:59:45",14837700
23.8,0.25,100,"sd","13:59:26",14835700
23.85,0.3,1000,"bu","13:59:24",14835600
23.85,0.3,2000,"bu","13:59:20",14834600
23.85,0.3,200,"bu","13:59:17",14832600
23.85,0.3,300,"bu","13:59:15",14832400
23.85,0.3,500,"bu","13:59:14",14832100
23.85,0.3,300,"bu","13:59:13",14831600
23.85,0.3,300,"bu","13:59:07",14831300
23.85,0.3,600,"sd","13:59:07",14831000
23.85,0.3,1000,"sd","13:59:00",14830400
23.9,0.35,200,"bu","13:58:58",14829400
23.85,0.3,100,"sd","13:58:58",14829200
23.85,0.3,3300,"bu","13:58:57",14829100
23.8,0.25,1000,"sd","13:58:57",14825800
23.85,0.3,7300,"sd","13:58:49",14824800
23.85,0.3,2000,"sd","13:58:47",14817500
23.85,0.3,10000,"sd","13:58:47",14815500
23.9,0.35,200,"bu","13:58:37",14805500
23.9,0.35,50000,"bu","13:58:31",14805300
23.9,0.35,329400,"sd","13:58:28",14755300
23.9,0.35,500,"sd","13:58:22",14425900
23.9,0.35,10000,"sd","13:58:17",14425400
23.95,0.4,500,"bu","13:58:14",14415400
23.95,0.4,1000,"bu","13:58:10",14414900
23.9,0.35,3000,"sd","13:58:06",14413900
23.9,0.35,100,"sd","13:58:00",14410900
23.95,0.4,20100,"bu","13:57:59",14410800
23.95,0.4,300,"bu","13:57:58",14390700
23.95,0.4,300,"bu","13:57:56",14390400
23.95,0.4,18000,"bu","13:57:54",14390100
23.95,0.4,500,"bu","13:57:52",14372100
23.95,0.4,200,"bu","13:57:51",14371600
23.95,0.4,100,"bu","13:57:50",14371400
23.95,0.4,5900,"bu","13:57:47",14371300
23.95,0.4,1500,"bu","13:57:46",14365400
23.95,0.4,500,"bu","13:57:43",14363900
23.95,0.4,4000,"bu","13:57:40",14363400
23.95,0.4,500,"bu","13:57:39",14359400
23.95,0.4,18600,"sd","13:57:38",14358900
23.95,0.4,100,"sd","13:57:34",14340300
23.95,0.4,7000,"sd","13:57:33",14340200
23.95,0.4,2100,"bu","13:57:31",14333200
23.95,0.4,300,"bu","13:57:30",14331100
23.95,0.4,100,"bu","13:57:28",14330800
23.95,0.4,500,"bu","13:57:28",14330700
23.95,0.4,5300,"bu","13:57:27",14330200
23.95,0.4,4000,"bu","13:57:27",14324900
23.95,0.4,10000,"bu","13:57:25",14320900
23.95,0.4,26000,"bu","13:57:23",14310900
23.95,0.4,1000,"bu","13:57:22",14284900
23.95,0.4,200,"bu","13:57:21",14283900
23.95,0.4,25900,"bu","13:57:19",14283700
23.95,0.4,4100,"bu","13:57:19",14257800
23.95,0.4,1000,"bu","13:57:16",14253700
23.95,0.4,3000,"bu","13:57:14",14252700
23.95,0.4,100,"bu","13:57:14",14249700
23.95,0.4,3000,"bu","13:57:13",14249600
23.95,0.4,100,"bu","13:57:11",14246600
23.95,0.4,1000,"bu","13:57:10",14246500
23.95,0.4,300,"bu","13:57:10",14245500
23.95,0.4,1600,"bu","13:57:09",14245200
23.95,0.4,7000,"bu","13:57:09",14243600
23.95,0.4,20000,"bu","13:57:08",14236600
23.95,0.4,1000,"bu","13:57:07",14216600
23.95,0.4,300,"bu","13:57:07",14215600
23.95,0.4,300,"bu","13:57:05",14215300
23.95,0.4,300,"bu","13:57:05",14215000
23.95,0.4,1000,"bu","13:57:04",14214700
23.95,0.4,100,"bu","13:56:59",14213700
23.95,0.4,20200,"bu","13:56:58",14213600
23.95,0.4,500,"bu","13:56:57",14193400
23.95,0.4,1100,"bu","13:56:55",14192900
23.95,0.4,4000,"bu","13:56:55",14191800
23.95,0.4,3000,"bu","13:56:54",14187800
23.95,0.4,35000,"bu","13:56:53",14184800
23.95,0.4,1600,"bu","13:56:52",14149800
23.95,0.4,500,"bu","13:56:50",14148200
23.9,0.35,1000,"sd","13:56:50",14147700
23.95,0.4,100,"bu","13:56:48",14146700
23.95,0.4,5500,"bu","13:56:46",14146600
23.95,0.4,5000,"bu","13:56:46",14141100
23.95,0.4,200,"bu","13:56:45",14136100
23.95,0.4,100,"bu","13:56:44",14135900
23.95,0.4,900,"bu","13:56:43",14135800
23.95,0.4,600,"bu","13:56:42",14134900
23.95,0.4,5000,"bu","13:56:41",14134300
23.95,0.4,4000,"bu","13:56:40",14129300
23.95,0.4,45500,"bu","13:56:39",14125300
23.95,0.4,500,"bu","13:56:38",14079800
23.95,0.4,6000,"bu","13:56:35",14079300
23.95,0.4,100,"bu","13:56:34",14073300
23.95,0.4,1000,"bu","13:56:31",14073200
23.9,0.35,500,"sd","13:56:30",14072200
23.9,0.35,103600,"bu","13:56:24",14071700
23.9,0.35,10000,"bu","13:56:23",13968100
23.9,0.35,1000,"bu","13:56:21",13958100
23.9,0.35,50100,"bu","13:56:20",13957100
23.9,0.35,5700,"bu","13:56:19",13907000
23.85,0.3,12400,"sd","13:56:19",13901300
23.85,0.3,5800,"sd","13:56:18",13888900
23.9,0.35,50000,"bu","13:56:18",13883100
23.9,0.35,10000,"bu","13:56:18",13833100
23.9,0.35,50000,"bu","13:56:17",13823100
23.9,0.35,10100,"bu","13:56:16",13773100
23.85,0.3,60000,"sd","13:56:14",13763000
23.9,0.35,50000,"bu","13:56:11",13703000
23.9,0.35,6100,"bu","13:56:07",13653000
23.9,0.35,1800,"bu","13:56:04",13646900
23.9,0.35,500,"bu","13:56:00",13645100
23.85,0.3,1400,"sd","13:55:55",13644600
23.9,0.35,300,"bu","13:55:54",13643200
23.85,0.3,200,"sd","13:55:53",13642900
23.9,0.35,2000,"bu","13:55:53",13642700
23.9,0.35,2000,"bu","13:55:48",13640700
23.85,0.3,100,"sd","13:55:37",13638700
23.9,0.35,100,"bu","13:55:37",13638600
23.9,0.35,900,"bu","13:55:32",13638500
23.85,0.3,3300,"sd","13:55:23",13637600
23.9,0.35,9100,"bu","13:55:19",13634300
23.85,0.3,400,"sd","13:55:16",13625200
23.9,0.35,42100,"bu","13:55:14",13624800
23.85,0.3,13100,"bu","13:55:14",13582700
23.85,0.3,800,"bu","13:55:14",13569600
23.85,0.3,500,"bu","13:55:13",13568800
23.85,0.3,5000,"bu","13:55:12",13568300
23.85,0.3,600,"bu","13:55:11",13563300
23.85,0.3,23000,"bu","13:55:10",13562700
23.85,0.3,10000,"bu","13:55:09",13539700
23.85,0.3,1400,"bu","13:55:08",13529700
23.85,0.3,10000,"bu","13:55:07",13528300
23.85,0.3,100,"bu","13:55:06",13518300
23.85,0.3,72000,"bu","13:55:05",13518200
23.85,0.3,500,"bu","13:55:02",13446200
23.85,0.3,2000,"bu","13:55:01",13445700
23.85,0.3,20000,"bu","13:55:00",13443700
23.85,0.3,600,"bu","13:54:59",13423700
23.85,0.3,14900,"bu","13:54:58",13423100
23.85,0.3,2100,"bu","13:54:56",13408200
23.85,0.3,70200,"bu","13:54:55",13406100
23.85,0.3,1000,"bu","13:54:54",13335900
23.85,0.3,82000,"bu","13:54:51",13334900
23.85,0.3,500,"bu","13:54:50",13252900
23.85,0.3,300,"bu","13:54:49",13252400
23.85,0.3,500,"bu","13:54:45",13252100
23.85,0.3,12000,"bu","13:54:42",13251600
23.85,0.3,900,"bu","13:54:34",13239600
23.85,0.3,500,"bu","13:54:24",13238700
23.85,0.3,100,"bu","13:54:14",13238200
23.8,0.25,230400,"bu","13:54:03",13238100
23.8,0.25,2800,"bu","13:54:02",13007700
23.8,0.25,500,"bu","13:54:00",13004900
23.8,0.25,1000,"bu","13:53:59",13004400
23.8,0.25,100,"bu","13:53:56",13003400
23.8,0.25,900,"bu","13:53:50",13003300
23.8,0.25,1200,"bu","13:53:49",13002400
23.8,0.25,6000,"bu","13:53:49",13001200
23.8,0.25,1500,"bu","13:53:46",12995200
23.8,0.25,26200,"bu","13:53:40",12993700
23.8,0.25,1200,"bu","13:53:31",12967500
23.75,0.2,8000,"sd","13:53:31",12966300
23.75,0.2,100,"sd","13:53:28",12958300
23.8,0.25,5000,"bu","13:53:26",12958200
23.75,0.2,20000,"sd","13:53:22",12953200
23.75,0.2,5000,"sd","13:53:08",12933200
23.75,0.2,300,"sd","13:52:58",12928200
23.8,0.25,200,"bu","13:52:57",12927900
23.75,0.2,2000,"sd","13:52:37",12927700
23.75,0.2,600,"sd","13:52:20",12925700
23.75,0.2,600,"bu","13:52:08",12925100
23.75,0.2,10000,"bu","13:52:05",12924500
23.75,0.2,1000,"bu","13:52:02",12914500
23.75,0.2,2000,"bu","13:51:59",12913500
23.75,0.2,1100,"bu","13:51:52",12911500
23.75,0.2,2000,"bu","13:51:46",12910400
23.75,0.2,6000,"bu","13:51:43",12908400
23.75,0.2,200,"bu","13:51:42",12902400
23.75,0.2,2000,"bu","13:51:32",12902200
23.75,0.2,7000,"bu","13:51:30",12900200
23.75,0.2,500,"bu","13:51:20",12893200
23.75,0.2,1000,"bu","13:51:17",12892700
23.75,0.2,3000,"bu","13:51:13",12891700
23.75,0.2,600,"bu","13:51:10",12888700
23.75,0.2,5000,"bu","13:51:05",12888100
23.75,0.2,10000,"bu","13:51:04",12883100
23.75,0.2,1100,"bu","13:50:46",12873100
23.7,0.15,100,"sd","13:50:39",12872000
23.75,0.2,300,"bu","13:50:39",12871900
23.75,0.2,300,"bu","13:50:34",12871600
23.75,0.2,2000,"bu","13:50:29",12871300
23.75,0.2,55800,"sd","13:50:23",12869300
23.75,0.2,500,"sd","13:50:13",12813500
23.75,0.2,1000,"sd","13:50:12",12813000
23.75,0.2,400,"sd","13:50:06",12812000
23.75,0.2,300,"sd","13:50:06",12811600
23.75,0.2,15000,"bu","13:50:04",12811300
23.75,0.2,2500,"bu","13:49:57",12796300
23.7,0.15,500,"sd","13:49:57",12793800
23.75,0.2,1000,"bu","13:49:54",12793300
23.75,0.2,3000,"bu","13:49:54",12792300
23.75,0.2,5000,"bu","13:49:53",12789300
23.75,0.2,1000,"bu","13:49:52",12784300
23.75,0.2,2100,"bu","13:49:52",12783300
23.75,0.2,400,"bu","13:49:48",12781200
23.75,0.2,5200,"bu","13:49:45",12780800
23.75,0.2,1000,"bu","13:49:44",12775600
23.75,0.2,13000,"bu","13:49:43",12774600
23.75,0.2,7000,"bu","13:49:40",12761600
23.75,0.2,1500,"bu","13:49:33",12754600
23.75,0.2,2500,"bu","13:49:31",12753100
23.75,0.2,2300,"bu","13:49:28",12750600
23.75,0.2,4000,"bu","13:49:26",12748300
23.75,0.2,100,"bu","13:49:15",12744300
23.7,0.15,100,"sd","13:49:11",12744200
23.75,0.2,500,"bu","13:49:03",12744100
23.75,0.2,3800,"bu","13:49:01",12743600
23.7,0.15,2000,"sd","13:49:00",12739800
23.7,0.15,5000,"sd","13:48:56",12737800
23.75,0.2,50000,"bu","13:48:53",12732800
23.75,0.2,2200,"bu","13:48:48",12682800
23.7,0.15,500,"sd","13:48:48",12680600
23.7,0.15,200,"sd","13:48:21",12680100
23.75,0.2,300,"bu","13:48:14",12679900
23.7,0.15,300,"sd","13:48:14",12679600
23.7,0.15,18900,"bu","13:48:02",12679300
23.65,0.1,700,"sd","13:48:02",12660400
23.7,0.15,400,"bu","13:48:01",12659700
23.7,0.15,30000,"bu","13:47:59",12659300
23.7,0.15,2000,"bu","13:47:58",12629300
23.7,0.15,2000,"bu","13:47:57",12627300
23.7,0.15,5000,"bu","13:47:55",12625300
23.7,0.15,2000,"bu","13:47:53",12620300
23.7,0.15,3000,"bu","13:47:53",12618300
23.7,0.15,500,"bu","13:47:47",12615300
23.7,0.15,50000,"bu","13:47:44",12614800
23.7,0.15,6000,"bu","13:47:42",12564800
23.65,0.1,5000,"sd","13:47:41",12558800
23.7,0.15,2000,"bu","13:47:34",12553800
23.7,0.15,100,"bu","13:47:33",12551800
23.7,0.15,1000,"bu","13:47:32",12551700
23.7,0.15,3100,"sd","13:47:31",12550700
23.7,0.15,80000,"sd","13:47:28",12547600
23.7,0.15,1000,"sd","13:47:20",12467600
23.7,0.15,1400,"sd","13:47:19",12466600
23.7,0.15,1400,"sd","13:47:15",12465200
23.7,0.15,3600,"sd","13:47:14",12463800
23.75,0.2,1500,"bu","13:47:09",12460200
23.7,0.15,100,"sd","13:47:06",12458700
23.7,0.15,2000,"sd","13:47:05",12458600
23.7,0.15,300,"sd","13:47:04",12456600
23.7,0.15,1000,"sd","13:46:55",12456300
23.7,0.15,1000,"sd","13:46:32",12455300
23.7,0.15,16900,"bu","13:46:31",12454300
23.7,0.15,3000,"bu","13:46:29",12437400
23.7,0.15,1000,"bu","13:46:28",12434400
23.7,0.15,10000,"bu","13:46:25",12433400
23.7,0.15,2200,"bu","13:46:24",12423400
23.7,0.15,17700,"bu","13:46:22",12421200
23.7,0.15,5000,"bu","13:46:20",12403500
23.7,0.15,5000,"bu","13:46:13",12398500
23.7,0.15,100,"bu","13:46:12",12393500
23.7,0.15,500,"bu","13:45:58",12393400
23.65,0.1,100,"sd","13:45:54",12392900
23.7,0.15,1500,"bu","13:45:52",12392800
23.7,0.15,5000,"bu","13:45:48",12391300
23.7,0.15,2000,"bu","13:45:44",12386300
23.7,0.15,5000,"bu","13:45:43",12384300
23.7,0.15,1400,"bu","13:45:39",12379300
23.7,0.15,300,"bu","13:45:35",12377900
23.65,0.1,5500,"sd","13:45:31",12377600
23.65,0.1,100,"sd","13:45:29",12372100
23.65,0.1,500,"sd","13:45:19",12372000
23.7,0.15,3000,"bu","13:45:18",12371500
23.7,0.15,100,"bu","13:45:17",12368500
23.65,0.1,500,"sd","13:45:08",12368400
23.65,0.1,3000,"sd","13:44:49",12367900
23.7,0.15,4300,"bu","13:44:44",12364900
23.65,0.1,4300,"sd","13:44:42",12360600
23.7,0.15,100,"bu","13:44:41",12356300
23.7,0.15,5000,"bu","13:44:32",12356200
23.65,0.1,500,"sd","13:44:26",12351200
23.65,0.1,2000,"sd","13:44:15",12350700
23.7,0.15,1800,"bu","13:44:10",12348700
23.7,0.15,1000,"bu","13:44:07",12346900
23.7,0.15,1000,"bu","13:43:45",12345900
23.7,0.15,100,"bu","13:43:42",12344900
23.7,0.15,2400,"sd","13:43:34",12344800
23.7,0.15,300,"sd","13:43:34",12342400
23.7,0.15,2300,"bu","13:43:33",12342100
23.7,0.15,100,"bu","13:43:32",12339800
23.7,0.15,1500,"bu","13:43:29",12339700
23.7,0.15,3000,"bu","13:43:27",12338200
23.7,0.15,2000,"bu","13:43:25",12335200
23.7,0.15,100,"bu","13:43:24",12333200
23.7,0.15,1000,"bu","13:43:19",12333100
23.7,0.15,3000,"bu","13:43:17",12332100
23.7,0.15,900,"bu","13:43:09",12329100
23.65,0.1,5000,"sd","13:43:06",12328200
23.7,0.15,3400,"bu","13:43:06",12323200
23.7,0.15,5000,"bu","13:43:03",12319800
23.7,0.15,500,"bu","13:42:59",12314800
23.65,0.1,5000,"sd","13:42:53",12314300
23.7,0.15,58300,"bu","13:42:52",12309300
23.7,0.15,91700,"bu","13:42:51",12251000
23.65,0.1,50000,"sd","13:42:49",12159300
23.7,0.15,3000,"bu","13:42:47",12109300
23.65,0.1,1000,"sd","13:42:37",12106300
23.65,0.1,4000,"sd","13:42:35",12105300
23.7,0.15,5000,"bu","13:42:32",12101300
23.65,0.1,5800,"sd","13:42:32",12096300
23.7,0.15,2000,"bu","13:42:27",12090500
23.65,0.1,500,"sd","13:42:08",12088500
23.65,0.1,100,"sd","13:42:07",12088000
23.65,0.1,10000,"sd","13:41:54",12087900
23.7,0.15,1000,"bu","13:41:34",12077900
23.7,0.15,2000,"bu","13:41:31",12076900
23.65,0.1,300,"sd","13:41:29",12074900
23.65,0.1,300,"sd","13:41:28",12074600
23.65,0.1,6100,"sd","13:41:28",12074300
23.65,0.1,20000,"sd","13:41:08",12068200
23.65,0.1,50000,"sd","13:40:58",12048200
23.7,0.15,14000,"bu","13:40:45",11998200
23.65,0.1,500,"sd","13:40:20",11984200
23.7,0.15,5000,"bu","13:40:17",11983700
23.7,0.15,4000,"bu","13:40:05",11978700
23.65,0.1,500,"sd","13:40:04",11974700
23.7,0.15,1100,"bu","13:40:04",11974200
23.7,0.15,16000,"bu","13:39:56",11973100
23.65,0.1,700,"sd","13:39:46",11957100
23.7,0.15,200,"bu","13:39:39",11956400
23.7,0.15,57500,"sd","13:39:32",11956200
23.7,0.15,5000,"sd","13:39:27",11898700
23.75,0.2,100,"bu","13:39:22",11893700
23.7,0.15,200000,"sd","13:39:11",11893600
23.7,0.15,11200,"sd","13:39:09",11693600
23.7,0.15,1000,"sd","13:38:57",11682400
23.7,0.15,2000,"sd","13:38:55",11681400
23.75,0.2,2000,"bu","13:38:51",11679400
23.7,0.15,1500,"sd","13:38:28",11677400
23.75,0.2,1900,"bu","13:38:22",11675900
23.75,0.2,4600,"bu","13:38:14",11674000
23.75,0.2,500,"bu","13:38:11",11669400
23.75,0.2,500,"bu","13:38:10",11668900
23.75,0.2,14000,"bu","13:38:06",11668400
23.75,0.2,1100,"bu","13:38:05",11654400
23.7,0.15,700,"sd","13:37:55",11653300
23.75,0.2,1000,"bu","13:37:43",11652600
23.7,0.15,300,"sd","13:37:41",11651600
23.7,0.15,600,"sd","13:37:40",11651300
23.7,0.15,14500,"sd","13:37:39",11650700
23.75,0.2,7200,"bu","13:37:39",11636200
23.7,0.15,20000,"sd","13:37:34",11629000
23.7,0.15,5000,"sd","13:37:29",11609000
23.75,0.2,800,"bu","13:37:27",11604000
23.75,0.2,200,"bu","13:37:15",11603200
23.7,0.15,500,"sd","13:37:14",11603000
23.75,0.2,100000,"bu","13:37:13",11602500
23.7,0.15,2500,"sd","13:37:12",11502500
23.7,0.15,5000,"sd","13:37:07",11500000
23.7,0.15,600,"sd","13:36:58",11495000
23.75,0.2,500,"bu","13:36:57",11494400
23.7,0.15,400,"sd","13:36:55",11493900
23.7,0.15,3000,"sd","13:36:52",11493500
23.7,0.15,10000,"sd","13:36:46",11490500
23.7,0.15,500,"sd","13:36:44",11480500
23.7,0.15,900,"sd","13:36:43",11480000
23.7,0.15,30000,"sd","13:36:19",11479100
23.7,0.15,700,"sd","13:36:17",11449100
23.75,0.2,200,"bu","13:36:17",11448400
23.75,0.2,9400,"bu","13:36:15",11448200
23.7,0.15,200,"sd","13:36:13",11438800
23.75,0.2,10000,"bu","13:36:12",11438600
23.75,0.2,500,"bu","13:36:05",11428600
23.75,0.2,400,"bu","13:36:01",11428100
23.75,0.2,100,"bu","13:35:59",11427700
23.75,0.2,1800,"bu","13:35:48",11427600
23.75,0.2,5000,"bu","13:35:45",11425800
23.75,0.2,2500,"bu","13:35:38",11420800
23.75,0.2,11200,"bu","13:35:36",11418300
23.7,0.15,5000,"sd","13:35:34",11407100
23.75,0.2,3800,"sd","13:35:30",11402100
23.75,0.2,2500,"sd","13:35:30",11398300
23.75,0.2,47500,"bu","13:35:23",11395800
23.75,0.2,900,"bu","13:35:17",11348300
23.75,0.2,400,"bu","13:35:13",11347400
23.75,0.2,57800,"sd","13:35:12",11347000
23.75,0.2,1000,"sd","13:35:08",11289200
23.75,0.2,5000,"sd","13:35:05",11288200
23.75,0.2,500,"sd","13:34:57",11283200
23.8,0.25,500,"bu","13:34:51",11282700
23.75,0.2,100,"sd","13:34:46",11282200
23.8,0.25,200,"bu","13:34:35",11282100
23.8,0.25,1000,"bu","13:34:21",11281900
23.8,0.25,100,"bu","13:34:04",11280900
23.8,0.25,400,"bu","13:33:53",11280800
23.75,0.2,1000,"sd","13:33:53",11280400
23.75,0.2,12800,"bu","13:33:52",11279400
23.75,0.2,100,"bu","13:33:51",11266600
23.75,0.2,5000,"bu","13:33:47",11266500
23.75,0.2,1000,"bu","13:33:41",11261500
23.75,0.2,9400,"bu","13:33:40",11260500
23.75,0.2,10000,"bu","13:33:39",11251100
23.75,0.2,100000,"bu","13:33:36",11241100
23.7,0.15,100,"sd","13:33:17",11141100
23.7,0.15,1000,"sd","13:33:07",11141000
23.7,0.15,70800,"bu","13:33:03",11140000
23.7,0.15,1000,"bu","13:32:55",11069200
23.7,0.15,6000,"bu","13:32:54",11068200
23.65,0.1,1500,"sd","13:32:53",11062200
23.65,0.1,600,"sd","13:32:52",11060700
23.7,0.15,1400,"bu","13:32:51",11060100
23.7,0.15,400,"bu","13:32:49",11058700
23.7,0.15,100,"bu","13:32:46",11058300
23.7,0.15,1000,"bu","13:32:43",11058200
23.7,0.15,10000,"bu","13:32:42",11057200
23.65,0.1,24000,"sd","13:32:42",11047200
23.7,0.15,1000,"bu","13:32:40",11023200
23.7,0.15,23000,"bu","13:32:37",11022200
23.65,0.1,600,"sd","13:32:36",10999200
23.65,0.1,50000,"sd","13:32:35",10998600
23.7,0.15,700,"bu","13:32:26",10948600
23.7,0.15,100,"bu","13:32:24",10947900
23.7,0.15,9000,"bu","13:32:19",10947800
23.7,0.15,2000,"bu","13:32:16",10938800
23.7,0.15,600,"bu","13:32:11",10936800
23.7,0.15,2000,"bu","13:32:07",10936200
23.7,0.15,400,"bu","13:32:03",10934200
23.7,0.15,300,"sd","13:31:53",10933800
23.7,0.15,2000,"bu","13:31:51",10933500
23.7,0.15,500,"sd","13:31:47",10931500
23.7,0.15,107800,"sd","13:31:46",10931000
23.7,0.15,5000,"sd","13:31:42",10823200
23.75,0.2,3000,"bu","13:31:42",10818200
23.7,0.15,2000,"sd","13:31:39",10815200
23.7,0.15,10000,"sd","13:31:36",10813200
23.75,0.2,19500,"bu","13:31:35",10803200
23.7,0.15,100,"sd","13:31:35",10783700
23.7,0.15,10100,"sd","13:31:34",10783600
23.7,0.15,300,"sd","13:31:33",10773500
23.7,0.15,5000,"sd","13:31:26",10773200
23.7,0.15,100,"sd","13:31:25",10768200
23.75,0.2,2000,"bu","13:31:24",10768100
23.7,0.15,10000,"sd","13:31:16",10766100
23.7,0.15,1800,"sd","13:31:12",10756100
23.75,0.2,1000,"bu","13:31:05",10754300
23.7,0.15,100,"sd","13:31:03",10753300
23.7,0.15,200,"sd","13:31:02",10753200
23.7,0.15,100,"sd","13:30:41",10753000
23.75,0.2,2000,"bu","13:30:03",10752900
23.75,0.2,10000,"bu","13:30:00",10750900
23.7,0.15,1000,"sd","13:29:56",10740900
23.7,0.15,50000,"sd","13:29:54",10739900
23.75,0.2,200,"bu","13:29:49",10689900
23.75,0.2,1000,"bu","13:29:41",10689700
23.75,0.2,500,"bu","13:29:40",10688700
23.75,0.2,500,"bu","13:29:31",10688200
23.75,0.2,4000,"bu","13:29:26",10687700
23.75,0.2,1000,"bu","13:29:24",10683700
23.75,0.2,107400,"sd","13:29:23",10682700
23.75,0.2,52600,"sd","13:29:20",10575300
23.75,0.2,2000,"sd","13:29:15",10522700
23.75,0.2,1000,"sd","13:29:12",10520700
23.75,0.2,2000,"sd","13:29:07",10519700
23.75,0.2,4500,"sd","13:29:04",10517700
23.75,0.2,5000,"sd","13:29:02",10513200
23.75,0.2,3500,"sd","13:28:59",10508200
23.75,0.2,5000,"sd","13:28:58",10504700
23.75,0.2,2000,"sd","13:28:55",10499700
23.75,0.2,2500,"sd","13:28:51",10497700
23.75,0.2,2000,"sd","13:28:50",10495200
23.8,0.25,10000,"bu","13:28:48",10493200
23.75,0.2,20000,"sd","13:28:47",10483200
23.75,0.2,5000,"sd","13:28:46",10463200
23.75,0.2,2500,"sd","13:28:37",10458200
23.8,0.25,38000,"bu","13:28:35",10455700
23.75,0.2,200,"sd","13:28:30",10417700
23.8,0.25,100,"bu","13:28:27",10417500
23.75,0.2,3000,"sd","13:28:26",10417400
23.75,0.2,1400,"sd","13:28:13",10414400
23.75,0.2,200,"sd","13:28:08",10413000
23.75,0.2,4000,"sd","13:28:07",10412800
23.75,0.2,200,"sd","13:28:06",10408800
23.75,0.2,600,"sd","13:27:52",10408600
23.75,0.2,500,"sd","13:27:45",10408000
23.75,0.2,1000,"sd","13:27:43",10407500
23.75,0.2,600,"sd","13:27:43",10406500
23.75,0.2,600,"sd","13:27:41",10405900
23.8,0.25,1000,"bu","13:27:41",10405300
23.75,0.2,1000,"sd","13:27:29",10404300
23.75,0.2,500,"sd","13:27:11",10403300
23.75,0.2,1000,"sd","13:27:07",10402800
23.8,0.25,5500,"bu","13:27:06",10401800
23.8,0.25,3600,"bu","13:26:37",10396300
23.8,0.25,100,"bu","13:26:29",10392700
23.8,0.25,400,"bu","13:26:27",10392600
23.8,0.25,500,"bu","13:26:26",10392200
23.8,0.25,2000,"bu","13:26:24",10391700
23.8,0.25,100,"bu","13:26:21",10389700
23.8,0.25,1000,"bu","13:26:09",10389600
23.8,0.25,3000,"bu","13:26:02",10388600
23.8,0.25,400,"bu","13:25:58",10385600
23.8,0.25,2000,"bu","13:25:53",10385200
23.8,0.25,300,"bu","13:25:48",10383200
23.8,0.25,15000,"bu","13:25:36",10382900
23.8,0.25,1000,"bu","13:25:22",10367900
23.8,0.25,2000,"bu","13:25:19",10366900
23.8,0.25,100,"bu","13:25:17",10364900
23.8,0.25,1000,"bu","13:25:14",10364800
23.8,0.25,20000,"bu","13:25:12",10363800
23.8,0.25,100,"bu","13:25:09",10343800
23.75,0.2,11000,"sd","13:25:07",10343700
23.75,0.2,200,"sd","13:25:00",10332700
23.75,0.2,5000,"sd","13:24:57",10332500
23.75,0.2,200,"sd","13:24:50",10327500
23.75,0.2,500,"sd","13:24:38",10327300
23.75,0.2,15000,"sd","13:24:35",10326800
23.8,0.25,1500,"bu","13:24:28",10311800
23.8,0.25,800,"bu","13:24:25",10310300
23.75,0.2,1000,"sd","13:24:24",10309500
23.8,0.25,2000,"bu","13:24:18",10308500
23.8,0.25,500,"bu","13:24:13",10306500
23.8,0.25,1000,"bu","13:24:10",10306000
23.8,0.25,900,"bu","13:24:01",10305000
23.75,0.2,800,"sd","13:23:53",10304100
23.8,0.25,200,"bu","13:23:50",10303300
23.8,0.25,2000,"bu","13:23:48",10303100
23.8,0.25,2000,"bu","13:23:47",10301100
23.8,0.25,1700,"bu","13:23:43",10299100
23.8,0.25,300,"bu","13:23:40",10297400
23.8,0.25,33500,"bu","13:23:37",10297100
23.8,0.25,500,"bu","13:23:34",10263600
23.8,0.25,100,"bu","13:23:30",10263100
23.8,0.25,4000,"bu","13:23:29",10263000
23.8,0.25,1500,"bu","13:23:26",10259000
23.75,0.2,2000,"sd","13:23:26",10257500
23.8,0.25,2300,"bu","13:23:20",10255500
23.75,0.2,16000,"sd","13:23:19",10253200
23.8,0.25,1000,"bu","13:23:11",10237200
23.75,0.2,2000,"sd","13:23:10",10236200
23.75,0.2,500,"sd","13:23:08",10234100
23.8,0.25,2000,"bu","13:22:52",10233600
23.8,0.25,6000,"bu","13:22:50",10231600
23.8,0.25,10000,"bu","13:22:41",10225600
23.8,0.25,16600,"sd","13:22:39",10215600
23.8,0.25,1000,"sd","13:22:39",10199000
23.8,0.25,2400,"bu","13:22:36",10198000
23.8,0.25,600,"bu","13:22:33",10195600
23.8,0.25,300,"bu","13:22:31",10195000
23.8,0.25,900,"bu","13:22:27",10194700
23.8,0.25,700,"bu","13:22:23",10193800
23.8,0.25,10100,"bu","13:22:22",10193100
23.8,0.25,2400,"bu","13:22:21",10183000
23.8,0.25,4000,"bu","13:22:20",10180600
23.8,0.25,200,"bu","13:22:18",10176600
23.8,0.25,13900,"bu","13:22:17",10176400
23.8,0.25,66700,"sd","13:22:15",10162500
23.85,0.3,200,"bu","13:22:11",10095800
23.85,0.3,1500,"bu","13:22:02",10095600
23.85,0.3,15900,"bu","13:21:52",10094100
23.8,0.25,100,"sd","13:21:49",10078200
23.8,0.25,1000,"sd","13:21:44",10078100
23.85,0.3,1200,"bu","13:21:40",10077100
23.85,0.3,1600,"bu","13:21:37",10075900
23.8,0.25,2100,"sd","13:21:35",10074300
23.8,0.25,2000,"sd","13:21:32",10072200
23.8,0.25,4000,"sd","13:21:26",10070200
23.8,0.25,200,"sd","13:21:19",10066200
23.8,0.25,600,"sd","13:21:18",10066000
23.8,0.25,500,"sd","13:21:17",10065400
23.8,0.25,2000,"sd","13:21:09",10064900
23.8,0.25,200,"sd","13:21:09",10062900
23.8,0.25,300,"sd","13:21:07",10062700
23.8,0.25,96900,"bu","13:21:03",10062400
23.8,0.25,900,"bu","13:21:03",9965500
23.8,0.25,800,"bu","13:20:49",9964600
23.8,0.25,5000,"bu","13:20:48",9963800
23.8,0.25,15000,"bu","13:20:47",9958800
23.8,0.25,200,"bu","13:20:45",9943800
23.8,0.25,400,"bu","13:20:40",9943600
23.8,0.25,3200,"bu","13:20:39",9943200
23.8,0.25,100,"bu","13:20:34",9940000
23.8,0.25,1200,"bu","13:20:34",9939900
23.8,0.25,500,"bu","13:20:33",9938700
23.8,0.25,1000,"bu","13:20:30",9938200
23.8,0.25,100,"bu","13:20:21",9937200
23.8,0.25,100,"bu","13:20:20",9937100
23.8,0.25,86900,"sd","13:20:19",9937000
23.8,0.25,5000,"sd","13:20:18",9850100
23.8,0.25,1000,"sd","13:20:09",9845100
23.85,0.3,400,"bu","13:20:08",9844100
23.8,0.25,8000,"sd","13:19:51",9843700
23.8,0.25,3600,"sd","13:19:47",9835700
23.8,0.25,1000,"sd","13:19:42",9832100
23.85,0.3,40000,"bu","13:19:40",9831100
23.8,0.25,1000,"sd","13:19:34",9791100
23.85,0.3,3000,"bu","13:19:31",9790100
23.8,0.25,5000,"sd","13:19:19",9787100
23.8,0.25,200,"sd","13:19:16",9782100
23.85,0.3,2000,"bu","13:19:14",9781900
23.85,0.3,6500,"bu","13:19:07",9779900
23.85,0.3,1700,"bu","13:19:06",9773400
23.85,0.3,1100,"bu","13:19:01",9771700
23.85,0.3,21000,"bu","13:19:00",9770600
23.85,0.3,5000,"bu","13:18:59",9749600
23.85,0.3,200,"bu","13:18:57",9744600
23.85,0.3,104800,"sd","13:18:56",9744400
23.9,0.35,100,"bu","13:18:53",9639600
23.85,0.3,500,"sd","13:18:52",9639500
23.85,0.3,1400,"bu","13:18:42",9639000
23.85,0.3,16000,"bu","13:18:42",9637600
23.85,0.3,8000,"bu","13:18:41",9621600
23.85,0.3,4300,"bu","13:18:40",9613600
23.85,0.3,5000,"bu","13:18:40",9609300
23.85,0.3,20000,"bu","13:18:38",9604300
23.85,0.3,9000,"bu","13:18:38",9584300
23.85,0.3,5000,"bu","13:18:37",9575300
23.85,0.3,300,"bu","13:18:36",9570300
23.85,0.3,14000,"bu","13:18:36",9570000
23.85,0.3,9000,"bu","13:18:35",9556000
23.85,0.3,300,"bu","13:18:35",9547000
23.85,0.3,40000,"bu","13:18:34",9546700
23.85,0.3,3000,"bu","13:18:32",9506700
23.85,0.3,1000,"bu","13:18:32",9503700
23.85,0.3,700,"bu","13:18:31",9502700
23.85,0.3,100,"bu","13:18:30",9502000
23.85,0.3,5000,"bu","13:18:29",9501900
23.85,0.3,2000,"bu","13:18:28",9496900
23.85,0.3,300,"bu","13:18:27",9494900
23.85,0.3,10000,"bu","13:18:25",9494600
23.85,0.3,100000,"bu","13:18:21",9484600
23.85,0.3,5000,"bu","13:18:18",9384600
23.8,0.25,100,"sd","13:18:08",9379600
23.85,0.3,30000,"bu","13:17:56",9379500
23.8,0.25,3500,"bu","13:17:50",9349500
23.8,0.25,3000,"bu","13:17:49",9346000
23.8,0.25,800,"bu","13:17:46",9343000
23.75,0.2,2400,"sd","13:17:43",9342200
23.8,0.25,10000,"bu","13:17:43",9339800
23.8,0.25,100,"bu","13:17:42",9329800
23.8,0.25,1000,"bu","13:17:40",9329700
23.8,0.25,2000,"bu","13:17:39",9328700
23.8,0.25,900,"bu","13:17:38",9326700
23.8,0.25,10200,"bu","13:17:37",9325800
23.75,0.2,40000,"sd","13:17:37",9315600
23.8,0.25,1000,"bu","13:17:37",9275600
23.8,0.25,100000,"bu","13:17:34",9274600
23.8,0.25,5000,"bu","13:17:33",9174600
23.8,0.25,6000,"bu","13:17:31",9169600
23.8,0.25,30000,"bu","13:17:28",9163600
23.75,0.2,700,"sd","13:17:27",9133600
23.8,0.25,100,"bu","13:17:23",9132900
23.8,0.25,2000,"bu","13:17:19",9132800
23.75,0.2,800,"sd","13:17:15",9130800
23.8,0.25,300,"bu","13:17:08",9130000
23.75,0.2,2000,"sd","13:17:07",9129700
23.8,0.25,3000,"bu","13:17:00",9127700
23.8,0.25,5000,"bu","13:16:54",9124700
23.75,0.2,400,"sd","13:16:51",9119700
23.75,0.2,4000,"sd","13:16:50",9119300
23.8,0.25,900,"bu","13:16:38",9115300
23.8,0.25,600,"bu","13:16:36",9114400
23.8,0.25,2700,"bu","13:16:30",9113800
23.75,0.2,2200,"sd","13:16:28",9111100
23.8,0.25,200,"bu","13:16:19",9108900
23.75,0.2,2400,"sd","13:16:19",9108700
23.8,0.25,200,"bu","13:16:17",9106300
23.8,0.25,1300,"bu","13:16:12",9106100
23.75,0.2,83900,"sd","13:16:11",9104800
23.75,0.2,200,"sd","13:16:08",9020900
23.75,0.2,1300,"sd","13:16:05",9020700
23.8,0.25,500,"bu","13:16:05",9019400
23.75,0.2,200,"sd","13:15:59",9018900
23.75,0.2,1000,"sd","13:15:49",9018700
23.75,0.2,100,"sd","13:15:47",9017700
23.75,0.2,1000,"sd","13:15:43",9017600
23.75,0.2,400,"sd","13:15:38",9016600
23.75,0.2,500,"sd","13:15:37",9016200
23.75,0.2,1000,"sd","13:15:34",9015700
23.75,0.2,100,"sd","13:15:22",9014700
23.75,0.2,300,"sd","13:15:16",9014600
23.75,0.2,3300,"bu","13:15:01",9014300
23.75,0.2,500,"bu","13:14:58",9011000
23.75,0.2,500,"bu","13:14:56",9010500
23.75,0.2,1000,"bu","13:14:55",9010000
23.75,0.2,15300,"sd","13:14:54",9009000
23.75,0.2,400,"sd","13:14:53",8993700
23.75,0.2,400,"sd","13:14:52",8993300
23.75,0.2,1000,"sd","13:14:51",8992900
23.75,0.2,3000,"sd","13:14:50",8991900
23.75,0.2,5300,"bu","13:14:46",8988900
23.75,0.2,20000,"bu","13:14:45",8983600
23.75,0.2,200,"bu","13:14:43",8963600
23.75,0.2,5000,"bu","13:14:42",8963400
23.75,0.2,4500,"sd","13:14:41",8958400
23.75,0.2,4500,"bu","13:14:40",8953900
23.7,0.15,100,"sd","13:14:38",8949400
23.75,0.2,2000,"bu","13:14:37",8949300
23.75,0.2,5500,"sd","13:14:36",8947300
23.75,0.2,3000,"sd","13:14:33",8941800
23.75,0.2,4100,"bu","13:14:32",8938800
23.75,0.2,5000,"bu","13:14:31",8934700
23.75,0.2,2000,"bu","13:14:28",8929700
23.75,0.2,2200,"bu","13:14:27",8927700
23.75,0.2,10100,"bu","13:14:26",8925500
23.75,0.2,800,"bu","13:14:25",8915400
23.75,0.2,1800,"bu","13:14:22",8914600
23.75,0.2,3000,"bu","13:14:21",8912800
23.75,0.2,1600,"bu","13:14:20",8909800
23.75,0.2,100,"bu","13:14:19",8908200
23.75,0.2,5000,"bu","13:14:16",8908100
23.75,0.2,10000,"bu","13:14:15",8903100
23.75,0.2,500,"bu","13:14:13",8893100
23.75,0.2,32600,"sd","13:14:11",8892600
23.8,0.25,500,"bu","13:14:11",8860000
23.8,0.25,200,"bu","13:14:11",8859500
23.7,0.15,600,"sd","13:14:05",8859300
23.7,0.15,7900,"sd","13:14:04",8858700
23.75,0.2,12100,"sd","13:14:04",8850800
23.75,0.2,9700,"bu","13:14:01",8838700
23.75,0.2,8000,"bu","13:14:00",8829000
23.75,0.2,3000,"bu","13:13:57",8821000
23.75,0.2,1000,"bu","13:13:56",8818000
23.75,0.2,2200,"sd","13:13:55",8817000
23.75,0.2,38200,"sd","13:13:54",8814800
23.75,0.2,36000,"sd","13:13:53",8776600
23.8,0.25,11000,"bu","13:13:51",8740600
23.8,0.25,200,"bu","13:13:49",8729600
23.8,0.25,1000,"bu","13:13:43",8729400
23.8,0.25,2000,"bu","13:13:38",8728400
23.8,0.25,400,"bu","13:13:36",8726400
23.8,0.25,5000,"bu","13:13:35",8726000
23.75,0.2,1000,"sd","13:13:34",8721000
23.8,0.25,1100,"bu","13:13:33",8720000
23.8,0.25,5000,"bu","13:13:31",8718900
23.8,0.25,5600,"bu","13:13:30",8713900
23.8,0.25,400,"bu","13:13:29",8708300
23.8,0.25,6400,"bu","13:13:25",8707900
23.75,0.2,700,"sd","13:13:25",8701500
23.8,0.25,5700,"bu","13:13:21",8700800
23.8,0.25,1000,"bu","13:13:21",8695100
23.8,0.25,2100,"bu","13:13:20",8694100
23.8,0.25,10200,"bu","13:13:18",8692000
23.8,0.25,21200,"bu","13:13:18",8681800
23.8,0.25,6000,"bu","13:13:16",8660600
23.8,0.25,1000,"bu","13:13:15",8654600
23.8,0.25,15300,"sd","13:13:14",8653600
23.8,0.25,1900,"bu","13:13:11",8638300
23.8,0.25,2000,"bu","13:13:08",8636400
23.8,0.25,11000,"bu","13:13:06",8634400
23.8,0.25,7000,"bu","13:13:05",8623400
23.8,0.25,1000,"bu","13:13:03",8616400
23.8,0.25,500,"bu","13:13:02",8615400
23.8,0.25,5000,"bu","13:13:00",8614900
23.8,0.25,10000,"bu","13:12:59",8609900
23.8,0.25,1800,"bu","13:12:56",8599900
23.8,0.25,1000,"bu","13:12:55",8598100
23.8,0.25,5000,"bu","13:12:54",8597100
23.8,0.25,2000,"bu","13:12:54",8592100
23.8,0.25,3000,"bu","13:12:53",8590100
23.8,0.25,1000,"bu","13:12:53",8587100
23.8,0.25,100,"bu","13:12:52",8586100
23.8,0.25,1000,"bu","13:12:51",8586000
23.8,0.25,5000,"bu","13:12:50",8585000
23.8,0.25,5000,"bu","13:12:50",8580000
23.8,0.25,3000,"bu","13:12:46",8575000
23.8,0.25,1200,"bu","13:12:45",8572000
23.8,0.25,30000,"bu","13:12:43",8570800
23.8,0.25,3000,"bu","13:12:42",8540800
23.8,0.25,2900,"bu","13:12:41",8537800
23.8,0.25,6500,"sd","13:12:38",8534900
23.85,0.3,1000,"bu","13:12:38",8528400
23.85,0.3,1800,"bu","13:12:37",8527400
23.8,0.25,8500,"bu","13:12:36",8525600
23.8,0.25,10900,"bu","13:12:30",8517100
23.8,0.25,200,"bu","13:12:29",8506200
23.8,0.25,5700,"sd","13:12:28",8506000
23.75,0.2,3100,"sd","13:12:24",8500300
23.8,0.25,1900,"sd","13:12:24",8497200
23.8,0.25,5900,"bu","13:12:22",8495300
23.8,0.25,11000,"bu","13:12:20",8489400
23.8,0.25,40000,"bu","13:12:16",8478400
23.8,0.25,5000,"bu","13:12:15",8438400
23.8,0.25,1400,"bu","13:12:14",8433400
23.8,0.25,1100,"bu","13:12:12",8432000
23.75,0.2,8900,"sd","13:12:09",8430900
23.8,0.25,62000,"bu","13:12:05",8422000
23.75,0.2,500,"sd","13:12:00",8360000
23.75,0.2,1000,"sd","13:11:49",8359500
23.75,0.2,400,"sd","13:11:40",8358500
23.75,0.2,6900,"bu","13:11:38",8358100
23.75,0.2,1100,"bu","13:11:35",8351200
23.75,0.2,100,"bu","13:11:26",8350100
23.7,0.15,900,"sd","13:11:17",8350000
23.8,0.25,193700,"bu","13:11:17",8349100
23.75,0.2,6300,"bu","13:11:17",8155400
23.7,0.15,5000,"sd","13:11:15",8149100
23.7,0.15,1000,"sd","13:11:14",8144100
23.75,0.2,9000,"bu","13:11:14",8143100
23.7,0.15,2000,"sd","13:11:12",8134100
23.7,0.15,100,"sd","13:11:08",8132100
23.7,0.15,500,"sd","13:11:04",8132000
23.75,0.2,90000,"bu","13:11:04",8131500
23.75,0.2,7000,"bu","13:10:56",8039500
23.7,0.15,600,"sd","13:10:54",8032500
23.75,0.2,200,"bu","13:10:54",8031900
23.7,0.15,5000,"sd","13:10:45",8031700
23.7,0.15,7000,"bu","13:10:42",8026700
23.7,0.15,58700,"bu","13:10:37",8019700
23.7,0.15,1000,"bu","13:10:36",7961000
23.65,0.1,500,"sd","13:10:23",7960000
23.7,0.15,100,"bu","13:10:19",7959500
23.7,0.15,400,"bu","13:10:14",7959400
23.7,0.15,100,"bu","13:10:08",7959000
23.7,0.15,2500,"bu","13:10:05",7958900
23.7,0.15,4800,"bu","13:10:05",7956400
23.7,0.15,5000,"bu","13:10:00",7951600
23.7,0.15,1200,"bu","13:09:54",7946600
23.7,0.15,1500,"bu","13:09:44",7945400
23.7,0.15,400,"bu","13:09:40",7943900
23.7,0.15,200,"bu","13:09:35",7943500
23.65,0.1,5000,"sd","13:09:27",7943300
23.7,0.15,400,"bu","13:09:13",7938300
23.7,0.15,1900,"bu","13:09:12",7937900
23.7,0.15,4000,"bu","13:09:11",7936000
23.7,0.15,1000,"bu","13:09:08",7932000
23.65,0.1,1000,"sd","13:09:08",7931000
23.7,0.15,700,"bu","13:08:56",7930000
23.7,0.15,500,"bu","13:08:52",7929300
23.7,0.15,10000,"bu","13:08:49",7928800
23.7,0.15,34000,"sd","13:08:48",7918800
23.7,0.15,2000,"sd","13:08:38",7884800
23.7,0.15,64500,"bu","13:08:26",7882800
23.7,0.15,17400,"bu","13:08:23",7818300
23.7,0.15,3600,"bu","13:08:22",7800900
23.65,0.1,1000,"sd","13:08:05",7797300
23.7,0.15,200,"bu","13:08:04",7796300
23.7,0.15,100,"bu","13:08:04",7796100
23.7,0.15,1000,"bu","13:07:47",7796000
23.65,0.1,2200,"sd","13:07:44",7795000
23.65,0.1,500,"sd","13:07:37",7792800
23.7,0.15,300,"bu","13:07:26",7792300
23.65,0.1,5000,"sd","13:07:22",7792000
23.65,0.1,700,"sd","13:07:06",7787000
23.65,0.1,10700,"bu","13:06:52",7786300
23.65,0.1,3100,"bu","13:06:49",7775600
23.65,0.1,700,"bu","13:06:41",7772500
23.65,0.1,200,"bu","13:06:41",7771800
23.65,0.1,500,"bu","13:06:37",7771600
23.65,0.1,34800,"sd","13:06:27",7771100
23.7,0.15,500,"bu","13:06:26",7736300
23.65,0.1,5000,"sd","13:06:24",7735800
23.7,0.15,1000,"bu","13:06:23",7730800
23.7,0.15,1000,"bu","13:06:14",7729800
23.65,0.1,10000,"sd","13:06:13",7728800
23.65,0.1,3000,"sd","13:06:05",7718800
23.65,0.1,1000,"sd","13:05:49",7715800
23.7,0.15,7600,"bu","13:05:46",7714800
23.7,0.15,500,"bu","13:05:41",7707200
23.7,0.15,10000,"bu","13:05:39",7706700
23.7,0.15,2200,"bu","13:05:33",7696700
23.7,0.15,200,"bu","13:05:32",7694500
23.7,0.15,100,"bu","13:05:30",7694300
23.7,0.15,200,"bu","13:05:27",7694200
23.7,0.15,1000,"bu","13:05:24",7694000
23.7,0.15,21500,"sd","13:05:23",7693000
23.7,0.15,800,"sd","13:05:20",7671500
23.7,0.15,100,"sd","13:05:19",7670700
23.7,0.15,2700,"bu","13:05:17",7670600
23.7,0.15,100,"bu","13:05:14",7667900
23.7,0.15,900,"bu","13:05:13",7667800
23.7,0.15,19900,"bu","13:05:08",7666900
23.7,0.15,20000,"bu","13:05:03",7647000
23.7,0.15,1000,"bu","13:04:36",7627000
23.7,0.15,7200,"bu","13:04:35",7626000
23.65,0.1,1000,"sd","13:04:31",7618800
23.7,0.15,4500,"bu","13:04:29",7617800
23.7,0.15,21200,"bu","13:04:27",7613300
23.65,0.1,500,"sd","13:04:24",7592100
23.7,0.15,3000,"bu","13:04:22",7591600
23.65,0.1,400,"sd","13:04:21",7588600
23.65,0.1,1500,"sd","13:04:20",7588200
23.65,0.1,300,"sd","13:04:19",7586700
23.65,0.1,400,"sd","13:04:05",7586400
23.6,0.05,8800,"sd","13:03:58",7586000
23.65,0.1,12600,"sd","13:03:58",7577200
23.65,0.1,2000,"sd","13:03:52",7564600
23.65,0.1,500,"sd","13:03:51",7562600
23.65,0.1,10000,"sd","13:03:45",7562100
23.65,0.1,1000,"sd","13:03:31",7552100
23.65,0.1,100,"sd","13:03:30",7551100
23.7,0.15,6900,"bu","13:03:28",7551000
23.65,0.1,3600,"bu","13:03:28",7544100
23.6,0.05,500,"sd","13:03:27",7540500
23.65,0.1,22000,"bu","13:03:26",7540000
23.65,0.1,100,"bu","13:03:25",7518000
23.65,0.1,11000,"bu","13:03:24",7517900
23.65,0.1,8000,"bu","13:03:19",7506900
23.65,0.1,10000,"bu","13:03:17",7498900
23.65,0.1,11000,"bu","13:03:14",7488900
23.6,0.05,100,"sd","13:03:11",7477900
23.65,0.1,22000,"bu","13:03:11",7477800
23.6,0.05,50000,"sd","13:03:10",7455800
23.65,0.1,100,"bu","13:03:09",7405800
23.6,0.05,10000,"sd","13:03:07",7405700
23.65,0.1,2000,"bu","13:02:44",7395700
23.6,0.05,1100,"sd","13:02:42",7393700
23.6,0.05,100,"sd","13:02:40",7392600
23.6,0.05,500,"sd","13:02:36",7392500
23.6,0.05,1000,"sd","13:02:20",7392000
23.6,0.05,200,"sd","13:02:18",7391000
23.6,0.05,2000,"sd","13:02:14",7390800
23.6,0.05,500,"sd","13:02:05",7388800
23.6,0.05,1200,"sd","13:02:04",7388300
23.6,0.05,3000,"sd","13:02:02",7387100
23.6,0.05,4000,"sd","13:01:59",7384100
23.6,0.05,200,"sd","13:01:57",7380100
23.6,0.05,30000,"sd","13:01:57",7379900
23.6,0.05,2000,"sd","13:01:54",7349900
23.6,0.05,200,"sd","13:01:53",7347900
23.6,0.05,400,"sd","13:01:48",7347700
23.6,0.05,15100,"sd","13:01:35",7347300
23.6,0.05,44500,"bu","13:01:15",7332200
23.6,0.05,50000,"bu","13:01:09",7287700
23.6,0.05,1100,"bu","13:01:06",7237700
23.6,0.05,5800,"bu","13:00:53",7236600
23.6,0.05,3000,"bu","13:00:49",7230800
23.6,0.05,2000,"bu","13:00:47",7227800
23.6,0.05,200,"bu","13:00:44",7225800
23.6,0.05,1000,"bu","13:00:39",7225600
23.55,0,100,"sd","13:00:31",7224600
23.6,0.05,200,"bu","13:00:30",7224500
23.55,0,700,"sd","13:00:29",7224300
23.55,0,2000,"sd","13:00:28",7223600
23.55,0,11000,"sd","13:00:28",7221600
23.55,0,10000,"sd","13:00:26",7210600
23.55,0,1000,"sd","13:00:25",7200600
23.55,0,1000,"sd","13:00:25",7199600
23.6,0.05,1000,"bu","13:00:25",7198600
23.55,0,15000,"sd","13:00:24",7197600
23.55,0,3300,"sd","13:00:23",7182600
23.55,0,100,"sd","13:00:22",7179300
23.55,0,900,"sd","13:00:19",7179200
23.6,0.05,100,"bu","13:00:19",7178300
23.55,0,100,"sd","13:00:17",7178200
23.55,0,300,"sd","13:00:17",7178100
23.55,0,700,"sd","13:00:16",7177800
23.55,0,200,"sd","13:00:15",7177100
23.55,0,100,"sd","13:00:14",7176900
23.6,0.05,600,"bu","13:00:14",7176800
23.55,0,1000,"sd","13:00:14",7176200
23.55,0,1000,"sd","13:00:13",7175200
23.6,0.05,1800,"bu","13:00:13",7174200
23.55,0,2200,"sd","13:00:13",7172400
23.6,0.05,3300,"bu","13:00:13",7170200
23.55,0,2000,"sd","13:00:12",7166900
23.6,0.05,7200,"bu","13:00:12",7164900
23.55,0,200,"sd","13:00:12",7157700
23.55,0,5000,"sd","13:00:11",7157500
23.6,0.05,13500,"bu","13:00:11",7152500
23.55,0,8000,"sd","13:00:10",7139000
23.55,0,10000,"sd","13:00:09",7131000
23.6,0.05,19500,"bu","13:00:09",7121000
23.55,0,5000,"sd","13:00:09",7101500
23.55,0,10000,"sd","13:00:06",7096500
23.55,0,1000,"sd","13:00:05",7086500
23.6,0.05,500,"bu","13:00:05",7085500
23.55,0,300,"sd","13:00:05",7085000
23.55,0,1200,"sd","13:00:04",7084700
23.55,0,100,"sd","13:00:04",7083500
23.55,0,8000,"sd","13:00:03",7083400
23.55,0,1800,"sd","13:00:02",7075400
23.55,0,5100,"sd","13:00:01",7073600
23.55,0,100,"sd","13:00:00",7068500
23.6,0.05,500,"bu","13:00:00",7068400
23.55,0,10700,"sd","13:00:00",7067900
23.6,0.05,21700,"bu","13:00:00",7057200
23.55,0,15000,"sd","11:29:50",7035500
23.55,0,1000,"sd","11:29:48",7020500
23.55,0,100,"sd","11:29:41",7019500
23.55,0,1600,"sd","11:29:38",7019400
23.55,0,3400,"sd","11:29:37",7017800
23.55,0,2000,"sd","11:29:31",7014400
23.55,0,15000,"sd","11:29:27",7012400
23.55,0,4000,"sd","11:29:26",6997400
23.6,0.05,500,"bu","11:29:25",6993400
23.6,0.05,4500,"bu","11:29:25",6992900
23.6,0.05,100,"bu","11:29:07",6988400
23.55,0,4000,"sd","11:29:07",6988300
23.55,0,5900,"sd","11:28:55",6984300
23.55,0,76100,"sd","11:28:54",6978400
23.55,0,1000,"sd","11:28:46",6902300
23.6,0.05,500,"bu","11:28:46",6901300
23.6,0.05,500,"bu","11:28:45",6900800
23.6,0.05,600,"bu","11:28:41",6900300
23.55,0,7500,"sd","11:28:30",6899700
23.6,0.05,10000,"bu","11:28:28",6892200
23.6,0.05,800,"bu","11:28:24",6882200
23.6,0.05,5000,"bu","11:28:17",6881400
23.55,0,100,"sd","11:28:12",6876400
23.6,0.05,5000,"bu","11:28:11",6876300
23.55,0,2000,"sd","11:27:55",6871300
23.6,0.05,500,"bu","11:27:55",6869300
23.6,0.05,2000,"bu","11:27:52",6868800
23.6,0.05,2800,"bu","11:27:51",6866800
23.6,0.05,2300,"bu","11:27:45",6864000
23.6,0.05,3000,"bu","11:27:43",6861700
23.6,0.05,2000,"bu","11:27:41",6858700
23.6,0.05,900,"bu","11:27:40",6856700
23.6,0.05,800,"bu","11:27:25",6855800
23.6,0.05,2000,"bu","11:27:06",6855000
23.6,0.05,100,"bu","11:27:01",6853000
23.6,0.05,1100,"bu","11:26:58",6852900
23.6,0.05,3000,"bu","11:26:50",6851800
23.6,0.05,8200,"bu","11:26:36",6848800
23.6,0.05,3000,"bu","11:26:36",6840600
23.6,0.05,3000,"bu","11:26:26",6837600
23.6,0.05,2000,"bu","11:26:22",6834600
23.55,0,6800,"sd","11:25:59",6832600
23.55,0,5000,"sd","11:25:41",6825800
23.6,0.05,900,"bu","11:25:40",6820800
23.6,0.05,10000,"bu","11:25:35",6819900
23.6,0.05,3200,"bu","11:25:28",6809900
23.6,0.05,6800,"sd","11:25:00",6806700
23.6,0.05,8000,"sd","11:24:59",6799900
23.6,0.05,500,"sd","11:24:58",6791900
23.6,0.05,28700,"sd","11:24:55",6791400
23.6,0.05,21100,"sd","11:24:54",6762700
23.6,0.05,1000,"sd","11:24:51",6741600
23.6,0.05,1500,"sd","11:24:27",6740600
23.6,0.05,10300,"sd","11:24:20",6739100
23.6,0.05,1000,"sd","11:24:07",6728800
23.65,0.1,800,"bu","11:23:54",6727800
23.6,0.05,4100,"sd","11:23:33",6727000
23.6,0.05,10000,"sd","11:23:31",6722900
23.6,0.05,800,"sd","11:23:30",6712900
23.6,0.05,10000,"sd","11:23:23",6712100
23.6,0.05,2900,"sd","11:23:18",6702100
23.6,0.05,100,"sd","11:23:12",6699200
23.6,0.05,100,"sd","11:23:06",6699100
23.6,0.05,100,"sd","11:22:44",6699000
23.6,0.05,2000,"sd","11:22:43",6698900
23.6,0.05,100,"sd","11:22:40",6696900
23.6,0.05,1000,"sd","11:22:35",6696800
23.6,0.05,200,"sd","11:22:24",6695800
23.6,0.05,100,"sd","11:22:22",6695600
23.6,0.05,100,"sd","11:22:04",6695500
23.6,0.05,6000,"sd","11:22:01",6695400
23.6,0.05,800,"sd","11:21:59",6689400
23.6,0.05,400,"sd","11:21:47",6688600
23.6,0.05,8000,"sd","11:21:42",6688200
23.6,0.05,4000,"sd","11:21:37",6680200
23.6,0.05,900,"sd","11:21:31",6676200
23.6,0.05,5000,"sd","11:21:30",6675300
23.6,0.05,500,"sd","11:21:23",6670300
23.6,0.05,300,"sd","11:20:46",6669800
23.6,0.05,400,"sd","11:20:37",6669500
23.6,0.05,500,"sd","11:20:16",6669100
23.6,0.05,100,"sd","11:20:11",6668600
23.6,0.05,500,"sd","11:20:01",6668500
23.6,0.05,100,"sd","11:19:56",6668000
23.6,0.05,600,"sd","11:19:50",6667900
23.6,0.05,1000,"sd","11:19:32",6667300
23.65,0.1,1100,"bu","11:19:29",6666300
23.6,0.05,500,"sd","11:19:20",6665200
23.6,0.05,20100,"sd","11:18:58",6664700
23.65,0.1,300,"bu","11:18:56",6644600
23.65,0.1,300,"sd","11:18:44",6644300
23.65,0.1,700,"sd","11:18:42",6644000
23.65,0.1,3000,"sd","11:18:39",6643300
23.65,0.1,1000,"sd","11:18:37",6640300
23.65,0.1,400,"sd","11:18:35",6639300
23.65,0.1,3000,"sd","11:18:34",6638900
23.65,0.1,1500,"sd","11:18:33",6635900
23.65,0.1,32700,"sd","11:18:28",6634400
23.65,0.1,26200,"sd","11:18:28",6601700
23.65,0.1,5000,"sd","11:18:26",6575500
23.65,0.1,300,"sd","11:18:22",6570500
23.65,0.1,6400,"sd","11:18:18",6570200
23.65,0.1,800,"sd","11:18:17",6563800
23.7,0.15,5000,"bu","11:18:14",6563000
23.65,0.1,25000,"sd","11:18:13",6558000
23.65,0.1,35000,"sd","11:18:10",6533000
23.65,0.1,1500,"sd","11:18:06",6498000
23.65,0.1,30000,"sd","11:18:03",6496500
23.65,0.1,15000,"sd","11:17:48",6466500
23.65,0.1,3000,"sd","11:17:46",6451500
23.65,0.1,10000,"sd","11:17:42",6448500
23.65,0.1,600,"sd","11:17:42",6438500
23.65,0.1,5000,"sd","11:17:28",6437900
23.65,0.1,100,"sd","11:17:02",6432900
23.65,0.1,2000,"sd","11:16:47",6432800
23.65,0.1,5000,"sd","11:16:35",6430800
23.65,0.1,200,"sd","11:15:37",6425800
23.65,0.1,3000,"sd","11:15:26",6425600
23.65,0.1,500,"sd","11:15:13",6422600
23.7,0.15,1000,"bu","11:15:01",6422100
23.7,0.15,300,"bu","11:14:57",6421100
23.7,0.15,5000,"bu","11:14:46",6420800
23.7,0.15,100,"bu","11:14:27",6415800
23.65,0.1,2000,"sd","11:14:16",6415700
23.65,0.1,200,"sd","11:14:14",6413700
23.7,0.15,1000,"bu","11:14:08",6413500
23.7,0.15,800,"bu","11:13:52",6412500
23.7,0.15,500,"bu","11:13:30",6411700
23.7,0.15,500,"bu","11:12:36",6411200
23.7,0.15,100,"bu","11:12:07",6410700
23.7,0.15,1600,"sd","11:12:05",6410600
23.7,0.15,10000,"sd","11:12:04",6409000
23.7,0.15,500,"sd","11:11:57",6399000
23.7,0.15,500,"sd","11:11:48",6398500
23.7,0.15,200,"bu","11:11:26",6398000
23.7,0.15,1000,"bu","11:11:07",6397800
23.7,0.15,10000,"bu","11:10:57",6396800
23.7,0.15,1000,"bu","11:10:57",6386800
23.7,0.15,100,"bu","11:10:46",6385800
23.7,0.15,900,"bu","11:10:27",6385700
23.7,0.15,2000,"bu","11:10:17",6384800
23.7,0.15,200,"bu","11:10:01",6382800
23.7,0.15,300,"bu","11:10:00",6382600
23.7,0.15,2900,"sd","11:09:51",6382300
23.7,0.15,500,"sd","11:09:49",6379400
23.7,0.15,4300,"sd","11:09:38",6378900
23.7,0.15,200,"sd","11:09:37",6374600
23.7,0.15,500,"sd","11:09:36",6374400
23.7,0.15,8000,"sd","11:09:33",6373900
23.7,0.15,1500,"sd","11:09:31",6365900
23.7,0.15,10000,"sd","11:09:30",6364400
23.7,0.15,200,"sd","11:09:29",6354400
23.7,0.15,25000,"sd","11:09:27",6354200
23.7,0.15,1000,"sd","11:09:25",6329200
23.7,0.15,5000,"sd","11:09:15",6328200
23.7,0.15,200,"sd","11:09:13",6323200
23.7,0.15,300,"sd","11:08:57",6323000
23.7,0.15,800,"sd","11:08:49",6322700
23.7,0.15,100,"sd","11:08:35",6321900
23.7,0.15,500,"sd","11:08:24",6321800
23.7,0.15,600,"sd","11:08:23",6321300
23.7,0.15,600,"sd","11:08:00",6320700
23.7,0.15,5000,"sd","11:07:44",6319600
23.7,0.15,1000,"sd","11:07:41",6314600
23.7,0.15,1100,"sd","11:07:32",6313600
23.7,0.15,2000,"sd","11:07:14",6312500
23.7,0.15,500,"sd","11:07:09",6310500
23.7,0.15,2300,"sd","11:07:06",6310000
23.7,0.15,23400,"sd","11:06:59",6307700
23.7,0.15,5000,"sd","11:06:52",6284300
23.7,0.15,30000,"sd","11:06:43",6279300
23.7,0.15,2000,"sd","11:06:38",6249300
23.7,0.15,6100,"sd","11:06:36",6247300
23.7,0.15,100,"sd","11:06:28",6241200
23.7,0.15,1000,"sd","11:06:27",6241100
23.7,0.15,10000,"sd","11:06:26",6240100
23.7,0.15,1800,"sd","11:06:24",6230100
23.7,0.15,15100,"sd","11:06:23",6228300
23.7,0.15,30000,"sd","11:06:20",6213200
23.7,0.15,900,"sd","11:06:15",6183200
23.7,0.15,39100,"sd","11:06:14",6182300
23.7,0.15,2700,"sd","11:06:06",6143200
23.7,0.15,800,"sd","11:05:49",6140500
23.75,0.2,1000,"bu","11:04:43",6139700
23.7,0.15,10000,"sd","11:04:34",6138700
23.7,0.15,2000,"sd","11:04:20",6128700
23.7,0.15,10400,"sd","11:04:17",6126700
23.7,0.15,100,"sd","11:04:13",6116300
23.7,0.15,500,"sd","11:04:05",6116200
23.7,0.15,5000,"sd","11:04:02",6115700
23.7,0.15,200,"sd","11:04:01",6110700
23.7,0.15,100,"sd","11:03:56",6110500
23.7,0.15,200,"sd","11:03:50",6110400
23.7,0.15,5000,"sd","11:03:47",6110200
23.7,0.15,1000,"sd","11:03:44",6105200
23.7,0.15,300,"sd","11:03:38",6104200
23.7,0.15,5000,"sd","11:03:21",6103900
23.7,0.15,700,"sd","11:03:16",6098900
23.7,0.15,400,"sd","11:03:10",6098200
23.7,0.15,400,"sd","11:03:09",6097800
23.7,0.15,200,"sd","11:02:54",6097400
23.7,0.15,100,"sd","11:02:48",6097200
23.7,0.15,1000,"sd","11:02:39",6097100
23.7,0.15,1000,"sd","11:02:18",6096100
23.7,0.15,100,"sd","11:02:10",6095100
23.75,0.2,1000,"bu","11:01:56",6095000
23.7,0.15,2000,"sd","11:01:46",6094000
23.7,0.15,2200,"sd","11:01:33",6092000
23.7,0.15,5000,"sd","11:01:32",6089800
23.75,0.2,10000,"bu","11:01:20",6084800
23.75,0.2,10000,"bu","11:01:10",6074800
23.75,0.2,200,"bu","11:01:04",6064800
23.75,0.2,100,"bu","11:01:03",6064600
23.75,0.2,500,"bu","11:00:49",6064500
23.7,0.15,6000,"sd","11:00:46",6064000
23.75,0.2,40000,"bu","11:00:42",6058000
23.7,0.15,1000,"sd","11:00:42",6018000
23.75,0.2,300,"bu","11:00:14",6017000
23.75,0.2,135400,"sd","11:00:00",6016700
23.75,0.2,2400,"sd","10:59:55",5881300
23.8,0.25,500,"bu","10:59:38",5878900
23.8,0.25,100,"bu","10:59:05",5878400
23.8,0.25,200,"bu","10:58:43",5878300
23.8,0.25,100,"bu","10:58:36",5878100
23.8,0.25,100,"bu","10:58:35",5878000
23.8,0.25,700,"bu","10:58:18",5877900
23.75,0.2,9600,"sd","10:58:05",5877200
23.8,0.25,30000,"bu","10:58:05",5867600
23.8,0.25,100,"bu","10:58:01",5837600
23.8,0.25,38000,"bu","10:58:00",5837500
23.8,0.25,1000,"bu","10:57:50",5799500
23.75,0.2,1000,"sd","10:57:50",5798500
23.75,0.2,5000,"sd","10:57:49",5797500
23.8,0.25,300,"bu","10:57:39",5792500
23.8,0.25,800,"bu","10:57:36",5792200
23.8,0.25,500,"bu","10:57:34",5791400
23.75,0.2,1000,"sd","10:57:22",5790900
23.8,0.25,4000,"bu","10:57:08",5789900
23.8,0.25,500,"bu","10:57:01",5785900
23.8,0.25,59000,"bu","10:56:45",5785400
23.75,0.2,1300,"sd","10:56:38",5726400
23.75,0.2,1000,"sd","10:56:36",5725100
23.8,0.25,1000,"bu","10:56:21",5724100
23.75,0.2,1000,"sd","10:56:08",5723100
23.8,0.25,100,"bu","10:56:06",5722100
23.75,0.2,700,"sd","10:56:05",5722000
23.8,0.25,1000,"bu","10:55:57",5721300
23.8,0.25,200,"bu","10:55:56",5720300
23.8,0.25,2000,"bu","10:55:47",5720100
23.8,0.25,100,"bu","10:55:38",5718100
23.8,0.25,30200,"sd","10:55:30",5718000
23.8,0.25,100,"sd","10:55:28",5687800
23.8,0.25,10000,"sd","10:55:27",5687700
23.8,0.25,1000,"sd","10:55:26",5677700
23.8,0.25,2000,"sd","10:55:21",5676700
23.8,0.25,2000,"sd","10:55:20",5674700
23.8,0.25,100,"sd","10:55:16",5672700
23.8,0.25,800,"bu","10:55:10",5672600
23.8,0.25,97900,"bu","10:55:09",5671800
23.8,0.25,5000,"bu","10:55:04",5573900
23.8,0.25,500,"bu","10:54:53",5568900
23.8,0.25,2000,"bu","10:54:46",5568400
23.8,0.25,1000,"bu","10:54:20",5566400
23.8,0.25,1000,"bu","10:54:18",5565400
23.75,0.2,1200,"sd","10:54:07",5564400
23.8,0.25,1100,"bu","10:53:58",5563200
23.8,0.25,10000,"bu","10:53:38",5562100
23.75,0.2,500,"sd","10:53:37",5552100
23.8,0.25,2000,"bu","10:53:36",5551600
23.8,0.25,2000,"bu","10:53:28",5549600
23.75,0.2,3000,"sd","10:53:15",5547600
23.75,0.2,4500,"sd","10:53:13",5544600
23.75,0.2,1500,"sd","10:53:07",5540100
23.75,0.2,1000,"sd","10:53:06",5538600
23.75,0.2,500,"sd","10:52:51",5537600
23.75,0.2,2000,"sd","10:52:41",5537100
23.75,0.2,400,"sd","10:52:38",5535100
23.75,0.2,15000,"sd","10:52:36",5534700
23.75,0.2,1000,"sd","10:52:34",5519700
23.75,0.2,200,"sd","10:52:32",5518700
23.75,0.2,2000,"sd","10:52:29",5518500
23.75,0.2,700,"sd","10:52:09",5516500
23.75,0.2,700,"sd","10:52:05",5515800
23.8,0.25,2000,"bu","10:51:52",5515100
23.8,0.25,200,"bu","10:51:43",5513100
23.8,0.25,1000,"bu","10:51:40",5512900
23.8,0.25,100,"bu","10:51:37",5511900
23.8,0.25,500,"bu","10:51:35",5511800
23.8,0.25,100,"bu","10:51:29",5511300
23.8,0.25,1000,"bu","10:51:27",5511200
23.8,0.25,5500,"bu","10:51:20",5510200
23.8,0.25,200,"bu","10:51:19",5504700
23.8,0.25,1400,"bu","10:51:15",5504500
23.8,0.25,1000,"bu","10:51:11",5503100
23.8,0.25,500,"bu","10:51:07",5502100
23.8,0.25,1000,"bu","10:51:06",5501600
23.8,0.25,500,"bu","10:51:03",5500600
23.8,0.25,5000,"bu","10:50:57",5500100
23.8,0.25,200,"bu","10:50:56",5495100
23.8,0.25,200,"bu","10:50:54",5494900
23.8,0.25,600,"bu","10:50:50",5494700
23.8,0.25,10000,"bu","10:50:48",5494100
23.8,0.25,10000,"bu","10:50:46",5484100
23.8,0.25,5000,"bu","10:50:41",5474100
23.8,0.25,100,"bu","10:50:38",5469100
23.8,0.25,5000,"bu","10:50:30",5469000
23.8,0.25,3000,"bu","10:50:26",5464000
23.8,0.25,1000,"bu","10:50:25",5461000
23.8,0.25,2100,"bu","10:50:22",5460000
23.8,0.25,100,"bu","10:50:21",5457900
23.8,0.25,200,"bu","10:50:17",5457800
23.8,0.25,3000,"bu","10:50:12",5457600
23.8,0.25,2500,"bu","10:50:09",5454600
23.8,0.25,200,"bu","10:50:08",5452100
23.8,0.25,3000,"bu","10:50:04",5451900
23.8,0.25,5000,"bu","10:50:03",5448900
23.8,0.25,1000,"bu","10:50:00",5443900
23.8,0.25,1200,"bu","10:49:55",5442900
23.8,0.25,3800,"sd","10:49:52",5441700
23.8,0.25,100,"sd","10:49:46",5437900
23.8,0.25,200,"sd","10:49:43",5437800
23.8,0.25,1000,"sd","10:49:38",5437600
23.85,0.3,5000,"bu","10:49:36",5436600
23.85,0.3,22000,"bu","10:49:34",5431600
23.8,0.25,1000,"sd","10:49:32",5409600
23.8,0.25,1200,"bu","10:49:27",5408600
23.8,0.25,1400,"sd","10:49:21",5407400
23.8,0.25,3000,"sd","10:49:19",5406000
23.8,0.25,12900,"bu","10:49:14",5403000
23.8,0.25,283700,"bu","10:49:14",5390100
23.75,0.2,200,"sd","10:49:13",5106400
23.75,0.2,3100,"sd","10:49:08",5106200
23.8,0.25,1700,"bu","10:48:59",5103100
23.75,0.2,1300,"sd","10:48:58",5101400
23.75,0.2,5000,"sd","10:48:52",5100100
23.75,0.2,4000,"sd","10:48:52",5095100
23.75,0.2,189700,"bu","10:48:51",5091100
23.75,0.2,1200,"bu","10:48:48",4901400
23.75,0.2,23200,"bu","10:48:45",4900200
23.7,0.15,1000,"sd","10:48:41",4877000
23.75,0.2,100,"bu","10:48:41",4876000
23.75,0.2,3500,"bu","10:48:37",4875900
23.75,0.2,3500,"bu","10:48:33",4872400
23.75,0.2,300,"bu","10:48:19",4868900
23.7,0.15,600,"sd","10:48:13",4868600
23.7,0.15,300,"sd","10:48:08",4868000
23.7,0.15,1000,"sd","10:48:07",4867700
23.75,0.2,200,"bu","10:48:05",4866700
23.75,0.2,400,"bu","10:48:04",4866500
23.75,0.2,500,"bu","10:48:03",4866100
23.75,0.2,500,"bu","10:48:01",4865600
23.75,0.2,400,"bu","10:47:56",4865100
23.7,0.15,100,"sd","10:47:43",4864700
23.7,0.15,105900,"bu","10:47:38",4864600
23.7,0.15,226100,"bu","10:47:38",4758700
23.7,0.15,1800,"bu","10:47:36",4532600
23.65,0.1,2000,"sd","10:47:31",4530800
23.65,0.1,1000,"sd","10:47:17",4528800
23.7,0.15,500,"bu","10:47:16",4527800
23.7,0.15,1000,"bu","10:47:14",4527300
23.7,0.15,1000,"bu","10:47:12",4526300
23.7,0.15,3000,"bu","10:47:10",4525300
23.7,0.15,1000,"bu","10:47:09",4522300
23.7,0.15,300,"bu","10:46:32",4521300
23.65,0.1,1500,"sd","10:46:20",4521000
23.65,0.1,300,"sd","10:46:19",4519500
23.7,0.15,1000,"bu","10:46:16",4519200
23.65,0.1,2000,"sd","10:46:11",4518200
23.7,0.15,10000,"bu","10:46:10",4516200
23.65,0.1,3100,"sd","10:46:04",4506200
23.65,0.1,1000,"sd","10:45:48",4503100
23.65,0.1,400,"sd","10:45:39",4502100
23.7,0.15,100,"bu","10:45:38",4501700
23.65,0.1,17600,"sd","10:45:27",4501600
23.65,0.1,2500,"sd","10:45:26",4484000
23.7,0.15,600,"bu","10:45:24",4481500
23.65,0.1,100,"sd","10:45:15",4480900
23.7,0.15,500,"bu","10:45:12",4480800
23.65,0.1,5400,"bu","10:45:11",4480300
23.65,0.1,2000,"bu","10:45:09",4474900
23.65,0.1,4000,"bu","10:45:03",4472900
23.65,0.1,10000,"bu","10:44:57",4468900
23.65,0.1,200,"bu","10:44:55",4458900
23.65,0.1,200,"bu","10:44:52",4458700
23.6,0.05,300,"sd","10:44:43",4458500
23.65,0.1,1000,"bu","10:44:42",4458200
23.65,0.1,5000,"bu","10:44:34",4457200
23.65,0.1,300,"bu","10:44:33",4452200
23.65,0.1,200,"bu","10:44:33",4451900
23.65,0.1,500,"bu","10:44:19",4450700
23.65,0.1,1000,"bu","10:44:17",4450200
23.65,0.1,80000,"bu","10:44:16",4449200
23.65,0.1,300,"bu","10:44:15",4369200
23.65,0.1,200,"bu","10:44:04",4368900
23.65,0.1,10000,"bu","10:44:03",4368700
23.6,0.05,100,"sd","10:43:57",4358700
23.65,0.1,5000,"bu","10:43:57",4358600
23.65,0.1,800,"bu","10:43:54",4353600
23.65,0.1,5200,"bu","10:43:50",4352800
23.65,0.1,1000,"bu","10:43:39",4347600
23.6,0.05,20000,"sd","10:43:35",4346600
23.6,0.05,200,"sd","10:43:25",4326600
23.65,0.1,2000,"bu","10:43:24",4326400
23.65,0.1,1300,"bu","10:43:18",4324400
23.6,0.05,10000,"sd","10:43:10",4323100
23.65,0.1,1800,"bu","10:43:09",4313100
23.6,0.05,500,"sd","10:43:01",4311300
23.6,0.05,25500,"sd","10:42:56",4310800
23.6,0.05,900,"sd","10:42:53",4285300
23.6,0.05,500,"sd","10:42:51",4284400
23.6,0.05,2000,"sd","10:42:43",4283900
23.6,0.05,30000,"sd","10:42:36",4281900
23.65,0.1,200,"bu","10:42:28",4251900
23.65,0.1,2500,"bu","10:42:08",4251700
23.6,0.05,1000,"sd","10:42:06",4249200
23.6,0.05,100,"sd","10:42:03",4248200
23.6,0.05,20000,"sd","10:42:00",4248100
23.6,0.05,100,"sd","10:41:57",4228100
23.6,0.05,1000,"sd","10:41:32",4228000
23.6,0.05,3000,"sd","10:41:31",4227000
23.65,0.1,200,"bu","10:41:29",4224000
23.6,0.05,600,"sd","10:41:26",4223800
23.65,0.1,1300,"bu","10:41:21",4223200
23.65,0.1,100,"bu","10:41:19",4221900
23.65,0.1,200,"bu","10:41:17",4221800
23.6,0.05,100,"sd","10:41:14",4221600
23.6,0.05,24400,"bu","10:41:12",4221500
23.55,0,500,"sd","10:41:12",4197100
23.6,0.05,400,"bu","10:41:12",4196600
23.6,0.05,1000,"bu","10:41:09",4196200
23.6,0.05,3000,"bu","10:41:07",4195200
23.6,0.05,400,"bu","10:41:03",4192200
23.6,0.05,1000,"bu","10:41:01",4191800
23.6,0.05,1300,"bu","10:40:57",4190800
23.6,0.05,600,"bu","10:40:56",4189500
23.6,0.05,20000,"bu","10:40:53",4188900
23.6,0.05,1000,"bu","10:40:47",4168900
23.6,0.05,1300,"bu","10:40:27",4167900
23.55,0,3000,"sd","10:40:23",4166600
23.6,0.05,6000,"bu","10:40:16",4163600
23.6,0.05,1000,"bu","10:40:13",4157600
23.6,0.05,10000,"bu","10:40:11",4156600
23.6,0.05,500,"bu","10:40:10",4146600
23.6,0.05,400,"bu","10:40:05",4146100
23.6,0.05,9000,"bu","10:40:02",4145700
23.6,0.05,3000,"bu","10:39:58",4136700
23.6,0.05,400,"bu","10:39:34",4133700
23.6,0.05,500,"bu","10:39:25",4133300
23.6,0.05,1700,"bu","10:39:23",4132800
23.6,0.05,2100,"bu","10:39:22",4131100
23.6,0.05,100,"bu","10:38:54",4129000
23.55,0,1000,"sd","10:38:52",4128900
23.55,0,700,"sd","10:38:42",4127900
23.6,0.05,100,"bu","10:38:35",4127200
23.55,0,54700,"sd","10:38:32",4127100
23.6,0.05,500,"bu","10:38:30",4072400
23.6,0.05,300,"bu","10:38:25",4071900
23.6,0.05,800,"bu","10:38:22",4071600
23.6,0.05,1500,"bu","10:38:20",4070800
23.6,0.05,1100,"bu","10:38:16",4069300
23.6,0.05,5000,"bu","10:38:07",4068200
23.6,0.05,2000,"bu","10:37:59",4063200
23.6,0.05,1100,"sd","10:37:56",4061200
23.6,0.05,9800,"sd","10:37:55",4060100
23.6,0.05,6000,"sd","10:37:16",4050300
23.65,0.1,500,"bu","10:37:15",4044300
23.6,0.05,1000,"sd","10:37:13",4043800
23.65,0.1,100,"bu","10:37:03",4042800
23.6,0.05,100,"sd","10:36:55",4042700
23.6,0.05,500,"sd","10:36:31",4042600
23.6,0.05,2000,"sd","10:36:25",4042100
23.65,0.1,300,"bu","10:36:21",4040100
23.6,0.05,10800,"sd","10:36:10",4039800
23.6,0.05,2000,"sd","10:36:10",4029000
23.6,0.05,500,"sd","10:36:00",4027000
23.6,0.05,7000,"sd","10:35:44",4026500
23.6,0.05,100,"sd","10:35:32",4019500
23.6,0.05,5000,"sd","10:35:30",4019400
23.6,0.05,200,"sd","10:35:07",4014400
23.6,0.05,5000,"bu","10:34:51",4014200
23.6,0.05,100,"bu","10:34:49",4009200
23.6,0.05,1000,"bu","10:34:44",4009100
23.6,0.05,1300,"bu","10:34:39",4008100
23.6,0.05,2900,"bu","10:34:36",4006800
23.6,0.05,10000,"bu","10:34:35",4003900
23.6,0.05,1000,"bu","10:34:33",3993900
23.6,0.05,1000,"bu","10:34:30",3992900
23.6,0.05,17400,"sd","10:34:13",3991900
23.6,0.05,500,"sd","10:34:03",3974500
23.6,0.05,5000,"sd","10:33:51",3974000
23.6,0.05,200,"sd","10:33:48",3969000
23.6,0.05,900,"sd","10:33:47",3968800
23.6,0.05,2800,"bu","10:33:38",3967900
23.6,0.05,1000,"bu","10:33:25",3965100
23.55,0,1100,"sd","10:33:13",3964100
23.6,0.05,2000,"bu","10:33:09",3963000
23.6,0.05,200,"bu","10:33:08",3961000
23.6,0.05,6000,"bu","10:33:05",3960800
23.6,0.05,6000,"bu","10:33:02",3954800
23.6,0.05,400,"bu","10:32:44",3948800
23.6,0.05,300,"bu","10:32:39",3948400
23.6,0.05,33200,"sd","10:32:38",3948100
23.6,0.05,6000,"sd","10:32:27",3914900
23.6,0.05,600,"sd","10:32:18",3908900
23.6,0.05,23000,"sd","10:32:14",3908300
23.6,0.05,400,"sd","10:32:05",3885300
23.6,0.05,2000,"sd","10:31:55",3884900
23.6,0.05,600,"sd","10:31:43",3882900
23.6,0.05,11000,"sd","10:31:35",3882300
23.6,0.05,10000,"sd","10:31:19",3871300
23.6,0.05,20000,"sd","10:31:10",3861300
23.65,0.1,110400,"bu","10:30:59",3841300
23.65,0.1,1900,"bu","10:30:55",3730900
23.6,0.05,200,"sd","10:30:52",3729000
23.6,0.05,1000,"sd","10:30:49",3728800
23.6,0.05,200,"sd","10:30:19",3727800
23.6,0.05,400,"sd","10:30:13",3727600
23.65,0.1,200,"bu","10:30:03",3727200
23.6,0.05,100,"sd","10:29:55",3727000
23.6,0.05,500,"sd","10:29:52",3726900
23.6,0.05,6300,"sd","10:29:46",3726400
23.6,0.05,5000,"sd","10:29:44",3720100
23.6,0.05,3000,"sd","10:29:22",3715100
23.6,0.05,20000,"sd","10:29:08",3712100
23.6,0.05,2800,"sd","10:28:58",3692100
23.6,0.05,2000,"sd","10:28:38",3689300
23.6,0.05,113100,"bu","10:28:33",3687300
23.6,0.05,50000,"bu","10:28:30",3574200
23.6,0.05,500,"bu","10:28:28",3524200
23.55,0,1000,"sd","10:28:27",3523700
23.55,0,300,"sd","10:28:24",3522700
23.6,0.05,400,"bu","10:28:22",3522400
23.6,0.05,600,"bu","10:28:21",3522000
23.6,0.05,100,"bu","10:28:14",3521400
23.55,0,500,"sd","10:28:13",3521300
23.6,0.05,500,"bu","10:28:12",3520800
23.6,0.05,100,"bu","10:28:03",3520300
23.6,0.05,500,"bu","10:27:57",3520200
23.55,0,100,"sd","10:27:55",3519700
23.6,0.05,100,"bu","10:27:34",3519600
23.6,0.05,100,"bu","10:27:33",3519500
23.6,0.05,1500,"bu","10:27:32",3519400
23.6,0.05,100,"bu","10:27:23",3517900
23.6,0.05,1000,"bu","10:27:19",3517800
23.6,0.05,100,"bu","10:27:16",3516800
23.55,0,1000,"sd","10:27:10",3516700
23.55,0,2000,"sd","10:26:54",3515700
23.55,0,1300,"sd","10:26:15",3513700
23.55,0,500,"sd","10:26:14",3512400
23.6,0.05,1100,"bu","10:26:11",3511900
23.6,0.05,100,"bu","10:26:06",3510800
23.6,0.05,400,"bu","10:26:03",3510700
23.6,0.05,600,"bu","10:25:56",3510300
23.55,0,5000,"sd","10:25:55",3509700
23.6,0.05,2100,"bu","10:25:41",3504700
23.6,0.05,900,"bu","10:25:34",3502600
23.6,0.05,100,"bu","10:25:05",3501700
23.55,0,700,"sd","10:25:01",3501600
23.6,0.05,7000,"bu","10:24:59",3500900
23.6,0.05,200,"bu","10:24:57",3493900
23.55,0,600,"sd","10:24:54",3493700
23.55,0,400,"sd","10:24:52",3493100
23.55,0,1000,"sd","10:24:46",3492700
23.6,0.05,100,"bu","10:24:45",3491700
23.55,0,100,"sd","10:24:23",3491600
23.55,0,100,"sd","10:24:05",3491500
23.6,0.05,1000,"bu","10:23:41",3491400
23.6,0.05,1000,"bu","10:23:38",3490400
23.6,0.05,500,"bu","10:23:36",3489400
23.6,0.05,5000,"bu","10:23:03",3488900
23.6,0.05,1000,"bu","10:22:55",3483900
23.6,0.05,3000,"bu","10:22:53",3482900
23.6,0.05,600,"bu","10:22:28",3479900
23.55,0,2100,"sd","10:22:25",3479300
23.55,0,18000,"sd","10:22:05",3477200
23.55,0,28800,"sd","10:22:03",3459200
23.55,0,3000,"sd","10:22:00",3430400
23.55,0,100,"sd","10:20:58",3427400
23.55,0,500,"sd","10:20:52",3427300
23.55,0,2800,"sd","10:20:17",3426800
23.6,0.05,3800,"bu","10:20:16",3424000
23.6,0.05,100,"bu","10:19:55",3420200
23.55,0,500,"sd","10:19:55",3420100
23.55,0,6000,"sd","10:19:35",3419600
23.6,0.05,5000,"bu","10:19:28",3413600
23.55,0,200,"sd","10:19:27",3408600
23.6,0.05,1500,"bu","10:19:21",3408400
23.6,0.05,100,"bu","10:19:16",3406900
23.55,0,30000,"sd","10:18:50",3406800
23.6,0.05,400,"bu","10:18:44",3376800
23.55,0,1000,"sd","10:18:41",3376400
23.6,0.05,200,"bu","10:18:40",3375400
23.6,0.05,7600,"bu","10:18:30",3375200
23.6,0.05,400,"bu","10:18:23",3367600
23.6,0.05,5000,"bu","10:18:06",3367200
23.6,0.05,100,"bu","10:17:58",3362200
23.6,0.05,500,"bu","10:17:55",3362100
23.6,0.05,5000,"bu","10:17:38",3361600
23.6,0.05,300,"bu","10:17:21",3356600
23.6,0.05,1500,"bu","10:17:21",3356300
23.6,0.05,500,"bu","10:17:18",3354800
23.6,0.05,4400,"sd","10:17:10",3354300
23.6,0.05,2000,"sd","10:17:09",3349900
23.6,0.05,1000,"sd","10:17:06",3347900
23.6,0.05,500,"sd","10:17:04",3346900
23.6,0.05,1000,"sd","10:17:01",3346400
23.6,0.05,1000,"sd","10:16:59",3345400
23.6,0.05,5100,"sd","10:16:57",3344400
23.6,0.05,2000,"sd","10:16:54",3339300
23.6,0.05,4000,"sd","10:16:50",3337300
23.6,0.05,6700,"sd","10:16:43",3333300
23.6,0.05,200,"sd","10:16:40",3326600
23.6,0.05,1000,"sd","10:16:39",3326400
23.6,0.05,5000,"sd","10:16:39",3325400
23.6,0.05,6400,"sd","10:16:38",3320400
23.6,0.05,28600,"sd","10:16:38",3314000
23.6,0.05,3500,"sd","10:16:23",3285400
23.6,0.05,2000,"sd","10:16:22",3281900
23.6,0.05,10000,"sd","10:16:21",3279900
23.6,0.05,500,"sd","10:16:16",3269900
23.6,0.05,1500,"sd","10:16:11",3269400
23.6,0.05,3000,"sd","10:16:06",3267900
23.6,0.05,5000,"sd","10:15:56",3264900
23.6,0.05,1000,"sd","10:15:45",3259900
23.6,0.05,1200,"sd","10:15:42",3258900
23.6,0.05,2000,"sd","10:15:42",3257700
23.6,0.05,3000,"sd","10:15:33",3255700
23.6,0.05,200,"sd","10:15:09",3252700
23.65,0.1,300,"bu","10:14:42",3252500
23.6,0.05,500,"sd","10:14:37",3252200
23.6,0.05,3000,"sd","10:14:34",3251700
23.65,0.1,2000,"bu","10:14:11",3248700
23.65,0.1,1000,"bu","10:14:04",3246700
23.65,0.1,1000,"bu","10:14:00",3245700
23.6,0.05,300,"sd","10:13:56",3244700
23.65,0.1,400,"bu","10:13:42",3244400
23.65,0.1,2000,"bu","10:13:37",3244000
23.6,0.05,3000,"sd","10:13:35",3242000
23.65,0.1,5000,"bu","10:13:14",3239000
23.65,0.1,1000,"bu","10:13:08",3234000
23.65,0.1,1200,"sd","10:12:55",3233000
23.65,0.1,4900,"bu","10:12:42",3231800
23.65,0.1,13900,"bu","10:12:41",3226900
23.6,0.05,2000,"sd","10:12:30",3213000
23.6,0.05,10000,"sd","10:12:21",3211000
23.6,0.05,5000,"sd","10:12:04",3201000
23.65,0.1,1000,"bu","10:12:00",3196000
23.6,0.05,30000,"sd","10:11:42",3195000
23.65,0.1,3000,"bu","10:11:40",3165000
23.65,0.1,1900,"bu","10:11:12",3162000
23.65,0.1,9000,"bu","10:11:10",3160100
23.65,0.1,900,"bu","10:10:58",3151100
23.65,0.1,100,"bu","10:10:55",3150200
23.6,0.05,600,"sd","10:10:50",3150100
23.65,0.1,2000,"bu","10:10:47",3149500
23.65,0.1,2000,"bu","10:10:46",3147500
23.65,0.1,7000,"bu","10:10:44",3145500
23.65,0.1,20000,"bu","10:10:40",3138500
23.65,0.1,200,"bu","10:10:37",3118500
23.65,0.1,200,"bu","10:09:57",3118300
23.65,0.1,500,"bu","10:09:49",3118100
23.65,0.1,8000,"bu","10:09:47",3117600
23.65,0.1,10000,"bu","10:09:40",3109600
23.65,0.1,20000,"bu","10:09:30",3099600
23.65,0.1,1000,"bu","10:09:00",3079600
23.65,0.1,8000,"bu","10:08:40",3078600
23.6,0.05,47000,"sd","10:08:37",3070600
23.6,0.05,200,"sd","10:08:25",3023600
23.65,0.1,1000,"bu","10:08:23",3023400
23.65,0.1,16600,"bu","10:08:14",3022400
23.65,0.1,3200,"bu","10:08:09",3005800
23.6,0.05,15000,"sd","10:08:08",3002600
23.65,0.1,2000,"bu","10:08:05",2987600
23.6,0.05,100,"sd","10:08:01",2985600
23.65,0.1,40000,"bu","10:07:20",2985500
23.6,0.05,100,"sd","10:07:16",2945500
23.6,0.05,100,"sd","10:07:03",2945400
23.6,0.05,1000,"sd","10:06:56",2945300
23.65,0.1,200,"bu","10:06:56",2944300
23.65,0.1,100,"bu","10:06:48",2944100
23.6,0.05,300,"sd","10:06:35",2944000
23.6,0.05,1000,"sd","10:06:17",2943700
23.6,0.05,300,"sd","10:06:14",2942700
23.6,0.05,10000,"sd","10:06:12",2942400
23.6,0.05,1000,"sd","10:05:53",2932400
23.6,0.05,200,"sd","10:05:46",2931400
23.6,0.05,100,"sd","10:05:44",2931200
23.6,0.05,100,"sd","10:05:40",2931100
23.6,0.05,2000,"sd","10:05:34",2931000
23.6,0.05,90000,"sd","10:05:29",2929000
23.65,0.1,10000,"bu","10:05:26",2839000
23.65,0.1,5000,"bu","10:05:17",2829000
23.6,0.05,10000,"sd","10:05:16",2824000
23.65,0.1,700,"bu","10:05:15",2814000
23.65,0.1,100,"bu","10:05:10",2813300
23.65,0.1,2900,"bu","10:05:10",2813200
23.65,0.1,1000,"bu","10:05:03",2810300
23.65,0.1,600,"bu","10:04:48",2809300
23.6,0.05,17000,"sd","10:04:43",2808700
23.6,0.05,5000,"sd","10:04:41",2791700
23.65,0.1,100,"bu","10:04:29",2786700
23.65,0.1,500,"bu","10:04:27",2786600
23.65,0.1,200,"bu","10:04:25",2786100
23.65,0.1,200,"bu","10:04:19",2785900
23.65,0.1,300,"bu","10:04:13",2785700
23.65,0.1,500,"bu","10:04:05",2785400
23.65,0.1,100,"bu","10:03:55",2784900
23.65,0.1,100,"bu","10:03:49",2784800
23.65,0.1,200,"bu","10:03:40",2784700
23.65,0.1,200,"bu","10:03:38",2784500
23.65,0.1,400,"bu","10:03:35",2784300
23.65,0.1,400,"bu","10:03:21",2783900
23.65,0.1,1000,"bu","10:02:59",2783500
23.6,0.05,1000,"sd","10:02:25",2782500
23.65,0.1,1000,"bu","10:02:19",2781500
23.6,0.05,200,"sd","10:02:07",2780500
23.6,0.05,700,"sd","10:02:06",2780300
23.65,0.1,7900,"bu","10:02:05",2779600
23.6,0.05,500,"sd","10:02:02",2771700
23.65,0.1,400,"bu","10:01:49",2771200
23.6,0.05,1000,"sd","10:01:46",2770800
23.6,0.05,1000,"sd","10:01:41",2769800
23.6,0.05,100,"sd","10:01:18",2768800
23.6,0.05,10000,"sd","10:00:52",2768700
23.65,0.1,500,"bu","10:00:50",2758700
23.6,0.05,2100,"sd","10:00:46",2758200
23.6,0.05,88300,"bu","10:00:42",2756100
23.55,0,2400,"sd","10:00:42",2667800
23.6,0.05,10000,"bu","10:00:37",2665400
23.6,0.05,3000,"bu","10:00:30",2655400
23.6,0.05,27600,"bu","10:00:20",2652400
23.6,0.05,22400,"bu","10:00:19",2624800
23.55,0,2000,"sd","10:00:18",2602400
23.6,0.05,300,"bu","10:00:10",2600400
23.6,0.05,300,"bu","09:59:58",2600100
23.6,0.05,400,"bu","09:59:48",2599800
23.6,0.05,100,"bu","09:59:46",2599400
23.6,0.05,100,"bu","09:59:29",2599300
23.55,0,30000,"sd","09:59:20",2599200
23.6,0.05,1000,"bu","09:59:16",2569200
23.6,0.05,600,"bu","09:59:15",2568200
23.6,0.05,100,"bu","09:59:08",2567600
23.6,0.05,4000,"bu","09:58:52",2567500
23.55,0,100,"sd","09:58:46",2563500
23.6,0.05,2100,"bu","09:58:45",2563400
23.6,0.05,300,"bu","09:58:39",2561300
23.6,0.05,100,"bu","09:58:35",2561000
23.6,0.05,200,"bu","09:58:34",2560900
23.6,0.05,1000,"bu","09:58:34",2560700
23.6,0.05,500,"bu","09:58:28",2559700
23.6,0.05,200,"bu","09:58:23",2559200
23.6,0.05,10000,"bu","09:58:21",2559000
23.6,0.05,100,"bu","09:58:20",2549000
23.6,0.05,1000,"bu","09:58:14",2548900
23.6,0.05,700,"bu","09:58:11",2547900
23.6,0.05,200,"bu","09:58:10",2547200
23.6,0.05,200,"bu","09:58:07",2547000
23.6,0.05,100,"bu","09:57:51",2546800
23.6,0.05,900,"bu","09:57:50",2546700
23.55,0,100,"sd","09:57:30",2545800
23.55,0,20000,"sd","09:57:25",2545700
23.55,0,1400,"sd","09:57:21",2525700
23.55,0,400,"sd","09:57:17",2524300
23.55,0,1000,"sd","09:57:11",2523900
23.55,0,2000,"sd","09:57:10",2522900
23.55,0,10000,"sd","09:57:06",2520900
23.55,0,500,"sd","09:56:55",2510900
23.55,0,10000,"sd","09:56:50",2510400
23.55,0,100,"sd","09:56:32",2500400
23.55,0,1000,"sd","09:56:16",2500300
23.55,0,1900,"bu","09:56:04",2499300
23.55,0,300,"bu","09:56:01",2497400
23.55,0,200,"bu","09:56:00",2497100
23.55,0,200,"bu","09:55:58",2496900
23.55,0,10000,"bu","09:55:56",2496700
23.55,0,37600,"sd","09:55:49",2486700
23.55,0,25000,"sd","09:55:45",2449100
23.55,0,50000,"sd","09:55:11",2424100
23.55,0,40000,"sd","09:54:51",2374100
23.6,0.05,1900,"bu","09:54:46",2334100
23.55,0,3000,"sd","09:54:14",2332200
23.55,0,1900,"bu","09:54:05",2329200
23.55,0,11000,"bu","09:54:04",2327300
23.55,0,400,"bu","09:54:03",2316300
23.55,0,5000,"bu","09:54:02",2315900
23.55,0,20000,"bu","09:54:01",2310900
23.55,0,100,"bu","09:53:58",2290900
23.55,0,200,"bu","09:53:57",2290800
23.55,0,10000,"bu","09:53:55",2290600
23.55,0,200,"bu","09:53:52",2280600
23.55,0,5000,"bu","09:53:49",2280400
23.55,0,5000,"bu","09:53:47",2275400
23.55,0,65200,"sd","09:53:41",2270400
23.55,0,20000,"sd","09:53:17",2205200
23.55,0,900,"sd","09:53:10",2185200
23.6,0.05,500,"bu","09:53:02",2184300
23.6,0.05,800,"bu","09:52:46",2183800
23.55,0,1000,"sd","09:52:31",2183000
23.55,0,500,"sd","09:52:29",2182000
23.55,0,1800,"sd","09:52:21",2181500
23.55,0,100,"sd","09:52:16",2179700
23.55,0,100,"sd","09:52:12",2179600
23.55,0,1000,"sd","09:52:01",2179500
23.55,0,600,"sd","09:51:58",2178500
23.55,0,1400,"sd","09:51:54",2177900
23.55,0,100,"sd","09:51:52",2176500
23.55,0,1000,"sd","09:51:39",2176400
23.55,0,1000,"sd","09:51:24",2175400
23.55,0,2000,"sd","09:51:23",2174400
23.55,0,4800,"sd","09:51:19",2172400
23.55,0,15200,"sd","09:51:18",2167600
23.6,0.05,100,"bu","09:51:17",2152400
23.6,0.05,100,"bu","09:51:05",2152300
23.55,0,10000,"sd","09:51:01",2152200
23.55,0,4000,"sd","09:50:57",2142200
23.55,0,500,"sd","09:50:56",2138200
23.55,0,1000,"sd","09:50:46",2137700
23.55,0,500,"sd","09:50:27",2136700
23.55,0,200,"sd","09:50:25",2136200
23.55,0,600,"sd","09:50:16",2136000
23.55,0,2000,"sd","09:50:13",2135400
23.55,0,100,"sd","09:50:11",2133400
23.55,0,1000,"sd","09:50:03",2133300
23.55,0,300,"sd","09:49:58",2132300
23.55,0,200,"sd","09:49:54",2132000
23.55,0,300,"sd","09:49:51",2131800
23.55,0,500,"sd","09:49:48",2131500
23.55,0,700,"sd","09:49:32",2131000
23.55,0,700,"sd","09:49:25",2130300
23.55,0,50000,"sd","09:49:06",2129600
23.55,0,10000,"sd","09:48:52",2079600
23.6,0.05,700,"bu","09:48:44",2069600
23.55,0,100,"sd","09:48:41",2068900
23.6,0.05,2000,"bu","09:48:40",2068800
23.6,0.05,3000,"bu","09:48:32",2066800
23.55,0,4200,"sd","09:48:16",2063800
23.55,0,11800,"sd","09:48:14",2059600
23.55,0,1000,"sd","09:48:00",2047800
23.55,0,1000,"sd","09:47:59",2046800
23.55,0,1000,"sd","09:47:50",2045800
23.55,0,20000,"sd","09:47:43",2044800
23.55,0,300,"sd","09:47:41",2024800
23.55,0,100,"sd","09:47:09",2024500
23.55,0,200,"sd","09:46:59",2024400
23.55,0,5600,"bu","09:46:49",2024200
23.55,0,5000,"bu","09:46:48",2018600
23.55,0,1200,"bu","09:46:46",2013600
23.55,0,2000,"bu","09:46:45",2012400
23.55,0,300,"bu","09:46:44",2010400
23.55,0,4200,"bu","09:46:40",2010100
23.55,0,1200,"bu","09:46:37",2005900
23.55,0,200,"bu","09:46:33",2004700
23.55,0,3900,"bu","09:46:33",2004500
23.55,0,1000,"bu","09:46:31",2000600
23.55,0,300,"bu","09:46:28",1999600
23.55,0,400,"bu","09:46:26",1999300
23.55,0,500,"bu","09:46:25",1998900
23.55,0,1500,"bu","09:46:24",1998400
23.55,0,3200,"bu","09:46:23",1996900
23.55,0,100,"bu","09:46:23",1993700
23.55,0,3500,"bu","09:46:19",1993600
23.55,0,100,"bu","09:46:19",1990100
23.55,0,1100,"bu","09:46:17",1990000
23.55,0,10000,"bu","09:46:16",1988900
23.55,0,10000,"bu","09:46:13",1978900
23.55,0,9000,"bu","09:46:12",1968900
23.55,0,1000,"bu","09:46:09",1959900
23.5,-0.05,100,"sd","09:46:00",1958900
23.55,0,5800,"bu","09:45:57",1958800
23.5,-0.05,2100,"sd","09:45:53",1953000
23.5,-0.05,500,"sd","09:45:48",1950900
23.5,-0.05,500,"sd","09:45:45",1950400
23.55,0,500,"bu","09:45:45",1949900
23.5,-0.05,1500,"sd","09:45:35",1949400
23.55,0,500,"bu","09:45:35",1947900
23.5,-0.05,10000,"sd","09:45:12",1947400
23.5,-0.05,700,"sd","09:45:06",1937400
23.5,-0.05,4000,"sd","09:45:04",1936700
23.55,0,5000,"bu","09:45:03",1932700
23.5,-0.05,5000,"sd","09:45:01",1927700
23.5,-0.05,1000,"sd","09:44:57",1922700
23.55,0,5000,"bu","09:44:57",1921700
23.5,-0.05,1800,"bu","09:44:41",1916700
23.5,-0.05,400,"bu","09:44:40",1914900
23.5,-0.05,5000,"bu","09:44:39",1914500
23.5,-0.05,100,"bu","09:44:37",1909500
23.5,-0.05,2000,"bu","09:44:35",1909400
23.5,-0.05,2000,"bu","09:44:34",1907400
23.5,-0.05,700,"bu","09:44:33",1905400
23.5,-0.05,3400,"bu","09:44:33",1904700
23.5,-0.05,1000,"bu","09:44:32",1901300
23.5,-0.05,10000,"bu","09:44:31",1900300
23.5,-0.05,4600,"bu","09:44:30",1890300
23.5,-0.05,1000,"bu","09:44:30",1885700
23.5,-0.05,10000,"bu","09:44:29",1884700
23.5,-0.05,5000,"bu","09:44:28",1874700
23.5,-0.05,1000,"bu","09:44:25",1869700
23.5,-0.05,2000,"bu","09:44:24",1868700
23.5,-0.05,1100,"bu","09:44:22",1866700
23.5,-0.05,500,"bu","09:44:20",1865600
23.5,-0.05,1300,"bu","09:44:17",1865100
23.5,-0.05,3000,"bu","09:44:15",1863800
23.45,-0.1,3000,"sd","09:44:12",1860800
23.5,-0.05,200,"bu","09:44:12",1857800
23.5,-0.05,100,"bu","09:43:54",1857600
23.45,-0.1,3000,"sd","09:43:53",1857500
23.5,-0.05,1500,"bu","09:43:53",1854500
23.45,-0.1,300,"sd","09:43:51",1853000
23.5,-0.05,200,"bu","09:43:47",1852700
23.5,-0.05,400,"bu","09:43:45",1852500
23.5,-0.05,1000,"bu","09:43:44",1852100
23.5,-0.05,100,"bu","09:43:43",1851100
23.5,-0.05,7700,"bu","09:43:42",1851000
23.5,-0.05,100,"bu","09:43:41",1843300
23.5,-0.05,1300,"bu","09:43:36",1843200
23.5,-0.05,1000,"bu","09:43:35",1841900
23.5,-0.05,200,"bu","09:43:34",1840900
23.5,-0.05,100,"bu","09:43:32",1840700
23.5,-0.05,500,"bu","09:43:29",1840600
23.5,-0.05,1000,"bu","09:43:28",1840100
23.5,-0.05,8000,"bu","09:43:25",1839100
23.5,-0.05,50000,"bu","09:43:23",1831100
23.45,-0.1,1000,"sd","09:43:16",1781100
23.5,-0.05,5700,"bu","09:43:09",1780100
23.5,-0.05,2000,"bu","09:43:08",1774400
23.5,-0.05,500,"bu","09:43:05",1772400
23.45,-0.1,600,"sd","09:43:05",1771900
23.5,-0.05,2600,"bu","09:42:58",1771300
23.5,-0.05,3000,"bu","09:42:56",1768700
23.5,-0.05,1000,"bu","09:42:53",1765700
23.45,-0.1,500,"sd","09:42:51",1764700
23.5,-0.05,400,"bu","09:42:48",1764200
23.45,-0.1,5000,"sd","09:42:45",1763800
23.5,-0.05,100,"bu","09:42:39",1758800
23.45,-0.1,400,"sd","09:42:37",1758700
23.5,-0.05,2000,"bu","09:42:32",1758300
23.5,-0.05,1500,"bu","09:42:28",1756300
23.5,-0.05,100,"bu","09:42:27",1754800
23.5,-0.05,100,"bu","09:42:24",1754700
23.5,-0.05,2000,"bu","09:42:22",1754600
23.45,-0.1,700,"sd","09:42:21",1752600
23.5,-0.05,20000,"bu","09:42:20",1751900
23.5,-0.05,100,"bu","09:42:19",1731900
23.5,-0.05,3000,"bu","09:42:14",1731800
23.5,-0.05,1000,"bu","09:42:08",1728800
23.5,-0.05,6000,"bu","09:42:07",1727800
23.5,-0.05,10000,"bu","09:42:06",1721800
23.5,-0.05,6400,"bu","09:42:04",1711800
23.5,-0.05,1000,"bu","09:42:02",1705400
23.45,-0.1,1000,"sd","09:41:59",1704400
23.5,-0.05,5000,"bu","09:41:58",1703400
23.5,-0.05,500,"bu","09:41:56",1698400
23.5,-0.05,200,"bu","09:41:49",1697900
23.5,-0.05,1000,"bu","09:41:48",1697700
23.5,-0.05,300,"bu","09:41:20",1696700
23.5,-0.05,3000,"bu","09:41:13",1696400
23.45,-0.1,2000,"sd","09:41:12",1693400
23.5,-0.05,2000,"bu","09:41:12",1691400
23.5,-0.05,1000,"bu","09:41:09",1689400
23.5,-0.05,5000,"bu","09:41:07",1688400
23.5,-0.05,6200,"bu","09:41:02",1683400
23.45,-0.1,20000,"sd","09:41:00",1677200
23.5,-0.05,200,"sd","09:40:54",1657200
23.5,-0.05,900,"bu","09:40:51",1657000
23.5,-0.05,16000,"bu","09:40:50",1656100
23.5,-0.05,2400,"bu","09:40:49",1640100
23.5,-0.05,100,"bu","09:40:47",1637700
23.5,-0.05,1200,"bu","09:40:46",1637600
23.5,-0.05,1000,"bu","09:40:45",1636400
23.5,-0.05,2000,"bu","09:40:45",1635400
23.5,-0.05,300,"bu","09:40:44",1633400
23.5,-0.05,1700,"bu","09:40:39",1633100
23.5,-0.05,4500,"bu","09:40:38",1631400
23.5,-0.05,7500,"bu","09:40:37",1626900
23.5,-0.05,800,"bu","09:40:32",1619400
23.5,-0.05,1000,"bu","09:40:26",1618600
23.5,-0.05,5000,"bu","09:40:24",1617600
23.5,-0.05,300,"bu","09:40:20",1612600
23.5,-0.05,1000,"bu","09:40:19",1612300
23.5,-0.05,3300,"bu","09:40:12",1611300
23.5,-0.05,4000,"bu","09:40:07",1608000
23.5,-0.05,500,"bu","09:40:04",1604000
23.45,-0.1,10000,"sd","09:40:00",1603500
23.5,-0.05,1000,"bu","09:39:58",1593500
23.5,-0.05,1000,"bu","09:39:55",1592500
23.45,-0.1,25000,"sd","09:39:51",1591500
23.45,-0.1,200,"sd","09:39:50",1566500
23.45,-0.1,200,"sd","09:39:45",1566300
23.5,-0.05,1000,"bu","09:39:42",1566100
23.45,-0.1,4000,"sd","09:39:40",1565100
23.45,-0.1,300,"sd","09:39:38",1561100
23.45,-0.1,2500,"sd","09:39:34",1560800
23.5,-0.05,500,"bu","09:39:32",1558300
23.45,-0.1,15000,"sd","09:39:31",1557800
23.5,-0.05,100,"bu","09:39:30",1542800
23.5,-0.05,500,"bu","09:39:29",1542700
23.5,-0.05,3000,"bu","09:39:27",1542200
23.45,-0.1,2700,"sd","09:39:25",1539200
23.45,-0.1,200,"sd","09:39:23",1536500
23.45,-0.1,500,"sd","09:39:18",1536300
23.5,-0.05,800,"bu","09:39:18",1535800
23.5,-0.05,100,"bu","09:39:17",1535000
23.5,-0.05,100,"bu","09:39:16",1534900
23.5,-0.05,200,"bu","09:39:13",1534800
23.5,-0.05,1300,"bu","09:39:12",1534600
23.5,-0.05,100,"bu","09:39:05",1533300
23.5,-0.05,500,"bu","09:39:03",1533200
23.5,-0.05,2100,"sd","09:38:58",1532700
23.5,-0.05,200,"sd","09:38:56",1530600
23.5,-0.05,6000,"sd","09:38:55",1530400
23.5,-0.05,400,"sd","09:38:52",1524400
23.5,-0.05,5300,"sd","09:38:51",1524000
23.5,-0.05,100,"sd","09:38:50",1518700
23.5,-0.05,5000,"sd","09:38:48",1518600
23.5,-0.05,300000,"sd","09:38:40",1513600
23.55,0,1000,"bu","09:38:33",1213600
23.55,0,100,"bu","09:38:24",1212600
23.55,0,100,"bu","09:38:21",1212500
23.55,0,100,"bu","09:37:53",1212400
23.5,-0.05,600,"sd","09:37:52",1212300
23.55,0,500,"bu","09:37:52",1211700
23.5,-0.05,10000,"sd","09:37:50",1211200
23.55,0,1000,"bu","09:37:48",1201200
23.55,0,1000,"bu","09:37:47",1200200
23.55,0,1000,"bu","09:37:41",1199200
23.55,0,300,"bu","09:37:39",1198200
23.55,0,200,"bu","09:37:38",1197900
23.55,0,500,"bu","09:37:35",1197700
23.55,0,2000,"bu","09:37:33",1197200
23.5,-0.05,10000,"sd","09:37:31",1195200
23.55,0,5000,"bu","09:37:29",1185200
23.55,0,1000,"bu","09:37:27",1180200
23.55,0,1000,"bu","09:37:26",1179200
23.5,-0.05,2000,"sd","09:37:24",1178200
23.5,-0.05,1500,"sd","09:37:23",1176200
23.55,0,100,"bu","09:37:20",1174700
23.55,0,100,"sd","09:37:17",1174600
23.55,0,1000,"sd","09:37:15",1174500
23.55,0,800,"sd","09:37:14",1173500
23.55,0,100,"bu","09:37:11",1172700
23.5,-0.05,300,"sd","09:37:07",1172600
23.55,0,1000,"bu","09:37:07",1172300
23.5,-0.05,3000,"sd","09:37:07",1171300
23.55,0,200,"bu","09:37:03",1168300
23.55,0,5000,"bu","09:37:00",1168100
23.55,0,700,"sd","09:36:57",1163100
23.55,0,1200,"sd","09:36:55",1162400
23.55,0,25000,"sd","09:36:53",1161200
23.55,0,1000,"sd","09:36:50",1120700
23.55,0,1000,"sd","09:36:46",1119700
23.55,0,3000,"sd","09:36:45",1118700
23.55,0,200,"sd","09:36:40",1115700
23.55,0,4000,"sd","09:36:28",1115500
23.6,0.05,1000,"bu","09:36:25",1111500
23.55,0,200,"sd","09:36:24",1110500
23.6,0.05,100,"bu","09:36:10",1110300
23.6,0.05,2000,"bu","09:36:02",1110200
23.55,0,8000,"sd","09:36:02",1108200
23.55,0,500,"sd","09:35:57",1100200
23.55,0,4000,"sd","09:35:52",1099700
23.55,0,5600,"sd","09:35:51",1095700
23.55,0,7300,"sd","09:35:50",1090100
23.55,0,200,"sd","09:35:48",1082800
23.6,0.05,100,"bu","09:35:46",1082600
23.55,0,15000,"sd","09:35:46",1082500
23.6,0.05,100,"bu","09:35:40",1067500
23.55,0,500,"sd","09:35:40",1067400
23.6,0.05,3000,"bu","09:35:32",1066900
23.55,0,500,"sd","09:35:31",1063900
23.55,0,500,"sd","09:35:30",1063400
23.55,0,2000,"sd","09:35:28",1062900
23.55,0,300,"sd","09:35:19",1060900
23.55,0,16000,"sd","09:35:13",1060600
23.55,0,2000,"sd","09:35:09",1044600
23.55,0,5000,"sd","09:35:08",1042600
23.55,0,10000,"sd","09:35:07",1037600
23.55,0,5000,"sd","09:34:59",1027600
23.55,0,2000,"sd","09:34:55",1022600
23.55,0,4400,"sd","09:34:46",1020600
23.55,0,6600,"sd","09:34:45",1016200
23.55,0,700,"sd","09:34:44",1009600
23.55,0,1500,"sd","09:34:41",1008900
23.55,0,50000,"sd","09:34:36",1007400
23.55,0,2000,"sd","09:34:24",957400
23.6,0.05,300,"bu","09:34:21",955400
23.55,0,4000,"sd","09:34:15",955100
23.55,0,5000,"sd","09:34:13",951100
