"price","change","match_qtty","side","time","total_vol"
3.99,0.1,51900,"","14:45:02",4104600
3.98,0.09,400,"sd","14:29:55",4052700
3.98,0.09,1300,"sd","14:29:49",4052300
3.98,0.09,2000,"sd","14:29:48",4051000
3.98,0.09,2000,"sd","14:29:39",4049000
3.98,0.09,2000,"sd","14:29:21",4047000
3.98,0.09,1000,"sd","14:29:16",4045000
3.98,0.09,2000,"sd","14:29:13",4044000
3.98,0.09,4500,"sd","14:29:08",4042000
3.98,0.09,500,"sd","14:28:59",4037500
3.99,0.1,1000,"bu","14:28:03",4037000
3.99,0.1,20000,"bu","14:27:57",4036000
3.98,0.09,2000,"sd","14:27:49",4016000
3.99,0.1,2000,"bu","14:27:48",4014000
3.98,0.09,300,"sd","14:27:44",4012000
3.98,0.09,1000,"sd","14:27:43",4011700
3.99,0.1,9000,"bu","14:27:08",4010700
3.99,0.1,1000,"bu","14:26:30",4001700
3.99,0.1,1000,"bu","14:26:28",4000700
3.99,0.1,10000,"bu","14:26:11",3999700
3.99,0.1,200,"bu","14:25:59",3989700
3.99,0.1,5000,"bu","14:25:44",3989500
3.99,0.1,500,"bu","14:25:44",3984500
3.99,0.1,200,"bu","14:25:16",3984000
3.99,0.1,100,"bu","14:24:40",3983800
3.99,0.1,4800,"bu","14:24:35",3983700
3.99,0.1,20000,"bu","14:24:18",3978900
3.98,0.09,700,"sd","14:24:18",3958900
3.98,0.09,800,"bu","14:24:04",3957200
3.98,0.09,1200,"sd","14:23:43",3956400
3.98,0.09,23800,"bu","14:23:37",3955200
3.98,0.09,100,"bu","14:23:33",3931400
3.98,0.09,2000,"bu","14:23:18",3931300
3.98,0.09,3000,"bu","14:23:00",3929300
3.97,0.08,300,"sd","14:22:31",3926300
3.97,0.08,500,"sd","14:21:14",3926000
3.97,0.08,2000,"sd","14:21:02",3925500
3.97,0.08,100,"sd","14:20:56",3923500
3.98,0.09,5000,"bu","14:20:17",3923400
3.97,0.08,1000,"sd","14:19:23",3918400
3.97,0.08,300,"bu","14:18:30",3917400
3.97,0.08,300,"bu","14:18:08",3917100
3.97,0.08,9400,"sd","14:18:05",3916800
3.97,0.08,3000,"sd","14:16:04",3907400
3.98,0.09,9200,"bu","14:14:07",3904400
3.98,0.09,100,"bu","14:14:03",3895200
3.98,0.09,1300,"sd","14:12:53",3895100
3.98,0.09,5000,"sd","14:12:52",3893800
3.98,0.09,4800,"bu","14:12:46",3888800
3.98,0.09,400,"bu","14:12:46",3884000
3.98,0.09,100,"bu","14:11:26",3883600
3.98,0.09,100,"bu","14:10:28",3883500
3.98,0.09,1000,"bu","14:09:08",3883400
3.98,0.09,900,"sd","14:08:42",3882400
3.98,0.09,100,"sd","14:07:35",3881500
3.97,0.08,400,"sd","14:06:59",3881400
3.98,0.09,100,"sd","14:06:59",3881000
3.98,0.09,100,"bu","14:06:46",3880900
3.98,0.09,100,"bu","14:06:13",3880800
3.98,0.09,6000,"bu","14:06:02",3880700
3.98,0.09,100,"bu","14:05:21",3874700
3.98,0.09,4700,"sd","14:05:07",3874600
3.98,0.09,3000,"sd","14:04:49",3869900
3.99,0.1,1000,"bu","14:02:44",3866900
3.99,0.1,100,"bu","14:02:08",3865900
3.99,0.1,100,"bu","14:01:22",3865800
3.99,0.1,5000,"bu","14:01:01",3865700
3.98,0.09,400,"sd","14:00:56",3860700
3.98,0.09,3000,"sd","13:59:44",3860300
3.98,0.09,100,"sd","13:59:36",3857300
3.98,0.09,10000,"sd","13:59:12",3857200
3.99,0.1,200,"bu","13:58:32",3847200
3.98,0.09,300,"sd","13:57:03",3847000
3.99,0.1,100,"bu","13:56:53",3846700
3.99,0.1,2100,"sd","13:56:25",3846600
3.99,0.1,1000,"sd","13:56:22",3844500
3.99,0.1,300,"sd","13:55:24",3843500
3.99,0.1,1600,"bu","13:55:22",3843200
3.99,0.1,500,"bu","13:53:20",3841600
3.99,0.1,1000,"bu","13:52:03",3841100
3.99,0.1,4000,"bu","13:50:40",3840100
3.99,0.1,200,"bu","13:49:44",3836100
3.98,0.09,1000,"sd","13:47:53",3835900
3.98,0.09,4300,"bu","13:47:25",3834900
3.98,0.09,1400,"bu","13:47:22",3830600
3.97,0.08,4000,"sd","13:47:14",3829200
3.97,0.08,100,"sd","13:46:38",3825200
3.98,0.09,5000,"bu","13:46:13",3825100
3.98,0.09,100,"bu","13:45:06",3820100
3.98,0.09,1000,"bu","13:44:09",3820000
3.97,0.08,200,"sd","13:43:33",3819000
3.97,0.08,9800,"bu","13:43:05",3818800
3.97,0.08,200,"bu","13:42:57",3809000
3.96,0.07,8700,"bu","13:42:37",3808800
3.96,0.07,3100,"bu","13:42:31",3800100
3.96,0.07,100,"bu","13:41:42",3797000
3.96,0.07,100,"bu","13:41:32",3796900
3.96,0.07,1000,"bu","13:41:12",3796800
3.95,0.06,19600,"sd","13:41:04",3795800
3.96,0.07,1000,"bu","13:40:16",3776200
3.95,0.06,1000,"sd","13:38:47",3775200
3.96,0.07,6000,"bu","13:38:40",3774200
3.95,0.06,100,"sd","13:38:40",3768200
3.95,0.06,2000,"sd","13:38:31",3768100
3.95,0.06,36400,"sd","13:38:23",3766100
3.95,0.06,2700,"sd","13:38:13",3729700
3.95,0.06,3000,"sd","13:38:01",3727000
3.96,0.07,100,"bu","13:37:52",3724000
3.96,0.07,6900,"sd","13:37:50",3723900
3.96,0.07,600,"bu","13:37:10",3717000
3.96,0.07,34400,"sd","13:37:01",3716400
3.97,0.08,100,"bu","13:36:35",3682000
3.97,0.08,500,"bu","13:36:18",3681900
3.97,0.08,24400,"sd","13:35:38",3681400
3.98,0.09,200,"bu","13:35:37",3657000
3.98,0.09,300,"bu","13:34:34",3656800
3.98,0.09,500,"bu","13:34:18",3656500
3.98,0.09,2900,"sd","13:34:12",3656000
3.98,0.09,300,"sd","13:33:54",3653100
3.98,0.09,600,"sd","13:33:44",3652800
3.98,0.09,1000,"sd","13:32:49",3652200
3.98,0.09,4000,"sd","13:32:45",3651200
3.98,0.09,200,"sd","13:32:17",3647200
3.99,0.1,13600,"sd","13:31:57",3647000
4,0.11,4600,"sd","13:31:35",3633400
4.01,0.12,2200,"bu","13:31:29",3628800
4,0.11,2000,"sd","13:31:18",3626600
4.01,0.12,100,"bu","13:31:11",3624600
4,0.11,500,"sd","13:30:55",3624500
4,0.11,100,"sd","13:30:49",3624000
4,0.11,1000,"sd","13:30:39",3623900
4,0.11,2000,"sd","13:30:29",3622900
4,0.11,19700,"sd","13:30:08",3620900
4.01,0.12,4100,"sd","13:29:20",3601200
4.01,0.12,400,"sd","13:28:55",3597100
4.01,0.12,200,"sd","13:28:18",3596700
4.01,0.12,500,"sd","13:26:55",3596500
4.02,0.13,3000,"bu","13:26:49",3596000
4.01,0.12,500,"bu","13:26:49",3593000
4,0.11,300,"sd","13:26:33",3592500
4,0.11,200,"sd","13:25:49",3592200
4,0.11,2000,"sd","13:25:15",3592000
4,0.11,6900,"sd","13:24:22",3590000
4,0.11,300,"sd","13:24:22",3583100
4,0.11,500,"bu","13:24:02",3582800
4.03,0.14,6100,"bu","13:23:58",3582300
4.02,0.13,5400,"bu","13:23:58",3576200
4.01,0.12,23700,"bu","13:23:58",3570800
4,0.11,4800,"bu","13:23:58",3547100
4,0.11,2000,"bu","13:23:53",3542300
4,0.11,500,"bu","13:23:39",3540300
4,0.11,53700,"sd","13:23:28",3539800
4.01,0.12,300,"bu","13:23:11",3486100
4.01,0.12,6200,"sd","13:23:08",3485800
4.01,0.12,30000,"sd","13:23:02",3479600
4.01,0.12,200,"sd","13:23:01",3449600
4.01,0.12,5000,"sd","13:22:26",3449400
4.02,0.13,5300,"sd","13:22:25",3444400
4.02,0.13,4000,"sd","13:22:17",3439100
4.02,0.13,300,"sd","13:22:02",3435100
4.02,0.13,600,"sd","13:22:02",3434800
4.02,0.13,400,"sd","13:20:51",3434200
4.02,0.13,5000,"bu","13:20:48",3433800
4.02,0.13,5000,"bu","13:20:24",3428800
4.01,0.12,900,"bu","13:19:48",3423800
4.01,0.12,29100,"sd","13:19:45",3422900
4.01,0.12,100,"sd","13:19:11",3393800
4.02,0.13,1000,"bu","13:19:10",3393700
4.02,0.13,2900,"sd","13:19:06",3392700
4.03,0.14,300,"bu","13:18:47",3389800
4.02,0.13,100,"sd","13:18:39",3389500
4.02,0.13,30000,"sd","13:18:38",3389400
4.03,0.14,500,"bu","13:18:34",3359400
4.02,0.13,500,"sd","13:18:18",3358900
4.02,0.13,100,"sd","13:18:11",3358400
4.03,0.14,4000,"bu","13:17:58",3358300
4.02,0.13,14000,"sd","13:17:57",3354300
4.02,0.13,100,"sd","13:17:50",3340300
4.03,0.14,2600,"bu","13:17:41",3340200
4.02,0.13,100,"sd","13:17:30",3337600
4.03,0.14,12400,"sd","13:17:23",3337500
4.04,0.15,30000,"bu","13:17:22",3325100
4.03,0.14,2500,"sd","13:17:14",3295100
4.03,0.14,500,"sd","13:16:57",3292600
4.03,0.14,500,"sd","13:16:47",3292100
4.03,0.14,300,"sd","13:16:40",3291600
4.04,0.15,10000,"bu","13:16:38",3291300
4.04,0.15,300,"bu","13:16:34",3281300
4.03,0.14,25000,"sd","13:16:25",3281000
4.03,0.14,1000,"sd","13:15:39",3256000
4.03,0.14,1000,"sd","13:15:16",3255000
4.03,0.14,200,"sd","13:15:10",3254000
4.03,0.14,300,"sd","13:15:03",3253800
4.05,0.16,10000,"bu","13:15:02",3253500
4.04,0.15,1000,"bu","13:14:49",3243500
4.04,0.15,3900,"bu","13:14:43",3242500
4.04,0.15,2000,"sd","13:14:32",3238600
4.05,0.16,1000,"bu","13:14:31",3236600
4.05,0.16,2000,"bu","13:14:28",3235600
4.04,0.15,1000,"sd","13:14:21",3233600
4.05,0.16,2000,"bu","13:14:17",3232600
4.05,0.16,5000,"bu","13:13:50",3230600
4.04,0.15,1000,"sd","13:13:47",3225600
4.04,0.15,1000,"sd","13:13:39",3224600
4.04,0.15,200,"sd","13:13:32",3223600
4.04,0.15,100,"sd","13:13:25",3223400
4.04,0.15,100,"sd","13:13:20",3223300
4.04,0.15,1000,"sd","13:13:19",3223200
4.04,0.15,100,"sd","13:13:12",3222200
4.04,0.15,100,"sd","13:13:11",3222100
4.04,0.15,4000,"sd","13:13:09",3222000
4.05,0.16,30000,"bu","13:13:06",3218000
4.04,0.15,1000,"sd","13:13:00",3188000
4.04,0.15,1000,"sd","13:12:54",3187000
4.04,0.15,14400,"bu","13:12:15",3186000
4.03,0.14,100,"sd","13:12:08",3171600
4.03,0.14,300,"sd","13:11:55",3171500
4.05,0.16,28800,"bu","13:11:54",3171200
4.04,0.15,41200,"bu","13:11:54",3142400
4.04,0.15,51800,"bu","13:11:53",3101200
4.03,0.14,100,"sd","13:11:10",3049400
4.04,0.15,100,"sd","13:11:10",3049300
4.05,0.16,4700,"bu","13:11:07",3049200
4.04,0.15,2000,"sd","13:11:07",3044500
4.04,0.15,100,"sd","13:11:05",3042500
4.05,0.16,500,"bu","13:11:04",3042400
4.04,0.15,100,"sd","13:11:04",3041900
4.04,0.15,200,"sd","13:10:54",3041800
4.04,0.15,1000,"sd","13:10:49",3041600
4.04,0.15,100,"sd","13:10:46",3040600
4.04,0.15,100,"sd","13:10:41",3040500
4.05,0.16,50000,"bu","13:10:40",3040400
4.04,0.15,100,"sd","13:10:39",2990400
4.04,0.15,2100,"bu","13:10:36",2990300
4.04,0.15,200,"bu","13:10:34",2988200
4.04,0.15,5000,"bu","13:10:33",2988000
4.04,0.15,1000,"bu","13:10:31",2983000
4.04,0.15,25000,"bu","13:10:29",2982000
4.04,0.15,19300,"bu","13:10:13",2957000
4.03,0.14,500,"sd","13:10:10",2937700
4.03,0.14,4000,"sd","13:09:59",2937200
4.03,0.14,21200,"bu","13:09:46",2933200
4.02,0.13,20100,"bu","13:09:34",2912000
4.02,0.13,5500,"bu","13:09:31",2891900
4.01,0.12,200,"sd","13:09:30",2886400
4.02,0.13,700,"bu","13:09:26",2886200
4.02,0.13,10000,"bu","13:09:15",2885500
4.02,0.13,2000,"bu","13:09:10",2875500
4.02,0.13,1600,"bu","13:09:09",2873500
4.02,0.13,10000,"bu","13:08:46",2871900
4.02,0.13,300,"bu","13:08:45",2861900
4.02,0.13,1000,"bu","13:08:30",2861600
4.01,0.12,1000,"sd","13:08:14",2860600
4.02,0.13,100,"bu","13:08:14",2859600
4.02,0.13,3500,"bu","13:08:05",2859500
4.01,0.12,100,"sd","13:07:42",2856000
4.02,0.13,5000,"bu","13:07:41",2855900
4.01,0.12,1000,"sd","13:07:37",2850900
4.02,0.13,14500,"bu","13:07:37",2849900
4.02,0.13,400,"bu","13:07:23",2835400
4.01,0.12,2000,"sd","13:07:21",2835000
4.01,0.12,100,"sd","13:07:20",2833000
4.01,0.12,100,"sd","13:06:59",2832900
4.02,0.13,5000,"bu","13:06:55",2832800
4.02,0.13,2500,"bu","13:06:53",2827800
4.02,0.13,200,"bu","13:06:52",2825300
4.02,0.13,500,"bu","13:06:36",2825100
4.02,0.13,1000,"bu","13:06:24",2824600
4.02,0.13,100,"bu","13:06:23",2823600
4.02,0.13,1300,"bu","13:06:22",2823500
4.02,0.13,100,"bu","13:05:46",2822200
4.02,0.13,400,"bu","13:05:40",2822100
4.01,0.12,200,"sd","13:05:32",2821700
4.02,0.13,100,"bu","13:05:25",2821500
4.01,0.12,100,"sd","13:05:11",2821400
4.02,0.13,26900,"bu","13:05:05",2821300
4.01,0.12,1000,"sd","13:04:54",2794400
4.01,0.12,200,"sd","13:04:25",2793400
4.01,0.12,2700,"bu","13:04:21",2793200
4.01,0.12,7000,"bu","13:03:57",2790500
4.01,0.12,200,"bu","13:03:52",2783500
4.01,0.12,20100,"sd","13:03:37",2783300
4.01,0.12,100,"sd","13:03:31",2763200
4.02,0.13,10800,"bu","13:02:29",2763100
4.02,0.13,24800,"bu","13:02:28",2752300
4.02,0.13,15000,"bu","13:02:06",2727500
4.01,0.12,5000,"bu","13:02:06",2712500
4,0.11,3100,"sd","13:02:06",2707500
4.01,0.12,11700,"bu","13:01:39",2704400
4,0.11,12000,"sd","13:00:45",2692700
4,0.11,300,"sd","13:00:33",2680700
4,0.11,3300,"sd","13:00:28",2680400
4,0.11,1000,"sd","13:00:25",2677100
4,0.11,400,"sd","13:00:24",2676100
4.01,0.12,100,"bu","13:00:24",2675700
4,0.11,10000,"sd","13:00:21",2675600
4,0.11,2600,"sd","13:00:18",2665600
4,0.11,600,"sd","13:00:17",2663000
4,0.11,8200,"sd","13:00:14",2662400
4,0.11,2100,"sd","13:00:13",2654200
4,0.11,2000,"sd","13:00:05",2652100
4.01,0.12,7000,"sd","13:00:05",2650100
4.01,0.12,2000,"sd","13:00:04",2643100
4.01,0.12,2000,"sd","13:00:02",2641100
4.01,0.12,1300,"sd","13:00:01",2639100
4.01,0.12,17200,"bu","13:00:00",2637800
4,0.11,12500,"bu","13:00:00",2620600
4,0.11,18500,"bu","11:29:17",2608100
4,0.11,100,"bu","11:28:41",2589600
4,0.11,800,"sd","11:28:33",2589500
4,0.11,700,"sd","11:28:32",2588700
4,0.11,10000,"sd","11:28:30",2588000
4,0.11,2000,"sd","11:28:22",2578000
4,0.11,4000,"sd","11:28:12",2571000
4.01,0.12,5000,"bu","11:28:09",2567000
4,0.11,500,"sd","11:28:07",2562000
4,0.11,300,"sd","11:27:59",2561500
4,0.11,1000,"sd","11:27:55",2561200
4,0.11,300,"sd","11:27:27",2560200
4.01,0.12,1000,"bu","11:26:54",2559900
4,0.11,300,"sd","11:26:53",2558900
4.01,0.12,300,"bu","11:26:35",2558600
4.01,0.12,500,"bu","11:26:25",2558300
4.01,0.12,2000,"bu","11:25:16",2557800
4.01,0.12,100,"bu","11:25:15",2555800
4,0.11,2000,"sd","11:24:58",2555700
4.01,0.12,100,"bu","11:24:49",2553700
4,0.11,1300,"sd","11:24:46",2553600
4,0.11,100,"bu","11:24:39",2552300
4,0.11,200,"sd","11:24:26",2552200
4,0.11,300,"sd","11:24:10",2552000
4.02,0.13,100,"bu","11:23:56",2551700
4,0.11,300,"sd","11:23:55",2551600
4.02,0.13,400,"bu","11:23:35",2551300
4.02,0.13,1000,"bu","11:23:17",2550900
4.02,0.13,300,"bu","11:22:50",2549900
4.02,0.13,5000,"bu","11:22:47",2549600
4.02,0.13,30000,"bu","11:22:46",2544600
4.01,0.12,100,"bu","11:22:39",2514600
4.01,0.12,1000,"bu","11:22:38",2514500
4,0.11,900,"sd","11:22:38",2513500
4.01,0.12,300,"bu","11:22:31",2512600
4,0.11,500,"sd","11:22:31",2512300
4.01,0.12,10000,"bu","11:22:27",2511800
4.01,0.12,300,"bu","11:22:21",2501800
4.01,0.12,500,"bu","11:22:19",2501500
4.01,0.12,6500,"bu","11:22:16",2501000
4,0.11,2000,"sd","11:21:58",2494500
4,0.11,54900,"bu","11:21:55",2492500
4,0.11,3000,"bu","11:21:47",2437600
4,0.11,2100,"bu","11:21:45",2434600
3.99,0.1,1000,"sd","11:21:45",2432500
4,0.11,16700,"bu","11:21:44",2431500
4,0.11,283300,"bu","11:21:43",2414800
4,0.11,100,"bu","11:21:32",2131500
3.99,0.1,46600,"bu","11:21:10",2131400
3.99,0.1,31300,"bu","11:21:10",2084800
3.99,0.1,1000,"bu","11:21:09",2053500
3.99,0.1,300,"bu","11:21:08",2052500
3.99,0.1,20000,"bu","11:20:53",2052200
3.98,0.09,200,"sd","11:20:41",2032200
3.99,0.1,3100,"bu","11:20:39",2032000
3.98,0.09,700,"bu","11:20:34",2028900
3.98,0.09,3000,"bu","11:20:31",2028200
3.98,0.09,100,"bu","11:20:27",2025200
3.98,0.09,7800,"bu","11:20:24",2025100
3.98,0.09,15000,"bu","11:20:07",2017300
3.98,0.09,400,"bu","11:19:49",2002300
3.97,0.08,100,"sd","11:19:42",2001900
3.97,0.08,1100,"sd","11:19:37",2001800
3.98,0.09,10000,"bu","11:19:35",2000700
3.97,0.08,100,"sd","11:19:34",1990700
3.98,0.09,9700,"bu","11:19:31",1990600
3.97,0.08,1000,"sd","11:19:23",1980900
3.97,0.08,36100,"bu","11:19:15",1979900
3.97,0.08,2900,"bu","11:19:07",1943800
3.97,0.08,10400,"bu","11:19:04",1940900
3.97,0.08,5000,"bu","11:18:55",1930500
3.97,0.08,1000,"bu","11:18:41",1925500
3.97,0.08,1000,"bu","11:18:37",1924500
3.97,0.08,2000,"bu","11:18:28",1923500
3.96,0.07,2000,"sd","11:18:07",1921500
3.96,0.07,100,"sd","11:17:46",1919500
3.97,0.08,1000,"bu","11:17:37",1919400
3.97,0.08,100,"bu","11:17:06",1918400
3.97,0.08,500,"bu","11:16:29",1918300
3.97,0.08,500,"bu","11:15:54",1917800
3.97,0.08,300,"bu","11:15:02",1917300
3.97,0.08,100,"bu","11:15:00",1917000
3.98,0.09,500,"sd","11:13:42",1916900
3.98,0.09,3000,"sd","11:13:35",1916400
3.98,0.09,1000,"sd","11:13:34",1913400
3.98,0.09,1000,"sd","11:13:27",1912400
3.98,0.09,200,"sd","11:13:19",1911400
3.98,0.09,500,"sd","11:13:00",1911200
3.98,0.09,1000,"sd","11:12:45",1910700
3.98,0.09,102700,"bu","11:12:30",1909700
3.97,0.08,29200,"bu","11:12:30",1807000
3.96,0.07,1200,"bu","11:12:30",1777800
3.96,0.07,20000,"bu","11:11:58",1776600
3.96,0.07,1700,"bu","11:11:58",1756600
3.95,0.06,700,"bu","11:11:15",1736600
3.93,0.04,2600,"sd","11:10:30",1735900
3.94,0.05,3400,"sd","11:10:30",1733300
3.94,0.05,1300,"sd","11:10:18",1729900
3.94,0.05,15300,"bu","11:09:58",1728600
3.93,0.04,1700,"sd","11:09:12",1713300
3.94,0.05,1300,"sd","11:07:11",1711600
3.94,0.05,100,"sd","11:07:07",1710300
3.94,0.05,100,"sd","11:07:03",1710200
3.94,0.05,1000,"bu","11:06:48",1710100
3.93,0.04,15000,"sd","11:06:27",1709100
3.93,0.04,14300,"sd","11:06:12",1694100
3.94,0.05,1700,"sd","11:06:12",1679800
3.95,0.06,200,"bu","11:05:43",1678100
3.95,0.06,100,"bu","11:04:55",1677900
3.95,0.06,100,"bu","11:04:37",1677800
3.95,0.06,5800,"sd","11:04:29",1677700
3.95,0.06,5000,"sd","11:04:01",1671900
3.95,0.06,4100,"sd","11:03:56",1666900
3.96,0.07,900,"sd","11:03:56",1662800
3.97,0.08,100,"bu","11:03:56",1661900
3.96,0.07,2000,"sd","11:03:12",1661800
3.96,0.07,100,"sd","11:02:36",1659800
3.97,0.08,1500,"bu","11:02:03",1659700
3.96,0.07,800,"sd","11:01:52",1658200
3.96,0.07,100,"sd","11:01:39",1657400
3.97,0.08,3000,"bu","11:01:37",1657300
3.97,0.08,600,"bu","11:01:32",1654300
3.97,0.08,300,"bu","11:00:56",1653700
3.96,0.07,4000,"sd","11:00:51",1653400
3.98,0.09,1200,"bu","11:00:07",1649400
3.97,0.08,200,"sd","11:00:00",1647400
3.98,0.09,200,"bu","10:59:47",1647200
3.97,0.08,1000,"sd","10:59:46",1647000
3.98,0.09,200,"sd","10:59:44",1646000
3.98,0.09,100,"sd","10:59:43",1645800
3.98,0.09,700,"bu","10:59:42",1645700
3.98,0.09,500,"bu","10:59:41",1645000
3.98,0.09,3900,"sd","10:59:34",1644500
3.98,0.09,300,"sd","10:59:32",1640600
3.98,0.09,100,"sd","10:59:28",1640300
3.98,0.09,5000,"sd","10:59:27",1640200
3.99,0.1,700,"bu","10:59:26",1635200
3.98,0.09,39000,"sd","10:59:24",1634500
3.98,0.09,10000,"sd","10:59:07",1595500
3.99,0.1,1000,"bu","10:58:55",1585500
3.99,0.1,5000,"bu","10:58:46",1584500
3.98,0.09,1000,"sd","10:58:41",1579500
3.99,0.1,100,"bu","10:58:32",1578500
3.98,0.09,2000,"sd","10:58:25",1578400
3.98,0.09,100,"bu","10:58:21",1576400
3.98,0.09,6000,"bu","10:58:20",1576300
3.96,0.07,2000,"sd","10:58:20",1570300
3.96,0.07,100,"sd","10:58:02",1568300
3.99,0.1,38100,"bu","10:57:58",1568200
3.98,0.09,17800,"bu","10:57:58",1530100
3.97,0.08,14100,"bu","10:57:58",1512300
3.96,0.07,500,"sd","10:57:48",1498200
3.96,0.07,26000,"bu","10:57:41",1497700
3.95,0.06,3600,"bu","10:57:28",1471700
3.95,0.06,700,"bu","10:57:26",1468100
3.95,0.06,1000,"bu","10:57:20",1467400
3.95,0.06,5100,"bu","10:57:11",1466400
3.95,0.06,100,"bu","10:57:11",1461300
3.95,0.06,50000,"bu","10:57:05",1461200
3.94,0.05,9600,"bu","10:56:30",1411200
3.94,0.05,1100,"bu","10:56:30",1401600
3.94,0.05,2000,"bu","10:56:28",1400500
3.93,0.04,7200,"bu","10:56:18",1398500
3.93,0.04,4100,"bu","10:56:16",1391300
3.92,0.03,2000,"sd","10:56:06",1387200
3.92,0.03,12800,"bu","10:55:47",1385200
3.92,0.03,5000,"bu","10:55:42",1372400
3.92,0.03,3000,"bu","10:55:36",1367400
3.91,0.02,28300,"bu","10:55:08",1364400
3.91,0.02,5000,"bu","10:55:08",1336100
3.91,0.02,4000,"bu","10:54:59",1331100
3.91,0.02,200,"bu","10:54:57",1327100
3.91,0.02,50000,"bu","10:54:33",1326900
3.9,0.01,2000,"sd","10:54:26",1276900
3.9,0.01,3000,"sd","10:54:17",1274900
3.9,0.01,200,"sd","10:53:25",1271900
3.9,0.01,3000,"sd","10:52:59",1271700
3.9,0.01,2000,"sd","10:52:18",1268700
3.91,0.02,1800,"bu","10:52:16",1266700
3.9,0.01,4500,"sd","10:52:05",1264900
3.9,0.01,28700,"bu","10:51:53",1260400
3.9,0.01,50400,"bu","10:51:52",1231700
3.9,0.01,100,"bu","10:51:40",1181300
3.9,0.01,5000,"bu","10:51:29",1181200
3.9,0.01,1000,"bu","10:51:04",1176200
3.9,0.01,1000,"bu","10:50:54",1175200
3.9,0.01,4000,"bu","10:50:28",1174200
3.9,0.01,100,"bu","10:50:10",1170200
3.89,0,200,"sd","10:50:02",1170100
3.9,0.01,500,"bu","10:49:44",1169900
3.9,0.01,2000,"bu","10:48:19",1169400
3.9,0.01,100,"bu","10:48:02",1167400
3.9,0.01,200,"bu","10:47:48",1167300
3.9,0.01,100,"bu","10:47:01",1167100
3.89,0,900,"bu","10:46:33",1167000
3.89,0,400,"bu","10:46:32",1166100
3.89,0,200,"bu","10:46:25",1165700
3.89,0,100,"bu","10:46:12",1165500
3.89,0,3400,"sd","10:45:54",1165400
3.89,0,2000,"sd","10:43:58",1162000
3.89,0,4200,"sd","10:42:32",1160000
3.89,0,7700,"sd","10:41:49",1155800
3.89,0,50000,"sd","10:41:37",1148100
3.89,0,50200,"bu","10:41:01",1098100
3.89,0,100,"bu","10:40:31",1047900
3.89,0,15000,"bu","10:39:37",1047800
3.89,0,2000,"bu","10:38:52",1032800
3.89,0,100,"bu","10:38:35",1030800
3.88,-0.01,5000,"sd","10:38:13",1030700
3.88,-0.01,1000,"sd","10:37:24",1025700
3.88,-0.01,17500,"bu","10:36:07",1024700
3.88,-0.01,5000,"bu","10:35:50",1007200
3.88,-0.01,100,"bu","10:35:42",1002200
3.87,-0.02,10000,"sd","10:35:40",1002100
3.88,-0.01,50000,"bu","10:35:33",992100
3.88,-0.01,5000,"bu","10:35:25",942100
3.88,-0.01,2000,"bu","10:35:23",937100
3.88,-0.01,900,"bu","10:35:10",935100
3.87,-0.02,20000,"sd","10:35:09",934200
3.87,-0.02,100,"sd","10:34:34",914200
3.88,-0.01,2000,"bu","10:34:32",914100
3.87,-0.02,1000,"sd","10:34:03",912100
3.87,-0.02,2700,"bu","10:33:37",911100
3.87,-0.02,100,"bu","10:33:35",908400
3.87,-0.02,400,"bu","10:33:32",908300
3.87,-0.02,900,"bu","10:33:31",907900
3.87,-0.02,1000,"bu","10:33:20",907000
3.87,-0.02,100,"bu","10:33:17",906000
3.87,-0.02,6800,"bu","10:33:06",905900
3.87,-0.02,1600,"bu","10:33:02",899100
3.87,-0.02,100,"bu","10:32:46",897500
3.87,-0.02,100,"bu","10:32:42",897400
3.87,-0.02,2000,"bu","10:32:39",897300
3.87,-0.02,136200,"sd","10:32:18",895300
3.88,-0.01,100,"bu","10:31:07",759100
3.88,-0.01,200,"bu","10:30:56",759000
3.88,-0.01,100,"bu","10:30:49",758800
3.88,-0.01,500,"bu","10:30:30",758700
3.88,-0.01,2000,"bu","10:30:21",758200
3.88,-0.01,200,"bu","10:30:20",756200
3.88,-0.01,200,"bu","10:30:15",756000
3.88,-0.01,500,"bu","10:30:03",755800
3.88,-0.01,1000,"bu","10:29:59",755300
3.88,-0.01,100,"bu","10:29:18",754300
3.88,-0.01,2000,"bu","10:29:14",754200
3.88,-0.01,100,"bu","10:28:54",752200
3.88,-0.01,400,"bu","10:28:35",752100
3.87,-0.02,2500,"sd","10:28:31",751700
3.88,-0.01,1000,"bu","10:28:11",749200
3.88,-0.01,100,"bu","10:28:08",748200
3.88,-0.01,100,"bu","10:27:37",748100
3.88,-0.01,300,"bu","10:27:35",748000
3.88,-0.01,2000,"bu","10:27:03",747700
3.88,-0.01,1000,"bu","10:27:02",745700
3.88,-0.01,500,"bu","10:26:38",744700
3.88,-0.01,2000,"bu","10:26:34",744200
3.88,-0.01,200,"bu","10:26:31",742200
3.88,-0.01,1000,"bu","10:26:06",742000
3.88,-0.01,100,"bu","10:25:42",741000
3.88,-0.01,45400,"sd","10:25:09",740900
3.88,-0.01,13500,"sd","10:25:08",695500
3.89,0,2000,"bu","10:24:38",682000
3.89,0,2000,"bu","10:23:46",680000
3.89,0,20000,"bu","10:23:33",678000
3.88,-0.01,100,"sd","10:23:30",658000
3.88,-0.01,1000,"sd","10:22:58",657900
3.88,-0.01,1000,"sd","10:22:55",656900
3.88,-0.01,19000,"sd","10:21:54",655900
3.89,0,19000,"bu","10:21:51",636900
3.89,0,7400,"bu","10:20:48",617900
3.89,0,500,"bu","10:20:33",610500
3.89,0,100,"bu","10:20:12",610000
3.89,0,500,"bu","10:20:02",609900
3.88,-0.01,2000,"sd","10:19:58",609400
3.89,0,100,"bu","10:19:41",607400
3.89,0,1000,"bu","10:19:40",607300
3.89,0,3000,"bu","10:19:37",606300
3.89,0,100,"bu","10:17:59",603300
3.89,0,200,"bu","10:17:50",603200
3.89,0,8700,"sd","10:17:09",603000
3.89,0,200,"sd","10:14:58",594300
3.89,0,200,"sd","10:14:50",594100
3.9,0.01,5600,"bu","10:14:45",593900
3.9,0.01,1000,"bu","10:13:13",588300
3.9,0.01,100,"bu","10:11:55",587300
3.9,0.01,100,"bu","10:11:41",587200
3.88,-0.01,200,"sd","10:10:33",587100
3.87,-0.02,200,"sd","10:09:05",586900
3.87,-0.02,4300,"sd","10:08:16",586700
3.88,-0.01,22900,"sd","10:08:16",582400
3.9,0.01,100,"bu","10:07:45",559500
3.9,0.01,1000,"bu","10:07:29",559400
3.89,0,3000,"sd","10:07:22",558400
3.9,0.01,100,"bu","10:07:11",555400
3.9,0.01,10000,"bu","10:06:57",555300
3.89,0,200,"sd","10:06:29",545300
3.89,0,17000,"sd","10:06:04",545100
3.9,0.01,200,"bu","10:05:56",528100
3.89,0,1000,"sd","10:03:10",527900
3.89,0,200,"sd","10:03:05",526900
3.89,0,100,"sd","10:02:32",526700
3.89,0,100,"sd","10:02:29",526600
3.9,0.01,1200,"bu","10:02:27",526500
3.89,0,100,"sd","10:02:23",525300
3.9,0.01,100,"bu","10:02:16",525200
3.9,0.01,500,"bu","10:02:10",525100
3.9,0.01,4000,"bu","10:01:31",524600
3.9,0.01,20000,"bu","10:01:06",520600
3.89,0,4700,"bu","10:00:16",500600
3.89,0,1200,"bu","10:00:12",495900
3.89,0,300,"bu","10:00:07",494700
3.89,0,900,"bu","09:59:35",494400
3.89,0,200,"bu","09:59:32",493500
3.89,0,1200,"bu","09:59:12",493300
3.88,-0.01,2000,"sd","09:58:16",492100
3.89,0,200,"bu","09:58:12",490100
3.89,0,100,"bu","09:57:34",489900
3.89,0,100,"bu","09:57:32",489800
3.89,0,1000,"bu","09:57:29",489700
3.89,0,5600,"sd","09:57:17",488700
3.9,0.01,5000,"bu","09:57:13",483100
3.9,0.01,2000,"bu","09:56:49",478100
3.9,0.01,100,"bu","09:56:26",476100
3.89,0,300,"bu","09:56:17",476000
3.89,0,100,"bu","09:56:17",475700
3.89,0,100,"bu","09:55:53",475600
3.89,0,1000,"bu","09:55:46",475500
3.89,0,1000,"bu","09:55:44",474500
3.89,0,900,"bu","09:55:40",473500
3.89,0,100,"bu","09:55:21",472600
3.89,0,500,"bu","09:55:10",472500
3.89,0,200,"sd","09:55:03",472000
3.89,0,1000,"sd","09:55:01",471800
3.89,0,3800,"bu","09:54:18",470800
3.89,0,4200,"sd","09:53:58",467000
3.9,0.01,17600,"bu","09:53:29",462800
3.89,0,7400,"bu","09:53:29",445200
3.89,0,100,"bu","09:53:13",437800
3.89,0,100,"bu","09:52:47",437700
3.89,0,400,"sd","09:52:29",437600
3.9,0.01,200,"bu","09:52:20",437200
3.89,0,100,"sd","09:52:18",437000
3.89,0,200,"bu","09:51:59",436900
3.89,0,5000,"bu","09:51:56",436700
3.89,0,800,"bu","09:51:31",431700
3.89,0,2000,"sd","09:51:28",430900
3.89,0,5000,"bu","09:51:01",428900
3.9,0.01,100,"bu","09:49:35",423900
3.9,0.01,7000,"bu","09:49:21",423800
3.9,0.01,3500,"bu","09:48:08",416800
3.86,-0.03,31500,"sd","09:46:40",413300
3.87,-0.02,4700,"sd","09:46:40",381800
3.88,-0.01,9000,"sd","09:46:40",377100
3.89,0,8100,"sd","09:46:40",368100
3.89,0,6700,"sd","09:46:39",360000
3.9,0.01,5000,"bu","09:46:23",353300
3.9,0.01,2000,"bu","09:45:47",348300
3.9,0.01,300,"bu","09:45:15",346300
3.9,0.01,100,"bu","09:45:13",346000
3.9,0.01,5000,"bu","09:43:35",345900
3.9,0.01,100,"bu","09:43:34",340900
3.9,0.01,200,"bu","09:42:55",340800
3.9,0.01,1000,"bu","09:42:52",340600
3.9,0.01,200,"bu","09:42:08",339600
3.9,0.01,100,"sd","09:39:16",339400
3.9,0.01,100,"sd","09:38:52",339300
3.9,0.01,4000,"sd","09:38:50",339200
3.9,0.01,900,"bu","09:38:35",335200
3.9,0.01,4100,"sd","09:37:52",334300
3.9,0.01,900,"bu","09:37:48",330200
3.9,0.01,200,"bu","09:37:27",329300
3.9,0.01,200,"sd","09:36:16",329100
3.9,0.01,300,"sd","09:36:04",328900
3.9,0.01,3600,"bu","09:35:53",328600
3.88,-0.01,800,"bu","09:35:41",325000
3.88,-0.01,3400,"sd","09:35:40",324200
3.88,-0.01,48000,"sd","09:34:39",320800
3.89,0,6000,"bu","09:34:27",272800
3.89,0,6300,"sd","09:34:26",266800
3.89,0,7000,"sd","09:33:27",260500
3.9,0.01,1000,"bu","09:32:38",253500
3.9,0.01,1000,"bu","09:32:17",252500
3.9,0.01,300,"bu","09:32:06",251500
3.89,0,17000,"sd","09:31:58",251200
3.9,0.01,200,"bu","09:31:54",234200
3.9,0.01,1000,"sd","09:31:14",234000
3.9,0.01,17000,"sd","09:30:58",233000
3.9,0.01,3200,"sd","09:29:55",216000
3.91,0.02,1300,"sd","09:29:55",212800
3.91,0.02,2700,"bu","09:29:52",211500
3.91,0.02,1000,"bu","09:29:50",208800
3.91,0.02,800,"sd","09:29:44",207800
3.91,0.02,5200,"bu","09:29:34",207000
3.91,0.02,1000,"bu","09:29:33",201800
3.9,0.01,500,"sd","09:29:32",200800
3.91,0.02,200,"bu","09:29:29",200300
3.91,0.02,1000,"bu","09:29:14",200100
3.91,0.02,100,"bu","09:29:13",199100
3.91,0.02,6000,"bu","09:28:56",199000
3.89,0,33000,"sd","09:28:48",193000
3.91,0.02,1000,"bu","09:28:37",160000
3.9,0.01,19000,"sd","09:28:33",159000
3.91,0.02,7400,"sd","09:28:03",140000
3.92,0.03,10000,"sd","09:27:21",132600
3.92,0.03,11000,"sd","09:27:00",122600
3.93,0.04,20000,"bu","09:26:30",111600
3.92,0.03,3800,"sd","09:25:42",91600
3.93,0.04,200,"sd","09:25:27",87800
3.93,0.04,900,"sd","09:25:19",87600
3.94,0.05,6900,"sd","09:24:14",86700
3.94,0.05,1000,"sd","09:24:13",79800
3.94,0.05,3000,"sd","09:24:09",78800
3.94,0.05,1000,"sd","09:24:04",75800
3.94,0.05,10000,"sd","09:24:00",74800
3.94,0.05,14100,"bu","09:23:52",64800
3.94,0.05,100,"bu","09:23:27",50700
3.94,0.05,1300,"sd","09:23:20",50600
3.94,0.05,700,"bu","09:22:57",49300
3.94,0.05,300,"bu","09:22:24",48600
3.95,0.06,400,"bu","09:21:50",48300
3.92,0.03,400,"sd","09:21:43",47900
3.93,0.04,600,"sd","09:21:43",47500
3.93,0.04,300,"sd","09:21:36",46900
3.95,0.06,14300,"bu","09:21:09",46600
3.94,0.05,100,"bu","09:21:09",32300
3.95,0.06,5400,"bu","09:20:56",32200
3.94,0.05,13500,"bu","09:20:30",26800
3.94,0.05,1000,"bu","09:19:46",13300
3.92,0.03,600,"sd","09:19:27",12300
3.92,0.03,400,"bu","09:18:58",11700
3.91,0.02,1100,"bu","09:16:46",11300
3.91,0.02,300,"bu","09:16:29",10200
3.91,0.02,300,"bu","09:16:01",9900
3.9,0.01,9600,"","09:15:02",9600
