"price","change","match_qtty","side","time","total_vol"
14,0.35,650300,"","14:45:08",3514000
13.9,0.25,5400,"sd","14:29:58",2863700
13.9,0.25,5400,"sd","14:29:56",2858300
13.9,0.25,5400,"sd","14:29:55",2852900
13.9,0.25,1000,"sd","14:29:48",2847500
13.9,0.25,1000,"sd","14:29:41",2846500
13.95,0.3,1900,"sd","14:29:38",2845500
14,0.35,100,"bu","14:29:38",2843600
14,0.35,2000,"bu","14:29:37",2843500
14,0.35,500,"bu","14:29:20",2841500
13.95,0.3,4900,"sd","14:29:18",2841000
13.95,0.3,1400,"sd","14:29:12",2836100
13.95,0.3,100,"sd","14:29:11",2834700
13.95,0.3,10000,"sd","14:29:08",2834600
13.95,0.3,500,"sd","14:29:00",2824600
13.95,0.3,2000,"sd","14:28:56",2824100
13.95,0.3,10000,"sd","14:28:46",2822100
14,0.35,300,"bu","14:28:44",2812100
14,0.35,1100,"bu","14:28:39",2811800
14,0.35,10000,"bu","14:28:24",2810700
14,0.35,1000,"bu","14:28:17",2800700
13.95,0.3,4500,"sd","14:28:16",2799700
14,0.35,500,"bu","14:27:59",2795200
14,0.35,500,"bu","14:27:56",2794700
14,0.35,2300,"bu","14:27:47",2794200
13.95,0.3,100,"sd","14:27:46",2791900
14,0.35,1500,"bu","14:27:36",2791800
13.95,0.3,500,"sd","14:27:32",2790300
14,0.35,500,"bu","14:27:01",2789800
14,0.35,200,"bu","14:26:52",2789300
14,0.35,300,"bu","14:26:51",2789100
14,0.35,5000,"bu","14:26:48",2788800
14,0.35,1000,"bu","14:26:45",2783800
14,0.35,10000,"bu","14:26:41",2782800
14,0.35,2000,"bu","14:26:34",2772800
14,0.35,1000,"bu","14:26:29",2770800
14,0.35,1000,"bu","14:26:06",2769800
14,0.35,10000,"bu","14:26:05",2768800
14,0.35,10000,"bu","14:26:02",2758800
14,0.35,500,"bu","14:25:32",2748800
14,0.35,10000,"bu","14:25:13",2748300
14,0.35,200,"bu","14:24:57",2738300
14,0.35,300,"bu","14:24:37",2738100
13.95,0.3,5000,"sd","14:24:35",2737800
14,0.35,14500,"bu","14:24:35",2732800
13.95,0.3,2000,"sd","14:24:16",2718300
13.95,0.3,5000,"sd","14:24:07",2716300
13.95,0.3,500,"sd","14:23:49",2711300
13.95,0.3,100,"sd","14:23:35",2710800
13.95,0.3,4100,"sd","14:23:26",2710700
14,0.35,800,"bu","14:23:21",2706600
14,0.35,2000,"bu","14:23:08",2705800
13.95,0.3,1000,"sd","14:22:58",2703800
13.95,0.3,14500,"bu","14:22:53",2702800
13.95,0.3,78300,"bu","14:22:51",2688300
13.95,0.3,6000,"bu","14:22:41",2610000
13.95,0.3,500,"bu","14:22:10",2604000
13.95,0.3,100,"bu","14:21:55",2603500
13.95,0.3,2400,"bu","14:21:27",2603400
13.9,0.25,1000,"sd","14:20:38",2601000
13.95,0.3,400,"bu","14:20:22",2600000
13.9,0.25,2000,"sd","14:19:50",2599600
13.9,0.25,200,"sd","14:19:36",2597600
13.9,0.25,500,"sd","14:19:21",2597400
13.9,0.25,100,"sd","14:19:05",2596900
13.9,0.25,7000,"sd","14:17:57",2596800
13.9,0.25,40000,"sd","14:17:31",2589800
13.9,0.25,1000,"sd","14:17:17",2549800
13.9,0.25,13900,"sd","14:17:06",2548800
13.95,0.3,3500,"bu","14:16:59",2534900
13.95,0.3,100,"bu","14:16:48",2531400
13.9,0.25,3000,"sd","14:16:35",2531300
13.9,0.25,500,"sd","14:16:24",2528300
13.9,0.25,500,"sd","14:15:43",2527800
13.9,0.25,400,"sd","14:15:38",2527300
13.9,0.25,300,"sd","14:15:29",2526900
13.9,0.25,100,"sd","14:15:12",2526600
13.9,0.25,1000,"sd","14:15:04",2526500
13.9,0.25,3500,"sd","14:14:47",2525500
13.9,0.25,1000,"sd","14:14:41",2522000
13.9,0.25,10000,"sd","14:13:58",2521000
13.9,0.25,500,"sd","14:13:42",2511000
13.9,0.25,1600,"bu","14:13:27",2510500
13.9,0.25,60000,"bu","14:13:24",2508900
13.9,0.25,900,"bu","14:13:20",2448900
13.9,0.25,100000,"bu","14:13:14",2448000
13.9,0.25,900,"bu","14:12:49",2348000
13.85,0.2,3000,"sd","14:12:43",2347100
13.85,0.2,400,"sd","14:12:28",2344100
13.9,0.25,800,"bu","14:12:18",2343700
13.9,0.25,1000,"bu","14:12:13",2342900
13.85,0.2,7000,"sd","14:11:56",2341900
13.9,0.25,800,"bu","14:11:48",2334900
13.9,0.25,500,"bu","14:11:31",2334100
13.9,0.25,800,"bu","14:11:17",2333600
13.9,0.25,2000,"bu","14:11:00",2332800
13.9,0.25,800,"bu","14:10:47",2330800
13.9,0.25,100,"bu","14:10:46",2330000
13.9,0.25,800,"bu","14:10:15",2329900
13.9,0.25,800,"bu","14:09:45",2329100
13.9,0.25,1000,"bu","14:09:30",2328300
13.9,0.25,800,"bu","14:09:14",2327300
13.9,0.25,800,"bu","14:08:44",2326500
13.85,0.2,5000,"sd","14:08:14",2325700
13.9,0.25,800,"bu","14:08:13",2320700
13.85,0.2,6000,"sd","14:08:06",2319900
13.85,0.2,45000,"sd","14:07:56",2313900
13.85,0.2,1000,"sd","14:07:49",2268900
13.85,0.2,1900,"sd","14:07:45",2267900
13.85,0.2,5000,"sd","14:07:43",2266000
13.9,0.25,800,"bu","14:07:42",2261000
13.9,0.25,100,"bu","14:07:33",2260200
13.9,0.25,800,"bu","14:07:11",2260100
13.85,0.2,20000,"sd","14:06:57",2259300
13.9,0.25,800,"bu","14:06:40",2239300
13.85,0.2,10000,"sd","14:06:37",2238500
13.9,0.25,800,"bu","14:06:09",2228500
13.9,0.25,300,"bu","14:06:05",2227700
13.9,0.25,800,"bu","14:05:38",2227400
13.9,0.25,300,"bu","14:05:35",2226600
13.85,0.2,200,"sd","14:05:32",2226300
13.9,0.25,1000,"bu","14:05:31",2226100
13.9,0.25,800,"bu","14:05:07",2225100
13.85,0.2,500,"sd","14:04:54",2224300
13.9,0.25,300,"bu","14:04:40",2223800
13.9,0.25,800,"bu","14:04:36",2223500
13.9,0.25,3200,"bu","14:04:12",2222700
13.9,0.25,800,"bu","14:04:06",2219500
13.85,0.2,300,"sd","14:04:01",2218700
13.9,0.25,300,"bu","14:03:44",2218400
13.85,0.2,100,"sd","14:03:39",2218100
13.9,0.25,800,"bu","14:03:35",2218000
13.9,0.25,10500,"bu","14:03:23",2217200
13.9,0.25,800,"bu","14:03:05",2206700
13.9,0.25,800,"bu","14:02:34",2205900
13.9,0.25,800,"bu","14:02:03",2205100
13.85,0.2,500,"sd","14:01:55",2204300
13.9,0.25,1000,"bu","14:01:53",2203800
13.9,0.25,700,"bu","14:01:46",2202800
13.9,0.25,800,"bu","14:01:32",2202100
13.9,0.25,200,"bu","14:01:19",2201300
13.9,0.25,200,"bu","14:01:03",2201100
13.9,0.25,800,"bu","14:01:01",2200900
13.9,0.25,10000,"bu","14:00:35",2200100
13.9,0.25,800,"bu","14:00:31",2190100
13.9,0.25,5000,"bu","14:00:29",2189300
13.9,0.25,800,"bu","14:00:00",2184300
13.9,0.25,200,"bu","13:59:57",2183500
13.9,0.25,300,"bu","13:59:45",2183300
13.9,0.25,800,"bu","13:59:29",2183000
13.9,0.25,800,"bu","13:58:58",2182200
13.9,0.25,800,"bu","13:58:27",2181400
13.85,0.2,800,"sd","13:58:24",2180600
13.85,0.2,1000,"sd","13:58:22",2179800
13.85,0.2,4500,"sd","13:58:17",2178800
13.85,0.2,800,"sd","13:58:16",2174300
13.85,0.2,800,"sd","13:58:08",2173500
13.85,0.2,5000,"sd","13:58:03",2172700
13.9,0.25,500,"bu","13:57:59",2167700
13.9,0.25,800,"bu","13:57:56",2167200
13.85,0.2,1000,"sd","13:57:31",2166400
13.9,0.25,800,"bu","13:57:25",2165400
13.85,0.2,1000,"sd","13:56:55",2164600
13.9,0.25,800,"bu","13:56:54",2163600
13.85,0.2,22900,"bu","13:56:42",2162800
13.85,0.2,800,"bu","13:56:24",2139900
13.85,0.2,500,"bu","13:56:20",2139100
13.85,0.2,5000,"bu","13:56:18",2138600
13.85,0.2,500,"bu","13:56:02",2133600
13.85,0.2,100,"bu","13:55:59",2133100
13.85,0.2,81200,"sd","13:55:56",2133000
13.9,0.25,800,"bu","13:55:53",2051800
13.85,0.2,29800,"bu","13:55:37",2051000
13.85,0.2,300,"bu","13:55:23",2021200
13.85,0.2,800,"bu","13:55:22",2020900
13.85,0.2,6600,"sd","13:55:20",2020100
13.85,0.2,800,"bu","13:54:58",2013500
13.85,0.2,800,"bu","13:54:51",2012700
13.85,0.2,98400,"sd","13:54:48",2011900
13.9,0.25,100,"bu","13:54:28",1913500
13.9,0.25,1800,"bu","13:54:23",1913400
13.9,0.25,800,"bu","13:54:21",1911600
13.9,0.25,800,"bu","13:53:50",1910800
13.85,0.2,1000,"sd","13:53:20",1910000
13.9,0.25,800,"bu","13:53:19",1909000
13.9,0.25,100,"bu","13:53:15",1908200
13.9,0.25,300,"bu","13:53:04",1908100
13.9,0.25,1000,"bu","13:52:57",1907800
13.9,0.25,800,"bu","13:52:48",1906800
13.9,0.25,1400,"bu","13:52:43",1906000
13.9,0.25,1600,"bu","13:52:31",1904600
13.9,0.25,800,"bu","13:52:17",1903000
13.9,0.25,1500,"bu","13:51:50",1902200
13.9,0.25,800,"bu","13:51:46",1900700
13.9,0.25,800,"bu","13:51:16",1899900
13.9,0.25,100,"bu","13:50:48",1899100
13.9,0.25,800,"bu","13:50:44",1899000
13.9,0.25,800,"bu","13:50:13",1898200
13.85,0.2,5000,"sd","13:50:11",1897400
13.9,0.25,3000,"bu","13:50:09",1892400
13.85,0.2,100,"sd","13:50:00",1889400
13.9,0.25,500,"bu","13:49:52",1889300
13.9,0.25,800,"bu","13:49:43",1888800
13.9,0.25,800,"bu","13:49:12",1888000
13.9,0.25,200,"bu","13:49:04",1887200
13.9,0.25,800,"bu","13:48:42",1887000
13.85,0.2,2000,"sd","13:48:24",1886200
13.9,0.25,800,"bu","13:48:11",1884200
13.85,0.2,500,"sd","13:47:44",1883400
13.9,0.25,800,"bu","13:47:40",1882900
13.9,0.25,1000,"bu","13:47:38",1882100
13.85,0.2,100,"sd","13:47:28",1881100
13.9,0.25,800,"bu","13:47:09",1881000
13.9,0.25,800,"bu","13:46:39",1880200
13.85,0.2,800,"sd","13:46:28",1879400
13.85,0.2,1000,"sd","13:46:18",1878600
13.9,0.25,800,"bu","13:46:08",1877600
13.85,0.2,100,"sd","13:46:04",1876800
13.9,0.25,800,"bu","13:45:37",1876700
13.9,0.25,2100,"bu","13:45:32",1875900
13.85,0.2,56800,"bu","13:45:21",1873800
13.85,0.2,800,"bu","13:45:06",1817000
13.85,0.2,100,"bu","13:44:58",1816200
13.85,0.2,300,"bu","13:44:36",1816100
13.85,0.2,800,"bu","13:44:35",1815800
13.85,0.2,1000,"bu","13:44:27",1815000
13.85,0.2,25400,"sd","13:44:08",1814000
13.9,0.25,800,"bu","13:44:05",1788600
13.85,0.2,14400,"sd","13:44:03",1787800
13.9,0.25,20000,"bu","13:43:50",1773400
13.85,0.2,15900,"sd","13:43:47",1753400
13.9,0.25,20000,"bu","13:43:41",1737500
13.9,0.25,800,"bu","13:43:34",1717500
13.9,0.25,200,"bu","13:43:28",1716700
13.9,0.25,800,"bu","13:43:04",1716500
13.85,0.2,49200,"sd","13:42:53",1715700
13.9,0.25,800,"bu","13:42:33",1666500
13.9,0.25,800,"bu","13:42:03",1665700
13.85,0.2,100,"sd","13:42:02",1664900
13.9,0.25,800,"bu","13:41:32",1664800
13.85,0.2,100,"sd","13:41:05",1664000
13.9,0.25,800,"bu","13:41:01",1663900
13.9,0.25,1000,"bu","13:40:55",1663100
13.85,0.2,1000,"sd","13:40:41",1662100
13.9,0.25,800,"bu","13:40:30",1661100
13.9,0.25,800,"bu","13:39:59",1660300
13.9,0.25,800,"bu","13:39:29",1659500
13.9,0.25,400,"bu","13:39:27",1658700
13.9,0.25,800,"bu","13:38:58",1658300
13.9,0.25,100,"bu","13:38:39",1657500
13.9,0.25,800,"bu","13:38:27",1657400
13.9,0.25,500,"bu","13:38:20",1656600
13.9,0.25,800,"bu","13:37:56",1656100
13.9,0.25,1000,"bu","13:37:39",1655300
13.9,0.25,800,"bu","13:37:26",1654300
13.9,0.25,1000,"bu","13:37:22",1653500
13.9,0.25,300,"bu","13:37:13",1652500
13.9,0.25,800,"bu","13:36:55",1652200
13.9,0.25,800,"bu","13:36:24",1651400
13.85,0.2,100,"sd","13:35:59",1650600
13.9,0.25,800,"bu","13:35:53",1650500
13.9,0.25,600,"bu","13:35:44",1649700
13.85,0.2,100,"sd","13:35:25",1649100
13.9,0.25,24600,"bu","13:35:24",1649000
13.9,0.25,200,"bu","13:35:23",1624400
13.9,0.25,800,"bu","13:35:22",1624200
13.9,0.25,300,"bu","13:35:17",1623400
13.9,0.25,800,"bu","13:34:51",1623100
13.85,0.2,800,"sd","13:34:36",1622300
13.9,0.25,300,"bu","13:34:29",1621500
13.9,0.25,100,"bu","13:34:27",1621200
13.9,0.25,800,"bu","13:34:20",1621100
13.9,0.25,200,"bu","13:34:11",1620300
13.9,0.25,500,"bu","13:34:06",1620100
13.9,0.25,800,"bu","13:33:50",1619600
13.85,0.2,5000,"sd","13:33:43",1618800
13.9,0.25,200,"bu","13:33:35",1613800
13.9,0.25,800,"bu","13:33:19",1613600
13.85,0.2,1000,"sd","13:32:58",1612800
13.9,0.25,1000,"bu","13:32:52",1611800
13.9,0.25,800,"bu","13:32:48",1610800
13.9,0.25,800,"bu","13:32:19",1610000
13.85,0.2,6200,"sd","13:32:05",1609200
13.85,0.2,800,"sd","13:32:04",1603000
13.9,0.25,800,"bu","13:31:46",1602200
13.9,0.25,800,"bu","13:31:16",1601400
13.9,0.25,500,"bu","13:30:58",1600600
13.9,0.25,800,"bu","13:30:45",1600100
13.9,0.25,800,"bu","13:30:14",1599300
13.9,0.25,800,"bu","13:29:44",1598500
13.85,0.2,100,"bu","13:29:42",1597700
13.85,0.2,1100,"bu","13:29:41",1597600
13.85,0.2,1000,"bu","13:29:35",1596500
13.85,0.2,1600,"bu","13:29:33",1595500
13.85,0.2,4000,"bu","13:29:33",1593900
13.85,0.2,100,"bu","13:29:23",1589900
13.85,0.2,100,"bu","13:29:22",1589800
13.85,0.2,800,"bu","13:29:19",1589700
13.85,0.2,100,"bu","13:29:18",1588900
13.85,0.2,800,"bu","13:29:13",1588800
13.85,0.2,2000,"bu","13:29:12",1588000
13.85,0.2,10000,"bu","13:29:11",1586000
13.85,0.2,1000,"bu","13:28:47",1576000
13.85,0.2,800,"bu","13:28:43",1575000
13.85,0.2,100,"bu","13:28:33",1574200
13.85,0.2,100,"bu","13:28:16",1574100
13.85,0.2,800,"bu","13:28:12",1574000
13.85,0.2,500,"bu","13:28:11",1573200
13.85,0.2,3600,"bu","13:28:00",1572700
13.85,0.2,800,"bu","13:27:41",1569100
13.85,0.2,500,"bu","13:27:37",1568300
13.85,0.2,800,"bu","13:27:10",1567800
13.85,0.2,3600,"bu","13:27:02",1567000
13.85,0.2,800,"bu","13:26:40",1563400
13.85,0.2,3000,"bu","13:26:30",1562600
13.85,0.2,1000,"bu","13:26:15",1559600
13.85,0.2,800,"bu","13:26:09",1558600
13.85,0.2,1000,"bu","13:25:57",1557800
13.85,0.2,800,"bu","13:25:38",1556800
13.85,0.2,500,"bu","13:25:36",1556000
13.85,0.2,6000,"bu","13:25:17",1555500
13.85,0.2,800,"bu","13:25:08",1549500
13.85,0.2,200,"bu","13:24:52",1548700
13.85,0.2,100,"bu","13:24:49",1548500
13.85,0.2,800,"bu","13:24:37",1548400
13.85,0.2,700,"bu","13:24:36",1547600
13.85,0.2,800,"bu","13:24:06",1546900
13.8,0.15,100,"sd","13:24:06",1546100
13.8,0.15,1300,"sd","13:24:03",1546000
13.8,0.15,41500,"bu","13:23:57",1544700
13.8,0.15,20000,"bu","13:23:36",1503200
13.8,0.15,800,"bu","13:23:35",1483200
13.8,0.15,137700,"sd","13:23:23",1482400
13.8,0.15,5000,"sd","13:23:15",1344700
13.8,0.15,100,"sd","13:23:07",1339700
13.85,0.2,800,"bu","13:23:05",1339600
13.85,0.2,200,"bu","13:22:49",1338800
13.85,0.2,800,"bu","13:22:34",1338600
13.85,0.2,6000,"sd","13:22:28",1337800
13.85,0.2,1300,"sd","13:22:23",1331800
13.85,0.2,13700,"sd","13:22:07",1330500
13.9,0.25,800,"bu","13:22:03",1316800
13.9,0.25,100,"bu","13:21:45",1316000
13.9,0.25,800,"bu","13:21:33",1315900
13.9,0.25,300,"bu","13:21:14",1315100
13.9,0.25,800,"bu","13:21:02",1314800
13.85,0.2,12000,"sd","13:20:47",1314000
13.9,0.25,200,"bu","13:20:45",1302000
13.85,0.2,8000,"sd","13:20:45",1301800
13.9,0.25,800,"bu","13:20:31",1293800
13.9,0.25,800,"bu","13:20:01",1293000
13.9,0.25,200,"bu","13:19:48",1292200
13.9,0.25,800,"bu","13:19:30",1292000
13.9,0.25,500,"bu","13:19:19",1291200
13.9,0.25,800,"bu","13:19:00",1290700
13.9,0.25,100,"bu","13:18:44",1289900
13.85,0.2,200,"sd","13:18:42",1289800
13.9,0.25,800,"bu","13:18:29",1289600
13.85,0.2,5000,"sd","13:18:11",1288800
13.85,0.2,2000,"sd","13:18:09",1283800
13.85,0.2,300,"sd","13:18:02",1281800
13.9,0.25,800,"bu","13:17:58",1281500
13.9,0.25,800,"bu","13:17:27",1280700
13.9,0.25,800,"bu","13:16:56",1279900
13.9,0.25,800,"bu","13:16:26",1279100
13.85,0.2,1000,"sd","13:16:25",1278300
13.9,0.25,1000,"bu","13:16:10",1277300
13.9,0.25,800,"bu","13:15:55",1276300
13.9,0.25,800,"bu","13:15:24",1275500
13.9,0.25,100,"bu","13:15:11",1274700
13.9,0.25,800,"bu","13:14:53",1274600
13.9,0.25,4000,"bu","13:14:27",1273800
13.9,0.25,800,"bu","13:14:23",1269800
13.9,0.25,500,"bu","13:14:09",1269000
13.9,0.25,1000,"bu","13:14:04",1268500
13.9,0.25,800,"bu","13:13:52",1267500
13.9,0.25,800,"bu","13:13:22",1266700
13.85,0.2,20000,"sd","13:13:07",1265900
13.9,0.25,800,"bu","13:12:51",1245900
13.9,0.25,800,"bu","13:12:20",1245100
13.9,0.25,500,"bu","13:12:08",1244300
13.9,0.25,800,"bu","13:11:49",1243800
13.85,0.2,101200,"bu","13:11:35",1243000
13.85,0.2,800,"bu","13:11:19",1141800
13.85,0.2,800,"bu","13:10:47",1141000
13.8,0.15,1000,"sd","13:10:43",1140200
13.8,0.15,500,"sd","13:10:31",1139200
13.85,0.2,800,"bu","13:10:17",1138700
13.85,0.2,800,"bu","13:09:45",1137900
13.85,0.2,1000,"bu","13:09:41",1137100
13.85,0.2,800,"bu","13:09:15",1136100
13.85,0.2,100,"bu","13:08:46",1135300
13.85,0.2,800,"bu","13:08:44",1135200
13.85,0.2,800,"bu","13:08:13",1134400
13.85,0.2,800,"bu","13:07:42",1133600
13.85,0.2,800,"bu","13:07:11",1132800
13.85,0.2,800,"bu","13:06:40",1132000
13.8,0.15,4000,"sd","13:06:30",1131200
13.85,0.2,800,"bu","13:06:09",1127200
13.85,0.2,800,"bu","13:05:38",1126400
13.8,0.15,4000,"sd","13:05:33",1125600
13.85,0.2,800,"bu","13:05:07",1121600
13.85,0.2,800,"bu","13:04:37",1120800
13.85,0.2,700,"bu","13:04:06",1120000
13.8,0.15,2000,"sd","13:03:36",1119300
13.85,0.2,1000,"bu","13:03:36",1117300
13.85,0.2,700,"bu","13:03:35",1116300
13.85,0.2,700,"bu","13:03:25",1115600
13.85,0.2,700,"bu","13:03:04",1114900
13.8,0.15,15000,"sd","13:02:44",1114200
13.85,0.2,700,"bu","13:02:33",1099200
13.8,0.15,15000,"sd","13:02:12",1098500
13.85,0.2,700,"bu","13:02:02",1083500
13.85,0.2,26400,"bu","13:02:01",1082800
13.85,0.2,700,"bu","13:01:31",1056400
13.8,0.15,1000,"sd","13:01:26",1055700
13.85,0.2,800,"bu","13:01:00",1054700
13.85,0.2,1000,"bu","13:00:29",1053900
13.85,0.2,300,"bu","13:00:23",1052900
13.85,0.2,100,"bu","13:00:19",1052600
13.85,0.2,200,"bu","13:00:10",1052500
13.85,0.2,2000,"bu","13:00:09",1052300
13.85,0.2,100,"bu","13:00:07",1050300
13.85,0.2,1100,"bu","13:00:05",1050200
13.85,0.2,600,"bu","13:00:04",1049100
13.85,0.2,2500,"sd","13:00:03",1048500
13.85,0.2,900,"bu","13:00:02",1046000
13.85,0.2,1000,"bu","13:00:01",1045100
13.85,0.2,300,"bu","11:29:11",1044100
13.9,0.25,1100,"bu","11:27:24",1043800
13.9,0.25,1100,"bu","11:26:53",1042700
13.9,0.25,4000,"bu","11:26:30",1041600
13.9,0.25,100,"bu","11:26:23",1037600
13.9,0.25,1100,"bu","11:25:52",1036500
13.85,0.2,1700,"bu","11:25:49",1035400
13.85,0.2,1100,"bu","11:25:21",1033700
13.85,0.2,1000,"bu","11:25:15",1032600
13.85,0.2,1100,"bu","11:24:51",1031600
13.85,0.2,1100,"bu","11:24:20",1030500
13.85,0.2,1000,"sd","11:24:12",1029400
13.9,0.25,1000,"bu","11:23:49",1028400
13.85,0.2,25000,"sd","11:23:30",1027400
13.9,0.25,1000,"bu","11:23:26",1002400
13.9,0.25,1000,"bu","11:23:18",1001400
13.9,0.25,1000,"bu","11:22:48",1000400
13.85,0.2,7500,"sd","11:22:30",999400
13.9,0.25,1000,"bu","11:22:17",991900
13.9,0.25,1000,"bu","11:21:47",990900
13.9,0.25,1000,"bu","11:21:16",989900
13.9,0.25,1000,"bu","11:20:46",988900
13.9,0.25,100,"bu","11:20:29",987900
13.9,0.25,1000,"bu","11:20:15",987800
13.9,0.25,1000,"bu","11:19:44",986800
13.9,0.25,1000,"bu","11:19:14",985800
13.9,0.25,1000,"bu","11:18:43",984800
13.85,0.2,100,"sd","11:18:24",983800
13.9,0.25,1000,"bu","11:18:12",983700
13.85,0.2,1000,"sd","11:18:07",982700
13.9,0.25,1000,"bu","11:17:41",981700
13.9,0.25,1000,"bu","11:17:11",980700
13.9,0.25,200,"bu","11:16:47",979700
13.9,0.25,1000,"bu","11:16:40",979500
13.9,0.25,500,"bu","11:16:10",978500
13.9,0.25,1000,"bu","11:16:09",978000
13.9,0.25,200,"bu","11:15:55",977000
13.9,0.25,1000,"bu","11:15:38",976800
13.9,0.25,1000,"bu","11:15:07",975800
13.85,0.2,1000,"sd","11:14:47",974800
13.9,0.25,1000,"bu","11:14:37",973800
13.9,0.25,1000,"bu","11:14:06",972800
13.9,0.25,1000,"bu","11:13:35",971800
13.9,0.25,1000,"bu","11:13:04",970800
13.9,0.25,700,"bu","11:12:53",969800
13.9,0.25,100,"bu","11:12:33",969100
13.85,0.2,900,"bu","11:12:33",969000
13.85,0.2,20000,"bu","11:12:32",968100
13.85,0.2,20000,"bu","11:12:29",948100
13.85,0.2,13000,"bu","11:12:25",928100
13.85,0.2,10000,"bu","11:12:23",915100
13.85,0.2,13700,"bu","11:12:18",905100
13.85,0.2,1500,"bu","11:12:16",891400
13.85,0.2,10000,"bu","11:12:15",889900
13.85,0.2,200,"bu","11:12:02",879900
13.85,0.2,800,"bu","11:12:01",879700
13.85,0.2,3000,"bu","11:11:52",878900
13.85,0.2,7000,"bu","11:11:36",875900
13.85,0.2,1000,"bu","11:11:30",868900
13.85,0.2,100,"bu","11:11:19",867900
13.85,0.2,1000,"bu","11:11:00",867800
13.85,0.2,900,"bu","11:10:29",866800
13.85,0.2,200,"bu","11:10:07",865900
13.85,0.2,900,"bu","11:09:58",865700
13.85,0.2,50000,"bu","11:09:50",864800
13.85,0.2,900,"bu","11:09:27",814800
13.85,0.2,900,"bu","11:08:57",813900
13.8,0.15,1000,"sd","11:08:28",813000
13.85,0.2,900,"bu","11:08:26",812000
13.85,0.2,900,"bu","11:07:54",811100
13.85,0.2,900,"bu","11:07:23",810200
13.85,0.2,900,"bu","11:06:53",809300
13.85,0.2,100,"bu","11:06:22",808400
13.85,0.2,800,"bu","11:06:21",808300
13.85,0.2,900,"bu","11:05:51",807500
13.85,0.2,15000,"bu","11:05:30",806600
13.85,0.2,900,"bu","11:05:21",791600
13.85,0.2,900,"bu","11:04:53",790700
13.85,0.2,900,"bu","11:04:18",789800
13.85,0.2,900,"bu","11:03:48",788900
13.85,0.2,900,"bu","11:03:17",788000
13.85,0.2,2000,"bu","11:02:59",787100
13.85,0.2,900,"bu","11:02:47",785100
13.85,0.2,500,"bu","11:02:26",784200
13.85,0.2,900,"bu","11:02:16",783700
13.85,0.2,900,"bu","11:01:45",782800
13.85,0.2,200,"bu","11:01:29",781900
13.85,0.2,900,"bu","11:01:14",781700
13.85,0.2,900,"bu","11:00:44",780800
13.8,0.15,100,"sd","11:00:29",779900
13.85,0.2,200,"bu","11:00:19",779800
13.85,0.2,900,"bu","11:00:13",779600
13.8,0.15,100,"sd","10:59:55",778700
13.85,0.2,900,"bu","10:59:42",778600
13.85,0.2,100,"bu","10:59:16",777700
13.85,0.2,900,"bu","10:59:11",777600
13.85,0.2,900,"bu","10:58:40",776700
13.8,0.15,200,"sd","10:58:40",775800
13.8,0.15,10000,"sd","10:58:33",775600
13.85,0.2,900,"bu","10:58:09",765600
13.85,0.2,1600,"bu","10:58:04",764700
13.8,0.15,200,"sd","10:57:56",763100
13.8,0.15,100,"sd","10:57:42",762900
13.85,0.2,900,"bu","10:57:38",762800
13.85,0.2,900,"bu","10:57:07",761900
13.85,0.2,1000,"bu","10:56:46",761000
13.85,0.2,300,"bu","10:56:45",760000
13.8,0.15,800,"sd","10:56:42",759700
13.8,0.15,2400,"sd","10:56:38",758900
13.85,0.2,900,"bu","10:56:36",756500
13.85,0.2,900,"bu","10:56:05",755600
13.85,0.2,2000,"bu","10:55:55",754700
13.85,0.2,900,"bu","10:55:34",752700
13.85,0.2,4000,"bu","10:55:32",751800
13.85,0.2,900,"bu","10:55:04",747800
13.85,0.2,1000,"bu","10:54:50",746900
13.85,0.2,900,"bu","10:54:33",745900
13.8,0.15,1000,"sd","10:54:22",745000
13.85,0.2,900,"bu","10:54:02",744000
13.85,0.2,900,"bu","10:53:31",743100
13.8,0.15,10000,"sd","10:53:22",742200
13.8,0.15,500,"sd","10:53:00",732200
13.85,0.2,900,"bu","10:53:00",731700
13.85,0.2,200,"bu","10:52:36",730800
13.85,0.2,900,"bu","10:52:30",730600
13.8,0.15,15000,"sd","10:52:22",729700
13.85,0.2,900,"bu","10:51:59",714700
13.85,0.2,1000,"bu","10:51:23",713800
13.85,0.2,1000,"bu","10:50:25",712800
13.85,0.2,20000,"bu","10:49:27",711800
13.85,0.2,500,"bu","10:49:01",691800
13.8,0.15,2400,"sd","10:48:58",691300
13.85,0.2,1000,"bu","10:48:57",688900
13.85,0.2,7500,"bu","10:46:25",687900
13.85,0.2,3000,"bu","10:46:16",680400
13.85,0.2,2000,"bu","10:45:57",677400
13.85,0.2,100,"bu","10:44:20",675400
13.85,0.2,2400,"bu","10:43:18",675300
13.85,0.2,2400,"bu","10:43:09",672900
13.85,0.2,100,"bu","10:42:39",670500
13.85,0.2,2400,"bu","10:41:21",670400
13.85,0.2,100,"bu","10:41:03",668000
13.85,0.2,2400,"bu","10:40:57",667900
13.85,0.2,2400,"bu","10:40:27",665500
13.8,0.15,300,"sd","10:39:58",663100
13.8,0.15,3100,"sd","10:38:35",662800
13.85,0.2,1000,"bu","10:37:50",659700
13.8,0.15,400,"sd","10:37:15",658700
13.8,0.15,5000,"sd","10:36:46",658300
13.8,0.15,5000,"sd","10:36:14",653300
13.8,0.15,100,"sd","10:35:46",648300
13.8,0.15,100,"sd","10:34:48",648200
13.85,0.2,2400,"bu","10:34:39",648100
13.8,0.15,100,"sd","10:34:35",645700
13.8,0.15,100,"sd","10:34:32",645600
13.8,0.15,1800,"sd","10:34:23",645500
13.8,0.15,100,"sd","10:34:07",643700
13.8,0.15,200,"sd","10:33:38",643600
13.8,0.15,15000,"sd","10:33:30",643400
13.8,0.15,5000,"sd","10:33:11",628400
13.8,0.15,200,"sd","10:32:46",623400
13.8,0.15,2000,"sd","10:32:30",623200
13.8,0.15,1700,"sd","10:32:24",621200
13.8,0.15,500,"sd","10:32:05",619500
13.8,0.15,2000,"sd","10:32:01",619000
13.8,0.15,5000,"sd","10:31:08",617000
13.8,0.15,2500,"sd","10:30:25",612000
13.8,0.15,3600,"bu","10:29:20",609500
13.8,0.15,16400,"sd","10:29:17",605900
13.8,0.15,1000,"sd","10:29:06",589500
13.8,0.15,5000,"sd","10:28:59",588500
13.8,0.15,200,"sd","10:28:58",583500
13.8,0.15,15000,"sd","10:28:08",583300
13.8,0.15,3000,"sd","10:28:04",568300
13.8,0.15,1000,"sd","10:28:00",565300
13.8,0.15,900,"sd","10:27:44",564300
13.8,0.15,500,"sd","10:27:21",563400
13.8,0.15,500,"sd","10:27:19",562900
13.8,0.15,1000,"sd","10:27:15",562400
13.8,0.15,200,"sd","10:27:11",561400
13.8,0.15,3000,"sd","10:26:41",561200
13.8,0.15,500,"sd","10:26:37",558200
13.8,0.15,300,"sd","10:26:26",557700
13.8,0.15,2400,"sd","10:26:15",557400
13.8,0.15,1000,"sd","10:25:31",555000
13.8,0.15,400,"sd","10:24:53",554000
13.8,0.15,2100,"bu","10:23:23",553600
13.8,0.15,28900,"sd","10:22:56",551500
13.8,0.15,200,"sd","10:21:47",522600
13.8,0.15,400,"sd","10:21:31",522400
13.8,0.15,100,"sd","10:20:49",522000
13.8,0.15,200,"sd","10:20:30",521900
13.8,0.15,1000,"sd","10:20:28",521700
13.8,0.15,1000,"sd","10:20:24",520700
13.8,0.15,1000,"sd","10:18:53",519700
13.8,0.15,100,"sd","10:18:49",518700
13.8,0.15,4300,"bu","10:18:46",518600
13.8,0.15,5300,"bu","10:18:46",514300
13.8,0.15,4700,"sd","10:18:37",509000
13.8,0.15,20000,"sd","10:18:31",504300
13.8,0.15,2000,"sd","10:17:43",484300
13.8,0.15,10000,"sd","10:17:07",482300
13.8,0.15,200,"sd","10:16:58",472300
13.8,0.15,5000,"sd","10:16:50",472100
13.8,0.15,1000,"sd","10:16:33",467100
13.8,0.15,200,"sd","10:15:35",466100
13.8,0.15,11200,"sd","10:15:34",465900
13.8,0.15,200,"sd","10:15:30",454700
13.8,0.15,2200,"sd","10:14:26",454500
13.8,0.15,10000,"sd","10:12:33",452300
13.8,0.15,100,"sd","10:12:15",442300
13.8,0.15,4900,"sd","10:11:12",442200
13.8,0.15,5000,"sd","10:09:38",437300
13.85,0.2,2000,"bu","10:08:04",432300
13.85,0.2,400,"bu","10:07:57",430300
13.8,0.15,3000,"sd","10:07:49",429900
13.85,0.2,1000,"bu","10:07:28",426900
13.85,0.2,500,"bu","10:07:03",425900
13.8,0.15,500,"sd","10:06:09",425400
13.8,0.15,500,"sd","10:04:58",424900
13.8,0.15,20000,"sd","10:04:49",424400
13.8,0.15,100,"sd","10:04:46",404400
13.8,0.15,100,"sd","10:02:37",404300
13.8,0.15,200,"sd","10:00:17",404200
13.85,0.2,100,"bu","09:58:43",404000
13.85,0.2,200,"bu","09:57:25",403900
13.85,0.2,600,"bu","09:56:08",403700
13.85,0.2,200,"bu","09:55:11",403100
13.8,0.15,20000,"sd","09:54:39",402900
13.8,0.15,5000,"sd","09:54:23",382900
13.8,0.15,600,"sd","09:52:35",377900
13.8,0.15,4000,"sd","09:52:28",377300
13.8,0.15,15000,"sd","09:52:09",373300
13.8,0.15,100,"sd","09:51:16",358300
13.8,0.15,500,"sd","09:50:17",358200
13.8,0.15,2000,"sd","09:49:35",357700
13.8,0.15,1000,"sd","09:49:22",355700
13.8,0.15,3000,"sd","09:49:15",354700
13.8,0.15,400,"sd","09:48:30",351700
13.8,0.15,5000,"sd","09:48:18",351300
13.8,0.15,10000,"sd","09:48:07",346300
13.8,0.15,10000,"sd","09:47:48",336300
13.8,0.15,100,"sd","09:47:35",326300
13.8,0.15,2000,"sd","09:46:22",326200
13.8,0.15,200,"sd","09:46:21",324200
13.8,0.15,100,"sd","09:45:26",324000
13.8,0.15,200,"sd","09:45:18",323900
13.8,0.15,500,"sd","09:44:50",323700
13.8,0.15,21500,"bu","09:44:43",323200
13.8,0.15,500,"bu","09:44:29",301700
13.8,0.15,2400,"bu","09:44:17",301200
13.8,0.15,2400,"bu","09:43:36",298800
13.75,0.1,300,"sd","09:43:28",296400
13.8,0.15,100,"bu","09:39:42",296100
13.8,0.15,1000,"bu","09:39:33",296000
13.8,0.15,2400,"bu","09:39:12",295000
13.8,0.15,10000,"bu","09:39:09",292600
13.75,0.1,500,"sd","09:39:00",282600
13.75,0.1,1000,"sd","09:38:52",282100
13.75,0.1,1000,"sd","09:38:26",281100
13.75,0.1,1000,"sd","09:37:58",280100
13.8,0.15,3600,"bu","09:37:35",279100
13.8,0.15,2000,"bu","09:36:55",275500
13.8,0.15,1000,"bu","09:36:33",273500
13.8,0.15,1000,"bu","09:36:28",272500
13.8,0.15,400,"bu","09:36:23",271500
13.8,0.15,5000,"bu","09:36:12",271100
13.8,0.15,10000,"bu","09:35:44",266100
13.8,0.15,20000,"bu","09:35:24",256100
13.8,0.15,36000,"bu","09:33:09",236100
13.8,0.15,200,"bu","09:32:57",200100
13.8,0.15,1000,"sd","09:32:08",199900
13.8,0.15,2600,"bu","09:32:06",198900
13.75,0.1,1600,"sd","09:31:57",196300
13.8,0.15,15000,"bu","09:31:38",194700
13.8,0.15,8300,"sd","09:30:18",179700
13.8,0.15,21700,"bu","09:29:59",171400
13.8,0.15,100,"bu","09:28:23",149700
13.8,0.15,1000,"sd","09:27:39",149600
13.8,0.15,2000,"sd","09:27:24",148600
13.8,0.15,100,"sd","09:27:17",146600
13.8,0.15,2400,"bu","09:27:12",146500
13.8,0.15,100,"bu","09:26:59",144100
13.8,0.15,2000,"bu","09:26:53",144000
13.8,0.15,25000,"bu","09:26:29",142000
13.8,0.15,300,"bu","09:24:45",117000
13.8,0.15,1000,"bu","09:23:41",116700
13.8,0.15,1000,"bu","09:23:39",115700
13.8,0.15,4800,"sd","09:23:20",114700
13.85,0.2,100,"bu","09:22:42",109900
13.8,0.15,1000,"sd","09:22:42",109800
13.85,0.2,200,"bu","09:22:40",108800
13.8,0.15,500,"sd","09:22:20",108600
13.8,0.15,100,"sd","09:22:15",108100
13.8,0.15,2600,"bu","09:22:10",108000
13.8,0.15,2800,"sd","09:22:10",105400
13.8,0.15,57200,"bu","09:21:59",102600
13.8,0.15,5000,"bu","09:21:49",45400
13.8,0.15,5000,"bu","09:20:21",40400
13.8,0.15,1600,"bu","09:18:27",35400
13.75,0.1,1400,"bu","09:18:27",33800
13.7,0.05,100,"sd","09:17:25",32400
13.7,0.05,200,"bu","09:16:38",32300
13.7,0.05,200,"sd","09:16:15",32100
13.65,0,10100,"sd","09:15:54",31900
13.7,0.05,14900,"sd","09:15:54",21800
13.7,0.05,100,"bu","09:15:26",6900
13.75,0.1,6800,"","09:15:02",6800
