"price","change","match_qtty","side","time","total_vol"
12.85,0.35,596800,"","14:45:05",8700200
12.85,0.35,2000,"sd","14:30:00",8103400
12.9,0.4,100,"bu","14:29:57",8101400
12.9,0.4,10000,"bu","14:29:48",8101300
12.9,0.4,5000,"bu","14:29:48",8091300
12.9,0.4,2100,"bu","14:29:44",8086300
12.9,0.4,3000,"bu","14:29:43",8084200
12.85,0.35,1500,"sd","14:29:42",8081200
12.9,0.4,1700,"bu","14:29:38",8079700
12.9,0.4,5000,"bu","14:29:35",8078000
12.9,0.4,200,"bu","14:29:34",8073000
12.9,0.4,1600,"bu","14:29:31",8072800
12.9,0.4,5000,"bu","14:29:27",8071200
12.9,0.4,1000,"bu","14:29:25",8066200
12.9,0.4,100,"bu","14:29:25",8065200
12.9,0.4,400,"bu","14:29:21",8065100
12.85,0.35,300,"sd","14:29:20",8064700
12.9,0.4,1000,"bu","14:29:17",8064400
12.9,0.4,100,"bu","14:29:15",8063400
12.9,0.4,46700,"bu","14:29:11",8063300
12.9,0.4,10000,"bu","14:29:10",8016600
12.9,0.4,600,"bu","14:29:09",8006600
12.9,0.4,30000,"bu","14:29:08",8006000
12.9,0.4,800,"bu","14:29:06",7976000
12.85,0.35,100,"sd","14:29:04",7975200
12.9,0.4,8000,"bu","14:29:00",7975100
12.9,0.4,9800,"bu","14:28:58",7967100
12.9,0.4,100,"bu","14:28:55",7957300
12.9,0.4,6000,"bu","14:28:54",7957200
12.9,0.4,11000,"bu","14:28:53",7951200
12.9,0.4,1000,"bu","14:28:51",7940200
12.9,0.4,1000,"bu","14:28:48",7939200
12.9,0.4,5000,"bu","14:28:45",7938200
12.85,0.35,100000,"sd","14:28:45",7933200
12.9,0.4,3000,"bu","14:28:38",7833200
12.9,0.4,1000,"bu","14:28:33",7830200
12.9,0.4,71600,"bu","14:28:32",7829200
12.9,0.4,200,"bu","14:28:31",7757600
12.9,0.4,2000,"bu","14:28:28",7757400
12.9,0.4,1000,"bu","14:28:25",7755400
12.9,0.4,30000,"bu","14:28:21",7754400
12.9,0.4,100,"bu","14:28:14",7724400
12.9,0.4,500,"bu","14:28:13",7724300
12.85,0.35,100,"sd","14:28:10",7723800
12.9,0.4,5000,"bu","14:28:01",7723700
12.9,0.4,3600,"bu","14:27:48",7718700
12.85,0.35,2000,"sd","14:27:41",7715100
12.85,0.35,300,"sd","14:27:39",7713100
12.9,0.4,10000,"bu","14:27:29",7712800
12.85,0.35,1000,"sd","14:27:29",7702800
12.9,0.4,4600,"bu","14:27:29",7701800
12.85,0.35,200,"sd","14:27:27",7697200
12.9,0.4,3300,"bu","14:27:22",7697000
12.85,0.35,1000,"sd","14:27:07",7693700
12.9,0.4,100,"bu","14:27:04",7692700
12.85,0.35,1200,"sd","14:26:50",7692600
12.85,0.35,5000,"sd","14:26:43",7691400
12.9,0.4,2000,"bu","14:26:43",7686400
12.85,0.35,20000,"sd","14:26:40",7684400
12.85,0.35,500,"sd","14:26:18",7664400
12.9,0.4,1200,"bu","14:26:16",7663900
12.85,0.35,200,"sd","14:26:14",7662700
12.9,0.4,100,"bu","14:26:08",7662500
12.9,0.4,600,"bu","14:25:56",7662400
12.9,0.4,500,"bu","14:25:50",7661800
12.9,0.4,1100,"bu","14:25:46",7661300
12.9,0.4,4800,"bu","14:25:43",7660200
12.9,0.4,1000,"bu","14:25:42",7655400
12.9,0.4,41300,"sd","14:25:37",7654400
12.9,0.4,20000,"sd","14:25:35",7613100
12.9,0.4,500,"sd","14:25:33",7593100
12.9,0.4,1000,"sd","14:25:32",7592600
12.9,0.4,3000,"sd","14:25:31",7591600
12.9,0.4,300,"sd","14:25:27",7588600
12.9,0.4,4700,"bu","14:25:26",7588300
12.9,0.4,28100,"bu","14:25:25",7583600
12.9,0.4,4400,"bu","14:25:25",7555500
12.9,0.4,6500,"bu","14:25:24",7551100
12.9,0.4,9800,"bu","14:25:23",7544600
12.9,0.4,2000,"bu","14:25:23",7534800
12.9,0.4,50000,"bu","14:25:20",7532800
12.9,0.4,15000,"bu","14:25:17",7482800
12.9,0.4,2000,"bu","14:25:17",7467800
12.9,0.4,1500,"bu","14:25:15",7465800
12.9,0.4,1900,"bu","14:25:14",7464300
12.9,0.4,6300,"bu","14:25:14",7462400
12.9,0.4,100,"bu","14:25:13",7456100
12.9,0.4,100,"bu","14:25:12",7456000
12.85,0.35,300,"sd","14:25:10",7455900
12.9,0.4,143000,"bu","14:25:09",7455600
12.9,0.4,4000,"bu","14:25:05",7312600
12.9,0.4,5000,"bu","14:25:03",7308600
12.9,0.4,2000,"bu","14:24:59",7303600
12.9,0.4,10000,"bu","14:24:58",7301600
12.85,0.35,200,"sd","14:24:58",7291600
12.9,0.4,19000,"bu","14:24:57",7291400
12.9,0.4,100,"bu","14:24:56",7272400
12.9,0.4,200,"bu","14:24:55",7272300
12.9,0.4,100,"bu","14:24:53",7272100
12.9,0.4,1000,"bu","14:24:46",7272000
12.9,0.4,500,"bu","14:24:45",7271000
12.9,0.4,100,"bu","14:24:44",7270500
12.9,0.4,5000,"bu","14:24:41",7270400
12.9,0.4,1700,"bu","14:24:34",7265400
12.9,0.4,2000,"bu","14:24:28",7263700
12.9,0.4,1000,"bu","14:24:26",7261700
12.9,0.4,100,"bu","14:24:19",7260700
12.9,0.4,15000,"bu","14:24:19",7260600
12.9,0.4,400,"bu","14:24:14",7245600
12.9,0.4,3000,"bu","14:24:10",7245200
12.9,0.4,1200,"bu","14:24:07",7242200
12.9,0.4,300,"bu","14:24:07",7241000
12.9,0.4,66900,"bu","14:24:02",7240700
12.9,0.4,4700,"bu","14:24:01",7173800
12.9,0.4,6000,"bu","14:23:47",7169100
12.9,0.4,1000,"bu","14:23:46",7163100
12.9,0.4,2000,"bu","14:23:45",7162100
12.9,0.4,10000,"bu","14:23:44",7160100
12.9,0.4,1000,"bu","14:23:41",7150100
12.9,0.4,3000,"bu","14:23:37",7149100
12.9,0.4,5000,"bu","14:23:34",7146100
12.9,0.4,800,"bu","14:23:33",7141100
12.9,0.4,20000,"bu","14:23:27",7140300
12.85,0.35,100,"sd","14:23:25",7120300
12.9,0.4,1900,"bu","14:23:23",7120200
12.9,0.4,5000,"bu","14:23:21",7118300
12.9,0.4,5000,"bu","14:23:18",7113300
12.9,0.4,300,"bu","14:23:15",7108300
12.9,0.4,300,"bu","14:23:13",7108000
12.9,0.4,4400,"bu","14:23:11",7107700
12.9,0.4,300,"bu","14:23:09",7103300
12.9,0.4,1000,"bu","14:23:08",7103000
12.9,0.4,300,"bu","14:23:07",7102000
12.9,0.4,1500,"bu","14:23:06",7101700
12.9,0.4,6000,"bu","14:23:03",7100200
12.9,0.4,1000,"bu","14:23:00",7094200
12.9,0.4,4000,"bu","14:22:59",7093200
12.9,0.4,300,"bu","14:22:57",7089200
12.9,0.4,5000,"bu","14:22:56",7088900
12.9,0.4,100,"bu","14:22:47",7083900
12.85,0.35,200,"sd","14:22:39",7083800
12.85,0.35,67900,"bu","14:22:31",7083600
12.85,0.35,5500,"bu","14:22:29",7015700
12.85,0.35,16300,"bu","14:22:28",7010200
12.85,0.35,35500,"bu","14:22:26",6993900
12.85,0.35,16200,"bu","14:22:25",6958400
12.85,0.35,10000,"bu","14:22:25",6942200
12.85,0.35,10000,"bu","14:22:24",6932200
12.85,0.35,10000,"bu","14:22:23",6922200
12.85,0.35,8000,"bu","14:22:19",6912200
12.85,0.35,5000,"bu","14:22:18",6904200
12.85,0.35,3000,"bu","14:22:17",6899200
12.85,0.35,300,"bu","14:22:17",6896200
12.85,0.35,10000,"bu","14:22:16",6895900
12.85,0.35,3000,"bu","14:22:15",6885900
12.85,0.35,800,"bu","14:22:14",6882900
12.85,0.35,2000,"bu","14:22:14",6882100
12.85,0.35,400,"bu","14:22:13",6880100
12.85,0.35,50000,"bu","14:22:11",6879700
12.85,0.35,200,"bu","14:22:09",6829700
12.85,0.35,2800,"bu","14:22:07",6829500
12.85,0.35,10200,"bu","14:22:04",6826700
12.85,0.35,3100,"bu","14:22:00",6816500
12.85,0.35,7700,"bu","14:21:57",6813400
12.85,0.35,1300,"bu","14:21:56",6805700
12.85,0.35,200,"bu","14:21:53",6804400
12.85,0.35,3000,"bu","14:21:52",6804200
12.85,0.35,7800,"bu","14:21:51",6801200
12.85,0.35,3000,"bu","14:21:49",6793400
12.85,0.35,7200,"bu","14:21:45",6790400
12.85,0.35,5000,"bu","14:21:44",6783200
12.85,0.35,200,"bu","14:21:36",6778200
12.85,0.35,800,"bu","14:21:27",6778000
12.8,0.3,900,"sd","14:21:27",6777200
12.85,0.35,2000,"bu","14:21:22",6776300
12.8,0.3,1000,"sd","14:21:16",6774300
12.85,0.35,4000,"bu","14:21:15",6773300
12.85,0.35,10000,"bu","14:21:10",6769300
12.85,0.35,1000,"bu","14:20:58",6759300
12.8,0.3,500,"sd","14:20:53",6758300
12.8,0.3,100,"sd","14:20:34",6757800
12.85,0.35,2000,"bu","14:20:12",6757700
12.8,0.3,3000,"sd","14:20:07",6755700
12.8,0.3,8200,"sd","14:20:03",6752700
12.8,0.3,9000,"sd","14:20:02",6744500
12.8,0.3,5000,"sd","14:19:45",6735500
12.8,0.3,200,"sd","14:19:42",6730500
12.8,0.3,3600,"sd","14:19:17",6730300
12.8,0.3,1000,"sd","14:19:14",6726700
12.8,0.3,900,"sd","14:19:13",6725700
12.8,0.3,1100,"sd","14:19:07",6724800
12.8,0.3,2000,"sd","14:18:49",6723700
12.8,0.3,500,"sd","14:18:48",6721700
12.8,0.3,2000,"sd","14:18:46",6721200
12.8,0.3,1000,"sd","14:18:42",6719200
12.8,0.3,1000,"sd","14:18:41",6718200
12.8,0.3,2000,"sd","14:18:19",6717200
12.8,0.3,100,"sd","14:18:18",6715200
12.8,0.3,4000,"sd","14:18:13",6715100
12.8,0.3,10000,"sd","14:18:10",6711100
12.8,0.3,1000,"sd","14:18:09",6701100
12.8,0.3,1000,"sd","14:17:55",6700100
12.8,0.3,3000,"sd","14:17:20",6699100
12.85,0.35,2000,"bu","14:17:11",6696100
12.8,0.3,2000,"sd","14:17:09",6694100
12.8,0.3,200,"sd","14:17:06",6692100
12.8,0.3,16100,"bu","14:16:52",6691900
12.8,0.3,3900,"bu","14:16:50",6675800
12.8,0.3,10000,"bu","14:16:48",6671900
12.75,0.25,500,"sd","14:16:46",6661900
12.8,0.3,21000,"bu","14:16:45",6661400
12.8,0.3,22000,"bu","14:16:42",6640400
12.8,0.3,50000,"bu","14:16:39",6618400
12.8,0.3,3000,"bu","14:16:37",6568400
12.8,0.3,15000,"bu","14:16:29",6565400
12.8,0.3,5000,"bu","14:16:16",6550400
12.8,0.3,30000,"bu","14:16:10",6545400
12.75,0.25,100,"sd","14:16:04",6515400
12.75,0.25,10000,"sd","14:15:28",6515300
12.8,0.3,2000,"bu","14:15:06",6505300
12.8,0.3,10000,"bu","14:14:36",6503300
12.8,0.3,600,"bu","14:13:59",6493300
12.8,0.3,2000,"bu","14:13:57",6492700
12.8,0.3,200,"bu","14:13:29",6490700
12.75,0.25,200,"sd","14:13:16",6490500
12.75,0.25,500,"sd","14:13:14",6490300
12.8,0.3,12900,"bu","14:13:06",6489800
12.75,0.25,300,"sd","14:12:41",6476900
12.75,0.25,2000,"sd","14:12:29",6476600
12.75,0.25,500,"sd","14:12:15",6474600
12.75,0.25,500,"sd","14:12:03",6474100
12.75,0.25,500,"sd","14:11:44",6473600
12.75,0.25,5000,"sd","14:11:37",6473100
12.75,0.25,1000,"sd","14:11:23",6468100
12.75,0.25,1500,"sd","14:11:10",6467100
12.75,0.25,500,"sd","14:11:08",6465600
12.75,0.25,500,"sd","14:10:54",6465100
12.75,0.25,500,"sd","14:10:53",6464600
12.75,0.25,2000,"sd","14:10:24",6464100
12.8,0.3,1000,"bu","14:10:09",6462100
12.75,0.25,100,"sd","14:10:02",6461100
12.75,0.25,41000,"sd","14:09:50",6461000
12.75,0.25,2000,"sd","14:09:39",6420000
12.8,0.3,17000,"bu","14:09:31",6418000
12.8,0.3,1000,"bu","14:08:48",6401000
12.8,0.3,2000,"bu","14:06:46",6400000
12.8,0.3,4000,"bu","14:06:29",6398000
12.75,0.25,100,"sd","14:06:29",6394000
12.8,0.3,2100,"sd","14:06:21",6393900
12.8,0.3,1000,"sd","14:06:17",6391800
12.8,0.3,1000,"sd","14:06:16",6390800
12.8,0.3,400,"sd","14:06:03",6389800
12.8,0.3,3000,"sd","14:06:00",6389400
12.8,0.3,24000,"sd","14:05:54",6386400
12.8,0.3,1100,"sd","14:05:51",6362400
12.8,0.3,2000,"sd","14:05:37",6361300
12.8,0.3,6000,"sd","14:05:26",6359300
12.8,0.3,8900,"sd","14:05:20",6353300
12.8,0.3,3000,"sd","14:05:16",6344400
12.8,0.3,500,"sd","14:05:09",6341400
12.8,0.3,2000,"sd","14:05:07",6340900
12.8,0.3,100,"sd","14:05:06",6338900
12.8,0.3,100,"sd","14:05:03",6338800
12.8,0.3,3000,"sd","14:05:02",6338700
12.8,0.3,500,"sd","14:05:00",6335700
12.8,0.3,2200,"sd","14:04:59",6335200
12.8,0.3,1000,"sd","14:04:54",6333000
12.8,0.3,400,"sd","14:04:51",6332000
12.8,0.3,11000,"sd","14:04:50",6331600
12.8,0.3,100,"sd","14:04:44",6320600
12.8,0.3,5000,"sd","14:04:33",6320500
12.8,0.3,1000,"sd","14:04:32",6315500
12.8,0.3,5000,"sd","14:04:24",6314500
12.8,0.3,100,"sd","14:04:21",6309500
12.8,0.3,1000,"sd","14:04:17",6309400
12.8,0.3,5000,"sd","14:04:00",6308400
12.8,0.3,300,"sd","14:03:57",6303400
12.8,0.3,500,"sd","14:03:49",6303100
12.8,0.3,5000,"sd","14:03:42",6302600
12.8,0.3,500,"sd","14:03:41",6297600
12.8,0.3,11400,"bu","14:03:27",6297100
12.8,0.3,500,"bu","14:03:26",6285700
12.8,0.3,300,"bu","14:03:25",6285200
12.8,0.3,5000,"bu","14:03:24",6284900
12.8,0.3,500,"bu","14:03:20",6279900
12.8,0.3,40000,"bu","14:03:09",6279400
12.8,0.3,5000,"bu","14:02:59",6239400
12.8,0.3,600,"bu","14:02:46",6234400
12.8,0.3,1000,"bu","14:02:33",6233800
12.8,0.3,1000,"bu","14:02:20",6232800
12.8,0.3,11000,"bu","14:02:17",6231800
12.8,0.3,5000,"bu","14:02:06",6220800
12.8,0.3,1200,"bu","14:02:00",6215800
12.8,0.3,1900,"bu","14:01:38",6214600
12.8,0.3,3700,"bu","14:01:16",6212700
12.8,0.3,10000,"bu","14:01:16",6209000
12.8,0.3,600,"bu","14:01:12",6199000
12.8,0.3,21000,"bu","14:00:53",6198400
12.8,0.3,5000,"bu","14:00:48",6177400
12.75,0.25,200,"sd","14:00:39",6172400
12.75,0.25,200,"sd","14:00:26",6172200
12.8,0.3,100,"bu","14:00:17",6172000
12.8,0.3,3000,"bu","14:00:12",6171900
12.8,0.3,500,"bu","14:00:03",6168900
12.8,0.3,800,"bu","14:00:00",6168400
12.8,0.3,200,"bu","13:59:58",6167600
12.8,0.3,1000,"bu","13:59:49",6167400
12.8,0.3,500,"bu","13:59:47",6166400
12.8,0.3,100,"bu","13:59:38",6165900
12.8,0.3,1000,"bu","13:59:33",6165800
12.8,0.3,4700,"sd","13:59:32",6164800
12.8,0.3,3000,"sd","13:59:30",6160100
12.8,0.3,600,"sd","13:59:30",6157100
12.8,0.3,10300,"sd","13:59:27",6156500
12.8,0.3,300,"sd","13:59:21",6146200
12.8,0.3,700,"sd","13:59:15",6145900
12.8,0.3,10000,"sd","13:59:14",6145200
12.8,0.3,1000,"sd","13:59:12",6135200
12.85,0.35,5000,"bu","13:59:09",6134200
12.8,0.3,10200,"sd","13:59:01",6129200
12.8,0.3,3000,"sd","13:58:58",6119000
12.85,0.35,100,"bu","13:58:58",6116000
12.8,0.3,300,"sd","13:58:57",6115900
12.8,0.3,32300,"sd","13:58:47",6115600
12.8,0.3,17700,"sd","13:58:47",6083300
12.85,0.35,200000,"bu","13:58:45",6065600
12.8,0.3,6000,"sd","13:58:44",5865600
12.8,0.3,200,"sd","13:58:39",5859600
12.8,0.3,100000,"sd","13:58:35",5859400
12.8,0.3,500,"sd","13:58:29",5759400
12.85,0.35,3000,"bu","13:58:22",5758900
12.85,0.35,100,"bu","13:58:14",5755900
12.85,0.35,15800,"bu","13:57:51",5755800
12.85,0.35,1000,"bu","13:57:28",5740000
12.85,0.35,3000,"bu","13:57:11",5739000
12.8,0.3,100,"sd","13:56:59",5736000
12.8,0.3,52800,"bu","13:56:58",5735900
12.8,0.3,38800,"bu","13:56:57",5683100
12.8,0.3,20000,"bu","13:56:57",5644300
12.8,0.3,20000,"bu","13:56:56",5624300
12.8,0.3,2400,"bu","13:56:55",5594000
12.8,0.3,7600,"bu","13:56:54",5591600
12.8,0.3,10000,"bu","13:56:53",5584000
12.8,0.3,2000,"bu","13:56:52",5574000
12.8,0.3,5000,"bu","13:56:51",5572000
12.8,0.3,13000,"bu","13:56:49",5567000
12.8,0.3,9000,"bu","13:56:49",5554000
12.8,0.3,5000,"bu","13:56:47",5545000
12.8,0.3,200,"bu","13:56:45",5540000
12.8,0.3,800,"bu","13:56:42",5539800
12.8,0.3,500,"bu","13:56:40",5539000
12.8,0.3,1000,"bu","13:56:38",5538500
12.8,0.3,2000,"bu","13:56:36",5537500
12.8,0.3,500,"bu","13:56:33",5535500
12.8,0.3,21000,"bu","13:56:32",5535000
12.8,0.3,500,"bu","13:56:27",5514000
12.8,0.3,4000,"bu","13:56:25",5513500
12.8,0.3,1500,"bu","13:56:23",5509500
12.8,0.3,2000,"bu","13:56:20",5508000
12.8,0.3,300,"bu","13:56:17",5506000
12.8,0.3,6200,"bu","13:56:11",5505700
12.8,0.3,500,"bu","13:56:03",5499500
12.8,0.3,400,"bu","13:55:57",5499000
12.8,0.3,2000,"bu","13:55:47",5498600
12.75,0.25,100,"sd","13:55:42",5496600
12.8,0.3,4000,"bu","13:55:41",5496500
12.8,0.3,1000,"bu","13:55:40",5492500
12.8,0.3,1000,"bu","13:55:24",5491500
12.75,0.25,5000,"sd","13:54:45",5490500
12.75,0.25,5700,"bu","13:54:45",5485500
12.75,0.25,9000,"bu","13:54:44",5479800
12.75,0.25,10000,"bu","13:54:44",5470800
12.75,0.25,2500,"bu","13:54:42",5460800
12.75,0.25,55000,"bu","13:54:39",5458300
12.7,0.2,1500,"sd","13:54:36",5403300
12.75,0.25,5800,"bu","13:54:35",5401800
12.75,0.25,1000,"bu","13:54:33",5396000
12.75,0.25,100000,"bu","13:54:32",5395000
12.75,0.25,200,"bu","13:54:31",5295000
12.75,0.25,100,"bu","13:54:07",5294800
12.7,0.2,20000,"sd","13:53:56",5294700
12.7,0.2,200,"sd","13:53:20",5274700
12.75,0.25,1000,"bu","13:53:08",5274500
12.75,0.25,5000,"bu","13:52:57",5273500
12.75,0.25,2000,"bu","13:52:52",5268500
12.7,0.2,3000,"sd","13:52:52",5266500
12.7,0.2,1000,"sd","13:52:40",5263500
12.7,0.2,30000,"sd","13:52:24",5262500
12.75,0.25,100,"bu","13:51:05",5232500
12.7,0.2,5000,"sd","13:51:03",5232400
12.7,0.2,100,"sd","13:50:57",5227400
12.7,0.2,1000,"sd","13:50:56",5227300
12.7,0.2,5300,"sd","13:50:51",5226300
12.7,0.2,10000,"sd","13:50:24",5221000
12.7,0.2,5000,"sd","13:50:10",5211000
12.7,0.2,1500,"sd","13:49:17",5206000
12.7,0.2,5000,"sd","13:48:21",5204500
12.7,0.2,4300,"sd","13:47:50",5199500
12.7,0.2,5700,"sd","13:47:49",5195200
12.7,0.2,100,"sd","13:47:34",5189500
12.7,0.2,10000,"sd","13:47:32",5189400
12.7,0.2,500,"sd","13:47:23",5179400
12.7,0.2,100,"sd","13:47:13",5178900
12.7,0.2,300,"sd","13:46:54",5178800
12.7,0.2,1000,"sd","13:46:29",5178500
12.7,0.2,5000,"sd","13:46:22",5177500
12.7,0.2,100,"sd","13:46:18",5172500
12.7,0.2,3800,"bu","13:46:12",5172400
12.7,0.2,100,"bu","13:46:06",5168600
12.7,0.2,1000,"bu","13:45:54",5168500
12.7,0.2,10000,"bu","13:45:50",5166000
12.7,0.2,5000,"bu","13:45:29",5156000
12.7,0.2,100,"bu","13:45:07",5151000
12.65,0.15,3000,"sd","13:45:00",5150900
12.7,0.2,10000,"bu","13:44:35",5147900
12.7,0.2,5000,"bu","13:44:33",5137900
12.65,0.15,300,"sd","13:44:33",5132900
12.7,0.2,10000,"bu","13:44:28",5132600
12.7,0.2,10000,"bu","13:44:23",5122600
12.7,0.2,30000,"bu","13:44:14",5112600
12.7,0.2,3100,"sd","13:44:09",5082600
12.7,0.2,1000,"sd","13:44:03",5079500
12.7,0.2,100,"sd","13:43:59",5078500
12.7,0.2,4300,"sd","13:43:52",5078400
12.7,0.2,10000,"sd","13:43:48",5074100
12.7,0.2,1000,"sd","13:43:45",5064100
12.7,0.2,3100,"bu","13:43:29",5063100
12.7,0.2,10000,"bu","13:43:27",5060000
12.7,0.2,400,"bu","13:43:11",5050000
12.7,0.2,3900,"bu","13:42:42",5049600
12.7,0.2,4400,"sd","13:42:27",5045700
12.7,0.2,300,"sd","13:42:24",5041300
12.7,0.2,8000,"sd","13:42:21",5041000
12.7,0.2,5000,"sd","13:42:10",5033000
12.7,0.2,100,"sd","13:42:03",5028000
12.7,0.2,5000,"sd","13:41:55",5027900
12.7,0.2,10000,"sd","13:41:32",5022900
12.7,0.2,800,"sd","13:41:03",5012900
12.7,0.2,2000,"sd","13:40:55",5012100
12.7,0.2,100,"sd","13:40:50",5010100
12.7,0.2,10000,"sd","13:40:25",5010000
12.7,0.2,200,"sd","13:40:10",5000000
12.7,0.2,400,"sd","13:40:01",4999800
12.7,0.2,1000,"sd","13:39:57",4999400
12.7,0.2,500,"sd","13:39:53",4998400
12.7,0.2,100,"sd","13:39:38",4997900
12.7,0.2,100,"sd","13:39:22",4997800
12.7,0.2,9800,"bu","13:39:21",4997700
12.7,0.2,1200,"sd","13:39:14",4987900
12.7,0.2,5000,"sd","13:39:09",4986700
12.7,0.2,3600,"sd","13:39:05",4981700
12.7,0.2,200,"sd","13:39:04",4978100
12.7,0.2,100,"sd","13:38:54",4977900
12.7,0.2,4300,"sd","13:38:50",4977800
12.7,0.2,18500,"sd","13:38:31",4973500
12.7,0.2,10000,"sd","13:38:27",4955000
12.7,0.2,10000,"sd","13:38:02",4945000
12.7,0.2,2400,"bu","13:37:57",4935000
12.7,0.2,3600,"sd","13:37:56",4932600
12.7,0.2,100,"sd","13:37:48",4929000
12.7,0.2,15700,"bu","13:37:46",4928900
12.7,0.2,10900,"bu","13:37:46",4913200
12.7,0.2,100,"bu","13:37:16",4902300
12.7,0.2,2000,"bu","13:36:53",4902200
12.7,0.2,400,"bu","13:36:45",4900200
12.7,0.2,1000,"bu","13:36:39",4899800
12.7,0.2,1000,"bu","13:35:39",4898800
12.7,0.2,100,"sd","13:35:12",4897800
12.7,0.2,1500,"sd","13:34:49",4897700
12.7,0.2,3400,"bu","13:34:46",4896200
12.7,0.2,200,"bu","13:34:41",4892800
12.7,0.2,1000,"bu","13:34:38",4892600
12.7,0.2,200,"bu","13:34:27",4891600
12.7,0.2,3000,"bu","13:34:24",4891400
12.7,0.2,2600,"bu","13:34:01",4888400
12.7,0.2,14000,"sd","13:33:57",4885800
12.7,0.2,100,"sd","13:33:48",4871800
12.7,0.2,300,"sd","13:33:27",4871700
12.7,0.2,5000,"sd","13:33:10",4871400
12.7,0.2,11100,"bu","13:32:57",4866400
12.7,0.2,200,"bu","13:32:42",4855300
12.7,0.2,20000,"bu","13:32:35",4855100
12.65,0.15,100,"sd","13:32:32",4835100
12.65,0.15,100,"sd","13:32:27",4835000
12.7,0.2,200,"bu","13:32:17",4834900
12.65,0.15,2600,"sd","13:31:54",4834700
12.7,0.2,100,"bu","13:31:46",4832100
12.7,0.2,400,"bu","13:31:45",4832000
12.7,0.2,100,"bu","13:31:05",4831600
12.7,0.2,500,"bu","13:30:35",4831500
12.7,0.2,4500,"bu","13:30:31",4831000
12.7,0.2,500,"bu","13:30:30",4826500
12.7,0.2,3600,"bu","13:30:24",4826000
12.7,0.2,1000,"sd","13:29:40",4822400
12.75,0.25,100,"bu","13:29:37",4821400
12.7,0.2,300,"sd","13:29:36",4821300
12.7,0.2,600,"sd","13:29:28",4821000
12.7,0.2,700,"bu","13:29:27",4820400
12.7,0.2,5300,"sd","13:29:26",4819700
12.7,0.2,100,"sd","13:29:24",4814400
12.7,0.2,5000,"sd","13:29:06",4814300
12.7,0.2,50000,"sd","13:28:41",4809300
12.7,0.2,1000,"sd","13:28:39",4759300
12.7,0.2,1300,"sd","13:28:35",4758300
12.7,0.2,10000,"sd","13:28:09",4757000
12.7,0.2,2000,"sd","13:27:58",4747000
12.7,0.2,4000,"sd","13:27:26",4745000
12.7,0.2,1000,"sd","13:26:27",4741000
12.7,0.2,6000,"sd","13:26:23",4740000
12.7,0.2,200,"sd","13:26:08",4734000
12.7,0.2,1000,"sd","13:25:40",4733800
12.7,0.2,5300,"bu","13:25:35",4732800
12.7,0.2,2500,"bu","13:25:29",4727500
12.7,0.2,100,"bu","13:25:28",4725000
12.7,0.2,10000,"bu","13:25:24",4724900
12.7,0.2,1000,"bu","13:25:22",4714900
12.7,0.2,25000,"bu","13:25:18",4713900
12.7,0.2,100,"bu","13:25:08",4688900
12.7,0.2,2300,"bu","13:24:54",4688800
12.7,0.2,100,"bu","13:24:52",4686500
12.7,0.2,200,"bu","13:24:26",4686400
12.7,0.2,800,"bu","13:24:19",4686200
12.7,0.2,10000,"bu","13:24:00",4685400
12.7,0.2,500,"bu","13:23:51",4675400
12.7,0.2,100,"bu","13:23:47",4674900
12.7,0.2,1000,"sd","13:23:42",4674800
12.7,0.2,1400,"sd","13:23:30",4673800
12.7,0.2,100,"sd","13:23:28",4672400
12.7,0.2,3300,"bu","13:23:23",4672300
12.7,0.2,2000,"bu","13:23:18",4669000
12.7,0.2,9700,"sd","13:23:16",4667000
12.7,0.2,4500,"sd","13:23:11",4657300
12.7,0.2,2000,"sd","13:23:07",4652800
12.7,0.2,2000,"sd","13:22:46",4650800
12.7,0.2,3800,"sd","13:22:44",4648800
12.7,0.2,5200,"bu","13:22:37",4645000
12.7,0.2,1000,"bu","13:22:26",4639800
12.7,0.2,1000,"bu","13:22:20",4638800
12.7,0.2,2000,"bu","13:22:13",4637800
12.7,0.2,300,"bu","13:22:11",4635800
12.7,0.2,1100,"bu","13:22:03",4635500
12.7,0.2,100,"bu","13:21:59",4634400
12.7,0.2,9400,"sd","13:21:35",4634300
12.7,0.2,100,"sd","13:21:21",4624900
12.7,0.2,700,"bu","13:21:16",4624800
12.7,0.2,2000,"bu","13:21:11",4624100
12.7,0.2,200,"bu","13:21:08",4622100
12.7,0.2,1100,"sd","13:21:05",4621900
12.7,0.2,900,"sd","13:21:03",4620800
12.7,0.2,50000,"sd","13:21:00",4619900
12.7,0.2,5000,"sd","13:20:45",4569900
12.7,0.2,200,"sd","13:20:25",4564900
12.7,0.2,100,"bu","13:20:23",4564700
12.7,0.2,3200,"bu","13:20:20",4564600
12.7,0.2,2000,"bu","13:20:19",4561400
12.7,0.2,5000,"bu","13:20:18",4559400
12.7,0.2,400,"bu","13:20:16",4554400
12.7,0.2,3000,"bu","13:20:14",4554000
12.7,0.2,500,"bu","13:20:12",4551000
12.7,0.2,3000,"bu","13:20:10",4550500
12.7,0.2,1000,"bu","13:19:57",4547500
12.7,0.2,31800,"sd","13:19:54",4546500
12.7,0.2,3000,"sd","13:19:51",4514700
12.7,0.2,4100,"bu","13:19:44",4511700
12.7,0.2,8000,"bu","13:19:42",4507600
12.7,0.2,10000,"bu","13:19:40",4499600
12.7,0.2,11000,"bu","13:19:37",4489600
12.7,0.2,5200,"bu","13:19:33",4478600
12.7,0.2,200,"bu","13:19:32",4473400
12.7,0.2,500,"bu","13:19:31",4473200
12.7,0.2,3000,"bu","13:19:25",4472700
12.7,0.2,1000,"bu","13:19:20",4469700
12.7,0.2,10000,"bu","13:19:20",4468700
12.7,0.2,10000,"bu","13:19:17",4458700
12.7,0.2,10000,"bu","13:19:11",4448700
12.7,0.2,500,"bu","13:19:10",4438700
12.7,0.2,100,"bu","13:18:58",4438200
12.7,0.2,2000,"bu","13:18:56",4438100
12.7,0.2,300,"bu","13:18:53",4436100
12.7,0.2,5000,"bu","13:18:43",4435800
12.7,0.2,200,"bu","13:18:18",4430800
12.65,0.15,40000,"sd","13:17:59",4430600
12.7,0.2,1500,"bu","13:17:54",4390600
12.7,0.2,1000,"bu","13:17:15",4389100
12.7,0.2,1000,"bu","13:17:05",4388100
12.7,0.2,20000,"bu","13:16:59",4387100
12.65,0.15,8000,"sd","13:16:38",4367100
12.65,0.15,5000,"sd","13:16:25",4359100
12.7,0.2,10000,"bu","13:16:10",4354100
12.65,0.15,400,"sd","13:16:07",4344100
12.7,0.2,200,"bu","13:15:50",4343700
12.7,0.2,500,"bu","13:15:47",4343500
12.7,0.2,700,"bu","13:15:45",4343000
12.7,0.2,200,"bu","13:15:28",4342300
12.7,0.2,19000,"sd","13:15:03",4342100
12.75,0.25,1000,"bu","13:14:56",4323100
12.7,0.2,5000,"sd","13:14:42",4322100
12.7,0.2,100,"sd","13:14:38",4317100
12.7,0.2,1000,"sd","13:14:28",4317000
12.7,0.2,3000,"sd","13:13:48",4316000
12.7,0.2,1000,"sd","13:13:33",4313000
12.7,0.2,100,"sd","13:13:26",4312000
12.7,0.2,1100,"bu","13:13:24",4311900
12.7,0.2,5000,"bu","13:13:22",4310800
12.7,0.2,300,"bu","13:13:20",4305800
12.7,0.2,100,"bu","13:13:18",4305500
12.7,0.2,2000,"bu","13:13:14",4305400
12.7,0.2,3800,"bu","13:13:11",4303400
12.7,0.2,1000,"bu","13:12:54",4299600
12.7,0.2,100,"bu","13:12:42",4298600
12.7,0.2,2000,"bu","13:12:37",4298500
12.7,0.2,100,"bu","13:12:32",4296500
12.7,0.2,500,"bu","13:12:24",4296400
12.7,0.2,3000,"bu","13:12:12",4295900
12.7,0.2,2000,"bu","13:11:58",4292900
12.7,0.2,2000,"bu","13:11:54",4290900
12.7,0.2,3000,"bu","13:11:54",4288900
12.7,0.2,500,"bu","13:11:44",4285900
12.7,0.2,200,"bu","13:11:26",4285400
12.7,0.2,43200,"sd","13:11:18",4285200
12.7,0.2,55600,"sd","13:11:17",4242000
12.75,0.25,1000,"bu","13:10:50",4186400
12.7,0.2,2000,"sd","13:10:42",4185400
12.7,0.2,800,"sd","13:09:32",4183400
12.7,0.2,8000,"sd","13:08:04",4182600
12.75,0.25,200,"bu","13:08:03",4174600
12.75,0.25,1000,"bu","13:07:57",4174400
12.75,0.25,2500,"bu","13:07:12",4173400
12.7,0.2,500,"sd","13:07:09",4170900
12.75,0.25,3000,"bu","13:06:46",4170400
12.7,0.2,500,"sd","13:06:26",4167400
12.7,0.2,10000,"sd","13:06:13",4166900
12.7,0.2,300,"sd","13:05:19",4156900
12.7,0.2,1100,"bu","13:05:12",4156600
12.7,0.2,2000,"bu","13:05:10",4155500
12.7,0.2,2300,"bu","13:05:00",4153500
12.7,0.2,400,"bu","13:05:00",4151200
12.7,0.2,20000,"bu","13:04:55",4150800
12.7,0.2,5000,"bu","13:04:55",4130800
12.65,0.15,2500,"sd","13:04:54",4125800
12.65,0.15,1400,"sd","13:04:53",4123300
12.7,0.2,10000,"bu","13:04:50",4121900
12.7,0.2,5000,"bu","13:04:37",4111900
12.7,0.2,500,"bu","13:04:24",4106900
12.7,0.2,50000,"bu","13:04:20",4106400
12.65,0.15,500,"sd","13:04:19",4056400
12.7,0.2,1000,"bu","13:03:54",4055900
12.7,0.2,3000,"bu","13:03:37",4054900
12.7,0.2,2000,"bu","13:03:32",4051900
12.7,0.2,2000,"bu","13:03:22",4049900
12.7,0.2,5000,"bu","13:02:55",4047900
12.7,0.2,6700,"bu","13:02:49",4042900
12.7,0.2,300,"bu","13:02:12",4036200
12.65,0.15,3000,"sd","13:02:11",4035900
12.65,0.15,1000,"sd","13:02:03",4032900
12.65,0.15,1000,"sd","13:01:08",4031900
12.65,0.15,800,"sd","13:01:01",4030900
12.65,0.15,1200,"sd","13:00:46",4030100
12.65,0.15,3800,"sd","13:00:41",4028900
12.65,0.15,200,"sd","13:00:25",4025100
12.7,0.2,2000,"bu","13:00:20",4024900
12.7,0.2,2000,"bu","13:00:18",4022900
12.65,0.15,21900,"sd","13:00:15",4020900
12.7,0.2,100,"bu","13:00:11",3999000
12.65,0.15,200,"sd","13:00:07",3998900
12.65,0.15,200,"sd","13:00:06",3998700
12.7,0.2,300,"bu","13:00:04",3998500
12.7,0.2,8500,"sd","11:29:38",3998200
12.7,0.2,39900,"sd","11:29:38",3989700
12.7,0.2,20000,"sd","11:29:37",3949800
12.7,0.2,500,"sd","11:29:32",3929800
12.7,0.2,9000,"sd","11:29:26",3929300
12.7,0.2,200,"sd","11:29:23",3920300
12.7,0.2,500,"sd","11:29:22",3920100
12.7,0.2,200,"sd","11:29:21",3919600
12.7,0.2,500,"sd","11:29:06",3919400
12.7,0.2,30000,"sd","11:29:04",3918900
12.7,0.2,2500,"sd","11:28:52",3888900
12.7,0.2,3000,"sd","11:28:44",3886400
12.7,0.2,1000,"sd","11:28:14",3883400
12.7,0.2,30000,"sd","11:28:13",3882400
12.7,0.2,5000,"sd","11:27:54",3852400
12.7,0.2,900,"sd","11:27:53",3847400
12.7,0.2,300,"sd","11:27:50",3846500
12.7,0.2,1000,"sd","11:27:38",3846200
12.7,0.2,1600,"sd","11:26:45",3845200
12.7,0.2,100,"sd","11:26:04",3843600
12.75,0.25,600,"bu","11:25:13",3843500
12.7,0.2,25000,"sd","11:25:03",3842900
12.7,0.2,3000,"sd","11:24:37",3817900
12.7,0.2,100,"sd","11:24:35",3814900
12.75,0.25,1100,"bu","11:22:54",3814800
12.75,0.25,1000,"bu","11:22:13",3813700
12.75,0.25,900,"bu","11:22:04",3812700
12.75,0.25,10000,"bu","11:21:39",3811800
12.75,0.25,100,"bu","11:21:03",3801800
12.75,0.25,300,"bu","11:20:50",3801700
12.7,0.2,500,"sd","11:20:12",3801400
12.7,0.2,10000,"sd","11:20:02",3800900
12.7,0.2,200,"sd","11:19:57",3790900
12.7,0.2,2300,"sd","11:19:38",3790700
12.7,0.2,1400,"sd","11:19:33",3788400
12.7,0.2,500,"sd","11:19:03",3787000
12.7,0.2,400,"sd","11:18:41",3786500
12.7,0.2,1000,"sd","11:18:02",3786100
12.75,0.25,6700,"sd","11:17:59",3785100
12.75,0.25,10000,"sd","11:17:58",3778400
12.75,0.25,5000,"sd","11:17:55",3768400
12.75,0.25,1000,"sd","11:17:53",3763400
12.75,0.25,4000,"sd","11:17:52",3762400
12.75,0.25,500,"sd","11:17:52",3758400
12.75,0.25,30000,"sd","11:17:40",3757900
12.75,0.25,500,"sd","11:17:37",3727900
12.75,0.25,10000,"sd","11:17:13",3727400
12.75,0.25,500,"sd","11:16:33",3717400
12.75,0.25,1000,"sd","11:16:13",3716900
12.75,0.25,7000,"sd","11:16:11",3715900
12.75,0.25,500,"sd","11:16:00",3708900
12.75,0.25,500,"sd","11:15:42",3708400
12.75,0.25,100,"sd","11:15:35",3707900
12.75,0.25,10000,"sd","11:14:58",3707800
12.75,0.25,100,"sd","11:13:59",3697800
12.8,0.3,5000,"bu","11:13:43",3697700
12.75,0.25,300,"sd","11:13:29",3692700
12.75,0.25,2200,"sd","11:13:26",3692400
12.75,0.25,20000,"sd","11:13:23",3690200
12.75,0.25,1900,"sd","11:13:21",3670200
12.75,0.25,3000,"sd","11:13:03",3668300
12.75,0.25,5000,"sd","11:12:47",3665300
12.75,0.25,5000,"sd","11:12:02",3660300
12.75,0.25,10000,"sd","11:11:39",3655300
12.75,0.25,2100,"sd","11:11:29",3645300
12.75,0.25,3000,"sd","11:11:26",3643200
12.75,0.25,5000,"sd","11:11:03",3640200
12.75,0.25,500,"sd","11:11:01",3635200
12.8,0.3,1000,"bu","11:11:00",3634700
12.75,0.25,100,"sd","11:10:54",3633700
12.75,0.25,500,"sd","11:10:46",3633600
12.75,0.25,500,"sd","11:10:42",3633100
12.75,0.25,8000,"sd","11:10:41",3632600
12.8,0.3,1000,"bu","11:09:59",3624600
12.75,0.25,500,"sd","11:09:43",3623600
12.75,0.25,10000,"sd","11:09:41",3623100
12.75,0.25,500,"sd","11:09:12",3613100
12.75,0.25,800,"sd","11:09:03",3612600
12.75,0.25,200,"sd","11:08:46",3611800
12.75,0.25,500,"sd","11:08:26",3611600
12.75,0.25,500,"sd","11:08:25",3611100
12.75,0.25,2000,"sd","11:08:24",3610600
12.75,0.25,600,"sd","11:08:06",3608600
12.75,0.25,4000,"sd","11:07:55",3608000
12.75,0.25,500,"sd","11:07:42",3604000
12.75,0.25,3000,"sd","11:07:07",3603500
12.75,0.25,100,"sd","11:06:59",3600500
12.8,0.3,500,"bu","11:06:49",3600400
12.8,0.3,500,"bu","11:06:11",3599900
12.8,0.3,7000,"bu","11:06:04",3599400
12.75,0.25,2000,"sd","11:06:03",3592400
12.8,0.3,1200,"bu","11:06:02",3590400
12.75,0.25,1300,"sd","11:05:38",3589200
12.75,0.25,1000,"sd","11:05:36",3587900
12.75,0.25,1000,"sd","11:05:03",3586900
12.75,0.25,1000,"sd","11:04:55",3585900
12.75,0.25,5000,"sd","11:04:46",3584900
12.75,0.25,5000,"sd","11:04:40",3579900
12.75,0.25,2400,"sd","11:04:34",3574900
12.75,0.25,5000,"sd","11:04:29",3572500
12.75,0.25,1000,"sd","11:04:26",3567500
12.75,0.25,10000,"sd","11:04:25",3566500
12.75,0.25,500,"sd","11:04:18",3556500
12.75,0.25,7000,"sd","11:04:13",3556000
12.75,0.25,200,"sd","11:03:48",3549000
12.75,0.25,500,"sd","11:03:42",3548800
12.8,0.3,3000,"bu","11:02:35",3548300
12.75,0.25,1000,"sd","11:02:29",3545300
12.8,0.3,2700,"sd","11:01:36",3544300
12.8,0.3,500,"sd","11:01:31",3541600
12.8,0.3,200,"sd","11:01:30",3541100
12.8,0.3,10000,"sd","11:01:21",3540900
12.8,0.3,1000,"sd","11:01:09",3530900
12.8,0.3,1300,"sd","11:00:51",3529900
12.8,0.3,23100,"bu","11:00:38",3528600
12.8,0.3,2000,"bu","11:00:25",3505500
12.8,0.3,10000,"bu","11:00:19",3503500
12.8,0.3,100,"bu","11:00:17",3493500
12.8,0.3,5000,"bu","11:00:10",3493400
12.8,0.3,20000,"bu","11:00:03",3488400
12.8,0.3,100,"bu","10:59:47",3468400
12.8,0.3,32500,"bu","10:58:35",3468300
12.8,0.3,30000,"bu","10:58:14",3435800
12.8,0.3,4300,"bu","10:58:10",3405600
12.8,0.3,1000,"bu","10:57:55",3401300
12.8,0.3,2000,"bu","10:57:45",3400300
12.8,0.3,2000,"bu","10:57:44",3398300
12.8,0.3,2400,"bu","10:57:20",3396300
12.8,0.3,100000,"bu","10:56:42",3393900
12.75,0.25,800,"sd","10:56:38",3293900
12.75,0.25,90000,"sd","10:56:33",3293100
12.8,0.3,100,"bu","10:56:30",3203100
12.8,0.3,100,"bu","10:56:28",3203000
12.8,0.3,4600,"bu","10:56:21",3202900
12.8,0.3,100,"bu","10:55:49",3198300
12.75,0.25,100,"sd","10:55:20",3198200
12.75,0.25,100,"sd","10:55:11",3198100
12.75,0.25,3000,"sd","10:54:59",3198000
12.75,0.25,100,"sd","10:54:21",3195000
12.8,0.3,900,"bu","10:53:41",3194900
12.8,0.3,3000,"bu","10:52:51",3194000
12.75,0.25,1000,"sd","10:52:08",3191000
12.75,0.25,10000,"sd","10:51:53",3190000
12.8,0.3,6000,"bu","10:51:40",3180000
12.75,0.25,1000,"sd","10:51:19",3174000
12.75,0.25,10000,"sd","10:51:12",3173000
12.75,0.25,3000,"sd","10:50:46",3163000
12.75,0.25,4000,"sd","10:50:38",3160000
12.8,0.3,100,"bu","10:50:31",3156000
12.8,0.3,1000,"bu","10:50:28",3155900
12.75,0.25,100,"sd","10:50:25",3154900
12.8,0.3,100,"bu","10:50:05",3154800
12.75,0.25,1000,"sd","10:50:04",3154700
12.8,0.3,300,"bu","10:49:52",3153700
12.8,0.3,5000,"bu","10:49:43",3153400
12.8,0.3,26600,"bu","10:49:34",3148400
12.8,0.3,26100,"bu","10:49:34",3121800
12.8,0.3,12300,"bu","10:49:32",3095700
12.75,0.25,8200,"sd","10:49:26",3083400
12.75,0.25,500,"sd","10:49:07",3075200
12.75,0.25,800,"sd","10:48:58",3074700
12.75,0.25,1000,"sd","10:48:44",3073900
12.75,0.25,100,"sd","10:48:38",3072900
12.75,0.25,300,"bu","10:48:29",3072800
12.75,0.25,28700,"sd","10:48:19",3072500
12.75,0.25,1000,"sd","10:48:15",3043800
12.75,0.25,10000,"sd","10:48:03",3042800
12.75,0.25,25000,"sd","10:47:50",3032800
12.75,0.25,500,"sd","10:47:45",3007800
12.75,0.25,10000,"sd","10:47:25",3007300
12.75,0.25,500,"sd","10:47:12",2997300
12.75,0.25,100,"sd","10:47:06",2996800
12.75,0.25,200,"sd","10:46:51",2996700
12.75,0.25,500,"sd","10:46:39",2996500
12.8,0.3,1200,"bu","10:46:27",2996000
12.75,0.25,500,"sd","10:46:19",2994800
12.75,0.25,100000,"sd","10:46:12",2994300
12.8,0.3,200,"bu","10:46:05",2894300
12.8,0.3,200,"bu","10:45:49",2894100
12.8,0.3,400,"bu","10:45:35",2893900
12.8,0.3,3000,"bu","10:45:34",2893500
12.8,0.3,100,"bu","10:45:22",2890500
12.8,0.3,500,"bu","10:45:02",2890400
12.8,0.3,10000,"bu","10:44:52",2889900
12.8,0.3,100,"bu","10:44:36",2879900
12.75,0.25,50000,"sd","10:44:21",2879800
12.8,0.3,1500,"bu","10:44:04",2829800
12.8,0.3,5000,"bu","10:43:47",2828300
12.8,0.3,800,"bu","10:43:18",2823300
12.8,0.3,800,"bu","10:43:09",2822500
12.75,0.25,100000,"sd","10:42:36",2821700
12.8,0.3,200,"bu","10:42:17",2721700
12.8,0.3,300,"bu","10:42:15",2721500
12.8,0.3,2000,"bu","10:42:08",2721200
12.8,0.3,500,"bu","10:41:51",2719200
12.8,0.3,500,"bu","10:41:50",2718700
12.8,0.3,5000,"bu","10:41:32",2718200
12.8,0.3,9100,"bu","10:41:23",2713200
12.8,0.3,900,"bu","10:41:22",2704100
12.8,0.3,800,"bu","10:41:21",2703200
12.8,0.3,800,"bu","10:40:57",2702400
12.8,0.3,100,"bu","10:40:42",2701600
12.8,0.3,800,"bu","10:40:27",2701500
12.75,0.25,100,"sd","10:40:10",2700700
12.75,0.25,100,"sd","10:39:05",2700600
12.8,0.3,100,"bu","10:38:54",2700500
12.8,0.3,1000,"bu","10:38:53",2700400
12.8,0.3,1000,"bu","10:38:38",2699400
12.8,0.3,1100,"bu","10:38:05",2698400
12.8,0.3,1700,"bu","10:38:04",2697300
12.8,0.3,1000,"bu","10:37:54",2695600
12.8,0.3,1100,"bu","10:37:49",2694600
12.8,0.3,10000,"bu","10:37:45",2693500
12.75,0.25,100,"sd","10:37:42",2683500
12.8,0.3,800,"bu","10:37:29",2683400
12.75,0.25,2000,"sd","10:37:25",2682600
12.75,0.25,500,"sd","10:37:07",2680600
12.75,0.25,2000,"sd","10:36:39",2680100
12.75,0.25,6000,"sd","10:36:27",2678100
12.75,0.25,400,"sd","10:36:10",2672100
12.75,0.25,200,"sd","10:36:06",2671700
12.75,0.25,300,"sd","10:35:33",2671500
12.8,0.3,5800,"bu","10:35:13",2671200
12.8,0.3,1000,"bu","10:35:11",2665400
12.8,0.3,800,"bu","10:34:39",2664400
12.8,0.3,1000,"bu","10:34:27",2663600
12.75,0.25,10000,"sd","10:34:17",2662600
12.8,0.3,8500,"bu","10:34:00",2652600
12.75,0.25,400,"sd","10:33:14",2644100
12.8,0.3,400,"bu","10:33:11",2643700
12.75,0.25,100,"sd","10:31:59",2643300
12.75,0.25,500,"sd","10:30:29",2643200
12.75,0.25,2100,"sd","10:30:28",2642700
12.75,0.25,500,"sd","10:29:59",2640600
12.8,0.3,10000,"bu","10:29:57",2640100
12.75,0.25,300,"sd","10:29:39",2630100
12.75,0.25,300,"sd","10:29:28",2629800
12.75,0.25,20000,"sd","10:29:12",2629500
12.75,0.25,12900,"bu","10:28:09",2609500
12.7,0.2,500,"sd","10:28:07",2596600
12.75,0.25,100,"bu","10:27:59",2596100
12.75,0.25,100,"bu","10:27:58",2596000
12.75,0.25,9000,"bu","10:27:48",2595900
12.75,0.25,2000,"bu","10:27:45",2586900
12.75,0.25,2100,"bu","10:27:35",2584900
12.75,0.25,500,"bu","10:27:32",2582800
12.75,0.25,100,"bu","10:26:47",2582300
12.7,0.2,1000,"sd","10:26:46",2582200
12.7,0.2,2000,"sd","10:26:34",2581200
12.7,0.2,800,"sd","10:26:16",2579200
12.75,0.25,500,"bu","10:26:03",2578400
12.75,0.25,500,"bu","10:25:57",2577900
12.75,0.25,100,"bu","10:25:36",2577400
12.75,0.25,17700,"bu","10:25:14",2577300
12.75,0.25,1000,"bu","10:24:37",2559600
12.75,0.25,100,"bu","10:24:18",2558600
12.75,0.25,500,"bu","10:24:16",2558500
12.75,0.25,100,"bu","10:24:15",2558000
12.75,0.25,33900,"sd","10:24:10",2557900
12.75,0.25,2000,"sd","10:23:59",2524000
12.8,0.3,4000,"bu","10:23:42",2522000
12.75,0.25,110000,"sd","10:23:21",2518000
12.8,0.3,5000,"bu","10:23:08",2408000
12.8,0.3,10000,"bu","10:22:44",2403000
12.8,0.3,1500,"bu","10:22:27",2393000
12.8,0.3,200,"bu","10:22:19",2391500
12.8,0.3,5000,"bu","10:22:17",2391300
12.8,0.3,300,"bu","10:22:13",2386300
12.8,0.3,3000,"bu","10:22:06",2386000
12.8,0.3,2100,"sd","10:21:47",2383000
12.8,0.3,500,"sd","10:21:43",2380900
12.8,0.3,20000,"sd","10:21:41",2380400
12.8,0.3,3200,"sd","10:21:40",2360400
12.8,0.3,1000,"sd","10:21:38",2357200
12.8,0.3,1000,"sd","10:21:35",2356200
12.8,0.3,200,"sd","10:21:33",2355200
12.8,0.3,500,"sd","10:21:31",2355000
12.8,0.3,1500,"sd","10:21:29",2354500
12.8,0.3,100,"sd","10:21:28",2353000
12.8,0.3,65100,"sd","10:21:24",2352500
12.8,0.3,6000,"sd","10:21:22",2287400
12.8,0.3,3000,"sd","10:21:19",2281400
12.8,0.3,1000,"sd","10:21:18",2278400
12.8,0.3,8400,"sd","10:21:16",2277400
12.8,0.3,3500,"sd","10:21:14",2269000
12.8,0.3,15000,"sd","10:21:10",2265500
12.8,0.3,3600,"sd","10:21:08",2250500
12.8,0.3,6400,"sd","10:21:08",2246900
12.8,0.3,100000,"sd","10:21:03",2240500
12.8,0.3,200,"sd","10:20:49",2140500
12.8,0.3,5000,"sd","10:20:39",2140300
12.85,0.35,3000,"bu","10:20:38",2135300
12.8,0.3,1000,"sd","10:20:26",2132300
12.8,0.3,1500,"sd","10:20:01",2131300
12.85,0.35,300,"bu","10:19:54",2129800
12.8,0.3,10000,"sd","10:19:17",2129500
12.8,0.3,100,"sd","10:19:00",2119500
12.85,0.35,4900,"bu","10:18:58",2119400
12.8,0.3,2000,"sd","10:18:48",2114500
12.8,0.3,2800,"sd","10:18:40",2112500
12.85,0.35,5000,"bu","10:18:34",2109700
12.8,0.3,1000,"sd","10:18:30",2104700
12.85,0.35,100,"bu","10:18:29",2103700
12.85,0.35,200,"bu","10:18:20",2103600
12.85,0.35,1100,"bu","10:18:04",2103400
12.85,0.35,400,"bu","10:17:54",2102300
12.8,0.3,200,"sd","10:17:52",2101900
12.85,0.35,10000,"bu","10:17:46",2101700
12.8,0.3,10000,"sd","10:17:44",2091700
12.8,0.3,1200,"sd","10:17:29",2081700
12.8,0.3,200,"sd","10:17:15",2080500
12.8,0.3,200,"sd","10:17:00",2080300
12.8,0.3,200,"sd","10:16:58",2080100
12.8,0.3,100,"sd","10:16:53",2079900
12.85,0.35,200,"bu","10:16:53",2079800
12.85,0.35,1200,"bu","10:16:52",2079600
12.85,0.35,10000,"bu","10:16:48",2078400
12.85,0.35,5000,"bu","10:16:30",2068400
12.85,0.35,100,"bu","10:16:26",2063400
12.85,0.35,5000,"bu","10:16:25",2063300
12.85,0.35,3000,"bu","10:16:24",2058300
12.85,0.35,5000,"bu","10:16:22",2055300
12.85,0.35,5000,"bu","10:16:17",2050300
12.85,0.35,20000,"bu","10:16:13",2045300
12.8,0.3,200,"sd","10:16:12",2025300
12.8,0.3,300,"sd","10:16:06",2025100
12.85,0.35,5000,"bu","10:16:06",2024800
12.85,0.35,2100,"bu","10:15:57",2019800
12.85,0.35,1000,"bu","10:15:56",2017700
12.85,0.35,4000,"bu","10:15:49",2016700
12.8,0.3,1000,"sd","10:15:44",2012700
12.8,0.3,2000,"sd","10:15:38",2011700
12.85,0.35,1000,"bu","10:15:31",2009700
12.85,0.35,1000,"bu","10:15:29",2008700
12.8,0.3,500,"sd","10:15:24",2007700
12.85,0.35,200,"bu","10:15:18",2007200
12.85,0.35,800,"bu","10:15:14",2007000
12.85,0.35,2000,"bu","10:15:12",2006200
12.85,0.35,200,"bu","10:15:02",2004200
12.85,0.35,2000,"bu","10:14:58",2004000
12.85,0.35,500,"bu","10:14:54",2002000
12.85,0.35,1000,"bu","10:14:50",2001500
12.85,0.35,300,"bu","10:14:45",2000500
12.85,0.35,10000,"bu","10:14:37",2000200
12.85,0.35,900,"bu","10:14:32",1990200
12.85,0.35,5000,"bu","10:14:32",1989300
12.85,0.35,1000,"bu","10:14:30",1984300
12.85,0.35,700,"bu","10:14:28",1983300
12.85,0.35,2000,"bu","10:14:08",1982600
12.85,0.35,3000,"bu","10:14:01",1980600
12.85,0.35,10000,"bu","10:13:03",1977600
12.85,0.35,200,"bu","10:13:00",1967600
12.85,0.35,3000,"bu","10:12:36",1967400
12.85,0.35,52300,"sd","10:12:33",1964400
12.85,0.35,100,"sd","10:12:32",1912100
12.85,0.35,100,"sd","10:12:27",1912000
12.85,0.35,300,"sd","10:12:12",1911900
12.85,0.35,4200,"bu","10:12:07",1911600
12.85,0.35,45300,"bu","10:12:06",1907400
12.85,0.35,300,"bu","10:12:04",1862100
12.85,0.35,2000,"bu","10:12:03",1861800
12.85,0.35,5000,"bu","10:12:02",1859800
12.85,0.35,2000,"bu","10:12:02",1854800
12.85,0.35,1000,"bu","10:11:59",1852800
12.85,0.35,4000,"bu","10:11:57",1851800
12.85,0.35,20000,"bu","10:11:57",1847800
12.85,0.35,5000,"bu","10:11:55",1827800
12.85,0.35,100,"bu","10:11:55",1822800
12.85,0.35,2000,"bu","10:11:54",1822700
12.85,0.35,100,"bu","10:11:53",1820700
12.85,0.35,1000,"bu","10:11:52",1820600
12.85,0.35,10000,"bu","10:11:51",1819600
12.85,0.35,6000,"bu","10:11:50",1809600
12.85,0.35,3300,"bu","10:11:49",1803600
12.85,0.35,21000,"bu","10:11:48",1800300
12.85,0.35,4500,"bu","10:11:45",1779300
12.85,0.35,15000,"bu","10:11:44",1774800
12.85,0.35,5000,"bu","10:11:42",1759800
12.85,0.35,9600,"bu","10:11:41",1754800
12.85,0.35,8000,"bu","10:11:40",1745200
12.85,0.35,5000,"bu","10:11:39",1737200
12.85,0.35,5000,"bu","10:11:31",1732200
12.85,0.35,6000,"bu","10:11:29",1727200
12.85,0.35,1000,"bu","10:11:28",1721200
12.85,0.35,500,"bu","10:11:25",1720200
12.85,0.35,20000,"bu","10:11:20",1719700
12.85,0.35,1000,"bu","10:11:03",1699700
12.8,0.3,800,"sd","10:10:58",1698700
12.8,0.3,2000,"sd","10:10:31",1697900
12.8,0.3,4600,"bu","10:10:20",1695900
12.8,0.3,1000,"bu","10:10:18",1691300
12.8,0.3,1000,"bu","10:10:17",1690300
12.8,0.3,8000,"bu","10:10:16",1689300
12.8,0.3,100,"bu","10:10:15",1681300
12.8,0.3,5000,"bu","10:10:15",1681200
12.8,0.3,5000,"bu","10:10:14",1676200
12.8,0.3,5000,"bu","10:10:13",1671200
12.8,0.3,150000,"bu","10:10:11",1666200
12.8,0.3,5000,"bu","10:10:06",1516200
12.8,0.3,600,"bu","10:09:55",1511200
12.8,0.3,5000,"bu","10:09:53",1510600
12.8,0.3,200,"bu","10:09:52",1505600
12.8,0.3,900,"bu","10:09:50",1505400
12.8,0.3,600,"bu","10:09:49",1504500
12.8,0.3,600,"bu","10:09:47",1503900
12.8,0.3,5000,"bu","10:09:44",1503300
12.8,0.3,2000,"bu","10:09:43",1498300
12.8,0.3,25000,"bu","10:09:32",1496300
12.8,0.3,5000,"bu","10:09:24",1471300
12.75,0.25,1000,"sd","10:09:09",1466300
12.75,0.25,2000,"sd","10:08:52",1465300
12.8,0.3,500,"bu","10:08:44",1463300
12.8,0.3,100,"bu","10:08:28",1462800
12.75,0.25,500,"sd","10:08:15",1462700
12.8,0.3,50000,"bu","10:08:14",1462200
12.75,0.25,100,"sd","10:08:11",1412200
12.75,0.25,100,"sd","10:08:06",1412100
12.75,0.25,300,"sd","10:07:59",1412000
12.75,0.25,400,"sd","10:07:42",1411700
12.8,0.3,500,"bu","10:07:35",1411300
12.8,0.3,300,"bu","10:07:34",1410800
12.8,0.3,500,"bu","10:06:59",1410500
12.75,0.25,5000,"sd","10:06:57",1410000
12.75,0.25,4700,"sd","10:06:51",1405000
12.8,0.3,400,"bu","10:06:46",1400300
12.75,0.25,10000,"sd","10:06:46",1399900
12.8,0.3,5000,"bu","10:06:43",1389900
12.75,0.25,500,"sd","10:06:41",1384900
12.75,0.25,1000,"sd","10:06:24",1384400
12.75,0.25,1000,"sd","10:06:10",1383400
12.75,0.25,100,"sd","10:05:51",1382400
12.8,0.3,2700,"bu","10:05:38",1382300
12.8,0.3,200,"bu","10:05:19",1379600
12.8,0.3,4300,"bu","10:05:00",1379400
12.8,0.3,4700,"bu","10:04:58",1375100
12.8,0.3,3000,"bu","10:04:44",1370400
12.75,0.25,600,"sd","10:04:41",1367400
12.75,0.25,100,"sd","10:04:37",1366800
12.75,0.25,50000,"sd","10:04:35",1366700
12.8,0.3,100,"bu","10:04:27",1316700
12.75,0.25,500,"sd","10:04:08",1316600
12.75,0.25,1000,"sd","10:03:58",1316100
12.75,0.25,100,"sd","10:03:34",1315100
12.75,0.25,5000,"sd","10:03:32",1315000
12.8,0.3,10000,"bu","10:03:30",1310000
12.75,0.25,2000,"sd","10:03:26",1300000
12.75,0.25,10000,"sd","10:03:26",1298000
12.75,0.25,500,"sd","10:03:25",1288000
12.75,0.25,600,"sd","10:03:22",1287500
12.75,0.25,2900,"sd","10:03:15",1286900
12.75,0.25,4100,"sd","10:02:43",1284000
12.75,0.25,200,"sd","10:02:37",1279900
12.75,0.25,500,"sd","10:02:26",1279700
12.75,0.25,6900,"sd","10:02:01",1279200
12.75,0.25,5000,"sd","10:01:46",1272300
12.75,0.25,1000,"sd","10:01:35",1267300
12.75,0.25,1000,"sd","10:01:32",1266300
12.75,0.25,1000,"sd","10:01:12",1265300
12.75,0.25,8900,"bu","10:01:03",1264300
12.75,0.25,5000,"bu","10:01:00",1255400
12.75,0.25,100000,"bu","10:00:56",1250400
12.75,0.25,20000,"bu","10:00:50",1150400
12.75,0.25,100000,"bu","10:00:45",1130400
12.75,0.25,1000,"bu","09:59:30",1030400
12.7,0.2,100,"sd","09:59:10",1029400
12.7,0.2,300,"sd","09:59:03",1029300
12.7,0.2,2900,"sd","09:58:44",1029000
12.7,0.2,3000,"sd","09:58:39",1026100
12.75,0.25,100,"bu","09:58:31",1023100
12.7,0.2,200,"sd","09:58:28",1023000
12.75,0.25,500,"bu","09:58:23",1022800
12.75,0.25,1600,"bu","09:58:14",1022300
12.75,0.25,1500,"bu","09:58:10",1020700
12.75,0.25,500,"bu","09:58:09",1019200
12.7,0.2,4000,"sd","09:58:09",1018700
12.75,0.25,600,"bu","09:58:00",1014700
12.75,0.25,10000,"bu","09:57:59",1014100
12.7,0.2,200,"sd","09:57:55",1004100
12.7,0.2,100,"sd","09:57:49",1003900
12.7,0.2,3000,"sd","09:57:44",1003800
12.7,0.2,200,"sd","09:57:11",1000800
12.75,0.25,2000,"bu","09:56:56",1000600
12.7,0.2,200,"sd","09:56:53",998600
12.75,0.25,2000,"bu","09:56:47",998400
12.75,0.25,600,"bu","09:56:21",996400
12.75,0.25,200,"bu","09:55:18",993800
12.75,0.25,1000,"bu","09:55:17",993600
12.7,0.2,47200,"bu","09:55:02",992600
12.7,0.2,3800,"bu","09:55:01",945400
12.7,0.2,2000,"bu","09:55:01",941600
12.7,0.2,2000,"bu","09:54:55",939600
12.7,0.2,1000,"bu","09:54:53",937600
12.7,0.2,5000,"bu","09:54:52",936600
12.7,0.2,100000,"bu","09:54:44",931600
12.65,0.15,10000,"sd","09:54:17",831600
12.7,0.2,200,"bu","09:54:16",821600
12.7,0.2,100,"bu","09:54:11",821400
12.7,0.2,200,"bu","09:54:10",821300
12.7,0.2,100,"bu","09:53:51",821100
12.65,0.15,1000,"sd","09:53:48",821000
12.65,0.15,200,"sd","09:53:37",820000
12.65,0.15,1000,"sd","09:53:09",819800
12.7,0.2,2000,"bu","09:53:05",818800
12.65,0.15,300,"sd","09:53:02",816800
12.65,0.15,700,"sd","09:52:43",816500
12.65,0.15,500,"sd","09:52:39",815800
12.7,0.2,100,"bu","09:52:37",815300
12.65,0.15,200,"sd","09:52:26",815200
12.65,0.15,1000,"sd","09:52:22",815000
12.65,0.15,500,"sd","09:52:18",814000
12.65,0.15,20000,"sd","09:52:16",813500
12.65,0.15,300,"sd","09:52:15",793500
12.65,0.15,30000,"sd","09:52:04",793200
12.65,0.15,300,"sd","09:51:40",763200
12.65,0.15,64600,"bu","09:51:08",762900
12.6,0.1,1000,"sd","09:50:23",698300
12.6,0.1,400,"sd","09:50:07",697300
12.65,0.15,500,"bu","09:49:52",696900
12.65,0.15,7800,"bu","09:49:31",696400
12.65,0.15,17000,"bu","09:49:24",688600
12.65,0.15,1000,"bu","09:49:13",671600
12.65,0.15,500,"bu","09:48:54",670600
12.65,0.15,2000,"bu","09:48:03",670100
12.6,0.1,1800,"sd","09:47:04",668100
12.6,0.1,100,"sd","09:47:04",666300
12.6,0.1,1100,"sd","09:46:24",666200
12.6,0.1,900,"sd","09:46:19",665100
12.6,0.1,100,"sd","09:45:46",664200
12.6,0.1,13000,"bu","09:45:25",664100
12.6,0.1,200,"bu","09:45:22",651100
12.55,0.05,900,"sd","09:45:20",650900
12.6,0.1,2000,"bu","09:45:15",650000
12.6,0.1,5000,"bu","09:45:12",648000
12.6,0.1,100,"bu","09:45:11",643000
12.6,0.1,500,"bu","09:44:56",642900
12.6,0.1,200,"bu","09:44:38",642400
12.6,0.1,100000,"bu","09:44:35",642200
12.6,0.1,200,"bu","09:44:25",542200
12.6,0.1,5000,"bu","09:44:24",542000
12.6,0.1,800,"bu","09:44:17",537000
12.6,0.1,800,"bu","09:43:36",536200
12.55,0.05,400,"sd","09:43:29",535400
12.55,0.05,5000,"sd","09:43:16",535000
12.55,0.05,1400,"sd","09:43:12",530000
12.6,0.1,100,"bu","09:42:40",528600
12.55,0.05,3000,"sd","09:42:35",528500
12.55,0.05,4900,"sd","09:42:18",525500
12.6,0.1,1000,"bu","09:42:15",520600
12.6,0.1,600,"bu","09:42:04",519600
12.55,0.05,500,"sd","09:42:02",519000
12.55,0.05,6500,"sd","09:41:16",518500
12.6,0.1,3000,"bu","09:40:38",512000
12.6,0.1,100,"bu","09:40:33",509000
12.6,0.1,100,"bu","09:40:30",508900
12.6,0.1,800,"bu","09:40:15",508800
12.6,0.1,100,"bu","09:39:51",508000
12.55,0.05,300,"sd","09:39:51",507900
12.6,0.1,200,"bu","09:39:38",507600
12.6,0.1,400,"bu","09:39:37",507400
12.6,0.1,5000,"bu","09:39:29",507000
12.6,0.1,900,"bu","09:39:27",502000
12.6,0.1,300,"bu","09:39:22",501100
12.6,0.1,300,"bu","09:39:20",500800
12.6,0.1,300,"bu","09:39:18",500500
12.6,0.1,300,"bu","09:39:16",500200
12.6,0.1,300,"bu","09:39:15",499900
12.6,0.1,800,"bu","09:39:12",499600
12.55,0.05,1100,"sd","09:38:50",498800
12.55,0.05,1600,"sd","09:38:33",497700
12.55,0.05,1000,"sd","09:38:23",496100
12.55,0.05,20000,"sd","09:38:19",495100
12.55,0.05,50000,"sd","09:37:56",475100
12.6,0.1,1000,"bu","09:37:48",425100
12.6,0.1,1800,"bu","09:37:30",424100
12.6,0.1,100,"bu","09:37:12",422300
12.6,0.1,1700,"bu","09:37:11",422200
12.6,0.1,4000,"bu","09:36:50",420500
12.6,0.1,1000,"bu","09:36:48",416500
12.6,0.1,200,"bu","09:36:34",415500
12.6,0.1,5000,"bu","09:36:26",415300
12.6,0.1,300,"bu","09:36:20",410300
12.6,0.1,300,"bu","09:35:38",410000
12.6,0.1,8700,"bu","09:35:34",409700
12.6,0.1,500,"bu","09:34:47",401000
12.6,0.1,7000,"bu","09:34:35",400500
12.6,0.1,7800,"bu","09:34:21",393500
12.6,0.1,10100,"sd","09:34:20",385700
12.6,0.1,300,"sd","09:34:16",375600
12.6,0.1,1200,"sd","09:34:13",375300
12.6,0.1,1000,"sd","09:34:01",374100
12.6,0.1,1700,"sd","09:34:00",373100
12.6,0.1,2000,"sd","09:33:52",371400
12.6,0.1,40000,"sd","09:33:47",369400
12.6,0.1,1700,"sd","09:33:39",329400
12.6,0.1,35000,"sd","09:33:31",327700
12.6,0.1,300,"sd","09:33:29",292700
12.6,0.1,700,"sd","09:33:25",292400
12.6,0.1,500,"sd","09:33:20",291700
12.6,0.1,3000,"sd","09:33:14",291200
12.6,0.1,1000,"sd","09:33:09",288200
12.6,0.1,2000,"sd","09:33:02",287200
12.6,0.1,100,"sd","09:32:57",285200
12.6,0.1,500,"sd","09:32:28",285100
12.6,0.1,100,"sd","09:31:31",284600
12.65,0.15,5000,"bu","09:31:28",284500
12.65,0.15,1000,"bu","09:31:04",279500
12.6,0.1,1000,"sd","09:30:53",278500
12.65,0.15,6400,"sd","09:30:30",277500
12.65,0.15,10000,"sd","09:30:29",271100
12.65,0.15,3000,"sd","09:30:26",261100
12.65,0.15,1300,"sd","09:30:25",258100
12.65,0.15,3000,"sd","09:30:24",256800
12.65,0.15,5000,"sd","09:30:21",253800
12.65,0.15,3000,"sd","09:30:18",248800
12.65,0.15,5000,"sd","09:30:12",245800
12.65,0.15,14100,"sd","09:30:07",235800
12.65,0.15,2000,"sd","09:29:57",221700
12.65,0.15,5000,"sd","09:29:41",219700
12.65,0.15,500,"sd","09:29:38",214700
12.65,0.15,500,"sd","09:29:33",214200
12.7,0.2,200,"bu","09:29:03",213700
12.65,0.15,300,"sd","09:28:49",213500
12.65,0.15,1000,"sd","09:28:44",213200
12.65,0.15,500,"sd","09:28:42",212200
12.65,0.15,1100,"sd","09:28:42",211700
12.65,0.15,1000,"sd","09:28:37",210600
12.65,0.15,5000,"sd","09:28:28",209600
12.65,0.15,6000,"sd","09:28:19",204600
12.65,0.15,500,"sd","09:28:06",198300
12.65,0.15,100,"sd","09:27:54",197800
12.65,0.15,25000,"sd","09:27:45",197700
12.65,0.15,1600,"sd","09:27:32",172700
12.7,0.2,1000,"bu","09:26:38",171100
12.7,0.2,2000,"bu","09:26:19",170100
12.65,0.15,300,"sd","09:26:12",168100
12.65,0.15,1000,"sd","09:25:14",167800
12.65,0.15,5000,"sd","09:24:55",166800
12.7,0.2,500,"bu","09:24:53",161800
12.7,0.2,100,"bu","09:24:46",161300
12.7,0.2,500,"bu","09:24:43",161200
12.7,0.2,800,"bu","09:24:41",160700
12.7,0.2,1000,"bu","09:24:13",159900
12.7,0.2,600,"bu","09:24:07",158900
12.7,0.2,2000,"bu","09:24:05",158300
12.7,0.2,9000,"bu","09:23:54",156300
12.65,0.15,200,"sd","09:23:51",147300
12.65,0.15,100,"sd","09:23:21",147100
12.7,0.2,100,"bu","09:23:07",147000
12.65,0.15,1000,"sd","09:23:02",146900
12.65,0.15,1000,"sd","09:22:46",145900
12.7,0.2,8400,"bu","09:22:39",144900
12.65,0.15,200,"bu","09:22:26",136500
12.65,0.15,50000,"bu","09:22:22",136300
12.65,0.15,5000,"bu","09:22:02",86300
12.65,0.15,100,"bu","09:21:51",81300
12.65,0.15,200,"bu","09:21:43",81200
12.65,0.15,6000,"bu","09:21:26",81000
12.65,0.15,200,"bu","09:21:09",75000
12.65,0.15,5000,"bu","09:21:01",74800
12.65,0.15,200,"bu","09:20:59",69800
12.65,0.15,5000,"bu","09:20:55",69600
12.65,0.15,100,"bu","09:20:49",64600
12.65,0.15,300,"bu","09:20:47",64500
12.65,0.15,200,"bu","09:20:28",64200
12.65,0.15,500,"bu","09:20:22",64000
12.6,0.1,3000,"sd","09:20:17",63500
12.65,0.15,2000,"bu","09:20:11",60500
12.65,0.15,1000,"bu","09:19:45",58500
12.65,0.15,3000,"bu","09:19:40",57500
12.65,0.15,1000,"bu","09:19:39",54500
12.65,0.15,100,"bu","09:19:17",53500
12.65,0.15,200,"bu","09:19:12",53400
12.65,0.15,300,"bu","09:18:59",53200
12.65,0.15,500,"bu","09:18:38",52900
12.65,0.15,100,"bu","09:18:27",52400
12.65,0.15,1000,"bu","09:18:23",52300
12.6,0.1,700,"sd","09:18:15",51300
12.65,0.15,5000,"bu","09:18:08",50600
12.65,0.15,300,"bu","09:18:00",45600
12.6,0.1,200,"sd","09:17:59",45300
12.6,0.1,18000,"sd","09:16:39",45100
12.6,0.1,2000,"sd","09:16:13",27100
12.6,0.1,2300,"bu","09:16:12",25100
12.6,0.1,1500,"bu","09:16:10",22800
12.6,0.1,100,"bu","09:16:04",21300
12.6,0.1,200,"bu","09:15:57",21200
12.6,0.1,200,"bu","09:15:48",21000
12.6,0.1,100,"bu","09:15:46",20800
12.6,0.1,5000,"bu","09:15:34",20700
12.55,0.05,15700,"","09:15:02",15700
