"id","symbol","truncTime","matchType","matchVol","matchPrice","accumulatedVolume","createdAt","updatedAt"
150091179,"FIT","1700207092","unknown","116800","4540","8109000","2023-11-17T07:45:06.504Z","2023-11-17T07:45:06.504Z"
150089316,"FIT","1700206178","s","1000","4540","8108000","2023-11-17T07:29:51.487Z","2023-11-17T07:29:51.487Z"
150089066,"FIT","1700206174","s","800","4540","8107200","2023-11-17T07:29:48.500Z","2023-11-17T07:29:48.500Z"
150088987,"FIT","1700206173","s","1000","4540","8106200","2023-11-17T07:29:47.504Z","2023-11-17T07:29:47.504Z"
150086633,"FIT","1700206145","s","1000","4540","8105200","2023-11-17T07:29:18.550Z","2023-11-17T07:29:18.550Z"
150086024,"FIT","1700206137","s","1000","4540","8104200","2023-11-17T07:29:11.478Z","2023-11-17T07:29:11.478Z"
150085846,"FIT","1700206134","s","1000","4540","8104200","2023-11-17T07:29:08.539Z","2023-11-17T07:29:08.539Z"
150085532,"FIT","1700206131","s","1000","4540","8102200","2023-11-17T07:29:05.516Z","2023-11-17T07:29:05.516Z"
150085394,"FIT","1700206129","s","1000","4540","8101200","2023-11-17T07:29:03.499Z","2023-11-17T07:29:03.499Z"
150085266,"FIT","1700206128","s","100","4540","8101100","2023-11-17T07:29:02.604Z","2023-11-17T07:29:02.604Z"
150084910,"FIT","1700206123","b","2000","4540","8099000","2023-11-17T07:28:57.499Z","2023-11-17T07:28:57.499Z"
150084909,"FIT","1700206123","b","100","4540","8099000","2023-11-17T07:28:57.499Z","2023-11-17T07:28:57.499Z"
150084707,"FIT","1700206120","b","1000","4540","8096000","2023-11-17T07:28:55.515Z","2023-11-17T07:28:55.515Z"
150084706,"FIT","1700206120","b","100","4540","8096000","2023-11-17T07:28:55.515Z","2023-11-17T07:28:55.515Z"
150084705,"FIT","1700206120","b","1000","4540","8096000","2023-11-17T07:28:55.515Z","2023-11-17T07:28:55.515Z"
150084704,"FIT","1700206120","b","900","4540","8096000","2023-11-17T07:28:55.515Z","2023-11-17T07:28:55.515Z"
150083976,"FIT","1700206112","s","100","4530","8095900","2023-11-17T07:28:46.535Z","2023-11-17T07:28:46.535Z"
150083302,"FIT","1700206105","s","1000","4530","8095900","2023-11-17T07:28:39.560Z","2023-11-17T07:28:39.560Z"
150083122,"FIT","1700206102","s","800","4530","8093300","2023-11-17T07:28:36.513Z","2023-11-17T07:28:36.513Z"
150083121,"FIT","1700206102","s","800","4530","8093300","2023-11-17T07:28:36.513Z","2023-11-17T07:28:36.513Z"
150082994,"FIT","1700206100","s","4200","4530","8087300","2023-11-17T07:28:34.497Z","2023-11-17T07:28:34.497Z"
150082993,"FIT","1700206100","s","800","4530","8087300","2023-11-17T07:28:34.497Z","2023-11-17T07:28:34.497Z"
150082992,"FIT","1700206100","s","1000","4530","8087300","2023-11-17T07:28:34.497Z","2023-11-17T07:28:34.497Z"
150082656,"FIT","1700206096","s","1000","4530","8086300","2023-11-17T07:28:29.574Z","2023-11-17T07:28:29.574Z"
150082525,"FIT","1700206094","s","1000","4530","8085300","2023-11-17T07:28:28.514Z","2023-11-17T07:28:28.514Z"
150082214,"FIT","1700206091","s","1000","4530","8084300","2023-11-17T07:28:24.545Z","2023-11-17T07:28:24.545Z"
150081700,"FIT","1700206085","s","100","4530","8084200","2023-11-17T07:28:19.516Z","2023-11-17T07:28:19.516Z"
150081430,"FIT","1700206083","s","100","4530","8084200","2023-11-17T07:28:17.581Z","2023-11-17T07:28:17.581Z"
150081278,"FIT","1700206081","s","500","4530","8083600","2023-11-17T07:28:15.522Z","2023-11-17T07:28:15.522Z"
150080913,"FIT","1700206077","s","4500","4530","8073600","2023-11-17T07:28:11.472Z","2023-11-17T07:28:11.472Z"
150080912,"FIT","1700206077","s","5500","4530","8073600","2023-11-17T07:28:11.472Z","2023-11-17T07:28:11.472Z"
150080639,"FIT","1700206073","s","100","4530","8073600","2023-11-17T07:28:07.482Z","2023-11-17T07:28:07.482Z"
150080112,"FIT","1700206068","s","5000","4530","8068500","2023-11-17T07:28:02.544Z","2023-11-17T07:28:02.544Z"
150079642,"FIT","1700206062","s","100","4530","8068400","2023-11-17T07:27:56.504Z","2023-11-17T07:27:56.504Z"
150078287,"FIT","1700206046","b","100","4540","8056400","2023-11-17T07:27:40.499Z","2023-11-17T07:27:40.499Z"
150078286,"FIT","1700206046","b","10000","4540","8056400","2023-11-17T07:27:40.499Z","2023-11-17T07:27:40.499Z"
150078285,"FIT","1700206046","b","1000","4540","8056400","2023-11-17T07:27:40.499Z","2023-11-17T07:27:40.499Z"
150078284,"FIT","1700206046","b","900","4540","8056400","2023-11-17T07:27:40.499Z","2023-11-17T07:27:40.499Z"
150078255,"FIT","1700206046","s","1000","4530","8055400","2023-11-17T07:27:40.499Z","2023-11-17T07:27:40.499Z"
150077834,"FIT","1700206041","s","5000","4530","8055400","2023-11-17T07:27:35.623Z","2023-11-17T07:27:35.623Z"
150077396,"FIT","1700206035","s","100","4530","8050300","2023-11-17T07:27:28.527Z","2023-11-17T07:27:28.527Z"
150076893,"FIT","1700206028","s","8200","4530","8040300","2023-11-17T07:27:22.496Z","2023-11-17T07:27:22.496Z"
150076892,"FIT","1700206028","s","1800","4530","8040300","2023-11-17T07:27:22.496Z","2023-11-17T07:27:22.496Z"
150075029,"FIT","1700206005","s","100","4530","8040200","2023-11-17T07:26:59.511Z","2023-11-17T07:26:59.511Z"
150073997,"FIT","1700205993","s","100","4540","8040100","2023-11-17T07:26:46.492Z","2023-11-17T07:26:46.492Z"
150073435,"FIT","1700205985","b","500","4540","8039200","2023-11-17T07:26:39.525Z","2023-11-17T07:26:39.525Z"
150073434,"FIT","1700205985","b","400","4540","8039200","2023-11-17T07:26:39.525Z","2023-11-17T07:26:39.525Z"
150073425,"FIT","1700205984","b","300","4540","8039200","2023-11-17T07:26:38.525Z","2023-11-17T07:26:38.525Z"
150072464,"FIT","1700205972","b","200","4540","8038700","2023-11-17T07:26:26.493Z","2023-11-17T07:26:26.493Z"
150072372,"FIT","1700205971","b","100","4540","8038700","2023-11-17T07:26:25.491Z","2023-11-17T07:26:25.491Z"
150072371,"FIT","1700205971","b","400","4540","8038700","2023-11-17T07:26:25.491Z","2023-11-17T07:26:25.491Z"
150072217,"FIT","1700205969","b","200","4540","8038200","2023-11-17T07:26:23.567Z","2023-11-17T07:26:23.567Z"
150071185,"FIT","1700205954","s","400","4540","8037600","2023-11-17T07:26:08.486Z","2023-11-17T07:26:08.486Z"
150071081,"FIT","1700205952","s","1000","4540","8036600","2023-11-17T07:26:06.550Z","2023-11-17T07:26:06.550Z"
150070523,"FIT","1700205944","b","600","4540","8036000","2023-11-17T07:25:58.520Z","2023-11-17T07:25:58.520Z"
150070399,"FIT","1700205942","s","400","4540","8035600","2023-11-17T07:25:56.510Z","2023-11-17T07:25:56.510Z"
150070305,"FIT","1700205940","s","1000","4540","8034600","2023-11-17T07:25:54.511Z","2023-11-17T07:25:54.511Z"
150069756,"FIT","1700205934","b","1000","4540","8034600","2023-11-17T07:25:48.511Z","2023-11-17T07:25:48.511Z"
150068884,"FIT","1700205922","s","100","4530","8033100","2023-11-17T07:25:36.698Z","2023-11-17T07:25:36.698Z"
150068883,"FIT","1700205922","s","100","4530","8033100","2023-11-17T07:25:36.698Z","2023-11-17T07:25:36.698Z"
150068882,"FIT","1700205922","s","300","4530","8033100","2023-11-17T07:25:36.698Z","2023-11-17T07:25:36.698Z"
150066093,"FIT","1700205890","b","1000","4540","8032100","2023-11-17T07:25:04.470Z","2023-11-17T07:25:04.470Z"
150062011,"FIT","1700205842","s","100","4530","8032100","2023-11-17T07:24:16.506Z","2023-11-17T07:24:16.506Z"
150061594,"FIT","1700205837","s","100","4530","8032000","2023-11-17T07:24:11.490Z","2023-11-17T07:24:11.490Z"
150060384,"FIT","1700205823","b","5000","4550","8031900","2023-11-17T07:23:57.492Z","2023-11-17T07:23:57.492Z"
150059661,"FIT","1700205814","b","900","4550","7956900","2023-11-17T07:23:48.507Z","2023-11-17T07:23:48.507Z"
150059660,"FIT","1700205814","b","1500","4550","7956900","2023-11-17T07:23:48.507Z","2023-11-17T07:23:48.507Z"
150059659,"FIT","1700205814","b","2000","4540","7956900","2023-11-17T07:23:48.507Z","2023-11-17T07:23:48.507Z"
150059658,"FIT","1700205814","b","200","4540","7956900","2023-11-17T07:23:48.507Z","2023-11-17T07:23:48.507Z"
150059657,"FIT","1700205814","b","20000","4540","7956900","2023-11-17T07:23:48.507Z","2023-11-17T07:23:48.507Z"
150059656,"FIT","1700205814","b","45400","4540","7956900","2023-11-17T07:23:48.507Z","2023-11-17T07:23:48.507Z"
150059449,"FIT","1700205811","b","1200","4530","7956900","2023-11-17T07:23:45.521Z","2023-11-17T07:23:45.521Z"
150058318,"FIT","1700205799","s","1000","4530","7946900","2023-11-17T07:23:32.502Z","2023-11-17T07:23:32.502Z"
150058317,"FIT","1700205799","s","500","4530","7946900","2023-11-17T07:23:32.502Z","2023-11-17T07:23:32.502Z"
150058316,"FIT","1700205799","s","4000","4530","7946900","2023-11-17T07:23:32.502Z","2023-11-17T07:23:32.502Z"
150058315,"FIT","1700205799","s","3300","4530","7946900","2023-11-17T07:23:32.502Z","2023-11-17T07:23:32.502Z"
150058037,"FIT","1700205796","s","2700","4530","7936900","2023-11-17T07:23:30.530Z","2023-11-17T07:23:30.530Z"
150058036,"FIT","1700205796","s","7300","4530","7936900","2023-11-17T07:23:30.530Z","2023-11-17T07:23:30.530Z"
150057291,"FIT","1700205788","s","300","4530","7936900","2023-11-17T07:23:22.566Z","2023-11-17T07:23:22.566Z"
150056409,"FIT","1700205776","s","200","4530","7936600","2023-11-17T07:23:10.560Z","2023-11-17T07:23:10.560Z"
150056171,"FIT","1700205773","s","100","4530","7936400","2023-11-17T07:23:07.525Z","2023-11-17T07:23:07.525Z"
150055967,"FIT","1700205770","s","400","4530","7935900","2023-11-17T07:23:04.589Z","2023-11-17T07:23:04.589Z"
150055675,"FIT","1700205766","s","100","4530","7935900","2023-11-17T07:22:59.589Z","2023-11-17T07:22:59.589Z"
150055008,"FIT","1700205758","s","1600","4530","7935800","2023-11-17T07:22:51.537Z","2023-11-17T07:22:51.537Z"
150055007,"FIT","1700205758","s","1000","4530","7935800","2023-11-17T07:22:51.537Z","2023-11-17T07:22:51.537Z"
150055006,"FIT","1700205758","s","500","4530","7935800","2023-11-17T07:22:51.537Z","2023-11-17T07:22:51.537Z"
150055005,"FIT","1700205758","s","100","4530","7935800","2023-11-17T07:22:51.537Z","2023-11-17T07:22:51.537Z"
150055004,"FIT","1700205758","s","100","4530","7935800","2023-11-17T07:22:51.537Z","2023-11-17T07:22:51.537Z"
150055003,"FIT","1700205758","s","5600","4530","7935800","2023-11-17T07:22:51.537Z","2023-11-17T07:22:51.537Z"
150052837,"FIT","1700205735","s","100","4530","7926800","2023-11-17T07:22:28.538Z","2023-11-17T07:22:28.538Z"
150052748,"FIT","1700205734","b","200","4540","7926600","2023-11-17T07:22:27.517Z","2023-11-17T07:22:27.517Z"
150052561,"FIT","1700205731","b","5000","4540","7921600","2023-11-17T07:22:25.496Z","2023-11-17T07:22:25.496Z"
150051415,"FIT","1700205718","b","100","4540","7921600","2023-11-17T07:22:11.648Z","2023-11-17T07:22:11.648Z"
150051072,"FIT","1700205715","s","25000","4540","7895900","2023-11-17T07:22:09.518Z","2023-11-17T07:22:09.518Z"
150051071,"FIT","1700205715","s","600","4540","7895900","2023-11-17T07:22:09.518Z","2023-11-17T07:22:09.518Z"
150050892,"FIT","1700205713","s","2000","4540","7893900","2023-11-17T07:22:07.839Z","2023-11-17T07:22:07.839Z"
150050327,"FIT","1700205705","b","1500","4540","7882500","2023-11-17T07:21:58.500Z","2023-11-17T07:21:58.500Z"
150050326,"FIT","1700205705","b","200","4540","7882500","2023-11-17T07:21:58.500Z","2023-11-17T07:21:58.500Z"
150050325,"FIT","1700205705","b","1000","4540","7882500","2023-11-17T07:21:58.500Z","2023-11-17T07:21:58.500Z"
150050324,"FIT","1700205705","b","100","4540","7882500","2023-11-17T07:21:58.500Z","2023-11-17T07:21:58.500Z"
