"id","symbol","truncTime","matchType","matchVol","matchPrice","accumulatedVolume","createdAt","updatedAt"
150091066,"GEX","1700207089","unknown","1900000","21600","22653900","2023-11-17T07:45:03.494Z","2023-11-17T07:45:03.494Z"
150090134,"GEX","1700206187","s","5700","21800","22647900","2023-11-17T07:30:01.531Z","2023-11-17T07:30:01.531Z"
150090133,"GEX","1700206187","s","300","21800","22647900","2023-11-17T07:30:01.531Z","2023-11-17T07:30:01.531Z"
150090095,"GEX","1700206186","s","700","21800","22637900","2023-11-17T07:29:59.509Z","2023-11-17T07:29:59.509Z"
150090094,"GEX","1700206186","s","3000","21800","22637900","2023-11-17T07:29:59.509Z","2023-11-17T07:29:59.509Z"
150090093,"GEX","1700206186","s","100","21800","22637900","2023-11-17T07:29:59.509Z","2023-11-17T07:29:59.509Z"
150090092,"GEX","1700206186","s","100","21800","22637900","2023-11-17T07:29:59.509Z","2023-11-17T07:29:59.509Z"
150090091,"GEX","1700206186","s","1000","21800","22637900","2023-11-17T07:29:59.509Z","2023-11-17T07:29:59.509Z"
150090074,"GEX","1700206186","s","5100","21800","22637900","2023-11-17T07:29:59.509Z","2023-11-17T07:29:59.509Z"
150089586,"GEX","1700206180","b","200","21850","22637700","2023-11-17T07:29:54.570Z","2023-11-17T07:29:54.570Z"
150089491,"GEX","1700206179","s","100","21850","22637700","2023-11-17T07:29:52.619Z","2023-11-17T07:29:52.619Z"
150089490,"GEX","1700206179","s","500","21850","22637700","2023-11-17T07:29:52.619Z","2023-11-17T07:29:52.619Z"
150089489,"GEX","1700206179","s","500","21850","22637700","2023-11-17T07:29:52.619Z","2023-11-17T07:29:52.619Z"
150089488,"GEX","1700206179","s","2000","21850","22637700","2023-11-17T07:29:52.619Z","2023-11-17T07:29:52.619Z"
150089487,"GEX","1700206179","s","500","21850","22637700","2023-11-17T07:29:52.619Z","2023-11-17T07:29:52.619Z"
150089486,"GEX","1700206179","s","100","21850","22637700","2023-11-17T07:29:52.619Z","2023-11-17T07:29:52.619Z"
150089485,"GEX","1700206179","s","100","21850","22637700","2023-11-17T07:29:52.619Z","2023-11-17T07:29:52.619Z"
150089484,"GEX","1700206179","s","200","21850","22637700","2023-11-17T07:29:52.619Z","2023-11-17T07:29:52.619Z"
150089218,"GEX","1700206176","s","4800","21850","22633700","2023-11-17T07:29:50.526Z","2023-11-17T07:29:50.526Z"
150089217,"GEX","1700206176","s","3000","21850","22633700","2023-11-17T07:29:50.526Z","2023-11-17T07:29:50.526Z"
150089216,"GEX","1700206176","s","2200","21850","22633700","2023-11-17T07:29:50.526Z","2023-11-17T07:29:50.526Z"
150089149,"GEX","1700206175","b","100","21900","22623200","2023-11-17T07:29:49.522Z","2023-11-17T07:29:49.522Z"
150089148,"GEX","1700206175","b","400","21900","22623200","2023-11-17T07:29:49.522Z","2023-11-17T07:29:49.522Z"
150088969,"GEX","1700206173","s","200","21850","22623000","2023-11-17T07:29:47.504Z","2023-11-17T07:29:47.504Z"
150088876,"GEX","1700206172","s","2600","21850","22616900","2023-11-17T07:29:46.534Z","2023-11-17T07:29:46.534Z"
150088875,"GEX","1700206172","s","1000","21850","22616900","2023-11-17T07:29:46.534Z","2023-11-17T07:29:46.534Z"
150088874,"GEX","1700206172","s","100","21850","22616900","2023-11-17T07:29:46.534Z","2023-11-17T07:29:46.534Z"
150088873,"GEX","1700206172","s","1000","21850","22616900","2023-11-17T07:29:46.534Z","2023-11-17T07:29:46.534Z"
150088872,"GEX","1700206172","s","300","21850","22616900","2023-11-17T07:29:46.534Z","2023-11-17T07:29:46.534Z"
150088871,"GEX","1700206172","s","100","21850","22616900","2023-11-17T07:29:46.534Z","2023-11-17T07:29:46.534Z"
150088870,"GEX","1700206172","s","1000","21850","22616900","2023-11-17T07:29:46.534Z","2023-11-17T07:29:46.534Z"
150088572,"GEX","1700206168","b","100","21900","22616800","2023-11-17T07:29:42.522Z","2023-11-17T07:29:42.522Z"
150088446,"GEX","1700206166","b","1000","21900","22615800","2023-11-17T07:29:40.500Z","2023-11-17T07:29:40.500Z"
150088403,"GEX","1700206166","b","100","21900","22615800","2023-11-17T07:29:40.500Z","2023-11-17T07:29:40.500Z"
150088263,"GEX","1700206164","s","100","21900","22615700","2023-11-17T07:29:38.541Z","2023-11-17T07:29:38.541Z"
150088262,"GEX","1700206164","s","200","21900","22615700","2023-11-17T07:29:38.541Z","2023-11-17T07:29:38.541Z"
150088261,"GEX","1700206164","s","5000","21900","22615700","2023-11-17T07:29:38.541Z","2023-11-17T07:29:38.541Z"
150088260,"GEX","1700206164","s","100","21900","22615700","2023-11-17T07:29:38.541Z","2023-11-17T07:29:38.541Z"
150088259,"GEX","1700206164","s","500","21900","22615700","2023-11-17T07:29:38.541Z","2023-11-17T07:29:38.541Z"
150088258,"GEX","1700206164","s","300","21900","22615700","2023-11-17T07:29:38.541Z","2023-11-17T07:29:38.541Z"
150088257,"GEX","1700206164","s","200","21900","22615700","2023-11-17T07:29:38.541Z","2023-11-17T07:29:38.541Z"
150088256,"GEX","1700206164","b","800","21950","22615700","2023-11-17T07:29:38.541Z","2023-11-17T07:29:38.541Z"
150088239,"GEX","1700206164","s","500","21900","22608500","2023-11-17T07:29:38.541Z","2023-11-17T07:29:38.541Z"
150088238,"GEX","1700206164","s","500","21900","22608500","2023-11-17T07:29:38.541Z","2023-11-17T07:29:38.541Z"
150088196,"GEX","1700206163","s","1500","21900","22607500","2023-11-17T07:29:37.480Z","2023-11-17T07:29:37.480Z"
150088195,"GEX","1700206163","s","500","21900","22607500","2023-11-17T07:29:37.480Z","2023-11-17T07:29:37.480Z"
150088194,"GEX","1700206163","s","700","21900","22607500","2023-11-17T07:29:37.480Z","2023-11-17T07:29:37.480Z"
150088193,"GEX","1700206163","s","1000","21900","22607500","2023-11-17T07:29:37.480Z","2023-11-17T07:29:37.480Z"
150088192,"GEX","1700206163","s","900","21900","22607500","2023-11-17T07:29:37.480Z","2023-11-17T07:29:37.480Z"
150088084,"GEX","1700206162","s","2100","21900","22602900","2023-11-17T07:29:36.582Z","2023-11-17T07:29:36.582Z"
150088083,"GEX","1700206162","s","2000","21900","22602900","2023-11-17T07:29:36.582Z","2023-11-17T07:29:36.582Z"
150088082,"GEX","1700206162","s","200","21900","22602900","2023-11-17T07:29:36.582Z","2023-11-17T07:29:36.582Z"
150088081,"GEX","1700206162","s","2000","21900","22602900","2023-11-17T07:29:36.582Z","2023-11-17T07:29:36.582Z"
150088080,"GEX","1700206162","s","500","21900","22602900","2023-11-17T07:29:36.582Z","2023-11-17T07:29:36.582Z"
150088079,"GEX","1700206162","s","100","21900","22602900","2023-11-17T07:29:36.582Z","2023-11-17T07:29:36.582Z"
150088078,"GEX","1700206162","s","1000","21900","22602900","2023-11-17T07:29:36.582Z","2023-11-17T07:29:36.582Z"
150088077,"GEX","1700206162","s","1000","21900","22602900","2023-11-17T07:29:36.582Z","2023-11-17T07:29:36.582Z"
150088076,"GEX","1700206162","s","500","21900","22602900","2023-11-17T07:29:36.582Z","2023-11-17T07:29:36.582Z"
150088075,"GEX","1700206162","s","10600","21900","22602900","2023-11-17T07:29:36.582Z","2023-11-17T07:29:36.582Z"
150088071,"GEX","1700206162","b","23700","21950","22602900","2023-11-17T07:29:36.582Z","2023-11-17T07:29:36.582Z"
150088035,"GEX","1700206162","s","2000","21900","22559200","2023-11-17T07:29:36.582Z","2023-11-17T07:29:36.582Z"
150087979,"GEX","1700206161","s","15500","21900","22557200","2023-11-17T07:29:35.525Z","2023-11-17T07:29:35.525Z"
150087957,"GEX","1700206160","s","1900","21900","22526700","2023-11-17T07:29:34.511Z","2023-11-17T07:29:34.511Z"
150087956,"GEX","1700206160","s","2000","21900","22526700","2023-11-17T07:29:34.511Z","2023-11-17T07:29:34.511Z"
150087955,"GEX","1700206160","s","500","21900","22526700","2023-11-17T07:29:34.511Z","2023-11-17T07:29:34.511Z"
150087954,"GEX","1700206160","s","100","21900","22526700","2023-11-17T07:29:34.511Z","2023-11-17T07:29:34.511Z"
150087953,"GEX","1700206160","s","500","21900","22526700","2023-11-17T07:29:34.511Z","2023-11-17T07:29:34.511Z"
150087952,"GEX","1700206160","s","500","21900","22526700","2023-11-17T07:29:34.511Z","2023-11-17T07:29:34.511Z"
150087951,"GEX","1700206160","s","1000","21900","22526700","2023-11-17T07:29:34.511Z","2023-11-17T07:29:34.511Z"
150087950,"GEX","1700206160","s","700","21900","22526700","2023-11-17T07:29:34.511Z","2023-11-17T07:29:34.511Z"
150087949,"GEX","1700206160","s","100","21900","22526700","2023-11-17T07:29:34.511Z","2023-11-17T07:29:34.511Z"
150087948,"GEX","1700206160","s","700","21900","22526700","2023-11-17T07:29:34.511Z","2023-11-17T07:29:34.511Z"
150087947,"GEX","1700206160","s","1000","21900","22526700","2023-11-17T07:29:34.511Z","2023-11-17T07:29:34.511Z"
150087946,"GEX","1700206160","s","6000","21900","22526700","2023-11-17T07:29:34.511Z","2023-11-17T07:29:34.511Z"
150087796,"GEX","1700206158","s","100","21900","22526700","2023-11-17T07:29:32.552Z","2023-11-17T07:29:32.552Z"
150087735,"GEX","1700206158","b","400","21950","22526600","2023-11-17T07:29:32.552Z","2023-11-17T07:29:32.552Z"
150087587,"GEX","1700206155","s","5000","21900","22526200","2023-11-17T07:29:29.463Z","2023-11-17T07:29:29.463Z"
150087579,"GEX","1700206155","s","500","21900","22521200","2023-11-17T07:29:28.755Z","2023-11-17T07:29:28.755Z"
150087481,"GEX","1700206154","s","10000","21900","22520700","2023-11-17T07:29:28.755Z","2023-11-17T07:29:28.755Z"
150087145,"GEX","1700206150","s","7000","21900","22502700","2023-11-17T07:29:24.536Z","2023-11-17T07:29:24.536Z"
150087144,"GEX","1700206150","b","1000","21950","22502700","2023-11-17T07:29:24.536Z","2023-11-17T07:29:24.536Z"
150087039,"GEX","1700206150","s","1000","21900","22501700","2023-11-17T07:29:23.498Z","2023-11-17T07:29:23.498Z"
150086944,"GEX","1700206148","b","100","21950","22501600","2023-11-17T07:29:22.478Z","2023-11-17T07:29:22.478Z"
150086862,"GEX","1700206147","s","400","21900","22501200","2023-11-17T07:29:21.517Z","2023-11-17T07:29:21.517Z"
150086766,"GEX","1700206146","b","300","21950","22500900","2023-11-17T07:29:20.501Z","2023-11-17T07:29:20.501Z"
150086747,"GEX","1700206146","b","2000","21950","22500900","2023-11-17T07:29:20.501Z","2023-11-17T07:29:20.501Z"
150086597,"GEX","1700206144","b","1000","21950","22498900","2023-11-17T07:29:18.550Z","2023-11-17T07:29:18.550Z"
150086503,"GEX","1700206144","b","5000","21950","22492900","2023-11-17T07:29:17.527Z","2023-11-17T07:29:17.527Z"
150086310,"GEX","1700206141","b","1000","21950","22487100","2023-11-17T07:29:15.510Z","2023-11-17T07:29:15.510Z"
150086309,"GEX","1700206141","s","600","21950","22487100","2023-11-17T07:29:15.510Z","2023-11-17T07:29:15.510Z"
150086308,"GEX","1700206141","s","1000","21950","22487100","2023-11-17T07:29:15.510Z","2023-11-17T07:29:15.510Z"
150086307,"GEX","1700206141","s","500","21950","22487100","2023-11-17T07:29:15.510Z","2023-11-17T07:29:15.510Z"
150086306,"GEX","1700206141","s","200","21950","22487100","2023-11-17T07:29:15.510Z","2023-11-17T07:29:15.510Z"
150086305,"GEX","1700206141","s","500","21950","22487100","2023-11-17T07:29:15.510Z","2023-11-17T07:29:15.510Z"
150086304,"GEX","1700206141","s","500","21950","22487100","2023-11-17T07:29:15.510Z","2023-11-17T07:29:15.510Z"
150086303,"GEX","1700206141","s","500","21950","22487100","2023-11-17T07:29:15.510Z","2023-11-17T07:29:15.510Z"
150086288,"GEX","1700206140","s","1000","21950","22487100","2023-11-17T07:29:15.510Z","2023-11-17T07:29:15.510Z"
150086287,"GEX","1700206140","s","300","21950","22487100","2023-11-17T07:29:15.510Z","2023-11-17T07:29:15.510Z"
150086286,"GEX","1700206140","s","100","21950","22487100","2023-11-17T07:29:15.510Z","2023-11-17T07:29:15.510Z"
150086285,"GEX","1700206140","s","300","21950","22487100","2023-11-17T07:29:15.510Z","2023-11-17T07:29:15.510Z"
