"id","symbol","truncTime","matchType","matchVol","matchPrice","accumulatedVolume","createdAt","updatedAt"
150091143,"HCD","1700207091","unknown","56000","7400","741300","2023-11-17T07:45:05.498Z","2023-11-17T07:45:05.498Z"
150089923,"HCD","1700206183","b","5000","7600","667200","2023-11-17T07:29:57.547Z","2023-11-17T07:29:57.547Z"
150089922,"HCD","1700206183","b","200","7600","667200","2023-11-17T07:29:57.547Z","2023-11-17T07:29:57.547Z"
150089921,"HCD","1700206183","b","2400","7600","667200","2023-11-17T07:29:57.547Z","2023-11-17T07:29:57.547Z"
150089920,"HCD","1700206183","b","5000","7590","667200","2023-11-17T07:29:57.547Z","2023-11-17T07:29:57.547Z"
150089919,"HCD","1700206183","b","5500","7590","667200","2023-11-17T07:29:57.547Z","2023-11-17T07:29:57.547Z"
150087137,"HCD","1700206150","s","1200","7540","662500","2023-11-17T07:29:24.536Z","2023-11-17T07:29:24.536Z"
150087136,"HCD","1700206150","s","1200","7550","662500","2023-11-17T07:29:24.536Z","2023-11-17T07:29:24.536Z"
150087135,"HCD","1700206150","s","1900","7550","662500","2023-11-17T07:29:24.536Z","2023-11-17T07:29:24.536Z"
150087134,"HCD","1700206150","s","100","7560","662500","2023-11-17T07:29:24.536Z","2023-11-17T07:29:24.536Z"
150087133,"HCD","1700206150","s","300","7580","662500","2023-11-17T07:29:24.536Z","2023-11-17T07:29:24.536Z"
150087011,"HCD","1700206149","b","1700","7580","660800","2023-11-17T07:29:23.498Z","2023-11-17T07:29:23.498Z"
150077082,"HCD","1700206030","b","100","7590","660700","2023-11-17T07:27:24.539Z","2023-11-17T07:27:24.539Z"
150074871,"HCD","1700206003","b","400","7590","660300","2023-11-17T07:26:57.602Z","2023-11-17T07:26:57.602Z"
150071831,"HCD","1700205964","s","400","7590","659900","2023-11-17T07:26:18.490Z","2023-11-17T07:26:18.490Z"
150068435,"HCD","1700205918","b","100","7600","659800","2023-11-17T07:25:31.500Z","2023-11-17T07:25:31.500Z"
150064596,"HCD","1700205870","b","1000","7600","658800","2023-11-17T07:24:44.507Z","2023-11-17T07:24:44.507Z"
150063744,"HCD","1700205861","b","9600","7590","649200","2023-11-17T07:24:34.600Z","2023-11-17T07:24:34.600Z"
150061763,"HCD","1700205839","b","400","7590","646700","2023-11-17T07:24:13.509Z","2023-11-17T07:24:13.509Z"
150061762,"HCD","1700205839","b","100","7580","646700","2023-11-17T07:24:13.509Z","2023-11-17T07:24:13.509Z"
150061761,"HCD","1700205839","b","2000","7580","646700","2023-11-17T07:24:13.509Z","2023-11-17T07:24:13.509Z"
150060287,"HCD","1700205822","b","2000","7550","646700","2023-11-17T07:23:55.568Z","2023-11-17T07:23:55.568Z"
150060286,"HCD","1700205822","b","100","7550","646700","2023-11-17T07:23:55.568Z","2023-11-17T07:23:55.568Z"
150059450,"HCD","1700205811","b","200","7550","644600","2023-11-17T07:23:45.521Z","2023-11-17T07:23:45.521Z"
150056411,"HCD","1700205776","s","100","7540","644400","2023-11-17T07:23:10.560Z","2023-11-17T07:23:10.560Z"
150056029,"HCD","1700205770","b","200","7540","643600","2023-11-17T07:23:05.484Z","2023-11-17T07:23:05.484Z"
150056028,"HCD","1700205770","b","500","7540","643600","2023-11-17T07:23:05.484Z","2023-11-17T07:23:05.484Z"
150054687,"HCD","1700205755","b","200","7540","643400","2023-11-17T07:22:49.499Z","2023-11-17T07:22:49.499Z"
150052329,"HCD","1700205729","b","1400","7540","642000","2023-11-17T07:22:23.588Z","2023-11-17T07:22:23.588Z"
150050832,"HCD","1700205712","b","1000","7540","641000","2023-11-17T07:22:06.530Z","2023-11-17T07:22:06.530Z"
150049330,"HCD","1700205691","b","2400","7540","641000","2023-11-17T07:21:45.525Z","2023-11-17T07:21:45.525Z"
150049329,"HCD","1700205691","b","600","7540","641000","2023-11-17T07:21:45.525Z","2023-11-17T07:21:45.525Z"
150045494,"HCD","1700205640","b","500","7540","637500","2023-11-17T07:20:54.475Z","2023-11-17T07:20:54.475Z"
150044476,"HCD","1700205624","s","2000","7520","637500","2023-11-17T07:20:37.491Z","2023-11-17T07:20:37.491Z"
150041625,"HCD","1700205564","b","1000","7540","634500","2023-11-17T07:19:37.488Z","2023-11-17T07:19:37.488Z"
150039118,"HCD","1700205505","b","3900","7540","630500","2023-11-17T07:18:39.507Z","2023-11-17T07:18:39.507Z"
150039117,"HCD","1700205505","b","100","7530","630500","2023-11-17T07:18:39.507Z","2023-11-17T07:18:39.507Z"
150038813,"HCD","1700205497","b","2000","7530","630500","2023-11-17T07:18:30.482Z","2023-11-17T07:18:30.482Z"
150037592,"HCD","1700205466","b","4000","7520","624500","2023-11-17T07:17:59.520Z","2023-11-17T07:17:59.520Z"
150036248,"HCD","1700205435","b","1000","7520","623500","2023-11-17T07:17:29.520Z","2023-11-17T07:17:29.520Z"
150034492,"HCD","1700205388","b","100","7500","617900","2023-11-17T07:16:41.472Z","2023-11-17T07:16:41.472Z"
150034491,"HCD","1700205388","b","5000","7500","617900","2023-11-17T07:16:41.472Z","2023-11-17T07:16:41.472Z"
150034490,"HCD","1700205388","b","300","7500","617900","2023-11-17T07:16:41.472Z","2023-11-17T07:16:41.472Z"
150034489,"HCD","1700205388","b","200","7500","617900","2023-11-17T07:16:41.472Z","2023-11-17T07:16:41.472Z"
150032704,"HCD","1700205344","b","1000","7490","616900","2023-11-17T07:15:58.501Z","2023-11-17T07:15:58.501Z"
150030879,"HCD","1700205302","b","400","7500","616900","2023-11-17T07:15:16.498Z","2023-11-17T07:15:16.498Z"
150029847,"HCD","1700205282","b","4400","7500","611500","2023-11-17T07:14:56.500Z","2023-11-17T07:14:56.500Z"
150029846,"HCD","1700205282","b","600","7490","611500","2023-11-17T07:14:56.500Z","2023-11-17T07:14:56.500Z"
150029169,"HCD","1700205270","b","4800","7490","606500","2023-11-17T07:14:44.474Z","2023-11-17T07:14:44.474Z"
150029168,"HCD","1700205270","b","200","7470","606500","2023-11-17T07:14:44.474Z","2023-11-17T07:14:44.474Z"
150022778,"HCD","1700205134","b","1800","7450","606500","2023-11-17T07:12:28.455Z","2023-11-17T07:12:28.455Z"
150019952,"HCD","1700205072","b","2000","7450","602700","2023-11-17T07:11:26.479Z","2023-11-17T07:11:26.479Z"
150019053,"HCD","1700205053","s","2000","7450","599000","2023-11-17T07:11:07.475Z","2023-11-17T07:11:07.475Z"
150019052,"HCD","1700205053","s","1000","7450","599000","2023-11-17T07:11:07.475Z","2023-11-17T07:11:07.475Z"
150019051,"HCD","1700205053","s","700","7450","599000","2023-11-17T07:11:07.475Z","2023-11-17T07:11:07.475Z"
150017739,"HCD","1700205030","s","1700","7450","597000","2023-11-17T07:10:43.737Z","2023-11-17T07:10:43.737Z"
150017738,"HCD","1700205030","s","300","7460","597000","2023-11-17T07:10:43.737Z","2023-11-17T07:10:43.737Z"
150015063,"HCD","1700204986","b","300","7470","597000","2023-11-17T07:10:00.490Z","2023-11-17T07:10:00.490Z"
150014591,"HCD","1700204979","b","1200","7470","595500","2023-11-17T07:09:53.508Z","2023-11-17T07:09:53.508Z"
150013557,"HCD","1700204963","b","600","7450","594900","2023-11-17T07:09:37.475Z","2023-11-17T07:09:37.475Z"
150013208,"HCD","1700204957","s","1200","7450","594900","2023-11-17T07:09:31.483Z","2023-11-17T07:09:31.483Z"
150013178,"HCD","1700204956","b","3800","7450","593700","2023-11-17T07:09:30.473Z","2023-11-17T07:09:30.473Z"
150012919,"HCD","1700204951","b","5000","7450","589900","2023-11-17T07:09:25.471Z","2023-11-17T07:09:25.471Z"
150011183,"HCD","1700204927","s","1200","7450","584900","2023-11-17T07:09:01.460Z","2023-11-17T07:09:01.460Z"
150011063,"HCD","1700204924","b","1000","7470","582700","2023-11-17T07:08:58.465Z","2023-11-17T07:08:58.465Z"
150009615,"HCD","1700204897","b","2200","7450","577700","2023-11-17T07:08:31.507Z","2023-11-17T07:08:31.507Z"
150009614,"HCD","1700204897","b","500","7450","577700","2023-11-17T07:08:31.507Z","2023-11-17T07:08:31.507Z"
150009613,"HCD","1700204897","b","2300","7450","577700","2023-11-17T07:08:31.507Z","2023-11-17T07:08:31.507Z"
150009070,"HCD","1700204887","b","100","7420","577700","2023-11-17T07:08:20.520Z","2023-11-17T07:08:20.520Z"
150008720,"HCD","1700204880","b","100","7430","577600","2023-11-17T07:08:14.546Z","2023-11-17T07:08:14.546Z"
150008640,"HCD","1700204878","b","3000","7430","574500","2023-11-17T07:08:12.515Z","2023-11-17T07:08:12.515Z"
150007440,"HCD","1700204858","s","100","7430","574400","2023-11-17T07:07:51.524Z","2023-11-17T07:07:51.524Z"
150006837,"HCD","1700204847","b","400","7450","574000","2023-11-17T07:07:41.480Z","2023-11-17T07:07:41.480Z"
150006610,"HCD","1700204842","b","1000","7450","574000","2023-11-17T07:07:36.502Z","2023-11-17T07:07:36.502Z"
150005314,"HCD","1700204816","b","100","7450","572900","2023-11-17T07:07:10.460Z","2023-11-17T07:07:10.460Z"
150004498,"HCD","1700204801","b","1000","7450","572900","2023-11-17T07:06:54.476Z","2023-11-17T07:06:54.476Z"
149999658,"HCD","1700204720","b","100","7450","571900","2023-11-17T07:05:34.475Z","2023-11-17T07:05:34.475Z"
149996671,"HCD","1700204675","b","4900","7400","571800","2023-11-17T07:04:49.512Z","2023-11-17T07:04:49.512Z"
149996262,"HCD","1700204669","b","1100","7400","566900","2023-11-17T07:04:43.472Z","2023-11-17T07:04:43.472Z"
149996261,"HCD","1700204669","b","100","7400","566900","2023-11-17T07:04:43.472Z","2023-11-17T07:04:43.472Z"
149996202,"HCD","1700204668","s","600","7370","562700","2023-11-17T07:04:42.484Z","2023-11-17T07:04:42.484Z"
149996201,"HCD","1700204668","s","100","7370","562700","2023-11-17T07:04:42.484Z","2023-11-17T07:04:42.484Z"
149996200,"HCD","1700204668","s","2300","7370","562700","2023-11-17T07:04:42.484Z","2023-11-17T07:04:42.484Z"
149995852,"HCD","1700204663","b","100","7400","562600","2023-11-17T07:04:38.523Z","2023-11-17T07:04:38.523Z"
149995660,"HCD","1700204661","b","100","7400","562500","2023-11-17T07:04:35.535Z","2023-11-17T07:04:35.535Z"
149995288,"HCD","1700204657","b","100","7400","562500","2023-11-17T07:04:30.510Z","2023-11-17T07:04:30.510Z"
149995022,"HCD","1700204653","s","600","7390","562400","2023-11-17T07:04:26.560Z","2023-11-17T07:04:26.560Z"
149993711,"HCD","1700204637","b","1000","7400","561800","2023-11-17T07:04:11.582Z","2023-11-17T07:04:11.582Z"
149992702,"HCD","1700204626","b","3600","7400","555800","2023-11-17T07:04:00.535Z","2023-11-17T07:04:00.535Z"
149992701,"HCD","1700204626","b","1400","7400","555800","2023-11-17T07:04:00.535Z","2023-11-17T07:04:00.535Z"
149991191,"HCD","1700204609","b","5000","7400","555800","2023-11-17T07:03:43.474Z","2023-11-17T07:03:43.474Z"
149990556,"HCD","1700204602","s","1000","7390","550800","2023-11-17T07:03:36.497Z","2023-11-17T07:03:36.497Z"
149989400,"HCD","1700204590","s","400","7390","549300","2023-11-17T07:03:23.502Z","2023-11-17T07:03:23.502Z"
149989399,"HCD","1700204590","s","100","7390","549300","2023-11-17T07:03:23.502Z","2023-11-17T07:03:23.502Z"
149989287,"HCD","1700204588","b","100","7400","549200","2023-11-17T07:03:22.485Z","2023-11-17T07:03:22.485Z"
149988513,"HCD","1700204580","b","1200","7400","549200","2023-11-17T07:03:14.533Z","2023-11-17T07:03:14.533Z"
149987463,"HCD","1700204570","b","500","7400","547500","2023-11-17T07:03:04.645Z","2023-11-17T07:03:04.645Z"
149981533,"HCD","1700204504","s","500","7400","547000","2023-11-17T07:01:58.536Z","2023-11-17T07:01:58.536Z"
149980956,"HCD","1700204499","s","3000","7400","541000","2023-11-17T07:01:52.514Z","2023-11-17T07:01:52.514Z"
149980955,"HCD","1700204499","s","2000","7400","541000","2023-11-17T07:01:52.514Z","2023-11-17T07:01:52.514Z"
