"id","symbol","truncTime","matchType","matchVol","matchPrice","accumulatedVolume","createdAt","updatedAt"
150091185,"KHG","1700207092","unknown","544300","6190","11999500","2023-11-17T07:45:06.504Z","2023-11-17T07:45:06.504Z"
150090143,"KHG","1700206187","b","2800","6260","11989500","2023-11-17T07:30:01.531Z","2023-11-17T07:30:01.531Z"
150090142,"KHG","1700206187","b","200","6260","11989500","2023-11-17T07:30:01.531Z","2023-11-17T07:30:01.531Z"
150090141,"KHG","1700206187","b","6900","6260","11989500","2023-11-17T07:30:01.531Z","2023-11-17T07:30:01.531Z"
150090140,"KHG","1700206187","b","100","6260","11989500","2023-11-17T07:30:01.531Z","2023-11-17T07:30:01.531Z"
150089983,"KHG","1700206184","s","200","6220","11989300","2023-11-17T07:29:57.547Z","2023-11-17T07:29:57.547Z"
150089269,"KHG","1700206177","b","300","6260","11987300","2023-11-17T07:29:51.487Z","2023-11-17T07:29:51.487Z"
150089268,"KHG","1700206177","b","1000","6250","11987300","2023-11-17T07:29:51.487Z","2023-11-17T07:29:51.487Z"
150089267,"KHG","1700206177","b","700","6250","11987300","2023-11-17T07:29:51.487Z","2023-11-17T07:29:51.487Z"
150088508,"KHG","1700206167","s","500","6260","11987300","2023-11-17T07:29:41.523Z","2023-11-17T07:29:41.523Z"
150088507,"KHG","1700206167","s","200","6260","11987300","2023-11-17T07:29:41.523Z","2023-11-17T07:29:41.523Z"
150088293,"KHG","1700206164","s","100","6260","11986500","2023-11-17T07:29:39.512Z","2023-11-17T07:29:39.512Z"
150088277,"KHG","1700206164","b","3500","6260","11986500","2023-11-17T07:29:38.541Z","2023-11-17T07:29:38.541Z"
150088276,"KHG","1700206164","b","700","6250","11986500","2023-11-17T07:29:38.541Z","2023-11-17T07:29:38.541Z"
150088275,"KHG","1700206164","s","300","6250","11986500","2023-11-17T07:29:38.541Z","2023-11-17T07:29:38.541Z"
150088030,"KHG","1700206162","s","100","6250","11982000","2023-11-17T07:29:36.582Z","2023-11-17T07:29:36.582Z"
150087963,"KHG","1700206160","b","500","6260","11981400","2023-11-17T07:29:34.511Z","2023-11-17T07:29:34.511Z"
150087824,"KHG","1700206158","s","4200","6250","11977200","2023-11-17T07:29:32.552Z","2023-11-17T07:29:32.552Z"
150087501,"KHG","1700206154","b","400","6250","11976800","2023-11-17T07:29:28.755Z","2023-11-17T07:29:28.755Z"
150086891,"KHG","1700206147","s","3700","6220","11926800","2023-11-17T07:29:21.517Z","2023-11-17T07:29:21.517Z"
150086890,"KHG","1700206147","s","500","6230","11926800","2023-11-17T07:29:21.517Z","2023-11-17T07:29:21.517Z"
150086889,"KHG","1700206147","s","12300","6230","11926800","2023-11-17T07:29:21.517Z","2023-11-17T07:29:21.517Z"
150086888,"KHG","1700206147","s","5000","6230","11926800","2023-11-17T07:29:21.517Z","2023-11-17T07:29:21.517Z"
150086887,"KHG","1700206147","s","200","6230","11926800","2023-11-17T07:29:21.517Z","2023-11-17T07:29:21.517Z"
150086886,"KHG","1700206147","s","400","6230","11926800","2023-11-17T07:29:21.517Z","2023-11-17T07:29:21.517Z"
150086885,"KHG","1700206147","s","100","6230","11926800","2023-11-17T07:29:21.517Z","2023-11-17T07:29:21.517Z"
150086884,"KHG","1700206147","s","1300","6230","11926800","2023-11-17T07:29:21.517Z","2023-11-17T07:29:21.517Z"
150086883,"KHG","1700206147","s","10000","6250","11926800","2023-11-17T07:29:21.517Z","2023-11-17T07:29:21.517Z"
150086882,"KHG","1700206147","s","300","6250","11926800","2023-11-17T07:29:21.517Z","2023-11-17T07:29:21.517Z"
150086881,"KHG","1700206147","s","16200","6260","11926800","2023-11-17T07:29:21.517Z","2023-11-17T07:29:21.517Z"
150086686,"KHG","1700206145","s","3800","6260","11923000","2023-11-17T07:29:19.522Z","2023-11-17T07:29:19.522Z"
150086564,"KHG","1700206144","b","800","6270","11922200","2023-11-17T07:29:18.550Z","2023-11-17T07:29:18.550Z"
150086390,"KHG","1700206142","s","2100","6270","11920100","2023-11-17T07:29:16.478Z","2023-11-17T07:29:16.478Z"
150086311,"KHG","1700206141","b","900","6270","11919200","2023-11-17T07:29:15.510Z","2023-11-17T07:29:15.510Z"
150085918,"KHG","1700206136","s","100","6270","11913100","2023-11-17T07:29:10.481Z","2023-11-17T07:29:10.481Z"
150085917,"KHG","1700206136","s","100","6270","11913100","2023-11-17T07:29:10.481Z","2023-11-17T07:29:10.481Z"
150085916,"KHG","1700206136","s","5900","6270","11913100","2023-11-17T07:29:10.481Z","2023-11-17T07:29:10.481Z"
150085446,"KHG","1700206130","b","900","6280","11911100","2023-11-17T07:29:04.491Z","2023-11-17T07:29:04.491Z"
150085445,"KHG","1700206130","b","1100","6280","11911100","2023-11-17T07:29:04.491Z","2023-11-17T07:29:04.491Z"
150085237,"KHG","1700206127","b","1000","6270","11907000","2023-11-17T07:29:01.497Z","2023-11-17T07:29:01.497Z"
150085236,"KHG","1700206127","b","1000","6270","11907000","2023-11-17T07:29:01.497Z","2023-11-17T07:29:01.497Z"
150085235,"KHG","1700206127","b","2000","6270","11907000","2023-11-17T07:29:01.497Z","2023-11-17T07:29:01.497Z"
150085234,"KHG","1700206127","b","100","6270","11907000","2023-11-17T07:29:01.497Z","2023-11-17T07:29:01.497Z"
150084532,"KHG","1700206119","s","100","6270","11906700","2023-11-17T07:28:53.486Z","2023-11-17T07:28:53.486Z"
150084531,"KHG","1700206119","s","200","6270","11906700","2023-11-17T07:28:53.486Z","2023-11-17T07:28:53.486Z"
150084504,"KHG","1700206118","s","800","6270","11901700","2023-11-17T07:28:52.651Z","2023-11-17T07:28:52.651Z"
150084503,"KHG","1700206118","s","3000","6270","11901700","2023-11-17T07:28:52.651Z","2023-11-17T07:28:52.651Z"
150084502,"KHG","1700206118","s","1000","6270","11901700","2023-11-17T07:28:52.651Z","2023-11-17T07:28:52.651Z"
150084501,"KHG","1700206118","s","200","6270","11901700","2023-11-17T07:28:52.651Z","2023-11-17T07:28:52.651Z"
150084257,"KHG","1700206115","b","200","6280","11901500","2023-11-17T07:28:50.489Z","2023-11-17T07:28:50.489Z"
150083415,"KHG","1700206106","s","5000","6270","11896500","2023-11-17T07:28:40.509Z","2023-11-17T07:28:40.509Z"
150083307,"KHG","1700206105","s","600","6280","11896500","2023-11-17T07:28:39.560Z","2023-11-17T07:28:39.560Z"
150083120,"KHG","1700206102","s","4000","6280","11891900","2023-11-17T07:28:36.513Z","2023-11-17T07:28:36.513Z"
150083084,"KHG","1700206101","s","500","6280","11891900","2023-11-17T07:28:35.493Z","2023-11-17T07:28:35.493Z"
150083002,"KHG","1700206100","s","5000","6280","11886400","2023-11-17T07:28:34.497Z","2023-11-17T07:28:34.497Z"
150082846,"KHG","1700206098","b","3000","6290","11881400","2023-11-17T07:28:31.557Z","2023-11-17T07:28:31.557Z"
150082845,"KHG","1700206098","b","1000","6290","11881400","2023-11-17T07:28:31.557Z","2023-11-17T07:28:31.557Z"
150082844,"KHG","1700206098","b","1000","6290","11881400","2023-11-17T07:28:31.557Z","2023-11-17T07:28:31.557Z"
150082216,"KHG","1700206091","s","300","6280","11881100","2023-11-17T07:28:24.545Z","2023-11-17T07:28:24.545Z"
150082173,"KHG","1700206091","s","10000","6280","11869500","2023-11-17T07:28:24.545Z","2023-11-17T07:28:24.545Z"
150082172,"KHG","1700206091","b","1600","6280","11869500","2023-11-17T07:28:24.545Z","2023-11-17T07:28:24.545Z"
150082088,"KHG","1700206090","s","1000","6270","11869500","2023-11-17T07:28:24.545Z","2023-11-17T07:28:24.545Z"
150081711,"KHG","1700206085","s","2500","6270","11862500","2023-11-17T07:28:19.516Z","2023-11-17T07:28:19.516Z"
150081710,"KHG","1700206085","s","3500","6280","11862500","2023-11-17T07:28:19.516Z","2023-11-17T07:28:19.516Z"
150081519,"KHG","1700206083","b","1200","6280","11856000","2023-11-17T07:28:17.581Z","2023-11-17T07:28:17.581Z"
150081518,"KHG","1700206083","b","100","6280","11856000","2023-11-17T07:28:17.581Z","2023-11-17T07:28:17.581Z"
150081517,"KHG","1700206083","b","5000","6280","11856000","2023-11-17T07:28:17.581Z","2023-11-17T07:28:17.581Z"
150081516,"KHG","1700206083","b","200","6280","11856000","2023-11-17T07:28:17.581Z","2023-11-17T07:28:17.581Z"
150081099,"KHG","1700206080","s","2000","6270","11854000","2023-11-17T07:28:14.538Z","2023-11-17T07:28:14.538Z"
150081065,"KHG","1700206079","s","5000","6270","11854000","2023-11-17T07:28:13.548Z","2023-11-17T07:28:13.548Z"
150080849,"KHG","1700206076","s","500","6270","11849000","2023-11-17T07:28:10.572Z","2023-11-17T07:28:10.572Z"
150080748,"KHG","1700206075","b","300","6280","11848200","2023-11-17T07:28:08.504Z","2023-11-17T07:28:08.504Z"
150079573,"KHG","1700206061","b","4000","6290","11848200","2023-11-17T07:27:55.503Z","2023-11-17T07:27:55.503Z"
150079572,"KHG","1700206061","b","1000","6290","11848200","2023-11-17T07:27:55.503Z","2023-11-17T07:27:55.503Z"
150079571,"KHG","1700206061","b","5000","6280","11848200","2023-11-17T07:27:55.503Z","2023-11-17T07:27:55.503Z"
150079172,"KHG","1700206056","s","1400","6270","11836200","2023-11-17T07:27:50.508Z","2023-11-17T07:27:50.508Z"
150079171,"KHG","1700206056","s","600","6280","11836200","2023-11-17T07:27:50.508Z","2023-11-17T07:27:50.508Z"
150078676,"KHG","1700206051","b","2000","6280","11826800","2023-11-17T07:27:45.575Z","2023-11-17T07:27:45.575Z"
150078675,"KHG","1700206051","b","2400","6280","11826800","2023-11-17T07:27:45.575Z","2023-11-17T07:27:45.575Z"
150078674,"KHG","1700206051","b","5000","6280","11826800","2023-11-17T07:27:45.575Z","2023-11-17T07:27:45.575Z"
150077705,"KHG","1700206039","s","400","6270","11821800","2023-11-17T07:27:34.610Z","2023-11-17T07:27:34.610Z"
150077704,"KHG","1700206039","s","300","6280","11821800","2023-11-17T07:27:34.610Z","2023-11-17T07:27:34.610Z"
150077703,"KHG","1700206039","s","4300","6290","11821800","2023-11-17T07:27:34.610Z","2023-11-17T07:27:34.610Z"
150077657,"KHG","1700206039","b","1000","6290","11821800","2023-11-17T07:27:33.548Z","2023-11-17T07:27:33.548Z"
150077656,"KHG","1700206039","b","500","6290","11821800","2023-11-17T07:27:33.548Z","2023-11-17T07:27:33.548Z"
150077655,"KHG","1700206039","b","4200","6290","11821800","2023-11-17T07:27:33.548Z","2023-11-17T07:27:33.548Z"
150077598,"KHG","1700206038","b","500","6280","11815600","2023-11-17T07:27:32.521Z","2023-11-17T07:27:32.521Z"
150077263,"KHG","1700206033","b","1000","6280","11814600","2023-11-17T07:27:26.532Z","2023-11-17T07:27:26.532Z"
150077053,"KHG","1700206030","s","3500","6280","11811100","2023-11-17T07:27:24.539Z","2023-11-17T07:27:24.539Z"
150076769,"KHG","1700206027","b","1500","6280","11809600","2023-11-17T07:27:20.595Z","2023-11-17T07:27:20.595Z"
150076051,"KHG","1700206021","b","500","6280","11809600","2023-11-17T07:27:15.589Z","2023-11-17T07:27:15.589Z"
150076050,"KHG","1700206021","b","1000","6280","11809600","2023-11-17T07:27:15.589Z","2023-11-17T07:27:15.589Z"
150075786,"KHG","1700206017","b","800","6290","11798100","2023-11-17T07:27:11.527Z","2023-11-17T07:27:11.527Z"
150075785,"KHG","1700206017","b","3800","6290","11798100","2023-11-17T07:27:11.527Z","2023-11-17T07:27:11.527Z"
150075784,"KHG","1700206017","b","5400","6280","11798100","2023-11-17T07:27:11.527Z","2023-11-17T07:27:11.527Z"
150075677,"KHG","1700206015","s","500","6280","11792000","2023-11-17T07:27:09.521Z","2023-11-17T07:27:09.521Z"
150075676,"KHG","1700206015","s","100","6280","11792000","2023-11-17T07:27:09.521Z","2023-11-17T07:27:09.521Z"
150075675,"KHG","1700206015","s","300","6280","11792000","2023-11-17T07:27:09.521Z","2023-11-17T07:27:09.521Z"
150075674,"KHG","1700206015","s","5200","6280","11792000","2023-11-17T07:27:09.521Z","2023-11-17T07:27:09.521Z"
150075124,"KHG","1700206006","b","1200","6290","11787000","2023-11-17T07:27:00.527Z","2023-11-17T07:27:00.527Z"
