"id","symbol","truncTime","matchType","matchVol","matchPrice","accumulatedVolume","createdAt","updatedAt"
150091290,"TLD","1700207093","unknown","41400","5530","1156100","2023-11-17T07:45:07.491Z","2023-11-17T07:45:07.491Z"
150089694,"TLD","1700206181","s","4300","5520","1114700","2023-11-17T07:29:55.613Z","2023-11-17T07:29:55.613Z"
150089693,"TLD","1700206181","s","300","5520","1114700","2023-11-17T07:29:55.613Z","2023-11-17T07:29:55.613Z"
150089692,"TLD","1700206181","s","700","5530","1114700","2023-11-17T07:29:55.613Z","2023-11-17T07:29:55.613Z"
150089130,"TLD","1700206175","b","100","5570","1109400","2023-11-17T07:29:49.522Z","2023-11-17T07:29:49.522Z"
150087003,"TLD","1700206149","s","300","5530","1109300","2023-11-17T07:29:23.498Z","2023-11-17T07:29:23.498Z"
150087002,"TLD","1700206149","s","3500","5530","1109300","2023-11-17T07:29:23.498Z","2023-11-17T07:29:23.498Z"
150083272,"TLD","1700206105","b","100","5570","1105500","2023-11-17T07:28:39.560Z","2023-11-17T07:28:39.560Z"
150082240,"TLD","1700206091","s","1500","5530","1105400","2023-11-17T07:28:25.533Z","2023-11-17T07:28:25.533Z"
150082239,"TLD","1700206091","s","500","5540","1105400","2023-11-17T07:28:25.533Z","2023-11-17T07:28:25.533Z"
150078824,"TLD","1700206052","b","100","5570","1103400","2023-11-17T07:27:46.543Z","2023-11-17T07:27:46.543Z"
150078823,"TLD","1700206052","b","4800","5540","1103400","2023-11-17T07:27:46.543Z","2023-11-17T07:27:46.543Z"
150076760,"TLD","1700206027","b","100","5540","1098500","2023-11-17T07:27:20.595Z","2023-11-17T07:27:20.595Z"
150076759,"TLD","1700206027","b","500","5530","1098500","2023-11-17T07:27:20.595Z","2023-11-17T07:27:20.595Z"
150075246,"TLD","1700206008","s","100","5520","1097900","2023-11-17T07:27:02.535Z","2023-11-17T07:27:02.535Z"
150074920,"TLD","1700206004","b","3600","5530","1097800","2023-11-17T07:26:58.615Z","2023-11-17T07:26:58.615Z"
150070986,"TLD","1700205951","b","100","5530","1094200","2023-11-17T07:26:05.483Z","2023-11-17T07:26:05.483Z"
150070304,"TLD","1700205940","b","100","5530","1094100","2023-11-17T07:25:54.511Z","2023-11-17T07:25:54.511Z"
150068727,"TLD","1700205921","s","100","5520","1094000","2023-11-17T07:25:35.515Z","2023-11-17T07:25:35.515Z"
150060350,"TLD","1700205823","b","700","5530","1093900","2023-11-17T07:23:56.527Z","2023-11-17T07:23:56.527Z"
150060349,"TLD","1700205823","b","300","5530","1093900","2023-11-17T07:23:56.527Z","2023-11-17T07:23:56.527Z"
150049085,"TLD","1700205688","b","200","5530","1092900","2023-11-17T07:21:42.523Z","2023-11-17T07:21:42.523Z"
150049084,"TLD","1700205688","b","800","5530","1092900","2023-11-17T07:21:42.523Z","2023-11-17T07:21:42.523Z"
150042064,"TLD","1700205576","b","100","5530","1091900","2023-11-17T07:19:50.502Z","2023-11-17T07:19:50.502Z"
150042063,"TLD","1700205576","b","4500","5520","1091900","2023-11-17T07:19:50.502Z","2023-11-17T07:19:50.502Z"
150040791,"TLD","1700205545","s","100","5520","1087300","2023-11-17T07:19:19.527Z","2023-11-17T07:19:19.527Z"
150040301,"TLD","1700205533","b","100","5530","1087200","2023-11-17T07:19:06.481Z","2023-11-17T07:19:06.481Z"
150032264,"TLD","1700205335","b","600","5530","1087100","2023-11-17T07:15:49.495Z","2023-11-17T07:15:49.495Z"
150032263,"TLD","1700205335","b","3400","5520","1087100","2023-11-17T07:15:49.495Z","2023-11-17T07:15:49.495Z"
150031978,"TLD","1700205328","b","500","5520","1082600","2023-11-17T07:15:41.513Z","2023-11-17T07:15:41.513Z"
150031161,"TLD","1700205309","s","1000","5520","1081600","2023-11-17T07:15:23.511Z","2023-11-17T07:15:23.511Z"
150019943,"TLD","1700205071","b","100","5530","1067100","2023-11-17T07:11:25.505Z","2023-11-17T07:11:25.505Z"
150019942,"TLD","1700205071","b","14400","5520","1067100","2023-11-17T07:11:25.505Z","2023-11-17T07:11:25.505Z"
150017664,"TLD","1700205028","s","4000","5510","1067100","2023-11-17T07:10:41.500Z","2023-11-17T07:10:41.500Z"
150016873,"TLD","1700205016","b","1300","5520","1061800","2023-11-17T07:10:29.477Z","2023-11-17T07:10:29.477Z"
150016684,"TLD","1700205013","b","300","5520","1061800","2023-11-17T07:10:27.484Z","2023-11-17T07:10:27.484Z"
150014023,"TLD","1700204972","s","300","5510","1061500","2023-11-17T07:09:46.529Z","2023-11-17T07:09:46.529Z"
150014022,"TLD","1700204972","s","19300","5510","1061500","2023-11-17T07:09:46.529Z","2023-11-17T07:09:46.529Z"
150013373,"TLD","1700204960","s","700","5510","1041900","2023-11-17T07:09:34.485Z","2023-11-17T07:09:34.485Z"
150013372,"TLD","1700204960","s","9700","5510","1041900","2023-11-17T07:09:34.485Z","2023-11-17T07:09:34.485Z"
150009550,"TLD","1700204896","b","300","5530","1031500","2023-11-17T07:08:30.488Z","2023-11-17T07:08:30.488Z"
149997954,"TLD","1700204693","b","100","5530","1031200","2023-11-17T07:05:07.554Z","2023-11-17T07:05:07.554Z"
149997953,"TLD","1700204693","b","400","5530","1031200","2023-11-17T07:05:07.554Z","2023-11-17T07:05:07.554Z"
149978525,"TLD","1700204474","b","100","5530","1030700","2023-11-17T07:01:28.471Z","2023-11-17T07:01:28.471Z"
149977258,"TLD","1700204460","s","2300","5520","1028300","2023-11-17T07:01:14.509Z","2023-11-17T07:01:14.509Z"
149976430,"TLD","1700204447","b","400","5530","1028300","2023-11-17T07:01:01.482Z","2023-11-17T07:01:01.482Z"
149975009,"TLD","1700204428","b","1500","5530","1026400","2023-11-17T07:00:42.507Z","2023-11-17T07:00:42.507Z"
149974140,"TLD","1700204419","b","1500","5530","1024900","2023-11-17T07:00:34.526Z","2023-11-17T07:00:34.526Z"
149973511,"TLD","1700204412","b","600","5530","1024900","2023-11-17T07:00:26.664Z","2023-11-17T07:00:26.664Z"
149972814,"TLD","1700204402","b","2000","5530","1024300","2023-11-17T07:00:16.515Z","2023-11-17T07:00:16.515Z"
149972324,"TLD","1700204396","b","200","5530","1022100","2023-11-17T07:00:09.506Z","2023-11-17T07:00:09.506Z"
149970726,"TLD","1700204376","s","1000","5530","1022100","2023-11-17T06:59:50.516Z","2023-11-17T06:59:50.516Z"
149970725,"TLD","1700204376","s","2300","5530","1022100","2023-11-17T06:59:50.516Z","2023-11-17T06:59:50.516Z"
149969771,"TLD","1700204363","b","100","5530","1018800","2023-11-17T06:59:38.466Z","2023-11-17T06:59:38.466Z"
149969770,"TLD","1700204363","b","2600","5530","1018800","2023-11-17T06:59:38.466Z","2023-11-17T06:59:38.466Z"
149967461,"TLD","1700204336","b","5000","5530","1016100","2023-11-17T06:59:10.476Z","2023-11-17T06:59:10.476Z"
149967046,"TLD","1700204332","b","3000","5530","1011100","2023-11-17T06:59:06.487Z","2023-11-17T06:59:06.487Z"
149964228,"TLD","1700204297","b","2500","5530","1008100","2023-11-17T06:58:31.474Z","2023-11-17T06:58:31.474Z"
149959714,"TLD","1700204244","b","2700","5520","1005600","2023-11-17T06:57:38.528Z","2023-11-17T06:57:38.528Z"
149959516,"TLD","1700204240","b","2500","5520","1002900","2023-11-17T06:57:33.481Z","2023-11-17T06:57:33.481Z"
149958899,"TLD","1700204231","b","2500","5520","1000400","2023-11-17T06:57:25.453Z","2023-11-17T06:57:25.453Z"
149958195,"TLD","1700204221","b","300","5520","997900","2023-11-17T06:57:15.493Z","2023-11-17T06:57:15.493Z"
149957331,"TLD","1700204208","s","2400","5520","997600","2023-11-17T06:57:02.464Z","2023-11-17T06:57:02.464Z"
149957330,"TLD","1700204208","s","600","5520","997600","2023-11-17T06:57:02.464Z","2023-11-17T06:57:02.464Z"
149957059,"TLD","1700204204","b","1700","5520","994600","2023-11-17T06:56:58.511Z","2023-11-17T06:56:58.511Z"
149956727,"TLD","1700204199","b","100","5520","992900","2023-11-17T06:56:53.523Z","2023-11-17T06:56:53.523Z"
149955392,"TLD","1700204181","b","300","5520","992800","2023-11-17T06:56:35.537Z","2023-11-17T06:56:35.537Z"
149954962,"TLD","1700204176","b","1000","5520","992500","2023-11-17T06:56:30.488Z","2023-11-17T06:56:30.488Z"
149953576,"TLD","1700204161","b","100","5520","991500","2023-11-17T06:56:15.526Z","2023-11-17T06:56:15.526Z"
149953044,"TLD","1700204154","b","3400","5520","991400","2023-11-17T06:56:08.440Z","2023-11-17T06:56:08.440Z"
149952870,"TLD","1700204151","b","5000","5520","988000","2023-11-17T06:56:06.460Z","2023-11-17T06:56:06.460Z"
149951916,"TLD","1700204140","b","3400","5520","983000","2023-11-17T06:55:54.510Z","2023-11-17T06:55:54.510Z"
149951915,"TLD","1700204140","b","1600","5520","983000","2023-11-17T06:55:54.510Z","2023-11-17T06:55:54.510Z"
149947948,"TLD","1700204098","b","5000","5520","978000","2023-11-17T06:55:12.597Z","2023-11-17T06:55:12.597Z"
149942787,"TLD","1700204043","s","1300","5520","973000","2023-11-17T06:54:17.492Z","2023-11-17T06:54:17.492Z"
149942786,"TLD","1700204043","s","100","5520","973000","2023-11-17T06:54:17.492Z","2023-11-17T06:54:17.492Z"
149942785,"TLD","1700204043","s","1000","5520","973000","2023-11-17T06:54:16.478Z","2023-11-17T06:54:16.478Z"
149942784,"TLD","1700204043","s","3000","5520","973000","2023-11-17T06:54:16.478Z","2023-11-17T06:54:16.478Z"
149942783,"TLD","1700204043","s","3000","5520","973000","2023-11-17T06:54:16.478Z","2023-11-17T06:54:16.478Z"
149936426,"TLD","1700203978","b","100","5530","964500","2023-11-17T06:53:12.575Z","2023-11-17T06:53:12.575Z"
149932366,"TLD","1700203940","s","2000","5520","964500","2023-11-17T06:52:34.475Z","2023-11-17T06:52:34.475Z"
149927224,"TLD","1700203901","b","300","5530","962500","2023-11-17T06:51:55.495Z","2023-11-17T06:51:55.495Z"
149927076,"TLD","1700203899","s","3600","5520","962200","2023-11-17T06:51:53.473Z","2023-11-17T06:51:53.473Z"
149924840,"TLD","1700203883","s","100","5530","958600","2023-11-17T06:51:37.485Z","2023-11-17T06:51:37.485Z"
149924839,"TLD","1700203883","s","1000","5530","958600","2023-11-17T06:51:37.485Z","2023-11-17T06:51:37.485Z"
149924838,"TLD","1700203883","s","30000","5530","958600","2023-11-17T06:51:37.485Z","2023-11-17T06:51:37.485Z"
149924837,"TLD","1700203883","s","3000","5530","958600","2023-11-17T06:51:37.485Z","2023-11-17T06:51:37.485Z"
149924836,"TLD","1700203883","s","3500","5530","958600","2023-11-17T06:51:37.485Z","2023-11-17T06:51:37.485Z"
149920626,"TLD","1700203854","s","1500","5530","921000","2023-11-17T06:51:08.712Z","2023-11-17T06:51:08.712Z"
149920625,"TLD","1700203854","s","800","5530","921000","2023-11-17T06:51:08.712Z","2023-11-17T06:51:08.712Z"
149917271,"TLD","1700203836","s","100","5540","918700","2023-11-17T06:50:50.693Z","2023-11-17T06:50:50.693Z"
149913538,"TLD","1700203814","s","100","5550","918600","2023-11-17T06:50:27.710Z","2023-11-17T06:50:27.710Z"
149913537,"TLD","1700203814","s","100","5560","918600","2023-11-17T06:50:27.710Z","2023-11-17T06:50:27.710Z"
149913536,"TLD","1700203814","b","100","5570","918600","2023-11-17T06:50:27.710Z","2023-11-17T06:50:27.710Z"
149905382,"TLD","1700203771","s","1500","5540","918300","2023-11-17T06:49:45.608Z","2023-11-17T06:49:45.608Z"
149877488,"TLD","1700203588","b","100","5570","916800","2023-11-17T06:46:42.570Z","2023-11-17T06:46:42.570Z"
149877487,"TLD","1700203588","b","100","5560","916800","2023-11-17T06:46:42.570Z","2023-11-17T06:46:42.570Z"
149877486,"TLD","1700203588","b","2000","5550","916800","2023-11-17T06:46:42.570Z","2023-11-17T06:46:42.570Z"
149877485,"TLD","1700203588","b","1600","5550","916800","2023-11-17T06:46:42.570Z","2023-11-17T06:46:42.570Z"
149862086,"TLD","1700203361","b","3400","5550","913000","2023-11-17T06:42:56.414Z","2023-11-17T06:42:56.414Z"
