"price","change","match_qtty","side","time","total_vol"
25350,150,67300,"bu","09:15:06",67300
25300,100,4700,"bu","09:15:12",72000
25300,100,300,"sd","09:15:16",72300
25300,100,5000,"bu","09:15:26",77300
25300,100,5100,"bu","09:15:51",82400
25300,100,900,"sd","09:16:05",83300
25300,100,7000,"bu","09:16:05",90300
25300,100,2100,"sd","09:16:10",92400
25300,100,1100,"bu","09:16:11",93500
25350,150,5000,"bu","09:16:20",98500
25300,100,100,"bu","09:17:01",98600
25350,150,400,"sd","09:17:11",99000
25350,150,5000,"bu","09:17:14",104000
25350,150,300,"sd","09:17:20",104300
25350,150,400,"sd","09:17:22",104700
25350,150,500,"sd","09:17:28",105200
25350,150,1000,"bu","09:17:28",106200
25350,150,200,"sd","09:17:30",106400
25350,150,100,"sd","09:17:33",106500
25400,200,900,"bu","09:17:54",107400
25400,200,4700,"bu","09:17:54",112100
25400,200,500,"sd","09:17:58",112600
25400,200,2500,"bu","09:18:06",115100
25400,200,4000,"bu","09:18:18",119100
25400,200,5000,"bu","09:18:19",124100
25400,200,1000,"bu","09:18:22",125100
25400,200,6000,"bu","09:18:25",131100
25400,200,1900,"bu","09:18:29",133000
25450,250,5000,"sd","09:18:42",138000
25450,250,2200,"bu","09:18:53",140200
25450,250,600,"sd","09:18:53",140800
25500,300,19700,"sd","09:18:53",160500
25450,250,2200,"bu","09:18:56",162700
25450,250,900,"bu","09:19:02",163600
25400,200,600,"sd","09:19:06",164200
25450,250,5000,"sd","09:19:10",169200
25450,250,500,"bu","09:19:14",169700
25450,250,400,"bu","09:19:17",170100
25450,250,1000,"sd","09:19:19",171100
25500,300,200,"sd","09:19:28",171300
25500,300,2000,"sd","09:19:30",173300
25500,300,2500,"bu","09:19:33",175800
25550,350,5000,"bu","09:19:35",180800
25550,350,2400,"bu","09:19:39",183200
25550,350,100,"bu","09:19:43",183300
25550,350,2000,"bu","09:19:45",185300
25550,350,500,"bu","09:19:49",185800
25550,350,600,"bu","09:19:52",186400
25550,350,100,"bu","09:19:55",186500
25550,350,200,"sd","09:20:01",186700
25550,350,3600,"bu","09:20:01",190300
25500,300,6900,"sd","09:20:04",197200
25500,300,1100,"bu","09:20:04",198300
25550,350,1000,"sd","09:20:10",199300
25550,350,1500,"sd","09:20:14",200800
25550,350,600,"sd","09:20:19",201400
25550,350,200,"sd","09:20:25",201600
25550,350,100,"sd","09:20:27",201700
25600,400,1000,"bu","09:20:34",202700
25600,400,15000,"bu","09:20:37",217700
25550,350,100,"bu","09:20:38",217800
25600,400,4700,"bu","09:20:45",222500
25650,450,1800,"bu","09:20:45",224300
25650,450,1000,"sd","09:20:53",225300
25650,450,800,"sd","09:20:53",226100
25650,450,300,"bu","09:20:55",226400
25650,450,5000,"sd","09:20:56",231400
25650,450,1400,"bu","09:20:56",232800
25700,500,500,"bu","09:21:03",233300
25650,450,100,"sd","09:21:04",233400
25700,500,5000,"sd","09:21:05",238400
25700,500,5000,"sd","09:21:08",243400
25700,500,5000,"sd","09:21:10",248400
25700,500,1000,"bu","09:21:14",249400
25700,500,500,"sd","09:21:15",249900
25700,500,1000,"bu","09:21:15",250900
25700,500,2600,"sd","09:21:19",253500
25700,500,2500,"bu","09:21:19",256000
25700,500,1000,"bu","09:21:24",257000
25700,500,300,"bu","09:21:24",257300
25750,550,8100,"bu","09:21:28",265400
25750,550,15700,"bu","09:21:28",281100
25750,550,9000,"sd","09:21:36",290100
25750,550,1000,"bu","09:21:40",291100
25750,550,500,"bu","09:21:42",291600
25750,550,300,"sd","09:21:43",291900
25750,550,500,"sd","09:21:44",292400
25800,600,6900,"bu","09:21:44",299300
25800,600,16600,"bu","09:21:45",315900
25750,550,2000,"sd","09:21:59",317900
25750,550,500,"sd","09:22:03",318400
25700,500,600,"bu","09:22:05",319000
25750,550,900,"bu","09:22:07",319900
25750,550,500,"bu","09:22:09",320400
25750,550,1000,"sd","09:22:10",321400
25750,550,1900,"sd","09:22:12",323300
25750,550,3000,"bu","09:22:13",326300
25750,550,200,"sd","09:22:17",326500
25750,550,500,"bu","09:22:18",327000
25750,550,300,"bu","09:22:24",327300
25700,500,3500,"bu","09:22:32",330800
25700,500,5000,"bu","09:22:32",335800
25700,500,1000,"sd","09:22:35",336800
25700,500,5000,"sd","09:22:39",341800
25700,500,200,"bu","09:22:40",342000
25750,550,8500,"bu","09:22:45",350500
25700,500,1000,"sd","09:22:54",351500
25700,500,2000,"bu","09:22:54",353500
25700,500,1000,"bu","09:22:58",354500
25700,500,800,"sd","09:22:58",355300
25750,550,1000,"bu","09:22:59",356300
25750,550,30000,"bu","09:23:01",386300
25750,550,700,"bu","09:23:02",387000
25750,550,500,"bu","09:23:14",387500
25750,550,7900,"sd","09:23:15",395400
25800,600,2200,"bu","09:23:21",397600
25750,550,200,"sd","09:23:22",397800
25750,550,1600,"bu","09:23:24",399400
25750,550,300,"sd","09:23:25",399700
25750,550,10000,"bu","09:23:26",409700
25750,550,1000,"sd","09:23:27",410700
25750,550,800,"sd","09:23:37",411500
25700,500,12200,"sd","09:23:42",423700
25750,550,16200,"bu","09:23:44",439900
25750,550,3800,"sd","09:23:46",443700
25750,550,10000,"sd","09:24:03",453700
25750,550,1000,"bu","09:24:08",454700
25750,550,500,"bu","09:24:16",455200
25750,550,4000,"bu","09:24:16",459200
25700,500,1000,"sd","09:24:17",460200
25750,550,1600,"sd","09:24:24",461800
25750,550,200,"sd","09:24:25",462000
25700,500,1000,"sd","09:24:29",463000
25700,500,5000,"bu","09:24:32",468000
25750,550,3500,"sd","09:24:34",471500
25750,550,2000,"bu","09:24:35",473500
25700,500,500,"sd","09:24:45",474000
25700,500,1000,"sd","09:24:59",475000
25700,500,1200,"bu","09:25:04",476200
25700,500,3000,"sd","09:25:06",479200
25700,500,100,"bu","09:25:09",479300
25700,500,2500,"bu","09:25:10",481800
25750,550,500,"bu","09:25:11",482300
25700,500,3600,"sd","09:25:15",485900
25700,500,2000,"bu","09:25:44",487900
25700,500,8100,"sd","09:26:11",496000
25700,500,1000,"bu","09:26:13",497000
25700,500,5000,"bu","09:26:18",502000
25700,500,800,"bu","09:26:20",502800
25700,500,2500,"bu","09:26:24",505300
25700,500,200,"bu","09:26:27",505500
25700,500,2000,"bu","09:26:36",507500
25650,450,500,"bu","09:26:39",508000
25700,500,100,"bu","09:26:39",508100
25700,500,1000,"bu","09:26:55",509100
25700,500,22500,"bu","09:26:59",531600
25700,500,1000,"bu","09:27:08",532600
25700,500,300,"sd","09:27:09",532900
25700,500,2100,"bu","09:27:11",535000
25750,550,4400,"sd","09:27:23",539400
25700,500,500,"bu","09:27:31",539900
25700,500,1000,"bu","09:27:48",540900
25700,500,2000,"sd","09:28:10",542900
25700,500,500,"sd","09:28:18",543400
25700,500,2000,"bu","09:28:24",545400
25700,500,500,"bu","09:28:28",545900
25700,500,100,"sd","09:28:37",546000
25700,500,3000,"sd","09:28:38",549000
25700,500,2200,"bu","09:28:46",551200
25700,500,3400,"bu","09:28:49",554600
25700,500,1100,"sd","09:28:51",555700
25700,500,900,"sd","09:28:59",556600
25700,500,300,"bu","09:29:01",556900
25700,500,800,"bu","09:29:04",557700
25700,500,100,"bu","09:29:04",557800
25700,500,1200,"sd","09:29:14",559000
25700,500,500,"bu","09:29:19",559500
25700,500,3500,"bu","09:29:22",563000
25700,500,500,"sd","09:29:37",563500
25700,500,100,"bu","09:29:44",563600
25650,450,4000,"bu","09:30:11",567600
25650,450,100,"bu","09:30:46",567700
25650,450,3000,"sd","09:30:48",570700
25650,450,500,"bu","09:30:55",571200
25700,500,6000,"sd","09:31:15",577200
25650,450,1000,"bu","09:31:31",578200
25700,500,1800,"sd","09:31:48",580000
25700,500,4800,"bu","09:32:19",584800
25700,500,3200,"sd","09:32:20",588000
25700,500,8300,"sd","09:32:23",596300
25700,500,1200,"sd","09:32:24",597500
25650,450,100,"bu","09:32:35",597600
25700,500,2100,"bu","09:33:02",599700
25700,500,7000,"bu","09:33:33",606700
25700,500,300,"sd","09:33:35",607000
25650,450,100,"sd","09:33:37",607100
25700,500,2200,"sd","09:33:44",609300
25700,500,100,"bu","09:33:55",609400
25700,500,5000,"bu","09:34:21",614400
25700,500,800,"sd","09:34:31",615200
25700,500,100,"sd","09:34:42",615300
25650,450,500,"sd","09:34:53",615800
25700,500,1400,"bu","09:35:14",617200
25650,450,400,"sd","09:35:18",617600
25650,450,200,"sd","09:35:38",617800
25650,450,500,"bu","09:36:11",618300
25650,450,5000,"sd","09:36:29",623300
25650,450,300,"bu","09:36:37",623600
25650,450,100,"bu","09:36:44",623700
25700,500,5300,"sd","09:37:14",629000
25650,450,5000,"bu","09:37:15",634000
25650,450,1800,"sd","09:37:53",635800
25650,450,8200,"sd","09:37:53",644000
25650,450,1000,"bu","09:38:00",645000
25650,450,200,"bu","09:38:06",645200
25650,450,4700,"sd","09:38:07",649900
25650,450,200,"sd","09:38:10",650100
25600,400,1000,"sd","09:38:12",651100
25650,450,100,"bu","09:38:14",651200
25650,450,500,"sd","09:38:23",651700
25650,450,100,"sd","09:38:30",651800
25600,400,1000,"sd","09:39:27",652800
25600,400,500,"sd","09:39:45",653300
25600,400,10000,"sd","09:39:56",663300
25650,450,800,"sd","09:39:58",664100
25600,400,10000,"bu","09:39:59",674100
25600,400,1000,"sd","09:40:26",675100
25600,400,100,"bu","09:40:29",675200
25600,400,600,"sd","09:41:12",675800
25600,400,500,"sd","09:41:22",676300
25650,450,100,"bu","09:41:24",676400
25700,500,52000,"bu","09:42:37",728400
25700,500,800,"sd","09:42:41",729200
25700,500,300,"sd","09:42:45",729500
25700,500,1500,"bu","09:42:57",731000
25700,500,8800,"sd","09:43:02",739800
25700,500,1200,"bu","09:43:10",741000
25650,450,500,"sd","09:44:17",741500
25700,500,1300,"sd","09:45:24",742800
25700,500,2500,"sd","09:45:26",745300
25700,500,3000,"bu","09:45:28",748300
25700,500,1300,"bu","09:45:38",749600
25700,500,4500,"sd","09:45:49",754100
25700,500,100,"sd","09:46:01",754200
25700,500,1400,"sd","09:46:02",755600
25700,500,1500,"sd","09:46:47",757100
25700,500,5000,"bu","09:46:51",762100
25700,500,800,"sd","09:46:52",762900
25700,500,10000,"sd","09:46:54",772900
25700,500,10000,"bu","09:47:00",782900
25700,500,2000,"bu","09:47:03",784900
25700,500,4100,"sd","09:47:04",789000
25700,500,100,"sd","09:47:15",789100
25700,500,400,"sd","09:47:36",789500
25700,500,7800,"bu","09:47:42",797300
25700,500,1000,"sd","09:47:53",798300
25700,500,200,"sd","09:48:00",798500
25700,500,100,"sd","09:48:05",798600
25750,550,800,"sd","09:48:08",799400
25700,500,1300,"bu","09:48:13",800700
25700,500,700,"sd","09:48:14",801400
25700,500,1000,"bu","09:48:41",802400
25700,500,100,"bu","09:49:36",802500
25700,500,300,"sd","09:49:36",802800
25700,500,400,"sd","09:49:37",803200
25700,500,100,"bu","09:50:15",803300
25700,500,1000,"sd","09:50:25",804300
25700,500,4000,"bu","09:50:33",808300
25700,500,5800,"sd","09:51:20",814100
25750,550,1000,"sd","09:51:22",815100
25700,500,4500,"bu","09:51:29",819600
25700,500,5200,"sd","09:51:43",824800
25700,500,1300,"sd","09:51:51",826100
25700,500,500,"sd","09:52:02",826600
25700,500,400,"sd","09:52:06",827000
25700,500,700,"sd","09:52:07",827700
25700,500,6000,"sd","09:52:24",833700
25700,500,1300,"sd","09:52:48",835000
25700,500,200,"sd","09:52:55",835200
25700,500,8500,"sd","09:53:07",843700
25700,500,800,"sd","09:53:35",844500
25650,450,2300,"sd","09:54:15",846800
25700,500,400,"sd","09:54:58",847200
25650,450,1000,"sd","09:55:00",848200
25700,500,800,"sd","09:56:18",849000
25700,500,3000,"bu","09:56:27",852000
25700,500,200,"sd","09:56:28",852200
25650,450,3000,"bu","09:57:57",855200
25700,500,1100,"sd","09:58:37",856300
25700,500,800,"sd","09:59:01",857100
25650,450,200,"bu","09:59:05",857300
25650,450,300,"bu","10:00:46",857600
25650,450,4300,"sd","10:01:00",861900
25650,450,1000,"sd","10:01:12",862900
25700,500,5000,"bu","10:01:40",867900
25650,450,1000,"sd","10:01:45",868900
25650,450,14000,"sd","10:01:46",882900
25650,450,1000,"bu","10:01:53",883900
25650,450,2000,"bu","10:01:54",885900
25650,450,900,"bu","10:01:55",886800
25650,450,20000,"bu","10:01:57",906800
25650,450,2000,"sd","10:01:58",908800
25650,450,100,"bu","10:02:00",908900
25650,450,200,"bu","10:02:07",909100
25600,400,2200,"sd","10:02:31",911300
25600,400,1500,"sd","10:03:10",912800
25600,400,100,"sd","10:03:21",912900
25600,400,300,"sd","10:03:32",913200
25600,400,10000,"bu","10:03:40",923200
25600,400,500,"bu","10:03:48",923700
25600,400,2400,"bu","10:03:56",926100
25600,400,500,"sd","10:04:02",926600
25600,400,100,"bu","10:04:08",926700
25600,400,3000,"sd","10:04:11",929700
25600,400,500,"bu","10:04:17",930200
25600,400,900,"sd","10:04:17",931100
25650,450,800,"sd","10:04:28",931900
25600,400,2500,"sd","10:04:49",934400
25600,400,2300,"sd","10:04:51",936700
25550,350,2000,"bu","10:04:52",938700
25550,350,100,"bu","10:05:03",938800
25550,350,400,"bu","10:05:08",939200
25550,350,100,"sd","10:05:42",939300
25550,350,10000,"sd","10:05:47",949300
25600,400,200,"bu","10:06:02",949500
25600,400,5900,"sd","10:07:11",955400
25550,350,5400,"bu","10:07:17",960800
25600,400,1000,"bu","10:07:26",961800
25600,400,2000,"bu","10:07:41",963800
25600,400,5000,"bu","10:08:35",968800
25600,400,100,"bu","10:09:07",968900
25550,350,1000,"bu","10:09:19",969900
25600,400,2000,"sd","10:09:29",971900
25550,350,20800,"bu","10:10:03",992700
25550,350,1000,"bu","10:10:31",993700
25500,300,2700,"bu","10:11:46",996400
25550,350,4400,"sd","10:11:51",1000800
25550,350,600,"sd","10:12:01",1001400
25550,350,700,"bu","10:12:38",1002100
25550,350,100,"sd","10:12:59",1002200
25500,300,2000,"sd","10:13:39",1004200
25500,300,2000,"sd","10:13:59",1006200
25550,350,800,"sd","10:15:22",1007000
25500,300,2000,"bu","10:16:43",1009000
25500,300,4500,"bu","10:17:14",1013500
25550,350,1500,"bu","10:17:17",1015000
25550,350,12700,"sd","10:17:18",1027700
25550,350,3000,"bu","10:17:21",1030700
25550,350,3000,"sd","10:17:23",1033700
25550,350,1800,"bu","10:17:24",1035500
25600,400,43200,"bu","10:17:29",1078700
25600,400,1000,"sd","10:17:37",1079700
25600,400,100,"bu","10:17:40",1079800
25600,400,10500,"bu","10:17:56",1090300
25650,450,800,"bu","10:18:05",1091100
25600,400,1000,"sd","10:18:11",1092100
25600,400,5000,"sd","10:18:25",1097100
25600,400,100,"sd","10:18:26",1097200
25600,400,600,"bu","10:19:32",1097800
25600,400,200,"bu","10:20:19",1098000
25600,400,100,"bu","10:20:27",1098100
25650,450,800,"bu","10:20:48",1098900
25600,400,2000,"bu","10:20:53",1100900
25600,400,4000,"bu","10:21:35",1104900
25600,400,1000,"sd","10:21:52",1105900
25600,400,500,"sd","10:22:24",1106400
25600,400,4900,"sd","10:22:24",1111300
25600,400,800,"sd","10:23:32",1112100
25600,400,7700,"sd","10:23:33",1119800
25600,400,2100,"sd","10:24:11",1121900
25600,400,1000,"bu","10:24:22",1122900
25600,400,2000,"sd","10:24:26",1124900
25600,400,3000,"sd","10:24:46",1127900
25600,400,4600,"bu","10:24:56",1132500
25600,400,100,"bu","10:25:11",1132600
25600,400,2200,"bu","10:25:30",1134800
25600,400,1000,"sd","10:25:52",1135800
25650,450,800,"bu","10:26:15",1136600
25600,400,6800,"bu","10:26:46",1143400
25600,400,3200,"bu","10:26:53",1146600
25650,450,31200,"sd","10:27:12",1177800
25650,450,2000,"bu","10:27:41",1179800
25650,450,100,"bu","10:27:45",1179900
25650,450,7000,"bu","10:28:45",1186900
25650,450,200,"bu","10:28:46",1187100
25700,500,800,"bu","10:28:58",1187900
25700,500,2000,"bu","10:29:45",1189900
25650,450,900,"bu","10:30:52",1190800
25650,450,100,"bu","10:31:08",1190900
25700,500,800,"bu","10:31:42",1191700
25650,450,10700,"sd","10:31:49",1202400
25650,450,5000,"bu","10:32:33",1207400
25650,450,2000,"sd","10:32:36",1209400
25650,450,500,"sd","10:32:41",1209900
25650,450,2600,"bu","10:32:57",1212500
25650,450,17800,"bu","10:33:45",1230300
25650,450,200,"bu","10:34:22",1230500
25650,450,800,"sd","10:34:25",1231300
25650,450,1800,"sd","10:34:34",1233100
25650,450,200,"bu","10:35:15",1233300
25600,400,100,"bu","10:35:37",1233400
25600,400,700,"sd","10:36:02",1234100
25600,400,2000,"bu","10:36:12",1236100
25600,400,20000,"sd","10:36:52",1256100
25600,400,2500,"bu","10:36:57",1258600
25650,450,800,"sd","10:37:09",1259400
25600,400,200,"sd","10:37:30",1259600
25600,400,5800,"sd","10:37:49",1265400
25600,400,13000,"bu","10:37:58",1278400
25600,400,2900,"sd","10:37:59",1281300
25550,350,7000,"sd","10:38:01",1288300
25600,400,600,"bu","10:38:51",1288900
25550,350,500,"bu","10:39:25",1289400
25600,400,100,"sd","10:39:39",1289500
25600,400,800,"bu","10:39:52",1290300
25550,350,1100,"bu","10:40:03",1291400
25550,350,500,"sd","10:42:09",1291900
25600,400,800,"bu","10:42:36",1292700
25550,350,17000,"bu","10:43:03",1309700
25550,350,200,"bu","10:43:34",1309900
25550,350,7400,"sd","10:44:13",1317300
25500,300,200,"sd","10:45:09",1317500
25550,350,800,"sd","10:45:19",1318300
25550,350,2000,"sd","10:45:27",1320300
25500,300,42400,"sd","10:46:12",1362700
25500,300,1000,"sd","10:46:16",1363700
25500,300,400,"bu","10:46:25",1364100
25500,300,100,"sd","10:46:31",1364200
25500,300,1100,"bu","10:46:36",1365300
25500,300,100,"bu","10:46:39",1365400
25500,300,3000,"bu","10:46:40",1368400
25500,300,1500,"sd","10:46:48",1369900
25500,300,1000,"sd","10:46:51",1370900
25500,300,100,"bu","10:47:00",1371000
25500,300,2000,"bu","10:47:05",1373000
25550,350,5000,"sd","10:47:27",1378000
25500,300,300,"bu","10:47:44",1378300
25550,350,800,"sd","10:48:02",1379100
25550,350,300,"bu","10:48:24",1379400
25550,350,1400,"bu","10:48:53",1380800
25500,300,12300,"sd","10:48:57",1393100
25550,350,200,"sd","10:49:03",1393300
25500,300,2000,"bu","10:49:48",1395300
25550,350,800,"bu","10:50:46",1396100
25550,350,3500,"bu","10:51:08",1399600
25550,350,300,"bu","10:51:23",1399900
25500,300,1400,"bu","10:51:31",1401300
25500,300,9200,"bu","10:52:10",1410500
25500,300,200,"bu","10:52:23",1410700
25500,300,1000,"bu","10:52:29",1411700
25500,300,5500,"sd","10:52:39",1417200
25500,300,6500,"sd","10:52:51",1423700
25500,300,2000,"bu","10:53:07",1425700
25500,300,800,"bu","10:53:29",1426500
25500,300,100,"sd","10:54:04",1426600
25500,300,600,"bu","10:54:07",1427200
25500,300,1000,"sd","10:54:21",1428200
25500,300,5000,"sd","10:54:57",1433200
25500,300,2000,"bu","10:55:05",1435200
25500,300,1500,"bu","10:55:37",1436700
25500,300,1700,"bu","10:55:42",1438400
25500,300,200,"bu","10:55:58",1438600
25500,300,17800,"sd","10:56:15",1456400
25500,300,2200,"sd","10:56:25",1458600
25550,350,3500,"bu","10:56:46",1462100
25550,350,100,"sd","10:58:29",1462200
25500,300,3100,"bu","10:58:48",1465300
25500,300,5000,"bu","10:58:53",1470300
25550,350,800,"sd","10:58:58",1471100
25500,300,2900,"bu","10:59:07",1474000
25500,300,500,"bu","10:59:39",1474500
25500,300,1400,"sd","10:59:41",1475900
25500,300,300,"sd","11:00:34",1476200
25500,300,5800,"sd","11:01:40",1482000
25450,250,4000,"bu","11:01:49",1486000
25450,250,1000,"sd","11:02:39",1487000
25450,250,500,"sd","11:02:50",1487500
25450,250,10000,"bu","11:02:56",1497500
25450,250,8000,"sd","11:02:58",1505500
25450,250,4900,"bu","11:03:18",1510400
25400,200,500,"sd","11:03:52",1510900
25400,200,1000,"bu","11:03:53",1511900
25450,250,100,"bu","11:04:02",1512000
25400,200,3000,"sd","11:04:07",1515000
25400,200,200,"bu","11:04:18",1515200
25400,200,10000,"sd","11:04:19",1525200
25450,250,800,"sd","11:04:23",1526000
25400,200,2000,"sd","11:04:32",1528000
25400,200,500,"bu","11:04:34",1528500
25400,200,1000,"bu","11:04:37",1529500
25400,200,1700,"bu","11:04:46",1531200
25400,200,2300,"sd","11:04:59",1533500
25400,200,2700,"sd","11:05:06",1536200
25400,200,300,"sd","11:05:07",1536500
25400,200,100,"bu","11:05:26",1536600
25350,150,1700,"sd","11:06:38",1538300
25400,200,100,"sd","11:06:39",1538400
25350,150,600,"bu","11:06:41",1539000
25400,200,2900,"sd","11:06:41",1541900
25350,150,500,"bu","11:06:42",1542400
25350,150,1000,"sd","11:07:05",1543400
25400,200,800,"bu","11:07:06",1544200
25400,200,1000,"bu","11:07:39",1545200
25400,200,300,"bu","11:08:09",1545500
25400,200,100,"bu","11:08:19",1545600
25400,200,400,"bu","11:09:43",1546000
25400,200,800,"sd","11:09:49",1546800
25400,200,10000,"bu","11:10:08",1556800
25400,200,2000,"bu","11:10:24",1558800
25400,200,1600,"sd","11:10:29",1560400
25400,200,500,"bu","11:10:57",1560900
25450,250,3000,"bu","11:11:04",1563900
25450,250,1000,"bu","11:11:14",1564900
25500,300,5000,"bu","11:11:55",1569900
25500,300,900,"sd","11:12:34",1570800
25500,300,500,"sd","11:12:43",1571300
25500,300,200,"sd","11:14:16",1571500
25500,300,100,"sd","11:14:31",1571600
25500,300,5000,"sd","11:14:39",1576600
25500,300,4000,"sd","11:14:57",1580600
25500,300,1000,"bu","11:15:05",1581600
25500,300,800,"sd","11:15:16",1582400
25450,250,1000,"bu","11:15:18",1583400
25450,250,1500,"sd","11:15:33",1584900
25450,250,2000,"sd","11:15:43",1586900
25450,250,300,"bu","11:16:00",1587200
25450,250,2500,"bu","11:16:45",1589700
25450,250,500,"sd","11:17:06",1590200
25450,250,2000,"sd","11:17:10",1592200
25450,250,500,"bu","11:17:13",1592700
25450,250,100,"sd","11:17:46",1592800
25500,300,800,"sd","11:18:00",1593600
25450,250,100,"sd","11:18:07",1593700
25500,300,600,"sd","11:18:16",1594300
25450,250,700,"bu","11:18:30",1595000
25450,250,100,"sd","11:18:35",1595100
25500,300,600,"sd","11:19:40",1595700
25450,250,100,"sd","11:20:19",1595800
25500,300,900,"bu","11:20:44",1596700
25500,300,3000,"sd","11:21:19",1599700
25500,300,900,"sd","11:21:37",1600600
25500,300,2000,"sd","11:22:03",1602600
25500,300,1100,"bu","11:22:26",1603700
25500,300,100,"sd","11:22:49",1603800
25500,300,600,"sd","11:23:23",1604400
25500,300,1100,"bu","11:23:27",1605500
25500,300,1800,"bu","11:23:40",1607300
25450,250,5000,"bu","11:24:23",1612300
25450,250,2400,"sd","11:24:26",1614700
25450,250,4200,"sd","11:24:31",1618900
25450,250,2800,"bu","11:24:40",1621700
25450,250,200,"bu","11:25:30",1621900
25500,300,800,"bu","11:26:09",1622700
25450,250,100,"sd","11:27:49",1622800
25450,250,5000,"bu","11:28:05",1627800
25450,250,500,"bu","11:28:33",1628300
25500,300,800,"sd","11:28:54",1629100
25450,250,2500,"bu","13:00:31",1631600
25500,300,100,"sd","13:00:32",1631700
25450,250,3700,"sd","13:00:36",1635400
25400,200,2900,"sd","13:00:55",1638300
25500,300,2000,"bu","13:00:56",1640300
25400,200,300,"sd","13:00:57",1640600
25400,200,200,"sd","13:01:03",1640800
25450,250,13100,"sd","13:01:10",1653900
25400,200,15100,"sd","13:01:13",1669000
25400,200,1900,"sd","13:01:13",1670900
25400,200,1300,"bu","13:01:18",1672200
25400,200,600,"sd","13:01:32",1672800
25400,200,100,"bu","13:01:35",1672900
25450,250,800,"bu","13:01:37",1673700
25400,200,800,"sd","13:01:47",1674500
25400,200,500,"sd","13:02:00",1675000
25400,200,300,"sd","13:02:36",1675300
25400,200,3900,"sd","13:02:53",1679200
25400,200,100,"bu","13:02:56",1679300
25400,200,3300,"bu","13:03:03",1682600
25450,250,100,"bu","13:03:15",1682700
25400,200,3100,"bu","13:03:42",1685800
25400,200,3400,"bu","13:03:52",1689200
25450,250,500,"bu","13:03:54",1689700
25450,250,1300,"sd","13:04:20",1691000
25400,200,2000,"sd","13:04:26",1693000
25400,200,6000,"sd","13:04:34",1699000
25400,200,4000,"sd","13:04:41",1703000
25400,200,1000,"bu","13:04:45",1704000
25400,200,3000,"bu","13:04:49",1707000
25450,250,20000,"bu","13:04:57",1727000
25400,200,800,"bu","13:04:59",1727800
25400,200,4000,"sd","13:05:00",1731800
25400,200,25700,"sd","13:05:02",1757500
25400,200,2000,"sd","13:05:03",1759500
25400,200,10000,"bu","13:05:12",1769500
25400,200,11000,"bu","13:05:21",1780500
25400,200,1300,"sd","13:05:33",1781800
25400,200,2000,"bu","13:05:48",1783800
25400,200,1000,"bu","13:06:11",1784800
25400,200,5000,"sd","13:06:29",1789800
25450,250,200,"sd","13:06:52",1790000
25400,200,4800,"sd","13:06:54",1794800
25450,250,800,"bu","13:07:04",1795600
25400,200,11200,"bu","13:07:06",1806800
25400,200,300,"bu","13:07:10",1807100
25400,200,1000,"sd","13:07:30",1808100
25400,200,15000,"bu","13:07:31",1823100
25400,200,1000,"bu","13:07:44",1824100
25400,200,9000,"sd","13:07:46",1833100
25400,200,700,"sd","13:08:04",1833800
25350,150,1000,"bu","13:08:13",1834800
25400,200,5000,"bu","13:08:21",1839800
25400,200,1000,"bu","13:08:27",1840800
25400,200,100,"sd","13:08:32",1840900
25400,200,1500,"sd","13:08:35",1842400
25400,200,2500,"bu","13:08:42",1844900
25400,200,1500,"sd","13:08:43",1846400
25400,200,6600,"bu","13:08:44",1853000
25450,250,800,"bu","13:09:47",1853800
25400,200,300,"bu","13:09:48",1854100
25400,200,100,"sd","13:09:50",1854200
25400,200,300,"bu","13:10:06",1854500
25450,250,20000,"sd","13:10:34",1874500
25400,200,200,"sd","13:10:37",1874700
25450,250,1000,"sd","13:10:48",1875700
25500,300,4700,"sd","13:12:31",1880400
25450,250,700,"bu","13:12:33",1881100
25450,250,500,"bu","13:12:36",1881600
25500,300,1300,"sd","13:13:07",1882900
25450,250,1000,"bu","13:13:40",1883900
25500,300,20000,"bu","13:13:51",1903900
25450,250,5000,"sd","13:14:54",1908900
25500,300,700,"bu","13:14:57",1909600
25450,250,200,"sd","13:15:12",1909800
25500,300,800,"bu","13:15:15",1910600
25500,300,4800,"bu","13:15:44",1915400
25450,250,10000,"sd","13:15:46",1925400
25450,250,5000,"bu","13:15:55",1930400
25450,250,12700,"bu","13:16:00",1943100
25450,250,5000,"bu","13:16:04",1948100
25450,250,2800,"bu","13:16:10",1950900
25450,250,500,"bu","13:16:11",1951400
25450,250,200,"sd","13:16:19",1951600
25450,250,6500,"sd","13:16:29",1958100
25450,250,600,"sd","13:16:36",1958700
25450,250,2400,"bu","13:17:20",1961100
25450,250,1600,"sd","13:17:26",1962700
25400,200,100,"bu","13:17:41",1962800
25450,250,15000,"sd","13:17:49",1977800
25450,250,800,"bu","13:17:58",1978600
25400,200,100,"sd","13:17:59",1978700
25450,250,3000,"bu","13:18:15",1981700
25450,250,200,"bu","13:18:30",1981900
25450,250,3000,"sd","13:18:50",1984900
25400,200,900,"bu","13:18:57",1985800
25400,200,400,"sd","13:19:52",1986200
25450,250,100,"sd","13:19:55",1986300
25450,250,20000,"bu","13:19:59",2006300
25450,250,5000,"bu","13:20:06",2011300
25450,250,1000,"sd","13:20:09",2012300
25450,250,5000,"bu","13:20:14",2017300
25450,250,500,"bu","13:20:15",2017800
25450,250,1000,"sd","13:20:24",2018800
25450,250,5000,"sd","13:20:30",2023800
25450,250,200,"bu","13:20:33",2024000
25450,250,1000,"bu","13:20:34",2025000
25450,250,800,"bu","13:20:42",2025800
25450,250,1300,"bu","13:20:54",2027100
25450,250,4000,"bu","13:21:05",2031100
25450,250,2000,"sd","13:21:51",2033100
25450,250,2000,"bu","13:22:36",2035100
25500,300,300,"sd","13:22:54",2035400
25450,250,1000,"bu","13:23:14",2036400
25500,300,800,"sd","13:23:25",2037200
25450,250,100,"sd","13:23:42",2037300
25450,250,2000,"bu","13:23:57",2039300
25500,300,1500,"sd","13:24:41",2040800
25500,300,600,"sd","13:24:58",2041400
25500,300,4200,"bu","13:25:06",2045600
25500,300,800,"bu","13:25:09",2046400
25450,250,1000,"sd","13:25:25",2047400
25500,300,1300,"bu","13:26:08",2048700
25450,250,300,"bu","13:26:09",2049000
25450,250,10000,"bu","13:26:34",2059000
25450,250,800,"sd","13:26:41",2059800
25450,250,100,"bu","13:26:42",2059900
25450,250,1000,"sd","13:27:06",2060900
25450,250,3000,"bu","13:27:31",2063900
25500,300,1500,"sd","13:27:35",2065400
25450,250,400,"sd","13:27:36",2065800
25450,250,2000,"bu","13:27:44",2067800
25500,300,300,"bu","13:27:48",2068100
25500,300,3000,"sd","13:27:55",2071100
25500,300,2200,"bu","13:28:16",2073300
25450,250,8200,"sd","13:28:17",2081500
25450,250,1500,"sd","13:28:40",2083000
25500,300,700,"bu","13:28:51",2083700
25500,300,300,"bu","13:29:23",2084000
25500,300,100,"sd","13:29:31",2084100
25500,300,2000,"sd","13:29:54",2086100
25500,300,100,"sd","13:30:02",2086200
25500,300,200,"sd","13:30:03",2086400
25500,300,500,"sd","13:30:19",2086900
25500,300,14000,"sd","13:30:36",2100900
25500,300,100,"bu","13:30:37",2101000
25500,300,3000,"sd","13:30:41",2104000
25500,300,1000,"sd","13:30:47",2105000
25500,300,9900,"sd","13:30:48",2114900
25500,300,2000,"bu","13:30:50",2116900
25500,300,2600,"bu","13:30:51",2119500
25500,300,8500,"sd","13:30:52",2128000
25550,350,1500,"bu","13:31:20",2129500
25550,350,3000,"bu","13:31:33",2132500
25550,350,800,"bu","13:31:35",2133300
25550,350,1000,"sd","13:31:36",2134300
25550,350,6000,"bu","13:31:41",2140300
25550,350,800,"sd","13:31:48",2141100
25550,350,3500,"sd","13:31:52",2144600
25600,400,17000,"bu","13:32:09",2161600
25600,400,200,"bu","13:32:32",2161800
25600,400,600,"bu","13:32:36",2162400
25600,400,1100,"bu","13:32:40",2163500
25600,400,300,"sd","13:32:50",2163800
25600,400,3000,"sd","13:32:53",2166800
25550,350,5000,"sd","13:33:05",2171800
25550,350,500,"bu","13:33:27",2172300
25550,350,2000,"bu","13:33:31",2174300
25550,350,500,"sd","13:33:38",2174800
25550,350,1300,"sd","13:34:19",2176100
25550,350,300,"bu","13:34:21",2176400
25550,350,100,"sd","13:34:24",2176500
25550,350,300,"bu","13:34:38",2176800
25500,300,5000,"bu","13:35:06",2181800
25550,350,10000,"sd","13:35:47",2191800
25550,350,100,"sd","13:35:53",2191900
25550,350,300,"sd","13:36:04",2192200
25550,350,100,"bu","13:36:08",2192300
25500,300,500,"sd","13:36:39",2192800
25500,300,10000,"bu","13:36:40",2202800
25550,350,800,"sd","13:37:01",2203600
25550,350,900,"sd","13:37:05",2204500
25500,300,200,"bu","13:37:11",2204700
25500,300,5000,"bu","13:37:14",2209700
25500,300,5000,"bu","13:37:21",2214700
25500,300,3300,"bu","13:37:27",2218000
25500,300,1700,"sd","13:37:39",2219700
25500,300,200,"bu","13:37:41",2219900
25500,300,6000,"bu","13:37:43",2225900
25550,350,10000,"bu","13:37:47",2235900
25500,300,1000,"bu","13:37:56",2236900
25500,300,200,"sd","13:38:13",2237100
25500,300,9300,"bu","13:38:23",2246400
25500,300,800,"sd","13:38:29",2247200
25500,300,200,"bu","13:38:43",2247400
25500,300,3200,"bu","13:39:23",2250600
25550,350,1000,"sd","13:39:24",2251600
25550,350,100,"sd","13:39:43",2251700
25500,300,200,"sd","13:39:44",2251900
25550,350,800,"sd","13:39:45",2252700
25550,350,1000,"sd","13:39:52",2253700
25500,300,10000,"sd","13:39:55",2263700
25500,300,500,"bu","13:40:13",2264200
25500,300,200,"sd","13:40:15",2264400
25500,300,1000,"bu","13:40:16",2265400
25450,250,200,"bu","13:40:46",2265600
25500,300,100,"sd","13:40:56",2265700
25450,250,200,"sd","13:41:17",2265900
25500,300,1000,"sd","13:41:55",2266900
25500,300,500,"sd","13:42:19",2267400
25500,300,800,"bu","13:42:28",2268200
25500,300,1000,"bu","13:43:22",2269200
25500,300,200,"sd","13:43:48",2269400
25450,250,5400,"sd","13:44:42",2274800
25500,300,20800,"bu","13:44:51",2295600
25500,300,1500,"bu","13:45:08",2297100
25500,300,800,"bu","13:45:11",2297900
25500,300,700,"bu","13:45:22",2298600
25450,250,600,"sd","13:45:37",2299200
25450,250,800,"sd","13:45:54",2300000
25450,250,1000,"bu","13:46:14",2301000
25500,300,700,"bu","13:46:24",2301700
25500,300,6000,"sd","13:46:33",2307700
25500,300,500,"sd","13:46:36",2308200
25500,300,1500,"sd","13:46:53",2309700
25500,300,700,"bu","13:46:55",2310400
25500,300,1000,"bu","13:46:58",2311400
25500,300,2800,"bu","13:47:11",2314200
25500,300,8200,"sd","13:47:25",2322400
25550,350,1500,"bu","13:47:55",2323900
25550,350,300,"bu","13:48:22",2324200
25550,350,700,"sd","13:48:26",2324900
25550,350,3000,"bu","13:48:29",2327900
25550,350,2000,"bu","13:48:38",2329900
25550,350,1000,"sd","13:48:39",2330900
25550,350,6000,"bu","13:48:40",2336900
25550,350,300,"sd","13:48:50",2337200
25550,350,3000,"sd","13:48:55",2340200
25550,350,1200,"bu","13:48:57",2341400
25550,350,400,"bu","13:48:59",2341800
25550,350,1200,"sd","13:49:04",2343000
25550,350,2500,"sd","13:49:10",2345500
25550,350,2300,"bu","13:49:25",2347800
25550,350,700,"sd","13:49:28",2348500
25550,350,2200,"sd","13:50:38",2350700
25550,350,700,"bu","13:51:00",2351400
25550,350,1000,"sd","13:51:24",2352400
25550,350,700,"sd","13:51:32",2353100
25550,350,1700,"sd","13:52:56",2354800
25550,350,15000,"sd","13:52:59",2369800
25550,350,700,"bu","13:53:04",2370500
25550,350,800,"sd","13:53:21",2371300
25550,350,1000,"bu","13:53:30",2372300
25550,350,700,"bu","13:53:34",2373000
25550,350,4000,"sd","13:53:44",2377000
25500,300,10000,"sd","13:53:59",2387000
25550,350,700,"bu","13:54:05",2387700
25500,300,4000,"sd","13:54:13",2391700
25500,300,400,"bu","13:54:19",2392100
25500,300,500,"bu","13:54:22",2392600
25550,350,100,"bu","13:54:24",2392700
25550,350,700,"bu","13:54:36",2393400
25550,350,100,"sd","13:55:01",2393500
25550,350,700,"bu","13:55:07",2394200
25550,350,1500,"sd","13:56:05",2395700
25550,350,700,"sd","13:56:08",2396400
25550,350,100,"bu","13:56:20",2396500
25550,350,700,"bu","13:56:39",2397200
25550,350,200,"sd","13:56:47",2397400
25500,300,20000,"bu","13:57:07",2417400
25550,350,700,"sd","13:57:10",2418100
25550,350,300,"sd","13:57:31",2418400
25550,350,700,"sd","13:57:42",2419100
25500,300,5000,"bu","13:57:49",2424100
25550,350,700,"bu","13:58:12",2424800
25550,350,1500,"bu","13:58:48",2426300
25550,350,700,"sd","13:59:13",2427000
25550,350,500,"sd","13:59:23",2427500
25500,300,5000,"sd","13:59:29",2432500
25550,350,500,"sd","13:59:42",2433000
25550,350,700,"bu","13:59:45",2433700
25550,350,2000,"sd","14:00:01",2435700
25550,350,5700,"bu","14:00:15",2441400
25550,350,15000,"sd","14:00:34",2456400
25550,350,800,"bu","14:00:36",2457200
25550,350,700,"sd","14:00:45",2457900
25550,350,600,"bu","14:00:50",2458500
25550,350,2000,"bu","14:00:54",2460500
25550,350,500,"sd","14:01:14",2461000
25550,350,700,"sd","14:01:16",2461700
25550,350,300,"bu","14:01:17",2462000
25550,350,800,"sd","14:01:32",2462800
25550,350,100,"sd","14:01:35",2462900
25550,350,2000,"bu","14:01:40",2464900
25550,350,700,"sd","14:01:46",2465600
25550,350,1000,"sd","14:01:54",2466600
25550,350,3000,"bu","14:02:01",2469600
25550,350,200,"sd","14:02:06",2469800
25550,350,1100,"bu","14:02:15",2470900
25600,400,700,"bu","14:02:17",2471600
25550,350,200,"bu","14:02:21",2471800
25550,350,100,"bu","14:02:25",2471900
25550,350,2200,"sd","14:02:47",2474100
25550,350,700,"sd","14:02:48",2474800
25550,350,200,"bu","14:03:02",2475000
25550,350,1000,"bu","14:03:15",2476000
25550,350,1000,"sd","14:03:18",2477000
25550,350,100,"bu","14:03:19",2477100
25550,350,2000,"bu","14:03:31",2479100
25550,350,2200,"sd","14:03:48",2481300
25550,350,700,"bu","14:03:49",2482000
25500,300,14000,"sd","14:03:53",2496000
25550,350,1000,"bu","14:04:08",2497000
25550,350,3000,"bu","14:04:12",2500000
25550,350,5800,"sd","14:04:16",2505800
25550,350,700,"sd","14:04:21",2506500
25550,350,100,"sd","14:04:22",2506600
25550,350,700,"bu","14:04:50",2507300
25500,300,3400,"sd","14:04:51",2510700
25550,350,700,"sd","14:05:22",2511400
25500,300,1200,"sd","14:05:54",2512600
25550,350,700,"sd","14:06:23",2513300
25550,350,1500,"bu","14:06:59",2514800
25550,350,5000,"sd","14:07:00",2519800
25550,350,100,"sd","14:07:15",2519900
25550,350,700,"bu","14:07:24",2520600
25550,350,100,"sd","14:07:35",2520700
25550,350,2400,"bu","14:07:47",2523100
25550,350,700,"bu","14:07:55",2523800
25500,300,300,"sd","14:07:56",2524100
25500,300,500,"sd","14:08:05",2524600
25550,350,300,"sd","14:08:33",2524900
25500,300,3000,"bu","14:08:47",2527900
25500,300,100,"bu","14:09:19",2528000
25500,300,1000,"sd","14:09:39",2529000
25550,350,800,"bu","14:09:43",2529800
25500,300,10000,"bu","14:09:53",2539800
25500,300,2500,"sd","14:09:57",2542300
25500,300,1000,"sd","14:10:09",2543300
25500,300,9000,"bu","14:10:14",2552300
25500,300,2000,"sd","14:10:15",2554300
25500,300,26800,"bu","14:10:17",2581100
25450,250,1000,"bu","14:11:01",2582100
25450,250,6400,"sd","14:11:19",2588500
25500,300,6900,"bu","14:11:28",2595400
25500,300,5000,"bu","14:11:58",2600400
25500,300,1200,"bu","14:12:12",2601600
25500,300,800,"bu","14:12:26",2602400
25450,250,900,"bu","14:12:50",2603300
25450,250,29000,"sd","14:12:51",2632300
25450,250,500,"bu","14:12:53",2632800
25450,250,15100,"bu","14:12:54",2647900
25450,250,2000,"bu","14:12:57",2649900
25450,250,1800,"bu","14:12:58",2651700
25450,250,100,"bu","14:13:02",2651800
25450,250,1600,"bu","14:13:11",2653400
25450,250,500,"bu","14:13:14",2653900
25400,200,5000,"sd","14:13:40",2658900
25450,250,100,"bu","14:13:45",2659000
25450,250,200,"sd","14:13:48",2659200
25400,200,1000,"sd","14:13:50",2660200
25400,200,14500,"bu","14:14:07",2674700
25450,250,6200,"bu","14:15:05",2680900
25400,200,5800,"sd","14:15:09",2686700
25400,200,4400,"bu","14:15:52",2691100
25450,250,100,"bu","14:16:07",2691200
25450,250,5100,"sd","14:16:17",2696300
25450,250,2600,"bu","14:16:20",2698900
25450,250,500,"sd","14:16:25",2699400
25450,250,2000,"bu","14:16:30",2701400
25450,250,500,"sd","14:17:01",2701900
25450,250,3700,"sd","14:17:15",2705600
25500,300,800,"sd","14:17:53",2706400
25500,300,200,"bu","14:18:17",2706600
25500,300,500,"bu","14:19:04",2707100
25500,300,300,"bu","14:19:37",2707400
25500,300,800,"bu","14:20:37",2708200
25450,250,1000,"bu","14:20:42",2709200
25450,250,5000,"sd","14:20:44",2714200
25450,250,500,"bu","14:20:53",2714700
25500,300,300,"bu","14:20:56",2715000
25450,250,100,"bu","14:20:59",2715100
25450,250,5000,"bu","14:21:04",2720100
25450,250,3300,"bu","14:21:09",2723400
25450,250,6000,"bu","14:21:14",2729400
25450,250,4500,"sd","14:21:20",2733900
25450,250,10500,"sd","14:21:22",2744400
25450,250,8400,"bu","14:21:26",2752800
25400,200,40000,"bu","14:21:31",2792800
25400,200,2000,"sd","14:21:38",2794800
25400,200,15500,"bu","14:21:40",2810300
25400,200,3600,"sd","14:21:43",2813900
25350,150,2000,"sd","14:21:51",2815900
25350,150,38700,"sd","14:21:54",2854600
25300,100,5000,"bu","14:21:59",2859600
25300,100,100,"bu","14:22:06",2859700
25300,100,2100,"sd","14:22:19",2861800
25300,100,1300,"sd","14:22:28",2863100
25300,100,1500,"sd","14:22:36",2864600
25300,100,21600,"sd","14:22:42",2886200
25300,100,9000,"sd","14:22:46",2895200
25250,50,5800,"sd","14:23:07",2901000
25250,50,2700,"bu","14:23:13",2903700
25300,100,1200,"bu","14:23:23",2904900
25250,50,10000,"sd","14:23:29",2914900
25250,50,400,"bu","14:23:34",2915300
25250,50,2000,"bu","14:23:38",2917300
25250,50,3000,"bu","14:23:41",2920300
25250,50,5600,"bu","14:23:47",2925900
25250,50,300,"bu","14:23:49",2926200
25250,50,5000,"sd","14:23:55",2931200
25250,50,5100,"sd","14:24:11",2936300
25250,50,2000,"sd","14:24:14",2938300
25300,100,200,"bu","14:24:19",2938500
25300,100,3000,"bu","14:24:26",2941500
25300,100,11000,"sd","14:24:33",2952500
25300,100,200,"sd","14:24:35",2952700
25300,100,5100,"sd","14:24:39",2957800
25300,100,900,"sd","14:25:05",2958700
25350,150,200,"bu","14:25:15",2958900
25300,100,1000,"bu","14:25:17",2959900
25350,150,11000,"bu","14:25:30",2970900
25350,150,400,"bu","14:25:36",2971300
25350,150,2400,"sd","14:25:40",2973700
25350,150,4000,"bu","14:25:54",2977700
25400,200,800,"sd","14:26:02",2978500
25400,200,5800,"bu","14:26:18",2984300
25400,200,400,"sd","14:26:20",2984700
25400,200,2000,"bu","14:26:32",2986700
25400,200,100,"bu","14:26:36",2986800
25450,250,400,"bu","14:27:03",2987200
25450,250,7000,"bu","14:27:08",2994200
25450,250,6700,"bu","14:27:10",3000900
25450,250,500,"sd","14:27:30",3001400
25450,250,3500,"bu","14:27:39",3004900
25450,250,6000,"sd","14:27:41",3010900
25450,250,1100,"bu","14:28:04",3012000
25450,250,1000,"bu","14:28:10",3013000
25450,250,1400,"bu","14:28:14",3014400
25500,300,3900,"bu","14:28:26",3018300
25450,250,1300,"sd","14:28:28",3019600
25450,250,3000,"sd","14:28:58",3022600
25450,250,200,"bu","14:29:11",3022800
25450,250,2400,"sd","14:29:22",3025200
25450,250,4000,"sd","14:29:24",3029200
25450,250,200,"sd","14:29:26",3029400
25400,200,2700,"bu","14:29:28",3032100
25400,200,100,"bu","14:29:31",3032200
25500,300,300,"sd","14:29:33",3032500
25450,250,400,"sd","14:29:54",3032900
25200,0,263100,"sd","14:45:13",3296000
