"price","change","match_qtty","side","time","total_vol"
29950,-100,41400,"sd","09:15:04",41400
29900,-150,1600,"sd","09:15:38",43000
29900,-150,400,"sd","09:15:42",43400
29800,-250,2800,"sd","09:15:53",46200
29950,-100,300,"bu","09:16:06",46500
29750,-300,1600,"sd","09:16:08",48100
29800,-250,100,"bu","09:16:12",48200
29650,-400,1600,"sd","09:16:18",49800
29800,-250,100,"sd","09:16:24",49900
29800,-250,300,"bu","09:16:54",50200
29800,-250,1600,"bu","09:17:15",51800
29850,-200,1600,"sd","09:19:06",53400
29850,-200,1600,"bu","09:19:18",55000
29850,-200,7200,"sd","09:19:47",62200
29850,-200,800,"bu","09:19:47",63000
29800,-250,1600,"bu","09:19:53",64600
29900,-150,500,"sd","09:19:53",65100
29800,-250,1600,"bu","09:19:58",66700
29800,-250,1000,"bu","09:20:28",67700
29800,-250,11400,"sd","09:20:35",79100
29800,-250,13500,"sd","09:20:59",92600
29800,-250,2500,"sd","09:21:55",95100
29800,-250,500,"sd","09:22:01",95600
29800,-250,100,"sd","09:22:13",95700
29800,-250,10000,"bu","09:22:17",105700
29800,-250,200,"bu","09:22:19",105900
29800,-250,100,"sd","09:22:31",106000
29800,-250,400,"bu","09:22:33",106400
29800,-250,100,"sd","09:22:42",106500
29800,-250,1100,"sd","09:23:02",107600
29800,-250,100,"sd","09:23:14",107700
29800,-250,1400,"bu","09:23:20",109100
29850,-200,100,"sd","09:24:16",109200
29850,-200,16100,"bu","09:24:17",125300
29850,-200,100,"sd","09:24:21",125400
29850,-200,300,"sd","09:24:26",125700
29850,-200,500,"sd","09:24:34",126200
29800,-250,2100,"bu","09:24:51",128300
29850,-200,21600,"bu","09:24:59",149900
29800,-250,1600,"sd","09:25:00",151500
29850,-200,1700,"bu","09:25:08",153200
29850,-200,400,"sd","09:25:22",153600
29850,-200,100,"sd","09:26:26",153700
29850,-200,500,"sd","09:26:47",154200
29850,-200,1000,"bu","09:26:54",155200
29800,-250,1600,"sd","09:27:23",156800
29850,-200,100,"bu","09:27:26",156900
29850,-200,1100,"bu","09:27:38",158000
29850,-200,500,"sd","09:27:43",158500
29800,-250,1600,"sd","09:27:44",160100
29800,-250,7200,"bu","09:27:48",167300
29800,-250,2400,"bu","09:27:55",169700
29800,-250,300,"sd","09:27:58",170000
29800,-250,1400,"bu","09:27:59",171400
29800,-250,500,"bu","09:28:07",171900
29750,-300,11400,"sd","09:28:09",183300
29800,-250,1000,"sd","09:28:16",184300
29800,-250,100,"bu","09:28:28",184400
29800,-250,800,"bu","09:28:34",185200
29800,-250,100,"bu","09:28:48",185300
29750,-300,11400,"sd","09:28:49",196700
29800,-250,300,"bu","09:29:13",197000
29800,-250,5000,"sd","09:29:27",202000
29800,-250,500,"bu","09:29:30",202500
29800,-250,3600,"bu","09:29:31",206100
29800,-250,100,"bu","09:29:34",206200
29800,-250,11400,"sd","09:30:09",217600
29800,-250,4900,"bu","09:30:16",222500
29800,-250,200,"sd","09:30:44",222700
29800,-250,6300,"sd","09:30:46",229000
29850,-200,100,"sd","09:31:09",229100
29800,-250,6000,"bu","09:31:15",235100
29800,-250,700,"sd","09:31:37",235800
29800,-250,500,"bu","09:31:42",236300
29800,-250,100,"sd","09:32:08",236400
29800,-250,3100,"bu","09:33:57",239500
29750,-300,11400,"sd","09:34:06",250900
29800,-250,300,"sd","09:34:06",251200
29750,-300,11400,"sd","09:35:43",262600
29800,-250,300,"bu","09:36:07",262900
29750,-300,500,"sd","09:36:44",263400
29750,-300,11400,"bu","09:36:57",274800
29800,-250,100,"bu","09:36:58",274900
29750,-300,2200,"sd","09:37:02",277100
29800,-250,200,"bu","09:37:18",277300
29750,-300,9500,"bu","09:37:38",286800
29800,-250,1000,"sd","09:37:45",287800
29800,-250,200,"sd","09:38:02",288000
29750,-300,11400,"bu","09:38:32",299400
29800,-250,100,"sd","09:38:50",299500
29750,-300,2000,"sd","09:39:20",301500
29800,-250,1000,"bu","09:39:22",302500
29800,-250,200,"bu","09:39:49",302700
29750,-300,600,"sd","09:40:59",303300
29750,-300,800,"sd","09:41:12",304100
29750,-300,1700,"bu","09:41:36",305800
29750,-300,800,"bu","09:41:48",306600
29750,-300,1900,"sd","09:41:50",308500
29750,-300,1100,"bu","09:41:50",309600
29750,-300,700,"sd","09:41:58",310300
29750,-300,1000,"sd","09:42:09",311300
29750,-300,800,"bu","09:42:22",312100
29750,-300,900,"bu","09:42:34",313000
29750,-300,800,"sd","09:42:46",313800
29750,-300,600,"bu","09:42:56",314400
29750,-300,300,"bu","09:42:59",314700
29750,-300,800,"sd","09:43:06",315500
29750,-300,700,"sd","09:43:18",316200
29750,-300,200,"bu","09:43:19",316400
29750,-300,800,"sd","09:43:29",317200
29750,-300,600,"bu","09:43:38",317800
29750,-300,600,"bu","09:43:47",318400
29750,-300,700,"sd","09:43:57",319100
29800,-250,5000,"sd","09:44:01",324100
29750,-300,1000,"sd","09:44:12",325100
29750,-300,800,"sd","09:44:24",325900
29750,-300,700,"bu","09:44:33",326600
29750,-300,900,"sd","09:44:46",327500
29750,-300,800,"sd","09:44:59",328300
29750,-300,900,"sd","09:45:12",329200
29750,-300,900,"sd","09:45:25",330100
29750,-300,700,"bu","09:45:35",330800
29750,-300,600,"sd","09:45:43",331400
29750,-300,1800,"sd","09:46:09",333200
29750,-300,700,"sd","09:46:20",333900
29750,-300,600,"bu","09:46:29",334500
29750,-300,1000,"sd","09:46:43",335500
29750,-300,700,"bu","09:46:54",336200
29750,-300,1500,"bu","09:47:16",337700
29750,-300,600,"sd","09:47:28",338300
29750,-300,800,"sd","09:47:36",339100
29750,-300,500,"sd","09:47:49",339600
29750,-300,300,"bu","09:47:49",339900
29750,-300,700,"sd","09:47:59",340600
29750,-300,900,"bu","09:48:11",341500
29750,-300,700,"bu","09:48:21",342200
29750,-300,600,"bu","09:48:30",342800
29750,-300,1400,"sd","09:48:52",344200
29750,-300,1000,"sd","09:49:05",345200
29750,-300,5000,"sd","09:49:22",350200
29750,-300,600,"bu","09:49:30",350800
29750,-300,900,"bu","09:49:42",351700
29750,-300,1000,"sd","09:49:44",352700
29800,-250,100,"sd","09:49:46",352800
29750,-300,700,"bu","09:49:52",353500
29750,-300,900,"sd","09:50:06",354400
29750,-300,200,"bu","09:50:10",354600
29750,-300,16000,"bu","09:50:12",370600
29750,-300,100,"sd","09:50:15",370700
29700,-350,700,"bu","09:50:16",371400
29750,-300,100,"bu","09:50:22",371500
29700,-350,800,"sd","09:50:42",372300
29700,-350,2000,"sd","09:50:57",374300
29700,-350,1000,"sd","09:50:58",375300
29700,-350,12200,"bu","09:51:12",387500
29750,-300,100,"bu","09:51:26",387600
29700,-350,900,"sd","09:51:40",388500
29700,-350,100,"sd","09:51:54",388600
29750,-300,300,"bu","09:51:57",388900
29700,-350,2600,"sd","09:52:18",391500
29700,-350,600,"bu","09:52:27",392100
29750,-300,4700,"sd","09:52:35",396800
29700,-350,11400,"sd","09:52:35",408200
29800,-250,1700,"bu","09:52:44",409900
29750,-300,700,"bu","09:52:46",410600
29750,-300,600,"sd","09:52:56",411200
29750,-300,500,"bu","09:53:00",411700
29750,-300,200,"bu","09:53:01",411900
29700,-350,600,"bu","09:53:05",412500
29700,-350,700,"bu","09:53:14",413200
29750,-300,2000,"bu","09:53:19",415200
29700,-350,800,"sd","09:53:27",416000
29700,-350,12200,"sd","09:53:43",428200
29750,-300,2000,"bu","09:53:55",430200
29750,-300,200,"sd","09:54:08",430400
29700,-350,900,"sd","09:54:19",431300
29750,-300,200,"bu","09:54:23",431500
29750,-300,100,"bu","09:54:27",431600
29750,-300,500,"sd","09:54:31",432100
29700,-350,1500,"bu","09:54:42",433600
29700,-350,1200,"bu","09:54:59",434800
29700,-350,11400,"bu","09:55:00",446200
29750,-300,200,"bu","09:55:11",446400
29700,-350,1800,"bu","09:55:26",448200
29700,-350,700,"sd","09:55:35",448900
29700,-350,1000,"sd","09:55:51",449900
29700,-350,1200,"sd","09:56:07",451100
29700,-350,600,"bu","09:56:17",451700
29700,-350,1000,"bu","09:56:31",452700
29700,-350,600,"sd","09:56:40",453300
29700,-350,1200,"bu","09:56:58",454500
29700,-350,5100,"bu","09:56:59",459600
29650,-400,6300,"sd","09:56:59",465900
29700,-350,500,"sd","09:57:05",466400
29650,-400,1300,"bu","09:57:16",467700
29650,-400,1400,"sd","09:57:33",469100
29700,-350,300,"sd","09:57:36",469400
29650,-400,900,"bu","09:57:47",470300
29700,-350,100,"bu","09:57:49",470400
29700,-350,600,"bu","09:57:50",471000
29700,-350,800,"sd","09:57:58",471800
29650,-400,1000,"bu","09:58:01",472800
29700,-350,2700,"bu","09:58:02",475500
29700,-350,800,"sd","09:58:12",476300
29700,-350,600,"sd","09:58:21",476900
29700,-350,800,"bu","09:58:38",477700
29700,-350,1000,"bu","09:58:44",478700
29650,-400,1200,"bu","09:58:59",479900
29650,-400,900,"sd","09:59:12",480800
29650,-400,800,"sd","09:59:25",481600
29650,-400,600,"sd","09:59:32",482200
29700,-350,800,"bu","09:59:45",483000
29650,-400,3700,"bu","09:59:56",486700
29650,-400,2100,"bu","09:59:57",488800
29650,-400,800,"sd","10:00:08",489600
29650,-400,700,"sd","10:00:18",490300
29650,-400,700,"sd","10:00:29",491000
29700,-350,1200,"bu","10:01:03",492200
29650,-400,1000,"bu","10:01:21",493200
29650,-400,12200,"sd","10:01:33",505400
29700,-350,200,"sd","10:01:34",505600
29700,-350,400,"sd","10:01:43",506000
29700,-350,500,"bu","10:01:43",506500
29700,-350,1700,"sd","10:01:44",508200
29650,-400,900,"sd","10:01:47",509100
29650,-400,700,"bu","10:01:56",509800
29650,-400,1100,"bu","10:02:02",510900
29700,-350,1000,"bu","10:02:30",511900
29700,-350,100,"bu","10:02:40",512000
29650,-400,2000,"sd","10:02:57",514000
29650,-400,200,"sd","10:03:13",514200
29700,-350,500,"sd","10:03:13",514700
29650,-400,34600,"sd","10:03:40",549300
29700,-350,100,"bu","10:04:00",549400
29650,-400,1100,"bu","10:04:01",550500
29650,-400,700,"bu","10:04:11",551200
29650,-400,1200,"sd","10:04:29",552400
29650,-400,3000,"sd","10:04:58",555400
29650,-400,200,"sd","10:05:00",555600
29600,-450,12500,"bu","10:05:20",568100
29650,-400,1100,"sd","10:05:31",569200
29650,-400,500,"bu","10:05:34",569700
29600,-450,800,"sd","10:05:42",570500
29600,-450,1500,"sd","10:06:04",572000
29600,-450,1300,"sd","10:06:23",573300
29600,-450,900,"bu","10:06:36",574200
29600,-450,1200,"sd","10:06:54",575400
29600,-450,900,"sd","10:07:08",576300
29600,-450,1900,"sd","10:07:35",578200
29600,-450,1200,"sd","10:07:53",579400
29600,-450,1000,"bu","10:08:08",580400
29650,-400,1400,"bu","10:08:28",581800
29650,-400,1300,"bu","10:08:46",583100
29650,-400,1200,"bu","10:09:05",584300
29600,-450,1300,"bu","10:09:23",585600
29600,-450,1000,"bu","10:09:39",586600
29600,-450,1400,"sd","10:09:59",588000
29650,-400,1100,"sd","10:10:01",589100
29650,-400,1000,"sd","10:10:04",590100
29600,-450,500,"bu","10:10:06",590600
29600,-450,2000,"bu","10:10:13",592600
29650,-400,1300,"sd","10:10:28",593900
29600,-450,1400,"bu","10:10:39",595300
29600,-450,800,"bu","10:10:40",596100
29600,-450,1100,"bu","10:10:55",597200
29650,-400,1000,"bu","10:11:05",598200
29600,-450,900,"bu","10:11:10",599100
29600,-450,800,"bu","10:11:20",599900
29600,-450,200,"sd","10:11:28",600100
29650,-400,400,"bu","10:11:33",600500
29600,-450,1000,"sd","10:11:36",601500
29600,-450,1200,"sd","10:11:53",602700
29650,-400,500,"sd","10:12:05",603200
29600,-450,1400,"bu","10:12:13",604600
29600,-450,700,"sd","10:12:23",605300
29600,-450,900,"bu","10:12:37",606200
29600,-450,700,"sd","10:12:47",606900
29600,-450,2500,"bu","10:13:24",609400
29600,-450,1200,"bu","10:13:41",610600
29600,-450,700,"bu","10:13:52",611300
29650,-400,100,"bu","10:13:53",611400
29600,-450,1500,"bu","10:14:13",612900
29600,-450,2000,"sd","10:14:24",614900
29650,-400,2300,"sd","10:14:33",617200
29600,-450,1000,"sd","10:14:47",618200
29650,-400,100,"bu","10:14:55",618300
29650,-400,1000,"bu","10:14:56",619300
29600,-450,600,"sd","10:15:05",619900
29600,-450,1000,"bu","10:15:06",620900
29650,-400,4100,"bu","10:16:03",625000
29650,-400,800,"sd","10:16:07",625800
29650,-400,600,"bu","10:16:15",626400
29700,-350,100,"sd","10:19:02",626500
29700,-350,1200,"sd","10:20:04",627700
29700,-350,100,"bu","10:20:26",627800
29700,-350,2700,"sd","10:20:41",630500
29700,-350,2000,"bu","10:20:55",632500
29700,-350,5800,"sd","10:20:55",638300
29650,-400,11400,"bu","10:21:06",649700
29650,-400,11400,"bu","10:21:34",661100
29700,-350,500,"bu","10:24:08",661600
29700,-350,500,"bu","10:24:46",662100
29700,-350,100,"bu","10:25:04",662200
29700,-350,2800,"sd","10:25:25",665000
29700,-350,1000,"bu","10:27:05",666000
29700,-350,1100,"bu","10:27:11",667100
29700,-350,100,"bu","10:27:17",667200
29700,-350,300,"bu","10:27:26",667500
29700,-350,500,"bu","10:27:43",668000
29700,-350,100,"bu","10:28:12",668100
29700,-350,1100,"sd","10:29:03",669200
29650,-400,3000,"bu","10:29:20",672200
29700,-350,200,"bu","10:29:21",672400
29700,-350,1000,"sd","10:29:27",673400
29700,-350,300,"bu","10:29:42",673700
29700,-350,100,"bu","10:30:47",673800
29650,-400,600,"sd","10:31:03",674400
29650,-400,10000,"sd","10:32:46",684400
29700,-350,200,"sd","10:32:48",684600
29700,-350,500,"sd","10:33:45",685100
29700,-350,300,"sd","10:33:57",685400
29700,-350,500,"sd","10:34:00",685900
29700,-350,100,"bu","10:34:04",686000
29700,-350,300,"bu","10:34:13",686300
29700,-350,200,"bu","10:34:16",686500
29700,-350,100,"bu","10:35:41",686600
29600,-450,11500,"sd","10:35:48",698100
29650,-400,200,"sd","10:36:51",698300
29700,-350,100,"bu","10:36:52",698400
29700,-350,1500,"sd","10:40:06",699900
29700,-350,2000,"sd","10:40:29",701900
29700,-350,500,"sd","10:40:44",702400
29700,-350,500,"bu","10:41:34",702900
29700,-350,1100,"bu","10:42:26",704000
29700,-350,200,"bu","10:43:52",704200
29700,-350,100,"sd","10:44:27",704300
29700,-350,500,"sd","10:45:51",704800
29700,-350,3000,"sd","10:46:02",707800
29650,-400,400,"sd","10:46:12",708200
29700,-350,1000,"bu","10:46:40",709200
29650,-400,100,"sd","10:46:42",709300
29650,-400,200,"bu","10:46:50",709500
29700,-350,10000,"sd","10:47:18",719500
29650,-400,1500,"sd","10:47:22",721000
29650,-400,200,"sd","10:47:32",721200
29650,-400,100,"bu","10:48:49",721300
29700,-350,700,"bu","10:49:06",722000
29650,-400,100,"bu","10:49:12",722100
29650,-400,2900,"bu","10:49:40",725000
29650,-400,400,"sd","10:49:41",725400
29650,-400,3000,"sd","10:50:22",728400
29650,-400,400,"bu","10:50:32",728800
29700,-350,100,"sd","10:50:49",728900
29650,-400,3100,"bu","10:51:06",732000
29700,-350,900,"bu","10:51:08",732900
29650,-400,600,"sd","10:51:12",733500
29700,-350,200,"sd","10:51:33",733700
29650,-400,3100,"sd","10:51:48",736800
29650,-400,400,"sd","10:51:51",737200
29650,-400,500,"sd","10:52:02",737700
29650,-400,3500,"sd","10:52:31",741200
29650,-400,3000,"sd","10:53:12",744200
29650,-400,400,"sd","10:53:21",744600
29700,-350,100,"sd","10:53:27",744700
29650,-400,3000,"sd","10:53:54",747700
29650,-400,400,"bu","10:54:02",748100
29650,-400,2900,"bu","10:54:36",751000
29650,-400,400,"sd","10:54:41",751400
29700,-350,200,"sd","10:54:44",751600
29650,-400,3000,"sd","10:55:16",754600
29650,-400,400,"bu","10:55:21",755000
29700,-350,500,"bu","10:55:22",755500
29700,-350,100,"sd","10:55:31",755600
29700,-350,500,"bu","10:55:36",756100
29650,-400,2900,"bu","10:55:57",759000
29650,-400,400,"bu","10:56:01",759400
29700,-350,5000,"bu","10:56:05",764400
29700,-350,1300,"sd","10:56:09",765700
29650,-400,1000,"bu","10:56:12",766700
29650,-400,100,"bu","10:56:21",766800
29650,-400,2900,"sd","10:56:38",769700
29650,-400,400,"bu","10:56:41",770100
29700,-350,500,"sd","10:56:59",770600
29650,-400,3100,"sd","10:57:20",773700
29650,-400,400,"bu","10:57:21",774100
29650,-400,3300,"bu","10:58:01",777400
29650,-400,600,"sd","10:58:12",778000
29650,-400,500,"sd","10:58:18",778500
29650,-400,5900,"bu","10:58:42",784400
29650,-400,3200,"sd","10:58:45",787600
29650,-400,1300,"bu","10:58:51",788900
29700,-350,1000,"bu","10:58:53",789900
29650,-400,300,"sd","10:59:04",790200
29700,-350,10000,"sd","10:59:23",800200
29650,-400,1500,"sd","10:59:32",801700
29650,-400,200,"sd","10:59:42",801900
29650,-400,3000,"sd","11:00:08",804900
29650,-400,400,"bu","11:00:12",805300
29700,-350,1000,"sd","11:00:20",806300
29650,-400,200,"sd","11:00:21",806500
29650,-400,3500,"bu","11:01:02",810000
29650,-400,5000,"bu","11:01:32",815000
29650,-400,3300,"bu","11:01:38",818300
29650,-400,1200,"sd","11:01:41",819500
29650,-400,100,"bu","11:01:52",819600
29650,-400,4600,"sd","11:02:11",824200
29650,-400,600,"bu","11:02:12",824800
29650,-400,2900,"sd","11:02:19",827700
29650,-400,500,"bu","11:02:22",828200
29700,-350,5000,"bu","11:02:24",833200
29650,-400,800,"sd","11:02:31",834000
29650,-400,100,"sd","11:02:41",834100
29650,-400,2900,"sd","11:03:43",837000
29650,-400,400,"sd","11:03:52",837400
29650,-400,3200,"bu","11:04:32",840600
29650,-400,400,"sd","11:04:33",841000
29650,-400,3200,"sd","11:05:12",844200
29650,-400,5000,"bu","11:05:16",849200
29650,-400,1200,"sd","11:05:21",850400
29650,-400,100,"sd","11:05:31",850500
29650,-400,3000,"bu","11:05:53",853500
29650,-400,400,"bu","11:06:02",853900
29650,-400,3000,"sd","11:06:34",856900
29650,-400,400,"sd","11:06:41",857300
29600,-450,37300,"sd","11:07:04",894600
29600,-450,42700,"bu","11:07:05",937300
29550,-500,12000,"sd","11:07:12",949300
29550,-500,2900,"bu","11:07:16",952200
29550,-500,2200,"sd","11:07:22",954400
29550,-500,300,"sd","11:07:32",954700
29550,-500,100,"sd","11:07:38",954800
29550,-500,3000,"bu","11:08:28",957800
29550,-500,400,"sd","11:08:31",958200
29550,-500,900,"bu","11:09:04",959100
29550,-500,5100,"bu","11:09:09",964200
29550,-500,900,"sd","11:09:12",965100
29600,-450,100,"sd","11:09:19",965200
29550,-500,4200,"sd","11:09:51",969400
29550,-500,600,"bu","11:09:52",970000
29550,-500,100,"sd","11:09:58",970100
29550,-500,3000,"bu","11:10:32",973100
29550,-500,400,"sd","11:10:41",973500
29600,-450,100,"sd","11:10:57",973600
29550,-500,3300,"bu","11:11:14",976900
29600,-450,100,"sd","11:11:21",977000
29550,-500,400,"bu","11:11:22",977400
29600,-450,100,"sd","11:11:23",977500
29600,-450,400,"bu","11:11:32",977900
29600,-450,200,"sd","11:11:39",978100
29600,-450,100,"sd","11:11:43",978200
29550,-500,3000,"sd","11:11:56",981200
29600,-450,500,"sd","11:12:01",981700
29550,-500,400,"sd","11:12:02",982100
29550,-500,100,"bu","11:12:12",982200
29550,-500,2000,"bu","11:12:28",984200
29550,-500,300,"sd","11:12:32",984500
29550,-500,9900,"sd","11:12:35",994400
29550,-500,3100,"bu","11:12:39",997500
29550,-500,1900,"sd","11:12:42",999400
29550,-500,200,"sd","11:12:51",999600
29550,-500,300,"bu","11:13:19",999900
29550,-500,3000,"sd","11:13:21",1002900
29550,-500,400,"bu","11:13:22",1003300
29550,-500,1200,"sd","11:13:56",1004500
29550,-500,3100,"bu","11:14:02",1007600
29600,-450,5000,"sd","11:14:09",1012600
29550,-500,1200,"sd","11:14:12",1013800
29550,-500,100,"bu","11:14:23",1013900
29600,-450,2000,"sd","11:14:24",1015900
29600,-450,44300,"bu","11:14:30",1060200
29550,-500,6900,"sd","11:14:32",1067100
29550,-500,1000,"sd","11:14:42",1068100
29550,-500,100,"bu","11:14:52",1068200
29600,-450,3100,"sd","11:15:29",1071300
29600,-450,400,"sd","11:15:31",1071700
29600,-450,3300,"bu","11:16:15",1075000
29650,-400,800,"sd","11:16:19",1075800
29600,-450,3300,"bu","11:16:20",1079100
29550,-500,1100,"bu","11:16:22",1080200
29600,-450,800,"bu","11:16:25",1081000
29550,-500,200,"sd","11:16:31",1081200
29550,-500,3000,"sd","11:16:56",1084200
29550,-500,400,"sd","11:17:02",1084600
29600,-450,500,"bu","11:17:05",1085100
29550,-500,200,"bu","11:17:09",1085300
29550,-500,100,"sd","11:17:12",1085400
29550,-500,50000,"sd","11:17:21",1135400
29500,-550,7500,"sd","11:17:22",1142900
29500,-550,1100,"sd","11:17:32",1144000
29500,-550,2900,"sd","11:17:36",1146900
29500,-550,600,"sd","11:17:42",1147500
29550,-500,200,"sd","11:18:08",1147700
29550,-500,1100,"sd","11:18:13",1148800
29500,-550,3000,"bu","11:18:19",1151800
29500,-550,3700,"bu","11:19:03",1155500
29550,-500,100,"sd","11:19:08",1155600
29550,-500,4000,"sd","11:19:19",1159600
29550,-500,600,"sd","11:19:22",1160200
29550,-500,3100,"bu","11:19:45",1163300
29550,-500,400,"sd","11:19:52",1163700
29600,-450,500,"bu","11:20:02",1164200
29600,-450,7200,"bu","11:20:18",1171400
29550,-500,1000,"sd","11:20:22",1172400
29600,-450,100,"sd","11:20:25",1172500
29550,-500,3000,"sd","11:20:27",1175500
29550,-500,3200,"sd","11:20:28",1178700
29550,-500,6100,"sd","11:20:28",1184800
29500,-550,2000,"bu","11:20:32",1186800
29500,-550,300,"bu","11:20:42",1187100
29550,-500,400,"bu","11:20:43",1187500
29550,-500,200,"sd","11:20:51",1187700
29500,-550,3000,"sd","11:21:08",1190700
29500,-550,400,"sd","11:21:12",1191100
29550,-500,10000,"sd","11:21:42",1201100
29550,-500,100,"sd","11:21:45",1201200
29500,-550,3000,"bu","11:21:49",1204200
29500,-550,1900,"sd","11:21:52",1206100
29550,-500,200,"sd","11:22:01",1206300
29550,-500,3200,"sd","11:22:34",1209500
29550,-500,400,"bu","11:22:42",1209900
29550,-500,5000,"bu","11:23:26",1214900
29500,-550,200,"bu","11:23:32",1215100
29550,-500,100,"sd","11:23:33",1215200
29500,-550,3000,"sd","11:23:58",1218200
29500,-550,400,"sd","11:24:04",1218600
29550,-500,100,"bu","11:24:08",1218700
29500,-550,3300,"bu","11:24:45",1222000
29550,-500,100,"sd","11:24:46",1222100
29500,-550,500,"bu","11:24:52",1222600
29500,-550,3500,"sd","11:25:26",1226100
29500,-550,400,"sd","11:25:31",1226500
29550,-500,1700,"bu","11:25:38",1228200
29500,-550,300,"bu","11:25:43",1228500
29550,-500,100,"bu","11:26:01",1228600
29500,-550,3100,"sd","11:26:09",1231700
29500,-550,1400,"bu","11:26:11",1233100
29550,-500,2000,"bu","11:26:15",1235100
29500,-550,500,"bu","11:26:22",1235600
29550,-500,200,"bu","11:26:32",1235800
29550,-500,1000,"bu","11:26:56",1236800
29500,-550,100,"sd","11:27:02",1236900
29550,-500,2000,"bu","11:27:10",1238900
29500,-550,300,"sd","11:27:11",1239200
29550,-500,400,"bu","11:27:16",1239600
29550,-500,500,"bu","11:27:19",1240100
29500,-550,100,"bu","11:27:22",1240200
29550,-500,1100,"sd","11:27:36",1241300
29500,-550,3200,"sd","11:27:37",1244500
29550,-500,500,"sd","11:27:38",1245000
29550,-500,1000,"sd","11:27:39",1246000
29500,-550,2000,"bu","11:27:42",1248000
29550,-500,1000,"sd","11:27:43",1249000
29550,-500,4000,"sd","11:27:51",1253000
29550,-500,300,"bu","11:27:52",1253300
29550,-500,900,"bu","11:27:53",1254200
29550,-500,100,"bu","11:28:02",1254300
29550,-500,3100,"sd","11:28:21",1257400
29550,-500,400,"sd","11:28:21",1257800
29550,-500,3100,"sd","11:29:04",1260900
29550,-500,10400,"bu","11:29:35",1271300
29550,-500,1500,"sd","11:29:42",1272800
29500,-550,3100,"bu","11:29:47",1275900
29500,-550,600,"bu","11:29:52",1276500
29500,-550,300,"bu","13:00:33",1276800
29550,-500,500,"bu","13:00:35",1277300
29600,-450,500,"sd","13:00:40",1277800
29500,-550,7800,"sd","13:00:46",1285600
29550,-500,500,"bu","13:00:47",1286100
29500,-550,200,"bu","13:00:52",1286300
29500,-550,1400,"sd","13:00:53",1287700
29550,-500,1000,"sd","13:00:58",1288700
29550,-500,400,"sd","13:01:06",1289100
29500,-550,500,"bu","13:01:07",1289600
29500,-550,100,"sd","13:01:08",1289700
29500,-550,3100,"bu","13:01:20",1292800
29500,-550,400,"sd","13:01:25",1293200
29550,-500,300,"bu","13:01:47",1293500
29500,-550,4300,"sd","13:01:53",1297800
29500,-550,3100,"sd","13:01:57",1300900
29500,-550,1100,"sd","13:02:02",1302000
29500,-550,100,"sd","13:02:12",1302100
29500,-550,200,"sd","13:02:26",1302300
29500,-550,3000,"bu","13:02:39",1305300
29500,-550,400,"bu","13:02:42",1305700
29500,-550,8100,"bu","13:03:23",1313800
29500,-550,100,"bu","13:03:27",1313900
29500,-550,1300,"bu","13:03:32",1315200
29500,-550,100,"sd","13:03:40",1315300
29550,-500,1100,"bu","13:04:00",1316400
29500,-550,100,"bu","13:04:02",1316500
29500,-550,3200,"sd","13:04:07",1319700
29500,-550,500,"bu","13:04:10",1320200
29500,-550,3700,"bu","13:04:52",1323900
29500,-550,400,"bu","13:05:02",1324300
29500,-550,3200,"bu","13:05:34",1327500
29500,-550,400,"sd","13:05:42",1327900
29550,-500,1000,"sd","13:05:58",1328900
29500,-550,100,"bu","13:06:02",1329000
29500,-550,3000,"sd","13:06:15",1332000
29500,-550,400,"bu","13:06:22",1332400
29550,-500,200,"sd","13:06:34",1332600
29550,-500,200,"bu","13:06:36",1332800
29500,-550,600,"bu","13:06:53",1333400
29550,-500,1000,"sd","13:06:57",1334400
29500,-550,3100,"bu","13:06:59",1337500
29500,-550,700,"bu","13:07:03",1338200
29500,-550,100,"sd","13:07:11",1338300
29500,-550,3200,"bu","13:07:43",1341500
29500,-550,400,"sd","13:07:52",1341900
29550,-500,100,"bu","13:08:17",1342000
29550,-500,3600,"sd","13:08:26",1345600
29550,-500,7200,"bu","13:08:30",1352800
29500,-550,1600,"bu","13:08:32",1354400
29550,-500,100,"sd","13:08:33",1354500
29550,-500,500,"sd","13:08:34",1355000
29500,-550,300,"sd","13:08:42",1355300
29500,-550,10600,"sd","13:09:09",1365900
29550,-500,12000,"sd","13:09:10",1377900
29500,-550,7300,"bu","13:09:12",1385200
29500,-550,500,"bu","13:09:16",1385700
29550,-500,100,"bu","13:09:21",1385800
29500,-550,1100,"bu","13:09:22",1386900
29500,-550,100,"bu","13:09:32",1387000
29550,-500,2000,"bu","13:09:35",1389000
29500,-550,300,"bu","13:09:42",1389300
29550,-500,100,"sd","13:09:59",1389400
29550,-500,500,"bu","13:10:15",1389900
29550,-500,200,"sd","13:10:16",1390100
29550,-500,300,"bu","13:10:19",1390400
29550,-500,100,"sd","13:10:20",1390500
29500,-550,2400,"bu","13:10:21",1392900
29550,-500,3400,"sd","13:10:35",1396300
29550,-500,1000,"bu","13:10:51",1397300
29500,-550,100,"bu","13:10:52",1397400
29550,-500,200,"sd","13:11:01",1397600
29550,-500,100,"sd","13:11:07",1397700
29500,-550,3200,"sd","13:11:14",1400900
29550,-500,100,"sd","13:11:15",1401000
29500,-550,400,"sd","13:11:23",1401400
29550,-500,100,"bu","13:11:26",1401500
29500,-550,2300,"sd","13:11:52",1403800
29500,-550,3000,"bu","13:11:55",1406800
29550,-500,100,"sd","13:12:00",1406900
29500,-550,500,"bu","13:12:02",1407400
29550,-500,1800,"sd","13:12:12",1409200
29550,-500,200,"bu","13:12:19",1409400
29500,-550,3000,"sd","13:12:21",1412400
29500,-550,700,"sd","13:12:22",1413100
29550,-500,100,"bu","13:12:26",1413200
29550,-500,700,"bu","13:12:34",1413900
29500,-550,3400,"sd","13:12:42",1417300
29500,-550,500,"bu","13:12:52",1417800
29500,-550,800,"bu","13:13:26",1418600
29500,-550,100,"bu","13:13:32",1418700
29500,-550,4100,"sd","13:14:06",1422800
29550,-500,300,"bu","13:14:10",1423100
29500,-550,500,"sd","13:14:12",1423600
29500,-550,1000,"bu","13:14:39",1424600
29500,-550,100,"bu","13:14:42",1424700
29500,-550,3000,"sd","13:14:47",1427700
29500,-550,400,"bu","13:14:52",1428100
29500,-550,3900,"bu","13:15:04",1432000
29500,-550,500,"sd","13:15:12",1432500
29500,-550,200,"bu","13:15:19",1432700
29500,-550,100,"bu","13:15:22",1432800
29500,-550,3100,"sd","13:15:31",1435900
29500,-550,400,"bu","13:15:32",1436300
29500,-550,3400,"bu","13:16:15",1439700
29500,-550,400,"bu","13:16:22",1440100
29500,-550,3100,"bu","13:16:58",1443200
29500,-550,400,"sd","13:17:03",1443600
29550,-500,4000,"sd","13:17:06",1447600
29550,-500,2100,"sd","13:17:15",1449700
29550,-500,500,"bu","13:17:18",1450200
29500,-550,300,"sd","13:17:22",1450500
29500,-550,200,"sd","13:18:23",1450700
29500,-550,3000,"sd","13:18:24",1453700
29500,-550,400,"sd","13:18:32",1454100
29500,-550,100,"sd","13:18:55",1454200
29500,-550,3000,"bu","13:19:06",1457200
29500,-550,200,"sd","13:19:12",1457400
29550,-500,700,"sd","13:19:43",1458100
29500,-550,3000,"sd","13:19:47",1461100
29500,-550,200,"sd","13:20:12",1461300
29500,-550,3000,"sd","13:20:30",1464300
29500,-550,500,"bu","13:20:54",1464800
29500,-550,2700,"sd","13:21:04",1467500
29500,-550,3200,"bu","13:21:14",1470700
29500,-550,3000,"bu","13:21:55",1473700
29500,-550,2000,"bu","13:21:57",1475700
29550,-500,3300,"sd","13:22:24",1479000
29500,-550,3400,"sd","13:22:43",1482400
29500,-550,20000,"bu","13:23:01",1502400
29500,-550,3000,"sd","13:23:26",1505400
29550,-500,5000,"bu","13:23:30",1510400
29550,-500,600,"sd","13:24:38",1511000
29500,-550,3100,"bu","13:24:53",1514100
29500,-550,400,"sd","13:24:54",1514500
29550,-500,100,"sd","13:25:07",1514600
29500,-550,3100,"bu","13:25:37",1517700
29500,-550,400,"bu","13:25:43",1518100
29500,-550,300,"bu","13:25:51",1518400
29500,-550,100,"sd","13:25:54",1518500
29500,-550,3000,"sd","13:26:16",1521500
29500,-550,400,"sd","13:26:24",1521900
29550,-500,100,"sd","13:26:34",1522000
29500,-550,3200,"bu","13:27:01",1525200
29500,-550,400,"sd","13:27:04",1525600
29500,-550,9400,"bu","13:27:46",1535000
29500,-550,900,"bu","13:27:53",1535900
29500,-550,100,"bu","13:28:03",1536000
29500,-550,3200,"bu","13:28:26",1539200
29500,-550,400,"sd","13:28:34",1539600
29500,-550,600,"sd","13:28:44",1540200
29550,-500,400,"sd","13:29:08",1540600
29500,-550,3600,"bu","13:29:17",1544200
29500,-550,3600,"sd","13:30:00",1547800
29550,-500,2900,"sd","13:30:13",1550700
29500,-550,300,"sd","13:30:24",1551000
29500,-550,1000,"sd","13:30:32",1552000
29500,-550,100,"bu","13:30:33",1552100
29500,-550,500,"sd","13:31:03",1552600
29500,-550,300,"sd","13:31:13",1552900
29500,-550,3100,"sd","13:31:25",1556000
29550,-500,5000,"bu","13:31:31",1561000
29500,-550,1200,"sd","13:31:33",1562200
29500,-550,100,"sd","13:31:43",1562300
29500,-550,3000,"sd","13:32:06",1565300
29550,-500,800,"bu","13:32:09",1566100
29550,-500,500,"sd","13:32:14",1566600
29550,-500,100,"sd","13:32:28",1566700
29550,-500,3500,"sd","13:32:54",1570200
29550,-500,500,"sd","13:33:04",1570700
29550,-500,8100,"bu","13:33:32",1578800
29500,-550,1200,"sd","13:33:33",1580000
29500,-550,3100,"bu","13:33:37",1583100
29500,-550,600,"bu","13:33:44",1583700
29500,-550,9000,"sd","13:33:51",1592700
29500,-550,1400,"sd","13:33:53",1594100
29500,-550,4800,"bu","13:34:00",1598900
29500,-550,900,"bu","13:34:04",1599800
29500,-550,11600,"bu","13:34:09",1611400
29500,-550,1800,"sd","13:34:14",1613200
29500,-550,3100,"bu","13:34:21",1616300
29500,-550,700,"sd","13:34:24",1617000
29500,-550,400,"sd","13:34:25",1617400
29500,-550,3300,"bu","13:35:04",1620700
29500,-550,5000,"sd","13:35:09",1625700
29500,-550,1200,"bu","13:35:14",1626900
29550,-500,300,"sd","13:35:18",1627200
29500,-550,200,"sd","13:35:23",1627400
29500,-550,8700,"bu","13:35:48",1636100
29500,-550,1300,"bu","13:35:53",1637400
29500,-550,100,"bu","13:36:03",1637500
29500,-550,3100,"bu","13:36:32",1640600
29500,-550,400,"bu","13:36:34",1641000
29550,-500,9000,"sd","13:36:43",1650000
29500,-550,1400,"sd","13:36:44",1651400
29500,-550,200,"sd","13:36:53",1651600
29550,-500,5000,"bu","13:36:56",1656600
29500,-550,700,"sd","13:37:04",1657300
29550,-500,300,"bu","13:37:11",1657600
29500,-550,3100,"bu","13:37:13",1660700
29550,-500,200,"sd","13:37:16",1660900
29550,-500,100,"bu","13:37:20",1661000
29550,-500,400,"bu","13:37:21",1661400
29550,-500,5500,"bu","13:37:24",1666900
29500,-550,800,"bu","13:37:34",1667700
29500,-550,100,"sd","13:37:43",1667800
29500,-550,3200,"sd","13:37:56",1671000
29500,-550,400,"bu","13:38:04",1671400
29500,-550,3700,"sd","13:38:07",1675100
29500,-550,600,"bu","13:38:14",1675700
29550,-500,10000,"sd","13:38:15",1685700
29500,-550,1500,"sd","13:38:23",1687200
29550,-500,100,"bu","13:38:32",1687300
29500,-550,200,"bu","13:38:33",1687500
29500,-550,2900,"bu","13:38:37",1690400
29550,-500,1000,"bu","13:38:42",1691400
29500,-550,600,"sd","13:38:44",1692000
29500,-550,100,"bu","13:38:50",1692100
29500,-550,23100,"sd","13:38:54",1715200
29500,-550,3400,"bu","13:39:04",1718600
29500,-550,100,"sd","13:39:09",1718700
29500,-550,3600,"bu","13:39:19",1722300
29550,-500,1500,"sd","13:39:24",1723800
29500,-550,200,"bu","13:39:33",1724000
29550,-500,100,"sd","13:39:43",1724100
29500,-550,4000,"sd","13:40:13",1728100
29500,-550,1100,"bu","13:40:44",1729200
29500,-550,3000,"bu","13:40:46",1732200
29500,-550,400,"bu","13:40:53",1732600
29500,-550,4000,"sd","13:41:04",1736600
29500,-550,100,"sd","13:41:07",1736700
29500,-550,600,"bu","13:41:14",1737300
29500,-550,300,"bu","13:41:16",1737600
29550,-500,100,"sd","13:41:21",1737700
29500,-550,7000,"bu","13:41:30",1744700
29500,-550,1000,"bu","13:41:33",1745700
29500,-550,100,"sd","13:41:44",1745800
29500,-550,500,"bu","13:41:56",1746300
29550,-500,100,"sd","13:42:03",1746400
29550,-500,1300,"sd","13:42:06",1747700
29500,-550,3000,"sd","13:42:11",1750700
29500,-550,600,"sd","13:42:14",1751300
29500,-550,300,"sd","13:42:17",1751600
29500,-550,100,"sd","13:42:25",1751700
29500,-550,8500,"bu","13:42:53",1760200
29500,-550,500,"sd","13:43:04",1760700
29500,-550,1200,"sd","13:43:15",1761900
29500,-550,30300,"bu","13:43:18",1792200
29450,-600,4700,"sd","13:43:23",1796900
29500,-550,3200,"bu","13:43:35",1800100
29450,-600,3300,"sd","13:43:39",1803400
29500,-550,17500,"bu","13:43:40",1820900
29500,-550,3600,"bu","13:43:44",1824500
29500,-550,8900,"sd","13:43:54",1833400
29450,-600,500,"bu","13:43:55",1833900
29450,-600,1400,"bu","13:44:04",1835300
29450,-600,200,"bu","13:44:14",1835500
29450,-600,3200,"sd","13:45:04",1838700
29450,-600,400,"bu","13:45:08",1839100
29500,-550,8500,"bu","13:45:16",1847600
29500,-550,1200,"sd","13:45:24",1848800
29500,-550,100,"bu","13:45:34",1848900
29450,-600,3400,"bu","13:45:43",1852300
29450,-600,3200,"bu","13:46:29",1855500
29450,-600,400,"sd","13:46:34",1855900
29500,-550,100,"sd","13:47:39",1856000
29450,-600,3300,"sd","13:47:55",1859300
29450,-600,400,"bu","13:48:03",1859700
29450,-600,3200,"sd","13:48:40",1862900
29450,-600,400,"bu","13:48:44",1863300
29500,-550,200,"bu","13:49:14",1863500
29500,-550,100,"sd","13:49:16",1863600
29450,-600,3500,"bu","13:49:22",1867100
29450,-600,500,"sd","13:49:24",1867600
29500,-550,1000,"sd","13:49:28",1868600
29450,-600,200,"bu","13:49:33",1868800
29450,-600,3300,"bu","13:50:05",1872100
29500,-550,4000,"bu","13:50:14",1876100
29500,-550,100,"bu","13:50:23",1876200
29500,-550,3200,"bu","13:50:50",1879400
29500,-550,400,"bu","13:50:54",1879800
29500,-550,3100,"bu","13:51:32",1882900
29500,-550,400,"sd","13:51:33",1883300
29550,-500,1000,"sd","13:51:55",1884300
29500,-550,100,"sd","13:52:04",1884400
29500,-550,3000,"sd","13:52:15",1887400
29500,-550,200,"bu","13:52:22",1887600
29450,-600,400,"sd","13:52:23",1888000
29500,-550,200,"sd","13:52:44",1888200
29500,-550,100,"bu","13:52:46",1888300
29500,-550,300,"bu","13:52:58",1888600
29500,-550,100,"bu","13:53:30",1888700
29500,-550,1000,"bu","13:53:40",1889700
29500,-550,500,"sd","13:53:42",1890200
29450,-600,200,"sd","13:53:44",1890400
29450,-600,3100,"bu","13:53:49",1893500
29450,-600,400,"sd","13:53:55",1893900
29500,-550,3200,"bu","13:53:56",1897100
29500,-550,500,"bu","13:54:04",1897600
29500,-550,6300,"sd","13:54:08",1903900
29450,-600,1000,"bu","13:54:13",1904900
29450,-600,100,"bu","13:54:23",1905000
29450,-600,3000,"bu","13:54:30",1908000
29450,-600,400,"bu","13:54:35",1908400
29500,-550,500,"sd","13:55:14",1908900
29450,-600,3300,"sd","13:55:17",1912200
29450,-600,500,"bu","13:55:25",1912700
29500,-550,200,"sd","13:55:52",1912900
29450,-600,3200,"sd","13:56:00",1916100
29450,-600,400,"sd","13:56:04",1916500
29450,-600,2000,"sd","13:56:07",1918500
29500,-550,100,"sd","13:56:10",1918600
29450,-600,300,"bu","13:56:14",1918900
29500,-550,2000,"sd","13:56:15",1920900
29500,-550,600,"sd","13:56:24",1921500
29450,-600,3500,"sd","13:56:43",1925000
29450,-600,59700,"bu","13:56:47",1984700
29400,-650,21900,"bu","13:56:48",2006600
29400,-650,12300,"bu","13:56:53",2018900
29400,-650,2000,"bu","13:57:03",2020900
29400,-650,200,"sd","13:57:14",2021100
29450,-600,100,"bu","13:57:20",2021200
29400,-650,3600,"sd","13:57:34",2024800
29450,-600,1000,"bu","13:57:40",2025800
29400,-650,200,"bu","13:57:44",2026000
29400,-650,2900,"bu","13:58:08",2028900
29400,-650,600,"sd","13:58:12",2029500
29400,-650,500,"bu","13:58:13",2030000
29450,-600,100,"sd","13:58:31",2030100
29400,-650,4200,"sd","13:58:53",2034300
29400,-650,600,"bu","13:58:55",2034900
29450,-600,5000,"bu","13:59:10",2039900
29400,-650,700,"sd","13:59:14",2040600
29450,-600,1000,"bu","13:59:17",2041600
29450,-600,500,"sd","13:59:22",2042100
29400,-650,3700,"sd","13:59:23",2045800
29450,-600,6500,"bu","13:59:29",2052300
29450,-600,1200,"bu","13:59:34",2053500
29400,-650,3100,"bu","13:59:36",2056600
29450,-600,100,"bu","13:59:42",2056700
29400,-650,600,"bu","13:59:45",2057300
29450,-600,100,"sd","13:59:48",2057400
29450,-600,3200,"sd","13:59:51",2060600
29400,-650,500,"sd","13:59:54",2061100
29450,-600,2000,"bu","14:00:11",2063100
29400,-650,300,"sd","14:00:15",2063400
29450,-600,13000,"sd","14:00:17",2076400
29450,-600,2100,"bu","14:00:24",2078500
29450,-600,1000,"sd","14:00:36",2079500
29450,-600,6000,"sd","14:00:38",2085500
29450,-600,8200,"sd","14:00:48",2093700
29400,-650,1200,"sd","14:00:54",2094900
29450,-600,1000,"sd","14:00:57",2095900
29400,-650,300,"sd","14:01:04",2096200
29450,-600,500,"bu","14:01:06",2096700
29450,-600,200,"bu","14:01:10",2096900
29400,-650,22800,"sd","14:01:14",2119700
29450,-600,200,"sd","14:01:19",2119900
29450,-600,2800,"bu","14:01:20",2122700
29450,-600,900,"sd","14:01:23",2123600
29400,-650,3800,"sd","14:01:24",2127400
29450,-600,100,"sd","14:01:31",2127500
29400,-650,4300,"bu","14:01:48",2131800
29450,-600,3200,"bu","14:02:32",2135000
29500,-550,100,"sd","14:02:43",2135100
29500,-550,200,"sd","14:03:02",2135300
29500,-550,100,"sd","14:03:05",2135400
29450,-600,2900,"bu","14:03:12",2138300
29500,-550,1000,"sd","14:03:18",2139300
29500,-550,3000,"bu","14:03:31",2142300
29450,-600,500,"sd","14:03:34",2142800
29500,-550,2800,"sd","14:03:38",2145600
29500,-550,100,"bu","14:03:43",2145700
29500,-550,200,"bu","14:03:46",2145900
29500,-550,4600,"sd","14:03:53",2150500
29450,-600,3400,"bu","14:04:00",2153900
29500,-550,200,"sd","14:04:06",2154100
29500,-550,5000,"bu","14:04:12",2159100
29500,-550,100,"sd","14:04:19",2159200
29500,-550,300,"bu","14:04:35",2159500
29500,-550,5200,"sd","14:04:37",2164700
29500,-550,2000,"bu","14:04:41",2166700
29500,-550,3000,"bu","14:04:42",2169700
29450,-600,3200,"sd","14:04:44",2172900
29500,-550,2600,"sd","14:04:45",2175500
29500,-550,1400,"bu","14:04:48",2176900
29450,-600,21500,"sd","14:04:53",2198400
29450,-600,3600,"sd","14:04:54",2202000
29450,-600,1700,"bu","14:05:15",2203700
29450,-600,4000,"bu","14:05:17",2207700
29450,-600,3700,"bu","14:05:22",2211400
29450,-600,400,"sd","14:05:27",2211800
29400,-650,3200,"bu","14:05:29",2215000
29450,-600,200,"bu","14:05:31",2215200
29450,-600,500,"bu","14:05:34",2215700
29450,-600,3200,"bu","14:05:44",2218900
29450,-600,100,"bu","14:05:49",2219000
29450,-600,11100,"bu","14:06:01",2230100
29450,-600,3100,"sd","14:06:12",2233200
29500,-550,400,"bu","14:06:14",2233600
29450,-600,2900,"bu","14:06:53",2236500
29500,-550,400,"sd","14:06:55",2236900
29450,-600,3200,"bu","14:07:36",2240100
29500,-550,200,"sd","14:07:46",2240300
29450,-600,14500,"sd","14:08:05",2254800
29450,-600,200,"bu","14:08:07",2255000
29450,-600,500,"sd","14:08:16",2255500
29450,-600,4000,"sd","14:08:18",2259500
29450,-600,1100,"bu","14:08:37",2260600
29450,-600,200,"sd","14:08:42",2260800
29450,-600,2000,"sd","14:08:45",2262800
29450,-600,20000,"bu","14:08:52",2282800
29450,-600,2100,"sd","14:08:54",2284900
29450,-600,5000,"sd","14:09:08",2289900
29450,-600,6600,"sd","14:09:10",2296500
29450,-600,2000,"bu","14:09:30",2298500
29450,-600,17000,"bu","14:10:04",2315500
29400,-650,1000,"sd","14:10:06",2316500
29450,-600,4100,"sd","14:10:26",2320600
29400,-650,3200,"sd","14:10:27",2323800
29450,-600,100,"bu","14:10:32",2323900
29450,-600,1400,"sd","14:10:49",2325300
29450,-600,800,"sd","14:10:53",2326100
29400,-650,1600,"bu","14:10:58",2327700
29400,-650,1600,"bu","14:11:03",2329300
29450,-600,100,"bu","14:11:09",2329400
29400,-650,4600,"bu","14:11:11",2334000
29400,-650,1600,"sd","14:11:14",2335600
29400,-650,1600,"sd","14:11:21",2337200
29400,-650,1600,"bu","14:11:25",2338800
29400,-650,1600,"bu","14:11:30",2340400
29400,-650,200,"sd","14:11:33",2340600
29400,-650,1600,"bu","14:11:35",2342200
29450,-600,100,"bu","14:11:39",2342300
29450,-600,5000,"bu","14:11:48",2347300
29400,-650,7100,"sd","14:11:53",2354400
29400,-650,200,"sd","14:12:09",2354600
29400,-650,50200,"bu","14:12:26",2404800
29400,-650,400,"bu","14:12:32",2405200
29400,-650,3300,"bu","14:12:40",2408500
29400,-650,1000,"bu","14:12:51",2409500
29400,-650,200,"sd","14:13:20",2409700
29400,-650,3400,"sd","14:13:27",2413100
29400,-650,400,"sd","14:13:37",2413500
29400,-650,3400,"bu","14:14:15",2416900
29400,-650,200,"bu","14:14:28",2417100
29400,-650,1000,"bu","14:14:42",2418100
29450,-600,800,"bu","14:14:51",2418900
29400,-650,4100,"sd","14:14:56",2423000
29400,-650,3100,"bu","14:14:57",2426100
29400,-650,3000,"bu","14:15:03",2429100
29400,-650,500,"bu","14:15:36",2429600
29400,-650,1000,"bu","14:15:57",2430600
29450,-600,1500,"bu","14:16:41",2432100
29450,-600,200,"sd","14:16:47",2432300
29450,-600,100,"bu","14:16:55",2432400
29450,-600,1500,"bu","14:17:01",2433900
29400,-650,1000,"bu","14:17:07",2434900
29450,-600,100,"bu","14:17:10",2435000
29400,-650,35900,"bu","14:17:12",2470900
29400,-650,3000,"bu","14:17:14",2473900
29400,-650,1000,"sd","14:17:21",2474900
29400,-650,500,"bu","14:17:23",2475400
29400,-650,6000,"bu","14:17:28",2481400
29400,-650,200,"bu","14:17:33",2481600
29400,-650,700,"sd","14:17:36",2482300
29400,-650,100,"bu","14:17:58",2482400
29400,-650,500,"sd","14:18:04",2482900
29400,-650,100,"sd","14:18:17",2483000
29400,-650,2400,"sd","14:19:02",2485400
29450,-600,700,"bu","14:19:19",2486100
29450,-600,200,"sd","14:19:34",2486300
29450,-600,300,"sd","14:19:53",2486600
29450,-600,10000,"bu","14:20:11",2496600
29400,-650,1600,"bu","14:20:24",2498200
29450,-600,4500,"sd","14:20:28",2502700
29400,-650,1600,"sd","14:20:33",2504300
29400,-650,500,"sd","14:20:35",2504800
29400,-650,1600,"bu","14:20:40",2506400
29400,-650,3200,"sd","14:20:51",2509600
29400,-650,600,"sd","14:20:56",2510200
29400,-650,1600,"bu","14:20:59",2511800
29400,-650,13100,"sd","14:21:02",2524900
29400,-650,1600,"sd","14:21:09",2526500
29400,-650,1600,"bu","14:21:18",2528100
29400,-650,5600,"bu","14:21:22",2533700
29450,-600,100,"bu","14:21:24",2533800
29400,-650,1600,"sd","14:21:26",2535400
29400,-650,100,"bu","14:21:38",2535500
29400,-650,600,"bu","14:21:40",2536100
29350,-700,102000,"bu","14:22:17",2638100
29350,-700,1600,"bu","14:22:22",2639700
29350,-700,1600,"bu","14:22:38",2641300
29350,-700,2000,"sd","14:23:02",2643300
29350,-700,3800,"sd","14:23:19",2647100
29350,-700,5000,"bu","14:23:38",2652100
29350,-700,5400,"sd","14:23:45",2657500
29400,-650,900,"sd","14:23:50",2658400
29350,-700,33000,"sd","14:24:01",2691400
29350,-700,300,"bu","14:24:03",2691700
29350,-700,1000,"sd","14:24:14",2692700
29350,-700,1400,"bu","14:24:16",2694100
29350,-700,100,"sd","14:24:19",2694200
29350,-700,500,"sd","14:24:30",2694700
29350,-700,100,"sd","14:24:35",2694800
29350,-700,500,"bu","14:24:46",2695300
29350,-700,2000,"sd","14:24:54",2697300
29350,-700,100,"sd","14:25:08",2697400
29350,-700,4800,"bu","14:25:19",2702200
29350,-700,1000,"sd","14:25:32",2703200
29350,-700,700,"bu","14:25:34",2703900
29350,-700,1100,"sd","14:25:36",2705000
29350,-700,300,"sd","14:25:38",2705300
29350,-700,2000,"bu","14:25:40",2707300
29350,-700,100,"bu","14:25:42",2707400
29350,-700,11400,"sd","14:25:44",2718800
29300,-750,300,"sd","14:25:46",2719100
29300,-750,100,"sd","14:25:59",2719200
29300,-750,1100,"bu","14:26:08",2720300
29300,-750,100,"bu","14:26:14",2720400
29350,-700,11400,"bu","14:26:18",2731800
29350,-700,2200,"sd","14:26:24",2734000
29350,-700,200,"sd","14:26:30",2734200
29300,-750,7200,"bu","14:26:32",2741400
29350,-700,500,"sd","14:26:34",2741900
29350,-700,100,"sd","14:26:36",2742000
29350,-700,18400,"bu","14:26:40",2760400
29350,-700,7600,"sd","14:26:48",2768000
29350,-700,100,"sd","14:26:50",2768100
29400,-650,500,"bu","14:26:58",2768600
29400,-650,3000,"bu","14:27:00",2771600
29350,-700,16700,"sd","14:27:12",2788300
29350,-700,500,"bu","14:27:15",2788800
29350,-700,100,"sd","14:27:17",2788900
29350,-700,200,"sd","14:27:20",2789100
29350,-700,15000,"sd","14:27:25",2804100
29350,-700,100,"bu","14:27:28",2804200
29350,-700,200,"sd","14:27:32",2804400
29350,-700,500,"bu","14:27:39",2804900
29350,-700,600,"bu","14:27:44",2805500
29350,-700,9000,"bu","14:27:57",2814500
29350,-700,800,"sd","14:28:01",2815300
29350,-700,13700,"bu","14:28:04",2829000
29350,-700,500,"sd","14:28:06",2829500
29300,-750,700,"bu","14:28:08",2830200
29350,-700,600,"sd","14:28:10",2830800
29300,-750,1600,"sd","14:28:18",2832400
29350,-700,100,"sd","14:28:20",2832500
29350,-700,1600,"sd","14:28:24",2834100
29300,-750,21600,"sd","14:28:33",2855700
29300,-750,3100,"bu","14:28:39",2858800
29350,-700,2200,"sd","14:28:41",2861000
29350,-700,3000,"sd","14:28:45",2864000
29350,-700,1000,"bu","14:28:56",2865000
29350,-700,1300,"sd","14:29:02",2866300
29350,-700,3000,"bu","14:29:05",2869300
29350,-700,22200,"bu","14:29:09",2891500
29350,-700,5600,"bu","14:29:26",2897100
29350,-700,5500,"sd","14:29:28",2902600
29350,-700,200,"bu","14:29:31",2902800
29350,-700,500,"sd","14:29:37",2903300
29350,-700,100,"sd","14:29:41",2903400
29350,-700,1200,"bu","14:29:42",2904600
29350,-700,1400,"bu","14:29:48",2906000
29350,-700,400,"bu","14:30:00",2906400
29300,-750,141700,"bu","14:45:11",3048100
