"Stockcode","Package","TradingDate","Price","Vol","TotalVol","TotalVal","Change","IsBuy","PerChange"
"CII",144427,"/Date(1700811903000)/",16900,737700,11885100,196747000000,100,false,0.6
"CII",142923,"/Date(1700811001000)/",16650,1000,11147400,184279000000,-150,false,-0.89
"CII",142923,"/Date(1700811001000)/",16650,200,11146400,184263000000,-150,false,-0.89
"CII",142923,"/Date(1700811001000)/",16650,4900,11146200,184259000000,-150,false,-0.89
"CII",142923,"/Date(1700811000000)/",16600,2200,11141300,184178000000,-200,true,-1.19
"CII",142923,"/Date(1700810999000)/",16600,1400,11139100,184141000000,-200,true,-1.19
"CII",142923,"/Date(1700810999000)/",16650,3400,11137700,184118000000,-150,false,-0.89
"CII",142923,"/Date(1700810998000)/",16650,500,11134300,184062000000,-150,false,-0.89
"CII",142920,"/Date(1700810996000)/",16600,1500,11133800,184053000000,-200,true,-1.19
"CII",142920,"/Date(1700810996000)/",16650,6000,11132300,184028000000,-150,false,-0.89
"CII",142920,"/Date(1700810996000)/",16600,100,11126300,183928000000,-200,true,-1.19
"CII",142920,"/Date(1700810995000)/",16600,3000,11126200,183927000000,-200,true,-1.19
"CII",142917,"/Date(1700810992000)/",16650,300,11123200,183877000000,-150,false,-0.89
"CII",142917,"/Date(1700810992000)/",16650,16200,11122900,183872000000,-150,false,-0.89
"CII",142914,"/Date(1700810989000)/",16650,200,11106700,183602000000,-150,false,-0.89
"CII",142914,"/Date(1700810989000)/",16600,7000,11106500,183599000000,-200,true,-1.19
"CII",142914,"/Date(1700810989000)/",16600,200,11099500,183483000000,-200,true,-1.19
"CII",142914,"/Date(1700810989000)/",16600,100,11099300,183479000000,-200,true,-1.19
"CII",142910,"/Date(1700810987000)/",16650,300,11099200,183478000000,-150,false,-0.89
"CII",142904,"/Date(1700810979000)/",16600,300,11098900,183473000000,-200,true,-1.19
"CII",142901,"/Date(1700810978000)/",16650,300,11098600,183468000000,-150,true,-0.89
"CII",142901,"/Date(1700810978000)/",16650,5000,11098300,183463000000,-150,true,-0.89
"CII",142901,"/Date(1700810975000)/",16650,200,11093300,183379000000,-150,true,-0.89
"CII",142901,"/Date(1700810975000)/",16650,400,11093100,183376000000,-150,true,-0.89
"CII",142901,"/Date(1700810975000)/",16650,100,11092700,183369000000,-150,true,-0.89
"CII",142901,"/Date(1700810975000)/",16650,300,11092600,183368000000,-150,true,-0.89
"CII",142901,"/Date(1700810975000)/",16650,2000,11092300,183363000000,-150,true,-0.89
"CII",142901,"/Date(1700810975000)/",16650,600,11090300,183330000000,-150,true,-0.89
"CII",142901,"/Date(1700810975000)/",16650,100,11089700,183320000000,-150,true,-0.89
"CII",142901,"/Date(1700810975000)/",16650,500,11089600,183318000000,-150,true,-0.89
"CII",142901,"/Date(1700810975000)/",16650,500,11089100,183310000000,-150,true,-0.89
"CII",142901,"/Date(1700810975000)/",16650,1200,11088600,183301000000,-150,true,-0.89
"CII",142858,"/Date(1700810974000)/",16700,1000,11087400,183281000000,-100,false,-0.6
"CII",142858,"/Date(1700810973000)/",16650,200,11086400,183265000000,-150,true,-0.89
"CII",142858,"/Date(1700810972000)/",16700,600,11086200,183261000000,-100,false,-0.6
"CII",142854,"/Date(1700810970000)/",16650,100,11085600,183251000000,-150,true,-0.89
"CII",142851,"/Date(1700810967000)/",16700,2000,11085500,183250000000,-100,false,-0.6
"CII",142851,"/Date(1700810967000)/",16700,700,11083500,183216000000,-100,false,-0.6
"CII",142848,"/Date(1700810965000)/",16650,2200,11082800,183204000000,-150,true,-0.89
"CII",142848,"/Date(1700810965000)/",16700,200,11080600,183168000000,-100,false,-0.6
"CII",142848,"/Date(1700810964000)/",16650,500,11080400,183164000000,-150,true,-0.89
"CII",142848,"/Date(1700810964000)/",16700,300,11079900,183156000000,-100,false,-0.6
"CII",142848,"/Date(1700810963000)/",16700,3000,11079600,183151000000,-100,false,-0.6
"CII",142848,"/Date(1700810963000)/",16700,13200,11076600,183101000000,-100,false,-0.6
"CII",142848,"/Date(1700810963000)/",16700,16800,11063400,182881000000,-100,false,-0.6
"CII",142848,"/Date(1700810963000)/",16700,1200,11046600,182600000000,-100,false,-0.6
"CII",142848,"/Date(1700810962000)/",16650,800,11045400,182580000000,-150,true,-0.89
"CII",142848,"/Date(1700810962000)/",16650,100,11044600,182567000000,-150,true,-0.89
"CII",142848,"/Date(1700810962000)/",16650,1000,11044500,182565000000,-150,true,-0.89
"CII",142848,"/Date(1700810962000)/",16650,200,11043500,182548000000,-150,true,-0.89
"CII",142848,"/Date(1700810962000)/",16650,2000,11043300,182545000000,-150,true,-0.89
"CII",142848,"/Date(1700810962000)/",16650,100,11041300,182512000000,-150,true,-0.89
"CII",142848,"/Date(1700810962000)/",16650,800,11041200,182510000000,-150,true,-0.89
"CII",142841,"/Date(1700810959000)/",16700,2000,11040400,182497000000,-100,false,-0.6
"CII",142841,"/Date(1700810957000)/",16700,200,11038400,182463000000,-100,false,-0.6
"CII",142838,"/Date(1700810956000)/",16700,700,11038200,182460000000,-100,false,-0.6
"CII",142838,"/Date(1700810955000)/",16700,2000,11037500,182448000000,-100,false,-0.6
"CII",142838,"/Date(1700810954000)/",16700,100,11035500,182415000000,-100,false,-0.6
"CII",142832,"/Date(1700810946000)/",16700,100,11035400,182413000000,-100,false,-0.6
"CII",142829,"/Date(1700810945000)/",16700,6800,11035300,182412000000,-100,false,-0.6
"CII",142826,"/Date(1700810943000)/",16700,2700,11028500,182298000000,-100,false,-0.6
"CII",142826,"/Date(1700810942000)/",16700,1000,11025800,182253000000,-100,false,-0.6
"CII",142826,"/Date(1700810941000)/",16650,500,11024800,182236000000,-150,true,-0.89
"CII",142826,"/Date(1700810940000)/",16700,1000,11024300,182228000000,-100,false,-0.6
"CII",142816,"/Date(1700810933000)/",16700,1000,11023300,182211000000,-100,false,-0.6
"CII",142816,"/Date(1700810933000)/",16700,1500,11022300,182194000000,-100,false,-0.6
"CII",142816,"/Date(1700810933000)/",16650,700,11020800,182169000000,-150,true,-0.89
"CII",142816,"/Date(1700810932000)/",16700,5000,11020100,182158000000,-100,false,-0.6
"CII",142816,"/Date(1700810930000)/",16700,4000,11015100,182074000000,-100,false,-0.6
"CII",142813,"/Date(1700810928000)/",16700,500,11011100,182007000000,-100,false,-0.6
"CII",142813,"/Date(1700810928000)/",16700,200,11010600,181999000000,-100,false,-0.6
"CII",142813,"/Date(1700810927000)/",16700,100,11010400,181996000000,-100,false,-0.6
"CII",142810,"/Date(1700810925000)/",16700,1000,11010300,181994000000,-100,true,-0.6
"CII",142810,"/Date(1700810925000)/",16700,1000,11009300,181977000000,-100,true,-0.6
"CII",142810,"/Date(1700810925000)/",16700,100,11008300,181961000000,-100,true,-0.6
"CII",142810,"/Date(1700810925000)/",16700,1000,11008200,181959000000,-100,true,-0.6
"CII",142810,"/Date(1700810925000)/",16700,100,11007200,181942000000,-100,true,-0.6
"CII",142810,"/Date(1700810925000)/",16700,300,11007100,181941000000,-100,true,-0.6
"CII",142800,"/Date(1700810916000)/",16700,1000,11006800,181936000000,-100,true,-0.6
"CII",142757,"/Date(1700810912000)/",16650,900,11005800,181919000000,-150,true,-0.89
"CII",142757,"/Date(1700810912000)/",16700,100,11004900,181904000000,-100,true,-0.6
"CII",142757,"/Date(1700810912000)/",16700,1700,11004800,181902000000,-100,true,-0.6
"CII",142757,"/Date(1700810912000)/",16700,6300,11003100,181874000000,-100,true,-0.6
"CII",142754,"/Date(1700810911000)/",16700,10000,10996800,181769000000,-100,false,-0.6
"CII",142754,"/Date(1700810909000)/",16700,1000,10986800,181602000000,-100,false,-0.6
"CII",142754,"/Date(1700810909000)/",16700,1400,10985800,181585000000,-100,false,-0.6
"CII",142754,"/Date(1700810909000)/",16700,1700,10984400,181562000000,-100,false,-0.6
"CII",142754,"/Date(1700810909000)/",16700,200,10982700,181533000000,-100,false,-0.6
"CII",142747,"/Date(1700810903000)/",16700,2100,10982500,181530000000,-100,false,-0.6
"CII",142747,"/Date(1700810903000)/",16700,100,10980400,181495000000,-100,false,-0.6
"CII",142747,"/Date(1700810903000)/",16700,900,10980300,181493000000,-100,false,-0.6
"CII",142747,"/Date(1700810903000)/",16700,2000,10979400,181478000000,-100,false,-0.6
"CII",142747,"/Date(1700810903000)/",16700,4200,10977400,181445000000,-100,false,-0.6
"CII",142744,"/Date(1700810901000)/",16700,5800,10973200,181375000000,-100,false,-0.6
"CII",142744,"/Date(1700810901000)/",16700,200,10967400,181278000000,-100,false,-0.6
"CII",142744,"/Date(1700810901000)/",16700,300,10967200,181274000000,-100,false,-0.6
"CII",142744,"/Date(1700810901000)/",16700,1700,10966900,181269000000,-100,false,-0.6
"CII",142744,"/Date(1700810901000)/",16700,300,10965200,181241000000,-100,false,-0.6
"CII",142744,"/Date(1700810901000)/",16700,200,10964900,181236000000,-100,false,-0.6
"CII",142744,"/Date(1700810900000)/",16700,600,10964700,181233000000,-100,false,-0.6
"CII",142744,"/Date(1700810899000)/",16700,900,10964100,181223000000,-100,false,-0.6
"CII",142744,"/Date(1700810899000)/",16700,100,10963200,181208000000,-100,false,-0.6
"CII",142738,"/Date(1700810894000)/",16700,1000,10963100,181206000000,-100,false,-0.6
"CII",142731,"/Date(1700810888000)/",16650,400,10962100,181189000000,-150,true,-0.89
"CII",142728,"/Date(1700810884000)/",16650,5000,10961700,181183000000,-150,false,-0.89
"CII",142728,"/Date(1700810884000)/",16650,500,10956700,181099000000,-150,false,-0.89
"CII",142728,"/Date(1700810884000)/",16650,600,10956200,181091000000,-150,false,-0.89
"CII",142728,"/Date(1700810884000)/",16650,2000,10955600,181081000000,-150,false,-0.89
"CII",142728,"/Date(1700810884000)/",16650,800,10953600,181048000000,-150,false,-0.89
"CII",142728,"/Date(1700810883000)/",16600,1000,10952800,181034000000,-200,true,-1.19
"CII",142725,"/Date(1700810881000)/",16650,1000,10951800,181018000000,-150,false,-0.89
"CII",142725,"/Date(1700810880000)/",16600,1000,10950800,181001000000,-200,false,-1.19
"CII",142725,"/Date(1700810880000)/",16600,500,10949800,180985000000,-200,false,-1.19
"CII",142722,"/Date(1700810879000)/",16550,5100,10949300,180976000000,-250,true,-1.49
"CII",142722,"/Date(1700810879000)/",16600,900,10944200,180892000000,-200,false,-1.19
"CII",142722,"/Date(1700810878000)/",16600,1000,10943300,180877000000,-200,false,-1.19
"CII",142722,"/Date(1700810878000)/",16600,3100,10942300,180860000000,-200,false,-1.19
"CII",142722,"/Date(1700810878000)/",16600,1900,10939200,180809000000,-200,false,-1.19
"CII",142722,"/Date(1700810878000)/",16600,100,10937300,180777000000,-200,false,-1.19
"CII",142715,"/Date(1700810870000)/",16550,10000,10937200,180776000000,-250,false,-1.49
"CII",142715,"/Date(1700810870000)/",16550,1000,10927200,180610000000,-250,false,-1.49
"CII",142715,"/Date(1700810870000)/",16550,1000,10926200,180594000000,-250,false,-1.49
"CII",142715,"/Date(1700810870000)/",16550,3100,10925200,180577000000,-250,false,-1.49
"CII",142712,"/Date(1700810867000)/",16550,1000,10922100,180526000000,-250,false,-1.49
"CII",142712,"/Date(1700810867000)/",16550,4000,10921100,180509000000,-250,false,-1.49
"CII",142709,"/Date(1700810865000)/",16550,100,10917100,180443000000,-250,false,-1.49
"CII",142709,"/Date(1700810865000)/",16550,400,10917000,180441000000,-250,false,-1.49
"CII",142706,"/Date(1700810862000)/",16550,1400,10916600,180435000000,-250,false,-1.49
"CII",142706,"/Date(1700810862000)/",16550,1700,10915200,180412000000,-250,false,-1.49
"CII",142706,"/Date(1700810860000)/",16550,2000,10913500,180383000000,-250,false,-1.49
"CII",142702,"/Date(1700810860000)/",16550,5000,10911500,180350000000,-250,false,-1.49
"CII",142702,"/Date(1700810859000)/",16550,600,10906500,180268000000,-250,false,-1.49
"CII",142702,"/Date(1700810857000)/",16550,600,10905900,180258000000,-250,false,-1.49
"CII",142659,"/Date(1700810854000)/",16550,100,10905300,180248000000,-250,false,-1.49
"CII",142659,"/Date(1700810854000)/",16550,1000,10905200,180246000000,-250,false,-1.49
"CII",142653,"/Date(1700810847000)/",16550,100,10904200,180229000000,-250,false,-1.49
"CII",142649,"/Date(1700810846000)/",16650,200,10904100,180228000000,-150,false,-0.89
"CII",142649,"/Date(1700810846000)/",16600,500,10903900,180224000000,-200,false,-1.19
"CII",142649,"/Date(1700810846000)/",16600,400,10903400,180216000000,-200,false,-1.19
"CII",142649,"/Date(1700810846000)/",16600,2000,10903000,180210000000,-200,false,-1.19
"CII",142649,"/Date(1700810846000)/",16600,13400,10901000,180176000000,-200,false,-1.19
"CII",142649,"/Date(1700810846000)/",16600,500,10887600,179954000000,-200,false,-1.19
"CII",142649,"/Date(1700810846000)/",16600,100,10887100,179946000000,-200,false,-1.19
"CII",142649,"/Date(1700810846000)/",16600,1000,10887000,179944000000,-200,false,-1.19
"CII",142649,"/Date(1700810846000)/",16600,2000,10886000,179927000000,-200,false,-1.19
"CII",142649,"/Date(1700810846000)/",16600,10000,10884000,179894000000,-200,false,-1.19
"CII",142649,"/Date(1700810846000)/",16600,500,10874000,179728000000,-200,false,-1.19
"CII",142649,"/Date(1700810846000)/",16550,100,10873500,179720000000,-250,false,-1.49
"CII",142646,"/Date(1700810840000)/",16500,200,10873400,179718000000,-300,true,-1.79
"CII",142646,"/Date(1700810840000)/",16550,300,10873200,179715000000,-250,false,-1.49
"CII",142640,"/Date(1700810835000)/",16500,1400,10872900,179710000000,-300,true,-1.79
"CII",142640,"/Date(1700810835000)/",16550,600,10871500,179687000000,-250,false,-1.49
"CII",142640,"/Date(1700810834000)/",16550,100,10870900,179677000000,-250,false,-1.49
"CII",142637,"/Date(1700810834000)/",16550,400,10870800,179675000000,-250,false,-1.49
"CII",142637,"/Date(1700810834000)/",16550,900,10870400,179669000000,-250,false,-1.49
"CII",142634,"/Date(1700810830000)/",16550,1000,10869500,179654000000,-250,false,-1.49
"CII",142630,"/Date(1700810826000)/",16550,400,10868500,179637000000,-250,false,-1.49
"CII",142627,"/Date(1700810823000)/",16500,100,10868100,179631000000,-300,true,-1.79
"CII",142624,"/Date(1700810821000)/",16550,2700,10868000,179629000000,-250,false,-1.49
"CII",142624,"/Date(1700810821000)/",16550,2000,10865300,179584000000,-250,false,-1.49
"CII",142624,"/Date(1700810821000)/",16550,300,10863300,179551000000,-250,false,-1.49
"CII",142624,"/Date(1700810819000)/",16500,500,10863000,179546000000,-300,true,-1.79
"CII",142621,"/Date(1700810816000)/",16500,1000,10862500,179538000000,-300,false,-1.79
"CII",142621,"/Date(1700810816000)/",16500,400,10861500,179521000000,-300,false,-1.79
"CII",142621,"/Date(1700810816000)/",16500,400,10861100,179515000000,-300,false,-1.79
"CII",142621,"/Date(1700810816000)/",16500,100,10860700,179508000000,-300,false,-1.79
"CII",142621,"/Date(1700810816000)/",16500,200,10860600,179507000000,-300,false,-1.79
"CII",142621,"/Date(1700810815000)/",16500,100,10860400,179503000000,-300,false,-1.79
"CII",142621,"/Date(1700810815000)/",16500,200,10860300,179502000000,-300,false,-1.79
"CII",142618,"/Date(1700810814000)/",16500,500,10860100,179498000000,-300,false,-1.79
"CII",142618,"/Date(1700810814000)/",16500,500,10859600,179490000000,-300,false,-1.79
"CII",142618,"/Date(1700810814000)/",16500,1000,10859100,179482000000,-300,false,-1.79
"CII",142618,"/Date(1700810814000)/",16450,1900,10858100,179465000000,-350,true,-2.08
"CII",142618,"/Date(1700810814000)/",16450,300,10856200,179434000000,-350,true,-2.08
"CII",142618,"/Date(1700810814000)/",16500,100,10855900,179429000000,-300,false,-1.79
"CII",142618,"/Date(1700810814000)/",16500,200,10855800,179427000000,-300,false,-1.79
"CII",142618,"/Date(1700810814000)/",16500,100,10855600,179424000000,-300,false,-1.79
"CII",142618,"/Date(1700810814000)/",16500,700,10855500,179423000000,-300,false,-1.79
"CII",142618,"/Date(1700810814000)/",16500,1000,10854800,179411000000,-300,false,-1.79
"CII",142618,"/Date(1700810814000)/",16500,300,10853800,179394000000,-300,false,-1.79
"CII",142618,"/Date(1700810813000)/",16500,200,10853500,179390000000,-300,false,-1.79
"CII",142618,"/Date(1700810813000)/",16500,1600,10853300,179386000000,-300,false,-1.79
"CII",142618,"/Date(1700810812000)/",16500,500,10851700,179360000000,-300,false,-1.79
"CII",142608,"/Date(1700810805000)/",16500,400,10851200,179352000000,-300,false,-1.79
"CII",142608,"/Date(1700810805000)/",16500,100,10850800,179345000000,-300,false,-1.79
"CII",142608,"/Date(1700810805000)/",16500,200,10850700,179343000000,-300,false,-1.79
"CII",142608,"/Date(1700810805000)/",16500,300,10850500,179340000000,-300,false,-1.79
"CII",142608,"/Date(1700810804000)/",16500,3700,10850200,179335000000,-300,false,-1.79
"CII",142608,"/Date(1700810804000)/",16500,100,10846500,179274000000,-300,false,-1.79
"CII",142608,"/Date(1700810804000)/",16500,200,10846400,179272000000,-300,false,-1.79
"CII",142608,"/Date(1700810804000)/",16500,1000,10846200,179269000000,-300,false,-1.79
"CII",142605,"/Date(1700810799000)/",16450,1600,10845200,179253000000,-350,true,-2.08
"CII",142605,"/Date(1700810799000)/",16450,100,10843600,179226000000,-350,true,-2.08
"CII",142602,"/Date(1700810798000)/",16450,500,10843500,179225000000,-350,true,-2.08
"CII",142602,"/Date(1700810796000)/",16500,4000,10843000,179216000000,-300,false,-1.79
"CII",142555,"/Date(1700810792000)/",16500,3000,10839000,179150000000,-300,false,-1.79
"CII",142555,"/Date(1700810792000)/",16500,2000,10836000,179101000000,-300,false,-1.79
"CII",142552,"/Date(1700810788000)/",16450,500,10834000,179068000000,-350,true,-2.08
"CII",142546,"/Date(1700810783000)/",16450,1000,10833500,179060000000,-350,false,-2.08
"CII",142546,"/Date(1700810783000)/",16450,6000,10832500,179043000000,-350,false,-2.08
"CII",142546,"/Date(1700810781000)/",16450,100,10826500,178945000000,-350,false,-2.08
"CII",142542,"/Date(1700810780000)/",16450,500,10826400,178943000000,-350,false,-2.08
"CII",142542,"/Date(1700810779000)/",16450,1000,10825900,178935000000,-350,false,-2.08
"CII",142536,"/Date(1700810772000)/",16450,1000,10824900,178918000000,-350,false,-2.08
"CII",142536,"/Date(1700810772000)/",16450,3200,10823900,178902000000,-350,false,-2.08
"CII",142536,"/Date(1700810771000)/",16450,1000,10820700,178849000000,-350,false,-2.08
"CII",142536,"/Date(1700810771000)/",16450,500,10819700,178833000000,-350,false,-2.08
"CII",142536,"/Date(1700810771000)/",16450,500,10819200,178824000000,-350,false,-2.08
"CII",142536,"/Date(1700810771000)/",16450,1000,10818700,178816000000,-350,false,-2.08
"CII",142536,"/Date(1700810771000)/",16450,2500,10817700,178800000000,-350,false,-2.08
"CII",142536,"/Date(1700810771000)/",16450,200,10815200,178759000000,-350,false,-2.08
"CII",142536,"/Date(1700810770000)/",16450,800,10815000,178755000000,-350,false,-2.08
"CII",142536,"/Date(1700810770000)/",16450,100,10814200,178742000000,-350,false,-2.08
"CII",142536,"/Date(1700810770000)/",16450,1000,10814100,178741000000,-350,false,-2.08
"CII",142536,"/Date(1700810770000)/",16450,1000,10813100,178724000000,-350,false,-2.08
"CII",142536,"/Date(1700810770000)/",16450,2400,10812100,178708000000,-350,false,-2.08
"CII",142533,"/Date(1700810769000)/",16400,1500,10809700,178668000000,-400,true,-2.38
"CII",142530,"/Date(1700810766000)/",16400,500,10808200,178644000000,-400,true,-2.38
"CII",142530,"/Date(1700810766000)/",16450,500,10807700,178635000000,-350,false,-2.08
"CII",142530,"/Date(1700810765000)/",16450,1000,10807200,178627000000,-350,false,-2.08
"CII",142526,"/Date(1700810760000)/",16400,4000,10806200,178611000000,-400,true,-2.38
"CII",142520,"/Date(1700810757000)/",16400,9000,10802200,178545000000,-400,true,-2.38
"CII",142520,"/Date(1700810755000)/",16450,1000,10793200,178397000000,-350,false,-2.08
"CII",142514,"/Date(1700810751000)/",16400,2000,10792200,178381000000,-400,true,-2.38
"CII",142514,"/Date(1700810750000)/",16400,1000,10790200,178348000000,-400,true,-2.38
"CII",142510,"/Date(1700810746000)/",16400,200,10789200,178332000000,-400,false,-2.38
"CII",142510,"/Date(1700810746000)/",16400,1000,10789000,178329000000,-400,false,-2.38
"CII",142510,"/Date(1700810746000)/",16400,1000,10788000,178312000000,-400,false,-2.38
"CII",142510,"/Date(1700810746000)/",16400,200,10787000,178296000000,-400,false,-2.38
"CII",142510,"/Date(1700810746000)/",16400,9000,10786800,178292000000,-400,false,-2.38
"CII",142510,"/Date(1700810746000)/",16400,1000,10777800,178145000000,-400,false,-2.38
"CII",142510,"/Date(1700810746000)/",16400,500,10776800,178128000000,-400,false,-2.38
"CII",142510,"/Date(1700810746000)/",16400,7000,10776300,178120000000,-400,false,-2.38
"CII",142510,"/Date(1700810746000)/",16400,1000,10769300,178005000000,-400,false,-2.38
"CII",142510,"/Date(1700810746000)/",16400,300,10768300,177989000000,-400,false,-2.38
"CII",142510,"/Date(1700810746000)/",16400,200,10768000,177984000000,-400,false,-2.38
"CII",142510,"/Date(1700810746000)/",16400,2000,10767800,177981000000,-400,false,-2.38
"CII",142510,"/Date(1700810746000)/",16400,10800,10765800,177948000000,-400,false,-2.38
"CII",142510,"/Date(1700810746000)/",16400,2000,10755000,177771000000,-400,false,-2.38
"CII",142507,"/Date(1700810744000)/",16400,2200,10753000,177738000000,-400,false,-2.38
"CII",142507,"/Date(1700810744000)/",16400,1300,10750800,177702000000,-400,false,-2.38
"CII",142507,"/Date(1700810743000)/",16350,500,10749500,177681000000,-450,true,-2.68
"CII",142507,"/Date(1700810742000)/",16400,700,10749000,177673000000,-400,false,-2.38
"CII",142507,"/Date(1700810742000)/",16400,2300,10748300,177661000000,-400,false,-2.38
"CII",142504,"/Date(1700810741000)/",16400,1000,10746000,177623000000,-400,false,-2.38
"CII",142504,"/Date(1700810739000)/",16400,1000,10745000,177607000000,-400,false,-2.38
"CII",142501,"/Date(1700810737000)/",16400,700,10744000,177591000000,-400,false,-2.38
"CII",142501,"/Date(1700810737000)/",16400,300,10743300,177579000000,-400,false,-2.38
"CII",142451,"/Date(1700810727000)/",16400,200,10743000,177574000000,-400,false,-2.38
"CII",142451,"/Date(1700810727000)/",16400,100,10742800,177571000000,-400,false,-2.38
"CII",142448,"/Date(1700810724000)/",16350,1300,10742700,177569000000,-450,true,-2.68
"CII",142445,"/Date(1700810722000)/",16400,100,10741400,177548000000,-400,false,-2.38
"CII",142445,"/Date(1700810719000)/",16400,2000,10741300,177546000000,-400,false,-2.38
"CII",142439,"/Date(1700810713000)/",16350,100,10739300,177514000000,-450,true,-2.68
"CII",142432,"/Date(1700810709000)/",16400,1100,10739200,177512000000,-400,false,-2.38
"CII",142432,"/Date(1700810709000)/",16400,1000,10738100,177494000000,-400,false,-2.38
"CII",142432,"/Date(1700810709000)/",16400,2900,10737100,177477000000,-400,false,-2.38
"CII",142426,"/Date(1700810703000)/",16350,200,10734200,177430000000,-450,true,-2.68
"CII",142426,"/Date(1700810703000)/",16350,100,10734000,177427000000,-450,true,-2.68
"CII",142426,"/Date(1700810703000)/",16350,700,10733900,177425000000,-450,true,-2.68
"CII",142423,"/Date(1700810699000)/",16350,300,10733200,177414000000,-450,true,-2.68
"CII",142423,"/Date(1700810699000)/",16350,700,10732900,177409000000,-450,true,-2.68
"CII",142419,"/Date(1700810694000)/",16350,300,10732200,177397000000,-450,true,-2.68
"CII",142419,"/Date(1700810694000)/",16350,1000,10731900,177392000000,-450,true,-2.68
"CII",142419,"/Date(1700810694000)/",16350,500,10730900,177376000000,-450,true,-2.68
"CII",142419,"/Date(1700810694000)/",16350,1000,10730400,177368000000,-450,true,-2.68
"CII",142419,"/Date(1700810694000)/",16350,500,10729400,177351000000,-450,true,-2.68
"CII",142419,"/Date(1700810694000)/",16350,1000,10728900,177343000000,-450,true,-2.68
"CII",142419,"/Date(1700810694000)/",16350,500,10727900,177327000000,-450,true,-2.68
"CII",142419,"/Date(1700810694000)/",16350,4000,10727400,177319000000,-450,true,-2.68
"CII",142416,"/Date(1700810692000)/",16350,300,10723400,177253000000,-450,true,-2.68
"CII",142416,"/Date(1700810691000)/",16350,1000,10723100,177248000000,-450,true,-2.68
"CII",142400,"/Date(1700810677000)/",16350,9700,10722100,177232000000,-450,true,-2.68
"CII",142400,"/Date(1700810677000)/",16350,500,10712400,177073000000,-450,true,-2.68
"CII",142400,"/Date(1700810677000)/",16350,5000,10711900,177065000000,-450,true,-2.68
"CII",142400,"/Date(1700810677000)/",16350,500,10706900,176984000000,-450,true,-2.68
"CII",142400,"/Date(1700810677000)/",16350,200,10706400,176975000000,-450,true,-2.68
"CII",142400,"/Date(1700810677000)/",16350,200,10706200,176972000000,-450,true,-2.68
"CII",142400,"/Date(1700810677000)/",16350,500,10706000,176969000000,-450,true,-2.68
"CII",142400,"/Date(1700810677000)/",16350,100,10705500,176961000000,-450,true,-2.68
"CII",142400,"/Date(1700810677000)/",16350,2000,10705400,176959000000,-450,true,-2.68
"CII",142400,"/Date(1700810677000)/",16350,1000,10703400,176926000000,-450,true,-2.68
"CII",142400,"/Date(1700810677000)/",16350,300,10702400,176910000000,-450,true,-2.68
"CII",142354,"/Date(1700810668000)/",16400,200,10702100,176905000000,-400,false,-2.38
"CII",142335,"/Date(1700810649000)/",16400,200,10701900,176902000000,-400,false,-2.38
"CII",142328,"/Date(1700810642000)/",16400,3000,10701700,176899000000,-400,false,-2.38
"CII",142328,"/Date(1700810642000)/",16350,100,10698700,176849000000,-450,true,-2.68
"CII",142325,"/Date(1700810640000)/",16350,600,10698600,176848000000,-450,true,-2.68
"CII",142325,"/Date(1700810640000)/",16350,500,10698000,176838000000,-450,true,-2.68
"CII",142325,"/Date(1700810640000)/",16350,200,10697500,176830000000,-450,true,-2.68
"CII",142325,"/Date(1700810640000)/",16350,100,10697300,176826000000,-450,true,-2.68
"CII",142325,"/Date(1700810640000)/",16350,1000,10697200,176825000000,-450,true,-2.68
"CII",142325,"/Date(1700810640000)/",16350,1000,10696200,176808000000,-450,true,-2.68
"CII",142325,"/Date(1700810640000)/",16350,200,10695200,176792000000,-450,true,-2.68
"CII",142325,"/Date(1700810640000)/",16350,1000,10695000,176789000000,-450,true,-2.68
"CII",142325,"/Date(1700810640000)/",16350,200,10694000,176772000000,-450,true,-2.68
"CII",142325,"/Date(1700810640000)/",16350,100,10693800,176769000000,-450,true,-2.68
"CII",142325,"/Date(1700810640000)/",16350,100,10693700,176768000000,-450,true,-2.68
"CII",142325,"/Date(1700810640000)/",16350,2000,10693600,176766000000,-450,true,-2.68
"CII",142325,"/Date(1700810640000)/",16350,500,10691600,176733000000,-450,true,-2.68
"CII",142325,"/Date(1700810640000)/",16350,2500,10691100,176725000000,-450,true,-2.68
"CII",142325,"/Date(1700810640000)/",16400,100,10688600,176684000000,-400,false,-2.38
"CII",142325,"/Date(1700810640000)/",16400,1000,10688500,176683000000,-400,false,-2.38
"CII",142322,"/Date(1700810636000)/",16400,2600,10687500,176666000000,-400,false,-2.38
"CII",142322,"/Date(1700810636000)/",16400,1000,10684900,176624000000,-400,false,-2.38
"CII",142322,"/Date(1700810636000)/",16400,700,10683900,176607000000,-400,false,-2.38
"CII",142319,"/Date(1700810633000)/",16350,1000,10683200,176596000000,-450,true,-2.68
"CII",142319,"/Date(1700810633000)/",16350,1000,10682200,176579000000,-450,true,-2.68
"CII",142319,"/Date(1700810633000)/",16350,300,10681200,176563000000,-450,true,-2.68
"CII",142319,"/Date(1700810633000)/",16350,500,10680900,176558000000,-450,true,-2.68
"CII",142319,"/Date(1700810633000)/",16350,1000,10680400,176550000000,-450,true,-2.68
"CII",142319,"/Date(1700810633000)/",16350,1200,10679400,176533000000,-450,true,-2.68
"CII",142312,"/Date(1700810628000)/",16350,800,10678200,176514000000,-450,true,-2.68
"CII",142312,"/Date(1700810628000)/",16350,700,10677400,176501000000,-450,true,-2.68
"CII",142312,"/Date(1700810627000)/",16400,100,10676700,176489000000,-400,false,-2.38
"CII",142309,"/Date(1700810623000)/",16400,100,10676600,176488000000,-400,false,-2.38
"CII",142306,"/Date(1700810622000)/",16400,4100,10676500,176486000000,-400,false,-2.38
"CII",142306,"/Date(1700810622000)/",16400,5000,10672400,176419000000,-400,false,-2.38
"CII",142306,"/Date(1700810622000)/",16400,900,10667400,176337000000,-400,false,-2.38
"CII",142306,"/Date(1700810621000)/",16400,100,10666500,176322000000,-400,false,-2.38
"CII",142303,"/Date(1700810619000)/",16400,200,10666400,176320000000,-400,false,-2.38
"CII",142256,"/Date(1700810612000)/",16400,8800,10666200,176317000000,-400,false,-2.38
"CII",142256,"/Date(1700810612000)/",16400,300,10657400,176173000000,-400,false,-2.38
"CII",142256,"/Date(1700810612000)/",16400,400,10657100,176168000000,-400,false,-2.38
"CII",142256,"/Date(1700810612000)/",16400,500,10656700,176161000000,-400,false,-2.38
"CII",142256,"/Date(1700810612000)/",16400,2500,10656200,176153000000,-400,false,-2.38
"CII",142256,"/Date(1700810612000)/",16400,7500,10653700,176112000000,-400,false,-2.38
"CII",142253,"/Date(1700810608000)/",16350,100,10646200,175989000000,-450,true,-2.68
"CII",142253,"/Date(1700810608000)/",16350,100,10646100,175988000000,-450,true,-2.68
"CII",142250,"/Date(1700810606000)/",16400,1500,10646000,175986000000,-400,false,-2.38
"CII",142247,"/Date(1700810603000)/",16350,300,10644500,175961000000,-450,false,-2.68
"CII",142247,"/Date(1700810603000)/",16350,300,10644200,175956000000,-450,false,-2.68
"CII",142247,"/Date(1700810603000)/",16350,5800,10643900,175951000000,-450,false,-2.68
"CII",142247,"/Date(1700810602000)/",16350,100,10638100,175857000000,-450,false,-2.68
"CII",142247,"/Date(1700810601000)/",16350,400,10638000,175855000000,-450,false,-2.68
"CII",142247,"/Date(1700810601000)/",16350,3700,10637600,175848000000,-450,false,-2.68
"CII",142247,"/Date(1700810601000)/",16350,1000,10633900,175788000000,-450,false,-2.68
"CII",142247,"/Date(1700810601000)/",16350,300,10632900,175772000000,-450,false,-2.68
"CII",142243,"/Date(1700810600000)/",16350,3000,10632600,175767000000,-450,false,-2.68
"CII",142243,"/Date(1700810599000)/",16350,1000,10629600,175718000000,-450,false,-2.68
"CII",142243,"/Date(1700810598000)/",16300,300,10628600,175701000000,-500,true,-2.98
"CII",142240,"/Date(1700810596000)/",16350,700,10628300,175696000000,-450,false,-2.68
"CII",142240,"/Date(1700810596000)/",16350,100,10627600,175685000000,-450,false,-2.68
"CII",142240,"/Date(1700810594000)/",16350,2000,10627500,175683000000,-450,false,-2.68
"CII",142237,"/Date(1700810593000)/",16350,5900,10625500,175651000000,-450,false,-2.68
"CII",142237,"/Date(1700810593000)/",16350,9100,10619600,175554000000,-450,false,-2.68
"CII",142237,"/Date(1700810592000)/",16350,600,10610500,175405000000,-450,false,-2.68
"CII",142237,"/Date(1700810591000)/",16300,300,10609900,175396000000,-500,true,-2.98
"CII",142234,"/Date(1700810591000)/",16350,500,10609600,175391000000,-450,false,-2.68
"CII",142234,"/Date(1700810589000)/",16350,200,10609100,175383000000,-450,false,-2.68
"CII",142234,"/Date(1700810589000)/",16350,100,10608900,175379000000,-450,false,-2.68
"CII",142231,"/Date(1700810587000)/",16350,100,10608800,175378000000,-450,false,-2.68
"CII",142231,"/Date(1700810587000)/",16350,1900,10608700,175376000000,-450,false,-2.68
"CII",142231,"/Date(1700810587000)/",16350,7500,10606800,175345000000,-450,false,-2.68
"CII",142231,"/Date(1700810587000)/",16350,2500,10599300,175222000000,-450,false,-2.68
"CII",142231,"/Date(1700810585000)/",16350,100,10596800,175181000000,-450,false,-2.68
"CII",142228,"/Date(1700810581000)/",16350,1800,10596700,175180000000,-450,false,-2.68
"CII",142224,"/Date(1700810581000)/",16350,2000,10594900,175150000000,-450,false,-2.68
"CII",142224,"/Date(1700810580000)/",16350,200,10592900,175118000000,-450,false,-2.68
"CII",142224,"/Date(1700810579000)/",16350,500,10592700,175114000000,-450,false,-2.68
"CII",142224,"/Date(1700810579000)/",16350,100,10592200,175106000000,-450,false,-2.68
"CII",142221,"/Date(1700810576000)/",16350,1000,10592100,175105000000,-450,false,-2.68
"CII",142218,"/Date(1700810574000)/",16350,100,10591100,175088000000,-450,false,-2.68
"CII",142218,"/Date(1700810574000)/",16300,500,10591000,175087000000,-500,true,-2.98
"CII",142218,"/Date(1700810572000)/",16350,1000,10590500,175078000000,-450,false,-2.68
"CII",142212,"/Date(1700810568000)/",16350,100,10589500,175062000000,-450,false,-2.68
"CII",142208,"/Date(1700810565000)/",16350,10000,10589400,175060000000,-450,false,-2.68
"CII",142208,"/Date(1700810564000)/",16300,2000,10579400,174897000000,-500,true,-2.98
"CII",142208,"/Date(1700810563000)/",16300,100,10577400,174864000000,-500,true,-2.98
"CII",142205,"/Date(1700810560000)/",16350,2000,10577300,174863000000,-450,false,-2.68
"CII",142202,"/Date(1700810556000)/",16300,2700,10575300,174830000000,-500,true,-2.98
"CII",142202,"/Date(1700810556000)/",16300,100,10572600,174786000000,-500,true,-2.98
"CII",142202,"/Date(1700810556000)/",16300,2000,10572500,174784000000,-500,true,-2.98
"CII",142159,"/Date(1700810555000)/",16300,4000,10570500,174752000000,-500,true,-2.98
"CII",142159,"/Date(1700810554000)/",16300,1000,10566500,174687000000,-500,true,-2.98
"CII",142159,"/Date(1700810553000)/",16300,500,10565500,174670000000,-500,true,-2.98
"CII",142156,"/Date(1700810551000)/",16300,12500,10565000,174662000000,-500,true,-2.98
"CII",142156,"/Date(1700810551000)/",16300,2000,10552500,174458000000,-500,true,-2.98
"CII",142156,"/Date(1700810551000)/",16300,2000,10550500,174426000000,-500,true,-2.98
"CII",142156,"/Date(1700810551000)/",16300,5000,10548500,174393000000,-500,true,-2.98
"CII",142156,"/Date(1700810551000)/",16300,200,10543500,174312000000,-500,true,-2.98
"CII",142156,"/Date(1700810551000)/",16300,3000,10543300,174308000000,-500,true,-2.98
"CII",142156,"/Date(1700810551000)/",16300,3200,10540300,174260000000,-500,true,-2.98
"CII",142156,"/Date(1700810551000)/",16300,200,10537100,174207000000,-500,true,-2.98
"CII",142156,"/Date(1700810551000)/",16300,100,10536900,174204000000,-500,true,-2.98
"CII",142156,"/Date(1700810551000)/",16300,1000,10536800,174202000000,-500,true,-2.98
"CII",142156,"/Date(1700810551000)/",16300,200,10535800,174186000000,-500,true,-2.98
"CII",142156,"/Date(1700810551000)/",16300,100,10535600,174183000000,-500,true,-2.98
"CII",142156,"/Date(1700810551000)/",16300,500,10535500,174181000000,-500,true,-2.98
"CII",142152,"/Date(1700810546000)/",16300,1000,10535000,174173000000,-500,true,-2.98
"CII",142152,"/Date(1700810546000)/",16350,400,10534000,174157000000,-450,false,-2.68
"CII",142146,"/Date(1700810542000)/",16300,4000,10533600,174150000000,-500,true,-2.98
"CII",142146,"/Date(1700810542000)/",16300,100,10529600,174085000000,-500,true,-2.98
"CII",142146,"/Date(1700810542000)/",16300,5000,10529500,174083000000,-500,true,-2.98
"CII",142146,"/Date(1700810542000)/",16300,3000,10524500,174002000000,-500,true,-2.98
"CII",142146,"/Date(1700810542000)/",16300,5000,10521500,173953000000,-500,true,-2.98
"CII",142146,"/Date(1700810542000)/",16300,1000,10516500,173872000000,-500,true,-2.98
"CII",142146,"/Date(1700810542000)/",16300,1900,10515500,173855000000,-500,true,-2.98
"CII",142143,"/Date(1700810538000)/",16300,2000,10513600,173824000000,-500,true,-2.98
"CII",142136,"/Date(1700810532000)/",16300,1600,10511600,173792000000,-500,true,-2.98
"CII",142136,"/Date(1700810532000)/",16300,100,10510000,173766000000,-500,true,-2.98
"CII",142136,"/Date(1700810531000)/",16350,300,10509900,173764000000,-450,false,-2.68
"CII",142133,"/Date(1700810528000)/",16350,300,10509600,173759000000,-450,false,-2.68
"CII",142130,"/Date(1700810526000)/",16350,2000,10509300,173754000000,-450,false,-2.68
"CII",142127,"/Date(1700810521000)/",16300,100,10507300,173721000000,-500,true,-2.98
"CII",142127,"/Date(1700810521000)/",16300,2900,10507200,173720000000,-500,true,-2.98
"CII",142127,"/Date(1700810521000)/",16350,5000,10504300,173673000000,-450,false,-2.68
"CII",142124,"/Date(1700810520000)/",16300,2500,10499300,173591000000,-500,true,-2.98
"CII",142120,"/Date(1700810515000)/",16350,600,10496800,173550000000,-450,false,-2.68
"CII",142120,"/Date(1700810515000)/",16350,200,10496200,173540000000,-450,false,-2.68
"CII",142117,"/Date(1700810512000)/",16300,14600,10496000,173537000000,-500,true,-2.98
"CII",142117,"/Date(1700810512000)/",16300,1400,10481400,173299000000,-500,true,-2.98
"CII",142117,"/Date(1700810511000)/",16300,600,10480000,173276000000,-500,true,-2.98
"CII",142117,"/Date(1700810511000)/",16300,100,10479400,173266000000,-500,true,-2.98
"CII",142117,"/Date(1700810511000)/",16300,1000,10479300,173265000000,-500,true,-2.98
"CII",142117,"/Date(1700810511000)/",16300,100,10478300,173248000000,-500,true,-2.98
"CII",142117,"/Date(1700810511000)/",16300,1200,10478200,173247000000,-500,true,-2.98
"CII",142117,"/Date(1700810511000)/",16350,300,10477000,173227000000,-450,false,-2.68
"CII",142111,"/Date(1700810506000)/",16300,500,10476700,173222000000,-500,true,-2.98
"CII",142111,"/Date(1700810506000)/",16300,200,10476200,173214000000,-500,true,-2.98
"CII",142108,"/Date(1700810504000)/",16300,800,10476000,173211000000,-500,true,-2.98
"CII",142108,"/Date(1700810504000)/",16300,2000,10475200,173198000000,-500,true,-2.98
"CII",142108,"/Date(1700810504000)/",16300,1000,10473200,173165000000,-500,true,-2.98
"CII",142108,"/Date(1700810504000)/",16300,2200,10472200,173149000000,-500,true,-2.98
"CII",142101,"/Date(1700810497000)/",16300,1600,10470000,173113000000,-500,true,-2.98
"CII",142101,"/Date(1700810497000)/",16300,200,10468400,173087000000,-500,true,-2.98
"CII",142101,"/Date(1700810497000)/",16300,1000,10468200,173084000000,-500,true,-2.98
"CII",142101,"/Date(1700810495000)/",16300,1600,10467200,173068000000,-500,true,-2.98
"CII",142101,"/Date(1700810495000)/",16300,2000,10465600,173041000000,-500,true,-2.98
"CII",142101,"/Date(1700810495000)/",16300,1000,10463600,173009000000,-500,true,-2.98
"CII",142101,"/Date(1700810495000)/",16300,400,10462600,172993000000,-500,true,-2.98
"CII",142101,"/Date(1700810495000)/",16300,5000,10462200,172986000000,-500,true,-2.98
"CII",142058,"/Date(1700810494000)/",16300,200,10457200,172905000000,-500,false,-2.98
"CII",142058,"/Date(1700810494000)/",16250,1000,10457000,172901000000,-550,true,-3.27
"CII",142055,"/Date(1700810489000)/",16300,1400,10456000,172885000000,-500,false,-2.98
"CII",142055,"/Date(1700810489000)/",16300,100,10454600,172862000000,-500,false,-2.98
"CII",142055,"/Date(1700810489000)/",16300,5000,10454500,172861000000,-500,false,-2.98
"CII",142055,"/Date(1700810489000)/",16300,3500,10449500,172779000000,-500,false,-2.98
"CII",142052,"/Date(1700810488000)/",16250,1500,10446000,172722000000,-550,true,-3.27
"CII",142052,"/Date(1700810488000)/",16250,8500,10444500,172698000000,-550,true,-3.27
"CII",142052,"/Date(1700810486000)/",16300,1000,10436000,172560000000,-500,false,-2.98
"CII",142048,"/Date(1700810485000)/",16250,1000,10435000,172543000000,-550,true,-3.27
"CII",142048,"/Date(1700810484000)/",16300,1000,10434000,172527000000,-500,false,-2.98
"CII",142045,"/Date(1700810482000)/",16300,3000,10433000,172511000000,-500,false,-2.98
"CII",142039,"/Date(1700810474000)/",16250,500,10430000,172462000000,-550,true,-3.27
"CII",142036,"/Date(1700810471000)/",16300,2000,10429500,172454000000,-500,false,-2.98
"CII",142036,"/Date(1700810469000)/",16300,200,10427500,172421000000,-500,false,-2.98
"CII",142020,"/Date(1700810454000)/",16200,1800,10427300,172418000000,-600,true,-3.57
"CII",142020,"/Date(1700810454000)/",16200,500,10425500,172389000000,-600,true,-3.57
"CII",142020,"/Date(1700810454000)/",16200,500,10425000,172381000000,-600,true,-3.57
"CII",142020,"/Date(1700810454000)/",16200,800,10424500,172372000000,-600,true,-3.57
"CII",142020,"/Date(1700810454000)/",16250,1000,10423700,172359000000,-550,true,-3.27
"CII",142020,"/Date(1700810454000)/",16300,100,10422700,172343000000,-500,false,-2.98
"CII",142020,"/Date(1700810454000)/",16250,2700,10422600,172342000000,-550,true,-3.27
"CII",142016,"/Date(1700810450000)/",16250,300,10419900,172298000000,-550,true,-3.27
"CII",142016,"/Date(1700810450000)/",16250,300,10419600,172293000000,-550,true,-3.27
"CII",142013,"/Date(1700810448000)/",16300,100,10419300,172288000000,-500,false,-2.98
"CII",142010,"/Date(1700810446000)/",16300,100,10419200,172286000000,-500,false,-2.98
"CII",142010,"/Date(1700810446000)/",16300,2000,10419100,172285000000,-500,false,-2.98
"CII",142010,"/Date(1700810446000)/",16300,4300,10417100,172252000000,-500,false,-2.98
"CII",142010,"/Date(1700810446000)/",16250,3600,10412800,172182000000,-550,false,-3.27
"CII",142010,"/Date(1700810446000)/",16250,100,10409200,172124000000,-550,false,-3.27
"CII",142010,"/Date(1700810444000)/",16250,300,10409100,172122000000,-550,false,-3.27
"CII",142010,"/Date(1700810444000)/",16250,500,10408800,172117000000,-550,false,-3.27
"CII",142010,"/Date(1700810444000)/",16250,500,10408300,172109000000,-550,false,-3.27
"CII",142010,"/Date(1700810444000)/",16250,1000,10407800,172101000000,-550,false,-3.27
"CII",142010,"/Date(1700810443000)/",16250,600,10406800,172085000000,-550,false,-3.27
"CII",142010,"/Date(1700810443000)/",16250,1000,10406200,172075000000,-550,false,-3.27
"CII",142007,"/Date(1700810441000)/",16300,5700,10405200,172059000000,-500,false,-2.98
"CII",142007,"/Date(1700810441000)/",16300,500,10399500,171966000000,-500,false,-2.98
"CII",142007,"/Date(1700810441000)/",16300,1000,10399000,171957000000,-500,false,-2.98
"CII",142007,"/Date(1700810441000)/",16300,500,10398000,171941000000,-500,false,-2.98
"CII",142007,"/Date(1700810441000)/",16300,1000,10397500,171933000000,-500,false,-2.98
"CII",142007,"/Date(1700810441000)/",16300,2500,10396500,171917000000,-500,false,-2.98
"CII",142007,"/Date(1700810441000)/",16300,100,10394000,171876000000,-500,false,-2.98
"CII",142007,"/Date(1700810441000)/",16300,5000,10393900,171874000000,-500,false,-2.98
"CII",142007,"/Date(1700810441000)/",16300,200,10388900,171793000000,-500,false,-2.98
"CII",142007,"/Date(1700810441000)/",16300,2000,10388700,171790000000,-500,false,-2.98
"CII",142007,"/Date(1700810441000)/",16300,500,10386700,171757000000,-500,false,-2.98
"CII",142007,"/Date(1700810441000)/",16300,1000,10386200,171749000000,-500,false,-2.98
"CII",142003,"/Date(1700810440000)/",16250,100,10385200,171733000000,-550,false,-3.27
"CII",142003,"/Date(1700810438000)/",16250,1000,10385100,171731000000,-550,false,-3.27
"CII",142003,"/Date(1700810438000)/",16250,1000,10384100,171715000000,-550,false,-3.27
"CII",142003,"/Date(1700810438000)/",16250,1900,10383100,171698000000,-550,false,-3.27
"CII",142003,"/Date(1700810437000)/",16250,100,10381200,171668000000,-550,false,-3.27
"CII",142003,"/Date(1700810437000)/",16250,900,10381100,171666000000,-550,false,-3.27
"CII",142000,"/Date(1700810436000)/",16250,1100,10380200,171651000000,-550,false,-3.27
"CII",142000,"/Date(1700810436000)/",16250,900,10379100,171633000000,-550,false,-3.27
"CII",142000,"/Date(1700810436000)/",16250,1000,10378200,171619000000,-550,false,-3.27
"CII",142000,"/Date(1700810436000)/",16250,1000,10377200,171603000000,-550,false,-3.27
"CII",141957,"/Date(1700810431000)/",16200,1000,10376200,171586000000,-600,true,-3.57
"CII",141954,"/Date(1700810428000)/",16250,100,10375200,171570000000,-550,false,-3.27
"CII",141951,"/Date(1700810426000)/",16250,1500,10375100,171568000000,-550,false,-3.27
"CII",141948,"/Date(1700810423000)/",16250,2000,10373600,171544000000,-550,false,-3.27
"CII",141948,"/Date(1700810422000)/",16200,2000,10371600,171512000000,-600,true,-3.57
"CII",141944,"/Date(1700810419000)/",16250,500,10369600,171479000000,-550,false,-3.27
"CII",141944,"/Date(1700810419000)/",16250,3000,10369100,171471000000,-550,false,-3.27
"CII",141944,"/Date(1700810418000)/",16200,200,10366100,171422000000,-600,true,-3.57
"CII",141938,"/Date(1700810414000)/",16250,500,10365900,171419000000,-550,false,-3.27
"CII",141935,"/Date(1700810410000)/",16250,200,10365400,171411000000,-550,false,-3.27
"CII",141935,"/Date(1700810408000)/",16250,100,10365200,171408000000,-550,false,-3.27
"CII",141935,"/Date(1700810408000)/",16200,400,10365100,171406000000,-600,false,-3.57
"CII",141935,"/Date(1700810408000)/",16200,5000,10364700,171400000000,-600,false,-3.57
"CII",141932,"/Date(1700810408000)/",16200,100,10359700,171319000000,-600,false,-3.57
"CII",141932,"/Date(1700810408000)/",16200,500,10359600,171317000000,-600,false,-3.57
"CII",141932,"/Date(1700810407000)/",16200,5000,10359100,171309000000,-600,false,-3.57
"CII",141928,"/Date(1700810404000)/",16200,1000,10354100,171228000000,-600,true,-3.57
"CII",141928,"/Date(1700810404000)/",16200,100,10353100,171212000000,-600,true,-3.57
"CII",141928,"/Date(1700810404000)/",16200,2000,10353000,171210000000,-600,true,-3.57
"CII",141928,"/Date(1700810404000)/",16200,200,10351000,171178000000,-600,true,-3.57
"CII",141928,"/Date(1700810404000)/",16200,1000,10350800,171174000000,-600,true,-3.57
"CII",141928,"/Date(1700810404000)/",16200,200,10349800,171158000000,-600,true,-3.57
"CII",141928,"/Date(1700810404000)/",16200,100,10349600,171155000000,-600,true,-3.57
"CII",141928,"/Date(1700810404000)/",16200,500,10349500,171153000000,-600,true,-3.57
"CII",141928,"/Date(1700810404000)/",16200,500,10349000,171145000000,-600,true,-3.57
"CII",141928,"/Date(1700810404000)/",16200,1000,10348500,171137000000,-600,true,-3.57
"CII",141928,"/Date(1700810404000)/",16200,200,10347500,171121000000,-600,true,-3.57
"CII",141928,"/Date(1700810404000)/",16200,500,10347300,171118000000,-600,true,-3.57
"CII",141928,"/Date(1700810404000)/",16200,100,10346800,171110000000,-600,true,-3.57
"CII",141928,"/Date(1700810404000)/",16200,2000,10346700,171108000000,-600,true,-3.57
"CII",141928,"/Date(1700810404000)/",16200,200,10344700,171076000000,-600,true,-3.57
"CII",141928,"/Date(1700810404000)/",16200,1000,10344500,171072000000,-600,true,-3.57
"CII",141928,"/Date(1700810404000)/",16200,1000,10343500,171056000000,-600,true,-3.57
"CII",141928,"/Date(1700810404000)/",16200,100,10342500,171040000000,-600,true,-3.57
"CII",141928,"/Date(1700810404000)/",16200,200,10342400,171038000000,-600,true,-3.57
"CII",141928,"/Date(1700810404000)/",16200,1000,10342200,171035000000,-600,true,-3.57
"CII",141928,"/Date(1700810404000)/",16200,100,10341200,171019000000,-600,true,-3.57
"CII",141925,"/Date(1700810400000)/",16250,200,10341100,171017000000,-550,false,-3.27
"CII",141916,"/Date(1700810391000)/",16200,1900,10340900,171014000000,-600,true,-3.57
"CII",141916,"/Date(1700810391000)/",16200,100,10339000,170983000000,-600,true,-3.57
"CII",141916,"/Date(1700810391000)/",16200,1000,10338900,170982000000,-600,true,-3.57
"CII",141916,"/Date(1700810389000)/",16250,100,10337900,170965000000,-550,false,-3.27
"CII",141912,"/Date(1700810387000)/",16250,300,10337800,170964000000,-550,false,-3.27
"CII",141909,"/Date(1700810383000)/",16250,500,10337500,170959000000,-550,true,-3.27
"CII",141909,"/Date(1700810383000)/",16250,500,10337000,170951000000,-550,true,-3.27
"CII",141909,"/Date(1700810383000)/",16250,500,10336500,170943000000,-550,true,-3.27
"CII",141909,"/Date(1700810383000)/",16250,500,10336000,170935000000,-550,true,-3.27
"CII",141909,"/Date(1700810383000)/",16250,200,10335500,170926000000,-550,true,-3.27
"CII",141909,"/Date(1700810383000)/",16250,300,10335300,170923000000,-550,true,-3.27
"CII",141906,"/Date(1700810379000)/",16250,500,10335000,170918000000,-550,true,-3.27
"CII",141859,"/Date(1700810374000)/",16250,500,10334500,170910000000,-550,false,-3.27
"CII",141859,"/Date(1700810373000)/",16250,1000,10334000,170902000000,-550,false,-3.27
"CII",141853,"/Date(1700810367000)/",16200,200,10333000,170886000000,-600,true,-3.57
"CII",141853,"/Date(1700810367000)/",16200,800,10332800,170883000000,-600,true,-3.57
"CII",141853,"/Date(1700810367000)/",16200,1000,10332000,170870000000,-600,true,-3.57
"CII",141853,"/Date(1700810367000)/",16200,100,10331000,170853000000,-600,true,-3.57
"CII",141853,"/Date(1700810367000)/",16200,100,10330900,170852000000,-600,true,-3.57
"CII",141850,"/Date(1700810364000)/",16250,100,10330800,170850000000,-550,false,-3.27
"CII",141847,"/Date(1700810362000)/",16250,900,10330700,170849000000,-550,true,-3.27
"CII",141847,"/Date(1700810362000)/",16250,3000,10329800,170834000000,-550,true,-3.27
"CII",141847,"/Date(1700810362000)/",16250,100,10326800,170785000000,-550,true,-3.27
"CII",141847,"/Date(1700810361000)/",16250,1000,10326700,170784000000,-550,true,-3.27
"CII",141847,"/Date(1700810361000)/",16250,300,10325700,170767000000,-550,true,-3.27
"CII",141847,"/Date(1700810361000)/",16250,100,10325400,170762000000,-550,true,-3.27
"CII",141847,"/Date(1700810361000)/",16250,2000,10325300,170761000000,-550,true,-3.27
"CII",141847,"/Date(1700810361000)/",16250,500,10323300,170728000000,-550,true,-3.27
"CII",141843,"/Date(1700810359000)/",16250,500,10322800,170720000000,-550,false,-3.27
"CII",141840,"/Date(1700810357000)/",16250,2000,10322300,170712000000,-550,false,-3.27
"CII",141840,"/Date(1700810355000)/",16250,4500,10320300,170680000000,-550,false,-3.27
"CII",141840,"/Date(1700810354000)/",16250,2000,10315800,170606000000,-550,false,-3.27
"CII",141840,"/Date(1700810354000)/",16250,1000,10313800,170574000000,-550,false,-3.27
"CII",141840,"/Date(1700810354000)/",16250,1000,10312800,170558000000,-550,false,-3.27
"CII",141840,"/Date(1700810354000)/",16250,500,10311800,170541000000,-550,false,-3.27
"CII",141837,"/Date(1700810353000)/",16250,1000,10311300,170533000000,-550,false,-3.27
"CII",141837,"/Date(1700810351000)/",16250,100,10310300,170517000000,-550,false,-3.27
"CII",141834,"/Date(1700810348000)/",16250,200,10310200,170515000000,-550,false,-3.27
"CII",141831,"/Date(1700810346000)/",16250,200,10310000,170512000000,-550,false,-3.27
"CII",141831,"/Date(1700810346000)/",16250,4800,10309800,170509000000,-550,false,-3.27
"CII",141831,"/Date(1700810345000)/",16250,3000,10305000,170431000000,-550,false,-3.27
"CII",141831,"/Date(1700810344000)/",16250,200,10302000,170382000000,-550,false,-3.27
"CII",141827,"/Date(1700810343000)/",16250,400,10301800,170379000000,-550,false,-3.27
"CII",141827,"/Date(1700810341000)/",16250,300,10301400,170372000000,-550,false,-3.27
"CII",141824,"/Date(1700810339000)/",16250,200,10301100,170368000000,-550,true,-3.27
"CII",141824,"/Date(1700810339000)/",16250,100,10300900,170364000000,-550,true,-3.27
"CII",141824,"/Date(1700810339000)/",16250,100,10300800,170363000000,-550,true,-3.27
"CII",141824,"/Date(1700810339000)/",16250,900,10300700,170361000000,-550,true,-3.27
"CII",141824,"/Date(1700810339000)/",16300,1000,10299800,170346000000,-500,false,-2.98
"CII",141824,"/Date(1700810338000)/",16300,100,10298800,170330000000,-500,false,-2.98
"CII",141821,"/Date(1700810337000)/",16250,100,10298700,170328000000,-550,true,-3.27
"CII",141821,"/Date(1700810337000)/",16250,100,10298600,170327000000,-550,true,-3.27
"CII",141821,"/Date(1700810337000)/",16250,800,10298500,170325000000,-550,true,-3.27
"CII",141821,"/Date(1700810337000)/",16300,100,10297700,170312000000,-500,false,-2.98
"CII",141818,"/Date(1700810334000)/",16300,4000,10297600,170311000000,-500,false,-2.98
"CII",141811,"/Date(1700810327000)/",16300,1500,10293600,170245000000,-500,false,-2.98
"CII",141811,"/Date(1700810327000)/",16300,500,10292100,170221000000,-500,false,-2.98
"CII",141811,"/Date(1700810326000)/",16250,200,10291600,170213000000,-550,false,-3.27
"CII",141808,"/Date(1700810324000)/",16200,900,10291400,170210000000,-600,true,-3.57
"CII",141808,"/Date(1700810324000)/",16200,100,10290500,170195000000,-600,true,-3.57
"CII",141802,"/Date(1700810318000)/",16250,300,10290400,170193000000,-550,false,-3.27
"CII",141802,"/Date(1700810318000)/",16250,500,10290100,170188000000,-550,false,-3.27
"CII",141802,"/Date(1700810318000)/",16200,3000,10289600,170180000000,-600,false,-3.57
"CII",141802,"/Date(1700810318000)/",16200,600,10286600,170132000000,-600,false,-3.57
"CII",141802,"/Date(1700810318000)/",16200,200,10286000,170122000000,-600,false,-3.57
"CII",141802,"/Date(1700810317000)/",16150,2500,10285800,170119000000,-650,true,-3.87
"CII",141759,"/Date(1700810314000)/",16200,100,10283300,170078000000,-600,false,-3.57
"CII",141755,"/Date(1700810309000)/",16150,400,10283200,170077000000,-650,false,-3.87
"CII",141755,"/Date(1700810309000)/",16150,1600,10282800,170070000000,-650,false,-3.87
"CII",141755,"/Date(1700810309000)/",16150,200,10281200,170044000000,-650,false,-3.87
"CII",141755,"/Date(1700810309000)/",16150,6100,10281000,170041000000,-650,false,-3.87
"CII",141752,"/Date(1700810308000)/",16150,100,10274900,169943000000,-650,false,-3.87
"CII",141752,"/Date(1700810308000)/",16150,1800,10274800,169941000000,-650,false,-3.87
"CII",141752,"/Date(1700810308000)/",16150,200,10273000,169912000000,-650,false,-3.87
"CII",141752,"/Date(1700810307000)/",16150,200,10272800,169909000000,-650,false,-3.87
"CII",141752,"/Date(1700810307000)/",16150,100,10272600,169906000000,-650,false,-3.87
"CII",141752,"/Date(1700810307000)/",16150,5200,10272500,169904000000,-650,false,-3.87
"CII",141752,"/Date(1700810307000)/",16150,500,10267300,169820000000,-650,false,-3.87
"CII",141752,"/Date(1700810307000)/",16150,200,10266800,169812000000,-650,false,-3.87
"CII",141752,"/Date(1700810307000)/",16150,100,10266600,169809000000,-650,false,-3.87
"CII",141752,"/Date(1700810307000)/",16150,900,10266500,169807000000,-650,false,-3.87
"CII",141752,"/Date(1700810306000)/",16150,1000,10265600,169793000000,-650,false,-3.87
"CII",141749,"/Date(1700810304000)/",16150,500,10264600,169776000000,-650,false,-3.87
"CII",141749,"/Date(1700810303000)/",16150,2000,10264100,169768000000,-650,false,-3.87
"CII",141746,"/Date(1700810302000)/",16150,1000,10262100,169736000000,-650,false,-3.87
"CII",141746,"/Date(1700810301000)/",16100,2200,10261100,169720000000,-700,true,-4.17
"CII",141746,"/Date(1700810301000)/",16100,1000,10258900,169684000000,-700,true,-4.17
"CII",141746,"/Date(1700810301000)/",16100,200,10257900,169668000000,-700,true,-4.17
"CII",141743,"/Date(1700810299000)/",16100,200,10257700,169665000000,-700,true,-4.17
"CII",141739,"/Date(1700810296000)/",16100,4900,10257500,169662000000,-700,false,-4.17
"CII",141739,"/Date(1700810296000)/",16100,700,10252600,169583000000,-700,false,-4.17
"CII",141739,"/Date(1700810296000)/",16100,1200,10251900,169572000000,-700,false,-4.17
"CII",141739,"/Date(1700810295000)/",16100,1000,10250700,169552000000,-700,false,-4.17
"CII",141739,"/Date(1700810295000)/",16100,800,10249700,169536000000,-700,false,-4.17
"CII",141739,"/Date(1700810295000)/",16100,3000,10248900,169523000000,-700,false,-4.17
"CII",141739,"/Date(1700810295000)/",16100,1200,10245900,169475000000,-700,false,-4.17
"CII",141739,"/Date(1700810295000)/",16100,200,10244700,169456000000,-700,false,-4.17
"CII",141739,"/Date(1700810295000)/",16100,600,10244500,169453000000,-700,false,-4.17
"CII",141739,"/Date(1700810295000)/",16100,100,10243900,169443000000,-700,false,-4.17
"CII",141739,"/Date(1700810295000)/",16100,1000,10243800,169441000000,-700,false,-4.17
"CII",141739,"/Date(1700810295000)/",16100,300,10242800,169425000000,-700,false,-4.17
"CII",141739,"/Date(1700810295000)/",16100,500,10242500,169420000000,-700,false,-4.17
"CII",141739,"/Date(1700810295000)/",16100,5000,10242000,169412000000,-700,false,-4.17
"CII",141739,"/Date(1700810295000)/",16100,2300,10237000,169332000000,-700,false,-4.17
"CII",141739,"/Date(1700810295000)/",16100,1000,10234700,169295000000,-700,false,-4.17
"CII",141739,"/Date(1700810295000)/",16100,500,10233700,169279000000,-700,false,-4.17
"CII",141739,"/Date(1700810294000)/",16100,1000,10233200,169271000000,-700,false,-4.17
"CII",141739,"/Date(1700810294000)/",16100,5000,10232200,169255000000,-700,false,-4.17
"CII",141739,"/Date(1700810294000)/",16100,2000,10227200,169174000000,-700,false,-4.17
"CII",141739,"/Date(1700810293000)/",16100,1000,10225200,169142000000,-700,false,-4.17
"CII",141739,"/Date(1700810293000)/",16100,3000,10224200,169126000000,-700,false,-4.17
"CII",141736,"/Date(1700810293000)/",16100,1000,10221200,169077000000,-700,false,-4.17
"CII",141736,"/Date(1700810292000)/",16100,1500,10220200,169061000000,-700,false,-4.17
"CII",141736,"/Date(1700810290000)/",16100,500,10218700,169037000000,-700,false,-4.17
"CII",141733,"/Date(1700810289000)/",16100,2000,10218200,169029000000,-700,false,-4.17
"CII",141733,"/Date(1700810289000)/",16100,4600,10216200,168997000000,-700,false,-4.17
"CII",141733,"/Date(1700810287000)/",16100,2000,10211600,168923000000,-700,false,-4.17
"CII",141733,"/Date(1700810287000)/",16100,100,10209600,168891000000,-700,false,-4.17
"CII",141730,"/Date(1700810285000)/",16100,2000,10209500,168889000000,-700,false,-4.17
"CII",141730,"/Date(1700810284000)/",16050,4800,10207500,168857000000,-750,true,-4.46
"CII",141730,"/Date(1700810284000)/",16050,200,10202700,168780000000,-750,true,-4.46
"CII",141723,"/Date(1700810279000)/",16100,300,10202500,168777000000,-700,false,-4.17
"CII",141723,"/Date(1700810279000)/",16100,200,10202200,168772000000,-700,false,-4.17
"CII",141723,"/Date(1700810277000)/",16050,500,10202000,168769000000,-750,true,-4.46
"CII",141720,"/Date(1700810276000)/",16050,1300,10201500,168761000000,-750,true,-4.46
"CII",141720,"/Date(1700810276000)/",16050,500,10200200,168740000000,-750,true,-4.46
"CII",141720,"/Date(1700810276000)/",16050,1000,10199700,168732000000,-750,true,-4.46
"CII",141720,"/Date(1700810276000)/",16050,300,10198700,168716000000,-750,true,-4.46
"CII",141720,"/Date(1700810276000)/",16050,300,10198400,168711000000,-750,true,-4.46
"CII",141717,"/Date(1700810271000)/",16050,5000,10198100,168706000000,-750,true,-4.46
"CII",141717,"/Date(1700810271000)/",16050,1000,10193100,168626000000,-750,true,-4.46
"CII",141717,"/Date(1700810271000)/",16050,1600,10192100,168610000000,-750,true,-4.46
"CII",141717,"/Date(1700810271000)/",16000,100,10190500,168584000000,-800,true,-4.76
"CII",141717,"/Date(1700810271000)/",16000,4900,10190400,168582000000,-800,true,-4.76
"CII",141714,"/Date(1700810270000)/",16050,100,10185500,168504000000,-750,false,-4.46
"CII",141714,"/Date(1700810269000)/",16050,2800,10185400,168502000000,-750,false,-4.46
"CII",141714,"/Date(1700810269000)/",16050,1200,10182600,168457000000,-750,false,-4.46
"CII",141711,"/Date(1700810264000)/",16000,1500,10181400,168438000000,-800,true,-4.76
"CII",141707,"/Date(1700810264000)/",16050,100,10179900,168414000000,-750,false,-4.46
"CII",141707,"/Date(1700810261000)/",16050,100,10179800,168413000000,-750,false,-4.46
"CII",141704,"/Date(1700810259000)/",16000,1000,10179700,168411000000,-800,false,-4.76
"CII",141704,"/Date(1700810258000)/",16000,200,10178700,168395000000,-800,false,-4.76
"CII",141704,"/Date(1700810258000)/",16000,100,10178500,168392000000,-800,false,-4.76
"CII",141704,"/Date(1700810258000)/",16000,500,10178400,168390000000,-800,false,-4.76
"CII",141704,"/Date(1700810258000)/",16000,11800,10177900,168382000000,-800,false,-4.76
"CII",141704,"/Date(1700810258000)/",16000,100,10166100,168193000000,-800,false,-4.76
"CII",141704,"/Date(1700810257000)/",16000,200,10166000,168192000000,-800,false,-4.76
"CII",141704,"/Date(1700810257000)/",16000,2700,10165800,168189000000,-800,false,-4.76
"CII",141701,"/Date(1700810257000)/",16000,1000,10163100,168145000000,-800,false,-4.76
"CII",141701,"/Date(1700810257000)/",16000,300,10162100,168129000000,-800,false,-4.76
"CII",141701,"/Date(1700810257000)/",16000,5600,10161800,168125000000,-800,false,-4.76
"CII",141701,"/Date(1700810256000)/",16000,100,10156200,168035000000,-800,false,-4.76
"CII",141701,"/Date(1700810255000)/",16000,3000,10156100,168033000000,-800,false,-4.76
"CII",141658,"/Date(1700810254000)/",16000,1000,10153100,167985000000,-800,false,-4.76
"CII",141658,"/Date(1700810252000)/",16000,500,10152100,167969000000,-800,false,-4.76
"CII",141655,"/Date(1700810249000)/",16000,2000,10151600,167961000000,-800,true,-4.76
"CII",141655,"/Date(1700810248000)/",16000,500,10149600,167929000000,-800,true,-4.76
"CII",141655,"/Date(1700810248000)/",16000,5000,10149100,167921000000,-800,true,-4.76
"CII",141655,"/Date(1700810248000)/",16000,1000,10144100,167841000000,-800,true,-4.76
"CII",141655,"/Date(1700810248000)/",16000,200,10143100,167825000000,-800,true,-4.76
"CII",141651,"/Date(1700810247000)/",16000,300,10142900,167822000000,-800,true,-4.76
"CII",141651,"/Date(1700810247000)/",16000,500,10142600,167817000000,-800,true,-4.76
"CII",141651,"/Date(1700810247000)/",16000,100,10142100,167809000000,-800,true,-4.76
"CII",141651,"/Date(1700810246000)/",16000,9400,10142000,167808000000,-800,true,-4.76
"CII",141651,"/Date(1700810245000)/",16000,100,10132600,167657000000,-800,true,-4.76
"CII",141648,"/Date(1700810243000)/",16000,500,10132500,167656000000,-800,false,-4.76
"CII",141648,"/Date(1700810243000)/",16000,100,10132000,167648000000,-800,false,-4.76
"CII",141648,"/Date(1700810243000)/",16000,400,10131900,167646000000,-800,false,-4.76
"CII",141648,"/Date(1700810243000)/",16000,100,10131500,167640000000,-800,false,-4.76
"CII",141645,"/Date(1700810241000)/",15950,2900,10131400,167638000000,-850,true,-5.06
"CII",141645,"/Date(1700810241000)/",15950,500,10128500,167592000000,-850,true,-5.06
"CII",141645,"/Date(1700810241000)/",15950,1000,10128000,167584000000,-850,true,-5.06
"CII",141645,"/Date(1700810241000)/",15950,1000,10127000,167568000000,-850,true,-5.06
"CII",141645,"/Date(1700810241000)/",15950,500,10126000,167552000000,-850,true,-5.06
"CII",141645,"/Date(1700810241000)/",15950,1500,10125500,167544000000,-850,true,-5.06
"CII",141645,"/Date(1700810241000)/",16000,2600,10124000,167520000000,-800,false,-4.76
"CII",141645,"/Date(1700810240000)/",16000,7400,10121400,167479000000,-800,false,-4.76
"CII",141645,"/Date(1700810240000)/",16000,5000,10114000,167360000000,-800,false,-4.76
"CII",141645,"/Date(1700810240000)/",16000,1000,10109000,167280000000,-800,false,-4.76
"CII",141645,"/Date(1700810239000)/",16000,1000,10108000,167264000000,-800,false,-4.76
"CII",141645,"/Date(1700810239000)/",16000,100,10107000,167248000000,-800,false,-4.76
"CII",141645,"/Date(1700810239000)/",16000,1000,10106900,167247000000,-800,false,-4.76
"CII",141645,"/Date(1700810239000)/",16000,500,10105900,167231000000,-800,false,-4.76
"CII",141642,"/Date(1700810238000)/",16000,100,10105400,167223000000,-800,true,-4.76
"CII",141642,"/Date(1700810238000)/",16000,1000,10105300,167221000000,-800,true,-4.76
"CII",141642,"/Date(1700810238000)/",16000,500,10104300,167205000000,-800,true,-4.76
"CII",141642,"/Date(1700810238000)/",16000,100,10103800,167197000000,-800,true,-4.76
"CII",141642,"/Date(1700810238000)/",16000,2000,10103700,167195000000,-800,true,-4.76
"CII",141642,"/Date(1700810238000)/",16000,300,10101700,167163000000,-800,true,-4.76
"CII",141642,"/Date(1700810237000)/",16000,1200,10101400,167159000000,-800,true,-4.76
"CII",141642,"/Date(1700810237000)/",16000,1000,10100200,167139000000,-800,true,-4.76
"CII",141642,"/Date(1700810237000)/",16000,500,10099200,167123000000,-800,true,-4.76
"CII",141642,"/Date(1700810237000)/",16000,2300,10098700,167115000000,-800,true,-4.76
"CII",141642,"/Date(1700810236000)/",16050,200,10096400,167079000000,-750,false,-4.46
"CII",141642,"/Date(1700810236000)/",16050,13400,10096200,167075000000,-750,false,-4.46
"CII",141642,"/Date(1700810236000)/",16050,400,10082800,166860000000,-750,false,-4.46
"CII",141642,"/Date(1700810236000)/",16050,4000,10082400,166854000000,-750,false,-4.46
"CII",141642,"/Date(1700810236000)/",16050,2200,10078400,166790000000,-750,false,-4.46
"CII",141642,"/Date(1700810236000)/",16050,100,10076200,166754000000,-750,false,-4.46
"CII",141639,"/Date(1700810234000)/",16000,1500,10076100,166753000000,-800,true,-4.76
"CII",141639,"/Date(1700810233000)/",16000,500,10074600,166729000000,-800,true,-4.76
"CII",141639,"/Date(1700810233000)/",16000,1700,10074100,166721000000,-800,true,-4.76
"CII",141639,"/Date(1700810233000)/",16000,5300,10072400,166694000000,-800,true,-4.76
"CII",141639,"/Date(1700810232000)/",16000,500,10067100,166609000000,-800,true,-4.76
"CII",141635,"/Date(1700810231000)/",16000,3000,10066600,166601000000,-800,true,-4.76
"CII",141635,"/Date(1700810230000)/",16000,1000,10063600,166553000000,-800,true,-4.76
"CII",141635,"/Date(1700810229000)/",16050,600,10062600,166537000000,-750,false,-4.46
"CII",141635,"/Date(1700810229000)/",16050,400,10062000,166527000000,-750,false,-4.46
"CII",141632,"/Date(1700810228000)/",16050,2000,10061600,166521000000,-750,false,-4.46
"CII",141632,"/Date(1700810227000)/",16050,700,10059600,166489000000,-750,false,-4.46
"CII",141632,"/Date(1700810226000)/",16050,200,10058900,166477000000,-750,false,-4.46
"CII",141629,"/Date(1700810225000)/",16000,2000,10058700,166474000000,-800,false,-4.76
"CII",141629,"/Date(1700810225000)/",16000,100,10056700,166442000000,-800,false,-4.76
"CII",141629,"/Date(1700810225000)/",16000,400,10056600,166441000000,-800,false,-4.76
"CII",141629,"/Date(1700810225000)/",16000,500,10056200,166434000000,-800,false,-4.76
"CII",141629,"/Date(1700810225000)/",16000,5000,10055700,166426000000,-800,false,-4.76
"CII",141629,"/Date(1700810225000)/",16000,2000,10050700,166346000000,-800,false,-4.76
"CII",141629,"/Date(1700810225000)/",16000,200,10048700,166314000000,-800,false,-4.76
"CII",141629,"/Date(1700810224000)/",16000,100,10048500,166311000000,-800,false,-4.76
"CII",141629,"/Date(1700810224000)/",16000,200,10048400,166309000000,-800,false,-4.76
"CII",141629,"/Date(1700810223000)/",15950,500,10048200,166306000000,-850,false,-5.06
"CII",141629,"/Date(1700810223000)/",16000,100,10047700,166298000000,-800,false,-4.76
"CII",141629,"/Date(1700810223000)/",16000,100,10047600,166297000000,-800,false,-4.76
"CII",141626,"/Date(1700810221000)/",15900,200,10047500,166295000000,-900,true,-5.36
"CII",141626,"/Date(1700810221000)/",15900,8000,10047300,166292000000,-900,true,-5.36
"CII",141626,"/Date(1700810221000)/",15950,2000,10039300,166165000000,-850,true,-5.06
"CII",141626,"/Date(1700810220000)/",15900,14300,10037300,166133000000,-900,true,-5.36
"CII",141626,"/Date(1700810220000)/",15900,1000,10023000,165905000000,-900,true,-5.36
"CII",141626,"/Date(1700810220000)/",15900,200,10022000,165889000000,-900,true,-5.36
"CII",141626,"/Date(1700810220000)/",15900,400,10021800,165886000000,-900,true,-5.36
"CII",141626,"/Date(1700810220000)/",15900,3000,10021400,165880000000,-900,true,-5.36
"CII",141626,"/Date(1700810220000)/",15900,1000,10018400,165832000000,-900,true,-5.36
"CII",141626,"/Date(1700810220000)/",15900,100,10017400,165816000000,-900,true,-5.36
"CII",141626,"/Date(1700810220000)/",15900,200,10017300,165815000000,-900,true,-5.36
"CII",141626,"/Date(1700810220000)/",15900,5000,10017100,165812000000,-900,true,-5.36
"CII",141626,"/Date(1700810220000)/",15900,1000,10012100,165732000000,-900,true,-5.36
"CII",141626,"/Date(1700810220000)/",15900,300,10011100,165716000000,-900,true,-5.36
"CII",141626,"/Date(1700810220000)/",15900,300,10010800,165711000000,-900,true,-5.36
"CII",141626,"/Date(1700810220000)/",15900,200,10010500,165707000000,-900,true,-5.36
"CII",141626,"/Date(1700810220000)/",15900,6000,10010300,165703000000,-900,true,-5.36
"CII",141626,"/Date(1700810220000)/",15900,5000,10004300,165608000000,-900,true,-5.36
"CII",141626,"/Date(1700810220000)/",15900,1500,9999300,165529000000,-900,true,-5.36
"CII",141626,"/Date(1700810220000)/",15900,100,9997800,165505000000,-900,true,-5.36
"CII",141626,"/Date(1700810220000)/",15900,100,9997700,165503000000,-900,true,-5.36
"CII",141626,"/Date(1700810220000)/",15900,1000,9997600,165501000000,-900,true,-5.36
"CII",141626,"/Date(1700810220000)/",15900,300,9996600,165486000000,-900,true,-5.36
"CII",141626,"/Date(1700810220000)/",15900,100,9996300,165481000000,-900,true,-5.36
"CII",141626,"/Date(1700810220000)/",15950,2000,9996200,165479000000,-850,true,-5.06
"CII",141626,"/Date(1700810220000)/",15950,200,9994200,165447000000,-850,true,-5.06
"CII",141626,"/Date(1700810220000)/",15950,400,9994000,165444000000,-850,true,-5.06
"CII",141626,"/Date(1700810220000)/",15950,500,9993600,165438000000,-850,true,-5.06
"CII",141626,"/Date(1700810220000)/",15950,2000,9993100,165430000000,-850,true,-5.06
"CII",141626,"/Date(1700810220000)/",15950,1000,9991100,165398000000,-850,true,-5.06
"CII",141626,"/Date(1700810220000)/",15950,200,9990100,165382000000,-850,true,-5.06
"CII",141626,"/Date(1700810220000)/",15950,100,9989900,165379000000,-850,true,-5.06
"CII",141626,"/Date(1700810220000)/",15950,100,9989800,165377000000,-850,true,-5.06
"CII",141626,"/Date(1700810220000)/",15950,200,9989700,165376000000,-850,true,-5.06
"CII",141626,"/Date(1700810220000)/",15950,2000,9989500,165372000000,-850,true,-5.06
"CII",141626,"/Date(1700810220000)/",15950,100,9987500,165340000000,-850,true,-5.06
"CII",141626,"/Date(1700810220000)/",15950,300,9987400,165339000000,-850,true,-5.06
"CII",141626,"/Date(1700810220000)/",15950,100,9987100,165334000000,-850,true,-5.06
"CII",141626,"/Date(1700810220000)/",15950,23300,9987000,165332000000,-850,true,-5.06
"CII",141626,"/Date(1700810219000)/",16000,600,9963700,164961000000,-800,false,-4.76
"CII",141623,"/Date(1700810218000)/",16000,100,9963100,164951000000,-800,false,-4.76
"CII",141623,"/Date(1700810218000)/",16000,100,9963000,164950000000,-800,false,-4.76
"CII",141623,"/Date(1700810218000)/",16000,100,9962900,164948000000,-800,false,-4.76
"CII",141623,"/Date(1700810216000)/",15950,2000,9962800,164946000000,-850,true,-5.06
"CII",141623,"/Date(1700810216000)/",15950,200,9960800,164915000000,-850,true,-5.06
"CII",141613,"/Date(1700810209000)/",16000,900,9960600,164911000000,-800,false,-4.76
"CII",141613,"/Date(1700810208000)/",16000,100,9959700,164897000000,-800,false,-4.76
"CII",141613,"/Date(1700810207000)/",15950,500,9959600,164895000000,-850,true,-5.06
"CII",141610,"/Date(1700810204000)/",16000,300,9959100,164887000000,-800,false,-4.76
"CII",141607,"/Date(1700810203000)/",16000,100,9958800,164883000000,-800,false,-4.76
"CII",141607,"/Date(1700810202000)/",16050,500,9958700,164881000000,-750,false,-4.46
"CII",141607,"/Date(1700810201000)/",16000,400,9958200,164873000000,-800,false,-4.76
"CII",141607,"/Date(1700810201000)/",15950,400,9957800,164867000000,-850,true,-5.06
"CII",141607,"/Date(1700810200000)/",15950,13600,9957400,164860000000,-850,true,-5.06
"CII",141607,"/Date(1700810200000)/",15950,1000,9943800,164643000000,-850,true,-5.06
"CII",141607,"/Date(1700810200000)/",15950,400,9942800,164627000000,-850,true,-5.06
"CII",141607,"/Date(1700810200000)/",15950,1000,9942400,164621000000,-850,true,-5.06
"CII",141607,"/Date(1700810200000)/",15950,5000,9941400,164605000000,-850,true,-5.06
"CII",141607,"/Date(1700810200000)/",15950,500,9936400,164525000000,-850,true,-5.06
"CII",141607,"/Date(1700810200000)/",15950,500,9935900,164517000000,-850,true,-5.06
"CII",141607,"/Date(1700810200000)/",15950,100,9935400,164509000000,-850,true,-5.06
"CII",141607,"/Date(1700810200000)/",16000,1000,9935300,164508000000,-800,false,-4.76
"CII",141607,"/Date(1700810200000)/",16000,5000,9934300,164492000000,-800,false,-4.76
"CII",141607,"/Date(1700810200000)/",16000,1000,9929300,164412000000,-800,false,-4.76
"CII",141607,"/Date(1700810200000)/",16000,600,9928300,164396000000,-800,false,-4.76
"CII",141607,"/Date(1700810200000)/",16000,15000,9927700,164386000000,-800,false,-4.76
"CII",141607,"/Date(1700810200000)/",16000,5000,9912700,164146000000,-800,false,-4.76
"CII",141607,"/Date(1700810200000)/",16000,300,9907700,164066000000,-800,false,-4.76
"CII",141607,"/Date(1700810200000)/",16000,400,9907400,164061000000,-800,false,-4.76
"CII",141607,"/Date(1700810200000)/",16000,8100,9907000,164055000000,-800,false,-4.76
"CII",141607,"/Date(1700810200000)/",16000,100,9898900,163925000000,-800,false,-4.76
"CII",141607,"/Date(1700810200000)/",16000,2000,9898800,163924000000,-800,false,-4.76
"CII",141607,"/Date(1700810200000)/",16000,200,9896800,163892000000,-800,false,-4.76
"CII",141607,"/Date(1700810200000)/",16000,300,9896600,163888000000,-800,false,-4.76
"CII",141607,"/Date(1700810200000)/",16000,100,9896300,163884000000,-800,false,-4.76
"CII",141607,"/Date(1700810200000)/",16000,300,9896200,163882000000,-800,false,-4.76
"CII",141607,"/Date(1700810200000)/",16000,500,9895900,163877000000,-800,false,-4.76
"CII",141607,"/Date(1700810200000)/",16000,100,9895400,163869000000,-800,false,-4.76
"CII",141607,"/Date(1700810200000)/",16000,1100,9895300,163868000000,-800,false,-4.76
"CII",141607,"/Date(1700810200000)/",16000,200,9894200,163850000000,-800,false,-4.76
"CII",141607,"/Date(1700810200000)/",16000,500,9894000,163847000000,-800,false,-4.76
"CII",141607,"/Date(1700810200000)/",16000,100,9893500,163839000000,-800,false,-4.76
"CII",141607,"/Date(1700810200000)/",16000,1000,9893400,163837000000,-800,false,-4.76
"CII",141607,"/Date(1700810200000)/",16000,100,9892400,163821000000,-800,false,-4.76
"CII",141607,"/Date(1700810200000)/",16000,400,9892300,163820000000,-800,false,-4.76
"CII",141607,"/Date(1700810200000)/",16000,400,9891900,163813000000,-800,false,-4.76
"CII",141607,"/Date(1700810200000)/",16000,200,9891500,163807000000,-800,false,-4.76
"CII",141607,"/Date(1700810200000)/",16000,100,9891300,163804000000,-800,false,-4.76
"CII",141607,"/Date(1700810200000)/",16000,100,9891200,163802000000,-800,false,-4.76
"CII",141607,"/Date(1700810200000)/",16000,500,9891100,163800000000,-800,false,-4.76
"CII",141607,"/Date(1700810200000)/",16000,200,9890600,163792000000,-800,false,-4.76
"CII",141607,"/Date(1700810200000)/",16000,3000,9890400,163789000000,-800,false,-4.76
"CII",141607,"/Date(1700810200000)/",16000,100,9887400,163741000000,-800,false,-4.76
"CII",141607,"/Date(1700810200000)/",16000,100,9887300,163740000000,-800,false,-4.76
"CII",141607,"/Date(1700810200000)/",16000,100,9887200,163738000000,-800,false,-4.76
"CII",141607,"/Date(1700810200000)/",16000,1000,9887100,163736000000,-800,false,-4.76
"CII",141607,"/Date(1700810200000)/",16000,500,9886100,163720000000,-800,false,-4.76
"CII",141607,"/Date(1700810200000)/",16000,100,9885600,163712000000,-800,false,-4.76
"CII",141607,"/Date(1700810200000)/",16000,100,9885500,163711000000,-800,false,-4.76
"CII",141607,"/Date(1700810200000)/",16000,500,9885400,163709000000,-800,false,-4.76
"CII",141607,"/Date(1700810200000)/",16000,200,9884900,163701000000,-800,false,-4.76
"CII",141607,"/Date(1700810200000)/",16000,1000,9884700,163698000000,-800,false,-4.76
"CII",141607,"/Date(1700810200000)/",16000,200,9883700,163682000000,-800,false,-4.76
"CII",141607,"/Date(1700810200000)/",16000,200,9883500,163679000000,-800,false,-4.76
"CII",141607,"/Date(1700810200000)/",16000,500,9883300,163676000000,-800,false,-4.76
"CII",141607,"/Date(1700810200000)/",16000,100,9882800,163668000000,-800,false,-4.76
"CII",141607,"/Date(1700810200000)/",16000,1000,9882700,163666000000,-800,false,-4.76
"CII",141607,"/Date(1700810200000)/",16000,1000,9881700,163650000000,-800,false,-4.76
"CII",141607,"/Date(1700810200000)/",16000,100,9880700,163634000000,-800,false,-4.76
"CII",141607,"/Date(1700810200000)/",16000,1000,9880600,163632000000,-800,false,-4.76
"CII",141607,"/Date(1700810200000)/",16000,100,9879600,163616000000,-800,false,-4.76
"CII",141607,"/Date(1700810200000)/",16000,100,9879500,163615000000,-800,false,-4.76
"CII",141607,"/Date(1700810200000)/",16000,2000,9879400,163613000000,-800,false,-4.76
"CII",141603,"/Date(1700810200000)/",16000,200,9877400,163581000000,-800,true,-4.76
"CII",141603,"/Date(1700810200000)/",16000,200,9877200,163578000000,-800,true,-4.76
"CII",141603,"/Date(1700810200000)/",16000,300,9877000,163575000000,-800,true,-4.76
"CII",141603,"/Date(1700810199000)/",16000,300,9876700,163570000000,-800,true,-4.76
"CII",141603,"/Date(1700810199000)/",16050,100,9876400,163565000000,-750,false,-4.46
"CII",141603,"/Date(1700810198000)/",16050,200,9876300,163564000000,-750,false,-4.46
"CII",141603,"/Date(1700810198000)/",16000,2000,9876100,163560000000,-800,true,-4.76
"CII",141603,"/Date(1700810198000)/",16050,1000,9874100,163528000000,-750,false,-4.46
"CII",141603,"/Date(1700810197000)/",16000,200,9873100,163512000000,-800,true,-4.76
"CII",141600,"/Date(1700810194000)/",16050,2000,9872900,163509000000,-750,false,-4.46
"CII",141600,"/Date(1700810194000)/",16000,7500,9870900,163477000000,-800,true,-4.76
"CII",141600,"/Date(1700810194000)/",16000,100,9863400,163357000000,-800,true,-4.76
"CII",141600,"/Date(1700810194000)/",16000,100,9863300,163356000000,-800,true,-4.76
"CII",141600,"/Date(1700810194000)/",16000,6300,9863200,163354000000,-800,true,-4.76
"CII",141600,"/Date(1700810194000)/",16000,300,9856900,163253000000,-800,true,-4.76
"CII",141600,"/Date(1700810194000)/",16000,200,9856600,163248000000,-800,true,-4.76
"CII",141600,"/Date(1700810194000)/",16000,500,9856400,163245000000,-800,true,-4.76
"CII",141600,"/Date(1700810194000)/",16000,100,9855900,163237000000,-800,true,-4.76
"CII",141600,"/Date(1700810194000)/",16000,1500,9855800,163236000000,-800,true,-4.76
"CII",141600,"/Date(1700810194000)/",16000,1000,9854300,163212000000,-800,true,-4.76
"CII",141600,"/Date(1700810194000)/",16000,1000,9853300,163196000000,-800,true,-4.76
"CII",141600,"/Date(1700810194000)/",16000,100,9852300,163180000000,-800,true,-4.76
"CII",141600,"/Date(1700810194000)/",16000,5900,9852200,163178000000,-800,true,-4.76
"CII",141600,"/Date(1700810194000)/",16000,500,9846300,163084000000,-800,true,-4.76
"CII",141600,"/Date(1700810194000)/",16000,100,9845800,163076000000,-800,true,-4.76
"CII",141600,"/Date(1700810194000)/",16000,700,9845700,163074000000,-800,true,-4.76
"CII",141600,"/Date(1700810194000)/",16000,100,9845000,163063000000,-800,true,-4.76
"CII",141600,"/Date(1700810194000)/",16000,100,9844900,163061000000,-800,true,-4.76
"CII",141600,"/Date(1700810194000)/",16000,1000,9844800,163060000000,-800,true,-4.76
"CII",141600,"/Date(1700810194000)/",16000,1000,9843800,163044000000,-800,true,-4.76
"CII",141600,"/Date(1700810194000)/",16000,100,9842800,163028000000,-800,true,-4.76
"CII",141600,"/Date(1700810194000)/",16000,300,9842700,163026000000,-800,true,-4.76
"CII",141600,"/Date(1700810194000)/",16000,100,9842400,163021000000,-800,true,-4.76
"CII",141600,"/Date(1700810194000)/",16000,100,9842300,163020000000,-800,true,-4.76
"CII",141600,"/Date(1700810194000)/",16000,500,9842200,163018000000,-800,true,-4.76
"CII",141600,"/Date(1700810194000)/",16000,500,9841700,163010000000,-800,true,-4.76
"CII",141600,"/Date(1700810194000)/",16000,1000,9841200,163002000000,-800,true,-4.76
"CII",141600,"/Date(1700810194000)/",16000,1000,9840200,162986000000,-800,true,-4.76
"CII",141600,"/Date(1700810194000)/",16000,200,9839200,162970000000,-800,true,-4.76
"CII",141600,"/Date(1700810194000)/",16000,1000,9839000,162967000000,-800,true,-4.76
"CII",141600,"/Date(1700810194000)/",16000,2000,9838000,162951000000,-800,true,-4.76
"CII",141600,"/Date(1700810194000)/",16000,100,9836000,162919000000,-800,true,-4.76
"CII",141600,"/Date(1700810194000)/",16000,100,9835900,162917000000,-800,true,-4.76
"CII",141600,"/Date(1700810194000)/",16000,200,9835800,162916000000,-800,true,-4.76
"CII",141600,"/Date(1700810194000)/",16000,500,9835600,162912000000,-800,true,-4.76
"CII",141600,"/Date(1700810194000)/",16000,500,9835100,162904000000,-800,true,-4.76
"CII",141600,"/Date(1700810194000)/",16000,1000,9834600,162896000000,-800,true,-4.76
"CII",141600,"/Date(1700810194000)/",16000,2000,9833600,162880000000,-800,true,-4.76
"CII",141600,"/Date(1700810194000)/",16000,700,9831600,162848000000,-800,true,-4.76
"CII",141557,"/Date(1700810191000)/",16000,300,9830900,162837000000,-800,true,-4.76
"CII",141557,"/Date(1700810191000)/",16000,1000,9830600,162832000000,-800,true,-4.76
"CII",141557,"/Date(1700810191000)/",16000,100,9829600,162816000000,-800,true,-4.76
"CII",141557,"/Date(1700810191000)/",16000,2700,9829500,162815000000,-800,true,-4.76
"CII",141557,"/Date(1700810191000)/",16050,5000,9826800,162772000000,-750,true,-4.46
"CII",141557,"/Date(1700810191000)/",16100,2000,9821800,162691000000,-700,false,-4.17
"CII",141557,"/Date(1700810190000)/",16050,1000,9819800,162659000000,-750,true,-4.46
"CII",141554,"/Date(1700810187000)/",16050,3000,9818800,162643000000,-750,true,-4.46
"CII",141551,"/Date(1700810186000)/",16050,1000,9815800,162595000000,-750,false,-4.46
"CII",141551,"/Date(1700810185000)/",16050,5000,9814800,162579000000,-750,false,-4.46
"CII",141551,"/Date(1700810184000)/",16000,1000,9809800,162499000000,-800,true,-4.76
"CII",141547,"/Date(1700810183000)/",16000,1300,9808800,162483000000,-800,true,-4.76
"CII",141547,"/Date(1700810183000)/",16000,100,9807500,162462000000,-800,true,-4.76
"CII",141547,"/Date(1700810183000)/",16000,800,9807400,162460000000,-800,true,-4.76
"CII",141547,"/Date(1700810183000)/",16050,1000,9806600,162447000000,-750,false,-4.46
"CII",141547,"/Date(1700810182000)/",16000,4200,9805600,162431000000,-800,true,-4.76
"CII",141547,"/Date(1700810182000)/",16000,5000,9801400,162364000000,-800,true,-4.76
"CII",141547,"/Date(1700810182000)/",16000,800,9796400,162284000000,-800,true,-4.76
"CII",141544,"/Date(1700810179000)/",16000,100,9795600,162271000000,-800,true,-4.76
"CII",141544,"/Date(1700810179000)/",16000,8300,9795500,162270000000,-800,true,-4.76
"CII",141544,"/Date(1700810179000)/",16050,1000,9787200,162137000000,-750,false,-4.46
"CII",141544,"/Date(1700810179000)/",16050,100,9786200,162121000000,-750,false,-4.46
"CII",141544,"/Date(1700810179000)/",16050,5500,9786100,162119000000,-750,false,-4.46
"CII",141544,"/Date(1700810178000)/",16100,100,9780600,162031000000,-700,false,-4.17
"CII",141541,"/Date(1700810175000)/",16050,3000,9780500,162029000000,-750,true,-4.46
"CII",141538,"/Date(1700810171000)/",16050,1500,9777500,161981000000,-750,true,-4.46
"CII",141538,"/Date(1700810171000)/",16050,500,9776000,161957000000,-750,true,-4.46
"CII",141535,"/Date(1700810170000)/",16050,100,9775500,161949000000,-750,true,-4.46
"CII",141535,"/Date(1700810170000)/",16050,100,9775400,161948000000,-750,true,-4.46
"CII",141531,"/Date(1700810168000)/",16050,1300,9775300,161946000000,-750,true,-4.46
"CII",141531,"/Date(1700810168000)/",16050,100,9774000,161925000000,-750,true,-4.46
"CII",141531,"/Date(1700810168000)/",16050,600,9773900,161923000000,-750,true,-4.46
"CII",141531,"/Date(1700810167000)/",16050,100,9773300,161914000000,-750,true,-4.46
"CII",141528,"/Date(1700810163000)/",16050,500,9773200,161912000000,-750,false,-4.46
"CII",141525,"/Date(1700810160000)/",16000,21700,9772700,161904000000,-800,true,-4.76
"CII",141525,"/Date(1700810160000)/",16000,100,9751000,161557000000,-800,true,-4.76
"CII",141525,"/Date(1700810160000)/",16000,5000,9750900,161555000000,-800,true,-4.76
"CII",141525,"/Date(1700810160000)/",16000,300,9745900,161475000000,-800,true,-4.76
"CII",141525,"/Date(1700810160000)/",16000,9000,9745600,161471000000,-800,true,-4.76
"CII",141525,"/Date(1700810160000)/",16000,500,9736600,161327000000,-800,true,-4.76
"CII",141525,"/Date(1700810160000)/",16000,100,9736100,161319000000,-800,true,-4.76
"CII",141525,"/Date(1700810160000)/",16000,500,9736000,161317000000,-800,true,-4.76
"CII",141525,"/Date(1700810160000)/",16000,500,9735500,161309000000,-800,true,-4.76
"CII",141525,"/Date(1700810160000)/",16000,100,9735000,161301000000,-800,true,-4.76
"CII",141525,"/Date(1700810160000)/",16000,1000,9734900,161299000000,-800,true,-4.76
"CII",141525,"/Date(1700810160000)/",16000,1700,9733900,161283000000,-800,true,-4.76
"CII",141525,"/Date(1700810160000)/",16000,1000,9732200,161256000000,-800,true,-4.76
"CII",141525,"/Date(1700810160000)/",16000,1000,9731200,161240000000,-800,true,-4.76
"CII",141525,"/Date(1700810160000)/",16000,700,9730200,161224000000,-800,true,-4.76
"CII",141525,"/Date(1700810160000)/",16000,100,9729500,161213000000,-800,true,-4.76
"CII",141525,"/Date(1700810160000)/",16000,300,9729400,161211000000,-800,true,-4.76
"CII",141525,"/Date(1700810160000)/",16000,300,9729100,161207000000,-800,true,-4.76
"CII",141525,"/Date(1700810160000)/",16000,10000,9728800,161202000000,-800,true,-4.76
"CII",141525,"/Date(1700810160000)/",16000,5000,9718800,161042000000,-800,true,-4.76
"CII",141525,"/Date(1700810160000)/",16000,200,9713800,160962000000,-800,true,-4.76
"CII",141525,"/Date(1700810160000)/",16000,200,9713600,160959000000,-800,true,-4.76
"CII",141525,"/Date(1700810160000)/",16000,100,9713400,160955000000,-800,true,-4.76
"CII",141525,"/Date(1700810160000)/",16000,600,9713300,160954000000,-800,true,-4.76
"CII",141525,"/Date(1700810160000)/",16000,100,9712700,160944000000,-800,true,-4.76
"CII",141525,"/Date(1700810160000)/",16000,200,9712600,160943000000,-800,true,-4.76
"CII",141525,"/Date(1700810160000)/",16000,300,9712400,160939000000,-800,true,-4.76
"CII",141525,"/Date(1700810160000)/",16000,5000,9712100,160935000000,-800,true,-4.76
"CII",141525,"/Date(1700810160000)/",16000,5000,9707100,160855000000,-800,true,-4.76
"CII",141525,"/Date(1700810160000)/",16000,500,9702100,160775000000,-800,true,-4.76
"CII",141525,"/Date(1700810160000)/",16000,1000,9701600,160767000000,-800,true,-4.76
"CII",141525,"/Date(1700810160000)/",16000,1000,9700600,160751000000,-800,true,-4.76
"CII",141525,"/Date(1700810160000)/",16000,1000,9699600,160735000000,-800,true,-4.76
"CII",141525,"/Date(1700810160000)/",16000,300,9698600,160719000000,-800,true,-4.76
"CII",141525,"/Date(1700810160000)/",16000,100,9698300,160714000000,-800,true,-4.76
"CII",141525,"/Date(1700810160000)/",16000,2200,9698200,160712000000,-800,true,-4.76
"CII",141525,"/Date(1700810160000)/",16000,100,9696000,160677000000,-800,true,-4.76
"CII",141525,"/Date(1700810160000)/",16000,100,9695900,160675000000,-800,true,-4.76
"CII",141525,"/Date(1700810160000)/",16000,500,9695800,160674000000,-800,true,-4.76
"CII",141525,"/Date(1700810160000)/",16000,1000,9695300,160666000000,-800,true,-4.76
"CII",141525,"/Date(1700810160000)/",16000,500,9694300,160650000000,-800,true,-4.76
"CII",141525,"/Date(1700810160000)/",16000,1000,9693800,160642000000,-800,true,-4.76
"CII",141525,"/Date(1700810160000)/",16000,500,9692800,160626000000,-800,true,-4.76
"CII",141525,"/Date(1700810160000)/",16000,1000,9692300,160618000000,-800,true,-4.76
"CII",141525,"/Date(1700810160000)/",16000,300,9691300,160602000000,-800,true,-4.76
"CII",141525,"/Date(1700810160000)/",16000,1000,9691000,160597000000,-800,true,-4.76
"CII",141525,"/Date(1700810160000)/",16000,100,9690000,160581000000,-800,true,-4.76
"CII",141525,"/Date(1700810160000)/",16000,100,9689900,160579000000,-800,true,-4.76
"CII",141525,"/Date(1700810160000)/",16000,200,9689800,160578000000,-800,true,-4.76
"CII",141525,"/Date(1700810160000)/",16000,300,9689600,160575000000,-800,true,-4.76
"CII",141525,"/Date(1700810160000)/",16000,1000,9689300,160570000000,-800,true,-4.76
"CII",141525,"/Date(1700810160000)/",16000,1000,9688300,160554000000,-800,true,-4.76
"CII",141525,"/Date(1700810160000)/",16000,100,9687300,160538000000,-800,true,-4.76
"CII",141525,"/Date(1700810160000)/",16000,200,9687200,160536000000,-800,true,-4.76
"CII",141525,"/Date(1700810160000)/",16000,100,9687000,160533000000,-800,true,-4.76
"CII",141525,"/Date(1700810160000)/",16000,800,9686900,160531000000,-800,true,-4.76
"CII",141525,"/Date(1700810160000)/",16000,100,9686100,160519000000,-800,true,-4.76
"CII",141525,"/Date(1700810160000)/",16000,5000,9686000,160517000000,-800,true,-4.76
"CII",141525,"/Date(1700810160000)/",16000,1800,9681000,160437000000,-800,true,-4.76
"CII",141525,"/Date(1700810160000)/",16000,1000,9679200,160408000000,-800,true,-4.76
"CII",141525,"/Date(1700810160000)/",16000,200,9678200,160392000000,-800,true,-4.76
"CII",141525,"/Date(1700810160000)/",16000,200,9678000,160389000000,-800,true,-4.76
"CII",141525,"/Date(1700810160000)/",16000,2000,9677800,160386000000,-800,true,-4.76
"CII",141525,"/Date(1700810160000)/",16000,200,9675800,160354000000,-800,true,-4.76
"CII",141525,"/Date(1700810160000)/",16000,300,9675600,160351000000,-800,true,-4.76
"CII",141525,"/Date(1700810160000)/",16000,100,9675300,160346000000,-800,true,-4.76
"CII",141525,"/Date(1700810160000)/",16000,100,9675200,160344000000,-800,true,-4.76
"CII",141525,"/Date(1700810160000)/",16000,1000,9675100,160343000000,-800,true,-4.76
"CII",141525,"/Date(1700810160000)/",16000,1000,9674100,160327000000,-800,true,-4.76
"CII",141525,"/Date(1700810160000)/",16000,1000,9673100,160311000000,-800,true,-4.76
"CII",141525,"/Date(1700810160000)/",16000,2000,9672100,160295000000,-800,true,-4.76
"CII",141525,"/Date(1700810160000)/",16000,100,9670100,160263000000,-800,true,-4.76
"CII",141525,"/Date(1700810160000)/",16000,200,9670000,160261000000,-800,true,-4.76
"CII",141525,"/Date(1700810160000)/",16000,100,9669800,160258000000,-800,true,-4.76
"CII",141525,"/Date(1700810160000)/",16000,2000,9669700,160256000000,-800,true,-4.76
"CII",141525,"/Date(1700810160000)/",16000,500,9667700,160224000000,-800,true,-4.76
"CII",141525,"/Date(1700810160000)/",16000,100,9667200,160216000000,-800,true,-4.76
"CII",141525,"/Date(1700810160000)/",16000,1000,9667100,160215000000,-800,true,-4.76
"CII",141525,"/Date(1700810160000)/",16000,200,9666100,160199000000,-800,true,-4.76
"CII",141525,"/Date(1700810160000)/",16000,200,9665900,160195000000,-800,true,-4.76
"CII",141525,"/Date(1700810160000)/",16000,4000,9665700,160192000000,-800,true,-4.76
"CII",141525,"/Date(1700810160000)/",16000,200,9661700,160128000000,-800,true,-4.76
"CII",141525,"/Date(1700810160000)/",16000,100,9661500,160125000000,-800,true,-4.76
"CII",141525,"/Date(1700810160000)/",16000,1000,9661400,160123000000,-800,true,-4.76
"CII",141525,"/Date(1700810160000)/",16000,5000,9660400,160107000000,-800,true,-4.76
"CII",141525,"/Date(1700810160000)/",16000,100,9655400,160027000000,-800,true,-4.76
"CII",141525,"/Date(1700810160000)/",16000,100,9655300,160026000000,-800,true,-4.76
"CII",141525,"/Date(1700810160000)/",16000,500,9655200,160024000000,-800,true,-4.76
"CII",141525,"/Date(1700810160000)/",16000,100,9654700,160016000000,-800,true,-4.76
"CII",141525,"/Date(1700810160000)/",16000,800,9654600,160015000000,-800,true,-4.76
"CII",141525,"/Date(1700810160000)/",16000,1000,9653800,160002000000,-800,true,-4.76
"CII",141525,"/Date(1700810160000)/",16000,500,9652800,159986000000,-800,true,-4.76
"CII",141525,"/Date(1700810160000)/",16000,5500,9652300,159978000000,-800,true,-4.76
"CII",141525,"/Date(1700810160000)/",16000,100,9646800,159890000000,-800,true,-4.76
"CII",141525,"/Date(1700810160000)/",16000,100,9646700,159888000000,-800,true,-4.76
"CII",141525,"/Date(1700810160000)/",16000,500,9646600,159887000000,-800,true,-4.76
"CII",141525,"/Date(1700810160000)/",16000,200,9646100,159879000000,-800,true,-4.76
"CII",141525,"/Date(1700810160000)/",16000,100,9645900,159875000000,-800,true,-4.76
"CII",141525,"/Date(1700810160000)/",16000,100,9645800,159874000000,-800,true,-4.76
"CII",141525,"/Date(1700810160000)/",16000,200,9645700,159872000000,-800,true,-4.76
"CII",141525,"/Date(1700810160000)/",16000,100,9645500,159869000000,-800,true,-4.76
"CII",141525,"/Date(1700810160000)/",16000,100,9645400,159867000000,-800,true,-4.76
"CII",141525,"/Date(1700810160000)/",16000,300,9645300,159866000000,-800,true,-4.76
"CII",141525,"/Date(1700810160000)/",16000,500,9645000,159861000000,-800,true,-4.76
"CII",141525,"/Date(1700810160000)/",16000,5000,9644500,159853000000,-800,true,-4.76
"CII",141525,"/Date(1700810160000)/",16000,300,9639500,159773000000,-800,true,-4.76
"CII",141525,"/Date(1700810160000)/",16000,5000,9639200,159768000000,-800,true,-4.76
"CII",141525,"/Date(1700810160000)/",16000,500,9634200,159688000000,-800,true,-4.76
"CII",141525,"/Date(1700810160000)/",16000,1000,9633700,159680000000,-800,true,-4.76
"CII",141525,"/Date(1700810160000)/",16000,1000,9632700,159664000000,-800,true,-4.76
"CII",141525,"/Date(1700810160000)/",16000,1000,9631700,159648000000,-800,true,-4.76
"CII",141525,"/Date(1700810160000)/",16000,200,9630700,159632000000,-800,true,-4.76
"CII",141525,"/Date(1700810160000)/",16000,500,9630500,159629000000,-800,true,-4.76
"CII",141525,"/Date(1700810160000)/",16000,100,9630000,159621000000,-800,true,-4.76
"CII",141525,"/Date(1700810160000)/",16000,2000,9629900,159619000000,-800,true,-4.76
"CII",141525,"/Date(1700810160000)/",16000,100,9627900,159587000000,-800,true,-4.76
"CII",141525,"/Date(1700810160000)/",16000,1000,9627800,159586000000,-800,true,-4.76
"CII",141525,"/Date(1700810160000)/",16000,300,9626800,159570000000,-800,true,-4.76
"CII",141525,"/Date(1700810160000)/",16000,2000,9626500,159565000000,-800,true,-4.76
"CII",141525,"/Date(1700810160000)/",16000,100,9624500,159533000000,-800,true,-4.76
"CII",141525,"/Date(1700810160000)/",16000,800,9624400,159531000000,-800,true,-4.76
"CII",141525,"/Date(1700810160000)/",16000,3000,9623600,159519000000,-800,true,-4.76
"CII",141525,"/Date(1700810160000)/",16000,500,9620600,159471000000,-800,true,-4.76
"CII",141525,"/Date(1700810160000)/",16000,1000,9620100,159463000000,-800,true,-4.76
"CII",141525,"/Date(1700810160000)/",16000,43900,9619100,159447000000,-800,true,-4.76
"CII",141525,"/Date(1700810160000)/",16050,2500,9575200,158744000000,-750,false,-4.46
"CII",141525,"/Date(1700810159000)/",16050,500,9572700,158704000000,-750,false,-4.46
"CII",141525,"/Date(1700810159000)/",16050,500,9572200,158696000000,-750,false,-4.46
"CII",141525,"/Date(1700810158000)/",16050,1500,9571700,158688000000,-750,false,-4.46
"CII",141525,"/Date(1700810158000)/",16050,1500,9570200,158664000000,-750,false,-4.46
"CII",141525,"/Date(1700810158000)/",16050,3500,9568700,158640000000,-750,false,-4.46
"CII",141525,"/Date(1700810158000)/",16050,1000,9565200,158584000000,-750,false,-4.46
"CII",141525,"/Date(1700810158000)/",16050,500,9564200,158568000000,-750,false,-4.46
"CII",141522,"/Date(1700810158000)/",16100,200,9563700,158560000000,-700,false,-4.17
"CII",141522,"/Date(1700810155000)/",16000,500,9563500,158556000000,-800,true,-4.76
"CII",141518,"/Date(1700810154000)/",16000,300,9563000,158548000000,-800,true,-4.76
"CII",141518,"/Date(1700810154000)/",16050,100,9562700,158544000000,-750,true,-4.46
"CII",141518,"/Date(1700810154000)/",16050,1600,9562600,158542000000,-750,true,-4.46
"CII",141518,"/Date(1700810154000)/",16000,5300,9561000,158516000000,-800,true,-4.76
"CII",141518,"/Date(1700810154000)/",16000,500,9555700,158432000000,-800,true,-4.76
"CII",141518,"/Date(1700810154000)/",16000,100,9555200,158424000000,-800,true,-4.76
"CII",141518,"/Date(1700810154000)/",16000,200,9555100,158422000000,-800,true,-4.76
"CII",141518,"/Date(1700810154000)/",16000,1000,9554900,158419000000,-800,true,-4.76
"CII",141518,"/Date(1700810154000)/",16050,1000,9553900,158403000000,-750,true,-4.46
"CII",141518,"/Date(1700810154000)/",16050,12900,9552900,158387000000,-750,true,-4.46
"CII",141518,"/Date(1700810153000)/",16050,600,9540000,158180000000,-750,true,-4.46
"CII",141518,"/Date(1700810152000)/",16050,3000,9539400,158170000000,-750,true,-4.46
"CII",141515,"/Date(1700810151000)/",16050,2000,9536400,158122000000,-750,false,-4.46
"CII",141515,"/Date(1700810151000)/",16050,2000,9534400,158090000000,-750,false,-4.46
"CII",141515,"/Date(1700810150000)/",16050,1500,9532400,158058000000,-750,false,-4.46
"CII",141515,"/Date(1700810150000)/",16050,28000,9530900,158034000000,-750,false,-4.46
"CII",141515,"/Date(1700810149000)/",16050,1000,9502900,157584000000,-750,false,-4.46
"CII",141512,"/Date(1700810147000)/",16050,10000,9501900,157568000000,-750,true,-4.46
"CII",141512,"/Date(1700810147000)/",16050,3400,9491900,157408000000,-750,true,-4.46
"CII",141512,"/Date(1700810147000)/",16050,2000,9488500,157353000000,-750,true,-4.46
"CII",141512,"/Date(1700810146000)/",16050,500,9486500,157321000000,-750,true,-4.46
"CII",141512,"/Date(1700810146000)/",16050,1000,9486000,157313000000,-750,true,-4.46
"CII",141512,"/Date(1700810146000)/",16050,800,9485000,157297000000,-750,true,-4.46
"CII",141512,"/Date(1700810146000)/",16050,300,9484200,157284000000,-750,true,-4.46
"CII",141512,"/Date(1700810146000)/",16050,2200,9483900,157279000000,-750,true,-4.46
"CII",141512,"/Date(1700810146000)/",16050,500,9481700,157244000000,-750,true,-4.46
"CII",141512,"/Date(1700810146000)/",16050,300,9481200,157236000000,-750,true,-4.46
"CII",141509,"/Date(1700810144000)/",16050,500,9480900,157231000000,-750,true,-4.46
"CII",141509,"/Date(1700810144000)/",16050,400,9480400,157223000000,-750,true,-4.46
"CII",141509,"/Date(1700810142000)/",16050,1000,9480000,157217000000,-750,true,-4.46
"CII",141509,"/Date(1700810142000)/",16050,2800,9479000,157201000000,-750,true,-4.46
"CII",141509,"/Date(1700810142000)/",16050,500,9476200,157156000000,-750,true,-4.46
"CII",141509,"/Date(1700810142000)/",16050,200,9475700,157148000000,-750,true,-4.46
"CII",141506,"/Date(1700810141000)/",16100,5000,9475500,157144000000,-700,false,-4.17
"CII",141506,"/Date(1700810139000)/",16050,800,9470500,157064000000,-750,true,-4.46
"CII",141506,"/Date(1700810139000)/",16050,1000,9469700,157051000000,-750,true,-4.46
"CII",141506,"/Date(1700810139000)/",16050,200,9468700,157035000000,-750,true,-4.46
"CII",141506,"/Date(1700810139000)/",16050,200,9468500,157032000000,-750,true,-4.46
"CII",141506,"/Date(1700810139000)/",16050,1300,9468300,157029000000,-750,true,-4.46
"CII",141502,"/Date(1700810138000)/",16050,700,9467000,157008000000,-750,true,-4.46
"CII",141502,"/Date(1700810138000)/",16050,2000,9466300,156996000000,-750,true,-4.46
"CII",141502,"/Date(1700810138000)/",16050,200,9464300,156964000000,-750,true,-4.46
"CII",141502,"/Date(1700810138000)/",16050,10100,9464100,156961000000,-750,true,-4.46
"CII",141459,"/Date(1700810135000)/",16050,3000,9454000,156799000000,-750,true,-4.46
"CII",141459,"/Date(1700810134000)/",16050,500,9451000,156751000000,-750,true,-4.46
"CII",141459,"/Date(1700810134000)/",16050,100,9450500,156743000000,-750,true,-4.46
"CII",141456,"/Date(1700810131000)/",16050,2000,9450400,156741000000,-750,true,-4.46
"CII",141456,"/Date(1700810130000)/",16050,3000,9448400,156709000000,-750,true,-4.46
"CII",141456,"/Date(1700810130000)/",16050,100,9445400,156661000000,-750,true,-4.46
"CII",141456,"/Date(1700810130000)/",16050,1200,9445300,156659000000,-750,true,-4.46
"CII",141456,"/Date(1700810130000)/",16050,400,9444100,156640000000,-750,true,-4.46
"CII",141456,"/Date(1700810130000)/",16050,600,9443700,156634000000,-750,true,-4.46
"CII",141453,"/Date(1700810128000)/",16050,700,9443100,156624000000,-750,true,-4.46
"CII",141453,"/Date(1700810127000)/",16100,2500,9442400,156613000000,-700,false,-4.17
"CII",141453,"/Date(1700810126000)/",16050,500,9439900,156573000000,-750,true,-4.46
"CII",141450,"/Date(1700810124000)/",16050,200,9439400,156565000000,-750,true,-4.46
"CII",141450,"/Date(1700810124000)/",16050,1000,9439200,156561000000,-750,true,-4.46
"CII",141450,"/Date(1700810124000)/",16050,3800,9438200,156545000000,-750,true,-4.46
"CII",141450,"/Date(1700810124000)/",16050,100,9434400,156484000000,-750,true,-4.46
"CII",141450,"/Date(1700810123000)/",16100,100,9434300,156483000000,-700,false,-4.17
"CII",141450,"/Date(1700810123000)/",16100,100,9434200,156481000000,-700,false,-4.17
"CII",141450,"/Date(1700810123000)/",16100,100,9434100,156480000000,-700,false,-4.17
"CII",141446,"/Date(1700810122000)/",16050,1100,9434000,156478000000,-750,true,-4.46
"CII",141446,"/Date(1700810122000)/",16050,100,9432900,156460000000,-750,true,-4.46
"CII",141446,"/Date(1700810122000)/",16050,1000,9432800,156459000000,-750,true,-4.46
"CII",141446,"/Date(1700810122000)/",16050,300,9431800,156443000000,-750,true,-4.46
"CII",141446,"/Date(1700810122000)/",16100,1500,9431500,156438000000,-700,false,-4.17
"CII",141446,"/Date(1700810122000)/",16100,1000,9430000,156414000000,-700,false,-4.17
"CII",141446,"/Date(1700810121000)/",16100,1900,9429000,156398000000,-700,false,-4.17
"CII",141446,"/Date(1700810121000)/",16100,300,9427100,156367000000,-700,false,-4.17
"CII",141446,"/Date(1700810121000)/",16100,1500,9426800,156362000000,-700,false,-4.17
"CII",141446,"/Date(1700810121000)/",16100,100,9425300,156338000000,-700,false,-4.17
"CII",141446,"/Date(1700810121000)/",16100,1600,9425200,156336000000,-700,false,-4.17
"CII",141446,"/Date(1700810121000)/",16100,400,9423600,156311000000,-700,false,-4.17
"CII",141446,"/Date(1700810121000)/",16100,1800,9423200,156304000000,-700,false,-4.17
"CII",141446,"/Date(1700810121000)/",16100,1400,9421400,156275000000,-700,false,-4.17
"CII",141446,"/Date(1700810120000)/",16050,2700,9420000,156253000000,-750,true,-4.46
"CII",141446,"/Date(1700810120000)/",16050,100,9417300,156209000000,-750,true,-4.46
"CII",141446,"/Date(1700810120000)/",16050,1200,9417200,156208000000,-750,true,-4.46
"CII",141443,"/Date(1700810118000)/",16050,2000,9416000,156188000000,-750,true,-4.46
"CII",141443,"/Date(1700810118000)/",16050,1000,9414000,156156000000,-750,true,-4.46
"CII",141443,"/Date(1700810118000)/",16050,100,9413000,156140000000,-750,true,-4.46
"CII",141443,"/Date(1700810118000)/",16050,900,9412900,156139000000,-750,true,-4.46
"CII",141443,"/Date(1700810116000)/",16100,500,9412000,156124000000,-700,false,-4.17
"CII",141440,"/Date(1700810115000)/",16100,2000,9411500,156116000000,-700,false,-4.17
