"Stockcode","Package","TradingDate","Price","Vol","TotalVol","TotalVal","Change","IsBuy","PerChange"
"DBC",144427,"/Date(1700811903000)/",24000,576500,8684000,204341000000,0,false,0
"DBC",142923,"/Date(1700810999000)/",24000,400,8107500,190505000000,0,false,0
"DBC",142914,"/Date(1700810991000)/",23950,10000,8107100,190496000000,-50,true,-0.21
"DBC",142914,"/Date(1700810990000)/",24000,500,8097100,190256000000,0,false,0
"DBC",142914,"/Date(1700810989000)/",23950,1500,8096600,190244000000,-50,true,-0.21
"DBC",142907,"/Date(1700810984000)/",23900,1000,8095100,190208000000,-100,true,-0.42
"DBC",142907,"/Date(1700810984000)/",24000,800,8094100,190184000000,0,false,0
"DBC",142907,"/Date(1700810984000)/",24000,500,8093300,190165000000,0,false,0
"DBC",142907,"/Date(1700810984000)/",24000,200,8092800,190153000000,0,false,0
"DBC",142907,"/Date(1700810984000)/",24000,200,8092600,190148000000,0,false,0
"DBC",142907,"/Date(1700810984000)/",24000,400,8092400,190143000000,0,false,0
"DBC",142907,"/Date(1700810984000)/",24000,200,8092000,190134000000,0,false,0
"DBC",142907,"/Date(1700810984000)/",24000,3000,8091800,190129000000,0,false,0
"DBC",142907,"/Date(1700810984000)/",24000,200,8088800,190057000000,0,false,0
"DBC",142907,"/Date(1700810984000)/",24000,1000,8088600,190052000000,0,false,0
"DBC",142907,"/Date(1700810984000)/",24000,500,8087600,190028000000,0,false,0
"DBC",142907,"/Date(1700810984000)/",24000,800,8087100,190016000000,0,false,0
"DBC",142907,"/Date(1700810984000)/",24000,6300,8086300,189997000000,0,false,0
"DBC",142907,"/Date(1700810984000)/",23950,100,8080000,189846000000,-50,false,-0.21
"DBC",142907,"/Date(1700810984000)/",23950,1000,8079900,189843000000,-50,false,-0.21
"DBC",142907,"/Date(1700810984000)/",23950,4000,8078900,189819000000,-50,false,-0.21
"DBC",142907,"/Date(1700810984000)/",23950,9000,8074900,189724000000,-50,false,-0.21
"DBC",142907,"/Date(1700810984000)/",23950,100,8065900,189508000000,-50,false,-0.21
"DBC",142907,"/Date(1700810984000)/",23950,300,8065800,189506000000,-50,false,-0.21
"DBC",142907,"/Date(1700810984000)/",23950,5000,8065500,189499000000,-50,false,-0.21
"DBC",142907,"/Date(1700810984000)/",23950,3800,8060500,189379000000,-50,false,-0.21
"DBC",142907,"/Date(1700810982000)/",23900,2000,8056700,189288000000,-100,true,-0.42
"DBC",142904,"/Date(1700810981000)/",23900,400,8054700,189240000000,-100,true,-0.42
"DBC",142904,"/Date(1700810981000)/",23900,2700,8054300,189230000000,-100,true,-0.42
"DBC",142904,"/Date(1700810979000)/",23950,500,8051600,189166000000,-50,false,-0.21
"DBC",142901,"/Date(1700810977000)/",23900,1000,8051100,189154000000,-100,true,-0.42
"DBC",142858,"/Date(1700810972000)/",23900,100,8050100,189130000000,-100,true,-0.42
"DBC",142858,"/Date(1700810972000)/",23900,1000,8050000,189128000000,-100,true,-0.42
"DBC",142858,"/Date(1700810972000)/",23900,1000,8049000,189104000000,-100,true,-0.42
"DBC",142858,"/Date(1700810972000)/",23900,200,8048000,189080000000,-100,true,-0.42
"DBC",142858,"/Date(1700810972000)/",23900,500,8047800,189075000000,-100,true,-0.42
"DBC",142858,"/Date(1700810972000)/",23900,3000,8047300,189063000000,-100,true,-0.42
"DBC",142858,"/Date(1700810972000)/",23900,300,8044300,188991000000,-100,true,-0.42
"DBC",142858,"/Date(1700810972000)/",23900,1000,8044000,188984000000,-100,true,-0.42
"DBC",142858,"/Date(1700810972000)/",23900,100,8043000,188960000000,-100,true,-0.42
"DBC",142858,"/Date(1700810972000)/",23900,300,8042900,188958000000,-100,true,-0.42
"DBC",142858,"/Date(1700810972000)/",23900,500,8042600,188951000000,-100,true,-0.42
"DBC",142851,"/Date(1700810967000)/",23850,200,8042100,188939000000,-150,false,-0.63
"DBC",142848,"/Date(1700810965000)/",23850,1000,8041900,188934000000,-150,false,-0.63
"DBC",142848,"/Date(1700810965000)/",23850,100,8040900,188910000000,-150,false,-0.63
"DBC",142848,"/Date(1700810965000)/",23850,5000,8040800,188908000000,-150,false,-0.63
"DBC",142848,"/Date(1700810965000)/",23850,100,8035800,188789000000,-150,false,-0.63
"DBC",142848,"/Date(1700810965000)/",23850,1000,8035700,188786000000,-150,false,-0.63
"DBC",142848,"/Date(1700810965000)/",23850,2000,8034700,188762000000,-150,false,-0.63
"DBC",142848,"/Date(1700810965000)/",23850,500,8032700,188715000000,-150,false,-0.63
"DBC",142848,"/Date(1700810964000)/",23850,1000,8032200,188703000000,-150,false,-0.63
"DBC",142841,"/Date(1700810958000)/",23850,4000,8031200,188679000000,-150,false,-0.63
"DBC",142841,"/Date(1700810958000)/",23850,5000,8027200,188583000000,-150,false,-0.63
"DBC",142841,"/Date(1700810958000)/",23850,1000,8022200,188464000000,-150,false,-0.63
"DBC",142841,"/Date(1700810958000)/",23800,500,8021200,188440000000,-200,true,-0.83
"DBC",142829,"/Date(1700810946000)/",23800,15000,8020700,188428000000,-200,true,-0.83
"DBC",142829,"/Date(1700810944000)/",23800,400,8005700,188071000000,-200,true,-0.83
"DBC",142829,"/Date(1700810944000)/",23800,1000,8005300,188062000000,-200,true,-0.83
"DBC",142829,"/Date(1700810944000)/",23800,100,8004300,188038000000,-200,true,-0.83
"DBC",142829,"/Date(1700810944000)/",23800,500,8004200,188036000000,-200,true,-0.83
"DBC",142829,"/Date(1700810944000)/",23800,500,8003700,188024000000,-200,true,-0.83
"DBC",142829,"/Date(1700810944000)/",23800,100,8003200,188012000000,-200,true,-0.83
"DBC",142829,"/Date(1700810944000)/",23800,1000,8003100,188010000000,-200,true,-0.83
"DBC",142829,"/Date(1700810944000)/",23800,100,8002100,187986000000,-200,true,-0.83
"DBC",142829,"/Date(1700810944000)/",23800,1600,8002000,187983000000,-200,true,-0.83
"DBC",142826,"/Date(1700810942000)/",23800,300,8000400,187945000000,-200,false,-0.83
"DBC",142826,"/Date(1700810942000)/",23800,100,8000100,187938000000,-200,false,-0.83
"DBC",142826,"/Date(1700810942000)/",23800,1600,8000000,187936000000,-200,false,-0.83
"DBC",142826,"/Date(1700810941000)/",23750,100,7998400,187898000000,-250,true,-1.04
"DBC",142826,"/Date(1700810941000)/",23800,400,7998300,187895000000,-200,false,-0.83
"DBC",142826,"/Date(1700810941000)/",23800,100,7997900,187886000000,-200,false,-0.83
"DBC",142826,"/Date(1700810940000)/",23800,100,7997800,187883000000,-200,false,-0.83
"DBC",142826,"/Date(1700810940000)/",23800,100,7997700,187881000000,-200,false,-0.83
"DBC",142826,"/Date(1700810940000)/",23800,800,7997600,187879000000,-200,false,-0.83
"DBC",142819,"/Date(1700810936000)/",23750,200,7996800,187860000000,-250,true,-1.04
"DBC",142819,"/Date(1700810936000)/",23750,1000,7996600,187855000000,-250,true,-1.04
"DBC",142819,"/Date(1700810936000)/",23750,800,7995600,187831000000,-250,true,-1.04
"DBC",142810,"/Date(1700810927000)/",23750,100,7994800,187812000000,-250,false,-1.04
"DBC",142810,"/Date(1700810924000)/",23800,200,7994700,187810000000,-200,false,-0.83
"DBC",142810,"/Date(1700810924000)/",23800,500,7994500,187805000000,-200,false,-0.83
"DBC",142810,"/Date(1700810924000)/",23800,1600,7994000,187793000000,-200,false,-0.83
"DBC",142810,"/Date(1700810924000)/",23800,100,7992400,187755000000,-200,false,-0.83
"DBC",142810,"/Date(1700810924000)/",23800,300,7992300,187753000000,-200,false,-0.83
"DBC",142810,"/Date(1700810924000)/",23800,400,7992000,187745000000,-200,false,-0.83
"DBC",142810,"/Date(1700810924000)/",23750,200,7991600,187736000000,-250,false,-1.04
"DBC",142810,"/Date(1700810924000)/",23750,15000,7991400,187731000000,-250,false,-1.04
"DBC",142810,"/Date(1700810924000)/",23750,1200,7976400,187375000000,-250,false,-1.04
"DBC",142810,"/Date(1700810924000)/",23750,500,7975200,187346000000,-250,false,-1.04
"DBC",142747,"/Date(1700810902000)/",23700,200,7974700,187335000000,-300,false,-1.25
"DBC",142747,"/Date(1700810902000)/",23700,200,7974500,187330000000,-300,false,-1.25
"DBC",142747,"/Date(1700810902000)/",23700,100,7974300,187325000000,-300,false,-1.25
"DBC",142744,"/Date(1700810900000)/",23650,200,7974200,187323000000,-350,true,-1.46
"DBC",142741,"/Date(1700810897000)/",23700,900,7974000,187318000000,-300,false,-1.25
"DBC",142741,"/Date(1700810897000)/",23700,200,7973100,187297000000,-300,false,-1.25
"DBC",142741,"/Date(1700810897000)/",23700,1000,7972900,187292000000,-300,false,-1.25
"DBC",142741,"/Date(1700810897000)/",23700,500,7971900,187268000000,-300,false,-1.25
"DBC",142741,"/Date(1700810897000)/",23700,1000,7971400,187256000000,-300,false,-1.25
"DBC",142741,"/Date(1700810897000)/",23700,1400,7970400,187233000000,-300,false,-1.25
"DBC",142741,"/Date(1700810897000)/",23700,100,7969000,187200000000,-300,false,-1.25
"DBC",142738,"/Date(1700810895000)/",23650,3800,7968900,187197000000,-350,true,-1.46
"DBC",142738,"/Date(1700810895000)/",23650,5000,7965100,187107000000,-350,true,-1.46
"DBC",142738,"/Date(1700810895000)/",23650,1200,7960100,186989000000,-350,true,-1.46
"DBC",142738,"/Date(1700810893000)/",23700,100,7958900,186961000000,-300,false,-1.25
"DBC",142738,"/Date(1700810893000)/",23700,300,7958800,186958000000,-300,false,-1.25
"DBC",142738,"/Date(1700810893000)/",23700,200,7958500,186951000000,-300,false,-1.25
"DBC",142738,"/Date(1700810893000)/",23700,200,7958300,186946000000,-300,false,-1.25
"DBC",142738,"/Date(1700810893000)/",23700,800,7958100,186942000000,-300,false,-1.25
"DBC",142734,"/Date(1700810889000)/",23650,100,7957300,186923000000,-350,true,-1.46
"DBC",142731,"/Date(1700810888000)/",23700,100,7957200,186920000000,-300,false,-1.25
"DBC",142722,"/Date(1700810879000)/",23650,200,7957100,186918000000,-350,false,-1.46
"DBC",142722,"/Date(1700810879000)/",23650,500,7956900,186913000000,-350,false,-1.46
"DBC",142722,"/Date(1700810877000)/",23600,100,7956400,186901000000,-400,true,-1.67
"DBC",142722,"/Date(1700810877000)/",23650,500,7956300,186899000000,-350,false,-1.46
"DBC",142718,"/Date(1700810875000)/",23650,100,7955800,186887000000,-350,false,-1.46
"DBC",142712,"/Date(1700810867000)/",23650,900,7955700,186885000000,-350,false,-1.46
"DBC",142712,"/Date(1700810867000)/",23650,100,7954800,186864000000,-350,false,-1.46
"DBC",142709,"/Date(1700810863000)/",23600,2000,7954700,186861000000,-400,false,-1.67
"DBC",142709,"/Date(1700810863000)/",23600,500,7952700,186814000000,-400,false,-1.67
"DBC",142709,"/Date(1700810863000)/",23600,200,7952200,186802000000,-400,false,-1.67
"DBC",142709,"/Date(1700810863000)/",23600,2000,7952000,186798000000,-400,false,-1.67
"DBC",142709,"/Date(1700810863000)/",23600,5000,7950000,186750000000,-400,false,-1.67
"DBC",142709,"/Date(1700810863000)/",23600,100,7945000,186632000000,-400,false,-1.67
"DBC",142709,"/Date(1700810863000)/",23600,300,7944900,186630000000,-400,false,-1.67
"DBC",142709,"/Date(1700810863000)/",23600,200,7944600,186623000000,-400,false,-1.67
"DBC",142709,"/Date(1700810863000)/",23600,600,7944400,186618000000,-400,false,-1.67
"DBC",142702,"/Date(1700810858000)/",23600,400,7943800,186604000000,-400,false,-1.67
"DBC",142702,"/Date(1700810858000)/",23600,100,7943400,186595000000,-400,false,-1.67
"DBC",142702,"/Date(1700810858000)/",23600,500,7943300,186592000000,-400,false,-1.67
"DBC",142659,"/Date(1700810854000)/",23550,200,7942800,186580000000,-450,true,-1.88
"DBC",142659,"/Date(1700810854000)/",23550,700,7942600,186576000000,-450,true,-1.88
"DBC",142659,"/Date(1700810854000)/",23550,100,7941900,186559000000,-450,true,-1.88
"DBC",142656,"/Date(1700810850000)/",23600,500,7941800,186557000000,-400,false,-1.67
"DBC",142653,"/Date(1700810849000)/",23600,300,7941300,186545000000,-400,false,-1.67
"DBC",142653,"/Date(1700810849000)/",23600,100,7941000,186538000000,-400,false,-1.67
"DBC",142646,"/Date(1700810839000)/",23550,200,7940900,186536000000,-450,false,-1.88
"DBC",142646,"/Date(1700810839000)/",23550,200,7940700,186531000000,-450,false,-1.88
"DBC",142646,"/Date(1700810839000)/",23550,300,7940500,186526000000,-450,false,-1.88
"DBC",142646,"/Date(1700810839000)/",23550,100,7940200,186519000000,-450,false,-1.88
"DBC",142646,"/Date(1700810839000)/",23550,1400,7940100,186517000000,-450,false,-1.88
"DBC",142646,"/Date(1700810838000)/",23550,3600,7938700,186484000000,-450,false,-1.88
"DBC",142646,"/Date(1700810838000)/",23550,1000,7935100,186399000000,-450,false,-1.88
"DBC",142637,"/Date(1700810834000)/",23550,10000,7934100,186375000000,-450,false,-1.88
"DBC",142624,"/Date(1700810820000)/",23500,1000,7924100,186140000000,-500,false,-2.08
"DBC",142624,"/Date(1700810820000)/",23500,400,7923100,186116000000,-500,false,-2.08
"DBC",142624,"/Date(1700810820000)/",23500,10000,7922700,186107000000,-500,false,-2.08
"DBC",142624,"/Date(1700810820000)/",23500,100,7912700,185872000000,-500,false,-2.08
"DBC",142624,"/Date(1700810820000)/",23500,3000,7912600,185870000000,-500,false,-2.08
"DBC",142621,"/Date(1700810817000)/",23500,200,7909600,185799000000,-500,false,-2.08
"DBC",142618,"/Date(1700810815000)/",23500,1800,7909400,185795000000,-500,false,-2.08
"DBC",142618,"/Date(1700810815000)/",23500,100,7907600,185752000000,-500,false,-2.08
"DBC",142618,"/Date(1700810815000)/",23500,300,7907500,185750000000,-500,false,-2.08
"DBC",142618,"/Date(1700810815000)/",23500,200,7907200,185743000000,-500,false,-2.08
"DBC",142618,"/Date(1700810815000)/",23500,200,7907000,185738000000,-500,false,-2.08
"DBC",142618,"/Date(1700810815000)/",23500,200,7906800,185733000000,-500,false,-2.08
"DBC",142618,"/Date(1700810815000)/",23500,700,7906600,185729000000,-500,false,-2.08
"DBC",142618,"/Date(1700810813000)/",23500,9300,7905900,185712000000,-500,false,-2.08
"DBC",142618,"/Date(1700810813000)/",23500,5000,7896600,185494000000,-500,false,-2.08
"DBC",142618,"/Date(1700810813000)/",23500,100,7891600,185376000000,-500,false,-2.08
"DBC",142618,"/Date(1700810813000)/",23500,100,7891500,185374000000,-500,false,-2.08
"DBC",142618,"/Date(1700810813000)/",23500,2800,7891400,185372000000,-500,false,-2.08
"DBC",142618,"/Date(1700810813000)/",23500,2700,7888600,185306000000,-500,false,-2.08
"DBC",142618,"/Date(1700810812000)/",23500,1000,7885900,185242000000,-500,false,-2.08
"DBC",142618,"/Date(1700810812000)/",23500,5000,7884900,185219000000,-500,false,-2.08
"DBC",142608,"/Date(1700810804000)/",23500,10000,7879900,185101000000,-500,false,-2.08
"DBC",142608,"/Date(1700810803000)/",23450,1000,7869900,184866000000,-550,true,-2.29
"DBC",142605,"/Date(1700810799000)/",23500,1300,7868900,184843000000,-500,false,-2.08
"DBC",142605,"/Date(1700810799000)/",23500,3000,7867600,184812000000,-500,false,-2.08
"DBC",142605,"/Date(1700810799000)/",23500,200,7864600,184742000000,-500,false,-2.08
"DBC",142555,"/Date(1700810792000)/",23450,4700,7864400,184737000000,-550,true,-2.29
"DBC",142555,"/Date(1700810790000)/",23450,9400,7859700,184627000000,-550,true,-2.29
"DBC",142555,"/Date(1700810790000)/",23450,600,7850300,184406000000,-550,true,-2.29
"DBC",142549,"/Date(1700810785000)/",23450,2000,7849700,184392000000,-550,false,-2.29
"DBC",142549,"/Date(1700810784000)/",23450,400,7847700,184345000000,-550,false,-2.29
"DBC",142546,"/Date(1700810782000)/",23400,100,7847300,184336000000,-600,true,-2.5
"DBC",142546,"/Date(1700810782000)/",23400,200,7847200,184334000000,-600,true,-2.5
"DBC",142546,"/Date(1700810782000)/",23400,200,7847000,184329000000,-600,true,-2.5
"DBC",142542,"/Date(1700810778000)/",23450,10000,7846800,184324000000,-550,true,-2.29
"DBC",142542,"/Date(1700810778000)/",23450,9600,7836800,184090000000,-550,true,-2.29
"DBC",142539,"/Date(1700810775000)/",23450,1000,7827200,183865000000,-550,true,-2.29
"DBC",142533,"/Date(1700810768000)/",23450,600,7826200,183841000000,-550,true,-2.29
"DBC",142533,"/Date(1700810768000)/",23450,500,7825600,183827000000,-550,true,-2.29
"DBC",142533,"/Date(1700810768000)/",23450,2500,7825100,183815000000,-550,true,-2.29
"DBC",142533,"/Date(1700810768000)/",23450,3000,7822600,183757000000,-550,true,-2.29
"DBC",142533,"/Date(1700810768000)/",23450,1000,7819600,183687000000,-550,true,-2.29
"DBC",142533,"/Date(1700810768000)/",23450,1000,7818600,183663000000,-550,true,-2.29
"DBC",142533,"/Date(1700810768000)/",23450,200,7817600,183640000000,-550,true,-2.29
"DBC",142533,"/Date(1700810768000)/",23450,2000,7817400,183635000000,-550,true,-2.29
"DBC",142533,"/Date(1700810768000)/",23450,2600,7815400,183588000000,-550,true,-2.29
"DBC",142514,"/Date(1700810750000)/",23450,100,7812800,183527000000,-550,false,-2.29
"DBC",142507,"/Date(1700810742000)/",23400,4000,7812700,183525000000,-600,true,-2.5
"DBC",142504,"/Date(1700810738000)/",23400,800,7808700,183431000000,-600,false,-2.5
"DBC",142501,"/Date(1700810736000)/",23400,2500,7807900,183412000000,-600,false,-2.5
"DBC",142501,"/Date(1700810736000)/",23400,100,7805400,183354000000,-600,false,-2.5
"DBC",142501,"/Date(1700810736000)/",23400,2600,7805300,183352000000,-600,false,-2.5
"DBC",142454,"/Date(1700810729000)/",23450,200,7802700,183291000000,-550,false,-2.29
"DBC",142451,"/Date(1700810725000)/",23400,400,7802500,183286000000,-600,true,-2.5
"DBC",142451,"/Date(1700810725000)/",23400,100,7802100,183277000000,-600,true,-2.5
"DBC",142435,"/Date(1700810710000)/",23400,3000,7802000,183274000000,-600,true,-2.5
"DBC",142435,"/Date(1700810710000)/",23400,1000,7799000,183204000000,-600,true,-2.5
"DBC",142435,"/Date(1700810709000)/",23400,200,7798000,183181000000,-600,true,-2.5
"DBC",142432,"/Date(1700810707000)/",23400,100,7797800,183176000000,-600,true,-2.5
"DBC",142429,"/Date(1700810705000)/",23400,500,7797700,183174000000,-600,true,-2.5
"DBC",142429,"/Date(1700810705000)/",23400,400,7797200,183162000000,-600,true,-2.5
"DBC",142429,"/Date(1700810705000)/",23400,100,7796800,183153000000,-600,true,-2.5
"DBC",142426,"/Date(1700810700000)/",23400,5900,7796700,183150000000,-600,false,-2.5
"DBC",142426,"/Date(1700810700000)/",23400,200,7790800,183012000000,-600,false,-2.5
"DBC",142423,"/Date(1700810699000)/",23400,100,7790600,183008000000,-600,false,-2.5
"DBC",142423,"/Date(1700810699000)/",23400,100,7790500,183005000000,-600,false,-2.5
"DBC",142423,"/Date(1700810699000)/",23400,300,7790400,183003000000,-600,false,-2.5
"DBC",142419,"/Date(1700810696000)/",23400,300,7790100,182996000000,-600,false,-2.5
"DBC",142419,"/Date(1700810696000)/",23400,5000,7789800,182989000000,-600,false,-2.5
"DBC",142419,"/Date(1700810696000)/",23400,700,7784800,182872000000,-600,false,-2.5
"DBC",142419,"/Date(1700810693000)/",23400,200,7784100,182855000000,-600,false,-2.5
"DBC",142410,"/Date(1700810686000)/",23400,200,7783900,182851000000,-600,true,-2.5
"DBC",142410,"/Date(1700810686000)/",23400,1900,7783700,182846000000,-600,true,-2.5
"DBC",142403,"/Date(1700810679000)/",23400,3100,7781800,182802000000,-600,false,-2.5
"DBC",142403,"/Date(1700810679000)/",23400,1000,7778700,182729000000,-600,false,-2.5
"DBC",142400,"/Date(1700810677000)/",23400,5000,7777700,182706000000,-600,false,-2.5
"DBC",142400,"/Date(1700810676000)/",23400,900,7772700,182589000000,-600,false,-2.5
"DBC",142400,"/Date(1700810676000)/",23400,1000,7771800,182568000000,-600,false,-2.5
"DBC",142400,"/Date(1700810676000)/",23400,300,7770800,182544000000,-600,false,-2.5
"DBC",142357,"/Date(1700810673000)/",23400,200,7770500,182537000000,-600,false,-2.5
"DBC",142351,"/Date(1700810665000)/",23400,100,7770300,182533000000,-600,false,-2.5
"DBC",142347,"/Date(1700810664000)/",23400,1000,7770200,182530000000,-600,false,-2.5
"DBC",142341,"/Date(1700810655000)/",23400,1000,7769200,182507000000,-600,false,-2.5
"DBC",142338,"/Date(1700810652000)/",23400,400,7768200,182483000000,-600,false,-2.5
"DBC",142338,"/Date(1700810652000)/",23400,500,7767800,182474000000,-600,false,-2.5
"DBC",142338,"/Date(1700810652000)/",23400,1000,7767300,182462000000,-600,false,-2.5
"DBC",142338,"/Date(1700810652000)/",23400,100,7766300,182439000000,-600,false,-2.5
"DBC",142325,"/Date(1700810642000)/",23400,200,7766200,182437000000,-600,false,-2.5
"DBC",142322,"/Date(1700810637000)/",23400,4800,7766000,182432000000,-600,false,-2.5
"DBC",142322,"/Date(1700810637000)/",23400,200,7761200,182320000000,-600,false,-2.5
"DBC",142322,"/Date(1700810637000)/",23400,1000,7761000,182315000000,-600,false,-2.5
"DBC",142309,"/Date(1700810625000)/",23350,200,7760000,182292000000,-650,true,-2.71
"DBC",142309,"/Date(1700810625000)/",23350,500,7759800,182287000000,-650,true,-2.71
"DBC",142309,"/Date(1700810625000)/",23350,300,7759300,182275000000,-650,true,-2.71
"DBC",142309,"/Date(1700810624000)/",23450,1700,7759000,182268000000,-550,false,-2.29
"DBC",142309,"/Date(1700810624000)/",23450,5000,7757300,182228000000,-550,false,-2.29
"DBC",142309,"/Date(1700810624000)/",23450,1000,7752300,182111000000,-550,false,-2.29
"DBC",142309,"/Date(1700810624000)/",23450,7300,7751300,182088000000,-550,false,-2.29
"DBC",142256,"/Date(1700810611000)/",23400,100,7744000,181916000000,-600,false,-2.5
"DBC",142256,"/Date(1700810611000)/",23400,200,7743900,181914000000,-600,false,-2.5
"DBC",142256,"/Date(1700810611000)/",23400,1800,7743700,181909000000,-600,false,-2.5
"DBC",142256,"/Date(1700810611000)/",23400,700,7741900,181867000000,-600,false,-2.5
"DBC",142256,"/Date(1700810611000)/",23400,200,7741200,181851000000,-600,false,-2.5
"DBC",142256,"/Date(1700810611000)/",23400,4300,7741000,181846000000,-600,false,-2.5
"DBC",142256,"/Date(1700810610000)/",23350,1500,7736700,181746000000,-650,true,-2.71
"DBC",142247,"/Date(1700810603000)/",23400,15700,7735200,181711000000,-600,false,-2.5
"DBC",142247,"/Date(1700810603000)/",23400,4300,7719500,181343000000,-600,false,-2.5
"DBC",142247,"/Date(1700810600000)/",23350,500,7715200,181243000000,-650,true,-2.71
"DBC",142240,"/Date(1700810595000)/",23350,1500,7714700,181231000000,-650,true,-2.71
"DBC",142240,"/Date(1700810595000)/",23350,500,7713200,181196000000,-650,true,-2.71
"DBC",142240,"/Date(1700810595000)/",23350,500,7712700,181184000000,-650,true,-2.71
"DBC",142231,"/Date(1700810587000)/",23350,200,7712200,181173000000,-650,true,-2.71
"DBC",142228,"/Date(1700810581000)/",23400,100,7712000,181168000000,-600,false,-2.5
"DBC",142228,"/Date(1700810581000)/",23350,800,7711900,181166000000,-650,true,-2.71
"DBC",142228,"/Date(1700810581000)/",23350,100,7711100,181147000000,-650,true,-2.71
"DBC",142228,"/Date(1700810581000)/",23350,100,7711000,181145000000,-650,true,-2.71
"DBC",142221,"/Date(1700810578000)/",23350,1500,7710900,181142000000,-650,true,-2.71
"DBC",142215,"/Date(1700810569000)/",23350,600,7709400,181107000000,-650,true,-2.71
"DBC",142156,"/Date(1700810550000)/",23350,2000,7708800,181093000000,-650,false,-2.71
"DBC",142156,"/Date(1700810550000)/",23350,5800,7706800,181046000000,-650,false,-2.71
"DBC",142156,"/Date(1700810549000)/",23350,1000,7701000,180911000000,-650,false,-2.71
"DBC",142149,"/Date(1700810545000)/",23350,3000,7700000,180888000000,-650,false,-2.71
"DBC",142136,"/Date(1700810532000)/",23350,7500,7697000,180818000000,-650,true,-2.71
"DBC",142136,"/Date(1700810532000)/",23350,200,7689500,180642000000,-650,true,-2.71
"DBC",142136,"/Date(1700810532000)/",23350,2500,7689300,180638000000,-650,true,-2.71
"DBC",142127,"/Date(1700810522000)/",23350,500,7686800,180579000000,-650,true,-2.71
"DBC",142120,"/Date(1700810517000)/",23450,2900,7686300,180568000000,-550,false,-2.29
"DBC",142120,"/Date(1700810517000)/",23450,300,7683400,180500000000,-550,false,-2.29
"DBC",142120,"/Date(1700810517000)/",23450,200,7683100,180493000000,-550,false,-2.29
"DBC",142120,"/Date(1700810517000)/",23400,1000,7682900,180488000000,-600,false,-2.5
"DBC",142120,"/Date(1700810517000)/",23400,1500,7681900,180465000000,-600,false,-2.5
"DBC",142120,"/Date(1700810517000)/",23400,9100,7680400,180430000000,-600,false,-2.5
"DBC",142117,"/Date(1700810511000)/",23300,2000,7671300,180217000000,-700,true,-2.92
"DBC",142114,"/Date(1700810509000)/",23400,900,7669300,180170000000,-600,false,-2.5
"DBC",142114,"/Date(1700810509000)/",23400,3300,7668400,180149000000,-600,false,-2.5
"DBC",142114,"/Date(1700810509000)/",23350,800,7665100,180072000000,-650,false,-2.71
"DBC",142108,"/Date(1700810504000)/",23400,500,7664300,180053000000,-600,false,-2.5
"DBC",142048,"/Date(1700810483000)/",23400,1200,7663800,180041000000,-600,false,-2.5
"DBC",142048,"/Date(1700810483000)/",23400,100,7662600,180013000000,-600,false,-2.5
"DBC",142048,"/Date(1700810482000)/",23400,700,7662500,180011000000,-600,false,-2.5
"DBC",142042,"/Date(1700810476000)/",23400,1000,7661800,179995000000,-600,false,-2.5
"DBC",142039,"/Date(1700810474000)/",23400,3300,7660800,179971000000,-600,false,-2.5
"DBC",142039,"/Date(1700810474000)/",23400,2000,7657500,179894000000,-600,false,-2.5
"DBC",142039,"/Date(1700810474000)/",23400,1000,7655500,179847000000,-600,false,-2.5
"DBC",142039,"/Date(1700810474000)/",23400,1000,7654500,179824000000,-600,false,-2.5
"DBC",142039,"/Date(1700810474000)/",23400,100,7653500,179800000000,-600,false,-2.5
"DBC",142039,"/Date(1700810474000)/",23350,2600,7653400,179798000000,-650,true,-2.71
"DBC",142039,"/Date(1700810473000)/",23350,100,7650800,179737000000,-650,true,-2.71
"DBC",142039,"/Date(1700810473000)/",23350,100,7650700,179735000000,-650,true,-2.71
"DBC",142039,"/Date(1700810473000)/",23350,300,7650600,179733000000,-650,true,-2.71
"DBC",142039,"/Date(1700810473000)/",23350,500,7650300,179726000000,-650,true,-2.71
"DBC",142039,"/Date(1700810473000)/",23350,1400,7649800,179714000000,-650,true,-2.71
"DBC",142039,"/Date(1700810473000)/",23350,20000,7648400,179681000000,-650,true,-2.71
"DBC",142036,"/Date(1700810469000)/",23400,400,7628400,179214000000,-600,false,-2.5
"DBC",142036,"/Date(1700810469000)/",23400,300,7628000,179205000000,-600,false,-2.5
"DBC",142036,"/Date(1700810469000)/",23400,200,7627700,179198000000,-600,false,-2.5
"DBC",142036,"/Date(1700810469000)/",23400,1900,7627500,179193000000,-600,false,-2.5
"DBC",142032,"/Date(1700810469000)/",23400,1000,7625600,179149000000,-600,false,-2.5
"DBC",142029,"/Date(1700810465000)/",23400,200,7624600,179125000000,-600,false,-2.5
"DBC",142010,"/Date(1700810444000)/",23400,200,7624400,179121000000,-600,false,-2.5
"DBC",142007,"/Date(1700810443000)/",23400,200,7624200,179116000000,-600,false,-2.5
"DBC",142007,"/Date(1700810440000)/",23400,100,7624000,179111000000,-600,false,-2.5
"DBC",141957,"/Date(1700810433000)/",23400,300,7623900,179109000000,-600,false,-2.5
"DBC",141957,"/Date(1700810433000)/",23400,100,7623600,179102000000,-600,false,-2.5
"DBC",141957,"/Date(1700810432000)/",23400,100,7623500,179100000000,-600,false,-2.5
"DBC",141954,"/Date(1700810430000)/",23400,1000,7623400,179097000000,-600,false,-2.5
"DBC",141948,"/Date(1700810422000)/",23300,6300,7622400,179074000000,-700,true,-2.92
"DBC",141948,"/Date(1700810422000)/",23350,1700,7616100,178927000000,-650,true,-2.71
"DBC",141944,"/Date(1700810418000)/",23350,1000,7614400,178887000000,-650,true,-2.71
"DBC",141938,"/Date(1700810413000)/",23350,300,7613400,178864000000,-650,false,-2.71
"DBC",141938,"/Date(1700810412000)/",23350,500,7613100,178857000000,-650,false,-2.71
"DBC",141928,"/Date(1700810404000)/",23350,1000,7612600,178845000000,-650,false,-2.71
"DBC",141925,"/Date(1700810400000)/",23350,300,7611600,178822000000,-650,false,-2.71
"DBC",141922,"/Date(1700810397000)/",23300,2000,7611300,178815000000,-700,true,-2.92
"DBC",141912,"/Date(1700810388000)/",23350,1500,7609300,178768000000,-650,true,-2.71
"DBC",141912,"/Date(1700810388000)/",23350,1400,7607800,178733000000,-650,true,-2.71
"DBC",141912,"/Date(1700810387000)/",23400,2000,7606400,178701000000,-600,false,-2.5
"DBC",141909,"/Date(1700810383000)/",23400,5000,7604400,178654000000,-600,false,-2.5
"DBC",141906,"/Date(1700810382000)/",23400,1900,7599400,178537000000,-600,false,-2.5
"DBC",141906,"/Date(1700810382000)/",23400,1000,7597500,178492000000,-600,false,-2.5
"DBC",141906,"/Date(1700810382000)/",23400,100,7596500,178469000000,-600,false,-2.5
"DBC",141903,"/Date(1700810377000)/",23400,200,7596400,178467000000,-600,false,-2.5
"DBC",141859,"/Date(1700810374000)/",23350,2000,7596200,178462000000,-650,true,-2.71
"DBC",141856,"/Date(1700810370000)/",23400,200,7594200,178415000000,-600,false,-2.5
"DBC",141853,"/Date(1700810369000)/",23350,100,7594000,178411000000,-650,true,-2.71
"DBC",141853,"/Date(1700810368000)/",23400,1500,7593900,178408000000,-600,false,-2.5
"DBC",141853,"/Date(1700810368000)/",23400,1500,7592400,178373000000,-600,false,-2.5
"DBC",141847,"/Date(1700810361000)/",23350,1100,7590900,178338000000,-650,true,-2.71
"DBC",141843,"/Date(1700810359000)/",23350,15400,7589800,178312000000,-650,true,-2.71
"DBC",141840,"/Date(1700810355000)/",23300,20000,7574400,177953000000,-700,true,-2.92
"DBC",141837,"/Date(1700810353000)/",23300,1000,7554400,177487000000,-700,true,-2.92
"DBC",141837,"/Date(1700810352000)/",23300,1000,7553400,177463000000,-700,true,-2.92
"DBC",141834,"/Date(1700810347000)/",23300,800,7552400,177440000000,-700,false,-2.92
"DBC",141831,"/Date(1700810347000)/",23300,500,7551600,177422000000,-700,false,-2.92
"DBC",141831,"/Date(1700810345000)/",23300,200,7551100,177410000000,-700,false,-2.92
"DBC",141827,"/Date(1700810344000)/",23300,2000,7550900,177405000000,-700,true,-2.92
"DBC",141827,"/Date(1700810343000)/",23300,400,7548900,177359000000,-700,true,-2.92
"DBC",141827,"/Date(1700810343000)/",23300,5000,7548500,177349000000,-700,true,-2.92
"DBC",141827,"/Date(1700810343000)/",23300,500,7543500,177233000000,-700,true,-2.92
"DBC",141827,"/Date(1700810343000)/",23300,200,7543000,177221000000,-700,true,-2.92
"DBC",141827,"/Date(1700810343000)/",23300,5400,7542800,177216000000,-700,true,-2.92
"DBC",141827,"/Date(1700810342000)/",23400,600,7537400,177091000000,-600,false,-2.5
"DBC",141827,"/Date(1700810342000)/",23400,600,7536800,177077000000,-600,false,-2.5
"DBC",141827,"/Date(1700810342000)/",23400,800,7536200,177063000000,-600,false,-2.5
"DBC",141824,"/Date(1700810340000)/",23300,1000,7535400,177044000000,-700,true,-2.92
"DBC",141811,"/Date(1700810328000)/",23300,500,7534400,177021000000,-700,false,-2.92
"DBC",141811,"/Date(1700810326000)/",23300,3200,7533900,177009000000,-700,false,-2.92
"DBC",141811,"/Date(1700810326000)/",23300,4000,7530700,176934000000,-700,false,-2.92
"DBC",141811,"/Date(1700810326000)/",23300,200,7526700,176841000000,-700,false,-2.92
"DBC",141811,"/Date(1700810326000)/",23300,1700,7526500,176836000000,-700,false,-2.92
"DBC",141811,"/Date(1700810326000)/",23300,1500,7524800,176797000000,-700,false,-2.92
"DBC",141811,"/Date(1700810326000)/",23300,100,7523300,176762000000,-700,false,-2.92
"DBC",141811,"/Date(1700810326000)/",23300,200,7523200,176760000000,-700,false,-2.92
"DBC",141811,"/Date(1700810326000)/",23300,500,7523000,176755000000,-700,false,-2.92
"DBC",141811,"/Date(1700810326000)/",23300,1000,7522500,176743000000,-700,false,-2.92
"DBC",141811,"/Date(1700810326000)/",23300,600,7521500,176720000000,-700,false,-2.92
"DBC",141811,"/Date(1700810326000)/",23300,2000,7520900,176706000000,-700,false,-2.92
"DBC",141811,"/Date(1700810326000)/",23250,300,7518900,176659000000,-750,false,-3.13
"DBC",141811,"/Date(1700810326000)/",23250,2800,7518600,176652000000,-750,false,-3.13
"DBC",141808,"/Date(1700810322000)/",23250,200,7515800,176587000000,-750,false,-3.13
"DBC",141808,"/Date(1700810322000)/",23250,300,7515600,176583000000,-750,false,-3.13
"DBC",141802,"/Date(1700810317000)/",23250,1000,7515300,176576000000,-750,false,-3.13
"DBC",141802,"/Date(1700810316000)/",23200,1000,7514300,176552000000,-800,true,-3.33
"DBC",141802,"/Date(1700810316000)/",23200,4400,7513300,176529000000,-800,true,-3.33
"DBC",141802,"/Date(1700810316000)/",23200,500,7508900,176427000000,-800,true,-3.33
"DBC",141802,"/Date(1700810316000)/",23200,100,7508400,176416000000,-800,true,-3.33
"DBC",141759,"/Date(1700810314000)/",23200,100,7508300,176413000000,-800,false,-3.33
"DBC",141755,"/Date(1700810312000)/",23200,1000,7508200,176411000000,-800,false,-3.33
"DBC",141755,"/Date(1700810311000)/",23200,200,7507200,176388000000,-800,false,-3.33
"DBC",141755,"/Date(1700810309000)/",23200,100,7507000,176383000000,-800,false,-3.33
"DBC",141752,"/Date(1700810307000)/",23200,1000,7506900,176381000000,-800,false,-3.33
"DBC",141749,"/Date(1700810305000)/",23200,500,7505900,176358000000,-800,false,-3.33
"DBC",141749,"/Date(1700810305000)/",23200,100,7505400,176346000000,-800,false,-3.33
"DBC",141746,"/Date(1700810302000)/",23200,200,7505300,176344000000,-800,false,-3.33
"DBC",141746,"/Date(1700810301000)/",23200,3200,7505100,176339000000,-800,false,-3.33
"DBC",141746,"/Date(1700810301000)/",23200,100,7501900,176265000000,-800,false,-3.33
"DBC",141746,"/Date(1700810301000)/",23200,1700,7501800,176262000000,-800,false,-3.33
"DBC",141739,"/Date(1700810296000)/",23100,2300,7500100,176223000000,-900,true,-3.75
"DBC",141739,"/Date(1700810296000)/",23150,400,7497800,176170000000,-850,true,-3.54
"DBC",141739,"/Date(1700810296000)/",23150,100,7497400,176161000000,-850,true,-3.54
"DBC",141739,"/Date(1700810296000)/",23150,2200,7497300,176158000000,-850,true,-3.54
"DBC",141739,"/Date(1700810295000)/",23150,500,7495100,176107000000,-850,true,-3.54
"DBC",141739,"/Date(1700810294000)/",23200,800,7494600,176096000000,-800,false,-3.33
"DBC",141739,"/Date(1700810294000)/",23200,200,7493800,176077000000,-800,false,-3.33
"DBC",141736,"/Date(1700810292000)/",23150,1000,7493600,176073000000,-850,true,-3.54
"DBC",141736,"/Date(1700810290000)/",23200,200,7492600,176049000000,-800,false,-3.33
"DBC",141733,"/Date(1700810289000)/",23150,700,7492400,176045000000,-850,true,-3.54
"DBC",141733,"/Date(1700810289000)/",23150,300,7491700,176029000000,-850,true,-3.54
"DBC",141727,"/Date(1700810283000)/",23100,1500,7491400,176022000000,-900,true,-3.75
"DBC",141727,"/Date(1700810283000)/",23100,400,7489900,175987000000,-900,true,-3.75
"DBC",141727,"/Date(1700810283000)/",23150,100,7489500,175978000000,-850,false,-3.54
"DBC",141727,"/Date(1700810282000)/",23150,1000,7489400,175975000000,-850,false,-3.54
"DBC",141727,"/Date(1700810282000)/",23150,3000,7488400,175952000000,-850,false,-3.54
"DBC",141727,"/Date(1700810282000)/",23150,200,7485400,175883000000,-850,false,-3.54
"DBC",141727,"/Date(1700810282000)/",23150,2900,7485200,175878000000,-850,false,-3.54
"DBC",141727,"/Date(1700810282000)/",23150,1000,7482300,175811000000,-850,false,-3.54
"DBC",141727,"/Date(1700810282000)/",23150,300,7481300,175788000000,-850,false,-3.54
"DBC",141727,"/Date(1700810282000)/",23150,500,7481000,175781000000,-850,false,-3.54
"DBC",141727,"/Date(1700810282000)/",23150,1000,7480500,175769000000,-850,false,-3.54
"DBC",141727,"/Date(1700810281000)/",23100,2200,7479500,175746000000,-900,true,-3.75
"DBC",141723,"/Date(1700810277000)/",23150,3000,7477300,175695000000,-850,false,-3.54
"DBC",141723,"/Date(1700810277000)/",23150,200,7474300,175626000000,-850,false,-3.54
"DBC",141720,"/Date(1700810277000)/",23100,1200,7474100,175621000000,-900,true,-3.75
"DBC",141720,"/Date(1700810276000)/",23150,300,7472900,175594000000,-850,false,-3.54
"DBC",141717,"/Date(1700810270000)/",23100,100,7472600,175587000000,-900,true,-3.75
"DBC",141717,"/Date(1700810270000)/",23100,2100,7472500,175584000000,-900,true,-3.75
"DBC",141714,"/Date(1700810270000)/",23100,300,7470400,175536000000,-900,false,-3.75
"DBC",141714,"/Date(1700810270000)/",23100,200,7470100,175529000000,-900,false,-3.75
"DBC",141714,"/Date(1700810268000)/",23100,800,7469900,175524000000,-900,false,-3.75
"DBC",141711,"/Date(1700810267000)/",23050,300,7469100,175506000000,-950,false,-3.96
"DBC",141711,"/Date(1700810266000)/",23050,2000,7468800,175499000000,-950,false,-3.96
"DBC",141711,"/Date(1700810266000)/",23050,200,7466800,175453000000,-950,false,-3.96
"DBC",141711,"/Date(1700810265000)/",23050,100,7466600,175448000000,-950,false,-3.96
"DBC",141707,"/Date(1700810262000)/",23050,200,7466500,175446000000,-950,false,-3.96
"DBC",141704,"/Date(1700810261000)/",23000,1000,7466300,175441000000,-1000,true,-4.17
"DBC",141701,"/Date(1700810256000)/",23100,1500,7465300,175418000000,-900,false,-3.75
"DBC",141701,"/Date(1700810256000)/",23000,1000,7463800,175384000000,-1000,true,-4.17
"DBC",141701,"/Date(1700810256000)/",23100,2500,7462800,175361000000,-900,false,-3.75
"DBC",141701,"/Date(1700810256000)/",23100,500,7460300,175303000000,-900,false,-3.75
"DBC",141658,"/Date(1700810254000)/",23000,1000,7459800,175291000000,-1000,true,-4.17
"DBC",141658,"/Date(1700810254000)/",23050,500,7458800,175268000000,-950,true,-3.96
"DBC",141655,"/Date(1700810251000)/",23050,500,7458300,175257000000,-950,true,-3.96
"DBC",141655,"/Date(1700810248000)/",23000,300,7457800,175245000000,-1000,true,-4.17
"DBC",141655,"/Date(1700810248000)/",23050,200,7457500,175238000000,-950,true,-3.96
"DBC",141651,"/Date(1700810246000)/",23050,1000,7457300,175234000000,-950,false,-3.96
"DBC",141651,"/Date(1700810246000)/",23050,800,7456300,175211000000,-950,false,-3.96
"DBC",141648,"/Date(1700810244000)/",23050,200,7455500,175192000000,-950,false,-3.96
"DBC",141648,"/Date(1700810244000)/",23050,300,7455300,175188000000,-950,false,-3.96
"DBC",141648,"/Date(1700810242000)/",23050,200,7455000,175181000000,-950,false,-3.96
"DBC",141645,"/Date(1700810241000)/",23000,1000,7454800,175176000000,-1000,true,-4.17
"DBC",141645,"/Date(1700810241000)/",23000,500,7453800,175153000000,-1000,true,-4.17
"DBC",141645,"/Date(1700810241000)/",23000,2000,7453300,175142000000,-1000,true,-4.17
"DBC",141645,"/Date(1700810241000)/",23000,6500,7451300,175096000000,-1000,true,-4.17
"DBC",141645,"/Date(1700810239000)/",23050,500,7444800,174946000000,-950,false,-3.96
"DBC",141639,"/Date(1700810234000)/",23000,3500,7444300,174935000000,-1000,false,-4.17
"DBC",141639,"/Date(1700810234000)/",23000,1500,7440800,174854000000,-1000,false,-4.17
"DBC",141639,"/Date(1700810233000)/",23000,100,7439300,174820000000,-1000,false,-4.17
"DBC",141639,"/Date(1700810233000)/",23000,100,7439200,174817000000,-1000,false,-4.17
"DBC",141639,"/Date(1700810233000)/",23000,3000,7439100,174815000000,-1000,false,-4.17
"DBC",141639,"/Date(1700810233000)/",23000,500,7436100,174746000000,-1000,false,-4.17
"DBC",141639,"/Date(1700810233000)/",23000,100,7435600,174735000000,-1000,false,-4.17
"DBC",141639,"/Date(1700810233000)/",23000,1000,7435500,174732000000,-1000,false,-4.17
"DBC",141639,"/Date(1700810233000)/",23000,1000,7434500,174709000000,-1000,false,-4.17
"DBC",141639,"/Date(1700810233000)/",23000,500,7433500,174686000000,-1000,false,-4.17
"DBC",141639,"/Date(1700810233000)/",23000,1000,7433000,174675000000,-1000,false,-4.17
"DBC",141639,"/Date(1700810233000)/",23000,5000,7432000,174652000000,-1000,false,-4.17
"DBC",141639,"/Date(1700810233000)/",23000,1200,7427000,174537000000,-1000,false,-4.17
"DBC",141639,"/Date(1700810233000)/",23000,300,7425800,174509000000,-1000,false,-4.17
"DBC",141639,"/Date(1700810233000)/",23000,2200,7425500,174502000000,-1000,false,-4.17
"DBC",141635,"/Date(1700810231000)/",23000,8200,7423300,174452000000,-1000,false,-4.17
"DBC",141635,"/Date(1700810230000)/",23000,500,7415100,174263000000,-1000,false,-4.17
"DBC",141632,"/Date(1700810228000)/",23000,1000,7414600,174252000000,-1000,false,-4.17
"DBC",141629,"/Date(1700810224000)/",22950,6500,7413600,174229000000,-1050,true,-4.38
"DBC",141626,"/Date(1700810220000)/",22950,400,7407100,174079000000,-1050,false,-4.38
"DBC",141626,"/Date(1700810220000)/",22950,200,7406700,174070000000,-1050,false,-4.38
"DBC",141626,"/Date(1700810220000)/",22950,6800,7406500,174066000000,-1050,false,-4.38
"DBC",141626,"/Date(1700810220000)/",22900,500,7399700,173910000000,-1100,true,-4.58
"DBC",141626,"/Date(1700810219000)/",22950,100,7399200,173898000000,-1050,false,-4.38
"DBC",141623,"/Date(1700810216000)/",22900,1500,7399100,173896000000,-1100,true,-4.58
"DBC",141619,"/Date(1700810216000)/",22950,3800,7397600,173861000000,-1050,false,-4.38
"DBC",141616,"/Date(1700810212000)/",22900,1000,7393800,173774000000,-1100,true,-4.58
"DBC",141616,"/Date(1700810212000)/",22900,800,7392800,173751000000,-1100,true,-4.58
"DBC",141616,"/Date(1700810212000)/",22900,200,7392000,173733000000,-1100,true,-4.58
"DBC",141607,"/Date(1700810202000)/",22950,100,7391800,173728000000,-1050,false,-4.38
"DBC",141607,"/Date(1700810202000)/",22900,100,7391700,173726000000,-1100,false,-4.58
"DBC",141603,"/Date(1700810198000)/",22900,2900,7391600,173724000000,-1100,false,-4.58
"DBC",141603,"/Date(1700810197000)/",22900,300,7388700,173657000000,-1100,false,-4.58
"DBC",141600,"/Date(1700810196000)/",22900,200,7388400,173651000000,-1100,false,-4.58
"DBC",141600,"/Date(1700810196000)/",22900,2000,7388200,173646000000,-1100,false,-4.58
"DBC",141600,"/Date(1700810196000)/",22900,400,7386200,173600000000,-1100,false,-4.58
"DBC",141600,"/Date(1700810196000)/",22900,200,7385800,173591000000,-1100,false,-4.58
"DBC",141600,"/Date(1700810196000)/",22900,500,7385600,173586000000,-1100,false,-4.58
"DBC",141600,"/Date(1700810196000)/",22900,100,7385100,173575000000,-1100,false,-4.58
"DBC",141600,"/Date(1700810196000)/",22900,200,7385000,173573000000,-1100,false,-4.58
"DBC",141600,"/Date(1700810196000)/",22900,5000,7384800,173568000000,-1100,false,-4.58
"DBC",141600,"/Date(1700810196000)/",22900,1000,7379800,173454000000,-1100,false,-4.58
"DBC",141600,"/Date(1700810196000)/",22900,900,7378800,173431000000,-1100,false,-4.58
"DBC",141600,"/Date(1700810196000)/",22900,1500,7377900,173410000000,-1100,false,-4.58
"DBC",141600,"/Date(1700810196000)/",22900,600,7376400,173376000000,-1100,false,-4.58
"DBC",141600,"/Date(1700810196000)/",22900,4200,7375800,173362000000,-1100,false,-4.58
"DBC",141600,"/Date(1700810196000)/",22850,300,7371600,173266000000,-1150,true,-4.79
"DBC",141600,"/Date(1700810196000)/",22850,1100,7371300,173259000000,-1150,true,-4.79
"DBC",141600,"/Date(1700810195000)/",22850,1000,7370200,173234000000,-1150,true,-4.79
"DBC",141551,"/Date(1700810184000)/",22850,100,7369200,173211000000,-1150,true,-4.79
"DBC",141547,"/Date(1700810181000)/",22900,1000,7369100,173209000000,-1100,false,-4.58
"DBC",141544,"/Date(1700810178000)/",22850,500,7368100,173186000000,-1150,true,-4.79
"DBC",141544,"/Date(1700810178000)/",22850,9500,7367600,173174000000,-1150,true,-4.79
"DBC",141541,"/Date(1700810176000)/",22850,500,7358100,172957000000,-1150,true,-4.79
"DBC",141541,"/Date(1700810176000)/",22900,1000,7357600,172946000000,-1100,false,-4.58
"DBC",141538,"/Date(1700810172000)/",22900,1000,7356600,172923000000,-1100,false,-4.58
"DBC",141535,"/Date(1700810170000)/",22900,500,7355600,172900000000,-1100,false,-4.58
"DBC",141528,"/Date(1700810164000)/",22900,5000,7355100,172889000000,-1100,false,-4.58
"DBC",141528,"/Date(1700810162000)/",22900,2100,7350100,172774000000,-1100,false,-4.58
"DBC",141528,"/Date(1700810162000)/",22850,800,7348000,172726000000,-1150,true,-4.79
"DBC",141528,"/Date(1700810162000)/",22850,500,7347200,172708000000,-1150,true,-4.79
"DBC",141528,"/Date(1700810162000)/",22850,100,7346700,172696000000,-1150,true,-4.79
"DBC",141528,"/Date(1700810162000)/",22850,1000,7346600,172694000000,-1150,true,-4.79
"DBC",141528,"/Date(1700810162000)/",22850,100,7345600,172671000000,-1150,true,-4.79
"DBC",141528,"/Date(1700810162000)/",22850,2500,7345500,172669000000,-1150,true,-4.79
"DBC",141528,"/Date(1700810162000)/",22850,10000,7343000,172612000000,-1150,true,-4.79
"DBC",141525,"/Date(1700810159000)/",22900,1000,7333000,172383000000,-1100,false,-4.58
"DBC",141522,"/Date(1700810158000)/",22850,1000,7332000,172360000000,-1150,true,-4.79
"DBC",141522,"/Date(1700810157000)/",22850,100,7331000,172338000000,-1150,true,-4.79
"DBC",141522,"/Date(1700810156000)/",22850,500,7330900,172335000000,-1150,true,-4.79
"DBC",141518,"/Date(1700810154000)/",22900,200,7330400,172324000000,-1100,false,-4.58
"DBC",141518,"/Date(1700810154000)/",22900,100,7330200,172319000000,-1100,false,-4.58
"DBC",141518,"/Date(1700810152000)/",22850,900,7330100,172317000000,-1150,true,-4.79
"DBC",141518,"/Date(1700810152000)/",22850,700,7329200,172296000000,-1150,true,-4.79
"DBC",141515,"/Date(1700810150000)/",22850,100,7328500,172280000000,-1150,true,-4.79
"DBC",141515,"/Date(1700810150000)/",22900,100,7328400,172278000000,-1100,false,-4.58
"DBC",141512,"/Date(1700810148000)/",22850,200,7328300,172276000000,-1150,true,-4.79
"DBC",141512,"/Date(1700810148000)/",22850,800,7328100,172271000000,-1150,true,-4.79
"DBC",141512,"/Date(1700810146000)/",22850,200,7327300,172253000000,-1150,true,-4.79
"DBC",141512,"/Date(1700810146000)/",22850,100,7327100,172248000000,-1150,true,-4.79
"DBC",141512,"/Date(1700810146000)/",22900,200,7327000,172246000000,-1100,false,-4.58
"DBC",141509,"/Date(1700810144000)/",22900,1000,7326800,172242000000,-1100,false,-4.58
"DBC",141506,"/Date(1700810142000)/",22900,100,7325800,172219000000,-1100,false,-4.58
"DBC",141502,"/Date(1700810138000)/",22900,100,7325700,172216000000,-1100,true,-4.58
"DBC",141502,"/Date(1700810138000)/",22900,100,7325600,172214000000,-1100,true,-4.58
"DBC",141502,"/Date(1700810138000)/",22900,4600,7325500,172212000000,-1100,true,-4.58
"DBC",141502,"/Date(1700810137000)/",22900,1000,7320900,172106000000,-1100,true,-4.58
"DBC",141502,"/Date(1700810136000)/",22950,1000,7319900,172084000000,-1050,false,-4.38
"DBC",141459,"/Date(1700810134000)/",22900,300,7318900,172061000000,-1100,true,-4.58
"DBC",141456,"/Date(1700810131000)/",22900,24000,7318600,172054000000,-1100,true,-4.58
"DBC",141456,"/Date(1700810130000)/",22900,100,7294600,171504000000,-1100,true,-4.58
"DBC",141456,"/Date(1700810130000)/",22900,800,7294500,171502000000,-1100,true,-4.58
"DBC",141456,"/Date(1700810130000)/",22900,500,7293700,171484000000,-1100,true,-4.58
"DBC",141456,"/Date(1700810130000)/",22900,1000,7293200,171472000000,-1100,true,-4.58
"DBC",141456,"/Date(1700810130000)/",22900,100,7292200,171449000000,-1100,true,-4.58
"DBC",141456,"/Date(1700810130000)/",22900,500,7292100,171447000000,-1100,true,-4.58
"DBC",141456,"/Date(1700810130000)/",22900,1000,7291600,171435000000,-1100,true,-4.58
"DBC",141456,"/Date(1700810130000)/",22950,3800,7290600,171413000000,-1050,true,-4.38
"DBC",141453,"/Date(1700810126000)/",22950,1200,7286800,171325000000,-1050,true,-4.38
"DBC",141453,"/Date(1700810126000)/",22950,8800,7285600,171298000000,-1050,true,-4.38
"DBC",141446,"/Date(1700810122000)/",22950,4700,7276800,171096000000,-1050,true,-4.38
"DBC",141446,"/Date(1700810121000)/",22950,2500,7272100,170988000000,-1050,true,-4.38
"DBC",141443,"/Date(1700810119000)/",22950,3000,7269600,170931000000,-1050,true,-4.38
"DBC",141443,"/Date(1700810117000)/",23000,1000,7266600,170862000000,-1000,false,-4.17
"DBC",141437,"/Date(1700810113000)/",22950,1000,7265600,170839000000,-1050,true,-4.38
"DBC",141437,"/Date(1700810113000)/",22950,100,7264600,170816000000,-1050,true,-4.38
"DBC",141437,"/Date(1700810110000)/",23000,1000,7264500,170814000000,-1000,false,-4.17
"DBC",141434,"/Date(1700810108000)/",23000,200,7263500,170791000000,-1000,false,-4.17
"DBC",141430,"/Date(1700810105000)/",23000,5000,7263300,170786000000,-1000,false,-4.17
"DBC",141430,"/Date(1700810105000)/",23000,900,7258300,170671000000,-1000,false,-4.17
"DBC",141430,"/Date(1700810103000)/",23000,100,7257400,170650000000,-1000,false,-4.17
"DBC",141430,"/Date(1700810103000)/",23000,500,7257300,170648000000,-1000,false,-4.17
"DBC",141430,"/Date(1700810103000)/",23000,400,7256800,170636000000,-1000,false,-4.17
"DBC",141430,"/Date(1700810103000)/",23000,1500,7256400,170627000000,-1000,false,-4.17
"DBC",141427,"/Date(1700810103000)/",23000,8100,7254900,170593000000,-1000,true,-4.17
"DBC",141427,"/Date(1700810103000)/",23000,500,7246800,170406000000,-1000,true,-4.17
"DBC",141427,"/Date(1700810103000)/",23000,100,7246300,170395000000,-1000,true,-4.17
"DBC",141427,"/Date(1700810103000)/",23000,100,7246200,170393000000,-1000,true,-4.17
"DBC",141427,"/Date(1700810103000)/",23000,300,7246100,170390000000,-1000,true,-4.17
"DBC",141427,"/Date(1700810103000)/",23000,300,7245800,170383000000,-1000,true,-4.17
"DBC",141427,"/Date(1700810103000)/",23000,200,7245500,170377000000,-1000,true,-4.17
"DBC",141427,"/Date(1700810103000)/",23000,300,7245300,170372000000,-1000,true,-4.17
"DBC",141427,"/Date(1700810103000)/",23000,100,7245000,170365000000,-1000,true,-4.17
"DBC",141427,"/Date(1700810103000)/",23000,100,7244900,170363000000,-1000,true,-4.17
"DBC",141427,"/Date(1700810103000)/",23000,1000,7244800,170360000000,-1000,true,-4.17
"DBC",141427,"/Date(1700810103000)/",23000,100,7243800,170337000000,-1000,true,-4.17
"DBC",141427,"/Date(1700810103000)/",23000,300,7243700,170335000000,-1000,true,-4.17
"DBC",141427,"/Date(1700810102000)/",23000,5200,7243400,170328000000,-1000,true,-4.17
"DBC",141427,"/Date(1700810102000)/",23000,100,7238200,170209000000,-1000,true,-4.17
"DBC",141427,"/Date(1700810102000)/",23000,500,7238100,170206000000,-1000,true,-4.17
"DBC",141427,"/Date(1700810102000)/",23000,300,7237600,170195000000,-1000,true,-4.17
"DBC",141427,"/Date(1700810102000)/",23000,1000,7237300,170188000000,-1000,true,-4.17
"DBC",141427,"/Date(1700810102000)/",23000,100,7236300,170165000000,-1000,true,-4.17
"DBC",141427,"/Date(1700810102000)/",23000,500,7236200,170163000000,-1000,true,-4.17
"DBC",141427,"/Date(1700810102000)/",23000,2300,7235700,170151000000,-1000,true,-4.17
"DBC",141424,"/Date(1700810099000)/",23000,500,7233400,170098000000,-1000,true,-4.17
"DBC",141424,"/Date(1700810099000)/",23000,200,7232900,170087000000,-1000,true,-4.17
"DBC",141424,"/Date(1700810099000)/",23000,300,7232700,170082000000,-1000,true,-4.17
"DBC",141424,"/Date(1700810099000)/",23000,2000,7232400,170075000000,-1000,true,-4.17
"DBC",141424,"/Date(1700810099000)/",23000,400,7230400,170029000000,-1000,true,-4.17
"DBC",141424,"/Date(1700810099000)/",23000,400,7230000,170020000000,-1000,true,-4.17
"DBC",141424,"/Date(1700810099000)/",23000,100,7229600,170011000000,-1000,true,-4.17
"DBC",141424,"/Date(1700810099000)/",23000,2500,7229500,170009000000,-1000,true,-4.17
"DBC",141424,"/Date(1700810099000)/",23000,500,7227000,169951000000,-1000,true,-4.17
"DBC",141424,"/Date(1700810099000)/",23000,1200,7226500,169940000000,-1000,true,-4.17
"DBC",141424,"/Date(1700810099000)/",23050,1900,7225300,169912000000,-950,false,-3.96
"DBC",141424,"/Date(1700810099000)/",23050,100,7223400,169868000000,-950,false,-3.96
"DBC",141424,"/Date(1700810098000)/",23050,3000,7223300,169866000000,-950,false,-3.96
"DBC",141421,"/Date(1700810097000)/",23000,500,7220300,169797000000,-1000,true,-4.17
"DBC",141421,"/Date(1700810097000)/",23000,500,7219800,169785000000,-1000,true,-4.17
"DBC",141421,"/Date(1700810095000)/",23000,37800,7219300,169774000000,-1000,true,-4.17
"DBC",141421,"/Date(1700810095000)/",23000,200,7181500,168904000000,-1000,true,-4.17
"DBC",141421,"/Date(1700810095000)/",23000,3000,7181300,168900000000,-1000,true,-4.17
"DBC",141421,"/Date(1700810095000)/",23000,100,7178300,168831000000,-1000,true,-4.17
"DBC",141421,"/Date(1700810095000)/",23000,1000,7178200,168828000000,-1000,true,-4.17
"DBC",141421,"/Date(1700810095000)/",23000,300,7177200,168805000000,-1000,true,-4.17
"DBC",141421,"/Date(1700810095000)/",23000,500,7176900,168798000000,-1000,true,-4.17
"DBC",141421,"/Date(1700810095000)/",23000,500,7176400,168787000000,-1000,true,-4.17
"DBC",141421,"/Date(1700810095000)/",23000,200,7175900,168775000000,-1000,true,-4.17
"DBC",141421,"/Date(1700810095000)/",23000,500,7175700,168771000000,-1000,true,-4.17
"DBC",141421,"/Date(1700810095000)/",23000,200,7175200,168759000000,-1000,true,-4.17
"DBC",141421,"/Date(1700810095000)/",23000,100,7175000,168755000000,-1000,true,-4.17
"DBC",141421,"/Date(1700810095000)/",23000,500,7174900,168752000000,-1000,true,-4.17
"DBC",141421,"/Date(1700810095000)/",23000,200,7174400,168741000000,-1000,true,-4.17
"DBC",141421,"/Date(1700810095000)/",23000,300,7174200,168736000000,-1000,true,-4.17
"DBC",141421,"/Date(1700810095000)/",23000,1000,7173900,168729000000,-1000,true,-4.17
"DBC",141421,"/Date(1700810095000)/",23000,200,7172900,168706000000,-1000,true,-4.17
"DBC",141421,"/Date(1700810095000)/",23000,1000,7172700,168702000000,-1000,true,-4.17
"DBC",141421,"/Date(1700810095000)/",23000,300,7171700,168679000000,-1000,true,-4.17
"DBC",141421,"/Date(1700810095000)/",23000,300,7171400,168672000000,-1000,true,-4.17
"DBC",141421,"/Date(1700810095000)/",23000,10000,7171100,168665000000,-1000,true,-4.17
"DBC",141421,"/Date(1700810095000)/",23000,5000,7161100,168435000000,-1000,true,-4.17
"DBC",141421,"/Date(1700810095000)/",23000,500,7156100,168320000000,-1000,true,-4.17
"DBC",141421,"/Date(1700810095000)/",23000,200,7155600,168309000000,-1000,true,-4.17
"DBC",141421,"/Date(1700810095000)/",23000,100,7155400,168304000000,-1000,true,-4.17
"DBC",141421,"/Date(1700810095000)/",23000,400,7155300,168302000000,-1000,true,-4.17
"DBC",141421,"/Date(1700810095000)/",23000,1000,7154900,168292000000,-1000,true,-4.17
"DBC",141421,"/Date(1700810095000)/",23000,100,7153900,168269000000,-1000,true,-4.17
"DBC",141421,"/Date(1700810095000)/",23000,400,7153800,168267000000,-1000,true,-4.17
"DBC",141421,"/Date(1700810095000)/",23000,4000,7153400,168258000000,-1000,true,-4.17
"DBC",141421,"/Date(1700810095000)/",23000,2000,7149400,168166000000,-1000,true,-4.17
"DBC",141421,"/Date(1700810095000)/",23000,30000,7147400,168120000000,-1000,true,-4.17
"DBC",141421,"/Date(1700810095000)/",23000,2000,7117400,167430000000,-1000,true,-4.17
"DBC",141421,"/Date(1700810095000)/",23000,500,7115400,167384000000,-1000,true,-4.17
"DBC",141421,"/Date(1700810095000)/",23000,300,7114900,167372000000,-1000,true,-4.17
"DBC",141421,"/Date(1700810095000)/",23000,500,7114600,167366000000,-1000,true,-4.17
"DBC",141421,"/Date(1700810095000)/",23000,3000,7114100,167354000000,-1000,true,-4.17
"DBC",141421,"/Date(1700810095000)/",23000,100,7111100,167285000000,-1000,true,-4.17
"DBC",141421,"/Date(1700810095000)/",23000,500,7111000,167283000000,-1000,true,-4.17
"DBC",141421,"/Date(1700810095000)/",23000,500,7110500,167271000000,-1000,true,-4.17
"DBC",141421,"/Date(1700810095000)/",23000,200,7110000,167260000000,-1000,true,-4.17
"DBC",141421,"/Date(1700810095000)/",23000,2000,7109800,167255000000,-1000,true,-4.17
"DBC",141421,"/Date(1700810095000)/",23000,200,7107800,167209000000,-1000,true,-4.17
"DBC",141421,"/Date(1700810095000)/",23000,1000,7107600,167205000000,-1000,true,-4.17
"DBC",141421,"/Date(1700810095000)/",23000,2000,7106600,167182000000,-1000,true,-4.17
"DBC",141421,"/Date(1700810095000)/",23000,1000,7104600,167136000000,-1000,true,-4.17
"DBC",141421,"/Date(1700810095000)/",23000,100,7103600,167113000000,-1000,true,-4.17
"DBC",141421,"/Date(1700810095000)/",23000,1000,7103500,167110000000,-1000,true,-4.17
"DBC",141421,"/Date(1700810095000)/",23000,1000,7102500,167087000000,-1000,true,-4.17
"DBC",141421,"/Date(1700810095000)/",23000,5000,7101500,167064000000,-1000,true,-4.17
"DBC",141421,"/Date(1700810095000)/",23000,1000,7096500,166949000000,-1000,true,-4.17
"DBC",141421,"/Date(1700810095000)/",23000,1000,7095500,166926000000,-1000,true,-4.17
"DBC",141421,"/Date(1700810095000)/",23000,400,7094500,166903000000,-1000,true,-4.17
"DBC",141421,"/Date(1700810095000)/",23050,2100,7094100,166894000000,-950,false,-3.96
"DBC",141421,"/Date(1700810095000)/",23050,3000,7092000,166846000000,-950,false,-3.96
"DBC",141421,"/Date(1700810095000)/",23100,5000,7089000,166777000000,-900,false,-3.75
"DBC",141418,"/Date(1700810091000)/",23000,1100,7084000,166661000000,-1000,true,-4.17
"DBC",141418,"/Date(1700810091000)/",23000,1900,7082900,166636000000,-1000,true,-4.17
"DBC",141414,"/Date(1700810090000)/",23000,1000,7081000,166592000000,-1000,true,-4.17
"DBC",141414,"/Date(1700810090000)/",23000,100,7080000,166569000000,-1000,true,-4.17
"DBC",141414,"/Date(1700810090000)/",23000,2000,7079900,166567000000,-1000,true,-4.17
"DBC",141414,"/Date(1700810090000)/",23000,100,7077900,166521000000,-1000,true,-4.17
"DBC",141414,"/Date(1700810090000)/",23050,300,7077800,166518000000,-950,true,-3.96
"DBC",141414,"/Date(1700810090000)/",23050,200,7077500,166511000000,-950,true,-3.96
"DBC",141414,"/Date(1700810090000)/",23050,700,7077300,166507000000,-950,true,-3.96
"DBC",141411,"/Date(1700810086000)/",23050,1000,7076600,166491000000,-950,true,-3.96
"DBC",141411,"/Date(1700810085000)/",23050,3300,7075600,166468000000,-950,true,-3.96
"DBC",141411,"/Date(1700810085000)/",23050,5000,7072300,166392000000,-950,true,-3.96
"DBC",141411,"/Date(1700810085000)/",23050,500,7067300,166276000000,-950,true,-3.96
"DBC",141411,"/Date(1700810085000)/",23050,31200,7066800,166265000000,-950,true,-3.96
"DBC",141408,"/Date(1700810083000)/",23050,3000,7035600,165546000000,-950,true,-3.96
"DBC",141408,"/Date(1700810081000)/",23050,300,7032600,165477000000,-950,true,-3.96
"DBC",141405,"/Date(1700810079000)/",23050,2000,7032300,165470000000,-950,true,-3.96
"DBC",141405,"/Date(1700810078000)/",23050,10000,7030300,165424000000,-950,true,-3.96
"DBC",141405,"/Date(1700810077000)/",23050,3500,7020300,165193000000,-950,true,-3.96
"DBC",141405,"/Date(1700810077000)/",23050,400,7016800,165112000000,-950,true,-3.96
"DBC",141405,"/Date(1700810077000)/",23050,100,7016400,165103000000,-950,true,-3.96
"DBC",141401,"/Date(1700810073000)/",23100,200,7016300,165101000000,-900,true,-3.75
"DBC",141401,"/Date(1700810072000)/",23100,1000,7016100,165096000000,-900,true,-3.75
"DBC",141401,"/Date(1700810072000)/",23100,100,7015100,165073000000,-900,true,-3.75
"DBC",141401,"/Date(1700810072000)/",23100,500,7015000,165071000000,-900,true,-3.75
"DBC",141401,"/Date(1700810072000)/",23100,200,7014500,165059000000,-900,true,-3.75
"DBC",141401,"/Date(1700810072000)/",23100,500,7014300,165055000000,-900,true,-3.75
"DBC",141401,"/Date(1700810072000)/",23100,500,7013800,165043000000,-900,true,-3.75
"DBC",141401,"/Date(1700810072000)/",23100,100,7013300,165032000000,-900,true,-3.75
"DBC",141401,"/Date(1700810072000)/",23100,500,7013200,165029000000,-900,true,-3.75
"DBC",141401,"/Date(1700810072000)/",23100,5000,7012700,165018000000,-900,true,-3.75
"DBC",141401,"/Date(1700810072000)/",23100,1000,7007700,164902000000,-900,true,-3.75
"DBC",141401,"/Date(1700810072000)/",23100,15000,7006700,164879000000,-900,true,-3.75
"DBC",141401,"/Date(1700810072000)/",23100,500,6991700,164533000000,-900,true,-3.75
"DBC",141401,"/Date(1700810072000)/",23100,500,6991200,164521000000,-900,true,-3.75
"DBC",141401,"/Date(1700810072000)/",23100,5000,6990700,164509000000,-900,true,-3.75
"DBC",141401,"/Date(1700810072000)/",23100,100,6985700,164394000000,-900,true,-3.75
"DBC",141401,"/Date(1700810072000)/",23100,15600,6985600,164392000000,-900,true,-3.75
"DBC",141401,"/Date(1700810071000)/",23100,1000,6970000,164031000000,-900,true,-3.75
"DBC",141358,"/Date(1700810070000)/",23100,2600,6969000,164008000000,-900,true,-3.75
"DBC",141358,"/Date(1700810069000)/",23100,4600,6966400,163948000000,-900,true,-3.75
"DBC",141358,"/Date(1700810069000)/",23100,1000,6961800,163842000000,-900,true,-3.75
"DBC",141355,"/Date(1700810066000)/",23150,300,6960800,163819000000,-850,false,-3.54
"DBC",141352,"/Date(1700810064000)/",23100,100,6960500,163812000000,-900,true,-3.75
"DBC",141352,"/Date(1700810063000)/",23100,5100,6960400,163810000000,-900,true,-3.75
"DBC",141352,"/Date(1700810063000)/",23100,1000,6955300,163692000000,-900,true,-3.75
"DBC",141352,"/Date(1700810063000)/",23100,1000,6954300,163669000000,-900,true,-3.75
"DBC",141352,"/Date(1700810063000)/",23100,900,6953300,163646000000,-900,true,-3.75
"DBC",141349,"/Date(1700810062000)/",23100,100,6952400,163625000000,-900,true,-3.75
"DBC",141345,"/Date(1700810059000)/",23150,700,6952300,163622000000,-850,false,-3.54
"DBC",141345,"/Date(1700810059000)/",23150,300,6951600,163606000000,-850,false,-3.54
"DBC",141336,"/Date(1700810050000)/",23200,100,6951300,163599000000,-800,false,-3.33
"DBC",141336,"/Date(1700810050000)/",23150,3500,6951200,163597000000,-850,false,-3.54
"DBC",141336,"/Date(1700810050000)/",23150,400,6947700,163516000000,-850,false,-3.54
"DBC",141336,"/Date(1700810049000)/",23150,1000,6947300,163507000000,-850,false,-3.54
"DBC",141333,"/Date(1700810048000)/",23150,100,6946300,163484000000,-850,true,-3.54
"DBC",141333,"/Date(1700810048000)/",23150,800,6946200,163481000000,-850,true,-3.54
"DBC",141333,"/Date(1700810048000)/",23150,1000,6945400,163463000000,-850,true,-3.54
"DBC",141333,"/Date(1700810048000)/",23150,2000,6944400,163440000000,-850,true,-3.54
"DBC",141333,"/Date(1700810048000)/",23150,1000,6942400,163393000000,-850,true,-3.54
"DBC",141333,"/Date(1700810048000)/",23150,1000,6941400,163370000000,-850,true,-3.54
"DBC",141333,"/Date(1700810048000)/",23150,12700,6940400,163347000000,-850,true,-3.54
"DBC",141333,"/Date(1700810047000)/",23150,2000,6927700,163053000000,-850,true,-3.54
"DBC",141333,"/Date(1700810047000)/",23150,4000,6925700,163007000000,-850,true,-3.54
"DBC",141333,"/Date(1700810046000)/",23150,1000,6921700,162914000000,-850,true,-3.54
"DBC",141330,"/Date(1700810045000)/",23150,2000,6920700,162891000000,-850,true,-3.54
"DBC",141330,"/Date(1700810045000)/",23150,2200,6918700,162845000000,-850,true,-3.54
"DBC",141330,"/Date(1700810045000)/",23150,1100,6916500,162794000000,-850,true,-3.54
"DBC",141330,"/Date(1700810045000)/",23150,400,6915400,162768000000,-850,true,-3.54
"DBC",141330,"/Date(1700810042000)/",23150,3400,6915000,162759000000,-850,true,-3.54
"DBC",141326,"/Date(1700810040000)/",23150,200,6911600,162680000000,-850,true,-3.54
"DBC",141323,"/Date(1700810037000)/",23150,500,6911400,162676000000,-850,true,-3.54
"DBC",141317,"/Date(1700810033000)/",23150,1800,6910900,162664000000,-850,true,-3.54
"DBC",141313,"/Date(1700810027000)/",23200,6000,6909100,162622000000,-800,false,-3.33
"DBC",141310,"/Date(1700810026000)/",23200,500,6903100,162483000000,-800,true,-3.33
"DBC",141307,"/Date(1700810022000)/",23200,500,6902600,162472000000,-800,false,-3.33
"DBC",141304,"/Date(1700810020000)/",23150,18700,6902100,162460000000,-850,true,-3.54
"DBC",141304,"/Date(1700810020000)/",23150,400,6883400,162027000000,-850,true,-3.54
"DBC",141304,"/Date(1700810020000)/",23150,100,6883000,162018000000,-850,true,-3.54
"DBC",141304,"/Date(1700810020000)/",23150,500,6882900,162015000000,-850,true,-3.54
"DBC",141304,"/Date(1700810020000)/",23150,100,6882400,162004000000,-850,true,-3.54
"DBC",141304,"/Date(1700810020000)/",23150,100,6882300,162002000000,-850,true,-3.54
"DBC",141304,"/Date(1700810020000)/",23150,100,6882200,161999000000,-850,true,-3.54
"DBC",141304,"/Date(1700810017000)/",23150,400,6882100,161997000000,-850,true,-3.54
"DBC",141304,"/Date(1700810017000)/",23200,100,6881700,161988000000,-800,true,-3.33
"DBC",141304,"/Date(1700810017000)/",23200,100,6881600,161985000000,-800,true,-3.33
"DBC",141304,"/Date(1700810017000)/",23200,100,6881500,161983000000,-800,true,-3.33
"DBC",141304,"/Date(1700810017000)/",23200,500,6881400,161981000000,-800,true,-3.33
"DBC",141304,"/Date(1700810017000)/",23200,5300,6880900,161969000000,-800,true,-3.33
"DBC",141304,"/Date(1700810017000)/",23200,900,6875600,161846000000,-800,true,-3.33
"DBC",141257,"/Date(1700810012000)/",23200,300,6874700,161825000000,-800,true,-3.33
"DBC",141257,"/Date(1700810012000)/",23200,1100,6874400,161818000000,-800,true,-3.33
"DBC",141257,"/Date(1700810012000)/",23200,3600,6873300,161793000000,-800,true,-3.33
"DBC",141257,"/Date(1700810010000)/",23250,100,6869700,161709000000,-750,false,-3.13
"DBC",141251,"/Date(1700810006000)/",23200,1400,6869600,161707000000,-800,true,-3.33
"DBC",141251,"/Date(1700810006000)/",23200,2000,6868200,161674000000,-800,true,-3.33
"DBC",141251,"/Date(1700810006000)/",23200,300,6866200,161628000000,-800,true,-3.33
"DBC",141251,"/Date(1700810006000)/",23200,1000,6865900,161621000000,-800,true,-3.33
"DBC",141251,"/Date(1700810006000)/",23200,200,6864900,161598000000,-800,true,-3.33
"DBC",141251,"/Date(1700810006000)/",23200,1100,6864700,161593000000,-800,true,-3.33
"DBC",141251,"/Date(1700810006000)/",23200,500,6863600,161568000000,-800,true,-3.33
"DBC",141251,"/Date(1700810004000)/",23200,5000,6863100,161556000000,-800,true,-3.33
"DBC",141251,"/Date(1700810004000)/",23200,400,6858100,161440000000,-800,true,-3.33
"DBC",141251,"/Date(1700810004000)/",23200,1400,6857700,161431000000,-800,true,-3.33
"DBC",141244,"/Date(1700809999000)/",23200,100,6856300,161398000000,-800,true,-3.33
"DBC",141244,"/Date(1700809998000)/",23200,1000,6856200,161396000000,-800,true,-3.33
"DBC",141241,"/Date(1700809996000)/",23200,300,6855200,161373000000,-800,true,-3.33
"DBC",141241,"/Date(1700809996000)/",23200,100,6854900,161366000000,-800,true,-3.33
"DBC",141241,"/Date(1700809996000)/",23200,100,6854800,161364000000,-800,true,-3.33
"DBC",141241,"/Date(1700809996000)/",23200,500,6854700,161361000000,-800,true,-3.33
"DBC",141241,"/Date(1700809996000)/",23200,200,6854200,161350000000,-800,true,-3.33
"DBC",141241,"/Date(1700809996000)/",23200,1000,6854000,161345000000,-800,true,-3.33
"DBC",141241,"/Date(1700809996000)/",23200,500,6853000,161322000000,-800,true,-3.33
"DBC",141241,"/Date(1700809996000)/",23200,600,6852500,161310000000,-800,true,-3.33
"DBC",141241,"/Date(1700809996000)/",23200,500,6851900,161296000000,-800,true,-3.33
"DBC",141241,"/Date(1700809996000)/",23200,1200,6851400,161285000000,-800,true,-3.33
"DBC",141241,"/Date(1700809995000)/",23200,800,6850200,161257000000,-800,true,-3.33
"DBC",141241,"/Date(1700809995000)/",23200,100,6849400,161238000000,-800,true,-3.33
"DBC",141241,"/Date(1700809995000)/",23200,800,6849300,161236000000,-800,true,-3.33
"DBC",141241,"/Date(1700809995000)/",23200,2700,6848500,161217000000,-800,true,-3.33
"DBC",141238,"/Date(1700809992000)/",23200,500,6845800,161155000000,-800,true,-3.33
"DBC",141238,"/Date(1700809991000)/",23200,1800,6845300,161143000000,-800,true,-3.33
"DBC",141238,"/Date(1700809991000)/",23200,100,6843500,161101000000,-800,true,-3.33
"DBC",141238,"/Date(1700809991000)/",23200,100,6843400,161099000000,-800,true,-3.33
"DBC",141238,"/Date(1700809991000)/",23200,6000,6843300,161097000000,-800,true,-3.33
"DBC",141235,"/Date(1700809988000)/",23200,500,6837300,160958000000,-800,true,-3.33
"DBC",141235,"/Date(1700809988000)/",23200,10000,6836800,160946000000,-800,true,-3.33
"DBC",141235,"/Date(1700809987000)/",23200,1000,6826800,160714000000,-800,true,-3.33
"DBC",141231,"/Date(1700809986000)/",23200,500,6825800,160691000000,-800,true,-3.33
"DBC",141231,"/Date(1700809985000)/",23200,500,6825300,160679000000,-800,true,-3.33
"DBC",141228,"/Date(1700809984000)/",23200,8600,6824800,160668000000,-800,true,-3.33
"DBC",141228,"/Date(1700809984000)/",23200,10000,6816200,160468000000,-800,true,-3.33
"DBC",141228,"/Date(1700809983000)/",23200,2000,6806200,160236000000,-800,true,-3.33
"DBC",141228,"/Date(1700809983000)/",23200,500,6804200,160190000000,-800,true,-3.33
"DBC",141228,"/Date(1700809981000)/",23200,10400,6803700,160178000000,-800,true,-3.33
"DBC",141228,"/Date(1700809981000)/",23200,21400,6793300,159937000000,-800,true,-3.33
"DBC",141228,"/Date(1700809981000)/",23200,100,6771900,159440000000,-800,true,-3.33
"DBC",141228,"/Date(1700809981000)/",23200,100,6771800,159438000000,-800,true,-3.33
"DBC",141228,"/Date(1700809981000)/",23200,2000,6771700,159436000000,-800,true,-3.33
"DBC",141228,"/Date(1700809981000)/",23200,200,6769700,159389000000,-800,true,-3.33
"DBC",141228,"/Date(1700809981000)/",23200,2000,6769500,159385000000,-800,true,-3.33
"DBC",141228,"/Date(1700809981000)/",23200,100,6767500,159338000000,-800,true,-3.33
"DBC",141228,"/Date(1700809981000)/",23200,100,6767400,159336000000,-800,true,-3.33
"DBC",141228,"/Date(1700809981000)/",23200,100,6767300,159334000000,-800,true,-3.33
"DBC",141228,"/Date(1700809981000)/",23200,100,6767200,159331000000,-800,true,-3.33
"DBC",141228,"/Date(1700809981000)/",23200,1000,6767100,159329000000,-800,true,-3.33
"DBC",141228,"/Date(1700809981000)/",23200,5000,6766100,159306000000,-800,true,-3.33
"DBC",141228,"/Date(1700809981000)/",23200,400,6761100,159190000000,-800,true,-3.33
"DBC",141228,"/Date(1700809981000)/",23200,100,6760700,159180000000,-800,true,-3.33
"DBC",141228,"/Date(1700809981000)/",23200,1000,6760600,159178000000,-800,true,-3.33
"DBC",141228,"/Date(1700809981000)/",23200,25000,6759600,159155000000,-800,true,-3.33
"DBC",141228,"/Date(1700809981000)/",23200,100,6734600,158575000000,-800,true,-3.33
"DBC",141228,"/Date(1700809981000)/",23200,10000,6734500,158573000000,-800,true,-3.33
"DBC",141228,"/Date(1700809981000)/",23200,5000,6724500,158341000000,-800,true,-3.33
"DBC",141228,"/Date(1700809981000)/",23200,500,6719500,158225000000,-800,true,-3.33
"DBC",141228,"/Date(1700809981000)/",23200,500,6719000,158213000000,-800,true,-3.33
"DBC",141228,"/Date(1700809981000)/",23200,100,6718500,158201000000,-800,true,-3.33
"DBC",141228,"/Date(1700809981000)/",23200,2000,6718400,158199000000,-800,true,-3.33
"DBC",141228,"/Date(1700809981000)/",23200,2000,6716400,158153000000,-800,true,-3.33
"DBC",141228,"/Date(1700809981000)/",23200,200,6714400,158106000000,-800,true,-3.33
"DBC",141228,"/Date(1700809981000)/",23200,37100,6714200,158102000000,-800,true,-3.33
"DBC",141225,"/Date(1700809980000)/",23250,1000,6677100,157241000000,-750,false,-3.13
"DBC",141219,"/Date(1700809974000)/",23300,300,6676100,157218000000,-700,false,-2.92
"DBC",141219,"/Date(1700809974000)/",23250,9700,6675800,157211000000,-750,true,-3.13
"DBC",141219,"/Date(1700809973000)/",23200,2900,6666100,156985000000,-800,true,-3.33
"DBC",141219,"/Date(1700809973000)/",23200,200,6663200,156918000000,-800,true,-3.33
"DBC",141219,"/Date(1700809973000)/",23200,1000,6663000,156913000000,-800,true,-3.33
"DBC",141219,"/Date(1700809973000)/",23200,500,6662000,156890000000,-800,true,-3.33
"DBC",141219,"/Date(1700809973000)/",23200,1000,6661500,156878000000,-800,true,-3.33
"DBC",141219,"/Date(1700809973000)/",23200,2000,6660500,156855000000,-800,true,-3.33
"DBC",141219,"/Date(1700809972000)/",23250,1000,6658500,156809000000,-750,true,-3.13
"DBC",141219,"/Date(1700809972000)/",23250,100,6657500,156786000000,-750,true,-3.13
"DBC",141219,"/Date(1700809972000)/",23250,2000,6657400,156783000000,-750,true,-3.13
"DBC",141219,"/Date(1700809972000)/",23250,7200,6655400,156737000000,-750,true,-3.13
"DBC",141215,"/Date(1700809971000)/",23250,2800,6648200,156569000000,-750,true,-3.13
"DBC",141215,"/Date(1700809971000)/",23250,2300,6645400,156504000000,-750,true,-3.13
"DBC",141215,"/Date(1700809971000)/",23250,200,6643100,156451000000,-750,true,-3.13
"DBC",141215,"/Date(1700809971000)/",23250,4700,6642900,156446000000,-750,true,-3.13
"DBC",141215,"/Date(1700809969000)/",23250,3000,6638200,156337000000,-750,true,-3.13
"DBC",141209,"/Date(1700809965000)/",23250,12300,6635200,156267000000,-750,true,-3.13
"DBC",141209,"/Date(1700809965000)/",23250,100,6622900,155981000000,-750,true,-3.13
"DBC",141209,"/Date(1700809965000)/",23250,300,6622800,155979000000,-750,true,-3.13
"DBC",141209,"/Date(1700809965000)/",23250,37300,6622500,155972000000,-750,true,-3.13
"DBC",141209,"/Date(1700809965000)/",23250,1000,6585200,155105000000,-750,true,-3.13
"DBC",141209,"/Date(1700809962000)/",23250,10000,6584200,155081000000,-750,true,-3.13
"DBC",141206,"/Date(1700809960000)/",23300,2100,6574200,154849000000,-700,false,-2.92
"DBC",141159,"/Date(1700809955000)/",23250,1700,6572100,154800000000,-750,true,-3.13
"DBC",141159,"/Date(1700809955000)/",23250,100,6570400,154760000000,-750,true,-3.13
"DBC",141159,"/Date(1700809955000)/",23250,500,6570300,154758000000,-750,true,-3.13
"DBC",141159,"/Date(1700809955000)/",23250,200,6569800,154746000000,-750,true,-3.13
"DBC",141159,"/Date(1700809955000)/",23250,400,6569600,154742000000,-750,true,-3.13
"DBC",141159,"/Date(1700809955000)/",23250,100,6569200,154733000000,-750,true,-3.13
"DBC",141153,"/Date(1700809948000)/",23300,300,6569100,154730000000,-700,false,-2.92
"DBC",141153,"/Date(1700809948000)/",23300,3000,6568800,154723000000,-700,false,-2.92
"DBC",141153,"/Date(1700809948000)/",23300,100,6565800,154653000000,-700,false,-2.92
"DBC",141153,"/Date(1700809948000)/",23300,100,6565700,154651000000,-700,false,-2.92
"DBC",141153,"/Date(1700809948000)/",23300,100,6565600,154649000000,-700,false,-2.92
"DBC",141153,"/Date(1700809948000)/",23300,500,6565500,154646000000,-700,false,-2.92
"DBC",141153,"/Date(1700809948000)/",23300,1900,6565000,154635000000,-700,false,-2.92
"DBC",141153,"/Date(1700809948000)/",23300,100,6563100,154590000000,-700,false,-2.92
"DBC",141153,"/Date(1700809948000)/",23300,200,6563000,154588000000,-700,false,-2.92
"DBC",141153,"/Date(1700809948000)/",23300,1000,6562800,154583000000,-700,false,-2.92
"DBC",141153,"/Date(1700809948000)/",23300,100,6561800,154560000000,-700,false,-2.92
"DBC",141153,"/Date(1700809948000)/",23300,500,6561700,154558000000,-700,false,-2.92
"DBC",141153,"/Date(1700809948000)/",23300,100,6561200,154546000000,-700,false,-2.92
"DBC",141153,"/Date(1700809948000)/",23300,300,6561100,154544000000,-700,false,-2.92
"DBC",141153,"/Date(1700809948000)/",23300,100,6560800,154537000000,-700,false,-2.92
"DBC",141153,"/Date(1700809948000)/",23300,3500,6560700,154534000000,-700,false,-2.92
"DBC",141153,"/Date(1700809948000)/",23300,2900,6557200,154453000000,-700,false,-2.92
"DBC",141153,"/Date(1700809948000)/",23300,500,6554300,154385000000,-700,false,-2.92
"DBC",141153,"/Date(1700809948000)/",23300,500,6553800,154374000000,-700,false,-2.92
"DBC",141153,"/Date(1700809948000)/",23300,200,6553300,154362000000,-700,false,-2.92
"DBC",141153,"/Date(1700809948000)/",23300,2000,6553100,154357000000,-700,false,-2.92
"DBC",141153,"/Date(1700809948000)/",23300,1000,6551100,154311000000,-700,false,-2.92
"DBC",141153,"/Date(1700809948000)/",23300,10000,6550100,154288000000,-700,false,-2.92
"DBC",141153,"/Date(1700809948000)/",23300,1200,6540100,154055000000,-700,false,-2.92
"DBC",141150,"/Date(1700809945000)/",23300,1800,6538900,154027000000,-700,true,-2.92
"DBC",141150,"/Date(1700809945000)/",23300,500,6537100,153985000000,-700,true,-2.92
"DBC",141150,"/Date(1700809945000)/",23300,100,6536600,153973000000,-700,true,-2.92
"DBC",141150,"/Date(1700809945000)/",23300,2000,6536500,153971000000,-700,true,-2.92
"DBC",141150,"/Date(1700809945000)/",23300,7900,6534500,153924000000,-700,true,-2.92
"DBC",141150,"/Date(1700809945000)/",23300,1000,6526600,153740000000,-700,true,-2.92
"DBC",141150,"/Date(1700809945000)/",23300,1000,6525600,153717000000,-700,true,-2.92
"DBC",141150,"/Date(1700809945000)/",23300,400,6524600,153693000000,-700,true,-2.92
"DBC",141150,"/Date(1700809945000)/",23300,100,6524200,153684000000,-700,true,-2.92
"DBC",141150,"/Date(1700809945000)/",23300,100,6524100,153682000000,-700,true,-2.92
"DBC",141150,"/Date(1700809945000)/",23300,100,6524000,153679000000,-700,true,-2.92
"DBC",141150,"/Date(1700809944000)/",23300,900,6523900,153677000000,-700,true,-2.92
"DBC",141150,"/Date(1700809944000)/",23300,100,6523000,153656000000,-700,true,-2.92
"DBC",141143,"/Date(1700809939000)/",23300,400,6522900,153654000000,-700,true,-2.92
"DBC",141143,"/Date(1700809939000)/",23300,9600,6522500,153644000000,-700,true,-2.92
"DBC",141137,"/Date(1700809931000)/",23350,100,6512900,153421000000,-650,false,-2.71
"DBC",141137,"/Date(1700809930000)/",23350,200,6512800,153418000000,-650,false,-2.71
"DBC",141124,"/Date(1700809919000)/",23350,10000,6512600,153414000000,-650,true,-2.71
"DBC",141124,"/Date(1700809919000)/",23350,2100,6502600,153180000000,-650,true,-2.71
"DBC",141124,"/Date(1700809919000)/",23350,100,6500500,153131000000,-650,true,-2.71
"DBC",141124,"/Date(1700809919000)/",23350,500,6500400,153129000000,-650,true,-2.71
"DBC",141124,"/Date(1700809919000)/",23350,1000,6499900,153117000000,-650,true,-2.71
"DBC",141124,"/Date(1700809919000)/",23350,500,6498900,153094000000,-650,true,-2.71
"DBC",141124,"/Date(1700809919000)/",23350,500,6498400,153082000000,-650,true,-2.71
"DBC",141124,"/Date(1700809919000)/",23350,4400,6497900,153070000000,-650,true,-2.71
"DBC",141124,"/Date(1700809919000)/",23350,100,6493500,152968000000,-650,true,-2.71
"DBC",141124,"/Date(1700809919000)/",23350,2300,6493400,152965000000,-650,true,-2.71
"DBC",141124,"/Date(1700809919000)/",23350,2100,6491100,152912000000,-650,true,-2.71
"DBC",141124,"/Date(1700809919000)/",23350,3000,6489000,152863000000,-650,true,-2.71
"DBC",141124,"/Date(1700809919000)/",23350,10200,6486000,152793000000,-650,true,-2.71
"DBC",141115,"/Date(1700809908000)/",23350,1000,6475800,152554000000,-650,true,-2.71
"DBC",141102,"/Date(1700809896000)/",23400,1600,6474800,152531000000,-600,false,-2.5
"DBC",141059,"/Date(1700809893000)/",23400,200,6473200,152494000000,-600,false,-2.5
"DBC",141059,"/Date(1700809893000)/",23400,100,6473000,152489000000,-600,false,-2.5
"DBC",141059,"/Date(1700809892000)/",23350,9800,6472900,152487000000,-650,true,-2.71
"DBC",141059,"/Date(1700809892000)/",23350,700,6463100,152258000000,-650,true,-2.71
"DBC",141059,"/Date(1700809892000)/",23350,500,6462400,152241000000,-650,true,-2.71
"DBC",141059,"/Date(1700809892000)/",23350,1500,6461900,152230000000,-650,true,-2.71
"DBC",141059,"/Date(1700809892000)/",23350,500,6460400,152195000000,-650,true,-2.71
"DBC",141059,"/Date(1700809892000)/",23350,2300,6459900,152183000000,-650,true,-2.71
"DBC",141059,"/Date(1700809892000)/",23350,4700,6457600,152129000000,-650,true,-2.71
"DBC",141046,"/Date(1700809880000)/",23400,100,6452900,152020000000,-600,false,-2.5
"DBC",141039,"/Date(1700809874000)/",23350,300,6452800,152017000000,-650,true,-2.71
"DBC",141039,"/Date(1700809874000)/",23350,9700,6452500,152010000000,-650,true,-2.71
"DBC",141039,"/Date(1700809874000)/",23350,300,6442800,151784000000,-650,true,-2.71
"DBC",141039,"/Date(1700809874000)/",23350,700,6442500,151777000000,-650,true,-2.71
"DBC",141033,"/Date(1700809866000)/",23400,200,6441800,151760000000,-600,false,-2.5
"DBC",141027,"/Date(1700809860000)/",23400,200,6441600,151756000000,-600,false,-2.5
"DBC",141027,"/Date(1700809860000)/",23400,800,6441400,151751000000,-600,false,-2.5
"DBC",141017,"/Date(1700809851000)/",23350,300,6440600,151732000000,-650,true,-2.71
"DBC",141017,"/Date(1700809851000)/",23350,400,6440300,151725000000,-650,true,-2.71
"DBC",141017,"/Date(1700809851000)/",23350,300,6439900,151716000000,-650,true,-2.71
"DBC",141017,"/Date(1700809850000)/",23400,100,6439600,151709000000,-600,false,-2.5
"DBC",141014,"/Date(1700809848000)/",23350,400,6439500,151707000000,-650,true,-2.71
"DBC",141011,"/Date(1700809845000)/",23350,1000,6439100,151697000000,-650,true,-2.71
"DBC",141007,"/Date(1700809843000)/",23400,4100,6438100,151674000000,-600,false,-2.5
"DBC",141007,"/Date(1700809843000)/",23400,500,6434000,151578000000,-600,false,-2.5
"DBC",141007,"/Date(1700809843000)/",23400,400,6433500,151566000000,-600,false,-2.5
"DBC",140916,"/Date(1700809790000)/",23350,300,6433100,151557000000,-650,true,-2.71
"DBC",140857,"/Date(1700809772000)/",23400,2100,6432800,151550000000,-600,true,-2.5
"DBC",140857,"/Date(1700809772000)/",23400,5000,6430700,151501000000,-600,true,-2.5
"DBC",140857,"/Date(1700809772000)/",23400,200,6425700,151384000000,-600,true,-2.5
"DBC",140857,"/Date(1700809772000)/",23400,100,6425500,151379000000,-600,true,-2.5
"DBC",140857,"/Date(1700809772000)/",23400,100,6425400,151377000000,-600,true,-2.5
"DBC",140857,"/Date(1700809772000)/",23400,100,6425300,151374000000,-600,true,-2.5
"DBC",140857,"/Date(1700809772000)/",23400,12000,6425200,151372000000,-600,true,-2.5
"DBC",140848,"/Date(1700809761000)/",23450,300,6413200,151091000000,-550,false,-2.29
"DBC",140848,"/Date(1700809761000)/",23450,5000,6412900,151084000000,-550,false,-2.29
"DBC",140848,"/Date(1700809761000)/",23450,5000,6407900,150967000000,-550,false,-2.29
"DBC",140848,"/Date(1700809761000)/",23450,3000,6402900,150850000000,-550,false,-2.29
"DBC",140848,"/Date(1700809761000)/",23450,6000,6399900,150779000000,-550,false,-2.29
"DBC",140848,"/Date(1700809761000)/",23450,700,6393900,150639000000,-550,false,-2.29
"DBC",140845,"/Date(1700809760000)/",23450,100,6393200,150622000000,-550,false,-2.29
"DBC",140845,"/Date(1700809759000)/",23400,12000,6393100,150620000000,-600,true,-2.5
"DBC",140845,"/Date(1700809759000)/",23400,100,6381100,150339000000,-600,true,-2.5
"DBC",140845,"/Date(1700809759000)/",23400,300,6381000,150337000000,-600,true,-2.5
"DBC",140845,"/Date(1700809759000)/",23400,100,6380700,150330000000,-600,true,-2.5
"DBC",140845,"/Date(1700809759000)/",23400,1000,6380600,150328000000,-600,true,-2.5
"DBC",140845,"/Date(1700809759000)/",23400,1000,6379600,150304000000,-600,true,-2.5
"DBC",140845,"/Date(1700809759000)/",23400,100,6378600,150281000000,-600,true,-2.5
"DBC",140845,"/Date(1700809759000)/",23400,2300,6378500,150278000000,-600,true,-2.5
"DBC",140845,"/Date(1700809759000)/",23400,100,6376200,150225000000,-600,true,-2.5
"DBC",140845,"/Date(1700809759000)/",23400,1000,6376100,150222000000,-600,true,-2.5
"DBC",140845,"/Date(1700809759000)/",23400,500,6375100,150199000000,-600,true,-2.5
"DBC",140845,"/Date(1700809759000)/",23400,500,6374600,150187000000,-600,true,-2.5
"DBC",140803,"/Date(1700809716000)/",23450,2100,6374100,150175000000,-550,true,-2.29
"DBC",140803,"/Date(1700809716000)/",23450,600,6372000,150126000000,-550,true,-2.29
"DBC",140800,"/Date(1700809714000)/",23450,200,6371400,150112000000,-550,true,-2.29
"DBC",140750,"/Date(1700809705000)/",23450,1200,6371200,150107000000,-550,true,-2.29
"DBC",140750,"/Date(1700809705000)/",23450,500,6370000,150079000000,-550,true,-2.29
"DBC",140750,"/Date(1700809705000)/",23450,100,6369500,150068000000,-550,true,-2.29
"DBC",140750,"/Date(1700809705000)/",23450,100,6369400,150065000000,-550,true,-2.29
"DBC",140750,"/Date(1700809705000)/",23450,100,6369300,150063000000,-550,true,-2.29
"DBC",140737,"/Date(1700809690000)/",23450,200,6369200,150061000000,-550,true,-2.29
"DBC",140734,"/Date(1700809687000)/",23450,200,6369000,150056000000,-550,true,-2.29
"DBC",140734,"/Date(1700809687000)/",23450,100,6368800,150051000000,-550,true,-2.29
"DBC",140731,"/Date(1700809686000)/",23450,500,6368700,150049000000,-550,true,-2.29
"DBC",140731,"/Date(1700809686000)/",23450,1500,6368200,150037000000,-550,true,-2.29
"DBC",140728,"/Date(1700809682000)/",23450,600,6366700,150002000000,-550,true,-2.29
"DBC",140728,"/Date(1700809681000)/",23450,1000,6366100,149988000000,-550,true,-2.29
"DBC",140724,"/Date(1700809680000)/",23450,700,6365100,149964000000,-550,true,-2.29
"DBC",140724,"/Date(1700809680000)/",23450,300,6364400,149948000000,-550,true,-2.29
"DBC",140724,"/Date(1700809678000)/",23450,700,6364100,149941000000,-550,true,-2.29
"DBC",140724,"/Date(1700809678000)/",23450,100,6363400,149924000000,-550,true,-2.29
"DBC",140724,"/Date(1700809677000)/",23450,1900,6363300,149922000000,-550,true,-2.29
"DBC",140724,"/Date(1700809677000)/",23450,100,6361400,149878000000,-550,true,-2.29
"DBC",140724,"/Date(1700809677000)/",23450,2300,6361300,149875000000,-550,true,-2.29
"DBC",140724,"/Date(1700809677000)/",23450,100,6359000,149821000000,-550,true,-2.29
"DBC",140724,"/Date(1700809677000)/",23450,600,6358900,149819000000,-550,true,-2.29
"DBC",140718,"/Date(1700809672000)/",23450,700,6358300,149805000000,-550,true,-2.29
"DBC",140715,"/Date(1700809669000)/",23450,500,6357600,149788000000,-550,true,-2.29
"DBC",140712,"/Date(1700809664000)/",23450,500,6357100,149777000000,-550,true,-2.29
"DBC",140708,"/Date(1700809663000)/",23450,300,6356600,149765000000,-550,true,-2.29
"DBC",140705,"/Date(1700809660000)/",23450,1000,6356300,149758000000,-550,true,-2.29
"DBC",140705,"/Date(1700809658000)/",23450,100,6355300,149735000000,-550,true,-2.29
"DBC",140705,"/Date(1700809658000)/",23450,200,6355200,149732000000,-550,true,-2.29
"DBC",140705,"/Date(1700809658000)/",23450,200,6355000,149728000000,-550,true,-2.29
"DBC",140705,"/Date(1700809658000)/",23450,300,6354800,149723000000,-550,true,-2.29
"DBC",140705,"/Date(1700809658000)/",23450,400,6354500,149716000000,-550,true,-2.29
"DBC",140705,"/Date(1700809658000)/",23450,400,6354100,149706000000,-550,true,-2.29
"DBC",140705,"/Date(1700809658000)/",23450,100,6353700,149697000000,-550,true,-2.29
"DBC",140705,"/Date(1700809657000)/",23450,700,6353600,149695000000,-550,true,-2.29
"DBC",140655,"/Date(1700809649000)/",23450,4000,6352900,149678000000,-550,true,-2.29
"DBC",140652,"/Date(1700809646000)/",23500,3500,6348900,149584000000,-500,false,-2.08
"DBC",140652,"/Date(1700809645000)/",23450,20000,6345400,149502000000,-550,true,-2.29
"DBC",140652,"/Date(1700809644000)/",23500,1000,6325400,149033000000,-500,false,-2.08
"DBC",140645,"/Date(1700809638000)/",23500,600,6324400,149010000000,-500,false,-2.08
"DBC",140639,"/Date(1700809633000)/",23450,60000,6323800,148996000000,-550,true,-2.29
"DBC",140636,"/Date(1700809630000)/",23550,21300,6263800,147589000000,-450,false,-1.88
"DBC",140636,"/Date(1700809629000)/",23550,700,6242500,147087000000,-450,false,-1.88
"DBC",140636,"/Date(1700809629000)/",23550,700,6241800,147071000000,-450,false,-1.88
"DBC",140636,"/Date(1700809629000)/",23550,5000,6241100,147054000000,-450,false,-1.88
"DBC",140636,"/Date(1700809629000)/",23550,500,6236100,146936000000,-450,false,-1.88
"DBC",140636,"/Date(1700809629000)/",23550,1000,6235600,146925000000,-450,false,-1.88
"DBC",140636,"/Date(1700809629000)/",23550,1000,6234600,146901000000,-450,false,-1.88
"DBC",140636,"/Date(1700809629000)/",23550,2000,6233600,146877000000,-450,false,-1.88
"DBC",140636,"/Date(1700809629000)/",23550,1000,6231600,146830000000,-450,false,-1.88
"DBC",140636,"/Date(1700809629000)/",23550,1000,6230600,146807000000,-450,false,-1.88
"DBC",140636,"/Date(1700809629000)/",23550,5800,6229600,146783000000,-450,false,-1.88
"DBC",140636,"/Date(1700809628000)/",23500,500,6223800,146647000000,-500,true,-2.08
"DBC",140636,"/Date(1700809628000)/",23500,1600,6223300,146635000000,-500,true,-2.08
"DBC",140636,"/Date(1700809628000)/",23500,100,6221700,146597000000,-500,true,-2.08
"DBC",140636,"/Date(1700809628000)/",23500,100,6221600,146595000000,-500,true,-2.08
"DBC",140636,"/Date(1700809628000)/",23500,100,6221500,146593000000,-500,true,-2.08
"DBC",140636,"/Date(1700809628000)/",23500,700,6221400,146590000000,-500,true,-2.08
"DBC",140633,"/Date(1700809627000)/",23500,1300,6220700,146574000000,-500,true,-2.08
"DBC",140633,"/Date(1700809627000)/",23500,1200,6219400,146543000000,-500,true,-2.08
"DBC",140633,"/Date(1700809627000)/",23500,11200,6218200,146515000000,-500,true,-2.08
"DBC",140633,"/Date(1700809626000)/",23500,200,6207000,146252000000,-500,true,-2.08
"DBC",140626,"/Date(1700809619000)/",23500,37400,6206800,146247000000,-500,true,-2.08
"DBC",140626,"/Date(1700809619000)/",23500,2100,6169400,145368000000,-500,true,-2.08
"DBC",140626,"/Date(1700809619000)/",23500,1000,6167300,145319000000,-500,true,-2.08
"DBC",140626,"/Date(1700809619000)/",23500,500,6166300,145295000000,-500,true,-2.08
"DBC",140626,"/Date(1700809619000)/",23500,6400,6165800,145284000000,-500,true,-2.08
"DBC",140623,"/Date(1700809616000)/",23500,3200,6159400,145133000000,-500,true,-2.08
"DBC",140620,"/Date(1700809613000)/",23550,100,6156200,145058000000,-450,false,-1.88
"DBC",140551,"/Date(1700809584000)/",23550,7500,6156100,145056000000,-450,false,-1.88
"DBC",140551,"/Date(1700809584000)/",23550,1000,6148600,144879000000,-450,false,-1.88
"DBC",140551,"/Date(1700809584000)/",23550,500,6147600,144855000000,-450,false,-1.88
"DBC",140551,"/Date(1700809584000)/",23550,400,6147100,144844000000,-450,false,-1.88
"DBC",140548,"/Date(1700809581000)/",23500,5400,6146700,144834000000,-500,true,-2.08
"DBC",140548,"/Date(1700809581000)/",23500,100,6141300,144707000000,-500,true,-2.08
"DBC",140548,"/Date(1700809581000)/",23500,2000,6141200,144705000000,-500,true,-2.08
"DBC",140548,"/Date(1700809581000)/",23500,500,6139200,144658000000,-500,true,-2.08
"DBC",140548,"/Date(1700809581000)/",23500,2000,6138700,144646000000,-500,true,-2.08
"DBC",140548,"/Date(1700809581000)/",23500,1000,6136700,144599000000,-500,true,-2.08
"DBC",140538,"/Date(1700809573000)/",23550,1600,6135700,144576000000,-450,false,-1.88
"DBC",140538,"/Date(1700809573000)/",23550,500,6134100,144538000000,-450,false,-1.88
"DBC",140538,"/Date(1700809573000)/",23550,900,6133600,144526000000,-450,false,-1.88
"DBC",140538,"/Date(1700809572000)/",23500,1100,6132700,144505000000,-500,true,-2.08
"DBC",140538,"/Date(1700809572000)/",23500,3900,6131600,144479000000,-500,true,-2.08
"DBC",140532,"/Date(1700809565000)/",23500,1100,6127700,144388000000,-500,true,-2.08
"DBC",140532,"/Date(1700809565000)/",23500,500,6126600,144362000000,-500,true,-2.08
"DBC",140532,"/Date(1700809565000)/",23500,2400,6126100,144350000000,-500,true,-2.08
"DBC",140532,"/Date(1700809565000)/",23500,100,6123700,144294000000,-500,true,-2.08
"DBC",140519,"/Date(1700809554000)/",23550,200,6123600,144291000000,-450,false,-1.88
"DBC",140447,"/Date(1700809522000)/",23550,2900,6123400,144287000000,-450,false,-1.88
"DBC",140447,"/Date(1700809522000)/",23550,100,6120500,144218000000,-450,false,-1.88
"DBC",140447,"/Date(1700809519000)/",23500,200,6120400,144216000000,-500,true,-2.08
"DBC",140444,"/Date(1700809518000)/",23550,100,6120200,144211000000,-450,false,-1.88
"DBC",140434,"/Date(1700809507000)/",23550,400,6120100,144209000000,-450,false,-1.88
"DBC",140418,"/Date(1700809492000)/",23550,400,6119700,144199000000,-450,false,-1.88
"DBC",140418,"/Date(1700809492000)/",23550,100,6119300,144190000000,-450,false,-1.88
"DBC",140412,"/Date(1700809487000)/",23550,4900,6119200,144188000000,-450,false,-1.88
"DBC",140412,"/Date(1700809487000)/",23550,100,6114300,144072000000,-450,false,-1.88
"DBC",140340,"/Date(1700809453000)/",23550,400,6114200,144070000000,-450,false,-1.88
"DBC",140340,"/Date(1700809453000)/",23550,100,6113800,144061000000,-450,false,-1.88
"DBC",140340,"/Date(1700809453000)/",23550,200,6113700,144058000000,-450,false,-1.88
"DBC",140340,"/Date(1700809453000)/",23550,300,6113500,144053000000,-450,false,-1.88
"DBC",140327,"/Date(1700809439000)/",23550,700,6113200,144046000000,-450,true,-1.88
"DBC",140318,"/Date(1700809431000)/",23550,1000,6112500,144030000000,-450,true,-1.88
"DBC",140314,"/Date(1700809427000)/",23550,200,6111500,144006000000,-450,true,-1.88
"DBC",140314,"/Date(1700809426000)/",23550,200,6111300,144002000000,-450,true,-1.88
"DBC",140314,"/Date(1700809426000)/",23550,300,6111100,143997000000,-450,true,-1.88
"DBC",140308,"/Date(1700809422000)/",23550,300,6110800,143990000000,-450,true,-1.88
"DBC",140305,"/Date(1700809417000)/",23550,300,6110500,143983000000,-450,true,-1.88
"DBC",140305,"/Date(1700809417000)/",23550,700,6110200,143976000000,-450,true,-1.88
"DBC",140302,"/Date(1700809416000)/",23550,300,6109500,143959000000,-450,true,-1.88
"DBC",140258,"/Date(1700809412000)/",23550,600,6109200,143952000000,-450,true,-1.88
"DBC",140258,"/Date(1700809412000)/",23550,3400,6108600,143938000000,-450,true,-1.88
"DBC",140246,"/Date(1700809398000)/",23550,300,6105200,143858000000,-450,true,-1.88
"DBC",140220,"/Date(1700809373000)/",23550,1300,6104900,143851000000,-450,true,-1.88
"DBC",140220,"/Date(1700809373000)/",23550,2100,6103600,143820000000,-450,true,-1.88
"DBC",140220,"/Date(1700809373000)/",23550,1000,6101500,143771000000,-450,true,-1.88
"DBC",140220,"/Date(1700809373000)/",23550,100,6100500,143747000000,-450,true,-1.88
"DBC",140220,"/Date(1700809373000)/",23550,200,6100400,143745000000,-450,true,-1.88
"DBC",140220,"/Date(1700809373000)/",23550,100,6100200,143740000000,-450,true,-1.88
"DBC",140220,"/Date(1700809373000)/",23550,200,6100100,143738000000,-450,true,-1.88
"DBC",140217,"/Date(1700809370000)/",23550,200,6099900,143733000000,-450,true,-1.88
"DBC",140204,"/Date(1700809357000)/",23600,100,6099700,143728000000,-400,false,-1.67
"DBC",140204,"/Date(1700809357000)/",23550,600,6099600,143726000000,-450,true,-1.88
"DBC",140204,"/Date(1700809357000)/",23550,300,6099000,143712000000,-450,true,-1.88
"DBC",140204,"/Date(1700809357000)/",23550,1000,6098700,143705000000,-450,true,-1.88
"DBC",140204,"/Date(1700809357000)/",23550,100,6097700,143681000000,-450,true,-1.88
"DBC",140201,"/Date(1700809354000)/",23600,500,6097600,143679000000,-400,false,-1.67
"DBC",140135,"/Date(1700809330000)/",23600,1100,6097100,143667000000,-400,false,-1.67
"DBC",140135,"/Date(1700809328000)/",23600,8000,6096000,143641000000,-400,false,-1.67
"DBC",140132,"/Date(1700809326000)/",23600,1000,6088000,143452000000,-400,false,-1.67
"DBC",140132,"/Date(1700809326000)/",23600,100,6087000,143429000000,-400,false,-1.67
"DBC",140109,"/Date(1700809303000)/",23600,7900,6086900,143426000000,-400,false,-1.67
"DBC",140109,"/Date(1700809303000)/",23600,10000,6079000,143240000000,-400,false,-1.67
"DBC",140109,"/Date(1700809303000)/",23600,500,6069000,143004000000,-400,false,-1.67
"DBC",140109,"/Date(1700809303000)/",23600,300,6068500,142992000000,-400,false,-1.67
"DBC",140109,"/Date(1700809303000)/",23600,500,6068200,142985000000,-400,false,-1.67
"DBC",140109,"/Date(1700809303000)/",23600,100,6067700,142973000000,-400,false,-1.67
"DBC",140109,"/Date(1700809303000)/",23600,4900,6067600,142971000000,-400,false,-1.67
"DBC",140103,"/Date(1700809298000)/",23550,300,6062700,142855000000,-450,true,-1.88
"DBC",140103,"/Date(1700809298000)/",23550,300,6062400,142848000000,-450,true,-1.88
"DBC",140103,"/Date(1700809298000)/",23550,4000,6062100,142841000000,-450,true,-1.88
"DBC",140103,"/Date(1700809298000)/",23550,500,6058100,142747000000,-450,true,-1.88
"DBC",140103,"/Date(1700809298000)/",23550,300,6057600,142735000000,-450,true,-1.88
"DBC",140103,"/Date(1700809298000)/",23550,100,6057300,142728000000,-450,true,-1.88
"DBC",140103,"/Date(1700809298000)/",23550,300,6057200,142726000000,-450,true,-1.88
"DBC",140103,"/Date(1700809297000)/",23550,1000,6056900,142719000000,-450,true,-1.88
"DBC",140103,"/Date(1700809296000)/",23550,500,6055900,142695000000,-450,true,-1.88
"DBC",140100,"/Date(1700809294000)/",23550,100,6055400,142683000000,-450,false,-1.88
"DBC",140044,"/Date(1700809276000)/",23550,100,6055300,142681000000,-450,false,-1.88
"DBC",140041,"/Date(1700809275000)/",23550,1000,6055200,142679000000,-450,false,-1.88
"DBC",140034,"/Date(1700809266000)/",23550,100,6054200,142655000000,-450,false,-1.88
"DBC",140022,"/Date(1700809255000)/",23550,300,6054100,142653000000,-450,false,-1.88
"DBC",140015,"/Date(1700809249000)/",23550,4600,6053800,142646000000,-450,false,-1.88
"DBC",140015,"/Date(1700809249000)/",23550,100,6049200,142537000000,-450,false,-1.88
"DBC",140015,"/Date(1700809249000)/",23550,100,6049100,142535000000,-450,false,-1.88
"DBC",140015,"/Date(1700809249000)/",23550,200,6049000,142533000000,-450,false,-1.88
"DBC",140012,"/Date(1700809246000)/",23550,4000,6048800,142528000000,-450,false,-1.88
"DBC",140012,"/Date(1700809246000)/",23550,200,6044800,142434000000,-450,false,-1.88
"DBC",140006,"/Date(1700809240000)/",23550,5000,6044600,142429000000,-450,false,-1.88
"DBC",135950,"/Date(1700809222000)/",23550,100,6039600,142311000000,-450,false,-1.88
"DBC",135930,"/Date(1700809205000)/",23500,400,6039500,142309000000,-500,true,-2.08
"DBC",135930,"/Date(1700809205000)/",23500,100,6039100,142300000000,-500,true,-2.08
"DBC",135927,"/Date(1700809200000)/",23500,2000,6039000,142297000000,-500,true,-2.08
"DBC",135911,"/Date(1700809184000)/",23500,200,6037000,142250000000,-500,true,-2.08
"DBC",135911,"/Date(1700809184000)/",23500,2400,6036800,142246000000,-500,true,-2.08
"DBC",135902,"/Date(1700809174000)/",23500,500,6034400,142189000000,-500,true,-2.08
"DBC",135855,"/Date(1700809169000)/",23550,500,6033900,142177000000,-450,false,-1.88
"DBC",135855,"/Date(1700809168000)/",23500,100,6033400,142166000000,-500,true,-2.08
"DBC",135823,"/Date(1700809135000)/",23500,300,6033300,142163000000,-500,true,-2.08
"DBC",135823,"/Date(1700809135000)/",23500,2500,6033000,142156000000,-500,true,-2.08
"DBC",135823,"/Date(1700809135000)/",23500,300,6030500,142097000000,-500,true,-2.08
"DBC",135823,"/Date(1700809135000)/",23500,400,6030200,142090000000,-500,true,-2.08
"DBC",135823,"/Date(1700809135000)/",23500,100,6029800,142081000000,-500,true,-2.08
"DBC",135823,"/Date(1700809135000)/",23500,400,6029700,142079000000,-500,true,-2.08
"DBC",135823,"/Date(1700809135000)/",23500,600,6029300,142069000000,-500,true,-2.08
"DBC",135823,"/Date(1700809135000)/",23500,400,6028700,142055000000,-500,true,-2.08
"DBC",135823,"/Date(1700809135000)/",23500,300,6028300,142046000000,-500,true,-2.08
"DBC",135820,"/Date(1700809134000)/",23500,300,6028000,142039000000,-500,false,-2.08
"DBC",135820,"/Date(1700809134000)/",23500,500,6027700,142032000000,-500,false,-2.08
"DBC",135820,"/Date(1700809134000)/",23500,1200,6027200,142020000000,-500,false,-2.08
"DBC",135814,"/Date(1700809126000)/",23500,5000,6026000,141992000000,-500,false,-2.08
"DBC",135814,"/Date(1700809126000)/",23500,200,6021000,141874000000,-500,false,-2.08
"DBC",135811,"/Date(1700809125000)/",23500,5000,6020800,141870000000,-500,false,-2.08
"DBC",135811,"/Date(1700809124000)/",23500,500,6015800,141752000000,-500,false,-2.08
"DBC",135807,"/Date(1700809121000)/",23500,100,6015300,141740000000,-500,false,-2.08
"DBC",135807,"/Date(1700809121000)/",23500,1000,6015200,141738000000,-500,false,-2.08
"DBC",135801,"/Date(1700809113000)/",23500,5000,6014200,141714000000,-500,false,-2.08
"DBC",135755,"/Date(1700809108000)/",23500,10000,6009200,141597000000,-500,false,-2.08
"DBC",135751,"/Date(1700809106000)/",23500,1000,5999200,141362000000,-500,false,-2.08
"DBC",135745,"/Date(1700809098000)/",23500,100,5998200,141338000000,-500,false,-2.08
"DBC",135735,"/Date(1700809089000)/",23500,200,5998100,141336000000,-500,false,-2.08
"DBC",135732,"/Date(1700809084000)/",23500,2000,5997900,141331000000,-500,false,-2.08
"DBC",135729,"/Date(1700809081000)/",23500,500,5995900,141284000000,-500,false,-2.08
"DBC",135723,"/Date(1700809074000)/",23500,200,5995400,141273000000,-500,false,-2.08
"DBC",135719,"/Date(1700809074000)/",23500,600,5995200,141268000000,-500,false,-2.08
"DBC",135716,"/Date(1700809070000)/",23500,500,5994600,141254000000,-500,false,-2.08
"DBC",135713,"/Date(1700809067000)/",23500,500,5994100,141242000000,-500,false,-2.08
"DBC",135703,"/Date(1700809058000)/",23500,1600,5993600,141230000000,-500,false,-2.08
"DBC",135703,"/Date(1700809055000)/",23500,100,5992000,141193000000,-500,false,-2.08
"DBC",135641,"/Date(1700809035000)/",23500,200,5991900,141190000000,-500,false,-2.08
"DBC",135641,"/Date(1700809034000)/",23500,2200,5991700,141186000000,-500,false,-2.08
"DBC",135641,"/Date(1700809033000)/",23450,800,5989500,141134000000,-550,true,-2.29
"DBC",135638,"/Date(1700809030000)/",23500,2500,5988700,141115000000,-500,false,-2.08
"DBC",135635,"/Date(1700809028000)/",23500,9800,5986200,141056000000,-500,false,-2.08
"DBC",135635,"/Date(1700809028000)/",23500,2000,5976400,140826000000,-500,false,-2.08
"DBC",135635,"/Date(1700809028000)/",23500,1200,5974400,140779000000,-500,false,-2.08
"DBC",135635,"/Date(1700809028000)/",23500,5000,5973200,140751000000,-500,false,-2.08
"DBC",135635,"/Date(1700809028000)/",23500,200,5968200,140633000000,-500,false,-2.08
"DBC",135631,"/Date(1700809025000)/",23500,900,5968000,140629000000,-500,false,-2.08
"DBC",135615,"/Date(1700809010000)/",23500,2500,5967100,140608000000,-500,false,-2.08
"DBC",135609,"/Date(1700809003000)/",23500,100,5964600,140549000000,-500,false,-2.08
"DBC",135606,"/Date(1700808998000)/",23500,100,5964500,140547000000,-500,false,-2.08
"DBC",135606,"/Date(1700808998000)/",23500,1000,5964400,140544000000,-500,false,-2.08
"DBC",135606,"/Date(1700808998000)/",23500,600,5963400,140521000000,-500,false,-2.08
"DBC",135606,"/Date(1700808998000)/",23500,3300,5962800,140507000000,-500,false,-2.08
"DBC",135556,"/Date(1700808990000)/",23500,800,5959500,140429000000,-500,false,-2.08
"DBC",135556,"/Date(1700808989000)/",23500,900,5958700,140410000000,-500,false,-2.08
"DBC",135556,"/Date(1700808989000)/",23500,100,5957800,140389000000,-500,false,-2.08
"DBC",135553,"/Date(1700808987000)/",23450,200,5957700,140387000000,-550,true,-2.29
"DBC",135544,"/Date(1700808975000)/",23450,100,5957500,140382000000,-550,true,-2.29
"DBC",135537,"/Date(1700808969000)/",23450,500,5957400,140380000000,-550,false,-2.29
"DBC",135531,"/Date(1700808964000)/",23400,100,5956900,140368000000,-600,true,-2.5
"DBC",135531,"/Date(1700808964000)/",23450,300,5956800,140366000000,-550,false,-2.29
"DBC",135531,"/Date(1700808964000)/",23450,9700,5956500,140359000000,-550,false,-2.29
"DBC",135531,"/Date(1700808962000)/",23450,300,5946800,140131000000,-550,false,-2.29
"DBC",135531,"/Date(1700808962000)/",23450,700,5946500,140124000000,-550,false,-2.29
"DBC",135502,"/Date(1700808935000)/",23400,100,5945800,140108000000,-600,true,-2.5
"DBC",135502,"/Date(1700808935000)/",23400,500,5945700,140105000000,-600,true,-2.5
"DBC",135502,"/Date(1700808935000)/",23400,400,5945200,140094000000,-600,true,-2.5
"DBC",135502,"/Date(1700808934000)/",23400,300,5944800,140084000000,-600,true,-2.5
"DBC",135424,"/Date(1700808896000)/",23400,200,5944500,140077000000,-600,false,-2.5
