"Stockcode","Package","TradingDate","Price","Vol","TotalVol","TotalVal","Change","IsBuy","PerChange"
"DLG",144424,"/Date(1700811903000)/",2250,75600,2844000,6361000000,-40,false,-1.75
"DLG",142923,"/Date(1700811001000)/",2240,500,2768400,6191000000,-50,true,-2.18
"DLG",142901,"/Date(1700810977000)/",2240,3000,2767900,6190000000,-50,false,-2.18
"DLG",142901,"/Date(1700810977000)/",2240,1000,2764900,6183000000,-50,false,-2.18
"DLG",142901,"/Date(1700810977000)/",2240,200,2763900,6181000000,-50,false,-2.18
"DLG",142901,"/Date(1700810977000)/",2240,16100,2763700,6181000000,-50,false,-2.18
"DLG",142901,"/Date(1700810977000)/",2240,2000,2747600,6145000000,-50,false,-2.18
"DLG",142858,"/Date(1700810973000)/",2230,1000,2745600,6140000000,-60,true,-2.62
"DLG",142854,"/Date(1700810971000)/",2230,3000,2744600,6138000000,-60,true,-2.62
"DLG",142841,"/Date(1700810956000)/",2230,3000,2741600,6131000000,-60,false,-2.62
"DLG",142841,"/Date(1700810956000)/",2230,400,2738600,6124000000,-60,false,-2.62
"DLG",142841,"/Date(1700810956000)/",2230,14000,2738200,6124000000,-60,false,-2.62
"DLG",142835,"/Date(1700810951000)/",2230,10000,2724200,6092000000,-60,false,-2.62
"DLG",142832,"/Date(1700810948000)/",2230,2000,2714200,6070000000,-60,false,-2.62
"DLG",142832,"/Date(1700810947000)/",2230,400,2712200,6066000000,-60,false,-2.62
"DLG",142829,"/Date(1700810944000)/",2230,700,2711800,6065000000,-60,false,-2.62
"DLG",142816,"/Date(1700810931000)/",2230,16000,2711100,6063000000,-60,false,-2.62
"DLG",142813,"/Date(1700810927000)/",2220,300,2695100,6027000000,-70,true,-3.06
"DLG",142806,"/Date(1700810921000)/",2220,4300,2694800,6027000000,-70,true,-3.06
"DLG",142803,"/Date(1700810919000)/",2230,1500,2690500,6017000000,-60,false,-2.62
"DLG",142757,"/Date(1700810914000)/",2220,700,2689000,6014000000,-70,true,-3.06
"DLG",142744,"/Date(1700810899000)/",2230,10000,2688300,6012000000,-60,false,-2.62
"DLG",142741,"/Date(1700810896000)/",2220,1400,2678300,5990000000,-70,true,-3.06
"DLG",142741,"/Date(1700810896000)/",2220,6600,2676900,5987000000,-70,true,-3.06
"DLG",142634,"/Date(1700810831000)/",2230,1000,2670300,5972000000,-60,false,-2.62
"DLG",142624,"/Date(1700810819000)/",2230,4400,2669300,5970000000,-60,false,-2.62
"DLG",142624,"/Date(1700810819000)/",2230,3600,2664900,5960000000,-60,false,-2.62
"DLG",142614,"/Date(1700810810000)/",2220,100,2661300,5952000000,-70,false,-3.06
"DLG",142614,"/Date(1700810810000)/",2220,1400,2661200,5952000000,-70,false,-3.06
"DLG",142611,"/Date(1700810806000)/",2220,500,2659800,5949000000,-70,false,-3.06
"DLG",142539,"/Date(1700810774000)/",2210,1000,2659300,5948000000,-80,false,-3.49
"DLG",142539,"/Date(1700810774000)/",2210,900,2658300,5946000000,-80,false,-3.49
"DLG",142536,"/Date(1700810771000)/",2210,8300,2657400,5944000000,-80,false,-3.49
"DLG",142533,"/Date(1700810769000)/",2210,1000,2649100,5925000000,-80,false,-3.49
"DLG",142530,"/Date(1700810765000)/",2210,600,2648100,5923000000,-80,false,-3.49
"DLG",142530,"/Date(1700810765000)/",2210,2000,2647500,5922000000,-80,false,-3.49
"DLG",142526,"/Date(1700810762000)/",2210,100,2645500,5917000000,-80,false,-3.49
"DLG",142520,"/Date(1700810757000)/",2210,200,2645400,5917000000,-80,false,-3.49
"DLG",142520,"/Date(1700810756000)/",2210,200,2645200,5917000000,-80,false,-3.49
"DLG",142520,"/Date(1700810756000)/",2210,200,2645000,5916000000,-80,false,-3.49
"DLG",142504,"/Date(1700810741000)/",2210,400,2644800,5916000000,-80,false,-3.49
"DLG",142504,"/Date(1700810738000)/",2210,1000,2644400,5915000000,-80,false,-3.49
"DLG",142501,"/Date(1700810738000)/",2210,200,2643400,5913000000,-80,false,-3.49
"DLG",142448,"/Date(1700810724000)/",2200,1500,2643200,5912000000,-90,true,-3.93
"DLG",142429,"/Date(1700810703000)/",2210,200,2641700,5909000000,-80,false,-3.49
"DLG",142419,"/Date(1700810695000)/",2200,9400,2641500,5908000000,-90,true,-3.93
"DLG",142413,"/Date(1700810688000)/",2210,100,2632100,5888000000,-80,false,-3.49
"DLG",142410,"/Date(1700810686000)/",2210,200,2632000,5888000000,-80,true,-3.49
"DLG",142410,"/Date(1700810685000)/",2210,200,2631800,5887000000,-80,true,-3.49
"DLG",142410,"/Date(1700810685000)/",2210,500,2631600,5887000000,-80,true,-3.49
"DLG",142400,"/Date(1700810676000)/",2210,100,2631100,5886000000,-80,false,-3.49
"DLG",142351,"/Date(1700810667000)/",2210,800,2631000,5885000000,-80,true,-3.49
"DLG",142351,"/Date(1700810667000)/",2210,1500,2630200,5884000000,-80,true,-3.49
"DLG",142351,"/Date(1700810667000)/",2210,1000,2628700,5880000000,-80,true,-3.49
"DLG",142351,"/Date(1700810667000)/",2210,200,2627700,5878000000,-80,true,-3.49
"DLG",142351,"/Date(1700810664000)/",2220,200,2627500,5878000000,-70,false,-3.06
"DLG",142344,"/Date(1700810661000)/",2220,1000,2627300,5877000000,-70,false,-3.06
"DLG",142335,"/Date(1700810651000)/",2220,1900,2626300,5875000000,-70,true,-3.06
"DLG",142331,"/Date(1700810648000)/",2220,1000,2624400,5871000000,-70,false,-3.06
"DLG",142331,"/Date(1700810648000)/",2220,100,2623400,5868000000,-70,false,-3.06
"DLG",142322,"/Date(1700810636000)/",2220,200,2623300,5868000000,-70,false,-3.06
"DLG",142250,"/Date(1700810607000)/",2220,200,2623100,5868000000,-70,false,-3.06
"DLG",142159,"/Date(1700810553000)/",2200,36300,2622900,5867000000,-90,true,-3.93
"DLG",142159,"/Date(1700810553000)/",2210,2700,2586600,5787000000,-80,true,-3.49
"DLG",142156,"/Date(1700810550000)/",2210,5200,2583900,5782000000,-80,false,-3.49
"DLG",142149,"/Date(1700810545000)/",2210,100,2578700,5770000000,-80,false,-3.49
"DLG",142149,"/Date(1700810543000)/",2200,1000,2578600,5770000000,-90,true,-3.93
"DLG",142149,"/Date(1700810543000)/",2210,700,2577600,5768000000,-80,false,-3.49
"DLG",142149,"/Date(1700810543000)/",2210,1300,2576900,5766000000,-80,false,-3.49
"DLG",142127,"/Date(1700810520000)/",2210,1800,2575600,5763000000,-80,true,-3.49
"DLG",142127,"/Date(1700810520000)/",2210,800,2573800,5759000000,-80,true,-3.49
"DLG",142127,"/Date(1700810520000)/",2210,500,2573000,5757000000,-80,true,-3.49
"DLG",142101,"/Date(1700810496000)/",2210,1800,2572500,5756000000,-80,true,-3.49
"DLG",142101,"/Date(1700810496000)/",2210,700,2570700,5752000000,-80,true,-3.49
"DLG",142058,"/Date(1700810495000)/",2200,10000,2570000,5751000000,-90,true,-3.93
"DLG",142058,"/Date(1700810495000)/",2210,400,2560000,5729000000,-80,false,-3.49
"DLG",142058,"/Date(1700810495000)/",2210,1600,2559600,5728000000,-80,false,-3.49
"DLG",142058,"/Date(1700810494000)/",2210,200,2558000,5724000000,-80,false,-3.49
"DLG",142055,"/Date(1700810490000)/",2210,100,2557800,5724000000,-80,false,-3.49
"DLG",142039,"/Date(1700810474000)/",2200,11900,2557700,5724000000,-90,false,-3.93
"DLG",142036,"/Date(1700810471000)/",2200,100,2545800,5698000000,-90,false,-3.93
"DLG",142032,"/Date(1700810468000)/",2200,100,2545700,5697000000,-90,false,-3.93
"DLG",142020,"/Date(1700810455000)/",2190,300,2545600,5697000000,-100,true,-4.37
"DLG",142020,"/Date(1700810455000)/",2190,700,2545300,5696000000,-100,true,-4.37
"DLG",142020,"/Date(1700810455000)/",2200,700,2544600,5695000000,-90,false,-3.93
"DLG",142013,"/Date(1700810447000)/",2200,500,2543900,5693000000,-90,false,-3.93
"DLG",142010,"/Date(1700810445000)/",2190,100,2543400,5692000000,-100,true,-4.37
"DLG",142003,"/Date(1700810438000)/",2200,35000,2543300,5692000000,-90,false,-3.93
"DLG",141957,"/Date(1700810433000)/",2200,100,2508300,5615000000,-90,true,-3.93
"DLG",141957,"/Date(1700810433000)/",2200,1000,2508200,5615000000,-90,true,-3.93
"DLG",141957,"/Date(1700810433000)/",2200,3000,2507200,5613000000,-90,true,-3.93
"DLG",141957,"/Date(1700810433000)/",2200,500,2504200,5606000000,-90,true,-3.93
"DLG",141957,"/Date(1700810433000)/",2200,100,2503700,5605000000,-90,true,-3.93
"DLG",141957,"/Date(1700810433000)/",2200,1000,2503600,5605000000,-90,true,-3.93
"DLG",141951,"/Date(1700810426000)/",2210,4000,2502600,5603000000,-80,false,-3.49
"DLG",141948,"/Date(1700810421000)/",2210,100,2498600,5594000000,-80,false,-3.49
"DLG",141948,"/Date(1700810421000)/",2210,1900,2498500,5593000000,-80,false,-3.49
"DLG",141941,"/Date(1700810416000)/",2200,700,2496600,5589000000,-90,true,-3.93
"DLG",141919,"/Date(1700810393000)/",2210,100,2495900,5588000000,-80,false,-3.49
"DLG",141912,"/Date(1700810387000)/",2200,300,2495800,5587000000,-90,false,-3.93
"DLG",141909,"/Date(1700810383000)/",2200,100,2495500,5587000000,-90,false,-3.93
"DLG",141906,"/Date(1700810382000)/",2200,100,2495400,5587000000,-90,false,-3.93
"DLG",141906,"/Date(1700810379000)/",2200,100,2495300,5586000000,-90,false,-3.93
"DLG",141903,"/Date(1700810376000)/",2200,100,2495200,5586000000,-90,false,-3.93
"DLG",141831,"/Date(1700810345000)/",2180,2400,2495100,5586000000,-110,true,-4.8
"DLG",141831,"/Date(1700810345000)/",2190,100,2492700,5581000000,-100,false,-4.37
"DLG",141815,"/Date(1700810328000)/",2200,200,2492600,5581000000,-90,false,-3.93
"DLG",141815,"/Date(1700810328000)/",2200,500,2492400,5580000000,-90,false,-3.93
"DLG",141805,"/Date(1700810319000)/",2190,1000,2491900,5579000000,-100,false,-4.37
"DLG",141733,"/Date(1700810287000)/",2170,600,2490900,5577000000,-120,true,-5.24
"DLG",141733,"/Date(1700810287000)/",2170,500,2490300,5575000000,-120,true,-5.24
"DLG",141733,"/Date(1700810287000)/",2170,200,2489800,5574000000,-120,true,-5.24
"DLG",141733,"/Date(1700810287000)/",2170,200,2489600,5574000000,-120,true,-5.24
"DLG",141733,"/Date(1700810287000)/",2170,300,2489400,5574000000,-120,true,-5.24
"DLG",141733,"/Date(1700810287000)/",2170,200,2489100,5573000000,-120,true,-5.24
"DLG",141723,"/Date(1700810277000)/",2180,600,2488900,5572000000,-110,false,-4.8
"DLG",141707,"/Date(1700810262000)/",2180,100,2488300,5571000000,-110,false,-4.8
"DLG",141701,"/Date(1700810255000)/",2180,100,2488200,5571000000,-110,false,-4.8
"DLG",141655,"/Date(1700810249000)/",2180,100,2488100,5571000000,-110,false,-4.8
"DLG",141655,"/Date(1700810249000)/",2180,2500,2488000,5570000000,-110,false,-4.8
"DLG",141655,"/Date(1700810249000)/",2170,1000,2485500,5565000000,-120,false,-5.24
"DLG",141655,"/Date(1700810249000)/",2170,1400,2484500,5563000000,-120,false,-5.24
"DLG",141655,"/Date(1700810249000)/",2170,500,2483100,5560000000,-120,false,-5.24
"DLG",141655,"/Date(1700810248000)/",2170,300,2482600,5559000000,-120,false,-5.24
"DLG",141635,"/Date(1700810231000)/",2170,2000,2482300,5558000000,-120,false,-5.24
"DLG",141635,"/Date(1700810230000)/",2170,400,2480300,5554000000,-120,false,-5.24
"DLG",141635,"/Date(1700810230000)/",2170,100,2479900,5553000000,-120,false,-5.24
"DLG",141635,"/Date(1700810230000)/",2170,200,2479800,5553000000,-120,false,-5.24
"DLG",141629,"/Date(1700810225000)/",2170,800,2479600,5552000000,-120,false,-5.24
"DLG",141626,"/Date(1700810219000)/",2170,1000,2478800,5550000000,-120,false,-5.24
"DLG",141623,"/Date(1700810218000)/",2170,700,2477800,5548000000,-120,false,-5.24
"DLG",141619,"/Date(1700810215000)/",2170,500,2477100,5547000000,-120,true,-5.24
"DLG",141619,"/Date(1700810213000)/",2170,500,2476600,5546000000,-120,true,-5.24
"DLG",141619,"/Date(1700810213000)/",2170,5000,2476100,5545000000,-120,true,-5.24
"DLG",141619,"/Date(1700810213000)/",2170,100,2471100,5534000000,-120,true,-5.24
"DLG",141619,"/Date(1700810213000)/",2170,2300,2471000,5534000000,-120,true,-5.24
"DLG",141619,"/Date(1700810213000)/",2170,1000,2468700,5529000000,-120,true,-5.24
"DLG",141619,"/Date(1700810213000)/",2170,1100,2467700,5526000000,-120,true,-5.24
"DLG",141619,"/Date(1700810213000)/",2170,100,2466600,5524000000,-120,true,-5.24
"DLG",141619,"/Date(1700810213000)/",2170,1000,2466500,5524000000,-120,true,-5.24
"DLG",141619,"/Date(1700810213000)/",2170,400,2465500,5522000000,-120,true,-5.24
"DLG",141619,"/Date(1700810213000)/",2170,6000,2465100,5521000000,-120,true,-5.24
"DLG",141619,"/Date(1700810213000)/",2170,9000,2459100,5508000000,-120,true,-5.24
"DLG",141616,"/Date(1700810211000)/",2180,5000,2450100,5488000000,-110,false,-4.8
"DLG",141613,"/Date(1700810209000)/",2180,1000,2445100,5477000000,-110,false,-4.8
"DLG",141544,"/Date(1700810180000)/",2170,1000,2444100,5475000000,-120,true,-5.24
"DLG",141544,"/Date(1700810180000)/",2170,500,2443100,5473000000,-120,true,-5.24
"DLG",141544,"/Date(1700810180000)/",2170,9000,2442600,5472000000,-120,true,-5.24
"DLG",141544,"/Date(1700810180000)/",2170,2300,2433600,5452000000,-120,true,-5.24
"DLG",141544,"/Date(1700810180000)/",2170,6000,2431300,5447000000,-120,true,-5.24
"DLG",141544,"/Date(1700810180000)/",2170,5600,2425300,5434000000,-120,true,-5.24
"DLG",141544,"/Date(1700810180000)/",2170,18400,2419700,5422000000,-120,true,-5.24
"DLG",141544,"/Date(1700810180000)/",2170,100,2401300,5382000000,-120,true,-5.24
"DLG",141544,"/Date(1700810180000)/",2170,100,2401200,5382000000,-120,true,-5.24
"DLG",141544,"/Date(1700810180000)/",2170,400,2401100,5382000000,-120,true,-5.24
"DLG",141544,"/Date(1700810180000)/",2170,100,2400700,5381000000,-120,true,-5.24
"DLG",141544,"/Date(1700810180000)/",2170,100,2400600,5381000000,-120,true,-5.24
"DLG",141544,"/Date(1700810180000)/",2170,100,2400500,5381000000,-120,true,-5.24
"DLG",141544,"/Date(1700810180000)/",2170,300,2400400,5380000000,-120,true,-5.24
"DLG",141544,"/Date(1700810180000)/",2170,200,2400100,5380000000,-120,true,-5.24
"DLG",141544,"/Date(1700810180000)/",2170,20400,2399900,5379000000,-120,true,-5.24
"DLG",141535,"/Date(1700810170000)/",2170,9600,2379500,5335000000,-120,true,-5.24
"DLG",141535,"/Date(1700810170000)/",2170,100,2369900,5314000000,-120,true,-5.24
"DLG",141535,"/Date(1700810170000)/",2170,300,2369800,5314000000,-120,true,-5.24
"DLG",141522,"/Date(1700810157000)/",2180,500,2369500,5313000000,-110,true,-4.8
"DLG",141522,"/Date(1700810157000)/",2180,700,2369000,5312000000,-110,true,-4.8
"DLG",141522,"/Date(1700810156000)/",2180,4000,2368300,5311000000,-110,true,-4.8
"DLG",141456,"/Date(1700810130000)/",2170,4700,2364300,5302000000,-120,true,-5.24
"DLG",141456,"/Date(1700810130000)/",2170,100,2359600,5292000000,-120,true,-5.24
"DLG",141456,"/Date(1700810130000)/",2170,100,2359500,5291000000,-120,true,-5.24
"DLG",141456,"/Date(1700810130000)/",2170,1000,2359400,5291000000,-120,true,-5.24
"DLG",141456,"/Date(1700810130000)/",2170,10000,2358400,5289000000,-120,true,-5.24
"DLG",141456,"/Date(1700810130000)/",2170,4100,2348400,5267000000,-120,true,-5.24
"DLG",141434,"/Date(1700810109000)/",2170,5000,2344300,5259000000,-120,true,-5.24
"DLG",141424,"/Date(1700810098000)/",2170,20900,2339300,5248000000,-120,true,-5.24
"DLG",141424,"/Date(1700810098000)/",2170,500,2318400,5202000000,-120,true,-5.24
"DLG",141424,"/Date(1700810098000)/",2180,5000,2317900,5201000000,-110,true,-4.8
"DLG",141424,"/Date(1700810098000)/",2180,100,2312900,5190000000,-110,true,-4.8
"DLG",141424,"/Date(1700810098000)/",2180,100,2312800,5190000000,-110,true,-4.8
"DLG",141424,"/Date(1700810098000)/",2180,100,2312700,5190000000,-110,true,-4.8
"DLG",141424,"/Date(1700810098000)/",2180,100,2312600,5190000000,-110,true,-4.8
"DLG",141424,"/Date(1700810098000)/",2180,7000,2312500,5189000000,-110,true,-4.8
"DLG",141424,"/Date(1700810098000)/",2180,15000,2305500,5174000000,-110,true,-4.8
"DLG",141424,"/Date(1700810098000)/",2180,11200,2290500,5141000000,-110,true,-4.8
"DLG",141424,"/Date(1700810098000)/",2190,1100,2279300,5117000000,-100,false,-4.37
"DLG",141424,"/Date(1700810097000)/",2190,400,2278200,5115000000,-100,false,-4.37
"DLG",141421,"/Date(1700810095000)/",2180,8800,2277800,5114000000,-110,true,-4.8
"DLG",141421,"/Date(1700810095000)/",2180,2000,2269000,5095000000,-110,true,-4.8
"DLG",141421,"/Date(1700810095000)/",2180,200,2267000,5090000000,-110,true,-4.8
"DLG",141421,"/Date(1700810095000)/",2180,5000,2266800,5090000000,-110,true,-4.8
"DLG",141421,"/Date(1700810095000)/",2180,1000,2261800,5079000000,-110,true,-4.8
"DLG",141421,"/Date(1700810095000)/",2180,100,2260800,5077000000,-110,true,-4.8
"DLG",141421,"/Date(1700810095000)/",2180,1000,2260700,5077000000,-110,true,-4.8
"DLG",141421,"/Date(1700810095000)/",2180,6900,2259700,5074000000,-110,true,-4.8
"DLG",141421,"/Date(1700810094000)/",2190,100,2252800,5059000000,-100,false,-4.37
"DLG",141421,"/Date(1700810094000)/",2190,500,2252700,5059000000,-100,false,-4.37
"DLG",141418,"/Date(1700810093000)/",2180,4000,2252200,5058000000,-110,true,-4.8
"DLG",141411,"/Date(1700810087000)/",2190,6000,2248200,5049000000,-100,true,-4.37
"DLG",141411,"/Date(1700810086000)/",2190,1000,2242200,5036000000,-100,true,-4.37
"DLG",141411,"/Date(1700810086000)/",2190,100,2241200,5034000000,-100,true,-4.37
"DLG",141411,"/Date(1700810086000)/",2190,1400,2241100,5034000000,-100,true,-4.37
"DLG",141411,"/Date(1700810086000)/",2200,500,2239700,5031000000,-90,false,-3.93
"DLG",141401,"/Date(1700810074000)/",2190,200,2239200,5030000000,-100,true,-4.37
"DLG",141345,"/Date(1700810059000)/",2190,200,2239000,5029000000,-100,true,-4.37
"DLG",141339,"/Date(1700810054000)/",2190,3200,2238800,5029000000,-100,false,-4.37
"DLG",141339,"/Date(1700810054000)/",2180,1100,2235600,5022000000,-110,true,-4.8
"DLG",141339,"/Date(1700810054000)/",2180,200,2234500,5019000000,-110,true,-4.8
"DLG",141339,"/Date(1700810054000)/",2180,100,2234300,5019000000,-110,true,-4.8
"DLG",141339,"/Date(1700810054000)/",2180,15000,2234200,5019000000,-110,true,-4.8
"DLG",141339,"/Date(1700810054000)/",2180,10000,2219200,4986000000,-110,true,-4.8
"DLG",141339,"/Date(1700810054000)/",2180,100,2209200,4964000000,-110,true,-4.8
"DLG",141339,"/Date(1700810054000)/",2180,20000,2209100,4964000000,-110,true,-4.8
"DLG",141339,"/Date(1700810054000)/",2180,3000,2189100,4920000000,-110,true,-4.8
"DLG",141339,"/Date(1700810054000)/",2180,500,2186100,4914000000,-110,true,-4.8
"DLG",141330,"/Date(1700810045000)/",2190,100,2185600,4913000000,-100,true,-4.37
"DLG",141330,"/Date(1700810045000)/",2190,1000,2185500,4912000000,-100,true,-4.37
"DLG",141330,"/Date(1700810045000)/",2190,100,2184500,4910000000,-100,true,-4.37
"DLG",141330,"/Date(1700810042000)/",2200,200,2184400,4910000000,-90,false,-3.93
"DLG",141323,"/Date(1700810037000)/",2200,1000,2184200,4910000000,-90,false,-3.93
"DLG",141310,"/Date(1700810025000)/",2200,200,2183200,4907000000,-90,false,-3.93
"DLG",141257,"/Date(1700810011000)/",2190,800,2183000,4907000000,-100,true,-4.37
"DLG",141257,"/Date(1700810011000)/",2190,200,2182200,4905000000,-100,true,-4.37
"DLG",141254,"/Date(1700810008000)/",2200,200,2182000,4905000000,-90,false,-3.93
"DLG",141251,"/Date(1700810004000)/",2190,500,2181800,4904000000,-100,true,-4.37
"DLG",141251,"/Date(1700810004000)/",2190,200,2181300,4903000000,-100,true,-4.37
"DLG",141251,"/Date(1700810004000)/",2190,100,2181100,4903000000,-100,true,-4.37
"DLG",141251,"/Date(1700810004000)/",2190,500,2181000,4903000000,-100,true,-4.37
"DLG",141251,"/Date(1700810004000)/",2190,700,2180500,4901000000,-100,true,-4.37
"DLG",141248,"/Date(1700810003000)/",2190,800,2179800,4900000000,-100,true,-4.37
"DLG",141248,"/Date(1700810003000)/",2190,200,2179000,4898000000,-100,true,-4.37
"DLG",141248,"/Date(1700810001000)/",2200,300,2178800,4898000000,-90,false,-3.93
"DLG",141248,"/Date(1700810001000)/",2200,1700,2178500,4897000000,-90,false,-3.93
"DLG",141241,"/Date(1700809997000)/",2190,1000,2176800,4893000000,-100,true,-4.37
"DLG",141241,"/Date(1700809997000)/",2190,500,2175800,4891000000,-100,true,-4.37
"DLG",141241,"/Date(1700809997000)/",2190,200,2175300,4890000000,-100,true,-4.37
"DLG",141241,"/Date(1700809997000)/",2190,400,2175100,4890000000,-100,true,-4.37
"DLG",141241,"/Date(1700809997000)/",2190,1000,2174700,4889000000,-100,true,-4.37
"DLG",141241,"/Date(1700809997000)/",2190,300,2173700,4887000000,-100,true,-4.37
"DLG",141235,"/Date(1700809988000)/",2200,100,2173400,4886000000,-90,true,-3.93
"DLG",141235,"/Date(1700809988000)/",2200,100,2173300,4886000000,-90,true,-3.93
"DLG",141235,"/Date(1700809988000)/",2200,100,2173200,4885000000,-90,true,-3.93
"DLG",141235,"/Date(1700809988000)/",2200,100,2173100,4885000000,-90,true,-3.93
"DLG",141235,"/Date(1700809988000)/",2200,2000,2173000,4885000000,-90,true,-3.93
"DLG",141235,"/Date(1700809988000)/",2200,700,2171000,4881000000,-90,true,-3.93
"DLG",141235,"/Date(1700809988000)/",2200,2300,2170300,4879000000,-90,true,-3.93
"DLG",141235,"/Date(1700809988000)/",2200,100,2168000,4874000000,-90,true,-3.93
"DLG",141235,"/Date(1700809988000)/",2200,15000,2167900,4874000000,-90,true,-3.93
"DLG",141235,"/Date(1700809988000)/",2200,700,2152900,4841000000,-90,true,-3.93
"DLG",141235,"/Date(1700809988000)/",2200,2000,2152200,4839000000,-90,true,-3.93
"DLG",141235,"/Date(1700809988000)/",2200,400,2150200,4835000000,-90,true,-3.93
"DLG",141235,"/Date(1700809988000)/",2200,1000,2149800,4834000000,-90,true,-3.93
"DLG",141235,"/Date(1700809988000)/",2200,100,2148800,4832000000,-90,true,-3.93
"DLG",141235,"/Date(1700809988000)/",2200,100,2148700,4832000000,-90,true,-3.93
"DLG",141235,"/Date(1700809988000)/",2200,1000,2148600,4831000000,-90,true,-3.93
"DLG",141235,"/Date(1700809988000)/",2200,400,2147600,4829000000,-90,true,-3.93
"DLG",141235,"/Date(1700809988000)/",2200,1000,2147200,4828000000,-90,true,-3.93
"DLG",141235,"/Date(1700809988000)/",2200,2400,2146200,4826000000,-90,true,-3.93
"DLG",141235,"/Date(1700809988000)/",2200,1300,2143800,4821000000,-90,true,-3.93
"DLG",141235,"/Date(1700809988000)/",2200,5000,2142500,4818000000,-90,true,-3.93
"DLG",141235,"/Date(1700809988000)/",2200,5000,2137500,4807000000,-90,true,-3.93
"DLG",141235,"/Date(1700809988000)/",2200,200,2132500,4796000000,-90,true,-3.93
"DLG",141235,"/Date(1700809988000)/",2200,3000,2132300,4795000000,-90,true,-3.93
"DLG",141235,"/Date(1700809988000)/",2200,100,2129300,4789000000,-90,true,-3.93
"DLG",141235,"/Date(1700809988000)/",2200,1000,2129200,4789000000,-90,true,-3.93
"DLG",141235,"/Date(1700809988000)/",2200,300,2128200,4786000000,-90,true,-3.93
"DLG",141235,"/Date(1700809988000)/",2200,2800,2127900,4786000000,-90,true,-3.93
"DLG",141231,"/Date(1700809986000)/",2210,200,2125100,4780000000,-80,false,-3.49
"DLG",141225,"/Date(1700809980000)/",2210,100,2124900,4779000000,-80,true,-3.49
"DLG",141225,"/Date(1700809980000)/",2210,2000,2124800,4779000000,-80,true,-3.49
"DLG",141219,"/Date(1700809971000)/",2210,100,2122800,4775000000,-80,true,-3.49
"DLG",141209,"/Date(1700809964000)/",2210,100,2122700,4774000000,-80,true,-3.49
"DLG",141206,"/Date(1700809961000)/",2220,100,2122600,4774000000,-70,true,-3.06
"DLG",141206,"/Date(1700809959000)/",2220,100,2122500,4774000000,-70,true,-3.06
"DLG",141147,"/Date(1700809941000)/",2230,1000,2122400,4774000000,-60,false,-2.62
"DLG",141147,"/Date(1700809940000)/",2200,1700,2121400,4771000000,-90,true,-3.93
"DLG",141147,"/Date(1700809940000)/",2200,300,2119700,4768000000,-90,true,-3.93
"DLG",141140,"/Date(1700809934000)/",2200,2000,2119400,4767000000,-90,true,-3.93
"DLG",141140,"/Date(1700809934000)/",2200,300,2117400,4763000000,-90,true,-3.93
"DLG",141140,"/Date(1700809934000)/",2200,600,2117100,4762000000,-90,true,-3.93
"DLG",141140,"/Date(1700809934000)/",2210,100,2116500,4761000000,-80,false,-3.49
"DLG",141134,"/Date(1700809929000)/",2200,1400,2116400,4760000000,-90,true,-3.93
"DLG",141134,"/Date(1700809929000)/",2200,1000,2115000,4757000000,-90,true,-3.93
"DLG",141134,"/Date(1700809929000)/",2200,600,2114000,4755000000,-90,true,-3.93
"DLG",141134,"/Date(1700809929000)/",2210,1000,2113400,4754000000,-80,true,-3.49
"DLG",141134,"/Date(1700809927000)/",2200,4400,2112400,4752000000,-90,true,-3.93
"DLG",141134,"/Date(1700809927000)/",2200,100,2108000,4742000000,-90,true,-3.93
"DLG",141134,"/Date(1700809927000)/",2200,200,2107900,4742000000,-90,true,-3.93
"DLG",141134,"/Date(1700809927000)/",2200,100,2107700,4741000000,-90,true,-3.93
"DLG",141134,"/Date(1700809927000)/",2200,100,2107600,4741000000,-90,true,-3.93
"DLG",141134,"/Date(1700809927000)/",2200,100,2107500,4741000000,-90,true,-3.93
"DLG",141134,"/Date(1700809927000)/",2200,500,2107400,4741000000,-90,true,-3.93
"DLG",141134,"/Date(1700809927000)/",2200,500,2106900,4740000000,-90,true,-3.93
"DLG",141134,"/Date(1700809927000)/",2200,3000,2106400,4738000000,-90,true,-3.93
"DLG",141134,"/Date(1700809927000)/",2200,500,2103400,4732000000,-90,true,-3.93
"DLG",141134,"/Date(1700809927000)/",2200,500,2102900,4731000000,-90,true,-3.93
"DLG",141134,"/Date(1700809927000)/",2200,200,2102400,4730000000,-90,true,-3.93
"DLG",141134,"/Date(1700809927000)/",2200,1000,2102200,4729000000,-90,true,-3.93
"DLG",141134,"/Date(1700809927000)/",2200,1000,2101200,4727000000,-90,true,-3.93
"DLG",141134,"/Date(1700809927000)/",2200,3500,2100200,4725000000,-90,true,-3.93
"DLG",141134,"/Date(1700809927000)/",2200,300,2096700,4717000000,-90,true,-3.93
"DLG",141134,"/Date(1700809927000)/",2200,1000,2096400,4716000000,-90,true,-3.93
"DLG",141134,"/Date(1700809927000)/",2200,2000,2095400,4714000000,-90,true,-3.93
"DLG",141134,"/Date(1700809927000)/",2200,100,2093400,4710000000,-90,true,-3.93
"DLG",141134,"/Date(1700809927000)/",2200,200,2093300,4710000000,-90,true,-3.93
"DLG",141134,"/Date(1700809927000)/",2200,200,2093100,4709000000,-90,true,-3.93
"DLG",141134,"/Date(1700809927000)/",2200,500,2092900,4709000000,-90,true,-3.93
"DLG",141134,"/Date(1700809927000)/",2200,100,2092400,4708000000,-90,true,-3.93
"DLG",141134,"/Date(1700809927000)/",2200,500,2092300,4707000000,-90,true,-3.93
"DLG",141134,"/Date(1700809927000)/",2200,900,2091800,4706000000,-90,true,-3.93
"DLG",141134,"/Date(1700809927000)/",2200,1500,2090900,4704000000,-90,true,-3.93
"DLG",141134,"/Date(1700809927000)/",2200,300,2089400,4701000000,-90,true,-3.93
"DLG",141134,"/Date(1700809927000)/",2200,100,2089100,4700000000,-90,true,-3.93
"DLG",141134,"/Date(1700809927000)/",2200,500,2089000,4700000000,-90,true,-3.93
"DLG",141134,"/Date(1700809927000)/",2200,2000,2088500,4699000000,-90,true,-3.93
"DLG",141134,"/Date(1700809927000)/",2200,400,2086500,4695000000,-90,true,-3.93
"DLG",141134,"/Date(1700809927000)/",2200,200,2086100,4694000000,-90,true,-3.93
"DLG",141134,"/Date(1700809927000)/",2200,200,2085900,4693000000,-90,true,-3.93
"DLG",141134,"/Date(1700809927000)/",2200,2000,2085700,4693000000,-90,true,-3.93
"DLG",141134,"/Date(1700809927000)/",2200,500,2083700,4688000000,-90,true,-3.93
"DLG",141134,"/Date(1700809927000)/",2200,2000,2083200,4687000000,-90,true,-3.93
"DLG",141134,"/Date(1700809927000)/",2200,500,2081200,4683000000,-90,true,-3.93
"DLG",141134,"/Date(1700809927000)/",2200,500,2080700,4682000000,-90,true,-3.93
"DLG",141134,"/Date(1700809927000)/",2200,10000,2080200,4681000000,-90,true,-3.93
"DLG",141134,"/Date(1700809927000)/",2200,100,2070200,4659000000,-90,true,-3.93
"DLG",141134,"/Date(1700809927000)/",2200,100,2070100,4659000000,-90,true,-3.93
"DLG",141134,"/Date(1700809927000)/",2200,2000,2070000,4658000000,-90,true,-3.93
"DLG",141134,"/Date(1700809927000)/",2200,3000,2068000,4654000000,-90,true,-3.93
"DLG",141134,"/Date(1700809927000)/",2200,100,2065000,4647000000,-90,true,-3.93
"DLG",141134,"/Date(1700809927000)/",2200,300,2064900,4647000000,-90,true,-3.93
"DLG",141134,"/Date(1700809927000)/",2200,10000,2064600,4646000000,-90,true,-3.93
"DLG",141134,"/Date(1700809927000)/",2200,200,2054600,4624000000,-90,true,-3.93
"DLG",141134,"/Date(1700809927000)/",2200,5000,2054400,4624000000,-90,true,-3.93
"DLG",141134,"/Date(1700809927000)/",2200,300,2049400,4613000000,-90,true,-3.93
"DLG",141134,"/Date(1700809927000)/",2200,100,2049100,4612000000,-90,true,-3.93
"DLG",141134,"/Date(1700809927000)/",2210,600,2049000,4612000000,-80,true,-3.49
"DLG",141134,"/Date(1700809927000)/",2210,400,2048400,4611000000,-80,true,-3.49
"DLG",141134,"/Date(1700809927000)/",2210,100,2048000,4610000000,-80,true,-3.49
"DLG",141134,"/Date(1700809927000)/",2210,3000,2047900,4610000000,-80,true,-3.49
"DLG",141134,"/Date(1700809927000)/",2210,200,2044900,4603000000,-80,true,-3.49
"DLG",141134,"/Date(1700809927000)/",2210,200,2044700,4603000000,-80,true,-3.49
"DLG",141134,"/Date(1700809927000)/",2210,5000,2044500,4602000000,-80,true,-3.49
"DLG",141134,"/Date(1700809927000)/",2210,200,2039500,4591000000,-80,true,-3.49
"DLG",141134,"/Date(1700809927000)/",2210,5000,2039300,4591000000,-80,true,-3.49
"DLG",141134,"/Date(1700809927000)/",2210,1000,2034300,4580000000,-80,true,-3.49
"DLG",141134,"/Date(1700809927000)/",2210,1000,2033300,4577000000,-80,true,-3.49
"DLG",141134,"/Date(1700809927000)/",2210,2400,2032300,4575000000,-80,true,-3.49
"DLG",141134,"/Date(1700809927000)/",2210,1000,2029900,4570000000,-80,true,-3.49
"DLG",141134,"/Date(1700809927000)/",2210,300,2028900,4568000000,-80,true,-3.49
"DLG",141134,"/Date(1700809927000)/",2210,1600,2028600,4567000000,-80,true,-3.49
"DLG",141134,"/Date(1700809927000)/",2210,500,2027000,4564000000,-80,true,-3.49
"DLG",141134,"/Date(1700809927000)/",2210,1000,2026500,4562000000,-80,true,-3.49
"DLG",141134,"/Date(1700809927000)/",2210,500,2025500,4560000000,-80,true,-3.49
"DLG",141134,"/Date(1700809927000)/",2210,100,2025000,4559000000,-80,true,-3.49
"DLG",141134,"/Date(1700809927000)/",2210,500,2024900,4559000000,-80,true,-3.49
"DLG",141134,"/Date(1700809927000)/",2210,500,2024400,4558000000,-80,true,-3.49
"DLG",141134,"/Date(1700809927000)/",2210,1000,2023900,4557000000,-80,true,-3.49
"DLG",141134,"/Date(1700809927000)/",2210,100,2022900,4554000000,-80,true,-3.49
"DLG",141134,"/Date(1700809927000)/",2210,1000,2022800,4554000000,-80,true,-3.49
"DLG",141134,"/Date(1700809927000)/",2210,100,2021800,4552000000,-80,true,-3.49
"DLG",141134,"/Date(1700809927000)/",2210,1000,2021700,4552000000,-80,true,-3.49
"DLG",141134,"/Date(1700809927000)/",2210,4000,2020700,4550000000,-80,true,-3.49
"DLG",141134,"/Date(1700809927000)/",2210,4300,2016700,4541000000,-80,true,-3.49
"DLG",141134,"/Date(1700809927000)/",2210,2000,2012400,4531000000,-80,true,-3.49
"DLG",141127,"/Date(1700809922000)/",2210,400,2010400,4527000000,-80,true,-3.49
"DLG",141121,"/Date(1700809916000)/",2230,500,2010000,4526000000,-60,false,-2.62
"DLG",141115,"/Date(1700809908000)/",2210,13300,2009500,4525000000,-80,true,-3.49
"DLG",141115,"/Date(1700809908000)/",2210,200,1996200,4495000000,-80,true,-3.49
"DLG",141115,"/Date(1700809908000)/",2210,5000,1996000,4495000000,-80,true,-3.49
"DLG",141115,"/Date(1700809908000)/",2210,1000,1991000,4484000000,-80,true,-3.49
"DLG",141115,"/Date(1700809908000)/",2210,10000,1990000,4482000000,-80,true,-3.49
"DLG",141115,"/Date(1700809908000)/",2210,100,1980000,4460000000,-80,true,-3.49
"DLG",141115,"/Date(1700809908000)/",2210,300,1979900,4459000000,-80,true,-3.49
"DLG",141115,"/Date(1700809908000)/",2220,2000,1979600,4459000000,-70,true,-3.06
"DLG",141115,"/Date(1700809908000)/",2220,300,1977600,4454000000,-70,true,-3.06
"DLG",141115,"/Date(1700809908000)/",2220,800,1977300,4454000000,-70,true,-3.06
"DLG",141115,"/Date(1700809908000)/",2220,200,1976500,4452000000,-70,true,-3.06
"DLG",141115,"/Date(1700809908000)/",2220,200,1976300,4451000000,-70,true,-3.06
"DLG",141115,"/Date(1700809908000)/",2220,700,1976100,4451000000,-70,true,-3.06
"DLG",141115,"/Date(1700809908000)/",2220,1300,1975400,4449000000,-70,true,-3.06
"DLG",141115,"/Date(1700809908000)/",2220,5000,1974100,4447000000,-70,true,-3.06
"DLG",141115,"/Date(1700809908000)/",2220,100,1969100,4435000000,-70,true,-3.06
"DLG",141115,"/Date(1700809908000)/",2220,2000,1969000,4435000000,-70,true,-3.06
"DLG",141115,"/Date(1700809908000)/",2220,100,1967000,4431000000,-70,true,-3.06
"DLG",141115,"/Date(1700809908000)/",2220,100,1966900,4431000000,-70,true,-3.06
"DLG",141115,"/Date(1700809908000)/",2220,5000,1966800,4430000000,-70,true,-3.06
"DLG",141115,"/Date(1700809908000)/",2220,10100,1961800,4419000000,-70,true,-3.06
"DLG",141115,"/Date(1700809908000)/",2220,100,1951700,4397000000,-70,true,-3.06
"DLG",141115,"/Date(1700809908000)/",2220,400,1951600,4397000000,-70,true,-3.06
"DLG",141115,"/Date(1700809908000)/",2220,2400,1951200,4396000000,-70,true,-3.06
"DLG",141115,"/Date(1700809908000)/",2220,1000,1948800,4390000000,-70,true,-3.06
"DLG",141115,"/Date(1700809908000)/",2220,10000,1947800,4388000000,-70,true,-3.06
"DLG",141115,"/Date(1700809908000)/",2220,400,1937800,4366000000,-70,true,-3.06
"DLG",141115,"/Date(1700809908000)/",2220,2000,1937400,4365000000,-70,true,-3.06
"DLG",141115,"/Date(1700809908000)/",2220,1000,1935400,4361000000,-70,true,-3.06
"DLG",141115,"/Date(1700809908000)/",2220,100,1934400,4358000000,-70,true,-3.06
"DLG",141115,"/Date(1700809908000)/",2220,2000,1934300,4358000000,-70,true,-3.06
"DLG",141115,"/Date(1700809908000)/",2220,3000,1932300,4354000000,-70,true,-3.06
"DLG",141115,"/Date(1700809908000)/",2220,300,1929300,4347000000,-70,true,-3.06
"DLG",141115,"/Date(1700809908000)/",2220,2000,1929000,4346000000,-70,true,-3.06
"DLG",141115,"/Date(1700809908000)/",2220,1000,1927000,4342000000,-70,true,-3.06
"DLG",141115,"/Date(1700809908000)/",2220,100,1926000,4340000000,-70,true,-3.06
"DLG",141115,"/Date(1700809908000)/",2220,1400,1925900,4340000000,-70,true,-3.06
"DLG",141115,"/Date(1700809907000)/",2230,200,1924500,4336000000,-60,false,-2.62
"DLG",141052,"/Date(1700809886000)/",2220,600,1924300,4336000000,-70,true,-3.06
"DLG",141052,"/Date(1700809886000)/",2220,3400,1923700,4335000000,-70,true,-3.06
"DLG",141043,"/Date(1700809876000)/",2220,1600,1920300,4327000000,-70,true,-3.06
"DLG",141043,"/Date(1700809876000)/",2220,1000,1918700,4324000000,-70,true,-3.06
"DLG",141043,"/Date(1700809876000)/",2220,2400,1917700,4321000000,-70,true,-3.06
"DLG",141039,"/Date(1700809874000)/",2240,2800,1915300,4316000000,-50,false,-2.18
"DLG",141039,"/Date(1700809874000)/",2230,7200,1912500,4310000000,-60,false,-2.62
"DLG",141039,"/Date(1700809874000)/",2230,100,1905300,4294000000,-60,false,-2.62
"DLG",141039,"/Date(1700809874000)/",2230,100,1905200,4293000000,-60,false,-2.62
"DLG",141033,"/Date(1700809866000)/",2220,3000,1905100,4293000000,-70,true,-3.06
"DLG",141030,"/Date(1700809863000)/",2220,3000,1902100,4287000000,-70,true,-3.06
"DLG",141011,"/Date(1700809844000)/",2230,100,1899100,4280000000,-60,true,-2.62
"DLG",141011,"/Date(1700809844000)/",2230,400,1899000,4280000000,-60,true,-2.62
"DLG",141011,"/Date(1700809844000)/",2230,400,1898600,4279000000,-60,true,-2.62
"DLG",141011,"/Date(1700809844000)/",2230,100,1898200,4278000000,-60,true,-2.62
"DLG",141011,"/Date(1700809844000)/",2230,5700,1898100,4278000000,-60,true,-2.62
"DLG",141011,"/Date(1700809844000)/",2230,8200,1892400,4265000000,-60,true,-2.62
"DLG",141011,"/Date(1700809844000)/",2230,100,1884200,4247000000,-60,true,-2.62
"DLG",141011,"/Date(1700809844000)/",2230,100,1884100,4246000000,-60,true,-2.62
"DLG",141011,"/Date(1700809844000)/",2230,4800,1884000,4246000000,-60,true,-2.62
"DLG",141011,"/Date(1700809844000)/",2230,1000,1879200,4236000000,-60,true,-2.62
"DLG",141011,"/Date(1700809844000)/",2230,10000,1878200,4233000000,-60,true,-2.62
"DLG",141011,"/Date(1700809844000)/",2230,2300,1868200,4211000000,-60,true,-2.62
"DLG",141011,"/Date(1700809844000)/",2230,300,1865900,4206000000,-60,true,-2.62
"DLG",141011,"/Date(1700809844000)/",2230,2400,1865600,4205000000,-60,true,-2.62
"DLG",140923,"/Date(1700809796000)/",2230,500,1863200,4200000000,-60,true,-2.62
"DLG",140923,"/Date(1700809796000)/",2230,300,1862700,4199000000,-60,true,-2.62
"DLG",140923,"/Date(1700809796000)/",2230,200,1862400,4198000000,-60,true,-2.62
"DLG",140854,"/Date(1700809767000)/",2230,200,1862200,4198000000,-60,true,-2.62
"DLG",140757,"/Date(1700809711000)/",2230,100,1862000,4197000000,-60,true,-2.62
"DLG",140757,"/Date(1700809711000)/",2230,100,1861900,4197000000,-60,true,-2.62
"DLG",140744,"/Date(1700809696000)/",2230,900,1861800,4197000000,-60,true,-2.62
"DLG",140744,"/Date(1700809696000)/",2230,100,1860900,4195000000,-60,true,-2.62
"DLG",140744,"/Date(1700809696000)/",2230,4000,1860800,4195000000,-60,true,-2.62
"DLG",140734,"/Date(1700809689000)/",2240,500,1856800,4186000000,-50,false,-2.18
"DLG",140724,"/Date(1700809677000)/",2240,200,1856300,4184000000,-50,false,-2.18
"DLG",140639,"/Date(1700809632000)/",2240,400,1856100,4184000000,-50,false,-2.18
"DLG",140626,"/Date(1700809620000)/",2240,400,1855700,4183000000,-50,false,-2.18
"DLG",140623,"/Date(1700809616000)/",2230,300,1855300,4182000000,-60,true,-2.62
"DLG",140613,"/Date(1700809600000)/",2240,1000,1855000,4182000000,-50,false,-2.18
"DLG",140604,"/Date(1700809597000)/",2240,200,1854000,4179000000,-50,false,-2.18
"DLG",140356,"/Date(1700809471000)/",2230,700,1853800,4179000000,-60,true,-2.62
"DLG",140356,"/Date(1700809471000)/",2230,300,1853100,4177000000,-60,true,-2.62
"DLG",140314,"/Date(1700809427000)/",2240,300,1852800,4177000000,-50,false,-2.18
"DLG",140214,"/Date(1700809367000)/",2230,1700,1852500,4176000000,-60,true,-2.62
"DLG",140214,"/Date(1700809367000)/",2230,1000,1850800,4172000000,-60,true,-2.62
"DLG",140214,"/Date(1700809367000)/",2230,5000,1849800,4170000000,-60,true,-2.62
"DLG",140214,"/Date(1700809367000)/",2230,300,1844800,4159000000,-60,true,-2.62
"DLG",140132,"/Date(1700809327000)/",2230,200,1844500,4158000000,-60,true,-2.62
"DLG",140132,"/Date(1700809327000)/",2230,800,1844300,4158000000,-60,true,-2.62
"DLG",140053,"/Date(1700809288000)/",2240,200,1843500,4156000000,-50,false,-2.18
"DLG",140002,"/Date(1700809234000)/",2240,500,1843300,4155000000,-50,true,-2.18
"DLG",140002,"/Date(1700809234000)/",2240,100,1842800,4154000000,-50,true,-2.18
"DLG",140002,"/Date(1700809234000)/",2240,300,1842700,4154000000,-50,true,-2.18
"DLG",135833,"/Date(1700809147000)/",2250,2200,1842400,4153000000,-40,false,-1.75
"DLG",135748,"/Date(1700809101000)/",2250,400,1840200,4148000000,-40,false,-1.75
"DLG",135739,"/Date(1700809090000)/",2230,9200,1839800,4148000000,-60,true,-2.62
"DLG",135739,"/Date(1700809090000)/",2230,1200,1830600,4127000000,-60,true,-2.62
"DLG",135703,"/Date(1700809056000)/",2250,10600,1829400,4124000000,-40,false,-1.75
"DLG",135703,"/Date(1700809056000)/",2250,1000,1818800,4101000000,-40,false,-1.75
"DLG",135703,"/Date(1700809056000)/",2250,1000,1817800,4098000000,-40,false,-1.75
"DLG",135703,"/Date(1700809056000)/",2250,1000,1816800,4096000000,-40,false,-1.75
"DLG",135703,"/Date(1700809056000)/",2250,1000,1815800,4094000000,-40,false,-1.75
"DLG",135703,"/Date(1700809056000)/",2250,1300,1814800,4092000000,-40,false,-1.75
"DLG",135703,"/Date(1700809056000)/",2250,400,1813500,4089000000,-40,false,-1.75
"DLG",135703,"/Date(1700809056000)/",2250,2100,1813100,4088000000,-40,false,-1.75
"DLG",135703,"/Date(1700809056000)/",2240,1000,1811000,4083000000,-50,false,-2.18
"DLG",135703,"/Date(1700809056000)/",2240,600,1810000,4081000000,-50,false,-2.18
"DLG",135641,"/Date(1700809033000)/",2220,200,1809400,4079000000,-70,true,-3.06
"DLG",135638,"/Date(1700809032000)/",2230,2300,1809200,4079000000,-60,false,-2.62
"DLG",135638,"/Date(1700809032000)/",2230,1100,1806900,4074000000,-60,false,-2.62
"DLG",135638,"/Date(1700809032000)/",2230,1600,1805800,4071000000,-60,false,-2.62
"DLG",135635,"/Date(1700809026000)/",2230,200,1804200,4068000000,-60,false,-2.62
"DLG",135631,"/Date(1700809024000)/",2230,200,1804000,4067000000,-60,false,-2.62
"DLG",135619,"/Date(1700809013000)/",2230,10000,1803800,4067000000,-60,false,-2.62
"DLG",135619,"/Date(1700809010000)/",2230,1200,1793800,4045000000,-60,false,-2.62
"DLG",135612,"/Date(1700809006000)/",2230,900,1792600,4042000000,-60,false,-2.62
"DLG",135612,"/Date(1700809004000)/",2230,10000,1791700,4040000000,-60,false,-2.62
"DLG",135612,"/Date(1700809004000)/",2230,200,1781700,4018000000,-60,false,-2.62
"DLG",135606,"/Date(1700808998000)/",2230,300,1781500,4017000000,-60,false,-2.62
"DLG",135600,"/Date(1700808993000)/",2230,100,1781200,4017000000,-60,false,-2.62
"DLG",135556,"/Date(1700808988000)/",2230,100,1781100,4016000000,-60,false,-2.62
"DLG",135553,"/Date(1700808987000)/",2230,1000,1781000,4016000000,-60,false,-2.62
"DLG",135540,"/Date(1700808972000)/",2230,100,1780000,4014000000,-60,false,-2.62
"DLG",135528,"/Date(1700808961000)/",2230,300,1779900,4014000000,-60,false,-2.62
"DLG",135524,"/Date(1700808958000)/",2230,2000,1779600,4013000000,-60,false,-2.62
"DLG",135508,"/Date(1700808942000)/",2230,100,1777600,4009000000,-60,false,-2.62
"DLG",135326,"/Date(1700808838000)/",2220,400,1777500,4008000000,-70,true,-3.06
"DLG",135317,"/Date(1700808829000)/",2220,1000,1777100,4007000000,-70,true,-3.06
"DLG",135245,"/Date(1700808797000)/",2220,400,1776100,4005000000,-70,true,-3.06
"DLG",135245,"/Date(1700808797000)/",2220,100,1775700,4004000000,-70,true,-3.06
"DLG",135245,"/Date(1700808797000)/",2220,300,1775600,4004000000,-70,true,-3.06
"DLG",135245,"/Date(1700808797000)/",2220,100,1775300,4003000000,-70,true,-3.06
"DLG",135245,"/Date(1700808797000)/",2220,1000,1775200,4003000000,-70,true,-3.06
"DLG",135245,"/Date(1700808797000)/",2220,100,1774200,4001000000,-70,true,-3.06
"DLG",135245,"/Date(1700808797000)/",2220,600,1774100,4001000000,-70,true,-3.06
"DLG",135245,"/Date(1700808797000)/",2220,1000,1773500,3999000000,-70,true,-3.06
"DLG",135245,"/Date(1700808797000)/",2220,700,1772500,3997000000,-70,true,-3.06
"DLG",135245,"/Date(1700808797000)/",2220,500,1771800,3996000000,-70,true,-3.06
"DLG",135245,"/Date(1700808797000)/",2220,500,1771300,3995000000,-70,true,-3.06
"DLG",135245,"/Date(1700808797000)/",2220,2000,1770800,3993000000,-70,true,-3.06
"DLG",135245,"/Date(1700808797000)/",2220,10700,1768800,3989000000,-70,true,-3.06
"DLG",135128,"/Date(1700808721000)/",2220,200,1758100,3965000000,-70,true,-3.06
"DLG",135046,"/Date(1700808678000)/",2220,12000,1757900,3965000000,-70,true,-3.06
"DLG",135033,"/Date(1700808667000)/",2220,2000,1745900,3938000000,-70,true,-3.06
"DLG",135033,"/Date(1700808665000)/",2220,17900,1743900,3934000000,-70,true,-3.06
"DLG",135030,"/Date(1700808662000)/",2220,2000,1726000,3894000000,-70,true,-3.06
"DLG",135027,"/Date(1700808659000)/",2220,1000,1724000,3890000000,-70,true,-3.06
"DLG",135004,"/Date(1700808637000)/",2220,4200,1723000,3887000000,-70,true,-3.06
"DLG",134958,"/Date(1700808631000)/",2220,500,1718800,3878000000,-70,false,-3.06
"DLG",134949,"/Date(1700808621000)/",2220,200,1718300,3877000000,-70,false,-3.06
"DLG",134929,"/Date(1700808601000)/",2220,500,1718100,3876000000,-70,false,-3.06
"DLG",134929,"/Date(1700808601000)/",2220,100,1717600,3875000000,-70,false,-3.06
"DLG",134929,"/Date(1700808601000)/",2220,5000,1717500,3875000000,-70,false,-3.06
"DLG",134929,"/Date(1700808601000)/",2220,100,1712500,3864000000,-70,false,-3.06
"DLG",134929,"/Date(1700808601000)/",2220,1000,1712400,3864000000,-70,false,-3.06
"DLG",134929,"/Date(1700808601000)/",2220,800,1711400,3862000000,-70,false,-3.06
"DLG",134929,"/Date(1700808601000)/",2220,5300,1710600,3860000000,-70,false,-3.06
"DLG",134929,"/Date(1700808601000)/",2220,5000,1705300,3848000000,-70,false,-3.06
"DLG",134929,"/Date(1700808601000)/",2220,200,1700300,3837000000,-70,false,-3.06
"DLG",134929,"/Date(1700808601000)/",2220,10000,1700100,3836000000,-70,false,-3.06
"DLG",134929,"/Date(1700808601000)/",2220,900,1690100,3814000000,-70,false,-3.06
"DLG",134929,"/Date(1700808601000)/",2220,500,1689200,3812000000,-70,false,-3.06
"DLG",134929,"/Date(1700808601000)/",2220,300,1688700,3811000000,-70,false,-3.06
"DLG",134929,"/Date(1700808601000)/",2220,200,1688400,3810000000,-70,false,-3.06
"DLG",134929,"/Date(1700808601000)/",2220,1100,1688200,3810000000,-70,false,-3.06
"DLG",134929,"/Date(1700808601000)/",2220,100,1687100,3808000000,-70,false,-3.06
"DLG",134929,"/Date(1700808601000)/",2220,200,1687000,3807000000,-70,false,-3.06
"DLG",134929,"/Date(1700808601000)/",2220,500,1686800,3807000000,-70,false,-3.06
"DLG",134929,"/Date(1700808601000)/",2220,5000,1686300,3806000000,-70,false,-3.06
"DLG",134929,"/Date(1700808601000)/",2220,400,1681300,3795000000,-70,false,-3.06
"DLG",134929,"/Date(1700808601000)/",2220,5000,1680900,3794000000,-70,false,-3.06
"DLG",134929,"/Date(1700808601000)/",2220,400,1675900,3783000000,-70,false,-3.06
"DLG",134929,"/Date(1700808601000)/",2220,500,1675500,3782000000,-70,false,-3.06
"DLG",134929,"/Date(1700808601000)/",2220,100,1675000,3781000000,-70,false,-3.06
"DLG",134929,"/Date(1700808601000)/",2220,3200,1674900,3781000000,-70,false,-3.06
"DLG",134929,"/Date(1700808601000)/",2220,500,1671700,3773000000,-70,false,-3.06
"DLG",134929,"/Date(1700808601000)/",2220,1000,1671200,3772000000,-70,false,-3.06
"DLG",134929,"/Date(1700808601000)/",2220,500,1670200,3770000000,-70,false,-3.06
"DLG",134929,"/Date(1700808601000)/",2220,900,1669700,3769000000,-70,false,-3.06
"DLG",134926,"/Date(1700808597000)/",2230,400,1668800,3767000000,-60,true,-2.62
"DLG",134926,"/Date(1700808597000)/",2230,100,1668400,3766000000,-60,true,-2.62
"DLG",134926,"/Date(1700808597000)/",2230,400,1668300,3766000000,-60,true,-2.62
"DLG",134926,"/Date(1700808597000)/",2230,100,1667900,3765000000,-60,true,-2.62
"DLG",134926,"/Date(1700808597000)/",2230,700,1667800,3765000000,-60,true,-2.62
"DLG",134907,"/Date(1700808580000)/",2230,5000,1667100,3763000000,-60,true,-2.62
"DLG",134835,"/Date(1700808546000)/",2230,300,1662100,3752000000,-60,true,-2.62
"DLG",134835,"/Date(1700808546000)/",2230,3000,1661800,3751000000,-60,true,-2.62
"DLG",134835,"/Date(1700808546000)/",2230,100,1658800,3745000000,-60,true,-2.62
"DLG",134835,"/Date(1700808546000)/",2230,1000,1658700,3744000000,-60,true,-2.62
"DLG",134835,"/Date(1700808546000)/",2230,600,1657700,3742000000,-60,true,-2.62
"DLG",134835,"/Date(1700808546000)/",2230,2000,1657100,3741000000,-60,true,-2.62
"DLG",134835,"/Date(1700808546000)/",2230,200,1655100,3736000000,-60,true,-2.62
"DLG",134835,"/Date(1700808546000)/",2230,500,1654900,3736000000,-60,true,-2.62
"DLG",134835,"/Date(1700808546000)/",2230,100,1654400,3735000000,-60,true,-2.62
"DLG",134835,"/Date(1700808546000)/",2230,1000,1654300,3735000000,-60,true,-2.62
"DLG",134835,"/Date(1700808546000)/",2230,400,1653300,3732000000,-60,true,-2.62
"DLG",134835,"/Date(1700808546000)/",2230,200,1652900,3732000000,-60,true,-2.62
"DLG",134835,"/Date(1700808546000)/",2230,200,1652700,3731000000,-60,true,-2.62
"DLG",134835,"/Date(1700808546000)/",2230,400,1652500,3731000000,-60,true,-2.62
"DLG",134829,"/Date(1700808542000)/",2240,400,1652100,3730000000,-50,false,-2.18
"DLG",134822,"/Date(1700808533000)/",2240,200,1651700,3729000000,-50,false,-2.18
"DLG",134753,"/Date(1700808504000)/",2240,400,1651500,3728000000,-50,false,-2.18
"DLG",134721,"/Date(1700808475000)/",2240,2400,1651100,3727000000,-50,true,-2.18
"DLG",134721,"/Date(1700808475000)/",2240,1000,1648700,3722000000,-50,true,-2.18
"DLG",134721,"/Date(1700808475000)/",2240,2000,1647700,3720000000,-50,true,-2.18
"DLG",134721,"/Date(1700808475000)/",2240,900,1645700,3715000000,-50,true,-2.18
"DLG",134721,"/Date(1700808475000)/",2240,2000,1644800,3713000000,-50,true,-2.18
"DLG",134721,"/Date(1700808475000)/",2240,2000,1642800,3709000000,-50,true,-2.18
"DLG",134721,"/Date(1700808475000)/",2240,100,1640800,3704000000,-50,true,-2.18
"DLG",134715,"/Date(1700808466000)/",2250,100,1640700,3704000000,-40,false,-1.75
"DLG",134646,"/Date(1700808439000)/",2250,300,1640600,3704000000,-40,false,-1.75
"DLG",134555,"/Date(1700808388000)/",2250,200,1640300,3703000000,-40,false,-1.75
"DLG",134539,"/Date(1700808371000)/",2250,500,1640100,3703000000,-40,false,-1.75
"DLG",134536,"/Date(1700808368000)/",2250,1000,1639600,3702000000,-40,false,-1.75
"DLG",134526,"/Date(1700808359000)/",2250,300,1638600,3699000000,-40,false,-1.75
"DLG",134520,"/Date(1700808350000)/",2250,1000,1638300,3699000000,-40,false,-1.75
"DLG",134501,"/Date(1700808333000)/",2250,100,1637300,3697000000,-40,false,-1.75
"DLG",134422,"/Date(1700808293000)/",2250,200,1637200,3696000000,-40,false,-1.75
"DLG",134403,"/Date(1700808275000)/",2250,200,1637000,3696000000,-40,false,-1.75
"DLG",134354,"/Date(1700808266000)/",2250,2000,1636800,3695000000,-40,false,-1.75
"DLG",134159,"/Date(1700808151000)/",2250,300,1634800,3691000000,-40,false,-1.75
"DLG",134156,"/Date(1700808146000)/",2260,300,1634500,3690000000,-30,false,-1.31
"DLG",134133,"/Date(1700808125000)/",2230,600,1634200,3690000000,-60,true,-2.62
"DLG",134133,"/Date(1700808125000)/",2230,1000,1633600,3688000000,-60,true,-2.62
"DLG",134133,"/Date(1700808125000)/",2230,200,1632600,3686000000,-60,true,-2.62
"DLG",134133,"/Date(1700808125000)/",2230,500,1632400,3686000000,-60,true,-2.62
"DLG",134133,"/Date(1700808125000)/",2230,4500,1631900,3684000000,-60,true,-2.62
"DLG",134133,"/Date(1700808125000)/",2230,100,1627400,3674000000,-60,true,-2.62
"DLG",134133,"/Date(1700808125000)/",2230,700,1627300,3674000000,-60,true,-2.62
"DLG",134133,"/Date(1700808125000)/",2240,100,1626600,3673000000,-50,true,-2.18
"DLG",134133,"/Date(1700808125000)/",2240,600,1626500,3672000000,-50,true,-2.18
"DLG",134133,"/Date(1700808125000)/",2240,100,1625900,3671000000,-50,true,-2.18
"DLG",134133,"/Date(1700808125000)/",2240,3000,1625800,3671000000,-50,true,-2.18
"DLG",134133,"/Date(1700808125000)/",2240,300,1622800,3664000000,-50,true,-2.18
"DLG",134133,"/Date(1700808125000)/",2240,1500,1622500,3663000000,-50,true,-2.18
"DLG",134133,"/Date(1700808125000)/",2240,300,1621000,3660000000,-50,true,-2.18
"DLG",134133,"/Date(1700808125000)/",2240,500,1620700,3659000000,-50,true,-2.18
"DLG",134133,"/Date(1700808125000)/",2240,200,1620200,3658000000,-50,true,-2.18
"DLG",134133,"/Date(1700808125000)/",2250,100,1620000,3658000000,-40,true,-1.75
"DLG",134030,"/Date(1700808061000)/",2250,600,1619900,3658000000,-40,false,-1.75
"DLG",133939,"/Date(1700808009000)/",2250,600,1619300,3656000000,-40,false,-1.75
"DLG",133935,"/Date(1700808007000)/",2250,100,1618700,3655000000,-40,true,-1.75
"DLG",133935,"/Date(1700808007000)/",2250,900,1618600,3655000000,-40,true,-1.75
"DLG",133731,"/Date(1700807882000)/",2260,800,1617700,3653000000,-30,false,-1.31
"DLG",133709,"/Date(1700807861000)/",2250,3600,1616900,3651000000,-40,true,-1.75
"DLG",133627,"/Date(1700807819000)/",2240,300,1613300,3643000000,-50,true,-2.18
"DLG",133627,"/Date(1700807819000)/",2240,1000,1613000,3642000000,-50,true,-2.18
"DLG",133605,"/Date(1700807796000)/",2250,100,1612000,3640000000,-40,false,-1.75
"DLG",133533,"/Date(1700807764000)/",2250,100,1611900,3640000000,-40,false,-1.75
"DLG",133520,"/Date(1700807753000)/",2250,1000,1611800,3639000000,-40,true,-1.75
"DLG",133520,"/Date(1700807753000)/",2250,100,1610800,3637000000,-40,true,-1.75
"DLG",133520,"/Date(1700807753000)/",2250,100,1610700,3637000000,-40,true,-1.75
"DLG",133514,"/Date(1700807745000)/",2260,100,1610600,3637000000,-30,false,-1.31
"DLG",133435,"/Date(1700807707000)/",2250,2000,1610500,3636000000,-40,true,-1.75
"DLG",133410,"/Date(1700807680000)/",2250,1000,1608500,3632000000,-40,true,-1.75
"DLG",133309,"/Date(1700807620000)/",2250,3000,1607500,3630000000,-40,true,-1.75
"DLG",133309,"/Date(1700807620000)/",2250,100,1604500,3623000000,-40,true,-1.75
"DLG",133309,"/Date(1700807620000)/",2250,400,1604400,3623000000,-40,true,-1.75
"DLG",133234,"/Date(1700807585000)/",2250,2500,1604000,3622000000,-40,true,-1.75
"DLG",133127,"/Date(1700807519000)/",2250,100,1601500,3616000000,-40,true,-1.75
"DLG",133027,"/Date(1700807457000)/",2260,1000,1601400,3616000000,-30,false,-1.31
"DLG",133027,"/Date(1700807457000)/",2260,1000,1600400,3614000000,-30,false,-1.31
"DLG",133027,"/Date(1700807457000)/",2260,500,1599400,3611000000,-30,false,-1.31
"DLG",133014,"/Date(1700807445000)/",2260,100,1598900,3610000000,-30,true,-1.31
"DLG",132850,"/Date(1700807360000)/",2270,300,1598800,3610000000,-20,false,-0.87
"DLG",132850,"/Date(1700807360000)/",2270,2700,1598500,3609000000,-20,false,-0.87
"DLG",132847,"/Date(1700807359000)/",2270,200,1595800,3603000000,-20,false,-0.87
"DLG",132730,"/Date(1700807281000)/",2270,200,1595600,3603000000,-20,false,-0.87
"DLG",132730,"/Date(1700807279000)/",2270,200,1595400,3602000000,-20,false,-0.87
"DLG",132727,"/Date(1700807279000)/",2270,100,1595200,3602000000,-20,true,-0.87
"DLG",132727,"/Date(1700807279000)/",2270,5600,1595100,3602000000,-20,true,-0.87
"DLG",132727,"/Date(1700807278000)/",2280,100,1589500,3589000000,-10,false,-0.44
"DLG",132724,"/Date(1700807273000)/",2270,500,1589400,3589000000,-20,true,-0.87
"DLG",132718,"/Date(1700807268000)/",2270,300,1588900,3588000000,-20,true,-0.87
"DLG",132711,"/Date(1700807263000)/",2270,1000,1588600,3587000000,-20,false,-0.87
"DLG",132711,"/Date(1700807263000)/",2270,2000,1587600,3585000000,-20,false,-0.87
"DLG",132711,"/Date(1700807263000)/",2270,500,1585600,3580000000,-20,false,-0.87
"DLG",132711,"/Date(1700807263000)/",2270,100,1585100,3579000000,-20,false,-0.87
"DLG",132639,"/Date(1700807228000)/",2270,100,1585000,3579000000,-20,false,-0.87
"DLG",132558,"/Date(1700807189000)/",2270,200,1584900,3579000000,-20,false,-0.87
"DLG",132555,"/Date(1700807184000)/",2270,500,1584700,3578000000,-20,false,-0.87
"DLG",132548,"/Date(1700807178000)/",2270,2700,1584200,3577000000,-20,false,-0.87
"DLG",132548,"/Date(1700807178000)/",2270,300,1581500,3571000000,-20,false,-0.87
"DLG",132535,"/Date(1700807165000)/",2270,100,1581200,3570000000,-20,false,-0.87
"DLG",132448,"/Date(1700807119000)/",2270,500,1581100,3570000000,-20,false,-0.87
"DLG",132441,"/Date(1700807111000)/",2260,800,1580600,3569000000,-30,true,-1.31
"DLG",132441,"/Date(1700807111000)/",2260,6300,1579800,3567000000,-30,true,-1.31
"DLG",132309,"/Date(1700807019000)/",2260,1600,1573500,3553000000,-30,false,-1.31
"DLG",132309,"/Date(1700807019000)/",2260,500,1571900,3549000000,-30,false,-1.31
"DLG",132309,"/Date(1700807019000)/",2260,500,1571400,3548000000,-30,false,-1.31
"DLG",132309,"/Date(1700807019000)/",2260,400,1570900,3547000000,-30,false,-1.31
"DLG",132305,"/Date(1700807016000)/",2260,500,1570500,3546000000,-30,false,-1.31
"DLG",132139,"/Date(1700806928000)/",2260,100,1570000,3545000000,-30,false,-1.31
"DLG",132139,"/Date(1700806928000)/",2260,100,1569900,3545000000,-30,false,-1.31
"DLG",132139,"/Date(1700806928000)/",2260,100,1569800,3544000000,-30,false,-1.31
"DLG",132139,"/Date(1700806928000)/",2260,500,1569700,3544000000,-30,false,-1.31
"DLG",132104,"/Date(1700806894000)/",2260,100,1569200,3543000000,-30,false,-1.31
"DLG",132007,"/Date(1700806838000)/",2260,100,1569100,3543000000,-30,false,-1.31
"DLG",131900,"/Date(1700806770000)/",2240,300,1569000,3543000000,-50,true,-2.18
"DLG",131900,"/Date(1700806770000)/",2240,100,1568700,3542000000,-50,true,-2.18
"DLG",131900,"/Date(1700806770000)/",2240,300,1568600,3542000000,-50,true,-2.18
"DLG",131900,"/Date(1700806770000)/",2240,800,1568300,3541000000,-50,true,-2.18
"DLG",131900,"/Date(1700806770000)/",2250,100,1567500,3539000000,-40,true,-1.75
"DLG",131900,"/Date(1700806770000)/",2250,400,1567400,3539000000,-40,true,-1.75
"DLG",131900,"/Date(1700806770000)/",2250,1000,1567000,3538000000,-40,true,-1.75
"DLG",131708,"/Date(1700806657000)/",2250,500,1566000,3536000000,-40,false,-1.75
"DLG",131658,"/Date(1700806648000)/",2250,100,1565500,3535000000,-40,false,-1.75
"DLG",131655,"/Date(1700806644000)/",2250,200,1565400,3534000000,-40,false,-1.75
"DLG",131655,"/Date(1700806644000)/",2250,21300,1565200,3534000000,-40,false,-1.75
"DLG",131655,"/Date(1700806644000)/",2250,100,1543900,3486000000,-40,false,-1.75
"DLG",131642,"/Date(1700806633000)/",2250,1500,1543800,3486000000,-40,false,-1.75
"DLG",131630,"/Date(1700806619000)/",2250,800,1542300,3483000000,-40,false,-1.75
"DLG",131522,"/Date(1700806553000)/",2250,500,1541500,3481000000,-40,false,-1.75
"DLG",131450,"/Date(1700806520000)/",2240,700,1541000,3480000000,-50,true,-2.18
"DLG",131437,"/Date(1700806508000)/",2250,2100,1540300,3478000000,-40,false,-1.75
"DLG",131437,"/Date(1700806508000)/",2250,600,1538200,3473000000,-40,false,-1.75
"DLG",131349,"/Date(1700806459000)/",2240,500,1537600,3472000000,-50,true,-2.18
"DLG",131318,"/Date(1700806426000)/",2240,100,1537100,3471000000,-50,true,-2.18
"DLG",131255,"/Date(1700806404000)/",2240,400,1537000,3471000000,-50,true,-2.18
"DLG",131255,"/Date(1700806404000)/",2240,200,1536600,3470000000,-50,true,-2.18
"DLG",131255,"/Date(1700806404000)/",2240,400,1536400,3469000000,-50,true,-2.18
"DLG",131255,"/Date(1700806404000)/",2240,100,1536000,3468000000,-50,true,-2.18
"DLG",131255,"/Date(1700806404000)/",2240,100,1535900,3468000000,-50,true,-2.18
"DLG",131255,"/Date(1700806404000)/",2240,100,1535800,3468000000,-50,true,-2.18
"DLG",131255,"/Date(1700806404000)/",2240,300,1535700,3468000000,-50,true,-2.18
"DLG",131255,"/Date(1700806404000)/",2240,100,1535400,3467000000,-50,true,-2.18
"DLG",131255,"/Date(1700806404000)/",2240,100,1535300,3467000000,-50,true,-2.18
"DLG",131255,"/Date(1700806404000)/",2240,100,1535200,3467000000,-50,true,-2.18
"DLG",131255,"/Date(1700806404000)/",2240,100,1535100,3466000000,-50,true,-2.18
"DLG",131243,"/Date(1700806392000)/",2240,200,1535000,3466000000,-50,true,-2.18
"DLG",131223,"/Date(1700806371000)/",2240,300,1534800,3466000000,-50,true,-2.18
"DLG",131207,"/Date(1700806356000)/",2240,200,1534500,3465000000,-50,true,-2.18
"DLG",131145,"/Date(1700806333000)/",2240,300,1534300,3465000000,-50,true,-2.18
"DLG",131104,"/Date(1700806294000)/",2240,400,1534000,3464000000,-50,true,-2.18
"DLG",131104,"/Date(1700806291000)/",2240,100,1533600,3463000000,-50,true,-2.18
"DLG",131045,"/Date(1700806273000)/",2240,200,1533500,3463000000,-50,true,-2.18
"DLG",131006,"/Date(1700806234000)/",2250,1000,1533300,3462000000,-40,false,-1.75
"DLG",130957,"/Date(1700806226000)/",2250,2000,1532300,3460000000,-40,false,-1.75
"DLG",130957,"/Date(1700806224000)/",2240,200,1530300,3456000000,-50,true,-2.18
"DLG",130931,"/Date(1700806200000)/",2240,200,1530100,3455000000,-50,true,-2.18
"DLG",130918,"/Date(1700806186000)/",2240,100,1529900,3455000000,-50,true,-2.18
"DLG",130906,"/Date(1700806175000)/",2240,200,1529800,3454000000,-50,true,-2.18
"DLG",130850,"/Date(1700806159000)/",2240,300,1529600,3454000000,-50,true,-2.18
"DLG",130850,"/Date(1700806157000)/",2240,200,1529300,3453000000,-50,true,-2.18
"DLG",130850,"/Date(1700806157000)/",2240,100,1529100,3453000000,-50,true,-2.18
"DLG",130850,"/Date(1700806157000)/",2240,100,1529000,3453000000,-50,true,-2.18
"DLG",130834,"/Date(1700806141000)/",2240,300,1528900,3452000000,-50,true,-2.18
"DLG",130821,"/Date(1700806130000)/",2240,100,1528600,3452000000,-50,true,-2.18
"DLG",130821,"/Date(1700806130000)/",2240,100,1528500,3452000000,-50,true,-2.18
"DLG",130814,"/Date(1700806123000)/",2240,400,1528400,3451000000,-50,false,-2.18
"DLG",130758,"/Date(1700806106000)/",2240,3000,1528000,3450000000,-50,false,-2.18
"DLG",130743,"/Date(1700806091000)/",2240,1000,1525000,3444000000,-50,true,-2.18
"DLG",130743,"/Date(1700806091000)/",2240,600,1524000,3441000000,-50,true,-2.18
"DLG",130727,"/Date(1700806076000)/",2240,500,1523400,3440000000,-50,true,-2.18
"DLG",130655,"/Date(1700806044000)/",2240,500,1522900,3439000000,-50,false,-2.18
"DLG",130655,"/Date(1700806044000)/",2240,100,1522400,3438000000,-50,false,-2.18
"DLG",130655,"/Date(1700806044000)/",2240,300,1522300,3438000000,-50,false,-2.18
"DLG",130616,"/Date(1700806005000)/",2240,100,1522000,3437000000,-50,false,-2.18
"DLG",130600,"/Date(1700805988000)/",2240,100,1521900,3437000000,-50,false,-2.18
"DLG",130541,"/Date(1700805970000)/",2230,4300,1521800,3437000000,-60,true,-2.62
"DLG",130541,"/Date(1700805970000)/",2240,100,1517500,3427000000,-50,true,-2.18
"DLG",130541,"/Date(1700805970000)/",2240,100,1517400,3427000000,-50,true,-2.18
"DLG",130541,"/Date(1700805970000)/",2240,500,1517300,3426000000,-50,true,-2.18
"DLG",130538,"/Date(1700805946000)/",2240,200,1516800,3425000000,-50,false,-2.18
"DLG",130538,"/Date(1700805946000)/",2240,300,1516600,3425000000,-50,false,-2.18
"DLG",130538,"/Date(1700805946000)/",2240,300,1516300,3424000000,-50,false,-2.18
"DLG",130538,"/Date(1700805946000)/",2240,700,1516000,3424000000,-50,false,-2.18
"DLG",130450,"/Date(1700805920000)/",2240,300,1515300,3422000000,-50,false,-2.18
"DLG",130450,"/Date(1700805919000)/",2240,200,1515000,3421000000,-50,false,-2.18
"DLG",130428,"/Date(1700805896000)/",2240,100,1514800,3421000000,-50,false,-2.18
"DLG",130334,"/Date(1700805843000)/",2230,1200,1514700,3421000000,-60,false,-2.62
"DLG",130318,"/Date(1700805826000)/",2230,500,1513500,3418000000,-60,true,-2.62
"DLG",130318,"/Date(1700805826000)/",2230,200,1513000,3417000000,-60,true,-2.62
"DLG",130318,"/Date(1700805826000)/",2230,100,1512800,3416000000,-60,true,-2.62
"DLG",130318,"/Date(1700805826000)/",2230,5000,1512700,3416000000,-60,true,-2.62
"DLG",130318,"/Date(1700805826000)/",2230,500,1507700,3405000000,-60,true,-2.62
"DLG",130318,"/Date(1700805826000)/",2230,200,1507200,3404000000,-60,true,-2.62
"DLG",130318,"/Date(1700805826000)/",2230,5000,1507000,3403000000,-60,true,-2.62
"DLG",130318,"/Date(1700805826000)/",2230,1000,1502000,3392000000,-60,true,-2.62
"DLG",130318,"/Date(1700805826000)/",2230,5000,1501000,3390000000,-60,true,-2.62
"DLG",130318,"/Date(1700805826000)/",2230,100,1496000,3379000000,-60,true,-2.62
"DLG",130318,"/Date(1700805826000)/",2230,1200,1495900,3379000000,-60,true,-2.62
"DLG",130318,"/Date(1700805826000)/",2240,200,1494700,3376000000,-50,false,-2.18
"DLG",130243,"/Date(1700805790000)/",2230,100,1494500,3376000000,-60,true,-2.62
"DLG",130240,"/Date(1700805788000)/",2230,1100,1494400,3375000000,-60,true,-2.62
"DLG",130201,"/Date(1700805748000)/",2230,200,1493300,3373000000,-60,true,-2.62
"DLG",130139,"/Date(1700805727000)/",2240,4000,1493100,3372000000,-50,false,-2.18
"DLG",130136,"/Date(1700805724000)/",2230,1000,1489100,3364000000,-60,true,-2.62
"DLG",130123,"/Date(1700805710000)/",2240,100,1488100,3361000000,-50,false,-2.18
"DLG",130107,"/Date(1700805696000)/",2240,1000,1488000,3361000000,-50,false,-2.18
"DLG",130048,"/Date(1700805677000)/",2240,900,1487000,3359000000,-50,false,-2.18
"DLG",130042,"/Date(1700805668000)/",2240,100,1486100,3357000000,-50,true,-2.18
"DLG",130013,"/Date(1700805641000)/",2240,1000,1486000,3357000000,-50,true,-2.18
"DLG",130013,"/Date(1700805641000)/",2240,500,1485000,3354000000,-50,true,-2.18
"DLG",130006,"/Date(1700805625000)/",2250,100,1484500,3353000000,-40,true,-1.75
"DLG",130006,"/Date(1700805625000)/",2250,1000,1484400,3353000000,-40,true,-1.75
"DLG",130006,"/Date(1700805625000)/",2250,500,1483400,3351000000,-40,true,-1.75
"DLG",130006,"/Date(1700805625000)/",2250,2000,1482900,3350000000,-40,true,-1.75
"DLG",130006,"/Date(1700805625000)/",2250,5800,1480900,3345000000,-40,true,-1.75
"DLG",130000,"/Date(1700805614000)/",2250,500,1475100,3332000000,-40,true,-1.75
"DLG",130000,"/Date(1700805613000)/",2260,100,1474600,3331000000,-30,false,-1.31
"DLG",130000,"/Date(1700805613000)/",2260,300,1474500,3331000000,-30,false,-1.31
"DLG",125954,"/Date(1700805605000)/",2250,1000,1474200,3330000000,-40,true,-1.75
"DLG",125950,"/Date(1700805604000)/",2260,100,1473200,3328000000,-30,true,-1.31
"DLG",125950,"/Date(1700805604000)/",2250,600,1473100,3328000000,-40,true,-1.75
"DLG",125947,"/Date(1700805604000)/",2260,100,1472500,3326000000,-30,true,-1.31
"DLG",125947,"/Date(1700805604000)/",2260,300,1472400,3326000000,-30,true,-1.31
"DLG",112910,"/Date(1700800168000)/",2270,100,1472100,3325000000,-20,false,-0.87
"DLG",112910,"/Date(1700800168000)/",2270,800,1472000,3325000000,-20,false,-0.87
"DLG",112806,"/Date(1700800104000)/",2270,1000,1471200,3323000000,-20,false,-0.87
"DLG",112747,"/Date(1700800086000)/",2270,200,1470200,3321000000,-20,false,-0.87
"DLG",112608,"/Date(1700799986000)/",2260,300,1470000,3321000000,-30,true,-1.31
"DLG",112432,"/Date(1700799891000)/",2270,400,1469700,3320000000,-20,false,-0.87
"DLG",112039,"/Date(1700799660000)/",2270,500,1469300,3319000000,-20,false,-0.87
"DLG",111932,"/Date(1700799591000)/",2270,100,1468800,3318000000,-20,false,-0.87
"DLG",111455,"/Date(1700799314000)/",2270,300,1468700,3318000000,-20,true,-0.87
"DLG",111410,"/Date(1700799269000)/",2270,100,1468400,3317000000,-20,true,-0.87
"DLG",111300,"/Date(1700799198000)/",2280,200,1468300,3317000000,-10,false,-0.44
"DLG",111257,"/Date(1700799194000)/",2280,1000,1468100,3316000000,-10,true,-0.44
"DLG",111247,"/Date(1700799186000)/",2280,200,1467100,3314000000,-10,true,-0.44
"DLG",111241,"/Date(1700799179000)/",2280,300,1466900,3314000000,-10,true,-0.44
"DLG",111127,"/Date(1700799106000)/",2290,100,1466600,3313000000,0,false,0
"DLG",111121,"/Date(1700799100000)/",2280,100,1466500,3313000000,-10,false,-0.44
"DLG",111121,"/Date(1700799100000)/",2280,200,1466400,3312000000,-10,false,-0.44
"DLG",111055,"/Date(1700799074000)/",2280,100,1466200,3312000000,-10,true,-0.44
"DLG",111017,"/Date(1700799035000)/",2290,2600,1466100,3312000000,0,false,0
"DLG",111017,"/Date(1700799035000)/",2290,1000,1463500,3306000000,0,false,0
"DLG",111017,"/Date(1700799035000)/",2290,100,1462500,3303000000,0,false,0
"DLG",111017,"/Date(1700799035000)/",2280,500,1462400,3303000000,-10,false,-0.44
"DLG",111017,"/Date(1700799035000)/",2280,5000,1461900,3302000000,-10,false,-0.44
"DLG",111017,"/Date(1700799035000)/",2280,5000,1456900,3291000000,-10,false,-0.44
"DLG",111017,"/Date(1700799035000)/",2280,1000,1451900,3279000000,-10,false,-0.44
"DLG",111017,"/Date(1700799035000)/",2280,1200,1450900,3277000000,-10,false,-0.44
"DLG",111017,"/Date(1700799035000)/",2280,300,1449700,3274000000,-10,false,-0.44
"DLG",111017,"/Date(1700799035000)/",2280,10000,1449400,3274000000,-10,false,-0.44
"DLG",111017,"/Date(1700799035000)/",2280,100,1439400,3251000000,-10,false,-0.44
"DLG",111017,"/Date(1700799035000)/",2280,200,1439300,3251000000,-10,false,-0.44
"DLG",111017,"/Date(1700799035000)/",2280,900,1439100,3250000000,-10,false,-0.44
"DLG",111017,"/Date(1700799035000)/",2280,100,1438200,3248000000,-10,false,-0.44
"DLG",111017,"/Date(1700799035000)/",2280,100,1438100,3248000000,-10,false,-0.44
"DLG",111017,"/Date(1700799035000)/",2280,2000,1438000,3248000000,-10,false,-0.44
"DLG",111017,"/Date(1700799035000)/",2280,29900,1436000,3243000000,-10,false,-0.44
"DLG",111011,"/Date(1700799030000)/",2270,100,1406100,3175000000,-20,true,-0.87
"DLG",110948,"/Date(1700799004000)/",2280,100,1406000,3175000000,-10,false,-0.44
"DLG",110923,"/Date(1700798980000)/",2270,13400,1405900,3174000000,-20,true,-0.87
"DLG",110923,"/Date(1700798980000)/",2270,2000,1392500,3144000000,-20,true,-0.87
"DLG",110923,"/Date(1700798980000)/",2270,1000,1390500,3139000000,-20,true,-0.87
"DLG",110923,"/Date(1700798980000)/",2270,1000,1389500,3137000000,-20,true,-0.87
"DLG",110923,"/Date(1700798980000)/",2270,3000,1388500,3135000000,-20,true,-0.87
"DLG",110923,"/Date(1700798980000)/",2270,200,1385500,3128000000,-20,true,-0.87
"DLG",110923,"/Date(1700798980000)/",2270,6500,1385300,3128000000,-20,true,-0.87
"DLG",110923,"/Date(1700798980000)/",2260,17900,1378800,3113000000,-30,true,-1.31
"DLG",110923,"/Date(1700798980000)/",2260,5400,1360900,3072000000,-30,true,-1.31
"DLG",110923,"/Date(1700798980000)/",2260,100,1355500,3060000000,-30,true,-1.31
"DLG",110923,"/Date(1700798980000)/",2260,5000,1355400,3060000000,-30,true,-1.31
"DLG",110923,"/Date(1700798980000)/",2260,1700,1350400,3049000000,-30,true,-1.31
"DLG",110854,"/Date(1700798952000)/",2250,5000,1348700,3045000000,-40,true,-1.75
"DLG",110854,"/Date(1700798952000)/",2250,1000,1343700,3034000000,-40,true,-1.75
"DLG",110854,"/Date(1700798952000)/",2250,1000,1342700,3031000000,-40,true,-1.75
"DLG",110854,"/Date(1700798952000)/",2250,5000,1341700,3029000000,-40,true,-1.75
"DLG",110854,"/Date(1700798952000)/",2250,4000,1336700,3018000000,-40,true,-1.75
"DLG",110854,"/Date(1700798952000)/",2250,10000,1332700,3009000000,-40,true,-1.75
"DLG",110854,"/Date(1700798952000)/",2250,1000,1322700,2986000000,-40,true,-1.75
"DLG",110854,"/Date(1700798952000)/",2250,100,1321700,2984000000,-40,true,-1.75
"DLG",110854,"/Date(1700798952000)/",2250,100,1321600,2984000000,-40,true,-1.75
"DLG",110854,"/Date(1700798952000)/",2240,5000,1321500,2984000000,-50,false,-2.18
"DLG",110854,"/Date(1700798952000)/",2240,1000,1316500,2972000000,-50,false,-2.18
"DLG",110854,"/Date(1700798952000)/",2240,18900,1315500,2970000000,-50,false,-2.18
"DLG",110851,"/Date(1700798949000)/",2240,100,1296600,2928000000,-50,false,-2.18
"DLG",110832,"/Date(1700798928000)/",2230,1400,1296500,2928000000,-60,true,-2.62
"DLG",110828,"/Date(1700798927000)/",2230,100,1295100,2925000000,-60,true,-2.62
"DLG",110825,"/Date(1700798923000)/",2240,7000,1295000,2924000000,-50,false,-2.18
"DLG",110825,"/Date(1700798923000)/",2240,500,1288000,2909000000,-50,false,-2.18
"DLG",110825,"/Date(1700798923000)/",2240,1700,1287500,2908000000,-50,false,-2.18
"DLG",110825,"/Date(1700798923000)/",2230,30800,1285800,2904000000,-60,true,-2.62
"DLG",110757,"/Date(1700798893000)/",2230,100,1255000,2835000000,-60,false,-2.62
"DLG",110750,"/Date(1700798889000)/",2220,100,1254900,2835000000,-70,true,-3.06
"DLG",110750,"/Date(1700798889000)/",2220,200,1254800,2835000000,-70,true,-3.06
"DLG",110750,"/Date(1700798889000)/",2220,500,1254600,2834000000,-70,true,-3.06
"DLG",110750,"/Date(1700798889000)/",2220,200,1254100,2833000000,-70,true,-3.06
"DLG",110750,"/Date(1700798889000)/",2220,500,1253900,2833000000,-70,true,-3.06
"DLG",110750,"/Date(1700798889000)/",2220,1000,1253400,2831000000,-70,true,-3.06
"DLG",110750,"/Date(1700798889000)/",2220,1000,1252400,2829000000,-70,true,-3.06
"DLG",110750,"/Date(1700798889000)/",2220,200,1251400,2827000000,-70,true,-3.06
"DLG",110750,"/Date(1700798889000)/",2220,100,1251200,2827000000,-70,true,-3.06
"DLG",110750,"/Date(1700798889000)/",2220,1000,1251100,2826000000,-70,true,-3.06
"DLG",110750,"/Date(1700798889000)/",2220,200,1250100,2824000000,-70,true,-3.06
"DLG",110750,"/Date(1700798889000)/",2220,3000,1249900,2824000000,-70,true,-3.06
"DLG",110750,"/Date(1700798889000)/",2220,100,1246900,2817000000,-70,true,-3.06
"DLG",110750,"/Date(1700798889000)/",2220,100,1246800,2817000000,-70,true,-3.06
"DLG",110750,"/Date(1700798889000)/",2220,300,1246700,2817000000,-70,true,-3.06
"DLG",110750,"/Date(1700798889000)/",2220,200,1246400,2816000000,-70,true,-3.06
"DLG",110750,"/Date(1700798889000)/",2220,3000,1246200,2815000000,-70,true,-3.06
"DLG",110750,"/Date(1700798889000)/",2220,300,1243200,2809000000,-70,true,-3.06
"DLG",110725,"/Date(1700798863000)/",2230,500,1242900,2808000000,-60,false,-2.62
"DLG",110725,"/Date(1700798863000)/",2230,500,1242400,2807000000,-60,false,-2.62
"DLG",110725,"/Date(1700798863000)/",2230,100,1241900,2806000000,-60,false,-2.62
"DLG",110725,"/Date(1700798863000)/",2230,700,1241800,2806000000,-60,false,-2.62
"DLG",110725,"/Date(1700798863000)/",2230,5000,1241100,2804000000,-60,false,-2.62
"DLG",110725,"/Date(1700798863000)/",2230,500,1236100,2793000000,-60,false,-2.62
"DLG",110725,"/Date(1700798863000)/",2230,1800,1235600,2792000000,-60,false,-2.62
"DLG",110702,"/Date(1700798839000)/",2230,200,1233800,2788000000,-60,true,-2.62
"DLG",110702,"/Date(1700798839000)/",2230,1000,1233600,2787000000,-60,true,-2.62
"DLG",110702,"/Date(1700798839000)/",2230,400,1232600,2785000000,-60,true,-2.62
"DLG",110702,"/Date(1700798839000)/",2230,100,1232200,2784000000,-60,true,-2.62
"DLG",110702,"/Date(1700798839000)/",2230,2000,1232100,2784000000,-60,true,-2.62
"DLG",110702,"/Date(1700798839000)/",2230,500,1230100,2780000000,-60,true,-2.62
"DLG",110702,"/Date(1700798839000)/",2230,200,1229600,2779000000,-60,true,-2.62
"DLG",110702,"/Date(1700798839000)/",2230,500,1229400,2778000000,-60,true,-2.62
"DLG",110702,"/Date(1700798839000)/",2230,100,1228900,2777000000,-60,true,-2.62
"DLG",110649,"/Date(1700798828000)/",2240,500,1228800,2777000000,-50,false,-2.18
"DLG",110608,"/Date(1700798785000)/",2240,100,1228300,2776000000,-50,false,-2.18
"DLG",110602,"/Date(1700798780000)/",2240,100,1228200,2775000000,-50,false,-2.18
"DLG",110543,"/Date(1700798759000)/",2240,500,1228100,2775000000,-50,false,-2.18
"DLG",110514,"/Date(1700798731000)/",2230,1200,1227600,2774000000,-60,true,-2.62
"DLG",110511,"/Date(1700798726000)/",2240,100,1226400,2771000000,-50,false,-2.18
"DLG",110448,"/Date(1700798707000)/",2240,1000,1226300,2771000000,-50,false,-2.18
"DLG",110442,"/Date(1700798700000)/",2240,400,1225300,2769000000,-50,false,-2.18
"DLG",110442,"/Date(1700798700000)/",2240,100,1224900,2768000000,-50,false,-2.18
"DLG",110257,"/Date(1700798595000)/",2230,10700,1224800,2768000000,-60,true,-2.62
"DLG",110257,"/Date(1700798595000)/",2230,100,1214100,2744000000,-60,true,-2.62
"DLG",110257,"/Date(1700798595000)/",2230,1000,1214000,2744000000,-60,true,-2.62
"DLG",110257,"/Date(1700798595000)/",2230,500,1213000,2741000000,-60,true,-2.62
"DLG",110257,"/Date(1700798595000)/",2230,500,1212500,2740000000,-60,true,-2.62
"DLG",110257,"/Date(1700798595000)/",2230,200,1212000,2739000000,-60,true,-2.62
"DLG",110257,"/Date(1700798595000)/",2230,1000,1211800,2739000000,-60,true,-2.62
"DLG",110257,"/Date(1700798595000)/",2230,100,1210800,2737000000,-60,true,-2.62
"DLG",110257,"/Date(1700798595000)/",2230,200,1210700,2736000000,-60,true,-2.62
"DLG",110257,"/Date(1700798595000)/",2230,100,1210500,2736000000,-60,true,-2.62
"DLG",110257,"/Date(1700798595000)/",2230,4800,1210400,2736000000,-60,true,-2.62
"DLG",110257,"/Date(1700798592000)/",2240,100,1205600,2725000000,-50,true,-2.18
"DLG",110237,"/Date(1700798574000)/",2240,100,1205500,2725000000,-50,true,-2.18
"DLG",110234,"/Date(1700798570000)/",2230,200,1205400,2725000000,-60,true,-2.62
"DLG",110234,"/Date(1700798570000)/",2230,500,1205200,2724000000,-60,true,-2.62
"DLG",110234,"/Date(1700798570000)/",2230,500,1204700,2723000000,-60,true,-2.62
"DLG",110234,"/Date(1700798570000)/",2230,400,1204200,2722000000,-60,true,-2.62
"DLG",110234,"/Date(1700798570000)/",2230,100,1203800,2721000000,-60,true,-2.62
"DLG",110234,"/Date(1700798570000)/",2230,3300,1203700,2721000000,-60,true,-2.62
"DLG",110221,"/Date(1700798559000)/",2230,3700,1200400,2713000000,-60,true,-2.62
"DLG",110221,"/Date(1700798559000)/",2230,1200,1196700,2705000000,-60,true,-2.62
"DLG",110221,"/Date(1700798559000)/",2240,100,1195500,2702000000,-50,false,-2.18
"DLG",110205,"/Date(1700798542000)/",2240,15500,1195400,2702000000,-50,true,-2.18
"DLG",110205,"/Date(1700798542000)/",2240,100,1179900,2667000000,-50,true,-2.18
"DLG",110205,"/Date(1700798542000)/",2240,300,1179800,2667000000,-50,true,-2.18
"DLG",110205,"/Date(1700798542000)/",2240,100,1179500,2667000000,-50,true,-2.18
"DLG",110205,"/Date(1700798542000)/",2240,1000,1179400,2666000000,-50,true,-2.18
"DLG",110205,"/Date(1700798542000)/",2240,500,1178400,2664000000,-50,true,-2.18
"DLG",110205,"/Date(1700798542000)/",2240,200,1177900,2663000000,-50,true,-2.18
"DLG",110205,"/Date(1700798542000)/",2240,1000,1177700,2663000000,-50,true,-2.18
"DLG",110205,"/Date(1700798542000)/",2240,7000,1176700,2660000000,-50,true,-2.18
"DLG",110205,"/Date(1700798542000)/",2240,1000,1169700,2645000000,-50,true,-2.18
"DLG",110205,"/Date(1700798542000)/",2240,1000,1168700,2642000000,-50,true,-2.18
"DLG",110205,"/Date(1700798542000)/",2240,1000,1167700,2640000000,-50,true,-2.18
"DLG",110205,"/Date(1700798542000)/",2240,100,1166700,2638000000,-50,true,-2.18
"DLG",110205,"/Date(1700798542000)/",2240,100,1166600,2638000000,-50,true,-2.18
"DLG",110205,"/Date(1700798542000)/",2240,500,1166500,2637000000,-50,true,-2.18
"DLG",110205,"/Date(1700798542000)/",2240,55600,1166000,2636000000,-50,true,-2.18
"DLG",110111,"/Date(1700798489000)/",2250,100,1110400,2512000000,-40,false,-1.75
"DLG",110036,"/Date(1700798452000)/",2240,24400,1110300,2512000000,-50,true,-2.18
"DLG",110036,"/Date(1700798452000)/",2240,5000,1085900,2457000000,-50,true,-2.18
"DLG",110036,"/Date(1700798452000)/",2240,600,1080900,2446000000,-50,true,-2.18
"DLG",110033,"/Date(1700798451000)/",2250,1800,1080300,2444000000,-40,false,-1.75
"DLG",110033,"/Date(1700798451000)/",2250,200,1078500,2440000000,-40,false,-1.75
"DLG",110004,"/Date(1700798420000)/",2240,100,1078300,2440000000,-50,true,-2.18
"DLG",105952,"/Date(1700798407000)/",2250,100,1078200,2440000000,-40,false,-1.75
"DLG",105945,"/Date(1700798402000)/",2250,100,1078100,2439000000,-40,false,-1.75
"DLG",105819,"/Date(1700798317000)/",2250,2800,1078000,2439000000,-40,false,-1.75
"DLG",105819,"/Date(1700798317000)/",2250,700,1075200,2433000000,-40,false,-1.75
"DLG",105816,"/Date(1700798311000)/",2250,600,1074500,2431000000,-40,false,-1.75
"DLG",105706,"/Date(1700798244000)/",2250,900,1073900,2430000000,-40,false,-1.75
"DLG",105653,"/Date(1700798231000)/",2250,700,1073000,2428000000,-40,false,-1.75
"DLG",105653,"/Date(1700798229000)/",2250,100,1072300,2426000000,-40,false,-1.75
"DLG",105609,"/Date(1700798185000)/",2250,10000,1072200,2426000000,-40,false,-1.75
"DLG",105443,"/Date(1700798099000)/",2250,100,1062200,2404000000,-40,false,-1.75
"DLG",105404,"/Date(1700798061000)/",2240,1200,1062100,2403000000,-50,true,-2.18
"DLG",105258,"/Date(1700797993000)/",2240,100,1060900,2401000000,-50,true,-2.18
"DLG",105248,"/Date(1700797983000)/",2240,2500,1060800,2401000000,-50,true,-2.18
"DLG",105106,"/Date(1700797883000)/",2240,500,1058300,2395000000,-50,true,-2.18
"DLG",105106,"/Date(1700797880000)/",2250,3000,1057800,2394000000,-40,false,-1.75
"DLG",105044,"/Date(1700797859000)/",2250,1000,1054800,2387000000,-40,false,-1.75
"DLG",105040,"/Date(1700797855000)/",2250,100,1053800,2385000000,-40,false,-1.75
"DLG",105012,"/Date(1700797826000)/",2250,100,1053700,2385000000,-40,false,-1.75
"DLG",105012,"/Date(1700797826000)/",2250,300,1053600,2384000000,-40,false,-1.75
"DLG",105012,"/Date(1700797826000)/",2250,1600,1053300,2384000000,-40,false,-1.75
"DLG",105008,"/Date(1700797826000)/",2250,800,1051700,2380000000,-40,true,-1.75
"DLG",104851,"/Date(1700797746000)/",2260,200,1050900,2378000000,-30,false,-1.31
"DLG",104819,"/Date(1700797714000)/",2260,100,1050700,2378000000,-30,false,-1.31
"DLG",104819,"/Date(1700797714000)/",2260,4900,1050600,2378000000,-30,false,-1.31
"DLG",104741,"/Date(1700797677000)/",2260,100,1045700,2367000000,-30,false,-1.31
"DLG",104628,"/Date(1700797605000)/",2250,200,1045600,2366000000,-40,true,-1.75
"DLG",104628,"/Date(1700797605000)/",2250,100,1045400,2366000000,-40,true,-1.75
"DLG",104628,"/Date(1700797605000)/",2250,1000,1045300,2366000000,-40,true,-1.75
"DLG",104628,"/Date(1700797605000)/",2250,200,1044300,2363000000,-40,true,-1.75
"DLG",104628,"/Date(1700797605000)/",2250,500,1044100,2363000000,-40,true,-1.75
"DLG",104628,"/Date(1700797605000)/",2250,300,1043600,2362000000,-40,true,-1.75
"DLG",104628,"/Date(1700797605000)/",2250,600,1043300,2361000000,-40,true,-1.75
"DLG",104628,"/Date(1700797605000)/",2260,100,1042700,2360000000,-30,false,-1.31
"DLG",104540,"/Date(1700797556000)/",2260,100,1042600,2360000000,-30,true,-1.31
"DLG",104508,"/Date(1700797523000)/",2260,100,1042500,2359000000,-30,true,-1.31
"DLG",104508,"/Date(1700797523000)/",2260,100,1042400,2359000000,-30,true,-1.31
"DLG",104407,"/Date(1700797456000)/",2250,400,1042300,2359000000,-40,true,-1.75
"DLG",104342,"/Date(1700797437000)/",2250,4000,1041900,2358000000,-40,true,-1.75
"DLG",104342,"/Date(1700797437000)/",2250,2000,1037900,2349000000,-40,true,-1.75
"DLG",104342,"/Date(1700797437000)/",2250,4000,1035900,2344000000,-40,true,-1.75
"DLG",104248,"/Date(1700797382000)/",2250,3000,1031900,2335000000,-40,true,-1.75
"DLG",104216,"/Date(1700797352000)/",2250,100,1028900,2329000000,-40,true,-1.75
"DLG",104154,"/Date(1700797330000)/",2250,700,1028800,2328000000,-40,true,-1.75
"DLG",104122,"/Date(1700797297000)/",2250,200,1028100,2327000000,-40,true,-1.75
"DLG",104059,"/Date(1700797274000)/",2250,2000,1027900,2326000000,-40,true,-1.75
"DLG",104043,"/Date(1700797258000)/",2260,100,1025900,2322000000,-30,true,-1.31
"DLG",104043,"/Date(1700797258000)/",2260,200,1025800,2322000000,-30,true,-1.31
"DLG",103940,"/Date(1700797194000)/",2260,100,1025600,2321000000,-30,true,-1.31
"DLG",103924,"/Date(1700797179000)/",2260,300,1025500,2321000000,-30,true,-1.31
"DLG",103908,"/Date(1700797162000)/",2260,400,1025200,2320000000,-30,true,-1.31
"DLG",103908,"/Date(1700797162000)/",2260,5000,1024800,2319000000,-30,true,-1.31
"DLG",103908,"/Date(1700797162000)/",2260,100,1019800,2308000000,-30,true,-1.31
"DLG",103908,"/Date(1700797162000)/",2260,500,1019700,2308000000,-30,true,-1.31
"DLG",103839,"/Date(1700797134000)/",2270,300,1019200,2307000000,-20,false,-0.87
"DLG",103638,"/Date(1700797013000)/",2270,1000,1018900,2306000000,-20,false,-0.87
"DLG",103612,"/Date(1700796986000)/",2270,1000,1017900,2304000000,-20,false,-0.87
"DLG",103609,"/Date(1700796985000)/",2260,300,1016900,2302000000,-30,true,-1.31
"DLG",103600,"/Date(1700796975000)/",2270,4000,1016600,2301000000,-20,false,-0.87
"DLG",103547,"/Date(1700796963000)/",2270,1000,1012600,2292000000,-20,false,-0.87
"DLG",103525,"/Date(1700796938000)/",2270,100,1011600,2290000000,-20,false,-0.87
"DLG",103437,"/Date(1700796892000)/",2270,600,1011500,2289000000,-20,false,-0.87
"DLG",103427,"/Date(1700796882000)/",2270,100,1010900,2288000000,-20,false,-0.87
"DLG",103333,"/Date(1700796827000)/",2270,1000,1010800,2288000000,-20,false,-0.87
"DLG",103305,"/Date(1700796798000)/",2270,100,1009800,2285000000,-20,false,-0.87
"DLG",103229,"/Date(1700796764000)/",2260,100,1009700,2285000000,-30,true,-1.31
"DLG",103226,"/Date(1700796761000)/",2270,100,1009600,2285000000,-20,false,-0.87
"DLG",103213,"/Date(1700796749000)/",2260,100,1009500,2285000000,-30,true,-1.31
"DLG",103158,"/Date(1700796733000)/",2270,100,1009400,2285000000,-20,false,-0.87
"DLG",103158,"/Date(1700796733000)/",2270,500,1009300,2284000000,-20,false,-0.87
"DLG",103106,"/Date(1700796681000)/",2250,100,1008800,2283000000,-40,false,-1.75
"DLG",103106,"/Date(1700796681000)/",2250,2000,1008700,2283000000,-40,false,-1.75
"DLG",103106,"/Date(1700796681000)/",2250,32900,1006700,2278000000,-40,false,-1.75
"DLG",103103,"/Date(1700796679000)/",2250,1000,973800,2204000000,-40,false,-1.75
"DLG",103025,"/Date(1700796639000)/",2250,1200,972800,2202000000,-40,false,-1.75
"DLG",103015,"/Date(1700796630000)/",2250,100,971600,2200000000,-40,false,-1.75
"DLG",103006,"/Date(1700796621000)/",2250,1500,971500,2199000000,-40,false,-1.75
"DLG",103006,"/Date(1700796621000)/",2250,4100,970000,2196000000,-40,false,-1.75
"DLG",103006,"/Date(1700796621000)/",2250,500,965900,2187000000,-40,false,-1.75
"DLG",102953,"/Date(1700796609000)/",2250,500,965400,2186000000,-40,false,-1.75
"DLG",102953,"/Date(1700796609000)/",2250,400,964900,2184000000,-40,false,-1.75
"DLG",102950,"/Date(1700796605000)/",2250,100,964500,2184000000,-40,false,-1.75
"DLG",102950,"/Date(1700796604000)/",2250,500,964400,2183000000,-40,false,-1.75
"DLG",102931,"/Date(1700796586000)/",2250,1200,963900,2182000000,-40,false,-1.75
"DLG",102902,"/Date(1700796555000)/",2250,1000,962700,2179000000,-40,false,-1.75
"DLG",102859,"/Date(1700796554000)/",2250,300,961700,2177000000,-40,false,-1.75
"DLG",102859,"/Date(1700796554000)/",2250,1000,961400,2177000000,-40,false,-1.75
"DLG",102843,"/Date(1700796538000)/",2250,1000,960400,2174000000,-40,false,-1.75
"DLG",102834,"/Date(1700796527000)/",2250,200,959400,2172000000,-40,false,-1.75
"DLG",102821,"/Date(1700796515000)/",2250,500,959200,2172000000,-40,false,-1.75
"DLG",102821,"/Date(1700796513000)/",2250,1000,958700,2170000000,-40,false,-1.75
"DLG",102814,"/Date(1700796508000)/",2250,200,957700,2168000000,-40,false,-1.75
"DLG",102736,"/Date(1700796471000)/",2250,100,957500,2168000000,-40,false,-1.75
"DLG",102733,"/Date(1700796466000)/",2250,2600,957400,2168000000,-40,false,-1.75
"DLG",102720,"/Date(1700796455000)/",2250,100,954800,2162000000,-40,false,-1.75
"DLG",102717,"/Date(1700796452000)/",2250,37000,954700,2161000000,-40,false,-1.75
"DLG",102642,"/Date(1700796414000)/",2240,1000,917700,2078000000,-50,true,-2.18
"DLG",102642,"/Date(1700796414000)/",2240,100,916700,2076000000,-50,true,-2.18
"DLG",102642,"/Date(1700796414000)/",2240,900,916600,2076000000,-50,true,-2.18
"DLG",102626,"/Date(1700796401000)/",2250,100,915700,2074000000,-40,false,-1.75
"DLG",102623,"/Date(1700796397000)/",2240,1900,915600,2074000000,-50,true,-2.18
"DLG",102620,"/Date(1700796394000)/",2250,25000,913700,2069000000,-40,false,-1.75
"DLG",102620,"/Date(1700796393000)/",2250,1000,888700,2013000000,-40,false,-1.75
"DLG",102616,"/Date(1700796391000)/",2250,200,887700,2011000000,-40,false,-1.75
"DLG",102613,"/Date(1700796386000)/",2250,200,887500,2010000000,-40,false,-1.75
"DLG",102554,"/Date(1700796368000)/",2250,100,887300,2010000000,-40,false,-1.75
"DLG",102519,"/Date(1700796334000)/",2240,2200,887200,2010000000,-50,false,-2.18
"DLG",102516,"/Date(1700796330000)/",2240,400,885000,2005000000,-50,false,-2.18
"DLG",102516,"/Date(1700796328000)/",2240,100,884600,2004000000,-50,false,-2.18
"DLG",102513,"/Date(1700796327000)/",2240,1000,884500,2004000000,-50,false,-2.18
"DLG",102513,"/Date(1700796327000)/",2240,500,883500,2001000000,-50,false,-2.18
"DLG",102513,"/Date(1700796326000)/",2240,300,883000,2000000000,-50,false,-2.18
"DLG",102513,"/Date(1700796326000)/",2240,700,882700,2000000000,-50,false,-2.18
"DLG",102513,"/Date(1700796326000)/",2240,300,882000,1998000000,-50,false,-2.18
"DLG",102503,"/Date(1700796316000)/",2240,10000,881700,1997000000,-50,false,-2.18
"DLG",102500,"/Date(1700796315000)/",2240,200,871700,1975000000,-50,false,-2.18
"DLG",102500,"/Date(1700796314000)/",2240,2000,871500,1974000000,-50,false,-2.18
"DLG",102450,"/Date(1700796305000)/",2240,200,869500,1970000000,-50,false,-2.18
"DLG",102434,"/Date(1700796289000)/",2240,100,869300,1970000000,-50,false,-2.18
"DLG",102428,"/Date(1700796283000)/",2240,400,869200,1969000000,-50,false,-2.18
"DLG",102418,"/Date(1700796271000)/",2240,300,868800,1968000000,-50,false,-2.18
"DLG",102415,"/Date(1700796269000)/",2240,100,868500,1968000000,-50,false,-2.18
"DLG",102412,"/Date(1700796267000)/",2240,2000,868400,1968000000,-50,false,-2.18
"DLG",102359,"/Date(1700796254000)/",2240,1000,866400,1963000000,-50,false,-2.18
"DLG",102359,"/Date(1700796253000)/",2230,800,865400,1961000000,-60,true,-2.62
"DLG",102359,"/Date(1700796253000)/",2230,300,864600,1959000000,-60,true,-2.62
"DLG",102359,"/Date(1700796253000)/",2230,5000,864300,1958000000,-60,true,-2.62
"DLG",102359,"/Date(1700796253000)/",2230,2000,859300,1947000000,-60,true,-2.62
"DLG",102359,"/Date(1700796253000)/",2230,100,857300,1943000000,-60,true,-2.62
"DLG",102359,"/Date(1700796253000)/",2230,500,857200,1943000000,-60,true,-2.62
"DLG",102359,"/Date(1700796253000)/",2230,300,856700,1941000000,-60,true,-2.62
"DLG",102343,"/Date(1700796236000)/",2240,100,856400,1941000000,-50,false,-2.18
"DLG",102343,"/Date(1700796235000)/",2240,100,856300,1941000000,-50,false,-2.18
"DLG",102334,"/Date(1700796228000)/",2240,1000,856200,1940000000,-50,false,-2.18
"DLG",102328,"/Date(1700796221000)/",2240,400,855200,1938000000,-50,false,-2.18
"DLG",102321,"/Date(1700796216000)/",2240,1000,854800,1937000000,-50,false,-2.18
"DLG",102321,"/Date(1700796215000)/",2240,100,853800,1935000000,-50,false,-2.18
"DLG",102302,"/Date(1700796194000)/",2250,100,853700,1935000000,-40,false,-1.75
"DLG",102259,"/Date(1700796191000)/",2240,100,853600,1934000000,-50,true,-2.18
"DLG",102259,"/Date(1700796191000)/",2240,200,853500,1934000000,-50,true,-2.18
"DLG",102259,"/Date(1700796191000)/",2240,100,853300,1934000000,-50,true,-2.18
"DLG",102240,"/Date(1700796173000)/",2240,400,853200,1934000000,-50,true,-2.18
"DLG",102240,"/Date(1700796173000)/",2240,100,852800,1933000000,-50,true,-2.18
"DLG",102240,"/Date(1700796172000)/",2240,1000,852700,1932000000,-50,true,-2.18
"DLG",102240,"/Date(1700796172000)/",2240,100,851700,1930000000,-50,true,-2.18
"DLG",102240,"/Date(1700796172000)/",2240,1000,851600,1930000000,-50,true,-2.18
"DLG",102240,"/Date(1700796172000)/",2240,6800,850600,1928000000,-50,true,-2.18
"DLG",102240,"/Date(1700796172000)/",2240,100,843800,1913000000,-50,true,-2.18
"DLG",102240,"/Date(1700796172000)/",2240,500,843700,1912000000,-50,true,-2.18
"DLG",102240,"/Date(1700796172000)/",2240,100,843200,1911000000,-50,true,-2.18
"DLG",102240,"/Date(1700796172000)/",2240,1500,843100,1911000000,-50,true,-2.18
"DLG",102240,"/Date(1700796172000)/",2240,400,841600,1908000000,-50,true,-2.18
"DLG",102142,"/Date(1700796115000)/",2240,100,841200,1907000000,-50,true,-2.18
"DLG",102126,"/Date(1700796098000)/",2240,1000,841100,1906000000,-50,true,-2.18
"DLG",101944,"/Date(1700795997000)/",2250,100,840100,1904000000,-40,false,-1.75
"DLG",101909,"/Date(1700795964000)/",2240,4000,840000,1904000000,-50,true,-2.18
"DLG",101909,"/Date(1700795964000)/",2240,2000,836000,1895000000,-50,true,-2.18
"DLG",101909,"/Date(1700795964000)/",2240,1000,834000,1891000000,-50,true,-2.18
"DLG",101909,"/Date(1700795964000)/",2240,500,833000,1888000000,-50,true,-2.18
"DLG",101909,"/Date(1700795964000)/",2240,400,832500,1887000000,-50,true,-2.18
"DLG",101909,"/Date(1700795964000)/",2240,5000,832100,1886000000,-50,true,-2.18
"DLG",101909,"/Date(1700795964000)/",2240,700,827100,1875000000,-50,true,-2.18
"DLG",101909,"/Date(1700795964000)/",2240,300,826400,1874000000,-50,true,-2.18
"DLG",101909,"/Date(1700795964000)/",2240,2000,826100,1873000000,-50,true,-2.18
"DLG",101909,"/Date(1700795964000)/",2240,500,824100,1868000000,-50,true,-2.18
"DLG",101909,"/Date(1700795964000)/",2240,100,823600,1867000000,-50,true,-2.18
"DLG",101909,"/Date(1700795964000)/",2240,1000,823500,1867000000,-50,true,-2.18
"DLG",101909,"/Date(1700795964000)/",2240,100,822500,1865000000,-50,true,-2.18
"DLG",101909,"/Date(1700795964000)/",2240,500,822400,1865000000,-50,true,-2.18
"DLG",101909,"/Date(1700795964000)/",2240,200,821900,1863000000,-50,true,-2.18
"DLG",101844,"/Date(1700795937000)/",2250,300,821700,1863000000,-40,true,-1.75
"DLG",101844,"/Date(1700795937000)/",2250,1000,821400,1862000000,-40,true,-1.75
"DLG",101844,"/Date(1700795937000)/",2250,2000,820400,1860000000,-40,true,-1.75
"DLG",101844,"/Date(1700795937000)/",2250,100,818400,1856000000,-40,true,-1.75
"DLG",101844,"/Date(1700795937000)/",2250,1000,818300,1855000000,-40,true,-1.75
"DLG",101844,"/Date(1700795937000)/",2250,1000,817300,1853000000,-40,true,-1.75
"DLG",101844,"/Date(1700795937000)/",2250,100,816300,1851000000,-40,true,-1.75
"DLG",101844,"/Date(1700795937000)/",2250,300,816200,1851000000,-40,true,-1.75
"DLG",101844,"/Date(1700795937000)/",2250,200,815900,1850000000,-40,true,-1.75
"DLG",101844,"/Date(1700795937000)/",2250,1000,815700,1850000000,-40,true,-1.75
"DLG",101844,"/Date(1700795937000)/",2250,200,814700,1847000000,-40,true,-1.75
"DLG",101844,"/Date(1700795937000)/",2250,2000,814500,1847000000,-40,true,-1.75
"DLG",101844,"/Date(1700795937000)/",2250,1000,812500,1842000000,-40,true,-1.75
"DLG",101844,"/Date(1700795937000)/",2250,500,811500,1840000000,-40,true,-1.75
"DLG",101844,"/Date(1700795937000)/",2250,500,811000,1839000000,-40,true,-1.75
"DLG",101844,"/Date(1700795937000)/",2250,3000,810500,1838000000,-40,true,-1.75
"DLG",101844,"/Date(1700795937000)/",2250,10000,807500,1831000000,-40,true,-1.75
"DLG",101844,"/Date(1700795937000)/",2250,5000,797500,1809000000,-40,true,-1.75
"DLG",101844,"/Date(1700795937000)/",2250,500,792500,1797000000,-40,true,-1.75
"DLG",101844,"/Date(1700795937000)/",2250,2000,792000,1796000000,-40,true,-1.75
"DLG",101844,"/Date(1700795937000)/",2250,500,790000,1792000000,-40,true,-1.75
"DLG",101844,"/Date(1700795937000)/",2250,100,789500,1791000000,-40,true,-1.75
"DLG",101844,"/Date(1700795937000)/",2250,100,789400,1790000000,-40,true,-1.75
"DLG",101844,"/Date(1700795937000)/",2250,3000,789300,1790000000,-40,true,-1.75
"DLG",101844,"/Date(1700795937000)/",2250,500,786300,1783000000,-40,true,-1.75
"DLG",101844,"/Date(1700795937000)/",2250,3000,785800,1782000000,-40,true,-1.75
"DLG",101844,"/Date(1700795937000)/",2250,1000,782800,1776000000,-40,true,-1.75
"DLG",101844,"/Date(1700795937000)/",2250,200,781800,1773000000,-40,true,-1.75
"DLG",101844,"/Date(1700795937000)/",2250,100,781600,1773000000,-40,true,-1.75
"DLG",101844,"/Date(1700795937000)/",2250,100,781500,1773000000,-40,true,-1.75
"DLG",101844,"/Date(1700795937000)/",2250,25300,781400,1772000000,-40,true,-1.75
"DLG",101844,"/Date(1700795937000)/",2260,500,756100,1715000000,-30,true,-1.31
"DLG",101844,"/Date(1700795937000)/",2260,100,755600,1714000000,-30,true,-1.31
"DLG",101844,"/Date(1700795937000)/",2260,4000,755500,1714000000,-30,true,-1.31
"DLG",101844,"/Date(1700795937000)/",2260,1000,751500,1705000000,-30,true,-1.31
"DLG",101844,"/Date(1700795937000)/",2260,10000,750500,1703000000,-30,true,-1.31
"DLG",101844,"/Date(1700795937000)/",2260,300,740500,1680000000,-30,true,-1.31
"DLG",101844,"/Date(1700795937000)/",2260,1000,740200,1679000000,-30,true,-1.31
"DLG",101844,"/Date(1700795937000)/",2260,2000,739200,1677000000,-30,true,-1.31
"DLG",101844,"/Date(1700795937000)/",2260,500,737200,1673000000,-30,true,-1.31
"DLG",101844,"/Date(1700795937000)/",2260,1000,736700,1672000000,-30,true,-1.31
"DLG",101844,"/Date(1700795937000)/",2260,1000,735700,1669000000,-30,true,-1.31
"DLG",101844,"/Date(1700795937000)/",2260,2000,734700,1667000000,-30,true,-1.31
"DLG",101844,"/Date(1700795937000)/",2260,6000,732700,1663000000,-30,true,-1.31
"DLG",101844,"/Date(1700795937000)/",2260,200,726700,1649000000,-30,true,-1.31
"DLG",101844,"/Date(1700795937000)/",2260,200,726500,1649000000,-30,true,-1.31
"DLG",101844,"/Date(1700795937000)/",2260,28200,726300,1648000000,-30,true,-1.31
"DLG",101844,"/Date(1700795937000)/",2260,300,698100,1584000000,-30,true,-1.31
"DLG",101844,"/Date(1700795937000)/",2260,500,697800,1584000000,-30,true,-1.31
"DLG",101844,"/Date(1700795937000)/",2260,100,697300,1583000000,-30,true,-1.31
"DLG",101844,"/Date(1700795937000)/",2260,1000,697200,1582000000,-30,true,-1.31
"DLG",101844,"/Date(1700795937000)/",2260,500,696200,1580000000,-30,true,-1.31
"DLG",101837,"/Date(1700795930000)/",2270,1100,695700,1579000000,-20,false,-0.87
"DLG",101812,"/Date(1700795905000)/",2270,100,694600,1576000000,-20,true,-0.87
"DLG",101812,"/Date(1700795905000)/",2270,400,694500,1576000000,-20,true,-0.87
"DLG",101759,"/Date(1700795890000)/",2270,1600,694100,1575000000,-20,true,-0.87
"DLG",101759,"/Date(1700795890000)/",2270,1400,692500,1572000000,-20,true,-0.87
"DLG",101731,"/Date(1700795865000)/",2270,100,691100,1568000000,-20,true,-0.87
"DLG",101715,"/Date(1700795847000)/",2270,200,691000,1568000000,-20,true,-0.87
"DLG",101659,"/Date(1700795831000)/",2270,100,690800,1568000000,-20,true,-0.87
"DLG",101655,"/Date(1700795827000)/",2270,1800,690700,1568000000,-20,true,-0.87
"DLG",101655,"/Date(1700795827000)/",2270,100,688900,1563000000,-20,true,-0.87
"DLG",101655,"/Date(1700795827000)/",2270,100,688800,1563000000,-20,true,-0.87
"DLG",101655,"/Date(1700795827000)/",2270,100,688700,1563000000,-20,true,-0.87
"DLG",101655,"/Date(1700795827000)/",2270,1500,688600,1563000000,-20,true,-0.87
"DLG",101655,"/Date(1700795827000)/",2270,500,687100,1559000000,-20,true,-0.87
"DLG",101655,"/Date(1700795827000)/",2270,2500,686600,1558000000,-20,true,-0.87
"DLG",101655,"/Date(1700795827000)/",2270,100,684100,1553000000,-20,true,-0.87
"DLG",101655,"/Date(1700795827000)/",2270,500,684000,1552000000,-20,true,-0.87
"DLG",101655,"/Date(1700795827000)/",2270,700,683500,1551000000,-20,true,-0.87
"DLG",101655,"/Date(1700795827000)/",2270,200,682800,1550000000,-20,true,-0.87
"DLG",101655,"/Date(1700795827000)/",2270,300,682600,1549000000,-20,true,-0.87
"DLG",101633,"/Date(1700795805000)/",2270,100,682300,1549000000,-20,true,-0.87
"DLG",101601,"/Date(1700795773000)/",2270,900,682200,1548000000,-20,true,-0.87
"DLG",101558,"/Date(1700795770000)/",2270,900,681300,1546000000,-20,true,-0.87
"DLG",101558,"/Date(1700795770000)/",2270,800,680400,1544000000,-20,true,-0.87
"DLG",101558,"/Date(1700795769000)/",2280,200,679600,1542000000,-10,false,-0.44
"DLG",101542,"/Date(1700795754000)/",2270,200,679400,1542000000,-20,true,-0.87
"DLG",101542,"/Date(1700795754000)/",2270,1000,679200,1541000000,-20,true,-0.87
"DLG",101542,"/Date(1700795754000)/",2270,400,678200,1539000000,-20,true,-0.87
"DLG",101542,"/Date(1700795754000)/",2270,200,677800,1538000000,-20,true,-0.87
"DLG",101542,"/Date(1700795754000)/",2270,400,677600,1538000000,-20,true,-0.87
"DLG",101542,"/Date(1700795754000)/",2270,200,677200,1537000000,-20,true,-0.87
"DLG",101542,"/Date(1700795754000)/",2270,100,677000,1536000000,-20,true,-0.87
"DLG",101542,"/Date(1700795754000)/",2270,1000,676900,1536000000,-20,true,-0.87
"DLG",101542,"/Date(1700795754000)/",2270,100,675900,1534000000,-20,true,-0.87
"DLG",101542,"/Date(1700795754000)/",2270,200,675800,1534000000,-20,true,-0.87
"DLG",101542,"/Date(1700795754000)/",2270,100,675600,1533000000,-20,true,-0.87
"DLG",101542,"/Date(1700795754000)/",2270,300,675500,1533000000,-20,true,-0.87
"DLG",101542,"/Date(1700795754000)/",2270,100,675200,1532000000,-20,true,-0.87
"DLG",101542,"/Date(1700795754000)/",2270,500,675100,1532000000,-20,true,-0.87
"DLG",101542,"/Date(1700795754000)/",2270,100,674600,1531000000,-20,true,-0.87
"DLG",101542,"/Date(1700795754000)/",2270,800,674500,1531000000,-20,true,-0.87
"DLG",101536,"/Date(1700795750000)/",2270,100,673700,1529000000,-20,true,-0.87
"DLG",101507,"/Date(1700795719000)/",2280,800,673600,1529000000,-10,false,-0.44
"DLG",101454,"/Date(1700795706000)/",2280,300,672800,1527000000,-10,false,-0.44
"DLG",101404,"/Date(1700795657000)/",2280,200,672500,1526000000,-10,false,-0.44
"DLG",101036,"/Date(1700795450000)/",2280,100,672300,1526000000,-10,false,-0.44
"DLG",101008,"/Date(1700795421000)/",2270,100,672200,1526000000,-20,true,-0.87
"DLG",101008,"/Date(1700795421000)/",2270,300,672100,1525000000,-20,true,-0.87
"DLG",100926,"/Date(1700795380000)/",2270,300,671800,1525000000,-20,true,-0.87
"DLG",100917,"/Date(1700795369000)/",2270,800,671500,1524000000,-20,true,-0.87
"DLG",100914,"/Date(1700795366000)/",2280,100,670700,1522000000,-10,false,-0.44
"DLG",100907,"/Date(1700795359000)/",2270,1000,670600,1522000000,-20,true,-0.87
"DLG",100838,"/Date(1700795332000)/",2280,100,669600,1520000000,-10,false,-0.44
"DLG",100832,"/Date(1700795324000)/",2270,600,669500,1519000000,-20,true,-0.87
"DLG",100813,"/Date(1700795305000)/",2280,200,668900,1518000000,-10,false,-0.44
"DLG",100754,"/Date(1700795285000)/",2270,100,668700,1518000000,-20,true,-0.87
"DLG",100732,"/Date(1700795265000)/",2280,100,668600,1517000000,-10,false,-0.44
"DLG",100553,"/Date(1700795165000)/",2280,100,668500,1517000000,-10,false,-0.44
"DLG",100502,"/Date(1700795115000)/",2280,100,668400,1517000000,-10,false,-0.44
"DLG",100330,"/Date(1700795020000)/",2280,400,668300,1517000000,-10,false,-0.44
"DLG",100330,"/Date(1700795020000)/",2280,100,667900,1516000000,-10,false,-0.44
"DLG",100242,"/Date(1700794974000)/",2280,100,667800,1516000000,-10,false,-0.44
"DLG",100235,"/Date(1700794968000)/",2270,900,667700,1515000000,-20,true,-0.87
"DLG",100235,"/Date(1700794968000)/",2270,2100,666800,1513000000,-20,true,-0.87
"DLG",100154,"/Date(1700794924000)/",2270,100,664700,1509000000,-20,true,-0.87
"DLG",100138,"/Date(1700794909000)/",2280,100,664600,1508000000,-10,false,-0.44
"DLG",95959,"/Date(1700794810000)/",2280,100,664500,1508000000,-10,false,-0.44
"DLG",95837,"/Date(1700794729000)/",2270,4200,664400,1508000000,-20,true,-0.87
"DLG",95837,"/Date(1700794727000)/",2270,20000,660200,1498000000,-20,true,-0.87
"DLG",95821,"/Date(1700794713000)/",2280,300,640200,1453000000,-10,false,-0.44
"DLG",95746,"/Date(1700794678000)/",2280,100,639900,1452000000,-10,false,-0.44
"DLG",95739,"/Date(1700794670000)/",2270,100,639800,1452000000,-20,true,-0.87
"DLG",95642,"/Date(1700794614000)/",2280,100,639700,1452000000,-10,false,-0.44
"DLG",95557,"/Date(1700794569000)/",2270,100,639600,1452000000,-20,true,-0.87
"DLG",95557,"/Date(1700794567000)/",2280,100,639500,1451000000,-10,false,-0.44
"DLG",95538,"/Date(1700794548000)/",2270,900,639400,1451000000,-20,true,-0.87
"DLG",95525,"/Date(1700794535000)/",2280,200,638500,1449000000,-10,false,-0.44
"DLG",95506,"/Date(1700794516000)/",2270,100,638300,1449000000,-20,true,-0.87
"DLG",95450,"/Date(1700794501000)/",2280,100,638200,1448000000,-10,false,-0.44
"DLG",95428,"/Date(1700794479000)/",2270,100,638100,1448000000,-20,true,-0.87
"DLG",95406,"/Date(1700794457000)/",2280,300,638000,1448000000,-10,false,-0.44
"DLG",95406,"/Date(1700794457000)/",2280,4700,637700,1447000000,-10,false,-0.44
"DLG",95324,"/Date(1700794417000)/",2280,100,633000,1437000000,-10,false,-0.44
"DLG",95243,"/Date(1700794374000)/",2280,2000,632900,1436000000,-10,false,-0.44
"DLG",95143,"/Date(1700794314000)/",2280,500,630900,1432000000,-10,false,-0.44
"DLG",95130,"/Date(1700794302000)/",2280,200,630400,1431000000,-10,false,-0.44
"DLG",95130,"/Date(1700794301000)/",2280,8000,630200,1430000000,-10,false,-0.44
"DLG",95130,"/Date(1700794300000)/",2280,1000,622200,1412000000,-10,false,-0.44
"DLG",95105,"/Date(1700794274000)/",2280,400,621200,1410000000,-10,false,-0.44
"DLG",95052,"/Date(1700794264000)/",2280,200,620800,1409000000,-10,false,-0.44
