"Stockcode","Package","TradingDate","Price","Vol","TotalVol","TotalVal","Change","IsBuy","PerChange"
"ITA",144427,"/Date(1700811903000)/",5750,328500,5728100,32250000000,0,false,0
"ITA",142920,"/Date(1700810997000)/",5690,3000,5399600,30361000000,-60,false,-1.04
"ITA",142920,"/Date(1700810997000)/",5690,200,5396600,30344000000,-60,false,-1.04
"ITA",142920,"/Date(1700810996000)/",5680,2800,5396400,30343000000,-70,false,-1.22
"ITA",142920,"/Date(1700810996000)/",5680,2200,5393600,30327000000,-70,false,-1.22
"ITA",142907,"/Date(1700810982000)/",5690,300,5391400,30315000000,-60,false,-1.04
"ITA",142907,"/Date(1700810982000)/",5690,500,5391100,30313000000,-60,false,-1.04
"ITA",142854,"/Date(1700810971000)/",5670,900,5390600,30310000000,-80,false,-1.39
"ITA",142854,"/Date(1700810969000)/",5670,100,5389700,30305000000,-80,false,-1.39
"ITA",142854,"/Date(1700810969000)/",5670,200,5389600,30305000000,-80,false,-1.39
"ITA",142851,"/Date(1700810968000)/",5670,800,5389400,30304000000,-80,false,-1.39
"ITA",142845,"/Date(1700810960000)/",5660,200,5388600,30299000000,-90,false,-1.57
"ITA",142845,"/Date(1700810960000)/",5660,100,5388400,30298000000,-90,false,-1.57
"ITA",142845,"/Date(1700810959000)/",5650,6000,5388300,30297000000,-100,true,-1.74
"ITA",142838,"/Date(1700810956000)/",5650,2000,5382300,30263000000,-100,false,-1.74
"ITA",142838,"/Date(1700810956000)/",5650,1000,5380300,30252000000,-100,false,-1.74
"ITA",142838,"/Date(1700810956000)/",5650,400,5379300,30246000000,-100,false,-1.74
"ITA",142838,"/Date(1700810955000)/",5650,200,5378900,30244000000,-100,false,-1.74
"ITA",142835,"/Date(1700810953000)/",5650,700,5378700,30243000000,-100,false,-1.74
"ITA",142835,"/Date(1700810951000)/",5650,200,5378000,30239000000,-100,false,-1.74
"ITA",142832,"/Date(1700810948000)/",5650,1300,5377800,30238000000,-100,false,-1.74
"ITA",142829,"/Date(1700810945000)/",5650,4600,5376500,30231000000,-100,false,-1.74
"ITA",142822,"/Date(1700810938000)/",5650,500,5371900,30205000000,-100,false,-1.74
"ITA",142819,"/Date(1700810934000)/",5640,300,5371400,30202000000,-110,true,-1.91
"ITA",142813,"/Date(1700810929000)/",5650,1000,5371100,30200000000,-100,false,-1.74
"ITA",142800,"/Date(1700810916000)/",5640,1600,5370100,30194000000,-110,false,-1.91
"ITA",142757,"/Date(1700810914000)/",5640,2700,5368500,30185000000,-110,false,-1.91
"ITA",142757,"/Date(1700810914000)/",5640,400,5365800,30170000000,-110,false,-1.91
"ITA",142757,"/Date(1700810913000)/",5640,200,5365400,30168000000,-110,false,-1.91
"ITA",142744,"/Date(1700810901000)/",5640,2000,5365200,30167000000,-110,false,-1.91
"ITA",142738,"/Date(1700810894000)/",5640,1500,5363200,30156000000,-110,false,-1.91
"ITA",142738,"/Date(1700810894000)/",5640,100,5361700,30147000000,-110,false,-1.91
"ITA",142738,"/Date(1700810893000)/",5630,100,5361600,30147000000,-120,true,-2.09
"ITA",142738,"/Date(1700810892000)/",5640,100,5361500,30146000000,-110,false,-1.91
"ITA",142731,"/Date(1700810888000)/",5640,700,5361400,30145000000,-110,false,-1.91
"ITA",142731,"/Date(1700810888000)/",5640,300,5360700,30141000000,-110,false,-1.91
"ITA",142718,"/Date(1700810875000)/",5630,1400,5360400,30140000000,-120,true,-2.09
"ITA",142718,"/Date(1700810874000)/",5630,10000,5359000,30132000000,-120,true,-2.09
"ITA",142715,"/Date(1700810870000)/",5630,4600,5349000,30076000000,-120,false,-2.09
"ITA",142715,"/Date(1700810870000)/",5630,1000,5344400,30050000000,-120,false,-2.09
"ITA",142715,"/Date(1700810870000)/",5620,4400,5343400,30044000000,-130,false,-2.26
"ITA",142712,"/Date(1700810868000)/",5620,1000,5339000,30019000000,-130,false,-2.26
"ITA",142659,"/Date(1700810854000)/",5600,100,5338000,30014000000,-150,true,-2.61
"ITA",142656,"/Date(1700810853000)/",5620,500,5337900,30013000000,-130,false,-2.26
"ITA",142640,"/Date(1700810834000)/",5620,200,5337400,30010000000,-130,false,-2.26
"ITA",142640,"/Date(1700810834000)/",5620,300,5337200,30009000000,-130,false,-2.26
"ITA",142640,"/Date(1700810834000)/",5620,1000,5336900,30008000000,-130,false,-2.26
"ITA",142640,"/Date(1700810834000)/",5620,1000,5335900,30002000000,-130,false,-2.26
"ITA",142630,"/Date(1700810826000)/",5600,2100,5334900,29996000000,-150,true,-2.61
"ITA",142630,"/Date(1700810826000)/",5600,4400,5332800,29985000000,-150,true,-2.61
"ITA",142630,"/Date(1700810826000)/",5600,10000,5328400,29960000000,-150,true,-2.61
"ITA",142630,"/Date(1700810826000)/",5600,200,5318400,29904000000,-150,true,-2.61
"ITA",142630,"/Date(1700810826000)/",5600,2000,5318200,29903000000,-150,true,-2.61
"ITA",142630,"/Date(1700810826000)/",5600,1300,5316200,29892000000,-150,true,-2.61
"ITA",142624,"/Date(1700810820000)/",5620,1000,5314900,29884000000,-130,false,-2.26
"ITA",142624,"/Date(1700810820000)/",5620,100,5313900,29879000000,-130,false,-2.26
"ITA",142624,"/Date(1700810819000)/",5600,700,5313800,29878000000,-150,true,-2.61
"ITA",142624,"/Date(1700810819000)/",5600,300,5313100,29874000000,-150,true,-2.61
"ITA",142618,"/Date(1700810814000)/",5620,300,5312800,29872000000,-130,false,-2.26
"ITA",142618,"/Date(1700810814000)/",5620,1000,5312500,29871000000,-130,false,-2.26
"ITA",142605,"/Date(1700810802000)/",5620,500,5311500,29865000000,-130,false,-2.26
"ITA",142558,"/Date(1700810795000)/",5620,100,5311000,29862000000,-130,false,-2.26
"ITA",142558,"/Date(1700810794000)/",5600,300,5310900,29862000000,-150,true,-2.61
"ITA",142558,"/Date(1700810792000)/",5620,500,5310600,29860000000,-130,false,-2.26
"ITA",142552,"/Date(1700810789000)/",5620,500,5310100,29857000000,-130,false,-2.26
"ITA",142552,"/Date(1700810789000)/",5620,500,5309600,29855000000,-130,false,-2.26
"ITA",142542,"/Date(1700810778000)/",5600,800,5309100,29852000000,-150,true,-2.61
"ITA",142533,"/Date(1700810767000)/",5600,200,5308300,29847000000,-150,true,-2.61
"ITA",142533,"/Date(1700810767000)/",5600,1000,5308100,29846000000,-150,true,-2.61
"ITA",142533,"/Date(1700810767000)/",5600,1600,5307100,29841000000,-150,true,-2.61
"ITA",142526,"/Date(1700810763000)/",5600,2000,5305500,29832000000,-150,false,-2.61
"ITA",142517,"/Date(1700810753000)/",5600,1400,5303500,29820000000,-150,false,-2.61
"ITA",142517,"/Date(1700810753000)/",5600,400,5302100,29813000000,-150,false,-2.61
"ITA",142514,"/Date(1700810750000)/",5600,200,5301700,29810000000,-150,false,-2.61
"ITA",142507,"/Date(1700810742000)/",5600,1000,5301500,29809000000,-150,false,-2.61
"ITA",142458,"/Date(1700810733000)/",5590,100,5300500,29804000000,-160,true,-2.78
"ITA",142451,"/Date(1700810728000)/",5590,1400,5300400,29803000000,-160,false,-2.78
"ITA",142448,"/Date(1700810725000)/",5590,100,5299000,29795000000,-160,true,-2.78
"ITA",142448,"/Date(1700810722000)/",5600,500,5298900,29795000000,-150,true,-2.61
"ITA",142448,"/Date(1700810722000)/",5600,100,5298400,29792000000,-150,true,-2.61
"ITA",142448,"/Date(1700810722000)/",5600,2400,5298300,29791000000,-150,true,-2.61
"ITA",142439,"/Date(1700810713000)/",5600,3000,5295900,29778000000,-150,false,-2.61
"ITA",142439,"/Date(1700810713000)/",5600,1900,5292900,29761000000,-150,false,-2.61
"ITA",142439,"/Date(1700810713000)/",5600,5100,5291000,29750000000,-150,false,-2.61
"ITA",142439,"/Date(1700810713000)/",5600,200,5285900,29722000000,-150,false,-2.61
"ITA",142439,"/Date(1700810713000)/",5600,200,5285700,29721000000,-150,false,-2.61
"ITA",142439,"/Date(1700810713000)/",5600,100,5285500,29720000000,-150,false,-2.61
"ITA",142439,"/Date(1700810713000)/",5600,4000,5285400,29719000000,-150,false,-2.61
"ITA",142439,"/Date(1700810713000)/",5600,300,5281400,29697000000,-150,false,-2.61
"ITA",142439,"/Date(1700810713000)/",5600,2500,5281100,29695000000,-150,false,-2.61
"ITA",142439,"/Date(1700810713000)/",5600,300,5278600,29681000000,-150,false,-2.61
"ITA",142432,"/Date(1700810708000)/",5600,100,5278300,29679000000,-150,false,-2.61
"ITA",142432,"/Date(1700810707000)/",5590,300,5278200,29679000000,-160,true,-2.78
"ITA",142432,"/Date(1700810707000)/",5590,600,5277900,29677000000,-160,true,-2.78
"ITA",142432,"/Date(1700810707000)/",5590,100,5277300,29674000000,-160,true,-2.78
"ITA",142432,"/Date(1700810707000)/",5590,100,5277200,29673000000,-160,true,-2.78
"ITA",142432,"/Date(1700810707000)/",5590,900,5277100,29673000000,-160,true,-2.78
"ITA",142426,"/Date(1700810703000)/",5590,100,5276200,29667000000,-160,true,-2.78
"ITA",142426,"/Date(1700810703000)/",5590,100,5276100,29667000000,-160,true,-2.78
"ITA",142416,"/Date(1700810693000)/",5590,200,5276000,29666000000,-160,true,-2.78
"ITA",142351,"/Date(1700810665000)/",5590,200,5275800,29665000000,-160,true,-2.78
"ITA",142351,"/Date(1700810665000)/",5590,200,5275600,29664000000,-160,true,-2.78
"ITA",142351,"/Date(1700810665000)/",5590,100,5275400,29663000000,-160,true,-2.78
"ITA",142341,"/Date(1700810656000)/",5600,2000,5275300,29662000000,-150,false,-2.61
"ITA",142331,"/Date(1700810648000)/",5600,2600,5273300,29651000000,-150,false,-2.61
"ITA",142331,"/Date(1700810648000)/",5600,1300,5270700,29637000000,-150,false,-2.61
"ITA",142331,"/Date(1700810648000)/",5600,1100,5269400,29629000000,-150,false,-2.61
"ITA",142331,"/Date(1700810646000)/",5590,200,5268300,29623000000,-160,true,-2.78
"ITA",142315,"/Date(1700810632000)/",5600,1600,5268100,29622000000,-150,false,-2.61
"ITA",142315,"/Date(1700810631000)/",5600,5000,5266500,29613000000,-150,false,-2.61
"ITA",142309,"/Date(1700810625000)/",5600,2000,5261500,29585000000,-150,false,-2.61
"ITA",142303,"/Date(1700810619000)/",5590,1900,5259500,29574000000,-160,true,-2.78
"ITA",142303,"/Date(1700810619000)/",5590,1000,5257600,29563000000,-160,true,-2.78
"ITA",142303,"/Date(1700810619000)/",5590,2000,5256600,29558000000,-160,true,-2.78
"ITA",142303,"/Date(1700810619000)/",5590,100,5254600,29547000000,-160,true,-2.78
"ITA",142303,"/Date(1700810618000)/",5600,1000,5254500,29546000000,-150,false,-2.61
"ITA",142303,"/Date(1700810617000)/",5600,3000,5253500,29540000000,-150,false,-2.61
"ITA",142256,"/Date(1700810612000)/",5600,100,5250500,29524000000,-150,false,-2.61
"ITA",142243,"/Date(1700810600000)/",5600,100,5250400,29523000000,-150,false,-2.61
"ITA",142240,"/Date(1700810596000)/",5590,700,5250300,29523000000,-160,true,-2.78
"ITA",142234,"/Date(1700810590000)/",5600,100,5249600,29519000000,-150,false,-2.61
"ITA",142221,"/Date(1700810577000)/",5600,500,5249500,29518000000,-150,false,-2.61
"ITA",142218,"/Date(1700810575000)/",5600,200,5249000,29515000000,-150,false,-2.61
"ITA",142218,"/Date(1700810574000)/",5600,100,5248800,29514000000,-150,false,-2.61
"ITA",142215,"/Date(1700810570000)/",5590,200,5248700,29514000000,-160,true,-2.78
"ITA",142212,"/Date(1700810565000)/",5600,200,5248500,29512000000,-150,false,-2.61
"ITA",142212,"/Date(1700810565000)/",5600,800,5248300,29511000000,-150,false,-2.61
"ITA",142152,"/Date(1700810548000)/",5570,1000,5247500,29507000000,-180,true,-3.13
"ITA",142152,"/Date(1700810548000)/",5580,500,5246500,29501000000,-170,false,-2.96
"ITA",142130,"/Date(1700810526000)/",5600,200,5246000,29498000000,-150,false,-2.61
"ITA",142127,"/Date(1700810522000)/",5570,800,5245800,29497000000,-180,true,-3.13
"ITA",142127,"/Date(1700810522000)/",5570,1700,5245000,29493000000,-180,true,-3.13
"ITA",142127,"/Date(1700810522000)/",5570,200,5243300,29483000000,-180,true,-3.13
"ITA",142127,"/Date(1700810522000)/",5570,2200,5243100,29482000000,-180,true,-3.13
"ITA",142124,"/Date(1700810520000)/",5580,4600,5240900,29470000000,-170,false,-2.96
"ITA",142124,"/Date(1700810520000)/",5580,5300,5236300,29444000000,-170,false,-2.96
"ITA",142124,"/Date(1700810520000)/",5580,18200,5231000,29415000000,-170,false,-2.96
"ITA",142124,"/Date(1700810519000)/",5580,100,5212800,29313000000,-170,false,-2.96
"ITA",142124,"/Date(1700810518000)/",5580,3000,5212700,29313000000,-170,false,-2.96
"ITA",142120,"/Date(1700810515000)/",5580,2000,5209700,29296000000,-170,false,-2.96
"ITA",142117,"/Date(1700810513000)/",5580,1000,5207700,29285000000,-170,false,-2.96
"ITA",142114,"/Date(1700810510000)/",5580,1000,5206700,29279000000,-170,true,-2.96
"ITA",142114,"/Date(1700810510000)/",5580,900,5205700,29274000000,-170,true,-2.96
"ITA",142114,"/Date(1700810510000)/",5580,100,5204800,29269000000,-170,true,-2.96
"ITA",142114,"/Date(1700810510000)/",5580,100,5204700,29268000000,-170,true,-2.96
"ITA",142101,"/Date(1700810497000)/",5580,400,5204600,29268000000,-170,true,-2.96
"ITA",142058,"/Date(1700810494000)/",5580,100,5204200,29265000000,-170,false,-2.96
"ITA",142058,"/Date(1700810494000)/",5580,100,5204100,29265000000,-170,false,-2.96
"ITA",142039,"/Date(1700810475000)/",5580,100,5204000,29264000000,-170,false,-2.96
"ITA",142020,"/Date(1700810454000)/",5580,100,5203900,29264000000,-170,false,-2.96
"ITA",142010,"/Date(1700810445000)/",5580,800,5203800,29263000000,-170,false,-2.96
"ITA",142003,"/Date(1700810440000)/",5570,1000,5203000,29259000000,-180,false,-3.13
"ITA",142003,"/Date(1700810440000)/",5570,2500,5202000,29253000000,-180,false,-3.13
"ITA",142003,"/Date(1700810439000)/",5570,600,5199500,29239000000,-180,false,-3.13
"ITA",142003,"/Date(1700810438000)/",5570,1000,5198900,29236000000,-180,false,-3.13
"ITA",141957,"/Date(1700810434000)/",5570,900,5197900,29230000000,-180,false,-3.13
"ITA",141957,"/Date(1700810434000)/",5570,100,5197000,29225000000,-180,false,-3.13
"ITA",141957,"/Date(1700810433000)/",5570,500,5196900,29225000000,-180,false,-3.13
"ITA",141948,"/Date(1700810424000)/",5560,100,5196400,29222000000,-190,true,-3.3
"ITA",141948,"/Date(1700810423000)/",5570,100,5196300,29221000000,-180,false,-3.13
"ITA",141948,"/Date(1700810421000)/",5570,500,5196200,29221000000,-180,false,-3.13
"ITA",141938,"/Date(1700810414000)/",5560,8800,5195700,29218000000,-190,true,-3.3
"ITA",141938,"/Date(1700810414000)/",5560,100,5186900,29169000000,-190,true,-3.3
"ITA",141938,"/Date(1700810414000)/",5560,200,5186800,29168000000,-190,true,-3.3
"ITA",141938,"/Date(1700810414000)/",5560,900,5186600,29167000000,-190,true,-3.3
"ITA",141932,"/Date(1700810406000)/",5570,6200,5185700,29162000000,-180,false,-3.13
"ITA",141928,"/Date(1700810402000)/",5560,1100,5179500,29128000000,-190,true,-3.3
"ITA",141928,"/Date(1700810402000)/",5560,500,5178400,29122000000,-190,true,-3.3
"ITA",141928,"/Date(1700810402000)/",5560,2000,5177900,29119000000,-190,true,-3.3
"ITA",141928,"/Date(1700810402000)/",5560,500,5175900,29108000000,-190,true,-3.3
"ITA",141928,"/Date(1700810402000)/",5560,900,5175400,29105000000,-190,true,-3.3
"ITA",141928,"/Date(1700810402000)/",5570,400,5174500,29100000000,-180,false,-3.13
"ITA",141922,"/Date(1700810396000)/",5570,10000,5174100,29098000000,-180,false,-3.13
"ITA",141909,"/Date(1700810386000)/",5560,8000,5164100,29042000000,-190,true,-3.3
"ITA",141906,"/Date(1700810382000)/",5570,3000,5156100,28998000000,-180,false,-3.13
"ITA",141906,"/Date(1700810381000)/",5570,100,5153100,28981000000,-180,false,-3.13
"ITA",141903,"/Date(1700810378000)/",5570,100,5153000,28980000000,-180,false,-3.13
"ITA",141856,"/Date(1700810372000)/",5570,100,5152900,28980000000,-180,false,-3.13
"ITA",141853,"/Date(1700810369000)/",5570,500,5152800,28979000000,-180,false,-3.13
"ITA",141853,"/Date(1700810369000)/",5570,5000,5152300,28976000000,-180,false,-3.13
"ITA",141853,"/Date(1700810368000)/",5570,100,5147300,28949000000,-180,false,-3.13
"ITA",141853,"/Date(1700810367000)/",5570,1500,5147200,28948000000,-180,false,-3.13
"ITA",141843,"/Date(1700810358000)/",5570,4000,5145700,28940000000,-180,false,-3.13
"ITA",141837,"/Date(1700810351000)/",5570,100,5141700,28917000000,-180,false,-3.13
"ITA",141834,"/Date(1700810348000)/",5570,200,5141600,28917000000,-180,false,-3.13
"ITA",141827,"/Date(1700810343000)/",5570,1000,5141400,28916000000,-180,false,-3.13
"ITA",141824,"/Date(1700810338000)/",5570,1000,5140400,28910000000,-180,false,-3.13
"ITA",141821,"/Date(1700810335000)/",5570,1000,5139400,28905000000,-180,false,-3.13
"ITA",141815,"/Date(1700810330000)/",5570,2000,5138400,28899000000,-180,false,-3.13
"ITA",141802,"/Date(1700810318000)/",5570,4400,5136400,28888000000,-180,false,-3.13
"ITA",141802,"/Date(1700810317000)/",5570,100,5132000,28863000000,-180,false,-3.13
"ITA",141802,"/Date(1700810315000)/",5570,12000,5131900,28863000000,-180,false,-3.13
"ITA",141802,"/Date(1700810315000)/",5570,8000,5119900,28796000000,-180,false,-3.13
"ITA",141802,"/Date(1700810315000)/",5570,100,5111900,28751000000,-180,false,-3.13
"ITA",141755,"/Date(1700810310000)/",5570,100,5111800,28751000000,-180,false,-3.13
"ITA",141746,"/Date(1700810302000)/",5570,500,5111700,28750000000,-180,false,-3.13
"ITA",141736,"/Date(1700810290000)/",5570,1300,5111200,28747000000,-180,false,-3.13
"ITA",141730,"/Date(1700810284000)/",5560,400,5109900,28740000000,-190,false,-3.3
"ITA",141730,"/Date(1700810284000)/",5560,100,5109500,28738000000,-190,false,-3.3
"ITA",141730,"/Date(1700810284000)/",5560,600,5109400,28737000000,-190,false,-3.3
"ITA",141727,"/Date(1700810280000)/",5560,7400,5108800,28734000000,-190,false,-3.3
"ITA",141723,"/Date(1700810280000)/",5550,800,5101400,28693000000,-200,true,-3.48
"ITA",141723,"/Date(1700810279000)/",5560,5000,5100600,28689000000,-190,false,-3.3
"ITA",141720,"/Date(1700810276000)/",5560,5000,5095600,28661000000,-190,false,-3.3
"ITA",141714,"/Date(1700810269000)/",5560,1900,5090600,28633000000,-190,false,-3.3
"ITA",141714,"/Date(1700810269000)/",5560,100,5088700,28622000000,-190,false,-3.3
"ITA",141711,"/Date(1700810265000)/",5550,4000,5088600,28622000000,-200,true,-3.48
"ITA",141707,"/Date(1700810263000)/",5550,5000,5084600,28600000000,-200,true,-3.48
"ITA",141704,"/Date(1700810258000)/",5550,100,5079600,28572000000,-200,false,-3.48
"ITA",141701,"/Date(1700810255000)/",5550,400,5079500,28571000000,-200,false,-3.48
"ITA",141701,"/Date(1700810255000)/",5540,600,5079100,28569000000,-210,false,-3.65
"ITA",141701,"/Date(1700810255000)/",5540,3000,5078500,28566000000,-210,false,-3.65
"ITA",141701,"/Date(1700810255000)/",5540,1000,5075500,28549000000,-210,false,-3.65
"ITA",141658,"/Date(1700810251000)/",5540,1000,5074500,28544000000,-210,false,-3.65
"ITA",141655,"/Date(1700810249000)/",5540,1000,5073500,28538000000,-210,false,-3.65
"ITA",141651,"/Date(1700810245000)/",5540,300,5072500,28533000000,-210,true,-3.65
"ITA",141651,"/Date(1700810245000)/",5540,500,5072200,28531000000,-210,true,-3.65
"ITA",141651,"/Date(1700810245000)/",5540,2200,5071700,28528000000,-210,true,-3.65
"ITA",141648,"/Date(1700810244000)/",5550,100,5069500,28516000000,-200,false,-3.48
"ITA",141648,"/Date(1700810244000)/",5550,200,5069400,28515000000,-200,false,-3.48
"ITA",141648,"/Date(1700810244000)/",5550,700,5069200,28514000000,-200,false,-3.48
"ITA",141648,"/Date(1700810243000)/",5550,200,5068500,28510000000,-200,false,-3.48
"ITA",141645,"/Date(1700810241000)/",5550,100,5068300,28509000000,-200,false,-3.48
"ITA",141645,"/Date(1700810241000)/",5550,4900,5068200,28509000000,-200,false,-3.48
"ITA",141635,"/Date(1700810231000)/",5550,100,5063300,28482000000,-200,false,-3.48
"ITA",141623,"/Date(1700810218000)/",5540,500,5063200,28481000000,-210,false,-3.65
"ITA",141623,"/Date(1700810218000)/",5540,4500,5062700,28478000000,-210,false,-3.65
"ITA",141623,"/Date(1700810218000)/",5540,2000,5058200,28453000000,-210,false,-3.65
"ITA",141623,"/Date(1700810218000)/",5530,800,5056200,28442000000,-220,false,-3.83
"ITA",141616,"/Date(1700810212000)/",5530,300,5055400,28438000000,-220,false,-3.83
"ITA",141613,"/Date(1700810208000)/",5530,100,5055100,28436000000,-220,true,-3.83
"ITA",141613,"/Date(1700810208000)/",5530,600,5055000,28436000000,-220,true,-3.83
"ITA",141613,"/Date(1700810208000)/",5530,1200,5054400,28432000000,-220,true,-3.83
"ITA",141607,"/Date(1700810202000)/",5530,800,5053200,28426000000,-220,true,-3.83
"ITA",141607,"/Date(1700810202000)/",5530,200,5052400,28421000000,-220,true,-3.83
"ITA",141607,"/Date(1700810201000)/",5530,3000,5052200,28420000000,-220,true,-3.83
"ITA",141557,"/Date(1700810192000)/",5530,600,5049200,28403000000,-220,true,-3.83
"ITA",141557,"/Date(1700810191000)/",5530,1000,5048600,28400000000,-220,true,-3.83
"ITA",141554,"/Date(1700810188000)/",5530,200,5047600,28395000000,-220,true,-3.83
"ITA",141554,"/Date(1700810188000)/",5530,100,5047400,28394000000,-220,true,-3.83
"ITA",141544,"/Date(1700810179000)/",5530,600,5047300,28393000000,-220,true,-3.83
"ITA",141541,"/Date(1700810176000)/",5530,1400,5046700,28390000000,-220,true,-3.83
"ITA",141518,"/Date(1700810152000)/",5520,500,5045300,28382000000,-230,true,-4
"ITA",141512,"/Date(1700810145000)/",5520,1000,5044800,28379000000,-230,true,-4
"ITA",141509,"/Date(1700810143000)/",5520,500,5043800,28374000000,-230,true,-4
"ITA",141502,"/Date(1700810136000)/",5520,800,5043300,28371000000,-230,true,-4
"ITA",141502,"/Date(1700810136000)/",5520,500,5042500,28366000000,-230,true,-4
"ITA",141502,"/Date(1700810136000)/",5520,2000,5042000,28364000000,-230,true,-4
"ITA",141502,"/Date(1700810136000)/",5520,100,5040000,28353000000,-230,true,-4
"ITA",141459,"/Date(1700810132000)/",5550,2000,5039900,28352000000,-200,false,-3.48
"ITA",141459,"/Date(1700810132000)/",5540,3000,5037900,28341000000,-210,false,-3.65
"ITA",141456,"/Date(1700810131000)/",5520,300,5034900,28324000000,-230,true,-4
"ITA",141450,"/Date(1700810125000)/",5520,9600,5034600,28323000000,-230,true,-4
"ITA",141450,"/Date(1700810125000)/",5520,200,5025000,28270000000,-230,true,-4
"ITA",141450,"/Date(1700810125000)/",5520,3000,5024800,28269000000,-230,true,-4
"ITA",141450,"/Date(1700810125000)/",5520,200,5021800,28252000000,-230,true,-4
"ITA",141450,"/Date(1700810125000)/",5520,1000,5021600,28251000000,-230,true,-4
"ITA",141450,"/Date(1700810125000)/",5520,200,5020600,28245000000,-230,true,-4
"ITA",141450,"/Date(1700810125000)/",5530,200,5020400,28244000000,-220,false,-3.83
"ITA",141450,"/Date(1700810125000)/",5530,200,5020200,28243000000,-220,false,-3.83
"ITA",141450,"/Date(1700810125000)/",5530,1000,5020000,28242000000,-220,false,-3.83
"ITA",141450,"/Date(1700810125000)/",5540,1000,5019000,28237000000,-210,false,-3.65
"ITA",141450,"/Date(1700810125000)/",5540,8000,5018000,28231000000,-210,false,-3.65
"ITA",141450,"/Date(1700810125000)/",5540,1000,5010000,28187000000,-210,false,-3.65
"ITA",141450,"/Date(1700810125000)/",5540,200,5009000,28181000000,-210,false,-3.65
"ITA",141450,"/Date(1700810125000)/",5540,100,5008800,28180000000,-210,false,-3.65
"ITA",141450,"/Date(1700810125000)/",5540,900,5008700,28180000000,-210,false,-3.65
"ITA",141450,"/Date(1700810125000)/",5540,200,5007800,28175000000,-210,false,-3.65
"ITA",141450,"/Date(1700810125000)/",5540,3000,5007600,28173000000,-210,false,-3.65
"ITA",141440,"/Date(1700810115000)/",5550,100,5004600,28157000000,-200,true,-3.48
"ITA",141440,"/Date(1700810115000)/",5550,900,5004500,28156000000,-200,true,-3.48
"ITA",141440,"/Date(1700810115000)/",5550,100,5003600,28151000000,-200,true,-3.48
"ITA",141440,"/Date(1700810115000)/",5550,1000,5003500,28151000000,-200,true,-3.48
"ITA",141437,"/Date(1700810112000)/",5550,4000,5002500,28145000000,-200,true,-3.48
"ITA",141437,"/Date(1700810112000)/",5550,500,4998500,28123000000,-200,true,-3.48
"ITA",141437,"/Date(1700810112000)/",5550,500,4998000,28120000000,-200,true,-3.48
"ITA",141437,"/Date(1700810112000)/",5550,1500,4997500,28117000000,-200,true,-3.48
"ITA",141437,"/Date(1700810112000)/",5550,100,4996000,28109000000,-200,true,-3.48
"ITA",141437,"/Date(1700810112000)/",5550,400,4995900,28109000000,-200,true,-3.48
"ITA",141437,"/Date(1700810111000)/",5550,100,4995500,28106000000,-200,true,-3.48
"ITA",141437,"/Date(1700810111000)/",5550,100,4995400,28106000000,-200,true,-3.48
"ITA",141437,"/Date(1700810111000)/",5550,2800,4995300,28105000000,-200,true,-3.48
"ITA",141437,"/Date(1700810111000)/",5550,200,4992500,28090000000,-200,true,-3.48
"ITA",141437,"/Date(1700810111000)/",5550,10000,4992300,28089000000,-200,true,-3.48
"ITA",141437,"/Date(1700810111000)/",5550,4000,4982300,28033000000,-200,true,-3.48
"ITA",141437,"/Date(1700810111000)/",5550,300,4978300,28011000000,-200,true,-3.48
"ITA",141437,"/Date(1700810111000)/",5550,400,4978000,28009000000,-200,true,-3.48
"ITA",141437,"/Date(1700810111000)/",5550,400,4977600,28007000000,-200,true,-3.48
"ITA",141437,"/Date(1700810111000)/",5550,1000,4977200,28005000000,-200,true,-3.48
"ITA",141437,"/Date(1700810111000)/",5550,1000,4976200,27999000000,-200,true,-3.48
"ITA",141437,"/Date(1700810111000)/",5550,1500,4975200,27994000000,-200,true,-3.48
"ITA",141437,"/Date(1700810111000)/",5550,400,4973700,27985000000,-200,true,-3.48
"ITA",141437,"/Date(1700810111000)/",5550,10000,4973300,27983000000,-200,true,-3.48
"ITA",141437,"/Date(1700810111000)/",5550,1000,4963300,27928000000,-200,true,-3.48
"ITA",141437,"/Date(1700810111000)/",5550,6000,4962300,27922000000,-200,true,-3.48
"ITA",141437,"/Date(1700810111000)/",5550,2000,4956300,27889000000,-200,true,-3.48
"ITA",141437,"/Date(1700810111000)/",5550,200,4954300,27878000000,-200,true,-3.48
"ITA",141437,"/Date(1700810111000)/",5550,200,4954100,27877000000,-200,true,-3.48
"ITA",141437,"/Date(1700810111000)/",5550,1000,4953900,27875000000,-200,true,-3.48
"ITA",141437,"/Date(1700810111000)/",5550,5000,4952900,27870000000,-200,true,-3.48
"ITA",141437,"/Date(1700810111000)/",5550,100,4947900,27842000000,-200,true,-3.48
"ITA",141437,"/Date(1700810111000)/",5550,1000,4947800,27842000000,-200,true,-3.48
"ITA",141437,"/Date(1700810111000)/",5550,5000,4946800,27836000000,-200,true,-3.48
"ITA",141437,"/Date(1700810111000)/",5550,200,4941800,27808000000,-200,true,-3.48
"ITA",141437,"/Date(1700810111000)/",5550,700,4941600,27807000000,-200,true,-3.48
"ITA",141437,"/Date(1700810111000)/",5550,5000,4940900,27803000000,-200,true,-3.48
"ITA",141437,"/Date(1700810111000)/",5550,200,4935900,27776000000,-200,true,-3.48
"ITA",141437,"/Date(1700810111000)/",5550,100,4935700,27774000000,-200,true,-3.48
"ITA",141437,"/Date(1700810111000)/",5550,1100,4935600,27774000000,-200,true,-3.48
"ITA",141437,"/Date(1700810111000)/",5550,100,4934500,27768000000,-200,true,-3.48
"ITA",141437,"/Date(1700810111000)/",5550,10000,4934400,27767000000,-200,true,-3.48
"ITA",141437,"/Date(1700810111000)/",5550,5000,4924400,27712000000,-200,true,-3.48
"ITA",141437,"/Date(1700810111000)/",5550,100,4919400,27684000000,-200,true,-3.48
"ITA",141437,"/Date(1700810111000)/",5550,1000,4919300,27683000000,-200,true,-3.48
"ITA",141437,"/Date(1700810111000)/",5550,3000,4918300,27678000000,-200,true,-3.48
"ITA",141437,"/Date(1700810111000)/",5550,100,4915300,27661000000,-200,true,-3.48
"ITA",141437,"/Date(1700810111000)/",5550,500,4915200,27661000000,-200,true,-3.48
"ITA",141437,"/Date(1700810111000)/",5550,200,4914700,27658000000,-200,true,-3.48
"ITA",141437,"/Date(1700810111000)/",5550,2000,4914500,27657000000,-200,true,-3.48
"ITA",141437,"/Date(1700810111000)/",5550,15000,4912500,27646000000,-200,true,-3.48
"ITA",141437,"/Date(1700810111000)/",5550,1000,4897500,27562000000,-200,true,-3.48
"ITA",141437,"/Date(1700810111000)/",5550,100,4896500,27557000000,-200,true,-3.48
"ITA",141437,"/Date(1700810111000)/",5550,500,4896400,27556000000,-200,true,-3.48
"ITA",141437,"/Date(1700810111000)/",5550,200,4895900,27554000000,-200,true,-3.48
"ITA",141437,"/Date(1700810111000)/",5550,100,4895700,27552000000,-200,true,-3.48
"ITA",141437,"/Date(1700810111000)/",5550,200,4895600,27552000000,-200,true,-3.48
"ITA",141434,"/Date(1700810110000)/",5560,500,4895400,27551000000,-190,false,-3.3
"ITA",141430,"/Date(1700810106000)/",5550,10000,4894900,27548000000,-200,true,-3.48
"ITA",141430,"/Date(1700810105000)/",5550,1000,4884900,27492000000,-200,true,-3.48
"ITA",141430,"/Date(1700810104000)/",5550,18800,4883900,27487000000,-200,true,-3.48
"ITA",141430,"/Date(1700810104000)/",5550,500,4865100,27383000000,-200,true,-3.48
"ITA",141430,"/Date(1700810104000)/",5550,1000,4864600,27380000000,-200,true,-3.48
"ITA",141430,"/Date(1700810104000)/",5550,100,4863600,27374000000,-200,true,-3.48
"ITA",141430,"/Date(1700810104000)/",5550,100,4863500,27374000000,-200,true,-3.48
"ITA",141430,"/Date(1700810104000)/",5550,200,4863400,27373000000,-200,true,-3.48
"ITA",141430,"/Date(1700810104000)/",5550,300,4863200,27372000000,-200,true,-3.48
"ITA",141430,"/Date(1700810104000)/",5550,1000,4862900,27370000000,-200,true,-3.48
"ITA",141430,"/Date(1700810104000)/",5550,100,4861900,27365000000,-200,true,-3.48
"ITA",141430,"/Date(1700810104000)/",5550,1000,4861800,27364000000,-200,true,-3.48
"ITA",141430,"/Date(1700810104000)/",5550,400,4860800,27359000000,-200,true,-3.48
"ITA",141430,"/Date(1700810104000)/",5550,500,4860400,27357000000,-200,true,-3.48
"ITA",141430,"/Date(1700810104000)/",5550,300,4859900,27354000000,-200,true,-3.48
"ITA",141430,"/Date(1700810104000)/",5550,100,4859600,27352000000,-200,true,-3.48
"ITA",141430,"/Date(1700810104000)/",5550,1000,4859500,27352000000,-200,true,-3.48
"ITA",141430,"/Date(1700810104000)/",5550,100,4858500,27346000000,-200,true,-3.48
"ITA",141430,"/Date(1700810104000)/",5550,500,4858400,27345000000,-200,true,-3.48
"ITA",141430,"/Date(1700810104000)/",5550,5000,4857900,27343000000,-200,true,-3.48
"ITA",141430,"/Date(1700810104000)/",5550,2000,4852900,27315000000,-200,true,-3.48
"ITA",141430,"/Date(1700810104000)/",5550,1200,4850900,27304000000,-200,true,-3.48
"ITA",141430,"/Date(1700810104000)/",5550,5000,4849700,27297000000,-200,true,-3.48
"ITA",141430,"/Date(1700810104000)/",5550,16800,4844700,27269000000,-200,true,-3.48
"ITA",141421,"/Date(1700810096000)/",5550,4000,4827900,27176000000,-200,true,-3.48
"ITA",141418,"/Date(1700810093000)/",5550,100,4823900,27154000000,-200,true,-3.48
"ITA",141411,"/Date(1700810086000)/",5550,2000,4823800,27153000000,-200,true,-3.48
"ITA",141405,"/Date(1700810079000)/",5550,7100,4821800,27142000000,-200,true,-3.48
"ITA",141405,"/Date(1700810079000)/",5550,2900,4814700,27103000000,-200,true,-3.48
"ITA",141405,"/Date(1700810077000)/",5560,300,4811800,27087000000,-190,false,-3.3
"ITA",141405,"/Date(1700810076000)/",5560,2000,4811500,27085000000,-190,false,-3.3
"ITA",141352,"/Date(1700810063000)/",5560,600,4809500,27074000000,-190,true,-3.3
"ITA",141349,"/Date(1700810060000)/",5560,1400,4808900,27071000000,-190,true,-3.3
"ITA",141349,"/Date(1700810060000)/",5560,100,4807500,27063000000,-190,true,-3.3
"ITA",141349,"/Date(1700810060000)/",5560,2000,4807400,27062000000,-190,true,-3.3
"ITA",141349,"/Date(1700810060000)/",5560,5000,4805400,27051000000,-190,true,-3.3
"ITA",141349,"/Date(1700810060000)/",5560,50000,4800400,27023000000,-190,true,-3.3
"ITA",141349,"/Date(1700810060000)/",5560,1500,4750400,26745000000,-190,true,-3.3
"ITA",141339,"/Date(1700810053000)/",5560,3500,4748900,26737000000,-190,true,-3.3
"ITA",141339,"/Date(1700810053000)/",5560,1000,4745400,26718000000,-190,true,-3.3
"ITA",141339,"/Date(1700810053000)/",5560,3500,4744400,26712000000,-190,true,-3.3
"ITA",141336,"/Date(1700810050000)/",5560,8100,4740900,26693000000,-190,true,-3.3
"ITA",141336,"/Date(1700810050000)/",5560,200,4732800,26648000000,-190,true,-3.3
"ITA",141336,"/Date(1700810050000)/",5560,1200,4732600,26646000000,-190,true,-3.3
"ITA",141336,"/Date(1700810050000)/",5560,900,4731400,26640000000,-190,true,-3.3
"ITA",141333,"/Date(1700810049000)/",5560,300,4730500,26635000000,-190,true,-3.3
"ITA",141333,"/Date(1700810049000)/",5560,2000,4730200,26633000000,-190,true,-3.3
"ITA",141333,"/Date(1700810049000)/",5560,2000,4728200,26622000000,-190,true,-3.3
"ITA",141333,"/Date(1700810049000)/",5560,800,4726200,26611000000,-190,true,-3.3
"ITA",141333,"/Date(1700810049000)/",5560,900,4725400,26606000000,-190,true,-3.3
"ITA",141333,"/Date(1700810047000)/",5560,300,4724500,26601000000,-190,true,-3.3
"ITA",141333,"/Date(1700810047000)/",5560,3000,4724200,26600000000,-190,true,-3.3
"ITA",141333,"/Date(1700810047000)/",5560,700,4721200,26583000000,-190,true,-3.3
"ITA",141317,"/Date(1700810032000)/",5570,200,4720500,26579000000,-180,true,-3.13
"ITA",141317,"/Date(1700810032000)/",5570,200,4720300,26578000000,-180,true,-3.13
"ITA",141307,"/Date(1700810022000)/",5570,300,4720100,26577000000,-180,false,-3.13
"ITA",141307,"/Date(1700810022000)/",5570,500,4719800,26575000000,-180,false,-3.13
"ITA",141251,"/Date(1700810006000)/",5570,500,4719300,26572000000,-180,true,-3.13
"ITA",141248,"/Date(1700810002000)/",5560,300,4718800,26570000000,-190,true,-3.3
"ITA",141248,"/Date(1700810002000)/",5560,100,4718500,26568000000,-190,true,-3.3
"ITA",141248,"/Date(1700810002000)/",5560,500,4718400,26567000000,-190,true,-3.3
"ITA",141248,"/Date(1700810002000)/",5560,30000,4717900,26565000000,-190,true,-3.3
"ITA",141248,"/Date(1700810002000)/",5560,1000,4687900,26398000000,-190,true,-3.3
"ITA",141248,"/Date(1700810002000)/",5560,500,4686900,26392000000,-190,true,-3.3
"ITA",141248,"/Date(1700810002000)/",5560,200,4686400,26390000000,-190,true,-3.3
"ITA",141248,"/Date(1700810002000)/",5560,1000,4686200,26388000000,-190,true,-3.3
"ITA",141248,"/Date(1700810002000)/",5560,2000,4685200,26383000000,-190,true,-3.3
"ITA",141248,"/Date(1700810002000)/",5560,2000,4683200,26372000000,-190,true,-3.3
"ITA",141248,"/Date(1700810002000)/",5560,5000,4681200,26361000000,-190,true,-3.3
"ITA",141248,"/Date(1700810002000)/",5560,1000,4676200,26333000000,-190,true,-3.3
"ITA",141248,"/Date(1700810002000)/",5560,100,4675200,26327000000,-190,true,-3.3
"ITA",141248,"/Date(1700810002000)/",5560,1000,4675100,26327000000,-190,true,-3.3
"ITA",141248,"/Date(1700810002000)/",5560,100,4674100,26321000000,-190,true,-3.3
"ITA",141248,"/Date(1700810002000)/",5560,4300,4674000,26321000000,-190,true,-3.3
"ITA",141248,"/Date(1700810002000)/",5560,2300,4669700,26297000000,-190,true,-3.3
"ITA",141248,"/Date(1700810002000)/",5570,10000,4667400,26284000000,-180,true,-3.13
"ITA",141248,"/Date(1700810002000)/",5570,1000,4657400,26228000000,-180,true,-3.13
"ITA",141248,"/Date(1700810002000)/",5570,1000,4656400,26223000000,-180,true,-3.13
"ITA",141248,"/Date(1700810002000)/",5570,5600,4655400,26217000000,-180,true,-3.13
"ITA",141248,"/Date(1700810002000)/",5570,1000,4649800,26186000000,-180,true,-3.13
"ITA",141244,"/Date(1700809999000)/",5570,1000,4648800,26180000000,-180,true,-3.13
"ITA",141244,"/Date(1700809998000)/",5570,2000,4647800,26175000000,-180,true,-3.13
"ITA",141241,"/Date(1700809997000)/",5570,400,4645800,26164000000,-180,true,-3.13
"ITA",141241,"/Date(1700809997000)/",5570,100,4645400,26161000000,-180,true,-3.13
"ITA",141241,"/Date(1700809997000)/",5570,100,4645300,26161000000,-180,true,-3.13
"ITA",141241,"/Date(1700809997000)/",5570,200,4645200,26160000000,-180,true,-3.13
"ITA",141241,"/Date(1700809997000)/",5570,7200,4645000,26159000000,-180,true,-3.13
"ITA",141241,"/Date(1700809995000)/",5570,4700,4637800,26119000000,-180,true,-3.13
"ITA",141241,"/Date(1700809994000)/",5570,1500,4633100,26093000000,-180,true,-3.13
"ITA",141238,"/Date(1700809992000)/",5570,3000,4631600,26084000000,-180,true,-3.13
"ITA",141238,"/Date(1700809991000)/",5570,8000,4628600,26068000000,-180,true,-3.13
"ITA",141231,"/Date(1700809985000)/",5570,3000,4620600,26023000000,-180,true,-3.13
"ITA",141231,"/Date(1700809985000)/",5570,10000,4617600,26007000000,-180,true,-3.13
"ITA",141228,"/Date(1700809982000)/",5570,6000,4607600,25951000000,-180,true,-3.13
"ITA",141228,"/Date(1700809982000)/",5570,6600,4601600,25917000000,-180,true,-3.13
"ITA",141228,"/Date(1700809982000)/",5570,1000,4595000,25881000000,-180,true,-3.13
"ITA",141225,"/Date(1700809980000)/",5570,9000,4594000,25875000000,-180,true,-3.13
"ITA",141222,"/Date(1700809977000)/",5570,4100,4585000,25825000000,-180,true,-3.13
"ITA",141222,"/Date(1700809977000)/",5570,100,4580900,25802000000,-180,true,-3.13
"ITA",141222,"/Date(1700809977000)/",5570,100,4580800,25802000000,-180,true,-3.13
"ITA",141222,"/Date(1700809977000)/",5570,100,4580700,25801000000,-180,true,-3.13
"ITA",141222,"/Date(1700809977000)/",5570,2000,4580600,25800000000,-180,true,-3.13
"ITA",141222,"/Date(1700809977000)/",5570,100,4578600,25789000000,-180,true,-3.13
"ITA",141222,"/Date(1700809977000)/",5570,3000,4578500,25789000000,-180,true,-3.13
"ITA",141222,"/Date(1700809977000)/",5570,500,4575500,25772000000,-180,true,-3.13
"ITA",141219,"/Date(1700809973000)/",5570,500,4575000,25769000000,-180,true,-3.13
"ITA",141219,"/Date(1700809973000)/",5570,1600,4574500,25766000000,-180,true,-3.13
"ITA",141219,"/Date(1700809972000)/",5570,100,4572900,25758000000,-180,true,-3.13
"ITA",141215,"/Date(1700809970000)/",5570,1000,4572800,25757000000,-180,true,-3.13
"ITA",141212,"/Date(1700809967000)/",5570,2000,4571800,25751000000,-180,true,-3.13
"ITA",141206,"/Date(1700809961000)/",5570,2000,4569800,25740000000,-180,true,-3.13
"ITA",141156,"/Date(1700809952000)/",5570,2700,4567800,25729000000,-180,true,-3.13
"ITA",141156,"/Date(1700809952000)/",5570,1400,4565100,25714000000,-180,true,-3.13
"ITA",141156,"/Date(1700809950000)/",5570,600,4563700,25706000000,-180,true,-3.13
"ITA",141156,"/Date(1700809950000)/",5570,1000,4563100,25703000000,-180,true,-3.13
"ITA",141156,"/Date(1700809950000)/",5570,400,4562100,25697000000,-180,true,-3.13
"ITA",141150,"/Date(1700809943000)/",5570,4600,4561700,25695000000,-180,true,-3.13
"ITA",141150,"/Date(1700809943000)/",5570,400,4557100,25670000000,-180,true,-3.13
"ITA",141127,"/Date(1700809920000)/",5570,600,4556700,25667000000,-180,true,-3.13
"ITA",141127,"/Date(1700809920000)/",5570,500,4556100,25664000000,-180,true,-3.13
"ITA",141127,"/Date(1700809920000)/",5580,1000,4555600,25661000000,-170,true,-2.96
"ITA",141127,"/Date(1700809920000)/",5580,100,4554600,25656000000,-170,true,-2.96
"ITA",141127,"/Date(1700809920000)/",5580,100,4554500,25655000000,-170,true,-2.96
"ITA",141127,"/Date(1700809920000)/",5580,20000,4554400,25654000000,-170,true,-2.96
"ITA",141127,"/Date(1700809920000)/",5580,300,4534400,25543000000,-170,true,-2.96
"ITA",141127,"/Date(1700809920000)/",5580,1000,4534100,25541000000,-170,true,-2.96
"ITA",141127,"/Date(1700809920000)/",5580,100,4533100,25536000000,-170,true,-2.96
"ITA",141127,"/Date(1700809920000)/",5580,100,4533000,25535000000,-170,true,-2.96
"ITA",141127,"/Date(1700809920000)/",5580,1100,4532900,25535000000,-170,true,-2.96
"ITA",141127,"/Date(1700809920000)/",5590,100,4531800,25528000000,-160,true,-2.78
"ITA",141124,"/Date(1700809918000)/",5580,3800,4531700,25528000000,-170,true,-2.96
"ITA",141124,"/Date(1700809918000)/",5580,100,4527900,25507000000,-170,true,-2.96
"ITA",141124,"/Date(1700809918000)/",5590,100,4527800,25506000000,-160,true,-2.78
"ITA",141052,"/Date(1700809887000)/",5590,100,4527700,25505000000,-160,true,-2.78
"ITA",141001,"/Date(1700809834000)/",5590,600,4527600,25505000000,-160,false,-2.78
"ITA",140945,"/Date(1700809818000)/",5580,500,4527000,25502000000,-170,false,-2.96
"ITA",140945,"/Date(1700809818000)/",5580,1000,4526500,25499000000,-170,false,-2.96
"ITA",140945,"/Date(1700809818000)/",5570,2000,4525500,25493000000,-180,true,-3.13
"ITA",140942,"/Date(1700809818000)/",5580,100,4523500,25482000000,-170,false,-2.96
"ITA",140942,"/Date(1700809817000)/",5580,900,4523400,25482000000,-170,false,-2.96
"ITA",140942,"/Date(1700809817000)/",5580,100,4522500,25476000000,-170,false,-2.96
"ITA",140942,"/Date(1700809817000)/",5580,1000,4522400,25476000000,-170,false,-2.96
"ITA",140935,"/Date(1700809811000)/",5580,100,4521400,25470000000,-170,false,-2.96
"ITA",140932,"/Date(1700809807000)/",5580,100,4521300,25470000000,-170,false,-2.96
"ITA",140926,"/Date(1700809800000)/",5580,4000,4521200,25469000000,-170,false,-2.96
"ITA",140926,"/Date(1700809799000)/",5580,100,4517200,25447000000,-170,false,-2.96
"ITA",140913,"/Date(1700809788000)/",5570,2500,4517100,25446000000,-180,true,-3.13
"ITA",140913,"/Date(1700809788000)/",5570,400,4514600,25432000000,-180,true,-3.13
"ITA",140913,"/Date(1700809788000)/",5570,3900,4514200,25430000000,-180,true,-3.13
"ITA",140900,"/Date(1700809774000)/",5580,1600,4510300,25408000000,-170,false,-2.96
"ITA",140900,"/Date(1700809774000)/",5580,3400,4508700,25400000000,-170,false,-2.96
"ITA",140851,"/Date(1700809766000)/",5580,1000,4505300,25381000000,-170,false,-2.96
"ITA",140851,"/Date(1700809764000)/",5580,2000,4504300,25375000000,-170,false,-2.96
"ITA",140848,"/Date(1700809762000)/",5580,200,4502300,25364000000,-170,false,-2.96
"ITA",140845,"/Date(1700809760000)/",5570,1100,4502100,25363000000,-180,true,-3.13
"ITA",140845,"/Date(1700809760000)/",5570,700,4501000,25357000000,-180,true,-3.13
"ITA",140829,"/Date(1700809743000)/",5580,2000,4500300,25353000000,-170,false,-2.96
"ITA",140825,"/Date(1700809741000)/",5570,100,4498300,25342000000,-180,true,-3.13
"ITA",140803,"/Date(1700809717000)/",5580,100,4498200,25341000000,-170,false,-2.96
"ITA",140803,"/Date(1700809716000)/",5570,4200,4498100,25340000000,-180,true,-3.13
"ITA",140803,"/Date(1700809716000)/",5570,100,4493900,25317000000,-180,true,-3.13
"ITA",140757,"/Date(1700809710000)/",5580,2300,4493800,25316000000,-170,false,-2.96
"ITA",140750,"/Date(1700809703000)/",5580,1000,4491500,25304000000,-170,false,-2.96
"ITA",140741,"/Date(1700809693000)/",5580,200,4490500,25298000000,-170,false,-2.96
"ITA",140737,"/Date(1700809692000)/",5570,500,4490300,25297000000,-180,true,-3.13
"ITA",140728,"/Date(1700809681000)/",5580,300,4489800,25294000000,-170,false,-2.96
"ITA",140721,"/Date(1700809677000)/",5580,2400,4489500,25292000000,-170,true,-2.96
"ITA",140721,"/Date(1700809677000)/",5580,100,4487100,25279000000,-170,true,-2.96
"ITA",140721,"/Date(1700809677000)/",5580,2000,4487000,25279000000,-170,true,-2.96
"ITA",140721,"/Date(1700809677000)/",5580,2000,4485000,25267000000,-170,true,-2.96
"ITA",140721,"/Date(1700809677000)/",5580,1000,4483000,25256000000,-170,true,-2.96
"ITA",140721,"/Date(1700809677000)/",5580,10000,4482000,25251000000,-170,true,-2.96
"ITA",140721,"/Date(1700809674000)/",5590,900,4472000,25195000000,-160,false,-2.78
"ITA",140721,"/Date(1700809674000)/",5590,1100,4471100,25190000000,-160,false,-2.78
"ITA",140708,"/Date(1700809661000)/",5590,900,4470000,25184000000,-160,true,-2.78
"ITA",140705,"/Date(1700809660000)/",5590,4100,4469100,25179000000,-160,true,-2.78
"ITA",140705,"/Date(1700809660000)/",5590,100,4465000,25156000000,-160,true,-2.78
"ITA",140705,"/Date(1700809660000)/",5590,1800,4464900,25155000000,-160,true,-2.78
"ITA",140701,"/Date(1700809654000)/",5590,200,4463100,25145000000,-160,true,-2.78
"ITA",140639,"/Date(1700809633000)/",5600,5000,4462900,25144000000,-150,false,-2.61
"ITA",140639,"/Date(1700809633000)/",5600,3000,4457900,25116000000,-150,false,-2.61
"ITA",140639,"/Date(1700809633000)/",5600,4800,4454900,25099000000,-150,false,-2.61
"ITA",140636,"/Date(1700809629000)/",5600,10000,4450100,25072000000,-150,true,-2.61
"ITA",140636,"/Date(1700809629000)/",5600,2000,4440100,25016000000,-150,true,-2.61
"ITA",140636,"/Date(1700809629000)/",5600,100,4438100,25005000000,-150,true,-2.61
"ITA",140636,"/Date(1700809629000)/",5600,100,4438000,25005000000,-150,true,-2.61
"ITA",140633,"/Date(1700809627000)/",5600,1000,4437900,25004000000,-150,true,-2.61
"ITA",140633,"/Date(1700809627000)/",5600,3900,4436900,24998000000,-150,true,-2.61
"ITA",140633,"/Date(1700809627000)/",5600,1000,4433000,24977000000,-150,true,-2.61
"ITA",140633,"/Date(1700809627000)/",5600,100,4432000,24971000000,-150,true,-2.61
"ITA",140633,"/Date(1700809627000)/",5600,400,4431900,24970000000,-150,true,-2.61
"ITA",140633,"/Date(1700809627000)/",5600,1000,4431500,24968000000,-150,true,-2.61
"ITA",140633,"/Date(1700809627000)/",5600,600,4430500,24963000000,-150,true,-2.61
"ITA",140629,"/Date(1700809624000)/",5600,9400,4429900,24959000000,-150,true,-2.61
"ITA",140629,"/Date(1700809624000)/",5600,600,4420500,24907000000,-150,true,-2.61
"ITA",140623,"/Date(1700809618000)/",5600,2000,4419900,24903000000,-150,true,-2.61
"ITA",140620,"/Date(1700809614000)/",5610,1600,4417900,24892000000,-140,false,-2.43
"ITA",140617,"/Date(1700809610000)/",5610,800,4416300,24883000000,-140,false,-2.43
"ITA",140617,"/Date(1700809610000)/",5610,900,4415500,24878000000,-140,false,-2.43
"ITA",140617,"/Date(1700809604000)/",5610,100,4414600,24873000000,-140,false,-2.43
"ITA",140617,"/Date(1700809604000)/",5610,100,4414500,24873000000,-140,false,-2.43
"ITA",140554,"/Date(1700809589000)/",5610,100,4414400,24872000000,-140,true,-2.43
"ITA",140554,"/Date(1700809587000)/",5610,100,4414300,24872000000,-140,true,-2.43
"ITA",140554,"/Date(1700809587000)/",5610,900,4414200,24871000000,-140,true,-2.43
"ITA",140551,"/Date(1700809585000)/",5620,300,4413300,24866000000,-130,false,-2.26
"ITA",140541,"/Date(1700809575000)/",5610,100,4413000,24864000000,-140,false,-2.43
"ITA",140538,"/Date(1700809573000)/",5610,100,4412900,24864000000,-140,false,-2.43
"ITA",140538,"/Date(1700809573000)/",5610,500,4412800,24863000000,-140,false,-2.43
"ITA",140538,"/Date(1700809573000)/",5620,100,4412300,24861000000,-130,false,-2.26
"ITA",140522,"/Date(1700809555000)/",5620,100,4412200,24860000000,-130,false,-2.26
"ITA",140522,"/Date(1700809555000)/",5620,1000,4412100,24859000000,-130,false,-2.26
"ITA",140516,"/Date(1700809549000)/",5620,200,4411100,24854000000,-130,false,-2.26
"ITA",140447,"/Date(1700809522000)/",5620,200,4410900,24853000000,-130,false,-2.26
"ITA",140425,"/Date(1700809498000)/",5620,10000,4410700,24852000000,-130,true,-2.26
"ITA",140425,"/Date(1700809498000)/",5620,200,4400700,24795000000,-130,true,-2.26
"ITA",140425,"/Date(1700809498000)/",5620,200,4400500,24794000000,-130,true,-2.26
"ITA",140412,"/Date(1700809486000)/",5620,1800,4400300,24793000000,-130,true,-2.26
"ITA",140412,"/Date(1700809486000)/",5620,100,4398500,24783000000,-130,true,-2.26
"ITA",140412,"/Date(1700809486000)/",5620,700,4398400,24782000000,-130,true,-2.26
"ITA",140412,"/Date(1700809486000)/",5630,100,4397700,24778000000,-120,false,-2.09
"ITA",140405,"/Date(1700809479000)/",5630,100,4397600,24778000000,-120,false,-2.09
"ITA",140356,"/Date(1700809470000)/",5630,1000,4397500,24777000000,-120,true,-2.09
"ITA",140356,"/Date(1700809470000)/",5630,8200,4396500,24772000000,-120,true,-2.09
"ITA",140340,"/Date(1700809454000)/",5630,1800,4388300,24726000000,-120,true,-2.09
"ITA",140340,"/Date(1700809454000)/",5630,100,4386500,24715000000,-120,true,-2.09
"ITA",140340,"/Date(1700809454000)/",5630,3100,4386400,24715000000,-120,true,-2.09
"ITA",140311,"/Date(1700809424000)/",5630,1000,4383300,24697000000,-120,true,-2.09
"ITA",140308,"/Date(1700809422000)/",5640,3000,4382300,24692000000,-110,false,-1.91
"ITA",140302,"/Date(1700809414000)/",5640,1000,4379300,24675000000,-110,false,-1.91
"ITA",140249,"/Date(1700809401000)/",5640,100,4378300,24669000000,-110,false,-1.91
"ITA",140233,"/Date(1700809388000)/",5630,900,4378200,24669000000,-120,false,-2.09
"ITA",140223,"/Date(1700809376000)/",5630,100,4377300,24664000000,-120,false,-2.09
"ITA",140220,"/Date(1700809372000)/",5630,1000,4377200,24663000000,-120,true,-2.09
"ITA",140217,"/Date(1700809371000)/",5630,500,4376200,24657000000,-120,true,-2.09
"ITA",140211,"/Date(1700809365000)/",5640,600,4375700,24655000000,-110,false,-1.91
"ITA",140211,"/Date(1700809365000)/",5640,800,4375100,24651000000,-110,false,-1.91
"ITA",140207,"/Date(1700809362000)/",5630,500,4374300,24647000000,-120,true,-2.09
"ITA",140207,"/Date(1700809362000)/",5630,600,4373800,24644000000,-120,true,-2.09
"ITA",140158,"/Date(1700809350000)/",5630,200,4373200,24640000000,-120,true,-2.09
"ITA",140151,"/Date(1700809346000)/",5630,1000,4373000,24639000000,-120,true,-2.09
"ITA",140151,"/Date(1700809346000)/",5630,4000,4372000,24634000000,-120,true,-2.09
"ITA",140145,"/Date(1700809339000)/",5630,100,4368000,24611000000,-120,true,-2.09
"ITA",140132,"/Date(1700809326000)/",5640,2000,4367900,24611000000,-110,true,-1.91
"ITA",140132,"/Date(1700809326000)/",5640,400,4365900,24599000000,-110,true,-1.91
"ITA",140132,"/Date(1700809326000)/",5640,1000,4365500,24597000000,-110,true,-1.91
"ITA",140132,"/Date(1700809326000)/",5640,200,4364500,24591000000,-110,true,-1.91
"ITA",140132,"/Date(1700809326000)/",5640,600,4364300,24590000000,-110,true,-1.91
"ITA",140109,"/Date(1700809301000)/",5640,1000,4363700,24587000000,-110,true,-1.91
"ITA",140100,"/Date(1700809295000)/",5640,1000,4362700,24581000000,-110,true,-1.91
"ITA",140041,"/Date(1700809273000)/",5640,3000,4361700,24576000000,-110,true,-1.91
"ITA",140034,"/Date(1700809267000)/",5640,200,4358700,24559000000,-110,true,-1.91
"ITA",140002,"/Date(1700809234000)/",5640,100,4358500,24558000000,-110,true,-1.91
"ITA",135959,"/Date(1700809231000)/",5650,1100,4358400,24557000000,-100,false,-1.74
"ITA",135959,"/Date(1700809231000)/",5650,1000,4357300,24551000000,-100,false,-1.74
"ITA",135959,"/Date(1700809231000)/",5650,1000,4356300,24545000000,-100,false,-1.74
"ITA",135959,"/Date(1700809231000)/",5650,11000,4355300,24540000000,-100,false,-1.74
"ITA",135959,"/Date(1700809231000)/",5650,600,4344300,24477000000,-100,false,-1.74
"ITA",135946,"/Date(1700809220000)/",5640,100,4343700,24474000000,-110,false,-1.91
"ITA",135946,"/Date(1700809220000)/",5640,1000,4343600,24473000000,-110,false,-1.91
"ITA",135946,"/Date(1700809220000)/",5640,1000,4342600,24468000000,-110,false,-1.91
"ITA",135946,"/Date(1700809220000)/",5640,1000,4341600,24462000000,-110,false,-1.91
"ITA",135946,"/Date(1700809220000)/",5640,5000,4340600,24457000000,-110,false,-1.91
"ITA",135946,"/Date(1700809220000)/",5640,200,4335600,24428000000,-110,false,-1.91
"ITA",135927,"/Date(1700809199000)/",5630,900,4335400,24427000000,-120,true,-2.09
"ITA",135914,"/Date(1700809189000)/",5620,4900,4334500,24422000000,-130,true,-2.26
"ITA",135908,"/Date(1700809180000)/",5620,2000,4329600,24395000000,-130,true,-2.26
"ITA",135843,"/Date(1700809155000)/",5630,100,4327600,24383000000,-120,false,-2.09
"ITA",135843,"/Date(1700809155000)/",5630,900,4327500,24383000000,-120,false,-2.09
"ITA",135836,"/Date(1700809151000)/",5620,100,4326600,24378000000,-130,true,-2.26
"ITA",135833,"/Date(1700809146000)/",5620,12200,4326500,24377000000,-130,true,-2.26
"ITA",135833,"/Date(1700809146000)/",5620,2800,4314300,24309000000,-130,true,-2.26
"ITA",135827,"/Date(1700809140000)/",5620,200,4311500,24293000000,-130,true,-2.26
"ITA",135827,"/Date(1700809140000)/",5620,900,4311300,24292000000,-130,true,-2.26
"ITA",135807,"/Date(1700809122000)/",5620,1500,4310400,24287000000,-130,true,-2.26
"ITA",135739,"/Date(1700809093000)/",5620,500,4308900,24278000000,-130,false,-2.26
"ITA",135739,"/Date(1700809092000)/",5620,100,4308400,24275000000,-130,false,-2.26
"ITA",135735,"/Date(1700809087000)/",5600,100,4308300,24275000000,-150,true,-2.61
"ITA",135735,"/Date(1700809087000)/",5600,200,4308200,24274000000,-150,true,-2.61
"ITA",135723,"/Date(1700809077000)/",5620,1000,4308000,24273000000,-130,false,-2.26
"ITA",135713,"/Date(1700809066000)/",5620,300,4307000,24268000000,-130,false,-2.26
"ITA",135707,"/Date(1700809060000)/",5620,500,4306700,24266000000,-130,false,-2.26
"ITA",135657,"/Date(1700809049000)/",5620,100,4306200,24263000000,-130,false,-2.26
"ITA",135619,"/Date(1700809012000)/",5600,3000,4306100,24263000000,-150,false,-2.61
"ITA",135619,"/Date(1700809012000)/",5600,100,4303100,24246000000,-150,false,-2.61
"ITA",135619,"/Date(1700809010000)/",5600,200,4303000,24245000000,-150,false,-2.61
"ITA",135615,"/Date(1700809010000)/",5600,4700,4302800,24244000000,-150,false,-2.61
"ITA",135615,"/Date(1700809010000)/",5600,100,4298100,24218000000,-150,false,-2.61
"ITA",135615,"/Date(1700809010000)/",5600,200,4298000,24217000000,-150,false,-2.61
"ITA",135547,"/Date(1700808980000)/",5600,100,4297800,24216000000,-150,false,-2.61
"ITA",135547,"/Date(1700808980000)/",5600,1300,4297700,24215000000,-150,false,-2.61
"ITA",135540,"/Date(1700808974000)/",5600,100,4296400,24208000000,-150,false,-2.61
"ITA",135540,"/Date(1700808972000)/",5600,200,4296300,24208000000,-150,false,-2.61
"ITA",135528,"/Date(1700808961000)/",5600,200,4296100,24207000000,-150,false,-2.61
"ITA",135528,"/Date(1700808960000)/",5590,900,4295900,24205000000,-160,false,-2.78
"ITA",135521,"/Date(1700808955000)/",5590,500,4295000,24200000000,-160,false,-2.78
"ITA",135512,"/Date(1700808946000)/",5590,300,4294500,24198000000,-160,false,-2.78
"ITA",135459,"/Date(1700808931000)/",5580,10000,4294200,24196000000,-170,true,-2.96
"ITA",135446,"/Date(1700808918000)/",5570,400,4284200,24140000000,-180,true,-3.13
"ITA",135408,"/Date(1700808879000)/",5570,300,4283800,24138000000,-180,true,-3.13
"ITA",135408,"/Date(1700808879000)/",5570,400,4283500,24136000000,-180,true,-3.13
"ITA",135408,"/Date(1700808879000)/",5570,100,4283100,24134000000,-180,true,-3.13
"ITA",135408,"/Date(1700808879000)/",5570,700,4283000,24133000000,-180,true,-3.13
"ITA",135349,"/Date(1700808860000)/",5570,2000,4282300,24130000000,-180,true,-3.13
"ITA",135339,"/Date(1700808853000)/",5570,1500,4280300,24118000000,-180,true,-3.13
"ITA",135329,"/Date(1700808841000)/",5570,800,4278800,24110000000,-180,true,-3.13
"ITA",135329,"/Date(1700808841000)/",5570,100,4278000,24106000000,-180,true,-3.13
"ITA",135329,"/Date(1700808841000)/",5570,100,4277900,24105000000,-180,true,-3.13
"ITA",135313,"/Date(1700808826000)/",5570,300,4277800,24104000000,-180,true,-3.13
"ITA",135301,"/Date(1700808815000)/",5570,100,4277500,24103000000,-180,true,-3.13
"ITA",135254,"/Date(1700808807000)/",5580,14000,4277400,24102000000,-170,false,-2.96
"ITA",135254,"/Date(1700808807000)/",5580,400,4263400,24024000000,-170,false,-2.96
"ITA",135254,"/Date(1700808807000)/",5580,5600,4263000,24022000000,-170,false,-2.96
"ITA",135245,"/Date(1700808797000)/",5560,7700,4257400,23991000000,-190,true,-3.3
"ITA",135245,"/Date(1700808797000)/",5560,400,4249700,23948000000,-190,true,-3.3
"ITA",135245,"/Date(1700808797000)/",5560,1000,4249300,23946000000,-190,true,-3.3
"ITA",135245,"/Date(1700808797000)/",5560,1000,4248300,23940000000,-190,true,-3.3
"ITA",135245,"/Date(1700808797000)/",5560,1000,4247300,23934000000,-190,true,-3.3
"ITA",135245,"/Date(1700808797000)/",5560,2000,4246300,23929000000,-190,true,-3.3
"ITA",135245,"/Date(1700808797000)/",5560,1000,4244300,23918000000,-190,true,-3.3
"ITA",135245,"/Date(1700808797000)/",5570,1000,4243300,23912000000,-180,true,-3.13
"ITA",135245,"/Date(1700808797000)/",5570,500,4242300,23907000000,-180,true,-3.13
"ITA",135245,"/Date(1700808797000)/",5570,3000,4241800,23904000000,-180,true,-3.13
"ITA",135245,"/Date(1700808797000)/",5570,2000,4238800,23887000000,-180,true,-3.13
"ITA",135245,"/Date(1700808797000)/",5570,4300,4236800,23876000000,-180,true,-3.13
"ITA",135245,"/Date(1700808797000)/",5570,2000,4232500,23852000000,-180,true,-3.13
"ITA",135245,"/Date(1700808797000)/",5570,1000,4230500,23841000000,-180,true,-3.13
"ITA",135245,"/Date(1700808797000)/",5570,2000,4229500,23835000000,-180,true,-3.13
"ITA",135245,"/Date(1700808797000)/",5570,100,4227500,23824000000,-180,true,-3.13
"ITA",135241,"/Date(1700808796000)/",5570,900,4227400,23824000000,-180,true,-3.13
"ITA",135241,"/Date(1700808796000)/",5570,1000,4226500,23819000000,-180,true,-3.13
"ITA",135241,"/Date(1700808796000)/",5570,1000,4225500,23813000000,-180,true,-3.13
"ITA",135241,"/Date(1700808796000)/",5570,100,4224500,23808000000,-180,true,-3.13
"ITA",135241,"/Date(1700808796000)/",5570,500,4224400,23807000000,-180,true,-3.13
"ITA",135241,"/Date(1700808796000)/",5570,500,4223900,23804000000,-180,true,-3.13
"ITA",135235,"/Date(1700808788000)/",5570,1000,4223400,23801000000,-180,true,-3.13
"ITA",135232,"/Date(1700808785000)/",5580,300,4222400,23796000000,-170,false,-2.96
"ITA",135219,"/Date(1700808773000)/",5570,500,4222100,23794000000,-180,true,-3.13
"ITA",135219,"/Date(1700808771000)/",5570,500,4221600,23791000000,-180,true,-3.13
"ITA",135219,"/Date(1700808771000)/",5570,500,4221100,23789000000,-180,true,-3.13
"ITA",135219,"/Date(1700808771000)/",5570,1500,4220600,23786000000,-180,true,-3.13
"ITA",135140,"/Date(1700808734000)/",5570,500,4219100,23777000000,-180,true,-3.13
"ITA",135140,"/Date(1700808734000)/",5570,300,4218600,23775000000,-180,true,-3.13
"ITA",135140,"/Date(1700808734000)/",5570,100,4218300,23773000000,-180,true,-3.13
"ITA",135140,"/Date(1700808734000)/",5570,600,4218200,23772000000,-180,true,-3.13
"ITA",135137,"/Date(1700808729000)/",5580,1000,4217600,23769000000,-170,false,-2.96
"ITA",135128,"/Date(1700808721000)/",5570,400,4216600,23764000000,-180,true,-3.13
"ITA",135128,"/Date(1700808721000)/",5570,100,4216200,23761000000,-180,true,-3.13
"ITA",135128,"/Date(1700808721000)/",5570,500,4216100,23761000000,-180,true,-3.13
"ITA",135128,"/Date(1700808721000)/",5580,5000,4215600,23758000000,-170,false,-2.96
"ITA",135128,"/Date(1700808721000)/",5570,1000,4210600,23730000000,-180,true,-3.13
"ITA",135118,"/Date(1700808709000)/",5580,1000,4209600,23724000000,-170,true,-2.96
"ITA",135115,"/Date(1700808709000)/",5580,900,4208600,23719000000,-170,true,-2.96
"ITA",135115,"/Date(1700808709000)/",5580,1400,4207700,23714000000,-170,true,-2.96
"ITA",135115,"/Date(1700808709000)/",5580,100,4206300,23706000000,-170,true,-2.96
"ITA",135115,"/Date(1700808709000)/",5580,100,4206200,23705000000,-170,true,-2.96
"ITA",135115,"/Date(1700808709000)/",5580,300,4206100,23705000000,-170,true,-2.96
"ITA",135115,"/Date(1700808709000)/",5580,300,4205800,23703000000,-170,true,-2.96
"ITA",135115,"/Date(1700808709000)/",5580,100,4205500,23702000000,-170,true,-2.96
"ITA",135115,"/Date(1700808709000)/",5580,2100,4205400,23701000000,-170,true,-2.96
"ITA",135115,"/Date(1700808706000)/",5580,1000,4203300,23689000000,-170,true,-2.96
"ITA",135112,"/Date(1700808706000)/",5580,500,4202300,23684000000,-170,true,-2.96
"ITA",135102,"/Date(1700808694000)/",5580,600,4201800,23681000000,-170,true,-2.96
"ITA",135052,"/Date(1700808686000)/",5580,800,4201200,23678000000,-170,true,-2.96
"ITA",135052,"/Date(1700808686000)/",5580,500,4200400,23673000000,-170,true,-2.96
"ITA",135052,"/Date(1700808686000)/",5580,100,4199900,23670000000,-170,true,-2.96
"ITA",135052,"/Date(1700808686000)/",5580,100,4199800,23670000000,-170,true,-2.96
"ITA",135052,"/Date(1700808686000)/",5580,500,4199700,23669000000,-170,true,-2.96
"ITA",135052,"/Date(1700808686000)/",5580,100,4199200,23666000000,-170,true,-2.96
"ITA",135052,"/Date(1700808686000)/",5580,1400,4199100,23666000000,-170,true,-2.96
"ITA",135052,"/Date(1700808684000)/",5580,1000,4197700,23658000000,-170,true,-2.96
"ITA",135049,"/Date(1700808681000)/",5590,1300,4196700,23652000000,-160,true,-2.78
"ITA",135046,"/Date(1700808679000)/",5590,700,4195400,23645000000,-160,false,-2.78
"ITA",135043,"/Date(1700808674000)/",5580,1000,4194700,23641000000,-170,true,-2.96
"ITA",135036,"/Date(1700808668000)/",5580,1000,4193700,23636000000,-170,true,-2.96
"ITA",135033,"/Date(1700808667000)/",5580,600,4192700,23630000000,-170,true,-2.96
"ITA",135033,"/Date(1700808667000)/",5580,1000,4192100,23627000000,-170,true,-2.96
"ITA",135033,"/Date(1700808667000)/",5580,200,4191100,23621000000,-170,true,-2.96
"ITA",135033,"/Date(1700808667000)/",5580,1000,4190900,23620000000,-170,true,-2.96
"ITA",135033,"/Date(1700808667000)/",5580,2500,4189900,23615000000,-170,true,-2.96
"ITA",135033,"/Date(1700808667000)/",5580,3700,4187400,23601000000,-170,true,-2.96
"ITA",135017,"/Date(1700808650000)/",5580,400,4183700,23580000000,-170,true,-2.96
"ITA",135014,"/Date(1700808645000)/",5590,8300,4183300,23578000000,-160,false,-2.78
"ITA",134942,"/Date(1700808615000)/",5600,200,4175000,23531000000,-150,false,-2.61
"ITA",134942,"/Date(1700808615000)/",5600,1000,4174800,23530000000,-150,false,-2.61
"ITA",134933,"/Date(1700808604000)/",5590,4800,4173800,23525000000,-160,true,-2.78
"ITA",134933,"/Date(1700808604000)/",5590,200,4169000,23498000000,-160,true,-2.78
"ITA",134933,"/Date(1700808604000)/",5590,2000,4168800,23497000000,-160,true,-2.78
"ITA",134933,"/Date(1700808604000)/",5590,2000,4166800,23485000000,-160,true,-2.78
"ITA",134933,"/Date(1700808604000)/",5600,100,4164800,23474000000,-150,false,-2.61
"ITA",134933,"/Date(1700808604000)/",5600,900,4164700,23474000000,-150,false,-2.61
"ITA",134929,"/Date(1700808603000)/",5600,400,4163800,23469000000,-150,true,-2.61
"ITA",134917,"/Date(1700808587000)/",5600,1800,4163400,23466000000,-150,true,-2.61
"ITA",134917,"/Date(1700808587000)/",5600,100,4161600,23456000000,-150,true,-2.61
"ITA",134917,"/Date(1700808587000)/",5600,1000,4161500,23456000000,-150,true,-2.61
"ITA",134917,"/Date(1700808587000)/",5600,100,4160500,23450000000,-150,true,-2.61
"ITA",134917,"/Date(1700808587000)/",5600,500,4160400,23450000000,-150,true,-2.61
"ITA",134917,"/Date(1700808587000)/",5600,100,4159900,23447000000,-150,true,-2.61
"ITA",134917,"/Date(1700808587000)/",5600,1000,4159800,23446000000,-150,true,-2.61
"ITA",134917,"/Date(1700808587000)/",5600,200,4158800,23441000000,-150,true,-2.61
"ITA",134917,"/Date(1700808587000)/",5600,700,4158600,23440000000,-150,true,-2.61
"ITA",134917,"/Date(1700808587000)/",5600,100,4157900,23436000000,-150,true,-2.61
"ITA",134917,"/Date(1700808587000)/",5600,300,4157800,23435000000,-150,true,-2.61
"ITA",134917,"/Date(1700808587000)/",5600,100,4157500,23433000000,-150,true,-2.61
"ITA",134845,"/Date(1700808557000)/",5600,4900,4157400,23433000000,-150,true,-2.61
"ITA",134845,"/Date(1700808557000)/",5600,500,4152500,23405000000,-150,true,-2.61
"ITA",134845,"/Date(1700808557000)/",5600,100,4152000,23403000000,-150,true,-2.61
"ITA",134845,"/Date(1700808557000)/",5600,1000,4151900,23402000000,-150,true,-2.61
"ITA",134845,"/Date(1700808557000)/",5600,2000,4150900,23396000000,-150,true,-2.61
"ITA",134845,"/Date(1700808557000)/",5600,1200,4148900,23385000000,-150,true,-2.61
"ITA",134845,"/Date(1700808557000)/",5600,200,4147700,23379000000,-150,true,-2.61
"ITA",134845,"/Date(1700808557000)/",5600,100,4147500,23377000000,-150,true,-2.61
"ITA",134845,"/Date(1700808556000)/",5600,900,4147400,23377000000,-150,true,-2.61
"ITA",134845,"/Date(1700808556000)/",5600,200,4146500,23372000000,-150,true,-2.61
"ITA",134845,"/Date(1700808556000)/",5600,100,4146300,23371000000,-150,true,-2.61
"ITA",134845,"/Date(1700808556000)/",5600,1500,4146200,23370000000,-150,true,-2.61
"ITA",134845,"/Date(1700808556000)/",5600,2300,4144700,23362000000,-150,true,-2.61
"ITA",134841,"/Date(1700808555000)/",5610,2000,4142400,23349000000,-140,false,-2.43
"ITA",134841,"/Date(1700808554000)/",5610,100,4140400,23338000000,-140,false,-2.43
"ITA",134841,"/Date(1700808554000)/",5600,300,4140300,23337000000,-150,true,-2.61
"ITA",134841,"/Date(1700808552000)/",5600,500,4140000,23335000000,-150,true,-2.61
"ITA",134838,"/Date(1700808549000)/",5600,3700,4139500,23333000000,-150,true,-2.61
"ITA",134838,"/Date(1700808549000)/",5600,100,4135800,23312000000,-150,true,-2.61
"ITA",134838,"/Date(1700808549000)/",5600,1000,4135700,23311000000,-150,true,-2.61
"ITA",134838,"/Date(1700808549000)/",5600,200,4134700,23306000000,-150,true,-2.61
"ITA",134838,"/Date(1700808549000)/",5600,200,4134500,23305000000,-150,true,-2.61
"ITA",134838,"/Date(1700808549000)/",5600,4800,4134300,23303000000,-150,true,-2.61
"ITA",134825,"/Date(1700808538000)/",5620,100,4129500,23277000000,-130,true,-2.26
"ITA",134825,"/Date(1700808538000)/",5620,3400,4129400,23276000000,-130,true,-2.26
"ITA",134819,"/Date(1700808532000)/",5620,5000,4126000,23257000000,-130,true,-2.26
"ITA",134819,"/Date(1700808530000)/",5620,20000,4121000,23229000000,-130,true,-2.26
"ITA",134813,"/Date(1700808524000)/",5620,400,4101000,23116000000,-130,true,-2.26
"ITA",134809,"/Date(1700808521000)/",5620,100,4100600,23114000000,-130,true,-2.26
"ITA",134757,"/Date(1700808510000)/",5620,10000,4100500,23114000000,-130,true,-2.26
"ITA",134757,"/Date(1700808509000)/",5620,2000,4090500,23057000000,-130,true,-2.26
"ITA",134757,"/Date(1700808509000)/",5620,100,4088500,23046000000,-130,true,-2.26
"ITA",134757,"/Date(1700808509000)/",5610,9000,4088400,23046000000,-140,false,-2.43
"ITA",134757,"/Date(1700808509000)/",5600,500,4079400,22995000000,-150,true,-2.61
"ITA",134753,"/Date(1700808506000)/",5600,500,4078900,22992000000,-150,true,-2.61
"ITA",134753,"/Date(1700808505000)/",5600,400,4078400,22989000000,-150,true,-2.61
"ITA",134744,"/Date(1700808496000)/",5600,4800,4078000,22987000000,-150,true,-2.61
"ITA",134744,"/Date(1700808496000)/",5600,200,4073200,22960000000,-150,true,-2.61
"ITA",134725,"/Date(1700808478000)/",5610,10000,4073000,22959000000,-140,true,-2.43
"ITA",134725,"/Date(1700808478000)/",5610,100,4063000,22903000000,-140,true,-2.43
"ITA",134725,"/Date(1700808478000)/",5610,5000,4062900,22903000000,-140,true,-2.43
"ITA",134725,"/Date(1700808478000)/",5610,20000,4057900,22875000000,-140,true,-2.43
"ITA",134725,"/Date(1700808478000)/",5610,5900,4037900,22762000000,-140,true,-2.43
"ITA",134718,"/Date(1700808471000)/",5610,700,4032000,22729000000,-140,true,-2.43
"ITA",134659,"/Date(1700808453000)/",5610,500,4031300,22725000000,-140,true,-2.43
"ITA",134653,"/Date(1700808445000)/",5610,3200,4030800,22723000000,-140,true,-2.43
"ITA",134653,"/Date(1700808445000)/",5610,200,4027600,22705000000,-140,true,-2.43
"ITA",134653,"/Date(1700808445000)/",5610,1600,4027400,22703000000,-140,true,-2.43
"ITA",134640,"/Date(1700808433000)/",5610,5000,4025800,22694000000,-140,true,-2.43
"ITA",134633,"/Date(1700808427000)/",5610,700,4020800,22666000000,-140,true,-2.43
"ITA",134633,"/Date(1700808427000)/",5620,800,4020100,22662000000,-130,false,-2.26
"ITA",134633,"/Date(1700808427000)/",5620,1000,4019300,22658000000,-130,false,-2.26
"ITA",134633,"/Date(1700808427000)/",5620,17000,4018300,22652000000,-130,false,-2.26
"ITA",134627,"/Date(1700808420000)/",5610,500,4001300,22557000000,-140,true,-2.43
"ITA",134624,"/Date(1700808416000)/",5620,200,4000800,22554000000,-130,false,-2.26
"ITA",134624,"/Date(1700808416000)/",5620,1800,4000600,22553000000,-130,false,-2.26
"ITA",134611,"/Date(1700808403000)/",5610,7200,3998800,22543000000,-140,true,-2.43
"ITA",134611,"/Date(1700808403000)/",5610,800,3991600,22502000000,-140,true,-2.43
"ITA",134611,"/Date(1700808403000)/",5610,2000,3990800,22498000000,-140,true,-2.43
"ITA",134608,"/Date(1700808400000)/",5610,4000,3988800,22487000000,-140,true,-2.43
"ITA",134605,"/Date(1700808398000)/",5610,4000,3984800,22464000000,-140,true,-2.43
"ITA",134605,"/Date(1700808398000)/",5610,200,3980800,22442000000,-140,true,-2.43
"ITA",134605,"/Date(1700808398000)/",5610,400,3980600,22441000000,-140,true,-2.43
"ITA",134605,"/Date(1700808398000)/",5610,500,3980200,22438000000,-140,true,-2.43
"ITA",134605,"/Date(1700808398000)/",5610,200,3979700,22436000000,-140,true,-2.43
"ITA",134605,"/Date(1700808398000)/",5610,100,3979500,22435000000,-140,true,-2.43
"ITA",134605,"/Date(1700808398000)/",5610,3000,3979400,22434000000,-140,true,-2.43
"ITA",134605,"/Date(1700808398000)/",5610,1000,3976400,22417000000,-140,true,-2.43
"ITA",134605,"/Date(1700808398000)/",5610,500,3975400,22412000000,-140,true,-2.43
"ITA",134605,"/Date(1700808398000)/",5610,100,3974900,22409000000,-140,true,-2.43
"ITA",134605,"/Date(1700808396000)/",5620,1000,3974800,22408000000,-130,false,-2.26
"ITA",134601,"/Date(1700808393000)/",5620,100,3973800,22403000000,-130,false,-2.26
"ITA",134549,"/Date(1700808382000)/",5620,500,3973700,22402000000,-130,false,-2.26
"ITA",134549,"/Date(1700808381000)/",5610,100,3973200,22399000000,-140,true,-2.43
"ITA",134549,"/Date(1700808381000)/",5610,100,3973100,22399000000,-140,true,-2.43
"ITA",134549,"/Date(1700808381000)/",5610,500,3973000,22398000000,-140,true,-2.43
"ITA",134549,"/Date(1700808381000)/",5610,300,3972500,22395000000,-140,true,-2.43
"ITA",134539,"/Date(1700808371000)/",5620,200,3972200,22394000000,-130,false,-2.26
"ITA",134533,"/Date(1700808363000)/",5620,2000,3972000,22392000000,-130,false,-2.26
"ITA",134523,"/Date(1700808355000)/",5610,500,3970000,22381000000,-140,true,-2.43
"ITA",134510,"/Date(1700808344000)/",5620,3000,3969500,22378000000,-130,false,-2.26
"ITA",134507,"/Date(1700808340000)/",5620,3000,3966500,22362000000,-130,false,-2.26
"ITA",134451,"/Date(1700808324000)/",5620,400,3963500,22345000000,-130,true,-2.26
"ITA",134426,"/Date(1700808296000)/",5630,100,3963100,22342000000,-120,false,-2.09
"ITA",134416,"/Date(1700808289000)/",5630,1000,3963000,22342000000,-120,false,-2.09
"ITA",134354,"/Date(1700808267000)/",5620,500,3962000,22336000000,-130,false,-2.26
"ITA",134351,"/Date(1700808261000)/",5610,1000,3961500,22333000000,-140,true,-2.43
"ITA",134347,"/Date(1700808259000)/",5610,100,3960500,22328000000,-140,true,-2.43
"ITA",134328,"/Date(1700808239000)/",5610,3000,3960400,22327000000,-140,true,-2.43
"ITA",134316,"/Date(1700808228000)/",5620,26800,3957400,22310000000,-130,false,-2.26
"ITA",134300,"/Date(1700808213000)/",5630,100,3930600,22160000000,-120,false,-2.09
"ITA",134300,"/Date(1700808212000)/",5630,200,3930500,22159000000,-120,false,-2.09
"ITA",134237,"/Date(1700808188000)/",5620,500,3930300,22158000000,-130,true,-2.26
"ITA",134215,"/Date(1700808167000)/",5620,700,3929800,22155000000,-130,true,-2.26
"ITA",134205,"/Date(1700808156000)/",5620,4700,3929100,22151000000,-130,true,-2.26
"ITA",134205,"/Date(1700808156000)/",5620,100,3924400,22125000000,-130,true,-2.26
"ITA",134205,"/Date(1700808156000)/",5620,2200,3924300,22124000000,-130,true,-2.26
"ITA",134205,"/Date(1700808156000)/",5630,100,3922100,22112000000,-120,false,-2.09
"ITA",134156,"/Date(1700808147000)/",5630,600,3922000,22111000000,-120,false,-2.09
"ITA",134149,"/Date(1700808141000)/",5630,300,3921400,22108000000,-120,false,-2.09
"ITA",134149,"/Date(1700808141000)/",5630,100,3921100,22106000000,-120,false,-2.09
"ITA",134127,"/Date(1700808120000)/",5630,100,3921000,22106000000,-120,false,-2.09
"ITA",134127,"/Date(1700808117000)/",5630,100,3920900,22105000000,-120,false,-2.09
"ITA",134121,"/Date(1700808113000)/",5630,100,3920800,22105000000,-120,false,-2.09
"ITA",134108,"/Date(1700808099000)/",5630,600,3920700,22104000000,-120,true,-2.09
"ITA",134030,"/Date(1700808061000)/",5620,4000,3920100,22101000000,-130,true,-2.26
"ITA",134030,"/Date(1700808061000)/",5630,1000,3916100,22078000000,-120,false,-2.09
"ITA",134030,"/Date(1700808061000)/",5630,4000,3915100,22073000000,-120,false,-2.09
"ITA",134026,"/Date(1700808056000)/",5630,900,3911100,22050000000,-120,false,-2.09
"ITA",134023,"/Date(1700808056000)/",5630,500,3910200,22045000000,-120,false,-2.09
"ITA",134017,"/Date(1700808049000)/",5630,200,3909700,22042000000,-120,false,-2.09
"ITA",134014,"/Date(1700808044000)/",5630,1000,3909500,22041000000,-120,false,-2.09
"ITA",134004,"/Date(1700808037000)/",5630,3400,3908500,22035000000,-120,false,-2.09
"ITA",134004,"/Date(1700808037000)/",5630,6600,3905100,22016000000,-120,false,-2.09
"ITA",133935,"/Date(1700808008000)/",5630,200,3898500,21979000000,-120,false,-2.09
"ITA",133903,"/Date(1700807975000)/",5620,500,3898300,21978000000,-130,false,-2.26
"ITA",133903,"/Date(1700807975000)/",5620,1400,3897800,21975000000,-130,false,-2.26
"ITA",133903,"/Date(1700807975000)/",5620,1000,3896400,21967000000,-130,false,-2.26
"ITA",133903,"/Date(1700807975000)/",5620,900,3895400,21962000000,-130,false,-2.26
"ITA",133847,"/Date(1700807958000)/",5620,1000,3894500,21957000000,-130,false,-2.26
"ITA",133841,"/Date(1700807951000)/",5620,200,3893500,21951000000,-130,false,-2.26
"ITA",133832,"/Date(1700807944000)/",5610,100,3893300,21950000000,-140,true,-2.43
"ITA",133832,"/Date(1700807944000)/",5610,100,3893200,21949000000,-140,true,-2.43
"ITA",133832,"/Date(1700807943000)/",5620,1000,3893100,21949000000,-130,false,-2.26
"ITA",133825,"/Date(1700807936000)/",5620,200,3892100,21943000000,-130,false,-2.26
"ITA",133822,"/Date(1700807932000)/",5620,500,3891900,21942000000,-130,false,-2.26
"ITA",133800,"/Date(1700807910000)/",5620,100,3891400,21939000000,-130,false,-2.26
"ITA",133756,"/Date(1700807907000)/",5620,100,3891300,21939000000,-130,false,-2.26
"ITA",133740,"/Date(1700807891000)/",5620,200,3891200,21938000000,-130,true,-2.26
"ITA",133731,"/Date(1700807881000)/",5620,9800,3891000,21937000000,-130,true,-2.26
"ITA",133731,"/Date(1700807881000)/",5620,4100,3881200,21882000000,-130,true,-2.26
"ITA",133728,"/Date(1700807877000)/",5620,900,3877100,21859000000,-130,true,-2.26
"ITA",133646,"/Date(1700807838000)/",5640,100,3876200,21854000000,-110,false,-1.91
"ITA",133608,"/Date(1700807800000)/",5640,200,3876100,21853000000,-110,false,-1.91
"ITA",133605,"/Date(1700807797000)/",5650,100,3875900,21852000000,-100,false,-1.74
"ITA",133558,"/Date(1700807788000)/",5650,2100,3875800,21852000000,-100,false,-1.74
"ITA",133549,"/Date(1700807781000)/",5640,1500,3873700,21840000000,-110,false,-1.91
"ITA",133520,"/Date(1700807750000)/",5620,100,3872200,21831000000,-130,true,-2.26
"ITA",133520,"/Date(1700807750000)/",5620,2000,3872100,21831000000,-130,true,-2.26
"ITA",133520,"/Date(1700807750000)/",5620,500,3870100,21819000000,-130,true,-2.26
"ITA",133520,"/Date(1700807750000)/",5620,100,3869600,21817000000,-130,true,-2.26
"ITA",133520,"/Date(1700807750000)/",5620,2000,3869500,21816000000,-130,true,-2.26
"ITA",133520,"/Date(1700807750000)/",5620,300,3867500,21805000000,-130,true,-2.26
"ITA",133426,"/Date(1700807697000)/",5620,100,3867200,21803000000,-130,true,-2.26
"ITA",133426,"/Date(1700807697000)/",5630,900,3867100,21803000000,-120,true,-2.09
"ITA",133319,"/Date(1700807631000)/",5650,200,3866200,21798000000,-100,true,-1.74
"ITA",133237,"/Date(1700807588000)/",5650,800,3866000,21796000000,-100,true,-1.74
"ITA",133237,"/Date(1700807588000)/",5650,1000,3865200,21792000000,-100,true,-1.74
"ITA",133237,"/Date(1700807588000)/",5650,300,3864200,21786000000,-100,true,-1.74
"ITA",133234,"/Date(1700807586000)/",5660,100,3863900,21785000000,-90,false,-1.57
"ITA",133225,"/Date(1700807575000)/",5670,2500,3863800,21784000000,-80,false,-1.39
"ITA",133215,"/Date(1700807567000)/",5660,1000,3861300,21770000000,-90,true,-1.57
"ITA",133209,"/Date(1700807560000)/",5660,1000,3860300,21764000000,-90,true,-1.57
"ITA",133153,"/Date(1700807543000)/",5660,1000,3859300,21758000000,-90,true,-1.57
"ITA",133150,"/Date(1700807542000)/",5660,1500,3858300,21753000000,-90,false,-1.57
"ITA",133150,"/Date(1700807542000)/",5660,10000,3856800,21744000000,-90,false,-1.57
"ITA",133111,"/Date(1700807503000)/",5660,10000,3846800,21688000000,-90,false,-1.57
"ITA",133055,"/Date(1700807484000)/",5660,4000,3836800,21631000000,-90,true,-1.57
"ITA",133046,"/Date(1700807477000)/",5660,900,3832800,21608000000,-90,true,-1.57
"ITA",133046,"/Date(1700807477000)/",5660,100,3831900,21603000000,-90,true,-1.57
"ITA",133039,"/Date(1700807470000)/",5660,1000,3831800,21603000000,-90,true,-1.57
"ITA",133033,"/Date(1700807464000)/",5660,200,3830800,21597000000,-90,true,-1.57
"ITA",133033,"/Date(1700807464000)/",5660,2000,3830600,21596000000,-90,true,-1.57
"ITA",133033,"/Date(1700807464000)/",5660,1000,3828600,21585000000,-90,true,-1.57
"ITA",133033,"/Date(1700807464000)/",5660,1200,3827600,21579000000,-90,true,-1.57
"ITA",133033,"/Date(1700807464000)/",5660,2700,3826400,21572000000,-90,true,-1.57
"ITA",133027,"/Date(1700807458000)/",5660,100,3823700,21557000000,-90,false,-1.57
"ITA",133020,"/Date(1700807450000)/",5650,1800,3823600,21556000000,-100,true,-1.74
"ITA",133020,"/Date(1700807450000)/",5650,600,3821800,21546000000,-100,true,-1.74
"ITA",133020,"/Date(1700807450000)/",5650,5400,3821200,21543000000,-100,true,-1.74
"ITA",133014,"/Date(1700807444000)/",5650,100,3815800,21512000000,-100,false,-1.74
"ITA",133014,"/Date(1700807444000)/",5650,100,3815700,21512000000,-100,false,-1.74
"ITA",133001,"/Date(1700807431000)/",5650,4400,3815600,21511000000,-100,false,-1.74
"ITA",133001,"/Date(1700807431000)/",5650,100,3811200,21486000000,-100,false,-1.74
"ITA",133001,"/Date(1700807431000)/",5650,8900,3811100,21486000000,-100,false,-1.74
"ITA",132948,"/Date(1700807419000)/",5640,6600,3802200,21436000000,-110,true,-1.91
"ITA",132948,"/Date(1700807419000)/",5640,100,3795600,21398000000,-110,true,-1.91
"ITA",132948,"/Date(1700807419000)/",5640,300,3795500,21398000000,-110,true,-1.91
"ITA",132938,"/Date(1700807409000)/",5640,200,3795200,21396000000,-110,true,-1.91
"ITA",132935,"/Date(1700807404000)/",5640,1000,3795000,21395000000,-110,false,-1.91
"ITA",132935,"/Date(1700807404000)/",5640,300,3794000,21389000000,-110,false,-1.91
"ITA",132932,"/Date(1700807403000)/",5640,200,3793700,21388000000,-110,false,-1.91
"ITA",132929,"/Date(1700807399000)/",5640,200,3793500,21386000000,-110,false,-1.91
"ITA",132922,"/Date(1700807391000)/",5640,300,3793300,21385000000,-110,false,-1.91
"ITA",132913,"/Date(1700807384000)/",5640,800,3793000,21384000000,-110,false,-1.91
"ITA",132913,"/Date(1700807384000)/",5640,200,3792200,21379000000,-110,false,-1.91
"ITA",132909,"/Date(1700807381000)/",5640,300,3792000,21378000000,-110,false,-1.91
"ITA",132853,"/Date(1700807364000)/",5620,100,3791700,21376000000,-130,true,-2.26
"ITA",132853,"/Date(1700807364000)/",5620,400,3791600,21376000000,-130,true,-2.26
"ITA",132853,"/Date(1700807364000)/",5620,300,3791200,21373000000,-130,true,-2.26
"ITA",132844,"/Date(1700807356000)/",5650,1000,3790900,21372000000,-100,false,-1.74
"ITA",132809,"/Date(1700807318000)/",5650,100,3789900,21366000000,-100,true,-1.74
"ITA",132740,"/Date(1700807290000)/",5650,1000,3789800,21366000000,-100,false,-1.74
"ITA",132721,"/Date(1700807271000)/",5660,1000,3788800,21360000000,-90,false,-1.57
"ITA",132548,"/Date(1700807178000)/",5610,100,3787800,21354000000,-140,true,-2.43
"ITA",132548,"/Date(1700807178000)/",5610,100,3787700,21354000000,-140,true,-2.43
"ITA",132548,"/Date(1700807178000)/",5620,800,3787600,21353000000,-130,false,-2.26
"ITA",132548,"/Date(1700807178000)/",5620,100,3786800,21349000000,-130,false,-2.26
"ITA",132548,"/Date(1700807178000)/",5620,100,3786700,21348000000,-130,false,-2.26
"ITA",132548,"/Date(1700807178000)/",5620,100,3786600,21348000000,-130,false,-2.26
"ITA",132548,"/Date(1700807178000)/",5620,100,3786500,21347000000,-130,false,-2.26
"ITA",132548,"/Date(1700807178000)/",5620,600,3786400,21346000000,-130,false,-2.26
"ITA",132548,"/Date(1700807178000)/",5630,2000,3785800,21343000000,-120,false,-2.09
"ITA",132548,"/Date(1700807178000)/",5630,300,3783800,21332000000,-120,false,-2.09
"ITA",132548,"/Date(1700807178000)/",5630,100,3783500,21330000000,-120,false,-2.09
"ITA",132548,"/Date(1700807178000)/",5630,100,3783400,21330000000,-120,false,-2.09
"ITA",132548,"/Date(1700807178000)/",5650,2000,3783300,21329000000,-100,false,-1.74
"ITA",132548,"/Date(1700807178000)/",5650,500,3781300,21318000000,-100,false,-1.74
"ITA",132526,"/Date(1700807156000)/",5660,200,3780800,21315000000,-90,false,-1.57
"ITA",132526,"/Date(1700807154000)/",5670,500,3780600,21314000000,-80,false,-1.39
"ITA",132510,"/Date(1700807139000)/",5670,2000,3780100,21311000000,-80,false,-1.39
"ITA",132457,"/Date(1700807126000)/",5670,300,3778100,21300000000,-80,false,-1.39
"ITA",132448,"/Date(1700807118000)/",5670,300,3777800,21298000000,-80,false,-1.39
"ITA",132438,"/Date(1700807107000)/",5670,4100,3777500,21296000000,-80,false,-1.39
"ITA",132432,"/Date(1700807103000)/",5690,100,3773400,21273000000,-60,false,-1.04
"ITA",132422,"/Date(1700807092000)/",5690,300,3773300,21272000000,-60,false,-1.04
"ITA",132422,"/Date(1700807092000)/",5670,1000,3773000,21271000000,-80,true,-1.39
"ITA",132422,"/Date(1700807091000)/",5670,12900,3772000,21265000000,-80,true,-1.39
"ITA",132422,"/Date(1700807091000)/",5670,5000,3759100,21192000000,-80,true,-1.39
"ITA",132422,"/Date(1700807091000)/",5670,200,3754100,21163000000,-80,true,-1.39
"ITA",132422,"/Date(1700807091000)/",5670,500,3753900,21162000000,-80,true,-1.39
"ITA",132422,"/Date(1700807091000)/",5670,100,3753400,21159000000,-80,true,-1.39
"ITA",132422,"/Date(1700807091000)/",5680,100,3753300,21159000000,-70,true,-1.22
"ITA",132422,"/Date(1700807091000)/",5680,500,3753200,21158000000,-70,true,-1.22
"ITA",132422,"/Date(1700807091000)/",5680,500,3752700,21155000000,-70,true,-1.22
"ITA",132422,"/Date(1700807091000)/",5680,200,3752200,21153000000,-70,true,-1.22
"ITA",132325,"/Date(1700807034000)/",5690,600,3752000,21152000000,-60,true,-1.04
"ITA",132325,"/Date(1700807033000)/",5690,18500,3751400,21148000000,-60,true,-1.04
"ITA",132315,"/Date(1700807024000)/",5700,100,3732900,21043000000,-50,false,-0.87
"ITA",132302,"/Date(1700807013000)/",5700,500,3732800,21042000000,-50,false,-0.87
"ITA",132302,"/Date(1700807013000)/",5700,800,3732300,21039000000,-50,false,-0.87
"ITA",132259,"/Date(1700807008000)/",5700,300,3731500,21035000000,-50,false,-0.87
"ITA",132256,"/Date(1700807007000)/",5690,600,3731200,21033000000,-60,true,-1.04
"ITA",132253,"/Date(1700807003000)/",5700,100,3730600,21030000000,-50,false,-0.87
"ITA",132249,"/Date(1700806998000)/",5700,4600,3730500,21029000000,-50,false,-0.87
"ITA",132249,"/Date(1700806997000)/",5690,300,3725900,21003000000,-60,true,-1.04
"ITA",132246,"/Date(1700806995000)/",5700,10000,3725600,21001000000,-50,false,-0.87
"ITA",132237,"/Date(1700806988000)/",5700,300,3715600,20944000000,-50,false,-0.87
"ITA",132237,"/Date(1700806988000)/",5700,1000,3715300,20943000000,-50,false,-0.87
"ITA",132237,"/Date(1700806988000)/",5700,25000,3714300,20937000000,-50,false,-0.87
"ITA",132237,"/Date(1700806988000)/",5700,300,3689300,20794000000,-50,false,-0.87
"ITA",132237,"/Date(1700806988000)/",5700,2000,3689000,20793000000,-50,false,-0.87
"ITA",132237,"/Date(1700806988000)/",5700,3000,3687000,20781000000,-50,false,-0.87
"ITA",132237,"/Date(1700806988000)/",5700,2000,3684000,20764000000,-50,false,-0.87
"ITA",132237,"/Date(1700806988000)/",5700,200,3682000,20753000000,-50,false,-0.87
"ITA",132237,"/Date(1700806988000)/",5700,1000,3681800,20752000000,-50,false,-0.87
"ITA",132237,"/Date(1700806988000)/",5700,36000,3680800,20746000000,-50,false,-0.87
"ITA",132237,"/Date(1700806988000)/",5700,200,3644800,20541000000,-50,false,-0.87
"ITA",132233,"/Date(1700806982000)/",5690,600,3644600,20540000000,-60,false,-1.04
"ITA",132230,"/Date(1700806981000)/",5690,1400,3644000,20536000000,-60,false,-1.04
"ITA",132230,"/Date(1700806981000)/",5690,300,3642600,20528000000,-60,false,-1.04
"ITA",132230,"/Date(1700806981000)/",5690,16900,3642300,20526000000,-60,false,-1.04
"ITA",132227,"/Date(1700806976000)/",5690,3000,3625400,20430000000,-60,false,-1.04
"ITA",132224,"/Date(1700806975000)/",5690,100,3622400,20413000000,-60,false,-1.04
"ITA",132224,"/Date(1700806975000)/",5690,100,3622300,20413000000,-60,false,-1.04
"ITA",132217,"/Date(1700806968000)/",5680,200,3622200,20412000000,-70,true,-1.22
"ITA",132205,"/Date(1700806954000)/",5680,200,3622000,20411000000,-70,true,-1.22
"ITA",132201,"/Date(1700806953000)/",5680,700,3621800,20410000000,-70,false,-1.22
"ITA",132158,"/Date(1700806949000)/",5680,100,3621100,20406000000,-70,false,-1.22
"ITA",132146,"/Date(1700806936000)/",5670,100,3621000,20405000000,-80,true,-1.39
"ITA",132142,"/Date(1700806933000)/",5670,500,3620900,20405000000,-80,true,-1.39
"ITA",132142,"/Date(1700806933000)/",5670,3600,3620400,20402000000,-80,true,-1.39
"ITA",132133,"/Date(1700806922000)/",5670,26400,3616800,20381000000,-80,false,-1.39
"ITA",132133,"/Date(1700806922000)/",5670,23600,3590400,20232000000,-80,false,-1.39
"ITA",132130,"/Date(1700806920000)/",5660,300,3566800,20098000000,-90,true,-1.57
"ITA",132120,"/Date(1700806909000)/",5660,4700,3566500,20096000000,-90,false,-1.57
"ITA",132120,"/Date(1700806909000)/",5660,500,3561800,20070000000,-90,false,-1.57
"ITA",132120,"/Date(1700806909000)/",5660,20000,3561300,20067000000,-90,false,-1.57
"ITA",132120,"/Date(1700806909000)/",5660,10000,3541300,19954000000,-90,false,-1.57
"ITA",132120,"/Date(1700806909000)/",5660,800,3531300,19897000000,-90,false,-1.57
"ITA",132114,"/Date(1700806904000)/",5650,5400,3530500,19892000000,-100,true,-1.74
"ITA",132107,"/Date(1700806897000)/",5650,10600,3525100,19862000000,-100,false,-1.74
"ITA",132107,"/Date(1700806897000)/",5650,2500,3514500,19802000000,-100,false,-1.74
"ITA",132107,"/Date(1700806897000)/",5650,2000,3512000,19788000000,-100,false,-1.74
"ITA",132107,"/Date(1700806897000)/",5650,100,3510000,19777000000,-100,false,-1.74
"ITA",132107,"/Date(1700806897000)/",5650,5000,3509900,19776000000,-100,false,-1.74
"ITA",132107,"/Date(1700806897000)/",5650,700,3504900,19748000000,-100,false,-1.74
"ITA",132107,"/Date(1700806897000)/",5650,1000,3504200,19744000000,-100,false,-1.74
"ITA",132107,"/Date(1700806897000)/",5650,2200,3503200,19738000000,-100,false,-1.74
"ITA",132107,"/Date(1700806897000)/",5650,5000,3501000,19726000000,-100,false,-1.74
"ITA",132107,"/Date(1700806897000)/",5650,300,3496000,19698000000,-100,false,-1.74
"ITA",132104,"/Date(1700806895000)/",5640,10000,3495700,19696000000,-110,true,-1.91
"ITA",132058,"/Date(1700806888000)/",5640,500,3485700,19639000000,-110,true,-1.91
"ITA",132051,"/Date(1700806882000)/",5640,2500,3485200,19637000000,-110,false,-1.91
"ITA",132051,"/Date(1700806882000)/",5640,200,3482700,19623000000,-110,false,-1.91
"ITA",132051,"/Date(1700806882000)/",5640,500,3482500,19621000000,-110,false,-1.91
"ITA",132051,"/Date(1700806882000)/",5640,5000,3482000,19619000000,-110,false,-1.91
"ITA",132051,"/Date(1700806882000)/",5640,7800,3477000,19590000000,-110,false,-1.91
"ITA",132051,"/Date(1700806881000)/",5640,100,3469200,19546000000,-110,false,-1.91
"ITA",132048,"/Date(1700806876000)/",5640,100,3469100,19546000000,-110,false,-1.91
"ITA",132042,"/Date(1700806872000)/",5640,1000,3469000,19545000000,-110,false,-1.91
"ITA",132039,"/Date(1700806868000)/",5640,1000,3468000,19540000000,-110,false,-1.91
"ITA",132032,"/Date(1700806861000)/",5630,1000,3467000,19534000000,-120,true,-2.09
"ITA",132016,"/Date(1700806846000)/",5630,1000,3466000,19528000000,-120,true,-2.09
"ITA",132000,"/Date(1700806830000)/",5630,300,3465000,19523000000,-120,false,-2.09
"ITA",132000,"/Date(1700806830000)/",5630,1000,3464700,19521000000,-120,false,-2.09
"ITA",132000,"/Date(1700806830000)/",5630,300,3463700,19515000000,-120,false,-2.09
"ITA",132000,"/Date(1700806830000)/",5630,100,3463400,19514000000,-120,false,-2.09
"ITA",132000,"/Date(1700806830000)/",5630,500,3463300,19513000000,-120,false,-2.09
"ITA",132000,"/Date(1700806830000)/",5630,100,3462800,19510000000,-120,false,-2.09
"ITA",131951,"/Date(1700806820000)/",5630,100,3462700,19510000000,-120,false,-2.09
"ITA",131948,"/Date(1700806818000)/",5630,4000,3462600,19509000000,-120,false,-2.09
"ITA",131948,"/Date(1700806817000)/",5630,400,3458600,19487000000,-120,false,-2.09
"ITA",131941,"/Date(1700806812000)/",5630,100,3458200,19484000000,-120,false,-2.09
"ITA",131938,"/Date(1700806808000)/",5630,300,3458100,19484000000,-120,false,-2.09
"ITA",131938,"/Date(1700806808000)/",5630,700,3457800,19482000000,-120,false,-2.09
"ITA",131932,"/Date(1700806801000)/",5630,300,3457100,19478000000,-120,false,-2.09
"ITA",131932,"/Date(1700806801000)/",5630,100,3456800,19477000000,-120,false,-2.09
"ITA",131932,"/Date(1700806801000)/",5630,1600,3456700,19476000000,-120,false,-2.09
"ITA",131932,"/Date(1700806800000)/",5630,2000,3455100,19467000000,-120,false,-2.09
"ITA",131853,"/Date(1700806761000)/",5630,100,3453100,19456000000,-120,false,-2.09
"ITA",131831,"/Date(1700806740000)/",5630,500,3453000,19455000000,-120,false,-2.09
"ITA",131828,"/Date(1700806739000)/",5630,200,3452500,19452000000,-120,false,-2.09
"ITA",131809,"/Date(1700806718000)/",5630,300,3452300,19451000000,-120,false,-2.09
"ITA",131746,"/Date(1700806694000)/",5620,100,3452000,19450000000,-130,true,-2.26
"ITA",131746,"/Date(1700806694000)/",5630,800,3451900,19449000000,-120,false,-2.09
"ITA",131724,"/Date(1700806673000)/",5630,500,3451100,19444000000,-120,false,-2.09
"ITA",131705,"/Date(1700806652000)/",5620,200,3450600,19442000000,-130,true,-2.26
"ITA",131645,"/Date(1700806633000)/",5620,100,3450400,19441000000,-130,false,-2.26
"ITA",131642,"/Date(1700806633000)/",5620,200,3450300,19440000000,-130,false,-2.26
"ITA",131636,"/Date(1700806624000)/",5620,200,3450100,19439000000,-130,false,-2.26
"ITA",131630,"/Date(1700806620000)/",5620,800,3449900,19438000000,-130,false,-2.26
"ITA",131630,"/Date(1700806619000)/",5620,200,3449100,19433000000,-130,false,-2.26
"ITA",131623,"/Date(1700806612000)/",5620,700,3448900,19432000000,-130,false,-2.26
"ITA",131610,"/Date(1700806601000)/",5620,200,3448200,19428000000,-130,false,-2.26
"ITA",131604,"/Date(1700806593000)/",5610,200,3448000,19427000000,-140,true,-2.43
"ITA",131551,"/Date(1700806580000)/",5610,200,3447800,19426000000,-140,true,-2.43
"ITA",131529,"/Date(1700806558000)/",5610,500,3447600,19425000000,-140,true,-2.43
"ITA",131529,"/Date(1700806557000)/",5620,3600,3447100,19422000000,-130,false,-2.26
"ITA",131529,"/Date(1700806557000)/",5620,300,3443500,19402000000,-130,false,-2.26
"ITA",131529,"/Date(1700806557000)/",5620,1000,3443200,19400000000,-130,false,-2.26
"ITA",131529,"/Date(1700806557000)/",5620,100,3442200,19394000000,-130,false,-2.26
"ITA",131509,"/Date(1700806539000)/",5620,1000,3442100,19394000000,-130,false,-2.26
"ITA",131500,"/Date(1700806530000)/",5620,4000,3441100,19388000000,-130,false,-2.26
"ITA",131500,"/Date(1700806530000)/",5620,1000,3437100,19366000000,-130,false,-2.26
"ITA",131428,"/Date(1700806496000)/",5610,300,3436100,19360000000,-140,false,-2.43
"ITA",131428,"/Date(1700806496000)/",5610,800,3435800,19359000000,-140,false,-2.43
"ITA",131421,"/Date(1700806490000)/",5610,200,3435000,19354000000,-140,false,-2.43
"ITA",131421,"/Date(1700806490000)/",5610,800,3434800,19353000000,-140,false,-2.43
"ITA",131421,"/Date(1700806489000)/",5610,1200,3434000,19348000000,-140,false,-2.43
"ITA",131421,"/Date(1700806489000)/",5610,800,3432800,19342000000,-140,false,-2.43
"ITA",131415,"/Date(1700806485000)/",5610,200,3432000,19337000000,-140,false,-2.43
"ITA",131359,"/Date(1700806470000)/",5600,200,3431800,19336000000,-150,true,-2.61
"ITA",131359,"/Date(1700806470000)/",5600,500,3431600,19335000000,-150,true,-2.61
"ITA",131359,"/Date(1700806470000)/",5600,1000,3431100,19332000000,-150,true,-2.61
"ITA",131359,"/Date(1700806470000)/",5600,100,3430100,19327000000,-150,true,-2.61
"ITA",131359,"/Date(1700806470000)/",5600,2000,3430000,19326000000,-150,true,-2.61
"ITA",131359,"/Date(1700806470000)/",5600,1000,3428000,19315000000,-150,true,-2.61
"ITA",131359,"/Date(1700806470000)/",5600,500,3427000,19309000000,-150,true,-2.61
"ITA",131359,"/Date(1700806470000)/",5600,200,3426500,19306000000,-150,true,-2.61
"ITA",131327,"/Date(1700806435000)/",5610,6600,3426300,19305000000,-140,false,-2.43
"ITA",131318,"/Date(1700806428000)/",5600,1000,3419700,19268000000,-150,true,-2.61
"ITA",131308,"/Date(1700806416000)/",5610,100,3418700,19263000000,-140,false,-2.43
"ITA",131305,"/Date(1700806414000)/",5610,13100,3418600,19262000000,-140,false,-2.43
"ITA",131305,"/Date(1700806414000)/",5610,1000,3405500,19189000000,-140,false,-2.43
"ITA",131305,"/Date(1700806414000)/",5610,900,3404500,19183000000,-140,false,-2.43
"ITA",131148,"/Date(1700806337000)/",5600,3600,3403600,19178000000,-150,true,-2.61
"ITA",131139,"/Date(1700806327000)/",5600,1100,3400000,19158000000,-150,true,-2.61
"ITA",131101,"/Date(1700806290000)/",5600,4800,3398900,19152000000,-150,true,-2.61
"ITA",131101,"/Date(1700806290000)/",5600,200,3394100,19125000000,-150,true,-2.61
"ITA",131013,"/Date(1700806240000)/",5600,100,3393900,19124000000,-150,true,-2.61
"ITA",131013,"/Date(1700806240000)/",5600,100,3393800,19123000000,-150,true,-2.61
"ITA",131013,"/Date(1700806240000)/",5600,800,3393700,19122000000,-150,true,-2.61
"ITA",131009,"/Date(1700806239000)/",5610,100,3392900,19118000000,-140,false,-2.43
"ITA",130928,"/Date(1700806195000)/",5600,500,3392800,19117000000,-150,true,-2.61
"ITA",130922,"/Date(1700806190000)/",5600,100,3392300,19115000000,-150,true,-2.61
"ITA",130909,"/Date(1700806179000)/",5600,200,3392200,19114000000,-150,false,-2.61
"ITA",130909,"/Date(1700806179000)/",5600,400,3392000,19113000000,-150,false,-2.61
"ITA",130856,"/Date(1700806164000)/",5600,500,3391600,19111000000,-150,false,-2.61
"ITA",130853,"/Date(1700806160000)/",5600,300,3391100,19108000000,-150,false,-2.61
"ITA",130853,"/Date(1700806160000)/",5600,100,3390800,19106000000,-150,false,-2.61
"ITA",130853,"/Date(1700806160000)/",5600,200,3390700,19106000000,-150,false,-2.61
"ITA",130853,"/Date(1700806160000)/",5600,400,3390500,19105000000,-150,false,-2.61
"ITA",130850,"/Date(1700806158000)/",5600,200,3390100,19102000000,-150,false,-2.61
"ITA",130843,"/Date(1700806151000)/",5600,1000,3389900,19101000000,-150,false,-2.61
"ITA",130837,"/Date(1700806146000)/",5600,3000,3388900,19096000000,-150,false,-2.61
"ITA",130837,"/Date(1700806146000)/",5600,5000,3385900,19079000000,-150,false,-2.61
"ITA",130834,"/Date(1700806141000)/",5600,2000,3380900,19051000000,-150,false,-2.61
"ITA",130818,"/Date(1700806127000)/",5600,300,3378900,19040000000,-150,false,-2.61
"ITA",130811,"/Date(1700806120000)/",5600,18100,3378600,19038000000,-150,true,-2.61
"ITA",130811,"/Date(1700806120000)/",5600,200,3360500,18937000000,-150,true,-2.61
"ITA",130802,"/Date(1700806109000)/",5600,1700,3360300,18935000000,-150,false,-2.61
"ITA",130752,"/Date(1700806099000)/",5600,100,3358600,18926000000,-150,true,-2.61
"ITA",130752,"/Date(1700806099000)/",5600,500,3358500,18925000000,-150,true,-2.61
"ITA",130752,"/Date(1700806099000)/",5600,100,3358000,18923000000,-150,true,-2.61
"ITA",130752,"/Date(1700806099000)/",5600,400,3357900,18922000000,-150,true,-2.61
"ITA",130746,"/Date(1700806095000)/",5600,100,3357500,18920000000,-150,true,-2.61
"ITA",130743,"/Date(1700806092000)/",5600,500,3357400,18919000000,-150,true,-2.61
"ITA",130743,"/Date(1700806092000)/",5600,100,3356900,18916000000,-150,true,-2.61
"ITA",130743,"/Date(1700806092000)/",5600,500,3356800,18916000000,-150,true,-2.61
"ITA",130743,"/Date(1700806090000)/",5600,700,3356300,18913000000,-150,true,-2.61
"ITA",130743,"/Date(1700806090000)/",5600,100,3355600,18909000000,-150,true,-2.61
"ITA",130743,"/Date(1700806090000)/",5600,200,3355500,18909000000,-150,true,-2.61
"ITA",130736,"/Date(1700806084000)/",5600,500,3355300,18907000000,-150,true,-2.61
"ITA",130730,"/Date(1700806079000)/",5600,2700,3354800,18905000000,-150,true,-2.61
"ITA",130720,"/Date(1700806070000)/",5600,200,3352100,18890000000,-150,true,-2.61
"ITA",130714,"/Date(1700806063000)/",5600,1400,3351900,18888000000,-150,true,-2.61
"ITA",130714,"/Date(1700806063000)/",5600,1000,3350500,18881000000,-150,true,-2.61
"ITA",130714,"/Date(1700806063000)/",5600,500,3349500,18875000000,-150,true,-2.61
"ITA",130714,"/Date(1700806063000)/",5600,1100,3349000,18872000000,-150,true,-2.61
"ITA",130704,"/Date(1700806053000)/",5600,400,3347900,18866000000,-150,true,-2.61
"ITA",130701,"/Date(1700806050000)/",5600,500,3347500,18864000000,-150,true,-2.61
"ITA",130655,"/Date(1700806042000)/",5600,100,3347000,18861000000,-150,true,-2.61
"ITA",130655,"/Date(1700806042000)/",5600,1900,3346900,18860000000,-150,true,-2.61
"ITA",130655,"/Date(1700806042000)/",5600,1000,3345000,18850000000,-150,true,-2.61
"ITA",130648,"/Date(1700806036000)/",5600,100,3344000,18844000000,-150,true,-2.61
"ITA",130648,"/Date(1700806036000)/",5600,500,3343900,18844000000,-150,true,-2.61
"ITA",130648,"/Date(1700806036000)/",5600,3400,3343400,18841000000,-150,true,-2.61
"ITA",130620,"/Date(1700806008000)/",5600,100,3340000,18822000000,-150,true,-2.61
"ITA",130607,"/Date(1700805995000)/",5600,1000,3339900,18821000000,-150,false,-2.61
"ITA",130607,"/Date(1700805995000)/",5600,15500,3338900,18816000000,-150,false,-2.61
"ITA",130600,"/Date(1700805988000)/",5600,4500,3323400,18729000000,-150,false,-2.61
"ITA",130600,"/Date(1700805988000)/",5600,500,3318900,18704000000,-150,false,-2.61
"ITA",130551,"/Date(1700805980000)/",5600,100,3318400,18701000000,-150,false,-2.61
"ITA",130541,"/Date(1700805964000)/",5600,1200,3318300,18700000000,-150,false,-2.61
"ITA",130450,"/Date(1700805920000)/",5600,1900,3317100,18694000000,-150,false,-2.61
"ITA",130431,"/Date(1700805899000)/",5600,100,3315200,18683000000,-150,false,-2.61
"ITA",130431,"/Date(1700805899000)/",5600,200,3315100,18682000000,-150,false,-2.61
"ITA",130425,"/Date(1700805892000)/",5600,500,3314900,18681000000,-150,true,-2.61
"ITA",130406,"/Date(1700805873000)/",5600,3000,3314400,18678000000,-150,true,-2.61
"ITA",130359,"/Date(1700805866000)/",5600,100,3311400,18662000000,-150,true,-2.61
"ITA",130343,"/Date(1700805853000)/",5600,700,3311300,18661000000,-150,true,-2.61
"ITA",130343,"/Date(1700805853000)/",5600,4500,3310600,18657000000,-150,true,-2.61
"ITA",130337,"/Date(1700805845000)/",5600,500,3306100,18632000000,-150,true,-2.61
"ITA",130334,"/Date(1700805842000)/",5600,1000,3305600,18629000000,-150,true,-2.61
"ITA",130327,"/Date(1700805835000)/",5600,4000,3304600,18624000000,-150,true,-2.61
"ITA",130327,"/Date(1700805835000)/",5600,100,3300600,18601000000,-150,true,-2.61
"ITA",130327,"/Date(1700805835000)/",5600,100,3300500,18601000000,-150,true,-2.61
"ITA",130308,"/Date(1700805816000)/",5600,1100,3300400,18600000000,-150,true,-2.61
"ITA",130308,"/Date(1700805816000)/",5600,5900,3299300,18594000000,-150,true,-2.61
"ITA",130252,"/Date(1700805801000)/",5610,5000,3293400,18561000000,-140,false,-2.43
"ITA",130246,"/Date(1700805793000)/",5600,500,3288400,18533000000,-150,true,-2.61
"ITA",130233,"/Date(1700805783000)/",5600,500,3287900,18530000000,-150,true,-2.61
"ITA",130233,"/Date(1700805781000)/",5600,200,3287400,18527000000,-150,true,-2.61
"ITA",130220,"/Date(1700805769000)/",5600,2900,3287200,18526000000,-150,false,-2.61
"ITA",130220,"/Date(1700805768000)/",5600,900,3284300,18510000000,-150,false,-2.61
"ITA",130211,"/Date(1700805758000)/",5600,100,3283400,18505000000,-150,false,-2.61
"ITA",130201,"/Date(1700805749000)/",5600,1100,3283300,18504000000,-150,true,-2.61
"ITA",130158,"/Date(1700805747000)/",5600,8900,3282200,18498000000,-150,true,-2.61
"ITA",130158,"/Date(1700805747000)/",5600,1000,3273300,18448000000,-150,true,-2.61
"ITA",130158,"/Date(1700805747000)/",5600,1900,3272300,18443000000,-150,true,-2.61
"ITA",130158,"/Date(1700805747000)/",5600,1000,3270400,18432000000,-150,true,-2.61
"ITA",130158,"/Date(1700805747000)/",5600,5000,3269400,18426000000,-150,true,-2.61
"ITA",130158,"/Date(1700805747000)/",5600,2200,3264400,18398000000,-150,true,-2.61
"ITA",130110,"/Date(1700805698000)/",5600,200,3262200,18386000000,-150,true,-2.61
"ITA",130104,"/Date(1700805692000)/",5600,500,3262000,18385000000,-150,true,-2.61
"ITA",130042,"/Date(1700805670000)/",5600,300,3261500,18382000000,-150,true,-2.61
"ITA",130038,"/Date(1700805665000)/",5600,6800,3261200,18380000000,-150,true,-2.61
"ITA",130038,"/Date(1700805665000)/",5600,500,3254400,18342000000,-150,true,-2.61
"ITA",130010,"/Date(1700805631000)/",5600,200,3253900,18340000000,-150,false,-2.61
"ITA",130010,"/Date(1700805631000)/",5600,200,3253700,18338000000,-150,false,-2.61
"ITA",130010,"/Date(1700805631000)/",5600,1100,3253500,18337000000,-150,false,-2.61
"ITA",130006,"/Date(1700805622000)/",5600,100,3252400,18331000000,-150,false,-2.61
"ITA",130003,"/Date(1700805618000)/",5600,100,3252300,18331000000,-150,true,-2.61
"ITA",130003,"/Date(1700805618000)/",5600,100,3252200,18330000000,-150,true,-2.61
"ITA",130003,"/Date(1700805618000)/",5600,200,3252100,18329000000,-150,true,-2.61
"ITA",130003,"/Date(1700805618000)/",5600,100,3251900,18328000000,-150,true,-2.61
"ITA",130003,"/Date(1700805618000)/",5600,500,3251800,18328000000,-150,true,-2.61
"ITA",130003,"/Date(1700805618000)/",5600,3000,3251300,18325000000,-150,true,-2.61
"ITA",130003,"/Date(1700805618000)/",5600,2000,3248300,18308000000,-150,true,-2.61
"ITA",130003,"/Date(1700805618000)/",5600,100,3246300,18297000000,-150,true,-2.61
"ITA",130003,"/Date(1700805618000)/",5600,5000,3246200,18296000000,-150,true,-2.61
"ITA",130003,"/Date(1700805618000)/",5600,100,3241200,18268000000,-150,true,-2.61
"ITA",130003,"/Date(1700805618000)/",5600,5600,3241100,18268000000,-150,true,-2.61
"ITA",130000,"/Date(1700805609000)/",5600,5000,3235500,18237000000,-150,true,-2.61
"ITA",125957,"/Date(1700805609000)/",5600,1100,3230500,18209000000,-150,true,-2.61
"ITA",125957,"/Date(1700805608000)/",5610,100,3229400,18202000000,-140,false,-2.43
"ITA",125957,"/Date(1700805608000)/",5600,2900,3229300,18202000000,-150,true,-2.61
"ITA",125957,"/Date(1700805607000)/",5600,5000,3226400,18186000000,-150,true,-2.61
"ITA",125957,"/Date(1700805606000)/",5600,2000,3221400,18158000000,-150,true,-2.61
"ITA",125957,"/Date(1700805606000)/",5600,100,3219400,18146000000,-150,true,-2.61
"ITA",125954,"/Date(1700805605000)/",5610,200,3219300,18146000000,-140,false,-2.43
"ITA",125954,"/Date(1700805605000)/",5610,2000,3219100,18145000000,-140,false,-2.43
"ITA",125954,"/Date(1700805605000)/",5610,2000,3217100,18133000000,-140,false,-2.43
"ITA",125950,"/Date(1700805605000)/",5610,3000,3215100,18122000000,-140,false,-2.43
"ITA",125950,"/Date(1700805605000)/",5610,200,3212100,18105000000,-140,false,-2.43
"ITA",112923,"/Date(1700800181000)/",5610,700,3211900,18104000000,-140,false,-2.43
