"Stockcode","Package","TradingDate","Price","Vol","TotalVol","TotalVal","Change","IsBuy","PerChange"
"MWG",144431,"/Date(1700811903000)/",38550,1054200,11181000,423364000000,1250,false,3.35
"MWG",142923,"/Date(1700811000000)/",38100,2000,10126800,382726000000,800,false,2.14
"MWG",142923,"/Date(1700810999000)/",38100,200,10124800,382649000000,800,false,2.14
"MWG",142923,"/Date(1700810999000)/",38100,100,10124600,382642000000,800,false,2.14
"MWG",142923,"/Date(1700810999000)/",38100,300,10124500,382638000000,800,false,2.14
"MWG",142923,"/Date(1700810998000)/",38100,2900,10124200,382627000000,800,false,2.14
"MWG",142920,"/Date(1700810995000)/",38100,200,10121300,382516000000,800,false,2.14
"MWG",142920,"/Date(1700810995000)/",38100,100,10121100,382509000000,800,false,2.14
"MWG",142917,"/Date(1700810994000)/",38100,500,10121000,382505000000,800,false,2.14
"MWG",142914,"/Date(1700810989000)/",38100,500,10120500,382486000000,800,false,2.14
"MWG",142914,"/Date(1700810989000)/",38100,500,10120000,382467000000,800,false,2.14
"MWG",142914,"/Date(1700810989000)/",38050,100,10119500,382448000000,750,true,2.01
"MWG",142910,"/Date(1700810987000)/",38100,5000,10119400,382444000000,800,false,2.14
"MWG",142907,"/Date(1700810984000)/",38100,2000,10114400,382253000000,800,false,2.14
"MWG",142907,"/Date(1700810984000)/",38100,4000,10112400,382177000000,800,false,2.14
"MWG",142907,"/Date(1700810983000)/",38100,2600,10108400,382025000000,800,false,2.14
"MWG",142904,"/Date(1700810981000)/",38100,100,10105800,381926000000,800,false,2.14
"MWG",142904,"/Date(1700810981000)/",38100,1300,10105700,381922000000,800,false,2.14
"MWG",142904,"/Date(1700810981000)/",38100,700,10104400,381872000000,800,false,2.14
"MWG",142904,"/Date(1700810981000)/",38100,5000,10103700,381846000000,800,false,2.14
"MWG",142904,"/Date(1700810981000)/",38100,1000,10098700,381655000000,800,false,2.14
"MWG",142904,"/Date(1700810978000)/",38050,200,10097700,381617000000,750,true,2.01
"MWG",142901,"/Date(1700810977000)/",38100,100,10097500,381609000000,800,false,2.14
"MWG",142901,"/Date(1700810975000)/",38100,500,10097400,381606000000,800,false,2.14
"MWG",142858,"/Date(1700810975000)/",38100,500,10096900,381587000000,800,false,2.14
"MWG",142858,"/Date(1700810974000)/",38100,300,10096400,381567000000,800,false,2.14
"MWG",142858,"/Date(1700810973000)/",38100,200,10096100,381556000000,800,false,2.14
"MWG",142854,"/Date(1700810971000)/",38100,500,10095900,381548000000,800,false,2.14
"MWG",142854,"/Date(1700810971000)/",38100,200,10095400,381529000000,800,false,2.14
"MWG",142854,"/Date(1700810970000)/",38100,100,10095200,381522000000,800,false,2.14
"MWG",142854,"/Date(1700810969000)/",38100,100,10095100,381518000000,800,false,2.14
"MWG",142851,"/Date(1700810966000)/",38100,100,10095000,381514000000,800,false,2.14
"MWG",142848,"/Date(1700810965000)/",38100,1000,10094900,381510000000,800,false,2.14
"MWG",142848,"/Date(1700810965000)/",38100,9700,10093900,381472000000,800,false,2.14
"MWG",142848,"/Date(1700810965000)/",38100,100,10084200,381103000000,800,false,2.14
"MWG",142848,"/Date(1700810965000)/",38100,100,10084100,381099000000,800,false,2.14
"MWG",142848,"/Date(1700810965000)/",38100,100,10084000,381095000000,800,false,2.14
"MWG",142848,"/Date(1700810965000)/",38100,100,10083900,381091000000,800,false,2.14
"MWG",142848,"/Date(1700810965000)/",38100,400,10083800,381087000000,800,false,2.14
"MWG",142845,"/Date(1700810962000)/",38100,100,10083400,381072000000,800,false,2.14
"MWG",142845,"/Date(1700810961000)/",38100,500,10083300,381068000000,800,false,2.14
"MWG",142845,"/Date(1700810961000)/",38100,1500,10082800,381049000000,800,false,2.14
"MWG",142845,"/Date(1700810960000)/",38100,1000,10081300,380992000000,800,false,2.14
"MWG",142841,"/Date(1700810958000)/",38100,1500,10080300,380954000000,800,false,2.14
"MWG",142841,"/Date(1700810958000)/",38100,100,10078800,380897000000,800,false,2.14
"MWG",142841,"/Date(1700810957000)/",38100,500,10078700,380893000000,800,false,2.14
"MWG",142841,"/Date(1700810956000)/",38100,200,10078200,380874000000,800,false,2.14
"MWG",142835,"/Date(1700810951000)/",38100,2000,10078000,380866000000,800,false,2.14
"MWG",142835,"/Date(1700810951000)/",38050,400,10076000,380790000000,750,false,2.01
"MWG",142835,"/Date(1700810950000)/",38050,100,10075600,380775000000,750,false,2.01
"MWG",142835,"/Date(1700810950000)/",38050,100,10075500,380771000000,750,false,2.01
"MWG",142835,"/Date(1700810950000)/",38050,100,10075400,380767000000,750,false,2.01
"MWG",142835,"/Date(1700810950000)/",38050,3000,10075300,380764000000,750,false,2.01
"MWG",142835,"/Date(1700810950000)/",38050,100,10072300,380649000000,750,false,2.01
"MWG",142835,"/Date(1700810950000)/",38050,5800,10072200,380646000000,750,false,2.01
"MWG",142835,"/Date(1700810950000)/",38050,100,10066400,380425000000,750,false,2.01
"MWG",142835,"/Date(1700810950000)/",38050,400,10066300,380421000000,750,false,2.01
"MWG",142835,"/Date(1700810949000)/",38050,100,10065900,380406000000,750,false,2.01
"MWG",142832,"/Date(1700810947000)/",38050,3600,10065800,380402000000,750,false,2.01
"MWG",142832,"/Date(1700810947000)/",38050,300,10062200,380265000000,750,false,2.01
"MWG",142832,"/Date(1700810947000)/",38050,200,10061900,380254000000,750,false,2.01
"MWG",142832,"/Date(1700810947000)/",38050,300,10061700,380246000000,750,false,2.01
"MWG",142832,"/Date(1700810947000)/",38050,500,10061400,380235000000,750,false,2.01
"MWG",142832,"/Date(1700810947000)/",38050,100,10060900,380216000000,750,false,2.01
"MWG",142832,"/Date(1700810947000)/",38050,100,10060800,380212000000,750,false,2.01
"MWG",142832,"/Date(1700810947000)/",38050,200,10060700,380208000000,750,false,2.01
"MWG",142832,"/Date(1700810947000)/",38050,1900,10060500,380200000000,750,false,2.01
"MWG",142832,"/Date(1700810946000)/",38050,8000,10058600,380128000000,750,false,2.01
"MWG",142829,"/Date(1700810945000)/",38050,100,10050600,379824000000,750,false,2.01
"MWG",142829,"/Date(1700810945000)/",38050,100,10050500,379820000000,750,false,2.01
"MWG",142829,"/Date(1700810943000)/",38050,100,10050400,379816000000,750,false,2.01
"MWG",142829,"/Date(1700810943000)/",38050,1000,10050300,379812000000,750,false,2.01
"MWG",142826,"/Date(1700810941000)/",38050,200,10049300,379774000000,750,false,2.01
"MWG",142826,"/Date(1700810940000)/",38050,200,10049100,379767000000,750,false,2.01
"MWG",142822,"/Date(1700810939000)/",38050,1500,10048900,379759000000,750,false,2.01
"MWG",142822,"/Date(1700810937000)/",38050,200,10047400,379702000000,750,false,2.01
"MWG",142819,"/Date(1700810935000)/",38050,500,10047200,379694000000,750,false,2.01
"MWG",142819,"/Date(1700810935000)/",38050,6000,10046700,379675000000,750,false,2.01
"MWG",142816,"/Date(1700810932000)/",38050,200,10040700,379447000000,750,false,2.01
"MWG",142816,"/Date(1700810932000)/",38050,4800,10040500,379439000000,750,false,2.01
"MWG",142816,"/Date(1700810932000)/",38050,200,10035700,379257000000,750,false,2.01
"MWG",142816,"/Date(1700810932000)/",38050,100,10035500,379249000000,750,false,2.01
"MWG",142816,"/Date(1700810932000)/",38050,7500,10035400,379245000000,750,false,2.01
"MWG",142816,"/Date(1700810932000)/",38050,200,10027900,378960000000,750,false,2.01
"MWG",142806,"/Date(1700810921000)/",38000,500,10027700,378952000000,700,true,1.88
"MWG",142800,"/Date(1700810917000)/",38050,500,10027200,378933000000,750,false,2.01
"MWG",142800,"/Date(1700810916000)/",38050,1500,10026700,378914000000,750,false,2.01
"MWG",142757,"/Date(1700810912000)/",38050,100,10025200,378857000000,750,false,2.01
"MWG",142754,"/Date(1700810910000)/",38050,1000,10025100,378853000000,750,false,2.01
"MWG",142754,"/Date(1700810910000)/",38050,300,10024100,378815000000,750,false,2.01
"MWG",142754,"/Date(1700810910000)/",38050,8900,10023800,378804000000,750,false,2.01
"MWG",142754,"/Date(1700810910000)/",38050,1100,10014900,378465000000,750,false,2.01
"MWG",142750,"/Date(1700810905000)/",38000,200,10013800,378424000000,700,true,1.88
"MWG",142747,"/Date(1700810904000)/",38000,800,10013600,378416000000,700,true,1.88
"MWG",142747,"/Date(1700810904000)/",38000,500,10012800,378386000000,700,true,1.88
"MWG",142747,"/Date(1700810904000)/",38000,700,10012300,378367000000,700,true,1.88
"MWG",142741,"/Date(1700810897000)/",38000,500,10011600,378340000000,700,true,1.88
"MWG",142741,"/Date(1700810896000)/",38050,900,10011100,378321000000,750,false,2.01
"MWG",142741,"/Date(1700810896000)/",38050,400,10010200,378287000000,750,false,2.01
"MWG",142734,"/Date(1700810892000)/",38050,7000,10009800,378271000000,750,false,2.01
"MWG",142728,"/Date(1700810884000)/",38050,1200,10002800,378005000000,750,false,2.01
"MWG",142725,"/Date(1700810882000)/",38000,100,10001600,377959000000,700,false,1.88
"MWG",142725,"/Date(1700810882000)/",38000,1000,10001500,377956000000,700,false,1.88
"MWG",142725,"/Date(1700810882000)/",38000,400,10000500,377918000000,700,false,1.88
"MWG",142725,"/Date(1700810881000)/",38000,100,10000100,377902000000,700,false,1.88
"MWG",142725,"/Date(1700810880000)/",38000,500,10000000,377899000000,700,false,1.88
"MWG",142725,"/Date(1700810880000)/",38000,300,9999500,377880000000,700,false,1.88
"MWG",142725,"/Date(1700810880000)/",38000,1000,9999200,377868000000,700,false,1.88
"MWG",142725,"/Date(1700810880000)/",38000,200,9998200,377830000000,700,false,1.88
"MWG",142722,"/Date(1700810877000)/",38000,200,9998000,377823000000,700,false,1.88
"MWG",142722,"/Date(1700810877000)/",38000,500,9997800,377815000000,700,false,1.88
"MWG",142718,"/Date(1700810875000)/",38000,1100,9997300,377796000000,700,false,1.88
"MWG",142718,"/Date(1700810875000)/",38000,200,9996200,377754000000,700,false,1.88
"MWG",142718,"/Date(1700810875000)/",38000,800,9996000,377747000000,700,false,1.88
"MWG",142718,"/Date(1700810875000)/",38000,2900,9995200,377716000000,700,false,1.88
"MWG",142718,"/Date(1700810874000)/",37950,4600,9992300,377606000000,650,true,1.74
"MWG",142718,"/Date(1700810874000)/",37950,400,9987700,377431000000,650,true,1.74
"MWG",142718,"/Date(1700810874000)/",38000,2100,9987300,377416000000,700,false,1.88
"MWG",142718,"/Date(1700810874000)/",38000,500,9985200,377337000000,700,false,1.88
"MWG",142718,"/Date(1700810874000)/",38000,4500,9984700,377318000000,700,false,1.88
"MWG",142718,"/Date(1700810874000)/",38000,30000,9980200,377147000000,700,false,1.88
"MWG",142718,"/Date(1700810874000)/",38000,1000,9950200,376007000000,700,false,1.88
"MWG",142718,"/Date(1700810874000)/",38000,300,9949200,375969000000,700,false,1.88
"MWG",142718,"/Date(1700810874000)/",38000,1000,9948900,375957000000,700,false,1.88
"MWG",142718,"/Date(1700810874000)/",38000,200,9947900,375919000000,700,false,1.88
"MWG",142718,"/Date(1700810874000)/",38000,2000,9947700,375912000000,700,false,1.88
"MWG",142718,"/Date(1700810874000)/",38000,100,9945700,375836000000,700,false,1.88
"MWG",142718,"/Date(1700810874000)/",38000,600,9945600,375832000000,700,false,1.88
"MWG",142718,"/Date(1700810874000)/",38000,100,9945000,375809000000,700,false,1.88
"MWG",142718,"/Date(1700810874000)/",38000,300,9944900,375805000000,700,false,1.88
"MWG",142718,"/Date(1700810874000)/",38000,500,9944600,375794000000,700,false,1.88
"MWG",142718,"/Date(1700810874000)/",38000,2000,9944100,375775000000,700,false,1.88
"MWG",142718,"/Date(1700810874000)/",38000,2000,9942100,375699000000,700,false,1.88
"MWG",142718,"/Date(1700810874000)/",38000,30000,9940100,375623000000,700,false,1.88
"MWG",142718,"/Date(1700810874000)/",38000,100,9910100,374483000000,700,false,1.88
"MWG",142718,"/Date(1700810874000)/",38000,200,9910000,374479000000,700,false,1.88
"MWG",142718,"/Date(1700810874000)/",38000,300,9909800,374471000000,700,false,1.88
"MWG",142718,"/Date(1700810874000)/",38000,6000,9909500,374460000000,700,false,1.88
"MWG",142718,"/Date(1700810874000)/",38000,100,9903500,374232000000,700,false,1.88
"MWG",142718,"/Date(1700810874000)/",38000,500,9903400,374228000000,700,false,1.88
"MWG",142718,"/Date(1700810874000)/",38000,3000,9902900,374209000000,700,false,1.88
"MWG",142718,"/Date(1700810874000)/",38000,1000,9899900,374095000000,700,false,1.88
"MWG",142718,"/Date(1700810874000)/",38000,100,9898900,374057000000,700,false,1.88
"MWG",142718,"/Date(1700810874000)/",38000,2000,9898800,374053000000,700,false,1.88
"MWG",142718,"/Date(1700810874000)/",38000,100,9896800,373977000000,700,false,1.88
"MWG",142718,"/Date(1700810874000)/",38000,300,9896700,373974000000,700,false,1.88
"MWG",142718,"/Date(1700810874000)/",38000,100,9896400,373962000000,700,false,1.88
"MWG",142718,"/Date(1700810874000)/",38000,1500,9896300,373958000000,700,false,1.88
"MWG",142718,"/Date(1700810874000)/",38000,500,9894800,373901000000,700,false,1.88
"MWG",142718,"/Date(1700810874000)/",38000,200,9894300,373882000000,700,false,1.88
"MWG",142718,"/Date(1700810874000)/",38000,100,9894100,373875000000,700,false,1.88
"MWG",142718,"/Date(1700810874000)/",38000,500,9894000,373871000000,700,false,1.88
"MWG",142718,"/Date(1700810874000)/",38000,500,9893500,373852000000,700,false,1.88
"MWG",142718,"/Date(1700810874000)/",38000,100,9893000,373833000000,700,false,1.88
"MWG",142718,"/Date(1700810874000)/",38000,2000,9892900,373829000000,700,false,1.88
"MWG",142718,"/Date(1700810874000)/",38000,100,9890900,373753000000,700,false,1.88
"MWG",142718,"/Date(1700810874000)/",38000,400,9890800,373749000000,700,false,1.88
"MWG",142718,"/Date(1700810874000)/",38000,2000,9890400,373734000000,700,false,1.88
"MWG",142718,"/Date(1700810874000)/",38000,500,9888400,373658000000,700,false,1.88
"MWG",142718,"/Date(1700810874000)/",38000,600,9887900,373639000000,700,false,1.88
"MWG",142715,"/Date(1700810872000)/",38000,200,9887300,373616000000,700,false,1.88
"MWG",142715,"/Date(1700810872000)/",38000,1000,9887100,373609000000,700,false,1.88
"MWG",142715,"/Date(1700810872000)/",38000,200,9886100,373571000000,700,false,1.88
"MWG",142715,"/Date(1700810872000)/",38000,1000,9885900,373563000000,700,false,1.88
"MWG",142715,"/Date(1700810872000)/",38000,1000,9884900,373525000000,700,false,1.88
"MWG",142715,"/Date(1700810872000)/",38000,100,9883900,373487000000,700,false,1.88
"MWG",142715,"/Date(1700810872000)/",38000,100,9883800,373483000000,700,false,1.88
"MWG",142715,"/Date(1700810872000)/",38000,900,9883700,373480000000,700,false,1.88
"MWG",142715,"/Date(1700810872000)/",38000,500,9882800,373445000000,700,false,1.88
"MWG",142715,"/Date(1700810871000)/",38000,3500,9882300,373426000000,700,false,1.88
"MWG",142715,"/Date(1700810871000)/",38000,100,9878800,373293000000,700,false,1.88
"MWG",142715,"/Date(1700810871000)/",38000,6400,9878700,373290000000,700,false,1.88
"MWG",142712,"/Date(1700810868000)/",37950,500,9872300,373046000000,650,true,1.74
"MWG",142702,"/Date(1700810859000)/",37950,300,9871800,373027000000,650,false,1.74
"MWG",142702,"/Date(1700810859000)/",37950,800,9871500,373016000000,650,false,1.74
"MWG",142702,"/Date(1700810858000)/",37950,1100,9870700,372986000000,650,false,1.74
"MWG",142659,"/Date(1700810854000)/",37950,100,9869600,372944000000,650,false,1.74
"MWG",142659,"/Date(1700810854000)/",37950,200,9869500,372940000000,650,false,1.74
"MWG",142656,"/Date(1700810851000)/",37950,200,9869300,372932000000,650,true,1.74
"MWG",142656,"/Date(1700810851000)/",37950,3000,9869100,372925000000,650,true,1.74
"MWG",142656,"/Date(1700810851000)/",37950,400,9866100,372811000000,650,true,1.74
"MWG",142656,"/Date(1700810851000)/",37950,4200,9865700,372796000000,650,true,1.74
"MWG",142656,"/Date(1700810851000)/",38000,3000,9861500,372636000000,700,false,1.88
"MWG",142653,"/Date(1700810849000)/",38000,100,9858500,372522000000,700,false,1.88
"MWG",142653,"/Date(1700810848000)/",37950,100,9858400,372519000000,650,true,1.74
"MWG",142653,"/Date(1700810847000)/",38000,500,9858300,372515000000,700,false,1.88
"MWG",142653,"/Date(1700810847000)/",38000,2000,9857800,372496000000,700,false,1.88
"MWG",142653,"/Date(1700810847000)/",38000,500,9855800,372420000000,700,false,1.88
"MWG",142653,"/Date(1700810847000)/",38000,1000,9855300,372401000000,700,false,1.88
"MWG",142653,"/Date(1700810847000)/",38000,3000,9854300,372363000000,700,false,1.88
"MWG",142653,"/Date(1700810847000)/",38000,1000,9851300,372249000000,700,false,1.88
"MWG",142653,"/Date(1700810847000)/",38000,100,9850300,372211000000,700,false,1.88
"MWG",142653,"/Date(1700810847000)/",38000,200,9850200,372207000000,700,false,1.88
"MWG",142653,"/Date(1700810847000)/",38000,500,9850000,372199000000,700,false,1.88
"MWG",142653,"/Date(1700810847000)/",38000,3000,9849500,372180000000,700,false,1.88
"MWG",142653,"/Date(1700810847000)/",38000,16200,9846500,372066000000,700,false,1.88
"MWG",142649,"/Date(1700810844000)/",38000,100,9830300,371451000000,700,false,1.88
"MWG",142649,"/Date(1700810844000)/",37950,100,9830200,371447000000,650,false,1.74
"MWG",142649,"/Date(1700810844000)/",37950,500,9830100,371443000000,650,false,1.74
"MWG",142649,"/Date(1700810844000)/",37950,15100,9829600,371424000000,650,false,1.74
"MWG",142649,"/Date(1700810843000)/",37950,100,9814500,370851000000,650,false,1.74
"MWG",142646,"/Date(1700810840000)/",37950,500,9814400,370847000000,650,false,1.74
"MWG",142646,"/Date(1700810840000)/",37950,200,9813900,370828000000,650,false,1.74
"MWG",142646,"/Date(1700810840000)/",37950,3500,9813700,370821000000,650,false,1.74
"MWG",142643,"/Date(1700810837000)/",37950,1000,9810200,370688000000,650,false,1.74
"MWG",142640,"/Date(1700810834000)/",37950,8000,9809200,370650000000,650,false,1.74
"MWG",142630,"/Date(1700810826000)/",37950,1000,9801200,370346000000,650,true,1.74
"MWG",142630,"/Date(1700810826000)/",37950,600,9800200,370309000000,650,true,1.74
"MWG",142630,"/Date(1700810826000)/",37950,10000,9799600,370286000000,650,true,1.74
"MWG",142630,"/Date(1700810824000)/",38000,3700,9789600,369906000000,700,false,1.88
"MWG",142630,"/Date(1700810824000)/",38000,1300,9785900,369766000000,700,false,1.88
"MWG",142624,"/Date(1700810820000)/",38000,3000,9784600,369716000000,700,false,1.88
"MWG",142621,"/Date(1700810815000)/",38000,100,9781600,369602000000,700,false,1.88
"MWG",142618,"/Date(1700810815000)/",37900,4000,9781500,369598000000,600,true,1.61
"MWG",142618,"/Date(1700810815000)/",37950,500,9777500,369447000000,650,true,1.74
"MWG",142618,"/Date(1700810815000)/",37950,500,9777000,369428000000,650,true,1.74
"MWG",142618,"/Date(1700810814000)/",38000,400,9776500,369409000000,700,false,1.88
"MWG",142614,"/Date(1700810811000)/",37950,10000,9776100,369394000000,650,true,1.74
"MWG",142608,"/Date(1700810805000)/",38000,1900,9766100,369014000000,700,false,1.88
"MWG",142608,"/Date(1700810805000)/",38000,1900,9764200,368942000000,700,false,1.88
"MWG",142605,"/Date(1700810800000)/",38000,3400,9762300,368870000000,700,false,1.88
"MWG",142605,"/Date(1700810800000)/",38000,16100,9758900,368741000000,700,false,1.88
"MWG",142605,"/Date(1700810800000)/",37950,500,9742800,368129000000,650,false,1.74
"MWG",142605,"/Date(1700810800000)/",37950,27900,9742300,368110000000,650,false,1.74
"MWG",142605,"/Date(1700810800000)/",37950,1000,9714400,367051000000,650,false,1.74
"MWG",142605,"/Date(1700810800000)/",37950,500,9713400,367013000000,650,false,1.74
"MWG",142605,"/Date(1700810800000)/",37950,300,9712900,366994000000,650,false,1.74
"MWG",142605,"/Date(1700810800000)/",37950,100,9712600,366983000000,650,false,1.74
"MWG",142605,"/Date(1700810800000)/",37950,100,9712500,366979000000,650,false,1.74
"MWG",142605,"/Date(1700810800000)/",37950,500,9712400,366975000000,650,false,1.74
"MWG",142605,"/Date(1700810800000)/",37950,100000,9711900,366956000000,650,false,1.74
"MWG",142605,"/Date(1700810800000)/",37950,1700,9611900,363161000000,650,false,1.74
"MWG",142605,"/Date(1700810800000)/",37950,20000,9610200,363097000000,650,false,1.74
"MWG",142605,"/Date(1700810800000)/",37950,30000,9590200,362338000000,650,false,1.74
"MWG",142605,"/Date(1700810800000)/",37950,1000,9560200,361199000000,650,false,1.74
"MWG",142605,"/Date(1700810800000)/",37950,300,9559200,361161000000,650,false,1.74
"MWG",142558,"/Date(1700810795000)/",37950,100,9558900,361150000000,650,false,1.74
"MWG",142558,"/Date(1700810794000)/",37900,100,9558800,361146000000,600,true,1.61
"MWG",142555,"/Date(1700810791000)/",37950,100,9558700,361142000000,650,false,1.74
"MWG",142555,"/Date(1700810791000)/",37950,300,9558600,361138000000,650,false,1.74
"MWG",142549,"/Date(1700810783000)/",37950,4700,9558300,361127000000,650,false,1.74
"MWG",142549,"/Date(1700810783000)/",37950,1000,9553600,360949000000,650,false,1.74
"MWG",142546,"/Date(1700810782000)/",37900,1000,9552600,360911000000,600,true,1.61
"MWG",142546,"/Date(1700810781000)/",37950,1000,9551600,360873000000,650,false,1.74
"MWG",142546,"/Date(1700810781000)/",37950,100,9550600,360835000000,650,false,1.74
"MWG",142546,"/Date(1700810781000)/",37950,2300,9550500,360831000000,650,false,1.74
"MWG",142536,"/Date(1700810773000)/",37900,1500,9548200,360744000000,600,true,1.61
"MWG",142536,"/Date(1700810773000)/",37900,100,9546700,360687000000,600,true,1.61
"MWG",142536,"/Date(1700810773000)/",37900,100,9546600,360683000000,600,true,1.61
"MWG",142536,"/Date(1700810773000)/",37900,100,9546500,360679000000,600,true,1.61
"MWG",142536,"/Date(1700810773000)/",37900,25200,9546400,360676000000,600,true,1.61
"MWG",142536,"/Date(1700810773000)/",37900,300,9521200,359721000000,600,true,1.61
"MWG",142536,"/Date(1700810773000)/",37900,100,9520900,359709000000,600,true,1.61
"MWG",142536,"/Date(1700810773000)/",37900,3000,9520800,359705000000,600,true,1.61
"MWG",142536,"/Date(1700810773000)/",37900,100,9517800,359592000000,600,true,1.61
"MWG",142536,"/Date(1700810773000)/",37900,100,9517700,359588000000,600,true,1.61
"MWG",142536,"/Date(1700810773000)/",37900,200,9517600,359584000000,600,true,1.61
"MWG",142536,"/Date(1700810773000)/",37900,500,9517400,359576000000,600,true,1.61
"MWG",142536,"/Date(1700810773000)/",37900,100,9516900,359558000000,600,true,1.61
"MWG",142536,"/Date(1700810773000)/",37900,100,9516800,359554000000,600,true,1.61
"MWG",142536,"/Date(1700810773000)/",37900,100,9516700,359550000000,600,true,1.61
"MWG",142536,"/Date(1700810773000)/",37900,100,9516600,359546000000,600,true,1.61
"MWG",142536,"/Date(1700810773000)/",37900,1200,9516500,359542000000,600,true,1.61
"MWG",142536,"/Date(1700810773000)/",37900,10000,9515300,359497000000,600,true,1.61
"MWG",142536,"/Date(1700810773000)/",37900,200,9505300,359118000000,600,true,1.61
"MWG",142533,"/Date(1700810768000)/",37900,1000,9505100,359110000000,600,false,1.61
"MWG",142533,"/Date(1700810767000)/",37850,1000,9504100,359072000000,550,true,1.47
"MWG",142533,"/Date(1700810767000)/",37850,200,9503100,359035000000,550,true,1.47
"MWG",142530,"/Date(1700810765000)/",37800,100,9502900,359027000000,500,true,1.34
"MWG",142530,"/Date(1700810765000)/",37800,500,9502800,359023000000,500,true,1.34
"MWG",142530,"/Date(1700810765000)/",37800,400,9502300,359004000000,500,true,1.34
"MWG",142530,"/Date(1700810765000)/",37850,100,9501900,358989000000,550,true,1.47
"MWG",142526,"/Date(1700810762000)/",37900,2000,9501800,358985000000,600,false,1.61
"MWG",142526,"/Date(1700810761000)/",37900,4100,9499800,358910000000,600,false,1.61
"MWG",142526,"/Date(1700810761000)/",37850,100,9495700,358754000000,550,false,1.47
"MWG",142520,"/Date(1700810756000)/",37900,1000,9495600,358750000000,600,false,1.61
"MWG",142520,"/Date(1700810756000)/",37900,2600,9494600,358713000000,600,false,1.61
"MWG",142520,"/Date(1700810756000)/",37850,100,9492000,358614000000,550,false,1.47
"MWG",142520,"/Date(1700810756000)/",37850,800,9491900,358610000000,550,false,1.47
"MWG",142520,"/Date(1700810756000)/",37850,1200,9491100,358580000000,550,false,1.47
"MWG",142520,"/Date(1700810754000)/",37850,3800,9489900,358535000000,550,false,1.47
"MWG",142517,"/Date(1700810752000)/",37850,100,9486100,358391000000,550,false,1.47
"MWG",142514,"/Date(1700810749000)/",37850,100,9486000,358387000000,550,false,1.47
"MWG",142504,"/Date(1700810741000)/",37850,2800,9485900,358383000000,550,false,1.47
"MWG",142504,"/Date(1700810741000)/",37850,800,9483100,358277000000,550,false,1.47
"MWG",142501,"/Date(1700810737000)/",37850,200,9482300,358247000000,550,false,1.47
"MWG",142501,"/Date(1700810737000)/",37800,600,9482100,358239000000,500,true,1.34
"MWG",142501,"/Date(1700810737000)/",37800,1600,9481500,358217000000,500,true,1.34
"MWG",142501,"/Date(1700810737000)/",37800,400,9479900,358156000000,500,true,1.34
"MWG",142501,"/Date(1700810737000)/",37800,200,9479500,358141000000,500,true,1.34
"MWG",142501,"/Date(1700810737000)/",37800,300,9479300,358133000000,500,true,1.34
"MWG",142501,"/Date(1700810737000)/",37800,500,9479000,358122000000,500,true,1.34
"MWG",142501,"/Date(1700810737000)/",37800,200,9478500,358103000000,500,true,1.34
"MWG",142501,"/Date(1700810737000)/",37800,100,9478300,358096000000,500,true,1.34
"MWG",142501,"/Date(1700810737000)/",37800,1400,9478200,358092000000,500,true,1.34
"MWG",142458,"/Date(1700810734000)/",37900,3200,9476800,358039000000,600,false,1.61
"MWG",142458,"/Date(1700810734000)/",37850,1000,9473600,357918000000,550,false,1.47
"MWG",142451,"/Date(1700810728000)/",37800,500,9472600,357880000000,500,true,1.34
"MWG",142451,"/Date(1700810728000)/",37800,1000,9472100,357861000000,500,true,1.34
"MWG",142451,"/Date(1700810728000)/",37850,400,9471100,357823000000,550,false,1.47
"MWG",142451,"/Date(1700810728000)/",37850,300,9470700,357808000000,550,false,1.47
"MWG",142451,"/Date(1700810728000)/",37850,400,9470400,357797000000,550,false,1.47
"MWG",142451,"/Date(1700810728000)/",37850,300,9470000,357781000000,550,false,1.47
"MWG",142451,"/Date(1700810728000)/",37850,400,9469700,357770000000,550,false,1.47
"MWG",142451,"/Date(1700810728000)/",37850,300,9469300,357755000000,550,false,1.47
"MWG",142451,"/Date(1700810727000)/",37850,300,9469000,357744000000,550,false,1.47
"MWG",142451,"/Date(1700810727000)/",37850,400,9468700,357732000000,550,false,1.47
"MWG",142451,"/Date(1700810727000)/",37850,100,9468300,357717000000,550,false,1.47
"MWG",142451,"/Date(1700810727000)/",37850,400,9468200,357713000000,550,false,1.47
"MWG",142451,"/Date(1700810727000)/",37850,300,9467800,357698000000,550,false,1.47
"MWG",142451,"/Date(1700810726000)/",37850,1400,9467500,357687000000,550,false,1.47
"MWG",142451,"/Date(1700810726000)/",37850,1000,9466100,357634000000,550,false,1.47
"MWG",142448,"/Date(1700810725000)/",37850,900,9465100,357596000000,550,false,1.47
"MWG",142448,"/Date(1700810724000)/",37850,500,9464200,357562000000,550,false,1.47
"MWG",142448,"/Date(1700810724000)/",37850,200,9463700,357543000000,550,false,1.47
"MWG",142448,"/Date(1700810724000)/",37850,100,9463500,357535000000,550,false,1.47
"MWG",142448,"/Date(1700810724000)/",37850,2300,9463400,357532000000,550,false,1.47
"MWG",142442,"/Date(1700810718000)/",37850,500,9461100,357445000000,550,false,1.47
"MWG",142429,"/Date(1700810706000)/",37800,2000,9460600,357426000000,500,true,1.34
"MWG",142429,"/Date(1700810703000)/",37800,100,9458600,357350000000,500,true,1.34
"MWG",142413,"/Date(1700810689000)/",37750,2000,9458500,357346000000,450,true,1.21
"MWG",142413,"/Date(1700810689000)/",37750,100,9456500,357271000000,450,true,1.21
"MWG",142413,"/Date(1700810689000)/",37750,3600,9456400,357267000000,450,true,1.21
"MWG",142413,"/Date(1700810688000)/",37850,200,9452800,357131000000,550,false,1.47
"MWG",142413,"/Date(1700810688000)/",37850,1000,9452600,357124000000,550,false,1.47
"MWG",142413,"/Date(1700810688000)/",37850,1000,9451600,357086000000,550,false,1.47
"MWG",142413,"/Date(1700810688000)/",37850,200,9450600,357048000000,550,false,1.47
"MWG",142413,"/Date(1700810688000)/",37850,2000,9450400,357040000000,550,false,1.47
"MWG",142413,"/Date(1700810688000)/",37850,5000,9448400,356965000000,550,false,1.47
"MWG",142413,"/Date(1700810688000)/",37850,100,9443400,356775000000,550,false,1.47
"MWG",142413,"/Date(1700810688000)/",37850,1000,9443300,356772000000,550,false,1.47
"MWG",142413,"/Date(1700810688000)/",37850,500,9442300,356734000000,550,false,1.47
"MWG",142413,"/Date(1700810688000)/",37850,1000,9441800,356715000000,550,false,1.47
"MWG",142413,"/Date(1700810688000)/",37850,5000,9440800,356677000000,550,false,1.47
"MWG",142413,"/Date(1700810688000)/",37850,20000,9435800,356488000000,550,false,1.47
"MWG",142413,"/Date(1700810688000)/",37850,3900,9415800,355731000000,550,false,1.47
"MWG",142413,"/Date(1700810688000)/",37850,3000,9411900,355583000000,550,false,1.47
"MWG",142413,"/Date(1700810688000)/",37800,100,9408900,355470000000,500,false,1.34
"MWG",142413,"/Date(1700810688000)/",37800,5000,9408800,355466000000,500,false,1.34
"MWG",142413,"/Date(1700810688000)/",37800,1000,9403800,355277000000,500,false,1.34
"MWG",142413,"/Date(1700810688000)/",37800,100,9402800,355239000000,500,false,1.34
"MWG",142410,"/Date(1700810684000)/",37800,500,9402700,355235000000,500,false,1.34
"MWG",142407,"/Date(1700810680000)/",37800,1400,9402200,355216000000,500,true,1.34
"MWG",142403,"/Date(1700810679000)/",37850,100,9400800,355163000000,550,false,1.47
"MWG",142403,"/Date(1700810679000)/",37800,600,9400700,355160000000,500,false,1.34
"MWG",142403,"/Date(1700810679000)/",37800,400,9400100,355137000000,500,false,1.34
"MWG",142403,"/Date(1700810678000)/",37800,500,9399700,355122000000,500,false,1.34
"MWG",142400,"/Date(1700810675000)/",37800,200,9399200,355103000000,500,true,1.34
"MWG",142400,"/Date(1700810674000)/",37800,200,9399000,355095000000,500,true,1.34
"MWG",142400,"/Date(1700810674000)/",37800,1000,9398800,355088000000,500,true,1.34
"MWG",142400,"/Date(1700810674000)/",37800,5000,9397800,355050000000,500,true,1.34
"MWG",142400,"/Date(1700810674000)/",37800,2100,9392800,354861000000,500,true,1.34
"MWG",142357,"/Date(1700810674000)/",37800,100,9390700,354782000000,500,true,1.34
"MWG",142351,"/Date(1700810667000)/",37800,2800,9390600,354778000000,500,false,1.34
"MWG",142351,"/Date(1700810667000)/",37800,200,9387800,354672000000,500,false,1.34
"MWG",142351,"/Date(1700810667000)/",37800,300,9387600,354664000000,500,false,1.34
"MWG",142351,"/Date(1700810666000)/",37750,1400,9387300,354653000000,450,true,1.21
"MWG",142351,"/Date(1700810666000)/",37750,100,9385900,354600000000,450,true,1.21
"MWG",142351,"/Date(1700810666000)/",37750,500,9385800,354596000000,450,true,1.21
"MWG",142351,"/Date(1700810666000)/",37750,1000,9385300,354578000000,450,true,1.21
"MWG",142351,"/Date(1700810666000)/",37750,2700,9384300,354540000000,450,true,1.21
"MWG",142347,"/Date(1700810664000)/",37800,100,9381600,354438000000,500,false,1.34
"MWG",142344,"/Date(1700810660000)/",37800,200,9381500,354434000000,500,false,1.34
"MWG",142344,"/Date(1700810660000)/",37800,2400,9381300,354427000000,500,false,1.34
"MWG",142344,"/Date(1700810660000)/",37800,900,9378900,354336000000,500,false,1.34
"MWG",142344,"/Date(1700810659000)/",37800,100,9378000,354302000000,500,false,1.34
"MWG",142344,"/Date(1700810659000)/",37800,1000,9377900,354298000000,500,false,1.34
"MWG",142344,"/Date(1700810659000)/",37800,200,9376900,354260000000,500,false,1.34
"MWG",142341,"/Date(1700810657000)/",37800,100,9376700,354253000000,500,true,1.34
"MWG",142341,"/Date(1700810655000)/",37750,2300,9376600,354249000000,450,true,1.21
"MWG",142341,"/Date(1700810655000)/",37800,1000,9374300,354162000000,500,true,1.34
"MWG",142341,"/Date(1700810655000)/",37800,500,9373300,354124000000,500,true,1.34
"MWG",142341,"/Date(1700810655000)/",37800,400,9372800,354105000000,500,true,1.34
"MWG",142341,"/Date(1700810655000)/",37800,500,9372400,354090000000,500,true,1.34
"MWG",142341,"/Date(1700810655000)/",37800,100,9371900,354071000000,500,true,1.34
"MWG",142341,"/Date(1700810655000)/",37800,500,9371800,354068000000,500,true,1.34
"MWG",142341,"/Date(1700810655000)/",37800,400,9371300,354049000000,500,true,1.34
"MWG",142338,"/Date(1700810653000)/",37800,100,9370900,354034000000,500,true,1.34
"MWG",142335,"/Date(1700810651000)/",37800,100,9370800,354030000000,500,true,1.34
"MWG",142335,"/Date(1700810651000)/",37800,200,9370700,354026000000,500,true,1.34
"MWG",142335,"/Date(1700810650000)/",37800,100,9370500,354018000000,500,true,1.34
"MWG",142328,"/Date(1700810643000)/",37800,100,9370400,354015000000,500,true,1.34
"MWG",142325,"/Date(1700810639000)/",37800,100,9370300,354011000000,500,true,1.34
"MWG",142325,"/Date(1700810639000)/",37800,1000,9370200,354007000000,500,true,1.34
"MWG",142325,"/Date(1700810639000)/",37800,500,9369200,353969000000,500,true,1.34
"MWG",142325,"/Date(1700810639000)/",37800,100,9368700,353950000000,500,true,1.34
"MWG",142322,"/Date(1700810637000)/",37850,500,9368600,353947000000,550,false,1.47
"MWG",142315,"/Date(1700810632000)/",37850,300,9368100,353928000000,550,false,1.47
"MWG",142306,"/Date(1700810621000)/",37850,100,9367800,353916000000,550,false,1.47
"MWG",142306,"/Date(1700810621000)/",37850,300,9367700,353913000000,550,false,1.47
"MWG",142303,"/Date(1700810619000)/",37800,100,9367400,353901000000,500,true,1.34
"MWG",142256,"/Date(1700810613000)/",37800,300,9367300,353897000000,500,true,1.34
"MWG",142256,"/Date(1700810611000)/",37800,500,9367000,353886000000,500,true,1.34
"MWG",142253,"/Date(1700810609000)/",37800,200,9366500,353867000000,500,true,1.34
"MWG",142253,"/Date(1700810608000)/",37800,3800,9366300,353860000000,500,true,1.34
"MWG",142253,"/Date(1700810608000)/",37800,1400,9362500,353716000000,500,true,1.34
"MWG",142243,"/Date(1700810599000)/",37800,600,9361100,353663000000,500,true,1.34
"MWG",142243,"/Date(1700810599000)/",37800,1000,9360500,353640000000,500,true,1.34
"MWG",142243,"/Date(1700810599000)/",37800,400,9359500,353603000000,500,true,1.34
"MWG",142243,"/Date(1700810599000)/",37800,200,9359100,353587000000,500,true,1.34
"MWG",142243,"/Date(1700810598000)/",37800,1800,9358900,353580000000,500,true,1.34
"MWG",142240,"/Date(1700810594000)/",37850,100,9357100,353512000000,550,false,1.47
"MWG",142237,"/Date(1700810593000)/",37800,6000,9357000,353508000000,500,true,1.34
"MWG",142237,"/Date(1700810593000)/",37800,200,9351000,353281000000,500,true,1.34
"MWG",142237,"/Date(1700810593000)/",37800,100,9350800,353274000000,500,true,1.34
"MWG",142237,"/Date(1700810593000)/",37800,1000,9350700,353270000000,500,true,1.34
"MWG",142237,"/Date(1700810593000)/",37800,5000,9349700,353232000000,500,true,1.34
"MWG",142237,"/Date(1700810593000)/",37800,700,9344700,353043000000,500,true,1.34
"MWG",142234,"/Date(1700810589000)/",37850,300,9344000,353017000000,550,false,1.47
"MWG",142234,"/Date(1700810589000)/",37850,300,9343700,353005000000,550,false,1.47
"MWG",142234,"/Date(1700810589000)/",37850,200,9343400,352994000000,550,false,1.47
"MWG",142234,"/Date(1700810589000)/",37850,4500,9343200,352986000000,550,false,1.47
"MWG",142231,"/Date(1700810586000)/",37800,2000,9338700,352816000000,500,true,1.34
"MWG",142224,"/Date(1700810580000)/",37800,1000,9336700,352740000000,500,true,1.34
"MWG",142218,"/Date(1700810575000)/",37800,100,9335700,352703000000,500,true,1.34
"MWG",142215,"/Date(1700810571000)/",37800,100,9335600,352699000000,500,false,1.34
"MWG",142215,"/Date(1700810571000)/",37800,8100,9335500,352695000000,500,false,1.34
"MWG",142208,"/Date(1700810565000)/",37800,100,9327400,352389000000,500,false,1.34
"MWG",142208,"/Date(1700810563000)/",37800,200,9327300,352385000000,500,false,1.34
"MWG",142205,"/Date(1700810561000)/",37800,100,9327100,352378000000,500,true,1.34
"MWG",142205,"/Date(1700810561000)/",37800,3000,9327000,352374000000,500,true,1.34
"MWG",142205,"/Date(1700810561000)/",37800,200,9324000,352260000000,500,true,1.34
"MWG",142205,"/Date(1700810560000)/",37800,100,9323800,352253000000,500,true,1.34
"MWG",142205,"/Date(1700810559000)/",37800,100,9323700,352249000000,500,true,1.34
"MWG",142205,"/Date(1700810559000)/",37800,1000,9323600,352245000000,500,true,1.34
"MWG",142205,"/Date(1700810559000)/",37800,1300,9322600,352207000000,500,true,1.34
"MWG",142205,"/Date(1700810559000)/",37800,1100,9321300,352158000000,500,true,1.34
"MWG",142205,"/Date(1700810559000)/",37800,200,9320200,352117000000,500,true,1.34
"MWG",142205,"/Date(1700810559000)/",37800,500,9320000,352109000000,500,true,1.34
"MWG",142205,"/Date(1700810559000)/",37800,200,9319500,352090000000,500,true,1.34
"MWG",142205,"/Date(1700810559000)/",37800,100,9319300,352083000000,500,true,1.34
"MWG",142205,"/Date(1700810559000)/",37800,1000,9319200,352079000000,500,true,1.34
"MWG",142205,"/Date(1700810559000)/",37800,300,9318200,352041000000,500,true,1.34
"MWG",142205,"/Date(1700810559000)/",37800,2400,9317900,352030000000,500,true,1.34
"MWG",142202,"/Date(1700810558000)/",37800,100,9315500,351939000000,500,true,1.34
"MWG",142202,"/Date(1700810558000)/",37850,100,9315400,351935000000,550,false,1.47
"MWG",142202,"/Date(1700810557000)/",37850,200,9315300,351932000000,550,false,1.47
"MWG",142156,"/Date(1700810551000)/",37850,200,9315100,351924000000,550,false,1.47
"MWG",142156,"/Date(1700810551000)/",37850,100,9314900,351916000000,550,false,1.47
"MWG",142156,"/Date(1700810551000)/",37850,100,9314800,351913000000,550,false,1.47
"MWG",142156,"/Date(1700810551000)/",37850,300,9314700,351909000000,550,false,1.47
"MWG",142156,"/Date(1700810551000)/",37850,2300,9314400,351897000000,550,false,1.47
"MWG",142152,"/Date(1700810548000)/",37850,100,9312100,351810000000,550,false,1.47
"MWG",142152,"/Date(1700810546000)/",37800,100,9312000,351807000000,500,true,1.34
"MWG",142149,"/Date(1700810543000)/",37800,2000,9311900,351803000000,500,true,1.34
"MWG",142146,"/Date(1700810540000)/",37800,100,9309900,351727000000,500,false,1.34
"MWG",142146,"/Date(1700810540000)/",37800,1600,9309800,351723000000,500,false,1.34
"MWG",142146,"/Date(1700810540000)/",37800,700,9308200,351663000000,500,false,1.34
"MWG",142146,"/Date(1700810540000)/",37800,1000,9307500,351636000000,500,false,1.34
"MWG",142133,"/Date(1700810528000)/",37800,100,9306500,351599000000,500,false,1.34
"MWG",142130,"/Date(1700810526000)/",37800,100,9306400,351595000000,500,false,1.34
"MWG",142127,"/Date(1700810522000)/",37750,5000,9306300,351591000000,450,true,1.21
"MWG",142127,"/Date(1700810522000)/",37800,100,9301300,351402000000,500,true,1.34
"MWG",142127,"/Date(1700810522000)/",37800,900,9301200,351399000000,500,true,1.34
"MWG",142127,"/Date(1700810521000)/",37800,1000,9300300,351365000000,500,true,1.34
"MWG",142127,"/Date(1700810521000)/",37800,500,9299300,351327000000,500,true,1.34
"MWG",142127,"/Date(1700810521000)/",37800,2600,9298800,351308000000,500,true,1.34
"MWG",142124,"/Date(1700810518000)/",37850,900,9296200,351210000000,550,false,1.47
"MWG",142124,"/Date(1700810518000)/",37850,100,9295300,351176000000,550,false,1.47
"MWG",142124,"/Date(1700810517000)/",37800,2000,9295200,351172000000,500,true,1.34
"MWG",142114,"/Date(1700810511000)/",37850,100,9293200,351096000000,550,false,1.47
"MWG",142114,"/Date(1700810511000)/",37850,100,9293100,351092000000,550,false,1.47
"MWG",142114,"/Date(1700810511000)/",37850,500,9293000,351089000000,550,false,1.47
"MWG",142114,"/Date(1700810511000)/",37850,400,9292500,351070000000,550,false,1.47
"MWG",142114,"/Date(1700810511000)/",37850,500,9292100,351055000000,550,false,1.47
"MWG",142114,"/Date(1700810511000)/",37850,200,9291600,351036000000,550,false,1.47
"MWG",142114,"/Date(1700810511000)/",37850,1500,9291400,351028000000,550,false,1.47
"MWG",142114,"/Date(1700810511000)/",37850,1000,9289900,350971000000,550,false,1.47
"MWG",142114,"/Date(1700810511000)/",37850,500,9288900,350933000000,550,false,1.47
"MWG",142114,"/Date(1700810511000)/",37850,100,9288400,350914000000,550,false,1.47
"MWG",142114,"/Date(1700810511000)/",37850,1400,9288300,350911000000,550,false,1.47
"MWG",142114,"/Date(1700810511000)/",37800,1000,9286900,350858000000,500,false,1.34
"MWG",142114,"/Date(1700810511000)/",37800,2700,9285900,350820000000,500,false,1.34
"MWG",142111,"/Date(1700810506000)/",37800,100,9283200,350718000000,500,true,1.34
"MWG",142111,"/Date(1700810506000)/",37800,100,9283100,350714000000,500,true,1.34
"MWG",142111,"/Date(1700810506000)/",37800,1300,9283000,350710000000,500,true,1.34
"MWG",142111,"/Date(1700810506000)/",37800,1800,9281700,350661000000,500,true,1.34
"MWG",142111,"/Date(1700810504000)/",37850,100,9279900,350593000000,550,false,1.47
"MWG",142108,"/Date(1700810504000)/",37800,5000,9279800,350589000000,500,true,1.34
"MWG",142104,"/Date(1700810498000)/",37850,300,9274800,350400000000,550,false,1.47
"MWG",142101,"/Date(1700810496000)/",37800,300,9274500,350389000000,500,true,1.34
"MWG",142045,"/Date(1700810480000)/",37800,300,9274200,350378000000,500,true,1.34
"MWG",142045,"/Date(1700810480000)/",37850,100,9273900,350366000000,550,false,1.47
"MWG",142042,"/Date(1700810477000)/",37800,2600,9273800,350362000000,500,false,1.34
"MWG",142042,"/Date(1700810477000)/",37800,200,9271200,350264000000,500,false,1.34
"MWG",142042,"/Date(1700810476000)/",37800,3200,9271000,350257000000,500,false,1.34
"MWG",142042,"/Date(1700810476000)/",37800,1800,9267800,350136000000,500,false,1.34
"MWG",142039,"/Date(1700810475000)/",37800,500,9266000,350068000000,500,false,1.34
"MWG",142039,"/Date(1700810474000)/",37800,2000,9265500,350049000000,500,false,1.34
"MWG",142032,"/Date(1700810469000)/",37800,100,9263500,349973000000,500,false,1.34
"MWG",142032,"/Date(1700810468000)/",37800,300,9263400,349969000000,500,false,1.34
"MWG",142032,"/Date(1700810467000)/",37800,100,9263100,349958000000,500,false,1.34
"MWG",142032,"/Date(1700810467000)/",37800,200,9263000,349954000000,500,false,1.34
"MWG",142032,"/Date(1700810467000)/",37800,5000,9262800,349947000000,500,false,1.34
"MWG",142026,"/Date(1700810460000)/",37850,100,9257800,349758000000,550,false,1.47
"MWG",142020,"/Date(1700810454000)/",37800,200,9257700,349754000000,500,true,1.34
"MWG",142016,"/Date(1700810452000)/",37800,700,9257500,349746000000,500,false,1.34
"MWG",142016,"/Date(1700810451000)/",37800,200,9256800,349720000000,500,false,1.34
"MWG",142016,"/Date(1700810450000)/",37800,100,9256600,349712000000,500,false,1.34
"MWG",142013,"/Date(1700810449000)/",37850,2400,9256500,349709000000,550,false,1.47
"MWG",142013,"/Date(1700810449000)/",37850,1200,9254100,349618000000,550,false,1.47
"MWG",142013,"/Date(1700810449000)/",37800,200,9252900,349572000000,500,false,1.34
"MWG",142013,"/Date(1700810449000)/",37800,100,9252700,349565000000,500,false,1.34
"MWG",142010,"/Date(1700810447000)/",37800,100,9252600,349561000000,500,false,1.34
"MWG",142010,"/Date(1700810446000)/",37800,100,9252500,349557000000,500,false,1.34
"MWG",142010,"/Date(1700810443000)/",37800,200,9252400,349553000000,500,false,1.34
"MWG",142003,"/Date(1700810438000)/",37850,800,9252200,349546000000,550,false,1.47
"MWG",142003,"/Date(1700810438000)/",37850,100,9251400,349516000000,550,false,1.47
"MWG",142003,"/Date(1700810438000)/",37800,600,9251300,349512000000,500,false,1.34
"MWG",142003,"/Date(1700810438000)/",37750,1000,9250700,349489000000,450,true,1.21
"MWG",142000,"/Date(1700810434000)/",37800,400,9249700,349451000000,500,false,1.34
"MWG",141954,"/Date(1700810428000)/",37850,1000,9249300,349436000000,550,false,1.47
"MWG",141951,"/Date(1700810426000)/",37850,700,9248300,349398000000,550,false,1.47
"MWG",141951,"/Date(1700810426000)/",37850,700,9247600,349372000000,550,false,1.47
"MWG",141951,"/Date(1700810426000)/",37800,100,9246900,349345000000,500,false,1.34
"MWG",141951,"/Date(1700810426000)/",37800,200,9246800,349342000000,500,false,1.34
"MWG",141951,"/Date(1700810426000)/",37800,100,9246600,349334000000,500,false,1.34
"MWG",141951,"/Date(1700810426000)/",37800,100,9246500,349330000000,500,false,1.34
"MWG",141941,"/Date(1700810415000)/",37800,3900,9246400,349326000000,500,false,1.34
"MWG",141938,"/Date(1700810413000)/",37800,6000,9242500,349179000000,500,false,1.34
"MWG",141938,"/Date(1700810412000)/",37750,500,9236500,348952000000,450,true,1.21
"MWG",141935,"/Date(1700810408000)/",37750,500,9236000,348933000000,450,true,1.21
"MWG",141928,"/Date(1700810402000)/",37700,300,9235500,348915000000,400,true,1.07
"MWG",141925,"/Date(1700810402000)/",37850,1300,9235200,348903000000,550,false,1.47
"MWG",141925,"/Date(1700810402000)/",37800,500,9233900,348854000000,500,false,1.34
"MWG",141925,"/Date(1700810402000)/",37800,1800,9233400,348835000000,500,false,1.34
"MWG",141925,"/Date(1700810400000)/",37700,100,9231600,348767000000,400,true,1.07
"MWG",141925,"/Date(1700810400000)/",37700,100,9231500,348763000000,400,true,1.07
"MWG",141925,"/Date(1700810400000)/",37700,100,9231400,348760000000,400,true,1.07
"MWG",141925,"/Date(1700810400000)/",37700,200,9231300,348756000000,400,true,1.07
"MWG",141919,"/Date(1700810395000)/",37800,100,9231100,348748000000,500,true,1.34
"MWG",141919,"/Date(1700810395000)/",37750,900,9231000,348744000000,450,true,1.21
"MWG",141919,"/Date(1700810394000)/",37750,100,9230100,348710000000,450,true,1.21
"MWG",141919,"/Date(1700810393000)/",37800,2200,9230000,348707000000,500,true,1.34
"MWG",141916,"/Date(1700810392000)/",37800,11200,9227800,348624000000,500,true,1.34
"MWG",141916,"/Date(1700810391000)/",37800,2200,9216600,348200000000,500,true,1.34
"MWG",141916,"/Date(1700810391000)/",37850,100,9214400,348117000000,550,false,1.47
"MWG",141916,"/Date(1700810390000)/",37850,1300,9214300,348113000000,550,false,1.47
"MWG",141912,"/Date(1700810389000)/",37800,1000,9213000,348064000000,500,true,1.34
"MWG",141912,"/Date(1700810388000)/",37850,200,9212000,348026000000,550,false,1.47
"MWG",141909,"/Date(1700810385000)/",37850,3100,9211800,348019000000,550,false,1.47
"MWG",141909,"/Date(1700810385000)/",37850,1900,9208700,347901000000,550,false,1.47
"MWG",141909,"/Date(1700810384000)/",37850,100,9206800,347829000000,550,false,1.47
"MWG",141906,"/Date(1700810382000)/",37850,500,9206700,347826000000,550,false,1.47
"MWG",141906,"/Date(1700810380000)/",37850,2000,9206200,347807000000,550,false,1.47
"MWG",141903,"/Date(1700810377000)/",37850,5500,9204200,347731000000,550,true,1.47
"MWG",141859,"/Date(1700810373000)/",37850,15000,9198700,347523000000,550,true,1.47
"MWG",141859,"/Date(1700810373000)/",37850,1100,9183700,346955000000,550,true,1.47
"MWG",141859,"/Date(1700810373000)/",37850,100,9182600,346913000000,550,true,1.47
"MWG",141859,"/Date(1700810373000)/",37850,500,9182500,346910000000,550,true,1.47
"MWG",141859,"/Date(1700810373000)/",37850,100,9182000,346891000000,550,true,1.47
"MWG",141859,"/Date(1700810373000)/",37850,1000,9181900,346887000000,550,true,1.47
"MWG",141859,"/Date(1700810373000)/",37850,100,9180900,346849000000,550,true,1.47
"MWG",141859,"/Date(1700810373000)/",37850,2000,9180800,346845000000,550,true,1.47
"MWG",141859,"/Date(1700810373000)/",37850,100,9178800,346770000000,550,true,1.47
"MWG",141859,"/Date(1700810373000)/",37850,100,9178700,346766000000,550,true,1.47
"MWG",141856,"/Date(1700810371000)/",37800,300,9178600,346762000000,500,false,1.34
"MWG",141856,"/Date(1700810371000)/",37800,500,9178300,346751000000,500,false,1.34
"MWG",141856,"/Date(1700810371000)/",37800,400,9177800,346732000000,500,false,1.34
"MWG",141856,"/Date(1700810371000)/",37800,200,9177400,346717000000,500,false,1.34
"MWG",141856,"/Date(1700810371000)/",37800,200,9177200,346709000000,500,false,1.34
"MWG",141856,"/Date(1700810371000)/",37800,1000,9177000,346702000000,500,false,1.34
"MWG",141856,"/Date(1700810371000)/",37800,1000,9176000,346664000000,500,false,1.34
"MWG",141856,"/Date(1700810371000)/",37800,5000,9175000,346626000000,500,false,1.34
"MWG",141856,"/Date(1700810371000)/",37800,1000,9170000,346437000000,500,false,1.34
"MWG",141856,"/Date(1700810371000)/",37800,200,9169000,346399000000,500,false,1.34
"MWG",141856,"/Date(1700810371000)/",37750,5000,9168800,346392000000,450,false,1.21
"MWG",141856,"/Date(1700810371000)/",37750,100,9163800,346203000000,450,false,1.21
"MWG",141856,"/Date(1700810371000)/",37750,200,9163700,346199000000,450,false,1.21
"MWG",141856,"/Date(1700810371000)/",37750,500,9163500,346191000000,450,false,1.21
"MWG",141853,"/Date(1700810368000)/",37700,1000,9163000,346173000000,400,true,1.07
"MWG",141850,"/Date(1700810365000)/",37700,100,9162000,346135000000,400,false,1.07
"MWG",141850,"/Date(1700810365000)/",37700,900,9161900,346131000000,400,false,1.07
"MWG",141850,"/Date(1700810363000)/",37700,100,9161000,346097000000,400,false,1.07
"MWG",141840,"/Date(1700810354000)/",37700,1000,9160900,346093000000,400,false,1.07
"MWG",141837,"/Date(1700810353000)/",37550,300,9159900,346056000000,250,false,0.67
"MWG",141837,"/Date(1700810351000)/",37500,100,9159600,346044000000,200,true,0.54
"MWG",141834,"/Date(1700810350000)/",37500,100,9159500,346041000000,200,false,0.54
"MWG",141831,"/Date(1700810346000)/",37400,500,9159400,346037000000,100,true,0.27
"MWG",141831,"/Date(1700810346000)/",37400,200,9158900,346018000000,100,true,0.27
"MWG",141831,"/Date(1700810346000)/",37450,300,9158700,346011000000,150,false,0.4
"MWG",141827,"/Date(1700810342000)/",37500,100,9158400,346000000000,200,false,0.54
"MWG",141824,"/Date(1700810340000)/",37400,400,9158300,345996000000,100,true,0.27
"MWG",141824,"/Date(1700810338000)/",37750,3000,9157900,345981000000,450,false,1.21
"MWG",141824,"/Date(1700810338000)/",37750,1000,9154900,345868000000,450,false,1.21
"MWG",141824,"/Date(1700810338000)/",37750,1000,9153900,345830000000,450,false,1.21
"MWG",141818,"/Date(1700810334000)/",37750,100,9152900,345792000000,450,false,1.21
"MWG",141818,"/Date(1700810332000)/",37750,100,9152800,345788000000,450,false,1.21
"MWG",141815,"/Date(1700810331000)/",37400,100,9152700,345785000000,100,true,0.27
"MWG",141815,"/Date(1700810330000)/",37750,8800,9152600,345781000000,450,false,1.21
"MWG",141815,"/Date(1700810330000)/",37750,4200,9143800,345449000000,450,false,1.21
"MWG",141815,"/Date(1700810330000)/",37750,100,9139600,345290000000,450,false,1.21
"MWG",141815,"/Date(1700810329000)/",37750,700,9139500,345286000000,450,false,1.21
"MWG",141815,"/Date(1700810329000)/",37700,100,9138800,345260000000,400,false,1.07
"MWG",141815,"/Date(1700810329000)/",37700,2000,9138700,345256000000,400,false,1.07
"MWG",141815,"/Date(1700810329000)/",37700,200,9136700,345181000000,400,false,1.07
"MWG",141815,"/Date(1700810329000)/",37700,400,9136500,345173000000,400,false,1.07
"MWG",141815,"/Date(1700810329000)/",37700,500,9136100,345158000000,400,false,1.07
"MWG",141815,"/Date(1700810329000)/",37700,400,9135600,345139000000,400,false,1.07
"MWG",141815,"/Date(1700810329000)/",37700,200,9135200,345124000000,400,false,1.07
"MWG",141815,"/Date(1700810329000)/",37700,500,9135000,345117000000,400,false,1.07
"MWG",141808,"/Date(1700810322000)/",37350,100,9134500,345098000000,50,true,0.13
"MWG",141808,"/Date(1700810322000)/",37700,500,9134400,345094000000,400,false,1.07
"MWG",141808,"/Date(1700810322000)/",37650,200,9133900,345075000000,350,false,0.94
"MWG",141808,"/Date(1700810322000)/",37650,3000,9133700,345068000000,350,false,0.94
"MWG",141808,"/Date(1700810322000)/",37650,1000,9130700,344955000000,350,false,0.94
"MWG",141808,"/Date(1700810322000)/",37650,300,9129700,344917000000,350,false,0.94
"MWG",141805,"/Date(1700810321000)/",37350,21300,9129400,344906000000,50,true,0.13
"MWG",141805,"/Date(1700810321000)/",37350,7700,9108100,344110000000,50,true,0.13
"MWG",141805,"/Date(1700810321000)/",37350,300,9100400,343823000000,50,true,0.13
"MWG",141805,"/Date(1700810321000)/",37350,10000,9100100,343811000000,50,true,0.13
"MWG",141805,"/Date(1700810321000)/",37350,100,9090100,343438000000,50,true,0.13
"MWG",141805,"/Date(1700810321000)/",37350,500,9090000,343434000000,50,true,0.13
"MWG",141805,"/Date(1700810321000)/",37350,10000,9089500,343415000000,50,true,0.13
"MWG",141805,"/Date(1700810321000)/",37350,100,9079500,343042000000,50,true,0.13
"MWG",141805,"/Date(1700810319000)/",37350,900,9079400,343038000000,50,true,0.13
"MWG",141805,"/Date(1700810319000)/",37350,500,9078500,343005000000,50,true,0.13
"MWG",141805,"/Date(1700810319000)/",37350,500,9078000,342986000000,50,true,0.13
"MWG",141805,"/Date(1700810319000)/",37350,100,9077500,342967000000,50,true,0.13
"MWG",141805,"/Date(1700810319000)/",37350,400,9077400,342964000000,50,true,0.13
"MWG",141805,"/Date(1700810319000)/",37600,200,9077000,342949000000,300,true,0.8
"MWG",141805,"/Date(1700810319000)/",37600,400,9076800,342941000000,300,true,0.8
"MWG",141805,"/Date(1700810318000)/",37600,2000,9076400,342926000000,300,true,0.8
"MWG",141802,"/Date(1700810316000)/",37600,600,9074400,342851000000,300,true,0.8
"MWG",141802,"/Date(1700810316000)/",37600,2000,9073800,342828000000,300,true,0.8
"MWG",141755,"/Date(1700810310000)/",37350,10900,9071800,342753000000,50,false,0.13
"MWG",141755,"/Date(1700810310000)/",37350,300,9060900,342346000000,50,false,0.13
"MWG",141755,"/Date(1700810310000)/",37350,100,9060600,342335000000,50,false,0.13
"MWG",141752,"/Date(1700810308000)/",37300,2900,9060500,342331000000,0,true,0
"MWG",141752,"/Date(1700810308000)/",37300,2200,9057600,342223000000,0,true,0
"MWG",141752,"/Date(1700810308000)/",37350,400,9055400,342141000000,50,false,0.13
"MWG",141752,"/Date(1700810308000)/",37350,100,9055000,342126000000,50,false,0.13
"MWG",141752,"/Date(1700810307000)/",37350,200,9054900,342122000000,50,false,0.13
"MWG",141752,"/Date(1700810307000)/",37350,1000,9054700,342115000000,50,false,0.13
"MWG",141752,"/Date(1700810306000)/",37350,700,9053700,342077000000,50,false,0.13
"MWG",141752,"/Date(1700810306000)/",37350,100,9053000,342051000000,50,false,0.13
"MWG",141752,"/Date(1700810306000)/",37350,100,9052900,342047000000,50,false,0.13
"MWG",141752,"/Date(1700810306000)/",37350,500,9052800,342044000000,50,false,0.13
"MWG",141749,"/Date(1700810305000)/",37350,2000,9052300,342025000000,50,false,0.13
"MWG",141749,"/Date(1700810305000)/",37350,5000,9050300,341950000000,50,false,0.13
"MWG",141749,"/Date(1700810305000)/",37350,100,9045300,341764000000,50,false,0.13
"MWG",141749,"/Date(1700810303000)/",37350,500,9045200,341760000000,50,false,0.13
"MWG",141749,"/Date(1700810303000)/",37350,500,9044700,341741000000,50,false,0.13
"MWG",141746,"/Date(1700810302000)/",37350,5700,9044200,341722000000,50,false,0.13
"MWG",141746,"/Date(1700810301000)/",37350,500,9038500,341510000000,50,false,0.13
"MWG",141746,"/Date(1700810301000)/",37350,20000,9038000,341491000000,50,false,0.13
"MWG",141746,"/Date(1700810301000)/",37300,600,9018000,340744000000,0,true,0
"MWG",141746,"/Date(1700810300000)/",37350,200,9017400,340722000000,50,false,0.13
"MWG",141743,"/Date(1700810299000)/",37350,100,9017200,340714000000,50,false,0.13
"MWG",141743,"/Date(1700810298000)/",37350,100,9017100,340710000000,50,false,0.13
"MWG",141743,"/Date(1700810296000)/",37350,500,9017000,340707000000,50,false,0.13
"MWG",141739,"/Date(1700810295000)/",37350,100,9016500,340688000000,50,false,0.13
"MWG",141739,"/Date(1700810295000)/",37350,500,9016400,340684000000,50,false,0.13
"MWG",141739,"/Date(1700810295000)/",37350,300,9015900,340666000000,50,false,0.13
"MWG",141739,"/Date(1700810295000)/",37350,200,9015600,340654000000,50,false,0.13
"MWG",141739,"/Date(1700810295000)/",37350,1300,9015400,340647000000,50,false,0.13
"MWG",141739,"/Date(1700810295000)/",37350,3700,9014100,340598000000,50,false,0.13
"MWG",141739,"/Date(1700810295000)/",37350,1000,9010400,340460000000,50,false,0.13
"MWG",141739,"/Date(1700810295000)/",37350,1700,9009400,340423000000,50,false,0.13
"MWG",141739,"/Date(1700810295000)/",37350,100,9007700,340359000000,50,false,0.13
"MWG",141739,"/Date(1700810295000)/",37350,2000,9007600,340356000000,50,false,0.13
"MWG",141739,"/Date(1700810295000)/",37350,400,9005600,340281000000,50,false,0.13
"MWG",141739,"/Date(1700810295000)/",37350,500,9005200,340266000000,50,false,0.13
"MWG",141739,"/Date(1700810295000)/",37350,100,9004700,340247000000,50,false,0.13
"MWG",141739,"/Date(1700810295000)/",37350,15000,9004600,340243000000,50,false,0.13
"MWG",141739,"/Date(1700810295000)/",37350,3900,8989600,339683000000,50,false,0.13
"MWG",141739,"/Date(1700810295000)/",37400,5000,8985700,339538000000,100,false,0.27
"MWG",141739,"/Date(1700810295000)/",37400,2000,8980700,339351000000,100,false,0.27
"MWG",141739,"/Date(1700810295000)/",37450,1900,8978700,339276000000,150,true,0.4
"MWG",141739,"/Date(1700810295000)/",37450,1000,8976800,339205000000,150,true,0.4
"MWG",141739,"/Date(1700810295000)/",37500,1800,8975800,339167000000,200,true,0.54
"MWG",141739,"/Date(1700810295000)/",37550,2000,8974000,339100000000,250,true,0.67
"MWG",141739,"/Date(1700810295000)/",37550,10000,8972000,339025000000,250,true,0.67
"MWG",141739,"/Date(1700810295000)/",37550,900,8962000,338649000000,250,true,0.67
"MWG",141739,"/Date(1700810295000)/",37600,10000,8961100,338615000000,300,false,0.8
"MWG",141736,"/Date(1700810290000)/",37600,1000,8951100,338239000000,300,false,0.8
"MWG",141736,"/Date(1700810290000)/",37600,2800,8950100,338202000000,300,false,0.8
"MWG",141733,"/Date(1700810289000)/",37600,3800,8947300,338096000000,300,false,0.8
"MWG",141733,"/Date(1700810289000)/",37600,100,8943500,337953000000,300,false,0.8
"MWG",141733,"/Date(1700810289000)/",37600,100,8943400,337950000000,300,false,0.8
"MWG",141733,"/Date(1700810289000)/",37600,1700,8943300,337946000000,300,false,0.8
"MWG",141733,"/Date(1700810288000)/",37600,500,8941600,337882000000,300,false,0.8
"MWG",141733,"/Date(1700810287000)/",37600,3600,8941100,337863000000,300,false,0.8
"MWG",141730,"/Date(1700810285000)/",37550,100,8937500,337728000000,250,true,0.67
"MWG",141730,"/Date(1700810284000)/",37600,100,8937400,337724000000,300,false,0.8
"MWG",141727,"/Date(1700810282000)/",37550,5000,8937300,337720000000,250,true,0.67
"MWG",141727,"/Date(1700810281000)/",37550,300,8932300,337533000000,250,true,0.67
"MWG",141727,"/Date(1700810281000)/",37550,400,8932000,337521000000,250,true,0.67
"MWG",141723,"/Date(1700810279000)/",37600,3800,8931600,337506000000,300,false,0.8
"MWG",141723,"/Date(1700810278000)/",37600,300,8927800,337363000000,300,false,0.8
"MWG",141723,"/Date(1700810278000)/",37600,600,8927500,337352000000,300,false,0.8
"MWG",141720,"/Date(1700810276000)/",37600,300,8926900,337330000000,300,false,0.8
"MWG",141720,"/Date(1700810276000)/",37550,100,8926600,337318000000,250,false,0.67
"MWG",141720,"/Date(1700810276000)/",37550,100,8926500,337315000000,250,false,0.67
"MWG",141720,"/Date(1700810275000)/",37550,200,8926400,337311000000,250,false,0.67
"MWG",141720,"/Date(1700810275000)/",37550,200,8926200,337303000000,250,false,0.67
"MWG",141720,"/Date(1700810275000)/",37550,300,8926000,337296000000,250,false,0.67
"MWG",141720,"/Date(1700810275000)/",37550,100,8925700,337285000000,250,false,0.67
"MWG",141720,"/Date(1700810275000)/",37550,4900,8925600,337281000000,250,false,0.67
"MWG",141720,"/Date(1700810274000)/",37350,100,8920700,337097000000,50,true,0.13
"MWG",141720,"/Date(1700810274000)/",37500,10000,8920600,337093000000,200,false,0.54
"MWG",141717,"/Date(1700810273000)/",37550,100,8910600,336718000000,250,false,0.67
"MWG",141717,"/Date(1700810273000)/",37550,100,8910500,336714000000,250,false,0.67
"MWG",141717,"/Date(1700810271000)/",37550,100,8910400,336711000000,250,false,0.67
"MWG",141717,"/Date(1700810271000)/",37550,4800,8910300,336707000000,250,false,0.67
"MWG",141717,"/Date(1700810271000)/",37550,100,8905500,336527000000,250,false,0.67
"MWG",141717,"/Date(1700810271000)/",37550,100,8905400,336523000000,250,false,0.67
"MWG",141714,"/Date(1700810268000)/",37550,400,8905300,336519000000,250,false,0.67
"MWG",141714,"/Date(1700810268000)/",37550,3800,8904900,336504000000,250,false,0.67
"MWG",141711,"/Date(1700810266000)/",37550,2800,8901100,336361000000,250,false,0.67
"MWG",141711,"/Date(1700810264000)/",37550,1300,8898300,336256000000,250,false,0.67
"MWG",141711,"/Date(1700810264000)/",37500,1000,8897000,336207000000,200,false,0.54
"MWG",141711,"/Date(1700810264000)/",37500,2500,8896000,336170000000,200,false,0.54
"MWG",141711,"/Date(1700810264000)/",37500,500,8893500,336076000000,200,false,0.54
"MWG",141711,"/Date(1700810264000)/",37450,1500,8893000,336057000000,150,false,0.4
"MWG",141711,"/Date(1700810264000)/",37400,400,8891500,336001000000,100,false,0.27
"MWG",141711,"/Date(1700810264000)/",37400,400,8891100,335986000000,100,false,0.27
"MWG",141711,"/Date(1700810264000)/",37400,1100,8890700,335971000000,100,false,0.27
"MWG",141711,"/Date(1700810264000)/",37400,1000,8889600,335930000000,100,false,0.27
"MWG",141711,"/Date(1700810264000)/",37350,300,8888600,335893000000,50,false,0.13
"MWG",141711,"/Date(1700810264000)/",37350,100,8888300,335882000000,50,false,0.13
"MWG",141711,"/Date(1700810264000)/",37350,7100,8888200,335878000000,50,false,0.13
"MWG",141711,"/Date(1700810264000)/",37350,2900,8881100,335613000000,50,false,0.13
"MWG",141707,"/Date(1700810263000)/",37350,10000,8878200,335504000000,50,false,0.13
"MWG",141707,"/Date(1700810262000)/",37350,10000,8868200,335131000000,50,false,0.13
"MWG",141704,"/Date(1700810258000)/",37350,7100,8858200,334757000000,50,false,0.13
"MWG",141704,"/Date(1700810258000)/",37350,200,8851100,334492000000,50,false,0.13
"MWG",141704,"/Date(1700810258000)/",37350,1000,8850900,334485000000,50,false,0.13
"MWG",141704,"/Date(1700810258000)/",37350,300,8849900,334447000000,50,false,0.13
"MWG",141704,"/Date(1700810258000)/",37350,400,8849600,334436000000,50,false,0.13
"MWG",141704,"/Date(1700810258000)/",37350,1000,8849200,334421000000,50,false,0.13
"MWG",141701,"/Date(1700810257000)/",37300,300,8848200,334384000000,0,true,0
"MWG",141701,"/Date(1700810256000)/",37300,300,8847900,334373000000,0,true,0
"MWG",141701,"/Date(1700810256000)/",37300,2000,8847600,334361000000,0,true,0
"MWG",141658,"/Date(1700810254000)/",37300,100,8845600,334287000000,0,false,0
"MWG",141658,"/Date(1700810253000)/",37300,1500,8845500,334283000000,0,false,0
"MWG",141658,"/Date(1700810253000)/",37300,2000,8844000,334227000000,0,false,0
"MWG",141658,"/Date(1700810253000)/",37300,100,8842000,334153000000,0,false,0
"MWG",141658,"/Date(1700810252000)/",37300,300,8841900,334149000000,0,false,0
"MWG",141658,"/Date(1700810252000)/",37300,500,8841600,334138000000,0,false,0
"MWG",141658,"/Date(1700810251000)/",37300,4100,8841100,334119000000,0,false,0
"MWG",141658,"/Date(1700810251000)/",37300,1000,8837000,333966000000,0,false,0
"MWG",141658,"/Date(1700810251000)/",37300,1000,8836000,333929000000,0,false,0
"MWG",141658,"/Date(1700810251000)/",37300,4000,8835000,333891000000,0,false,0
"MWG",141658,"/Date(1700810251000)/",37300,300,8831000,333742000000,0,false,0
"MWG",141658,"/Date(1700810251000)/",37300,400,8830700,333731000000,0,false,0
"MWG",141658,"/Date(1700810251000)/",37300,4000,8830300,333716000000,0,false,0
"MWG",141658,"/Date(1700810251000)/",37300,200,8826300,333567000000,0,false,0
"MWG",141655,"/Date(1700810251000)/",37300,1000,8826100,333559000000,0,false,0
"MWG",141655,"/Date(1700810251000)/",37300,100,8825100,333522000000,0,false,0
"MWG",141655,"/Date(1700810251000)/",37300,500,8825000,333518000000,0,false,0
"MWG",141655,"/Date(1700810251000)/",37300,400,8824500,333500000000,0,false,0
"MWG",141655,"/Date(1700810251000)/",37300,4600,8824100,333485000000,0,false,0
"MWG",141655,"/Date(1700810251000)/",37300,100,8819500,333313000000,0,false,0
"MWG",141655,"/Date(1700810251000)/",37300,5300,8819400,333310000000,0,false,0
"MWG",141655,"/Date(1700810249000)/",37300,100,8814100,333112000000,0,false,0
"MWG",141655,"/Date(1700810249000)/",37300,1000,8814000,333108000000,0,false,0
"MWG",141655,"/Date(1700810249000)/",37300,100,8813000,333071000000,0,false,0
"MWG",141655,"/Date(1700810249000)/",37300,100,8812900,333067000000,0,false,0
"MWG",141655,"/Date(1700810249000)/",37300,5000,8812800,333063000000,0,false,0
"MWG",141655,"/Date(1700810248000)/",37300,100,8807800,332877000000,0,false,0
"MWG",141651,"/Date(1700810248000)/",37300,6000,8807700,332873000000,0,false,0
"MWG",141651,"/Date(1700810248000)/",37300,1000,8801700,332649000000,0,false,0
"MWG",141651,"/Date(1700810248000)/",37300,500,8800700,332612000000,0,false,0
"MWG",141651,"/Date(1700810247000)/",37300,100,8800200,332593000000,0,false,0
"MWG",141651,"/Date(1700810247000)/",37300,20000,8800100,332590000000,0,false,0
"MWG",141651,"/Date(1700810246000)/",37300,5000,8780100,331844000000,0,false,0
"MWG",141651,"/Date(1700810246000)/",37300,10000,8775100,331657000000,0,false,0
"MWG",141651,"/Date(1700810246000)/",37300,2000,8765100,331284000000,0,false,0
"MWG",141651,"/Date(1700810246000)/",37300,100,8763100,331210000000,0,false,0
"MWG",141651,"/Date(1700810246000)/",37300,500,8763000,331206000000,0,false,0
"MWG",141651,"/Date(1700810245000)/",37300,500,8762500,331187000000,0,false,0
"MWG",141651,"/Date(1700810245000)/",37300,1000,8762000,331169000000,0,false,0
"MWG",141651,"/Date(1700810245000)/",37300,400,8761000,331131000000,0,false,0
"MWG",141651,"/Date(1700810245000)/",37300,5000,8760600,331116000000,0,false,0
"MWG",141648,"/Date(1700810244000)/",37300,3000,8755600,330930000000,0,false,0
"MWG",141648,"/Date(1700810244000)/",37300,5000,8752600,330818000000,0,false,0
"MWG",141648,"/Date(1700810243000)/",37300,100,8747600,330631000000,0,false,0
"MWG",141648,"/Date(1700810243000)/",37300,4000,8747500,330628000000,0,false,0
"MWG",141648,"/Date(1700810242000)/",37300,500,8743500,330478000000,0,false,0
"MWG",141648,"/Date(1700810241000)/",37300,20000,8743000,330460000000,0,false,0
"MWG",141645,"/Date(1700810241000)/",37300,2800,8723000,329714000000,0,false,0
"MWG",141645,"/Date(1700810241000)/",37300,300,8720200,329609000000,0,false,0
"MWG",141645,"/Date(1700810241000)/",37300,1800,8719900,329598000000,0,false,0
"MWG",141645,"/Date(1700810241000)/",37300,500,8718100,329531000000,0,false,0
"MWG",141645,"/Date(1700810239000)/",37300,1000,8717600,329512000000,0,false,0
"MWG",141645,"/Date(1700810238000)/",37300,1000,8716600,329475000000,0,false,0
"MWG",141642,"/Date(1700810237000)/",37300,5000,8715600,329438000000,0,false,0
"MWG",141642,"/Date(1700810237000)/",37250,500,8710600,329251000000,-50,true,-0.13
"MWG",141642,"/Date(1700810237000)/",37300,800,8710100,329233000000,0,false,0
"MWG",141642,"/Date(1700810237000)/",37300,100,8709300,329203000000,0,false,0
"MWG",141642,"/Date(1700810236000)/",37250,1200,8709200,329199000000,-50,true,-0.13
"MWG",141642,"/Date(1700810235000)/",37300,100,8708000,329154000000,0,false,0
"MWG",141639,"/Date(1700810234000)/",37250,500,8707900,329151000000,-50,true,-0.13
"MWG",141639,"/Date(1700810234000)/",37300,500,8707400,329132000000,0,false,0
"MWG",141639,"/Date(1700810232000)/",37300,5000,8706900,329113000000,0,false,0
"MWG",141635,"/Date(1700810230000)/",37250,200,8701900,328927000000,-50,true,-0.13
"MWG",141635,"/Date(1700810230000)/",37250,100,8701700,328919000000,-50,true,-0.13
"MWG",141635,"/Date(1700810230000)/",37300,100,8701600,328916000000,0,false,0
"MWG",141635,"/Date(1700810229000)/",37300,100,8701500,328912000000,0,false,0
"MWG",141635,"/Date(1700810229000)/",37300,1100,8701400,328908000000,0,false,0
"MWG",141632,"/Date(1700810228000)/",37300,100,8700300,328867000000,0,false,0
"MWG",141632,"/Date(1700810227000)/",37300,500,8700200,328864000000,0,false,0
"MWG",141632,"/Date(1700810226000)/",37300,2000,8699700,328845000000,0,false,0
"MWG",141632,"/Date(1700810226000)/",37250,400,8697700,328770000000,-50,true,-0.13
"MWG",141632,"/Date(1700810226000)/",37250,200,8697300,328755000000,-50,true,-0.13
"MWG",141632,"/Date(1700810226000)/",37300,100,8697100,328748000000,0,false,0
"MWG",141626,"/Date(1700810221000)/",37300,2800,8697000,328744000000,0,false,0
"MWG",141626,"/Date(1700810219000)/",37300,1000,8694200,328640000000,0,false,0
"MWG",141623,"/Date(1700810219000)/",37250,1800,8693200,328602000000,-50,true,-0.13
"MWG",141623,"/Date(1700810219000)/",37250,1200,8691400,328535000000,-50,true,-0.13
"MWG",141623,"/Date(1700810217000)/",37300,100,8690200,328491000000,0,false,0
"MWG",141623,"/Date(1700810216000)/",37300,500,8690100,328487000000,0,false,0
"MWG",141619,"/Date(1700810216000)/",37250,3800,8689600,328468000000,-50,true,-0.13
"MWG",141619,"/Date(1700810216000)/",37250,1000,8685800,328327000000,-50,true,-0.13
"MWG",141619,"/Date(1700810216000)/",37250,5000,8684800,328290000000,-50,true,-0.13
"MWG",141619,"/Date(1700810216000)/",37250,200,8679800,328103000000,-50,true,-0.13
"MWG",141619,"/Date(1700810216000)/",37300,100,8679600,328096000000,0,false,0
"MWG",141619,"/Date(1700810215000)/",37300,200,8679500,328092000000,0,false,0
"MWG",141619,"/Date(1700810214000)/",37250,700,8679300,328085000000,-50,true,-0.13
"MWG",141619,"/Date(1700810214000)/",37250,500,8678600,328059000000,-50,true,-0.13
"MWG",141619,"/Date(1700810214000)/",37250,500,8678100,328040000000,-50,true,-0.13
"MWG",141619,"/Date(1700810214000)/",37250,300,8677600,328021000000,-50,true,-0.13
"MWG",141619,"/Date(1700810214000)/",37250,700,8677300,328010000000,-50,true,-0.13
"MWG",141619,"/Date(1700810214000)/",37250,1200,8676600,327984000000,-50,true,-0.13
"MWG",141619,"/Date(1700810213000)/",37300,200,8675400,327939000000,0,false,0
"MWG",141616,"/Date(1700810213000)/",37300,400,8675200,327932000000,0,false,0
"MWG",141616,"/Date(1700810212000)/",37250,100,8674800,327917000000,-50,true,-0.13
"MWG",141616,"/Date(1700810211000)/",37250,700,8674700,327913000000,-50,true,-0.13
"MWG",141616,"/Date(1700810211000)/",37250,100,8674000,327887000000,-50,true,-0.13
"MWG",141616,"/Date(1700810211000)/",37250,100,8673900,327883000000,-50,true,-0.13
"MWG",141616,"/Date(1700810211000)/",37250,200,8673800,327880000000,-50,true,-0.13
"MWG",141616,"/Date(1700810211000)/",37250,200,8673600,327872000000,-50,true,-0.13
"MWG",141616,"/Date(1700810211000)/",37250,100,8673400,327865000000,-50,true,-0.13
"MWG",141616,"/Date(1700810211000)/",37250,600,8673300,327861000000,-50,true,-0.13
"MWG",141616,"/Date(1700810210000)/",37250,400,8672700,327839000000,-50,true,-0.13
"MWG",141613,"/Date(1700810209000)/",37250,200,8672300,327824000000,-50,true,-0.13
"MWG",141613,"/Date(1700810209000)/",37250,300,8672100,327816000000,-50,true,-0.13
"MWG",141613,"/Date(1700810209000)/",37250,400,8671800,327805000000,-50,true,-0.13
"MWG",141613,"/Date(1700810209000)/",37250,100,8671400,327790000000,-50,true,-0.13
"MWG",141613,"/Date(1700810208000)/",37250,100,8671300,327787000000,-50,true,-0.13
"MWG",141613,"/Date(1700810207000)/",37250,100,8671200,327783000000,-50,true,-0.13
"MWG",141613,"/Date(1700810207000)/",37250,200,8671100,327779000000,-50,true,-0.13
"MWG",141613,"/Date(1700810207000)/",37250,100,8670900,327772000000,-50,true,-0.13
"MWG",141610,"/Date(1700810205000)/",37250,100,8670800,327768000000,-50,true,-0.13
"MWG",141610,"/Date(1700810205000)/",37300,1800,8670700,327764000000,0,false,0
"MWG",141610,"/Date(1700810203000)/",37250,800,8668900,327697000000,-50,true,-0.13
"MWG",141610,"/Date(1700810203000)/",37250,2400,8668100,327667000000,-50,true,-0.13
"MWG",141603,"/Date(1700810199000)/",37300,1500,8665700,327578000000,0,false,0
"MWG",141600,"/Date(1700810195000)/",37250,600,8664200,327522000000,-50,true,-0.13
"MWG",141600,"/Date(1700810195000)/",37250,1900,8663600,327500000000,-50,true,-0.13
"MWG",141600,"/Date(1700810195000)/",37250,200,8661700,327429000000,-50,true,-0.13
"MWG",141600,"/Date(1700810195000)/",37250,500,8661500,327421000000,-50,true,-0.13
"MWG",141600,"/Date(1700810195000)/",37250,500,8661000,327403000000,-50,true,-0.13
"MWG",141600,"/Date(1700810195000)/",37250,300,8660500,327384000000,-50,true,-0.13
"MWG",141600,"/Date(1700810194000)/",37250,100,8660200,327373000000,-50,true,-0.13
"MWG",141600,"/Date(1700810193000)/",37300,500,8660100,327369000000,0,false,0
"MWG",141557,"/Date(1700810191000)/",37250,100,8659600,327351000000,-50,true,-0.13
"MWG",141554,"/Date(1700810189000)/",37250,1100,8659500,327347000000,-50,true,-0.13
"MWG",141554,"/Date(1700810189000)/",37250,400,8658400,327306000000,-50,true,-0.13
"MWG",141554,"/Date(1700810189000)/",37300,100,8658000,327291000000,0,false,0
"MWG",141554,"/Date(1700810189000)/",37250,600,8657900,327287000000,-50,true,-0.13
"MWG",141554,"/Date(1700810189000)/",37250,400,8657300,327265000000,-50,true,-0.13
"MWG",141554,"/Date(1700810187000)/",37300,1800,8656900,327250000000,0,false,0
"MWG",141551,"/Date(1700810186000)/",37300,500,8655100,327183000000,0,false,0
"MWG",141551,"/Date(1700810186000)/",37250,600,8654600,327164000000,-50,true,-0.13
"MWG",141547,"/Date(1700810184000)/",37250,500,8654000,327142000000,-50,true,-0.13
"MWG",141547,"/Date(1700810183000)/",37300,100,8653500,327123000000,0,false,0
"MWG",141547,"/Date(1700810183000)/",37300,100,8653400,327120000000,0,false,0
"MWG",141547,"/Date(1700810182000)/",37250,500,8653300,327116000000,-50,true,-0.13
"MWG",141547,"/Date(1700810182000)/",37300,300,8652800,327097000000,0,false,0
"MWG",141544,"/Date(1700810178000)/",37300,1000,8652500,327086000000,0,false,0
"MWG",141544,"/Date(1700810178000)/",37300,500,8651500,327049000000,0,false,0
"MWG",141541,"/Date(1700810177000)/",37300,5000,8651000,327030000000,0,true,0
"MWG",141541,"/Date(1700810177000)/",37300,1000,8646000,326844000000,0,true,0
"MWG",141541,"/Date(1700810176000)/",37300,1000,8645000,326806000000,0,true,0
"MWG",141541,"/Date(1700810176000)/",37300,100,8644000,326769000000,0,true,0
"MWG",141541,"/Date(1700810176000)/",37300,100,8643900,326765000000,0,true,0
"MWG",141538,"/Date(1700810173000)/",37300,100,8643800,326761000000,0,true,0
"MWG",141535,"/Date(1700810170000)/",37250,400,8643700,326758000000,-50,true,-0.13
"MWG",141535,"/Date(1700810169000)/",37300,1900,8643300,326743000000,0,false,0
"MWG",141531,"/Date(1700810165000)/",37250,1900,8641400,326672000000,-50,true,-0.13
"MWG",141531,"/Date(1700810165000)/",37250,300,8639500,326601000000,-50,true,-0.13
"MWG",141531,"/Date(1700810165000)/",37300,800,8639200,326590000000,0,true,0
"MWG",141528,"/Date(1700810162000)/",37300,300,8638400,326560000000,0,true,0
"MWG",141525,"/Date(1700810161000)/",37300,1000,8638100,326549000000,0,true,0
"MWG",141525,"/Date(1700810160000)/",37350,500,8637100,326512000000,50,false,0.13
"MWG",141525,"/Date(1700810159000)/",37300,700,8636600,326493000000,0,true,0
"MWG",141525,"/Date(1700810159000)/",37300,4000,8635900,326467000000,0,true,0
"MWG",141525,"/Date(1700810159000)/",37300,8000,8631900,326318000000,0,true,0
"MWG",141525,"/Date(1700810159000)/",37300,300,8623900,326019000000,0,true,0
"MWG",141525,"/Date(1700810159000)/",37300,100,8623600,326008000000,0,true,0
"MWG",141525,"/Date(1700810159000)/",37300,2500,8623500,326004000000,0,true,0
"MWG",141525,"/Date(1700810159000)/",37300,200,8621000,325911000000,0,true,0
"MWG",141525,"/Date(1700810159000)/",37300,500,8620800,325904000000,0,true,0
"MWG",141525,"/Date(1700810159000)/",37300,1000,8620300,325885000000,0,true,0
"MWG",141525,"/Date(1700810159000)/",37300,500,8619300,325848000000,0,true,0
"MWG",141525,"/Date(1700810159000)/",37300,1000,8618800,325829000000,0,true,0
"MWG",141525,"/Date(1700810159000)/",37300,2000,8617800,325792000000,0,true,0
"MWG",141525,"/Date(1700810159000)/",37300,600,8615800,325717000000,0,true,0
"MWG",141525,"/Date(1700810159000)/",37300,400,8615200,325695000000,0,true,0
"MWG",141525,"/Date(1700810159000)/",37300,1000,8614800,325680000000,0,true,0
"MWG",141525,"/Date(1700810159000)/",37300,1300,8613800,325643000000,0,true,0
"MWG",141525,"/Date(1700810159000)/",37250,3800,8612500,325594000000,-50,true,-0.13
"MWG",141525,"/Date(1700810159000)/",37250,500,8608700,325453000000,-50,true,-0.13
"MWG",141525,"/Date(1700810159000)/",37250,2700,8608200,325434000000,-50,true,-0.13
"MWG",141525,"/Date(1700810158000)/",37250,2900,8605500,325333000000,-50,true,-0.13
"MWG",141522,"/Date(1700810158000)/",37250,3000,8602600,325225000000,-50,false,-0.13
"MWG",141522,"/Date(1700810156000)/",37250,100,8599600,325114000000,-50,false,-0.13
"MWG",141522,"/Date(1700810156000)/",37300,100,8599500,325110000000,0,false,0
"MWG",141522,"/Date(1700810156000)/",37200,6300,8599400,325106000000,-100,true,-0.27
"MWG",141522,"/Date(1700810156000)/",37200,1000,8593100,324872000000,-100,true,-0.27
"MWG",141522,"/Date(1700810156000)/",37200,700,8592100,324835000000,-100,true,-0.27
"MWG",141522,"/Date(1700810156000)/",37200,300,8591400,324808000000,-100,true,-0.27
"MWG",141522,"/Date(1700810156000)/",37200,500,8591100,324797000000,-100,true,-0.27
"MWG",141522,"/Date(1700810155000)/",37200,500,8590600,324779000000,-100,true,-0.27
"MWG",141522,"/Date(1700810155000)/",37300,100,8590100,324760000000,0,false,0
"MWG",141522,"/Date(1700810155000)/",37300,300,8590000,324756000000,0,false,0
"MWG",141522,"/Date(1700810155000)/",37250,100,8589700,324745000000,-50,false,-0.13
"MWG",141522,"/Date(1700810155000)/",37250,400,8589600,324741000000,-50,false,-0.13
"MWG",141522,"/Date(1700810155000)/",37250,200,8589200,324727000000,-50,false,-0.13
"MWG",141522,"/Date(1700810155000)/",37200,1000,8589000,324719000000,-100,true,-0.27
"MWG",141518,"/Date(1700810152000)/",37150,100,8588000,324682000000,-150,true,-0.4
"MWG",141518,"/Date(1700810152000)/",37150,200,8587900,324678000000,-150,true,-0.4
"MWG",141518,"/Date(1700810152000)/",37150,100,8587700,324671000000,-150,true,-0.4
"MWG",141518,"/Date(1700810152000)/",37150,100,8587600,324667000000,-150,true,-0.4
"MWG",141518,"/Date(1700810152000)/",37150,200,8587500,324663000000,-150,true,-0.4
"MWG",141518,"/Date(1700810152000)/",37150,100,8587300,324656000000,-150,true,-0.4
"MWG",141518,"/Date(1700810152000)/",37150,400,8587200,324652000000,-150,true,-0.4
"MWG",141518,"/Date(1700810152000)/",37200,100,8586800,324637000000,-100,true,-0.27
"MWG",141518,"/Date(1700810152000)/",37200,1000,8586700,324634000000,-100,true,-0.27
"MWG",141518,"/Date(1700810152000)/",37200,1000,8585700,324596000000,-100,true,-0.27
"MWG",141518,"/Date(1700810152000)/",37200,3700,8584700,324559000000,-100,true,-0.27
"MWG",141518,"/Date(1700810151000)/",37200,400,8581000,324422000000,-100,true,-0.27
"MWG",141515,"/Date(1700810151000)/",37250,800,8580600,324407000000,-50,false,-0.13
"MWG",141515,"/Date(1700810151000)/",37250,1000,8579800,324377000000,-50,false,-0.13
"MWG",141512,"/Date(1700810147000)/",37200,5900,8578800,324340000000,-100,true,-0.27
"MWG",141512,"/Date(1700810147000)/",37150,100,8572900,324120000000,-150,true,-0.4
"MWG",141512,"/Date(1700810147000)/",37150,100,8572800,324116000000,-150,true,-0.4
"MWG",141512,"/Date(1700810145000)/",37200,100,8572700,324113000000,-100,true,-0.27
"MWG",141512,"/Date(1700810145000)/",37200,100,8572600,324109000000,-100,true,-0.27
"MWG",141512,"/Date(1700810145000)/",37200,100,8572500,324105000000,-100,true,-0.27
"MWG",141512,"/Date(1700810145000)/",37200,900,8572400,324102000000,-100,true,-0.27
"MWG",141512,"/Date(1700810145000)/",37200,2000,8571500,324068000000,-100,true,-0.27
"MWG",141512,"/Date(1700810145000)/",37200,500,8569500,323994000000,-100,true,-0.27
"MWG",141512,"/Date(1700810145000)/",37200,400,8569000,323975000000,-100,true,-0.27
"MWG",141512,"/Date(1700810145000)/",37200,10000,8568600,323960000000,-100,true,-0.27
"MWG",141512,"/Date(1700810145000)/",37200,500,8558600,323588000000,-100,true,-0.27
"MWG",141512,"/Date(1700810145000)/",37200,100,8558100,323570000000,-100,true,-0.27
"MWG",141512,"/Date(1700810145000)/",37200,300,8558000,323566000000,-100,true,-0.27
"MWG",141512,"/Date(1700810145000)/",37200,2000,8557700,323555000000,-100,true,-0.27
"MWG",141512,"/Date(1700810145000)/",37200,500,8555700,323480000000,-100,true,-0.27
"MWG",141512,"/Date(1700810145000)/",37200,700,8555200,323462000000,-100,true,-0.27
"MWG",141512,"/Date(1700810145000)/",37200,200,8554500,323436000000,-100,true,-0.27
"MWG",141512,"/Date(1700810145000)/",37200,2000,8554300,323428000000,-100,true,-0.27
"MWG",141512,"/Date(1700810145000)/",37200,100,8552300,323354000000,-100,true,-0.27
"MWG",141512,"/Date(1700810145000)/",37200,300,8552200,323350000000,-100,true,-0.27
"MWG",141512,"/Date(1700810145000)/",37200,500,8551900,323339000000,-100,true,-0.27
"MWG",141512,"/Date(1700810145000)/",37200,100,8551400,323320000000,-100,true,-0.27
"MWG",141512,"/Date(1700810145000)/",37200,200,8551300,323317000000,-100,true,-0.27
"MWG",141512,"/Date(1700810145000)/",37200,500,8551100,323309000000,-100,true,-0.27
"MWG",141512,"/Date(1700810145000)/",37200,400,8550600,323291000000,-100,true,-0.27
"MWG",141512,"/Date(1700810145000)/",37200,200,8550200,323276000000,-100,true,-0.27
"MWG",141512,"/Date(1700810145000)/",37200,100,8550000,323268000000,-100,true,-0.27
"MWG",141512,"/Date(1700810145000)/",37200,300,8549900,323265000000,-100,true,-0.27
"MWG",141512,"/Date(1700810145000)/",37200,1000,8549600,323253000000,-100,true,-0.27
"MWG",141512,"/Date(1700810145000)/",37200,100,8548600,323216000000,-100,true,-0.27
"MWG",141509,"/Date(1700810144000)/",37250,100,8548500,323213000000,-50,false,-0.13
"MWG",141506,"/Date(1700810141000)/",37200,100,8548400,323209000000,-100,true,-0.27
"MWG",141506,"/Date(1700810139000)/",37250,200,8548300,323205000000,-50,false,-0.13
"MWG",141502,"/Date(1700810137000)/",37200,2000,8548100,323198000000,-100,true,-0.27
"MWG",141502,"/Date(1700810137000)/",37200,1000,8546100,323123000000,-100,true,-0.27
"MWG",141502,"/Date(1700810137000)/",37200,800,8545100,323086000000,-100,true,-0.27
"MWG",141502,"/Date(1700810137000)/",37200,100,8544300,323056000000,-100,true,-0.27
"MWG",141502,"/Date(1700810137000)/",37200,1700,8544200,323053000000,-100,true,-0.27
"MWG",141502,"/Date(1700810136000)/",37250,200,8542500,322989000000,-50,false,-0.13
"MWG",141502,"/Date(1700810136000)/",37250,300,8542300,322982000000,-50,false,-0.13
"MWG",141502,"/Date(1700810136000)/",37250,300,8542000,322971000000,-50,false,-0.13
"MWG",141459,"/Date(1700810134000)/",37250,1000,8541700,322960000000,-50,false,-0.13
"MWG",141459,"/Date(1700810134000)/",37250,1100,8540700,322922000000,-50,false,-0.13
"MWG",141459,"/Date(1700810134000)/",37250,200,8539600,322881000000,-50,false,-0.13
"MWG",141459,"/Date(1700810134000)/",37250,100,8539400,322874000000,-50,false,-0.13
"MWG",141459,"/Date(1700810134000)/",37250,400,8539300,322870000000,-50,false,-0.13
"MWG",141459,"/Date(1700810133000)/",37250,11000,8538900,322855000000,-50,false,-0.13
"MWG",141456,"/Date(1700810130000)/",37200,100,8527900,322445000000,-100,true,-0.27
"MWG",141456,"/Date(1700810129000)/",37200,300,8527800,322442000000,-100,true,-0.27
"MWG",141456,"/Date(1700810129000)/",37250,500,8527500,322431000000,-50,false,-0.13
"MWG",141453,"/Date(1700810127000)/",37200,400,8527000,322412000000,-100,true,-0.27
"MWG",141453,"/Date(1700810127000)/",37200,100,8526600,322397000000,-100,true,-0.27
"MWG",141450,"/Date(1700810126000)/",37250,1000,8526500,322393000000,-50,true,-0.13
"MWG",141450,"/Date(1700810126000)/",37250,100,8525500,322356000000,-50,true,-0.13
"MWG",141450,"/Date(1700810125000)/",37250,400,8525400,322352000000,-50,true,-0.13
"MWG",141450,"/Date(1700810124000)/",37300,300,8525000,322337000000,0,false,0
"MWG",141450,"/Date(1700810124000)/",37300,100,8524700,322326000000,0,false,0
"MWG",141446,"/Date(1700810122000)/",37250,300,8524600,322323000000,-50,true,-0.13
"MWG",141446,"/Date(1700810121000)/",37300,200,8524300,322311000000,0,false,0
"MWG",141446,"/Date(1700810121000)/",37300,200,8524100,322304000000,0,false,0
"MWG",141446,"/Date(1700810120000)/",37250,200,8523900,322296000000,-50,true,-0.13
"MWG",141446,"/Date(1700810120000)/",37250,100,8523700,322289000000,-50,true,-0.13
"MWG",141446,"/Date(1700810120000)/",37250,100,8523600,322285000000,-50,true,-0.13
"MWG",141443,"/Date(1700810118000)/",37250,1000,8523500,322282000000,-50,true,-0.13
"MWG",141440,"/Date(1700810116000)/",37300,1800,8522500,322244000000,0,false,0
"MWG",141437,"/Date(1700810112000)/",37300,2000,8520700,322177000000,0,false,0
"MWG",141437,"/Date(1700810111000)/",37300,300,8518700,322103000000,0,false,0
"MWG",141437,"/Date(1700810110000)/",37300,500,8518400,322091000000,0,false,0
"MWG",141437,"/Date(1700810110000)/",37300,100,8517900,322073000000,0,false,0
"MWG",141430,"/Date(1700810106000)/",37300,1000,8517800,322069000000,0,false,0
"MWG",141430,"/Date(1700810105000)/",37300,600,8516800,322032000000,0,false,0
"MWG",141430,"/Date(1700810105000)/",37300,100,8516200,322009000000,0,false,0
"MWG",141430,"/Date(1700810105000)/",37300,100,8516100,322006000000,0,false,0
"MWG",141430,"/Date(1700810105000)/",37300,100,8516000,322002000000,0,false,0
"MWG",141430,"/Date(1700810105000)/",37300,100,8515900,321998000000,0,false,0
"MWG",141430,"/Date(1700810105000)/",37300,700,8515800,321994000000,0,false,0
"MWG",141430,"/Date(1700810105000)/",37300,100,8515100,321968000000,0,false,0
"MWG",141430,"/Date(1700810105000)/",37300,100,8515000,321965000000,0,false,0
"MWG",141430,"/Date(1700810105000)/",37300,100,8514900,321961000000,0,false,0
"MWG",141430,"/Date(1700810105000)/",37300,100,8514800,321957000000,0,false,0
"MWG",141430,"/Date(1700810105000)/",37300,500,8514700,321953000000,0,false,0
"MWG",141430,"/Date(1700810105000)/",37300,200,8514200,321935000000,0,false,0
"MWG",141430,"/Date(1700810105000)/",37300,20000,8514000,321927000000,0,false,0
"MWG",141430,"/Date(1700810105000)/",37300,100,8494000,321181000000,0,false,0
"MWG",141430,"/Date(1700810105000)/",37300,100,8493900,321178000000,0,false,0
"MWG",141430,"/Date(1700810105000)/",37300,100,8493800,321174000000,0,false,0
"MWG",141430,"/Date(1700810105000)/",37300,3600,8493700,321170000000,0,false,0
"MWG",141430,"/Date(1700810103000)/",37350,500,8490100,321036000000,50,false,0.13
"MWG",141430,"/Date(1700810103000)/",37300,26400,8489600,321017000000,0,false,0
"MWG",141430,"/Date(1700810103000)/",37300,500,8463200,320032000000,0,false,0
"MWG",141430,"/Date(1700810103000)/",37300,500,8462700,320014000000,0,false,0
"MWG",141430,"/Date(1700810103000)/",37300,200,8462200,319995000000,0,false,0
"MWG",141430,"/Date(1700810103000)/",37300,300,8462000,319988000000,0,false,0
"MWG",141430,"/Date(1700810103000)/",37300,1000,8461700,319976000000,0,false,0
"MWG",141430,"/Date(1700810103000)/",37300,500,8460700,319939000000,0,false,0
"MWG",141430,"/Date(1700810103000)/",37300,600,8460200,319920000000,0,false,0
"MWG",141427,"/Date(1700810101000)/",37300,300,8459600,319898000000,0,true,0
"MWG",141427,"/Date(1700810101000)/",37300,100,8459300,319887000000,0,true,0
"MWG",141427,"/Date(1700810101000)/",37300,100,8459200,319883000000,0,true,0
"MWG",141427,"/Date(1700810101000)/",37300,1000,8459100,319879000000,0,true,0
"MWG",141427,"/Date(1700810101000)/",37300,100,8458100,319842000000,0,true,0
"MWG",141427,"/Date(1700810101000)/",37300,500,8458000,319838000000,0,true,0
"MWG",141427,"/Date(1700810101000)/",37300,800,8457500,319820000000,0,true,0
"MWG",141427,"/Date(1700810101000)/",37300,700,8456700,319790000000,0,true,0
"MWG",141427,"/Date(1700810100000)/",37300,1500,8456000,319764000000,0,true,0
"MWG",141427,"/Date(1700810100000)/",37300,500,8454500,319708000000,0,true,0
"MWG",141427,"/Date(1700810100000)/",37300,2000,8454000,319689000000,0,true,0
"MWG",141427,"/Date(1700810100000)/",37300,1000,8452000,319615000000,0,true,0
"MWG",141427,"/Date(1700810100000)/",37300,100,8451000,319577000000,0,true,0
"MWG",141427,"/Date(1700810100000)/",37300,100,8450900,319574000000,0,true,0
"MWG",141427,"/Date(1700810100000)/",37300,100,8450800,319570000000,0,true,0
"MWG",141427,"/Date(1700810100000)/",37300,100,8450700,319566000000,0,true,0
"MWG",141427,"/Date(1700810100000)/",37300,500,8450600,319562000000,0,true,0
"MWG",141427,"/Date(1700810100000)/",37300,1000,8450100,319544000000,0,true,0
"MWG",141427,"/Date(1700810100000)/",37300,500,8449100,319506000000,0,true,0
"MWG",141427,"/Date(1700810100000)/",37300,2700,8448600,319488000000,0,true,0
"MWG",141427,"/Date(1700810100000)/",37300,10000,8445900,319387000000,0,true,0
"MWG",141424,"/Date(1700810099000)/",37300,2000,8435900,319014000000,0,true,0
"MWG",141424,"/Date(1700810099000)/",37300,5000,8433900,318940000000,0,true,0
"MWG",141424,"/Date(1700810099000)/",37300,200,8428900,318753000000,0,true,0
"MWG",141424,"/Date(1700810098000)/",37300,100,8428700,318746000000,0,true,0
"MWG",141424,"/Date(1700810098000)/",37300,100,8428600,318742000000,0,true,0
"MWG",141424,"/Date(1700810098000)/",37300,2000,8428500,318738000000,0,true,0
"MWG",141424,"/Date(1700810098000)/",37300,100,8426500,318663000000,0,true,0
"MWG",141424,"/Date(1700810098000)/",37300,3000,8426400,318660000000,0,true,0
"MWG",141424,"/Date(1700810098000)/",37300,1000,8423400,318548000000,0,true,0
"MWG",141424,"/Date(1700810098000)/",37300,100,8422400,318511000000,0,true,0
"MWG",141424,"/Date(1700810098000)/",37300,200,8422300,318507000000,0,true,0
"MWG",141424,"/Date(1700810098000)/",37300,3000,8422100,318499000000,0,true,0
"MWG",141424,"/Date(1700810098000)/",37300,100,8419100,318387000000,0,true,0
"MWG",141424,"/Date(1700810098000)/",37300,100,8419000,318384000000,0,true,0
"MWG",141424,"/Date(1700810098000)/",37300,500,8418900,318380000000,0,true,0
"MWG",141424,"/Date(1700810098000)/",37300,100,8418400,318361000000,0,true,0
"MWG",141424,"/Date(1700810098000)/",37300,100,8418300,318358000000,0,true,0
"MWG",141424,"/Date(1700810098000)/",37300,100,8418200,318354000000,0,true,0
"MWG",141424,"/Date(1700810098000)/",37300,1500,8418100,318350000000,0,true,0
"MWG",141424,"/Date(1700810098000)/",37300,100,8416600,318294000000,0,true,0
"MWG",141424,"/Date(1700810098000)/",37300,500,8416500,318290000000,0,true,0
"MWG",141424,"/Date(1700810098000)/",37300,500,8416000,318272000000,0,true,0
"MWG",141424,"/Date(1700810098000)/",37300,1600,8415500,318253000000,0,true,0
"MWG",141424,"/Date(1700810098000)/",37300,20000,8413900,318194000000,0,true,0
"MWG",141424,"/Date(1700810098000)/",37300,1000,8393900,317448000000,0,true,0
"MWG",141424,"/Date(1700810098000)/",37300,10000,8392900,317410000000,0,true,0
"MWG",141424,"/Date(1700810098000)/",37300,200,8382900,317037000000,0,true,0
"MWG",141424,"/Date(1700810098000)/",37300,100,8382700,317030000000,0,true,0
"MWG",141424,"/Date(1700810098000)/",37300,100,8382600,317026000000,0,true,0
"MWG",141424,"/Date(1700810098000)/",37300,100,8382500,317022000000,0,true,0
"MWG",141424,"/Date(1700810098000)/",37300,100,8382400,317019000000,0,true,0
"MWG",141424,"/Date(1700810098000)/",37300,500,8382300,317015000000,0,true,0
"MWG",141424,"/Date(1700810098000)/",37300,500,8381800,316996000000,0,true,0
"MWG",141424,"/Date(1700810098000)/",37300,2500,8381300,316978000000,0,true,0
"MWG",141424,"/Date(1700810098000)/",37300,500,8378800,316884000000,0,true,0
"MWG",141424,"/Date(1700810098000)/",37300,100,8378300,316866000000,0,true,0
"MWG",141424,"/Date(1700810098000)/",37300,500,8378200,316862000000,0,true,0
"MWG",141424,"/Date(1700810098000)/",37300,10000,8377700,316843000000,0,true,0
"MWG",141424,"/Date(1700810098000)/",37300,200,8367700,316470000000,0,true,0
"MWG",141424,"/Date(1700810098000)/",37300,1000,8367500,316463000000,0,true,0
"MWG",141424,"/Date(1700810098000)/",37300,500,8366500,316425000000,0,true,0
"MWG",141424,"/Date(1700810098000)/",37300,100,8366000,316407000000,0,true,0
"MWG",141424,"/Date(1700810098000)/",37300,100,8365900,316403000000,0,true,0
"MWG",141424,"/Date(1700810098000)/",37300,2000,8365800,316399000000,0,true,0
"MWG",141424,"/Date(1700810098000)/",37300,200,8363800,316325000000,0,true,0
"MWG",141424,"/Date(1700810098000)/",37300,100,8363600,316317000000,0,true,0
"MWG",141424,"/Date(1700810098000)/",37300,100,8363500,316314000000,0,true,0
"MWG",141424,"/Date(1700810098000)/",37300,2000,8363400,316310000000,0,true,0
"MWG",141424,"/Date(1700810098000)/",37300,100,8361400,316235000000,0,true,0
"MWG",141424,"/Date(1700810098000)/",37300,100,8361300,316232000000,0,true,0
"MWG",141424,"/Date(1700810098000)/",37300,1000,8361200,316228000000,0,true,0
"MWG",141424,"/Date(1700810098000)/",37300,100,8360200,316190000000,0,true,0
"MWG",141424,"/Date(1700810098000)/",37300,1400,8360100,316187000000,0,true,0
"MWG",141424,"/Date(1700810098000)/",37350,1800,8358700,316135000000,50,false,0.13
"MWG",141424,"/Date(1700810097000)/",37350,100,8356900,316067000000,50,false,0.13
"MWG",141421,"/Date(1700810094000)/",37300,1600,8356800,316064000000,0,true,0
"MWG",141421,"/Date(1700810094000)/",37300,100,8355200,316004000000,0,true,0
"MWG",141421,"/Date(1700810094000)/",37300,1000,8355100,316000000000,0,true,0
"MWG",141421,"/Date(1700810094000)/",37300,500,8354100,315963000000,0,true,0
"MWG",141421,"/Date(1700810094000)/",37300,1000,8353600,315944000000,0,true,0
"MWG",141421,"/Date(1700810094000)/",37300,100,8352600,315907000000,0,true,0
"MWG",141421,"/Date(1700810094000)/",37300,500,8352500,315903000000,0,true,0
"MWG",141421,"/Date(1700810094000)/",37300,100,8352000,315885000000,0,true,0
"MWG",141421,"/Date(1700810094000)/",37300,1000,8351900,315881000000,0,true,0
"MWG",141421,"/Date(1700810094000)/",37300,100,8350900,315844000000,0,true,0
"MWG",141421,"/Date(1700810094000)/",37300,2000,8350800,315840000000,0,true,0
"MWG",141421,"/Date(1700810094000)/",37300,100,8348800,315765000000,0,true,0
"MWG",141421,"/Date(1700810094000)/",37300,1100,8348700,315761000000,0,true,0
"MWG",141421,"/Date(1700810094000)/",37300,300,8347600,315720000000,0,true,0
"MWG",141421,"/Date(1700810094000)/",37300,100,8347300,315709000000,0,true,0
"MWG",141421,"/Date(1700810094000)/",37300,100,8347200,315705000000,0,true,0
"MWG",141421,"/Date(1700810094000)/",37300,1000,8347100,315702000000,0,true,0
"MWG",141421,"/Date(1700810094000)/",37300,100,8346100,315664000000,0,true,0
"MWG",141421,"/Date(1700810094000)/",37300,400,8346000,315661000000,0,true,0
"MWG",141421,"/Date(1700810094000)/",37300,200,8345600,315646000000,0,true,0
"MWG",141421,"/Date(1700810094000)/",37300,200,8345400,315638000000,0,true,0
"MWG",141421,"/Date(1700810094000)/",37300,2000,8345200,315631000000,0,true,0
"MWG",141421,"/Date(1700810094000)/",37300,200,8343200,315556000000,0,true,0
"MWG",141421,"/Date(1700810094000)/",37300,100,8343000,315549000000,0,true,0
"MWG",141421,"/Date(1700810094000)/",37300,500,8342900,315545000000,0,true,0
"MWG",141421,"/Date(1700810094000)/",37300,100,8342400,315526000000,0,true,0
"MWG",141421,"/Date(1700810094000)/",37300,3000,8342300,315523000000,0,true,0
"MWG",141421,"/Date(1700810094000)/",37300,100,8339300,315411000000,0,true,0
"MWG",141421,"/Date(1700810094000)/",37300,2000,8339200,315407000000,0,true,0
"MWG",141421,"/Date(1700810094000)/",37300,100,8337200,315332000000,0,true,0
"MWG",141421,"/Date(1700810094000)/",37300,100,8337100,315329000000,0,true,0
"MWG",141421,"/Date(1700810094000)/",37300,200,8337000,315325000000,0,true,0
"MWG",141418,"/Date(1700810093000)/",37350,200,8336800,315318000000,50,false,0.13
"MWG",141418,"/Date(1700810093000)/",37300,1600,8336600,315310000000,0,true,0
"MWG",141414,"/Date(1700810089000)/",37350,500,8335000,315250000000,50,false,0.13
"MWG",141414,"/Date(1700810089000)/",37300,3400,8334500,315232000000,0,true,0
"MWG",141414,"/Date(1700810089000)/",37300,100,8331100,315105000000,0,true,0
"MWG",141414,"/Date(1700810089000)/",37300,100,8331000,315101000000,0,true,0
"MWG",141414,"/Date(1700810089000)/",37300,200,8330900,315097000000,0,true,0
"MWG",141414,"/Date(1700810089000)/",37300,100,8330700,315090000000,0,true,0
"MWG",141414,"/Date(1700810089000)/",37300,100,8330600,315086000000,0,true,0
"MWG",141414,"/Date(1700810089000)/",37300,100,8330500,315083000000,0,true,0
"MWG",141414,"/Date(1700810089000)/",37300,500,8330400,315079000000,0,true,0
"MWG",141414,"/Date(1700810089000)/",37300,30000,8329900,315060000000,0,true,0
"MWG",141414,"/Date(1700810089000)/",37300,100,8299900,313941000000,0,true,0
"MWG",141414,"/Date(1700810089000)/",37300,500,8299800,313937000000,0,true,0
"MWG",141414,"/Date(1700810089000)/",37300,4800,8299300,313919000000,0,true,0
"MWG",141414,"/Date(1700810089000)/",37300,5200,8294500,313740000000,0,true,0
"MWG",141414,"/Date(1700810089000)/",37300,1000,8289300,313546000000,0,true,0
"MWG",141414,"/Date(1700810089000)/",37300,200,8288300,313508000000,0,true,0
"MWG",141414,"/Date(1700810089000)/",37300,500,8288100,313501000000,0,true,0
"MWG",141414,"/Date(1700810089000)/",37300,400,8287600,313482000000,0,true,0
"MWG",141414,"/Date(1700810089000)/",37300,600,8287200,313467000000,0,true,0
"MWG",141414,"/Date(1700810089000)/",37300,400,8286600,313445000000,0,true,0
"MWG",141414,"/Date(1700810089000)/",37300,3000,8286200,313430000000,0,true,0
"MWG",141414,"/Date(1700810089000)/",37300,800,8283200,313318000000,0,true,0
"MWG",141414,"/Date(1700810089000)/",37300,2400,8282400,313288000000,0,true,0
"MWG",141414,"/Date(1700810089000)/",37300,100,8280000,313199000000,0,true,0
"MWG",141414,"/Date(1700810089000)/",37300,100,8279900,313195000000,0,true,0
"MWG",141414,"/Date(1700810089000)/",37300,100,8279800,313191000000,0,true,0
"MWG",141414,"/Date(1700810089000)/",37300,200,8279700,313188000000,0,true,0
"MWG",141414,"/Date(1700810089000)/",37300,100,8279500,313180000000,0,true,0
"MWG",141414,"/Date(1700810089000)/",37300,1600,8279400,313177000000,0,true,0
"MWG",141414,"/Date(1700810089000)/",37300,600,8277800,313117000000,0,true,0
"MWG",141414,"/Date(1700810089000)/",37300,100,8277200,313094000000,0,true,0
"MWG",141414,"/Date(1700810089000)/",37300,2600,8277100,313091000000,0,true,0
"MWG",141411,"/Date(1700810085000)/",37350,100,8274500,312994000000,50,false,0.13
"MWG",141411,"/Date(1700810084000)/",37300,2400,8274400,312990000000,0,true,0
"MWG",141411,"/Date(1700810084000)/",37300,100,8272000,312900000000,0,true,0
"MWG",141411,"/Date(1700810084000)/",37300,300,8271900,312897000000,0,true,0
"MWG",141411,"/Date(1700810084000)/",37300,200,8271600,312886000000,0,true,0
"MWG",141411,"/Date(1700810084000)/",37300,500,8271400,312878000000,0,true,0
"MWG",141411,"/Date(1700810084000)/",37300,500,8270900,312859000000,0,true,0
"MWG",141411,"/Date(1700810084000)/",37300,100,8270400,312841000000,0,true,0
"MWG",141411,"/Date(1700810084000)/",37300,100,8270300,312837000000,0,true,0
"MWG",141411,"/Date(1700810084000)/",37300,500,8270200,312833000000,0,true,0
"MWG",141411,"/Date(1700810084000)/",37300,300,8269700,312815000000,0,true,0
"MWG",141408,"/Date(1700810084000)/",37300,100,8269400,312804000000,0,true,0
"MWG",141408,"/Date(1700810084000)/",37300,300,8269300,312800000000,0,true,0
"MWG",141408,"/Date(1700810084000)/",37300,100,8269000,312789000000,0,true,0
"MWG",141408,"/Date(1700810084000)/",37300,1500,8268900,312785000000,0,true,0
"MWG",141408,"/Date(1700810084000)/",37300,400,8267400,312729000000,0,true,0
"MWG",141408,"/Date(1700810082000)/",37300,3100,8267000,312714000000,0,true,0
"MWG",141408,"/Date(1700810082000)/",37300,100,8263900,312598000000,0,true,0
"MWG",141408,"/Date(1700810082000)/",37300,200,8263800,312595000000,0,true,0
"MWG",141408,"/Date(1700810082000)/",37300,100,8263600,312587000000,0,true,0
"MWG",141408,"/Date(1700810082000)/",37300,500,8263500,312583000000,0,true,0
"MWG",141408,"/Date(1700810082000)/",37300,200,8263000,312565000000,0,true,0
"MWG",141408,"/Date(1700810082000)/",37350,2000,8262800,312557000000,50,false,0.13
"MWG",141408,"/Date(1700810082000)/",37300,2600,8260800,312483000000,0,true,0
"MWG",141408,"/Date(1700810082000)/",37300,100,8258200,312386000000,0,true,0
"MWG",141408,"/Date(1700810082000)/",37300,500,8258100,312382000000,0,true,0
"MWG",141408,"/Date(1700810082000)/",37300,100,8257600,312363000000,0,true,0
"MWG",141408,"/Date(1700810082000)/",37300,500,8257500,312360000000,0,true,0
"MWG",141408,"/Date(1700810082000)/",37300,200,8257000,312341000000,0,true,0
"MWG",141408,"/Date(1700810081000)/",37350,200,8256800,312333000000,50,false,0.13
"MWG",141405,"/Date(1700810080000)/",37350,1400,8256600,312326000000,50,false,0.13
"MWG",141405,"/Date(1700810080000)/",37350,400,8255200,312274000000,50,false,0.13
"MWG",141401,"/Date(1700810075000)/",37350,5000,8254800,312259000000,50,true,0.13
"MWG",141401,"/Date(1700810075000)/",37300,100,8249800,312072000000,0,true,0
"MWG",141401,"/Date(1700810075000)/",37300,100,8249700,312068000000,0,true,0
"MWG",141401,"/Date(1700810075000)/",37350,100,8249600,312065000000,50,true,0.13
"MWG",141401,"/Date(1700810075000)/",37350,1400,8249500,312061000000,50,true,0.13
"MWG",141401,"/Date(1700810075000)/",37350,5600,8248100,312009000000,50,true,0.13
"MWG",141401,"/Date(1700810074000)/",37350,100,8242500,311799000000,50,true,0.13
"MWG",141401,"/Date(1700810074000)/",37350,1200,8242400,311796000000,50,true,0.13
"MWG",141401,"/Date(1700810074000)/",37350,500,8241200,311751000000,50,true,0.13
"MWG",141401,"/Date(1700810074000)/",37350,300,8240700,311732000000,50,true,0.13
"MWG",141401,"/Date(1700810074000)/",37350,100,8240400,311721000000,50,true,0.13
"MWG",141401,"/Date(1700810071000)/",37350,5700,8240300,311717000000,50,true,0.13
"MWG",141358,"/Date(1700810071000)/",37350,6500,8234600,311504000000,50,true,0.13
"MWG",141358,"/Date(1700810071000)/",37350,200,8228100,311262000000,50,true,0.13
