"Stockcode","Package","TradingDate","Price","Vol","TotalVol","TotalVal","Change","IsBuy","PerChange"
"VIG",144522,"/Date(1700811902000)/",7700,35700,679736,5134482800,0,true,0
"VIG",143001,"/Date(1700811000000)/",7600,6700,644036,4859592800,-100,false,-1.3
"VIG",142955,"/Date(1700810995000)/",7600,2700,637336,4808672800,-100,false,-1.3
"VIG",142951,"/Date(1700810991000)/",7600,500,634636,4788152800,-100,false,-1.3
"VIG",142910,"/Date(1700810950000)/",7600,1300,634136,4784352800,-100,false,-1.3
"VIG",142908,"/Date(1700810948000)/",7600,3800,632836,4774472800,-100,false,-1.3
"VIG",142851,"/Date(1700810931000)/",7600,1100,629036,4745592800,-100,false,-1.3
"VIG",142841,"/Date(1700810921000)/",7600,300,627936,4737232800,-100,false,-1.3
"VIG",142743,"/Date(1700810863000)/",7600,100,627636,4734952800,-100,false,-1.3
"VIG",142612,"/Date(1700810772000)/",7500,100,627536,4734192800,-200,true,-2.6
"VIG",142431,"/Date(1700810671000)/",7500,2000,627436,4733442800,-200,true,-2.6
"VIG",142224,"/Date(1700810544000)/",7500,23,625436,4718442800,-200,true,-2.6
"VIG",142044,"/Date(1700810444000)/",7500,2000,625413,4718270300,-200,true,-2.6
"VIG",142016,"/Date(1700810416000)/",7500,7900,623413,4703270300,-200,false,-2.6
"VIG",141926,"/Date(1700810366000)/",7500,500,615513,4644020300,-200,false,-2.6
"VIG",141912,"/Date(1700810352000)/",7500,1100,615013,4640270300,-200,false,-2.6
"VIG",141849,"/Date(1700810329000)/",7500,500,613913,4632020300,-200,false,-2.6
"VIG",141831,"/Date(1700810311000)/",7500,700,613413,4628270300,-200,false,-2.6
"VIG",141805,"/Date(1700810285000)/",7500,6500,612713,4623020300,-200,false,-2.6
"VIG",141740,"/Date(1700810260000)/",7400,7800,606213,4574270300,-300,false,-3.9
"VIG",141737,"/Date(1700810257000)/",7400,2000,598413,4516550300,-300,false,-3.9
"VIG",141735,"/Date(1700810255000)/",7400,100,596413,4501750300,-300,false,-3.9
"VIG",141710,"/Date(1700810230000)/",7400,500,596313,4501010300,-300,false,-3.9
"VIG",141653,"/Date(1700810213000)/",7400,1100,595813,4497310300,-300,false,-3.9
"VIG",141639,"/Date(1700810199000)/",7400,3700,594713,4489170300,-300,false,-3.9
"VIG",141552,"/Date(1700810152000)/",7400,100,591013,4461790300,-300,false,-3.9
"VIG",141533,"/Date(1700810133000)/",7400,200,590913,4461050300,-300,true,-3.9
"VIG",141531,"/Date(1700810131000)/",7400,1300,590713,4459570300,-300,true,-3.9
"VIG",141524,"/Date(1700810124000)/",7400,13400,589413,4449950300,-300,true,-3.9
"VIG",141521,"/Date(1700810121000)/",7400,20000,576013,4350790300,-300,true,-3.9
"VIG",141456,"/Date(1700810096000)/",7400,4000,556013,4202790300,-300,true,-3.9
"VIG",141405,"/Date(1700810044000)/",7500,3900,552013,4173190300,-200,true,-2.6
"VIG",141402,"/Date(1700810041000)/",7500,200,548113,4143940300,-200,true,-2.6
"VIG",141355,"/Date(1700810034000)/",7500,20000,547913,4142440300,-200,true,-2.6
"VIG",141322,"/Date(1700810001000)/",7500,300,527913,3992440300,-200,true,-2.6
"VIG",141141,"/Date(1700809900000)/",7500,5000,527613,3990190300,-200,true,-2.6
"VIG",141117,"/Date(1700809876000)/",7600,3800,522613,3952690300,-100,false,-1.3
"VIG",140916,"/Date(1700809755000)/",7600,2,518813,3923810300,-100,false,-1.3
"VIG",140402,"/Date(1700809442000)/",7600,2000,518811,3923795100,-100,false,-1.3
"VIG",140328,"/Date(1700809408000)/",7600,5000,516811,3908595100,-100,false,-1.3
"VIG",140142,"/Date(1700809302000)/",7600,100,511811,3870595100,-100,false,-1.3
"VIG",140100,"/Date(1700809260000)/",7600,100,511711,3869835100,-100,false,-1.3
"VIG",140021,"/Date(1700809221000)/",7600,200,511611,3869075100,-100,false,-1.3
"VIG",140012,"/Date(1700809212000)/",7600,100,511411,3867555100,-100,false,-1.3
"VIG",135733,"/Date(1700809053000)/",7600,200,511311,3866795100,-100,false,-1.3
"VIG",135727,"/Date(1700809047000)/",7600,1000,511111,3865275100,-100,false,-1.3
"VIG",135648,"/Date(1700809008000)/",7600,300,510111,3857675100,-100,false,-1.3
"VIG",135428,"/Date(1700808868000)/",7500,300,509811,3855395100,-200,true,-2.6
"VIG",135341,"/Date(1700808821000)/",7500,6000,509511,3853145100,-200,true,-2.6
"VIG",135332,"/Date(1700808812000)/",7500,200,503511,3808145100,-200,true,-2.6
"VIG",135321,"/Date(1700808801000)/",7500,500,503311,3806645100,-200,true,-2.6
"VIG",135237,"/Date(1700808757000)/",7500,800,502811,3802895100,-200,true,-2.6
"VIG",135236,"/Date(1700808756000)/",7500,300,502011,3796895100,-200,true,-2.6
"VIG",135229,"/Date(1700808749000)/",7500,1000,501711,3794645100,-200,true,-2.6
"VIG",135225,"/Date(1700808745000)/",7500,200,500711,3787145100,-200,true,-2.6
"VIG",135142,"/Date(1700808702000)/",7500,1000,500511,3785645100,-200,true,-2.6
"VIG",135107,"/Date(1700808667000)/",7500,700,499511,3778145100,-200,true,-2.6
"VIG",135104,"/Date(1700808664000)/",7500,2000,498811,3772895100,-200,true,-2.6
"VIG",135051,"/Date(1700808651000)/",7500,2000,496811,3757895100,-200,true,-2.6
"VIG",135027,"/Date(1700808627000)/",7500,90,494811,3742895100,-200,true,-2.6
"VIG",134958,"/Date(1700808598000)/",7500,9100,494721,3742220100,-200,true,-2.6
"VIG",134837,"/Date(1700808517000)/",7600,100,485621,3673970100,-100,false,-1.3
"VIG",134252,"/Date(1700808172000)/",7600,300,485521,3673210100,-100,false,-1.3
"VIG",133930,"/Date(1700807970000)/",7600,1,485221,3670930100,-100,false,-1.3
"VIG",133556,"/Date(1700807756000)/",7600,1,485220,3670922500,-100,false,-1.3
"VIG",133318,"/Date(1700807598000)/",7600,200,485219,3670914900,-100,false,-1.3
"VIG",133231,"/Date(1700807551000)/",7600,10000,485019,3669394900,-100,false,-1.3
"VIG",133107,"/Date(1700807467000)/",7600,100,475019,3593394900,-100,false,-1.3
"VIG",132921,"/Date(1700807360000)/",7600,7600,474919,3592634900,-100,false,-1.3
"VIG",132851,"/Date(1700807330000)/",7600,20000,467319,3534874900,-100,true,-1.3
"VIG",132846,"/Date(1700807326000)/",7600,200,447319,3382874900,-100,true,-1.3
"VIG",132702,"/Date(1700807221000)/",7600,100,447119,3381354900,-100,true,-1.3
"VIG",132659,"/Date(1700807219000)/",7600,300,447019,3380594900,-100,true,-1.3
"VIG",132647,"/Date(1700807206000)/",7600,200,446719,3378314900,-100,true,-1.3
"VIG",132606,"/Date(1700807166000)/",7700,200,446519,3376794900,0,false,0
"VIG",132500,"/Date(1700807100000)/",7700,600,446319,3375254900,0,false,0
"VIG",132458,"/Date(1700807098000)/",7700,1,445719,3370634900,0,false,0
"VIG",132353,"/Date(1700807033000)/",7700,1900,445718,3370627300,0,false,0
"VIG",132339,"/Date(1700807019000)/",7600,23600,443818,3355997300,-100,false,-1.3
"VIG",132337,"/Date(1700807017000)/",7600,8200,420218,3176637300,-100,false,-1.3
"VIG",132327,"/Date(1700807007000)/",7600,1000,412018,3114317300,-100,false,-1.3
"VIG",132324,"/Date(1700807004000)/",7600,5000,411018,3106717300,-100,false,-1.3
"VIG",132321,"/Date(1700807001000)/",7600,500,406018,3068717300,-100,false,-1.3
"VIG",132314,"/Date(1700806994000)/",7600,22000,405518,3064917300,-100,false,-1.3
"VIG",132255,"/Date(1700806975000)/",7600,15000,383518,2897717300,-100,false,-1.3
"VIG",132243,"/Date(1700806963000)/",7600,1000,368518,2783717300,-100,false,-1.3
"VIG",132223,"/Date(1700806943000)/",7600,500,367518,2776117300,-100,false,-1.3
"VIG",132146,"/Date(1700806906000)/",7600,200,367018,2772317300,-100,false,-1.3
"VIG",132012,"/Date(1700806812000)/",7600,1000,366818,2770797300,-100,false,-1.3
"VIG",131655,"/Date(1700806615000)/",7600,300,365818,2763197300,-100,false,-1.3
"VIG",131639,"/Date(1700806599000)/",7600,1800,365518,2760917300,-100,false,-1.3
"VIG",131419,"/Date(1700806459000)/",7500,3,363718,2747237300,-200,true,-2.6
"VIG",131341,"/Date(1700806421000)/",7500,45000,363715,2747214500,-200,true,-2.6
"VIG",130849,"/Date(1700806129000)/",7500,2000,318715,2409714500,-200,true,-2.6
"VIG",130543,"/Date(1700805943000)/",7500,1000,316715,2394714500,-200,true,-2.6
"VIG",130533,"/Date(1700805933000)/",7500,33600,315715,2387214500,-200,true,-2.6
"VIG",130453,"/Date(1700805893000)/",7500,200,282115,2135214500,-200,true,-2.6
"VIG",130437,"/Date(1700805877000)/",7500,2000,281915,2133714500,-200,true,-2.6
"VIG",112709,"/Date(1700800029000)/",7600,1000,279915,2118714500,-100,false,-1.3
"VIG",112450,"/Date(1700799890000)/",7500,2000,278915,2111114500,-200,true,-2.6
"VIG",111850,"/Date(1700799530000)/",7500,2500,276915,2096114500,-200,true,-2.6
"VIG",111443,"/Date(1700799283000)/",7500,500,274415,2077364500,-200,true,-2.6
"VIG",111152,"/Date(1700799112000)/",7500,2500,273915,2073614500,-200,true,-2.6
"VIG",111014,"/Date(1700799014000)/",7500,5900,271415,2054864500,-200,true,-2.6
"VIG",110942,"/Date(1700798982000)/",7500,7000,265515,2010614500,-200,true,-2.6
"VIG",110858,"/Date(1700798938000)/",7500,2000,258515,1958114500,-200,true,-2.6
"VIG",110720,"/Date(1700798840000)/",7500,100,256515,1943114500,-200,true,-2.6
"VIG",110216,"/Date(1700798536000)/",7500,300,256415,1942364500,-200,true,-2.6
"VIG",104901,"/Date(1700797741000)/",7600,100,256115,1940114500,-100,false,-1.3
"VIG",104627,"/Date(1700797587000)/",7600,200,256015,1939354500,-100,false,-1.3
"VIG",104433,"/Date(1700797473000)/",7600,100,255815,1937834500,-100,false,-1.3
"VIG",104301,"/Date(1700797381000)/",7600,200,255715,1937074500,-100,false,-1.3
"VIG",103733,"/Date(1700797053000)/",7600,200,255515,1935554500,-100,true,-1.3
"VIG",103640,"/Date(1700797000000)/",7600,1200,255315,1934034500,-100,true,-1.3
"VIG",103422,"/Date(1700796862000)/",7700,100,254115,1924914500,0,false,0
"VIG",103327,"/Date(1700796807000)/",7700,1100,254015,1924144500,0,false,0
"VIG",103304,"/Date(1700796784000)/",7600,1500,252915,1915674500,-100,true,-1.3
"VIG",103303,"/Date(1700796783000)/",7600,4100,251415,1904274500,-100,true,-1.3
"VIG",103243,"/Date(1700796763000)/",7600,1300,247315,1873114500,-100,false,-1.3
"VIG",103226,"/Date(1700796746000)/",7600,100,246015,1863234500,-100,false,-1.3
"VIG",103223,"/Date(1700796743000)/",7600,100,245915,1862474500,-100,false,-1.3
"VIG",103203,"/Date(1700796723000)/",7600,10000,245815,1861714500,-100,false,-1.3
"VIG",103032,"/Date(1700796632000)/",7500,1500,235815,1785714500,-200,true,-2.6
"VIG",102818,"/Date(1700796498000)/",7500,30000,234315,1774464500,-200,true,-2.6
"VIG",102638,"/Date(1700796398000)/",7600,100,204315,1549464500,-100,false,-1.3
"VIG",102505,"/Date(1700796305000)/",7500,400,204215,1548704500,-200,true,-2.6
"VIG",102425,"/Date(1700796265000)/",7600,1000,203815,1545704500,-100,false,-1.3
"VIG",102356,"/Date(1700796236000)/",7600,100,202815,1538104500,-100,false,-1.3
"VIG",102349,"/Date(1700796229000)/",7500,1000,202715,1537344500,-200,true,-2.6
"VIG",102249,"/Date(1700796169000)/",7500,2000,201715,1529844500,-200,true,-2.6
"VIG",102203,"/Date(1700796123000)/",7500,5000,199715,1514844500,-200,true,-2.6
"VIG",102136,"/Date(1700796096000)/",7500,1000,194715,1477344500,-200,true,-2.6
"VIG",102122,"/Date(1700796082000)/",7500,600,193715,1469844500,-200,true,-2.6
"VIG",102028,"/Date(1700796028000)/",7500,400,193115,1465344500,-200,true,-2.6
"VIG",101809,"/Date(1700795889000)/",7500,100,192715,1462344500,-200,true,-2.6
"VIG",101642,"/Date(1700795802000)/",7600,500,192615,1461594500,-100,false,-1.3
"VIG",101404,"/Date(1700795643000)/",7500,10000,192115,1457794500,-200,true,-2.6
"VIG",101059,"/Date(1700795458000)/",7500,50000,182115,1382794500,-200,true,-2.6
"VIG",101022,"/Date(1700795421000)/",7600,100,132115,1007794500,-100,false,-1.3
"VIG",100905,"/Date(1700795344000)/",7600,1000,132015,1007034500,-100,false,-1.3
"VIG",100852,"/Date(1700795331000)/",7600,500,131015,999434500,-100,false,-1.3
"VIG",100842,"/Date(1700795321000)/",7600,300,130515,995634500,-100,false,-1.3
"VIG",100642,"/Date(1700795201000)/",7600,1500,130215,993354500,-100,false,-1.3
"VIG",100623,"/Date(1700795183000)/",7600,2000,128715,981954500,-100,false,-1.3
"VIG",100538,"/Date(1700795137000)/",7600,100,126715,966754500,-100,false,-1.3
"VIG",100451,"/Date(1700795090000)/",7600,10000,126615,965994500,-100,false,-1.3
"VIG",100404,"/Date(1700795044000)/",7600,1000,116615,889994500,-100,false,-1.3
"VIG",100350,"/Date(1700795029000)/",7600,10000,115615,882394500,-100,false,-1.3
"VIG",100311,"/Date(1700794991000)/",7600,100,105615,806394500,-100,false,-1.3
"VIG",100031,"/Date(1700794831000)/",7600,10000,105515,805634500,-100,false,-1.3
"VIG",95213,"/Date(1700794333000)/",7600,100,95515,729634500,-100,false,-1.3
"VIG",95120,"/Date(1700794280000)/",7600,100,95415,728874500,-100,false,-1.3
"VIG",95049,"/Date(1700794249000)/",7600,100,95315,728114500,-100,false,-1.3
"VIG",95001,"/Date(1700794201000)/",7600,100,95215,727354500,-100,false,-1.3
"VIG",94958,"/Date(1700794198000)/",7600,900,95115,726594500,-100,false,-1.3
"VIG",94912,"/Date(1700794152000)/",7600,100,94215,719754500,-100,false,-1.3
"VIG",94848,"/Date(1700794128000)/",7600,300,94115,718994500,-100,true,-1.3
"VIG",94840,"/Date(1700794120000)/",7600,100,93815,716714500,-100,true,-1.3
"VIG",94801,"/Date(1700794081000)/",7600,1000,93715,715954500,-100,true,-1.3
"VIG",94756,"/Date(1700794076000)/",7600,1000,92715,708354500,-100,true,-1.3
"VIG",94746,"/Date(1700794066000)/",7600,400,91715,700754500,-100,true,-1.3
"VIG",94640,"/Date(1700794000000)/",7600,1400,91315,697714500,-100,true,-1.3
"VIG",94621,"/Date(1700793981000)/",7600,1000,89915,687074500,-100,true,-1.3
"VIG",94554,"/Date(1700793954000)/",7600,700,88915,679474500,-100,true,-1.3
"VIG",94550,"/Date(1700793950000)/",7600,100,88215,674154500,-100,true,-1.3
"VIG",94542,"/Date(1700793942000)/",7600,2000,88115,673394500,-100,true,-1.3
"VIG",94509,"/Date(1700793909000)/",7600,10,86115,658194500,-100,true,-1.3
"VIG",94356,"/Date(1700793836000)/",7600,700,86105,658118500,-100,true,-1.3
"VIG",94252,"/Date(1700793772000)/",7600,20100,85405,652798500,-100,true,-1.3
"VIG",94117,"/Date(1700793677000)/",7700,1000,65305,500038500,0,false,0
"VIG",93858,"/Date(1700793538000)/",7700,1000,64305,492338500,0,false,0
"VIG",93340,"/Date(1700793220000)/",7700,1000,63305,484638500,0,false,0
"VIG",93236,"/Date(1700793156000)/",7700,100,62305,476938500,0,false,0
"VIG",92946,"/Date(1700792985000)/",7600,10500,62205,476168500,-100,true,-1.3
"VIG",92916,"/Date(1700792955000)/",7600,7500,51705,396368500,-100,true,-1.3
"VIG",92712,"/Date(1700792831000)/",7700,100,44205,339368500,0,false,0
"VIG",92641,"/Date(1700792800000)/",7700,100,44105,338598500,0,false,0
"VIG",92556,"/Date(1700792755000)/",7600,600,44005,337828500,-100,true,-1.3
"VIG",92431,"/Date(1700792671000)/",7600,100,43405,333268500,-100,true,-1.3
"VIG",92344,"/Date(1700792624000)/",7600,5000,43305,332508500,-100,true,-1.3
"VIG",92336,"/Date(1700792616000)/",7600,3000,38305,294508500,-100,true,-1.3
"VIG",92249,"/Date(1700792569000)/",7600,1000,35305,271708500,-100,true,-1.3
"VIG",92007,"/Date(1700792407000)/",7700,5300,34305,264108500,0,true,0
"VIG",91953,"/Date(1700792393000)/",7700,300,29005,223298500,0,true,0
"VIG",91949,"/Date(1700792389000)/",7700,6000,28705,220988500,0,true,0
"VIG",91946,"/Date(1700792386000)/",7700,100,22705,174788500,0,true,0
"VIG",91942,"/Date(1700792382000)/",7700,1500,22605,174018500,0,true,0
"VIG",91929,"/Date(1700792369000)/",7700,2000,21105,162468500,0,true,0
"VIG",91838,"/Date(1700792318000)/",7700,2800,19105,147068500,0,false,0
"VIG",91730,"/Date(1700792250000)/",7700,500,16305,125508500,0,false,0
"VIG",91557,"/Date(1700792157000)/",7700,200,15805,121658500,0,false,0
"VIG",91424,"/Date(1700792064000)/",7700,5,15605,120118500,0,false,0
"VIG",91341,"/Date(1700792021000)/",7700,100,15600,120080000,0,false,0
"VIG",91106,"/Date(1700791866000)/",7700,2000,15500,119310000,0,false,0
"VIG",91047,"/Date(1700791847000)/",7700,900,13500,103910000,0,false,0
"VIG",91046,"/Date(1700791846000)/",7700,100,12600,96980000,0,false,0
"VIG",91041,"/Date(1700791841000)/",7700,1100,12500,96210000,0,false,0
"VIG",91034,"/Date(1700791834000)/",7700,3900,11400,87740000,0,false,0
"VIG",91016,"/Date(1700791816000)/",7700,200,7500,57710000,0,false,0
"VIG",91015,"/Date(1700791815000)/",7700,1000,7300,56170000,0,false,0
"VIG",90845,"/Date(1700791725000)/",7700,200,6300,48470000,0,false,0
"VIG",90628,"/Date(1700791588000)/",7700,500,6100,46930000,0,false,0
"VIG",90507,"/Date(1700791507000)/",7700,100,5600,43080000,0,false,0
"VIG",90452,"/Date(1700791492000)/",7700,2000,5500,42310000,0,false,0
"VIG",90415,"/Date(1700791455000)/",7700,3000,3500,26910000,0,false,0
"VIG",90206,"/Date(1700791326000)/",7600,400,500,3810000,-100,true,-1.3
"VIG",90138,"/Date(1700791256000)/",7700,100,100,770000,0,false,0
