"Stockcode","Package","TradingDate","Price","Vol","TotalVol","TotalVal","Change","IsBuy","PerChange"
"VPB",144431,"/Date(1700811904000)/",19200,687200,10847900,208736000000,50,false,0.26
"VPB",142920,"/Date(1700810995000)/",19250,500,10160700,195541000000,100,false,0.52
"VPB",142920,"/Date(1700810995000)/",19250,400,10160200,195532000000,100,false,0.52
"VPB",142914,"/Date(1700810988000)/",19250,1000,10159800,195524000000,100,false,0.52
"VPB",142910,"/Date(1700810987000)/",19250,200,10158800,195505000000,100,false,0.52
"VPB",142901,"/Date(1700810976000)/",19250,100,10158600,195501000000,100,false,0.52
"VPB",142901,"/Date(1700810975000)/",19250,200,10158500,195499000000,100,false,0.52
"VPB",142858,"/Date(1700810972000)/",19250,100,10158300,195495000000,100,false,0.52
"VPB",142851,"/Date(1700810967000)/",19250,100,10158200,195493000000,100,false,0.52
"VPB",142848,"/Date(1700810963000)/",19250,100,10158100,195491000000,100,false,0.52
"VPB",142845,"/Date(1700810961000)/",19250,100,10158000,195489000000,100,false,0.52
"VPB",142845,"/Date(1700810961000)/",19250,1000,10157900,195487000000,100,false,0.52
"VPB",142845,"/Date(1700810961000)/",19250,200,10156900,195468000000,100,false,0.52
"VPB",142845,"/Date(1700810961000)/",19250,500,10156700,195464000000,100,false,0.52
"VPB",142845,"/Date(1700810961000)/",19250,100,10156200,195455000000,100,false,0.52
"VPB",142845,"/Date(1700810961000)/",19250,2000,10156100,195453000000,100,false,0.52
"VPB",142845,"/Date(1700810961000)/",19250,1000,10154100,195414000000,100,false,0.52
"VPB",142845,"/Date(1700810961000)/",19250,100,10153100,195395000000,100,false,0.52
"VPB",142845,"/Date(1700810961000)/",19250,100,10153000,195393000000,100,false,0.52
"VPB",142841,"/Date(1700810957000)/",19250,200,10152900,195391000000,100,false,0.52
"VPB",142835,"/Date(1700810952000)/",19200,2000,10152700,195387000000,50,true,0.26
"VPB",142835,"/Date(1700810952000)/",19200,2500,10150700,195349000000,50,true,0.26
"VPB",142835,"/Date(1700810952000)/",19200,500,10148200,195301000000,50,true,0.26
"VPB",142832,"/Date(1700810948000)/",19250,500,10147700,195291000000,100,false,0.52
"VPB",142829,"/Date(1700810944000)/",19250,500,10147200,195282000000,100,false,0.52
"VPB",142829,"/Date(1700810944000)/",19200,1000,10146700,195272000000,50,true,0.26
"VPB",142822,"/Date(1700810940000)/",19250,100,10145700,195253000000,100,false,0.52
"VPB",142813,"/Date(1700810928000)/",19250,100,10145600,195251000000,100,false,0.52
"VPB",142800,"/Date(1700810914000)/",19200,500,10145500,195249000000,50,true,0.26
"VPB",142800,"/Date(1700810914000)/",19200,500,10145000,195239000000,50,true,0.26
"VPB",142757,"/Date(1700810911000)/",19250,200,10144500,195230000000,100,false,0.52
"VPB",142750,"/Date(1700810906000)/",19250,100,10144300,195226000000,100,false,0.52
"VPB",142744,"/Date(1700810899000)/",19250,1000,10144200,195224000000,100,false,0.52
"VPB",142731,"/Date(1700810887000)/",19250,500,10143200,195205000000,100,false,0.52
"VPB",142722,"/Date(1700810878000)/",19200,100,10142700,195195000000,50,true,0.26
"VPB",142722,"/Date(1700810877000)/",19250,500,10142600,195193000000,100,false,0.52
"VPB",142715,"/Date(1700810872000)/",19250,19100,10142100,195184000000,100,false,0.52
"VPB",142715,"/Date(1700810872000)/",19200,100,10123000,194816000000,50,true,0.26
"VPB",142709,"/Date(1700810864000)/",19250,5000,10122900,194814000000,100,false,0.52
"VPB",142659,"/Date(1700810856000)/",19250,100,10117900,194718000000,100,false,0.52
"VPB",142653,"/Date(1700810848000)/",19250,100,10117800,194716000000,100,false,0.52
"VPB",142649,"/Date(1700810845000)/",19200,500,10117700,194714000000,50,true,0.26
"VPB",142608,"/Date(1700810805000)/",19250,7900,10117200,194704000000,100,false,0.52
"VPB",142605,"/Date(1700810801000)/",19250,200,10109300,194552000000,100,false,0.52
"VPB",142605,"/Date(1700810800000)/",19250,13700,10109100,194548000000,100,false,0.52
"VPB",142605,"/Date(1700810800000)/",19250,200,10095400,194285000000,100,false,0.52
"VPB",142605,"/Date(1700810800000)/",19250,300,10095200,194281000000,100,false,0.52
"VPB",142605,"/Date(1700810800000)/",19250,100,10094900,194275000000,100,false,0.52
"VPB",142605,"/Date(1700810800000)/",19250,100,10094800,194273000000,100,false,0.52
"VPB",142555,"/Date(1700810790000)/",19200,300,10094700,194271000000,50,true,0.26
"VPB",142555,"/Date(1700810790000)/",19200,1700,10094400,194265000000,50,true,0.26
"VPB",142549,"/Date(1700810783000)/",19250,19900,10092700,194233000000,100,false,0.52
"VPB",142549,"/Date(1700810783000)/",19250,3800,10072800,193850000000,100,false,0.52
"VPB",142546,"/Date(1700810781000)/",19250,1200,10069000,193777000000,100,false,0.52
"VPB",142546,"/Date(1700810781000)/",19250,6200,10067800,193753000000,100,false,0.52
"VPB",142546,"/Date(1700810781000)/",19250,3000,10061600,193634000000,100,false,0.52
"VPB",142546,"/Date(1700810781000)/",19250,4000,10058600,193576000000,100,false,0.52
"VPB",142539,"/Date(1700810775000)/",19250,1000,10054600,193499000000,100,false,0.52
"VPB",142539,"/Date(1700810775000)/",19200,300,10053600,193480000000,50,true,0.26
"VPB",142539,"/Date(1700810775000)/",19200,500,10053300,193474000000,50,true,0.26
"VPB",142539,"/Date(1700810775000)/",19200,100,10052800,193465000000,50,true,0.26
"VPB",142536,"/Date(1700810771000)/",19250,2100,10052700,193463000000,100,false,0.52
"VPB",142533,"/Date(1700810767000)/",19250,23700,10050600,193422000000,100,false,0.52
"VPB",142530,"/Date(1700810766000)/",19250,100,10026900,192966000000,100,false,0.52
"VPB",142530,"/Date(1700810765000)/",19250,1000,10026800,192964000000,100,false,0.52
"VPB",142530,"/Date(1700810765000)/",19250,18100,10025800,192945000000,100,false,0.52
"VPB",142520,"/Date(1700810756000)/",19250,600,10007700,192597000000,100,false,0.52
"VPB",142520,"/Date(1700810756000)/",19250,23100,10007100,192585000000,100,false,0.52
"VPB",142514,"/Date(1700810751000)/",19250,16300,9984000,192140000000,100,false,0.52
"VPB",142504,"/Date(1700810741000)/",19250,10600,9967700,191827000000,100,false,0.52
"VPB",142504,"/Date(1700810741000)/",19250,4500,9957100,191622000000,100,false,0.52
"VPB",142504,"/Date(1700810741000)/",19200,200,9952600,191536000000,50,false,0.26
"VPB",142458,"/Date(1700810734000)/",19250,15100,9952400,191532000000,100,false,0.52
"VPB",142458,"/Date(1700810734000)/",19200,1000,9937300,191241000000,50,false,0.26
"VPB",142458,"/Date(1700810734000)/",19200,2000,9936300,191222000000,50,false,0.26
"VPB",142458,"/Date(1700810733000)/",19200,3000,9934300,191184000000,50,false,0.26
"VPB",142454,"/Date(1700810731000)/",19200,200,9931300,191126000000,50,true,0.26
"VPB",142454,"/Date(1700810729000)/",19200,2800,9931100,191122000000,50,true,0.26
"VPB",142451,"/Date(1700810726000)/",19200,800,9928300,191069000000,50,true,0.26
"VPB",142451,"/Date(1700810726000)/",19200,1000,9927500,191053000000,50,true,0.26
"VPB",142451,"/Date(1700810726000)/",19200,700,9926500,191034000000,50,true,0.26
"VPB",142413,"/Date(1700810689000)/",19150,8100,9925800,191021000000,0,true,0
"VPB",142413,"/Date(1700810689000)/",19200,2500,9917700,190865000000,50,true,0.26
"VPB",142413,"/Date(1700810689000)/",19200,100,9915200,190817000000,50,true,0.26
"VPB",142413,"/Date(1700810689000)/",19200,12000,9915100,190816000000,50,true,0.26
"VPB",142413,"/Date(1700810689000)/",19200,1000,9903100,190585000000,50,true,0.26
"VPB",142351,"/Date(1700810666000)/",19200,300,9902100,190566000000,50,true,0.26
"VPB",142351,"/Date(1700810666000)/",19200,600,9901800,190560000000,50,true,0.26
"VPB",142351,"/Date(1700810666000)/",19200,3000,9901200,190549000000,50,true,0.26
"VPB",142351,"/Date(1700810666000)/",19200,300,9898200,190491000000,50,true,0.26
"VPB",142351,"/Date(1700810666000)/",19200,2000,9897900,190485000000,50,true,0.26
"VPB",142351,"/Date(1700810666000)/",19200,400,9895900,190447000000,50,true,0.26
"VPB",142351,"/Date(1700810666000)/",19200,200,9895500,190439000000,50,true,0.26
"VPB",142351,"/Date(1700810666000)/",19200,16900,9895300,190435000000,50,true,0.26
"VPB",142341,"/Date(1700810655000)/",19200,23700,9878400,190111000000,50,true,0.26
"VPB",142338,"/Date(1700810654000)/",19200,1000,9854700,189656000000,50,true,0.26
"VPB",142325,"/Date(1700810641000)/",19200,1000,9853700,189637000000,50,true,0.26
"VPB",142247,"/Date(1700810602000)/",19250,500,9852700,189617000000,100,false,0.52
"VPB",142240,"/Date(1700810596000)/",19200,3000,9852200,189608000000,50,true,0.26
"VPB",142240,"/Date(1700810595000)/",19250,20000,9849200,189550000000,100,false,0.52
"VPB",142224,"/Date(1700810580000)/",19200,1000,9829200,189165000000,50,true,0.26
"VPB",142212,"/Date(1700810568000)/",19200,2000,9828200,189146000000,50,true,0.26
"VPB",142212,"/Date(1700810565000)/",19200,600,9826200,189108000000,50,true,0.26
"VPB",142208,"/Date(1700810564000)/",19200,800,9825600,189096000000,50,true,0.26
"VPB",142208,"/Date(1700810564000)/",19200,1000,9824800,189081000000,50,true,0.26
"VPB",142208,"/Date(1700810564000)/",19200,200,9823800,189062000000,50,true,0.26
"VPB",142156,"/Date(1700810551000)/",19200,800,9823600,189058000000,50,true,0.26
"VPB",142156,"/Date(1700810551000)/",19200,9200,9822800,189042000000,50,true,0.26
"VPB",142143,"/Date(1700810539000)/",19200,800,9813600,188866000000,50,true,0.26
"VPB",142143,"/Date(1700810539000)/",19200,100,9812800,188850000000,50,true,0.26
"VPB",142143,"/Date(1700810539000)/",19200,1100,9812700,188848000000,50,true,0.26
"VPB",142140,"/Date(1700810533000)/",19250,1000,9811600,188827000000,100,false,0.52
"VPB",142117,"/Date(1700810512000)/",19250,50000,9810600,188808000000,100,false,0.52
"VPB",142108,"/Date(1700810501000)/",19250,100,9760600,187846000000,100,true,0.52
"VPB",142108,"/Date(1700810501000)/",19250,2000,9760500,187844000000,100,true,0.52
"VPB",142108,"/Date(1700810501000)/",19250,100,9758500,187805000000,100,true,0.52
"VPB",142108,"/Date(1700810501000)/",19250,56700,9758400,187803000000,100,true,0.52
"VPB",142048,"/Date(1700810484000)/",19250,100000,9701700,186712000000,100,true,0.52
"VPB",142023,"/Date(1700810459000)/",19250,1000,9601700,184787000000,100,false,0.52
"VPB",142023,"/Date(1700810457000)/",19250,3500,9600700,184767000000,100,false,0.52
"VPB",142023,"/Date(1700810457000)/",19250,300,9597200,184700000000,100,false,0.52
"VPB",142023,"/Date(1700810457000)/",19250,100,9596900,184694000000,100,false,0.52
"VPB",142023,"/Date(1700810457000)/",19250,900,9596800,184692000000,100,false,0.52
"VPB",142016,"/Date(1700810450000)/",19250,100,9595900,184675000000,100,false,0.52
"VPB",142016,"/Date(1700810450000)/",19250,3000,9595800,184673000000,100,false,0.52
"VPB",142016,"/Date(1700810450000)/",19250,1000,9592800,184615000000,100,false,0.52
"VPB",142016,"/Date(1700810450000)/",19250,100,9591800,184596000000,100,false,0.52
"VPB",142016,"/Date(1700810450000)/",19250,500,9591700,184594000000,100,false,0.52
"VPB",142016,"/Date(1700810450000)/",19250,10000,9591200,184585000000,100,false,0.52
"VPB",142016,"/Date(1700810450000)/",19250,500,9581200,184392000000,100,false,0.52
"VPB",142016,"/Date(1700810450000)/",19250,1100,9580700,184382000000,100,false,0.52
"VPB",142013,"/Date(1700810447000)/",19200,1900,9579600,184361000000,50,true,0.26
"VPB",142013,"/Date(1700810447000)/",19200,1000,9577700,184325000000,50,true,0.26
"VPB",142007,"/Date(1700810440000)/",19250,1600,9576700,184306000000,100,false,0.52
"VPB",142007,"/Date(1700810440000)/",19200,3000,9575100,184275000000,50,true,0.26
"VPB",142003,"/Date(1700810438000)/",19250,800,9572100,184217000000,100,false,0.52
"VPB",142003,"/Date(1700810438000)/",19250,4200,9571300,184202000000,100,false,0.52
"VPB",141957,"/Date(1700810434000)/",19250,6500,9567100,184121000000,100,false,0.52
"VPB",141951,"/Date(1700810427000)/",19250,7400,9560600,183996000000,100,false,0.52
"VPB",141951,"/Date(1700810427000)/",19200,1600,9553200,183853000000,50,true,0.26
"VPB",141941,"/Date(1700810417000)/",19250,16700,9551600,183823000000,100,false,0.52
"VPB",141925,"/Date(1700810401000)/",19250,15200,9534900,183501000000,100,false,0.52
"VPB",141925,"/Date(1700810401000)/",19250,100,9519700,183209000000,100,false,0.52
"VPB",141916,"/Date(1700810390000)/",19200,1000,9519600,183207000000,50,true,0.26
"VPB",141906,"/Date(1700810380000)/",19250,1100,9518600,183187000000,100,false,0.52
"VPB",141903,"/Date(1700810379000)/",19200,2800,9517500,183166000000,50,true,0.26
"VPB",141847,"/Date(1700810360000)/",19250,2000,9514700,183113000000,100,false,0.52
"VPB",141840,"/Date(1700810356000)/",19250,6800,9512700,183074000000,100,false,0.52
"VPB",141840,"/Date(1700810356000)/",19250,4500,9505900,182943000000,100,false,0.52
"VPB",141840,"/Date(1700810356000)/",19250,500,9501400,182857000000,100,false,0.52
"VPB",141840,"/Date(1700810356000)/",19250,18200,9500900,182847000000,100,false,0.52
"VPB",141834,"/Date(1700810349000)/",19200,600,9482700,182497000000,50,true,0.26
"VPB",141831,"/Date(1700810345000)/",19200,400,9482100,182485000000,50,true,0.26
"VPB",141827,"/Date(1700810341000)/",19200,500,9481700,182477000000,50,true,0.26
"VPB",141827,"/Date(1700810341000)/",19250,100,9481200,182468000000,100,false,0.52
"VPB",141824,"/Date(1700810338000)/",19200,1000,9481100,182466000000,50,true,0.26
"VPB",141811,"/Date(1700810326000)/",19200,2800,9480100,182447000000,50,true,0.26
"VPB",141759,"/Date(1700810313000)/",19200,8300,9477300,182393000000,50,true,0.26
"VPB",141746,"/Date(1700810301000)/",19250,11700,9469000,182233000000,100,false,0.52
"VPB",141746,"/Date(1700810301000)/",19250,1000,9457300,182008000000,100,false,0.52
"VPB",141746,"/Date(1700810301000)/",19250,3000,9456300,181989000000,100,false,0.52
"VPB",141746,"/Date(1700810301000)/",19250,1000,9453300,181931000000,100,false,0.52
"VPB",141746,"/Date(1700810301000)/",19250,1000,9452300,181912000000,100,false,0.52
"VPB",141746,"/Date(1700810301000)/",19250,6000,9451300,181893000000,100,false,0.52
"VPB",141743,"/Date(1700810299000)/",19200,1000,9445300,181777000000,50,true,0.26
"VPB",141739,"/Date(1700810293000)/",19200,1000,9444300,181758000000,50,false,0.26
"VPB",141739,"/Date(1700810293000)/",19200,300,9443300,181739000000,50,false,0.26
"VPB",141739,"/Date(1700810293000)/",19200,200,9443000,181733000000,50,false,0.26
"VPB",141739,"/Date(1700810293000)/",19200,3000,9442800,181729000000,50,false,0.26
"VPB",141739,"/Date(1700810293000)/",19150,300,9439800,181672000000,0,true,0
"VPB",141739,"/Date(1700810293000)/",19150,10700,9439500,181666000000,0,true,0
"VPB",141736,"/Date(1700810292000)/",19200,3000,9428800,181461000000,50,false,0.26
"VPB",141736,"/Date(1700810290000)/",19200,500,9425800,181403000000,50,false,0.26
"VPB",141736,"/Date(1700810290000)/",19200,1500,9425300,181394000000,50,false,0.26
"VPB",141736,"/Date(1700810290000)/",19200,200,9423800,181365000000,50,false,0.26
"VPB",141736,"/Date(1700810290000)/",19200,10000,9423600,181361000000,50,false,0.26
"VPB",141736,"/Date(1700810290000)/",19200,400,9413600,181169000000,50,false,0.26
"VPB",141736,"/Date(1700810290000)/",19200,3200,9413200,181161000000,50,false,0.26
"VPB",141733,"/Date(1700810289000)/",19200,23700,9410000,181100000000,50,false,0.26
"VPB",141733,"/Date(1700810288000)/",19200,15400,9386300,180645000000,50,false,0.26
"VPB",141730,"/Date(1700810283000)/",19150,4100,9370900,180349000000,0,true,0
"VPB",141723,"/Date(1700810279000)/",19200,15800,9366800,180271000000,50,false,0.26
"VPB",141720,"/Date(1700810275000)/",19200,23700,9351000,179967000000,50,false,0.26
"VPB",141717,"/Date(1700810272000)/",19150,2000,9327300,179512000000,0,true,0
"VPB",141717,"/Date(1700810270000)/",19150,1000,9325300,179474000000,0,true,0
"VPB",141714,"/Date(1700810269000)/",19200,100,9324300,179455000000,50,false,0.26
"VPB",141711,"/Date(1700810266000)/",19200,11500,9324200,179453000000,50,false,0.26
"VPB",141711,"/Date(1700810265000)/",19200,6600,9312700,179232000000,50,false,0.26
"VPB",141711,"/Date(1700810265000)/",19200,500,9306100,179106000000,50,false,0.26
"VPB",141711,"/Date(1700810265000)/",19200,1000,9305600,179096000000,50,false,0.26
"VPB",141711,"/Date(1700810265000)/",19200,10000,9304600,179077000000,50,false,0.26
"VPB",141704,"/Date(1700810259000)/",19150,1000,9294600,178885000000,0,false,0
"VPB",141704,"/Date(1700810259000)/",19150,2000,9293600,178866000000,0,false,0
"VPB",141704,"/Date(1700810259000)/",19150,500,9291600,178827000000,0,false,0
"VPB",141704,"/Date(1700810259000)/",19150,200,9291100,178818000000,0,false,0
"VPB",141704,"/Date(1700810259000)/",19150,5900,9290900,178814000000,0,false,0
"VPB",141704,"/Date(1700810259000)/",19150,1500,9285000,178701000000,0,false,0
"VPB",141704,"/Date(1700810259000)/",19150,1100,9283500,178672000000,0,false,0
"VPB",141701,"/Date(1700810255000)/",19150,4700,9282400,178651000000,0,false,0
"VPB",141701,"/Date(1700810255000)/",19150,2500,9277700,178561000000,0,false,0
"VPB",141701,"/Date(1700810255000)/",19150,500,9275200,178513000000,0,false,0
"VPB",141701,"/Date(1700810255000)/",19150,1000,9274700,178504000000,0,false,0
"VPB",141701,"/Date(1700810255000)/",19150,1000,9273700,178484000000,0,false,0
"VPB",141701,"/Date(1700810255000)/",19150,1800,9272700,178465000000,0,false,0
"VPB",141645,"/Date(1700810239000)/",19100,11900,9270900,178431000000,-50,true,-0.26
"VPB",141642,"/Date(1700810237000)/",19100,17200,9259000,178204000000,-50,false,-0.26
"VPB",141639,"/Date(1700810233000)/",19100,100,9241800,177875000000,-50,false,-0.26
"VPB",141639,"/Date(1700810232000)/",19100,10000,9241700,177873000000,-50,false,-0.26
"VPB",141635,"/Date(1700810230000)/",19100,500,9231700,177682000000,-50,false,-0.26
"VPB",141635,"/Date(1700810229000)/",19100,1000,9231200,177673000000,-50,false,-0.26
"VPB",141632,"/Date(1700810228000)/",19100,1000,9230200,177653000000,-50,false,-0.26
"VPB",141632,"/Date(1700810227000)/",19100,1000,9229200,177634000000,-50,false,-0.26
"VPB",141632,"/Date(1700810227000)/",19050,100,9228200,177615000000,-100,true,-0.52
"VPB",141632,"/Date(1700810227000)/",19050,500,9228100,177613000000,-100,true,-0.52
"VPB",141632,"/Date(1700810227000)/",19050,100,9227600,177604000000,-100,true,-0.52
"VPB",141632,"/Date(1700810227000)/",19050,500,9227500,177602000000,-100,true,-0.52
"VPB",141632,"/Date(1700810227000)/",19050,800,9227000,177592000000,-100,true,-0.52
"VPB",141629,"/Date(1700810224000)/",19100,200,9226200,177577000000,-50,false,-0.26
"VPB",141629,"/Date(1700810223000)/",19100,900,9226000,177573000000,-50,false,-0.26
"VPB",141629,"/Date(1700810223000)/",19050,200,9225100,177556000000,-100,true,-0.52
"VPB",141629,"/Date(1700810222000)/",19100,11500,9224900,177552000000,-50,false,-0.26
"VPB",141626,"/Date(1700810220000)/",19100,1000,9213400,177333000000,-50,false,-0.26
"VPB",141626,"/Date(1700810219000)/",19100,1000,9212400,177314000000,-50,false,-0.26
"VPB",141626,"/Date(1700810219000)/",19100,1000,9211400,177295000000,-50,false,-0.26
"VPB",141626,"/Date(1700810219000)/",19100,1000,9210400,177275000000,-50,false,-0.26
"VPB",141623,"/Date(1700810218000)/",19100,100,9209400,177256000000,-50,false,-0.26
"VPB",141623,"/Date(1700810217000)/",19100,100,9209300,177254000000,-50,false,-0.26
"VPB",141619,"/Date(1700810215000)/",19100,1000,9209200,177253000000,-50,false,-0.26
"VPB",141619,"/Date(1700810213000)/",19100,200,9208200,177233000000,-50,false,-0.26
"VPB",141616,"/Date(1700810211000)/",19100,500,9208000,177230000000,-50,true,-0.26
"VPB",141616,"/Date(1700810211000)/",19100,200,9207500,177220000000,-50,true,-0.26
"VPB",141616,"/Date(1700810211000)/",19100,200,9207300,177216000000,-50,true,-0.26
"VPB",141616,"/Date(1700810211000)/",19100,1000,9207100,177212000000,-50,true,-0.26
"VPB",141616,"/Date(1700810211000)/",19100,100,9206100,177193000000,-50,true,-0.26
"VPB",141616,"/Date(1700810211000)/",19100,100,9206000,177191000000,-50,true,-0.26
"VPB",141616,"/Date(1700810211000)/",19100,2000,9205900,177189000000,-50,true,-0.26
"VPB",141616,"/Date(1700810211000)/",19100,1000,9203900,177151000000,-50,true,-0.26
"VPB",141616,"/Date(1700810211000)/",19100,100,9202900,177132000000,-50,true,-0.26
"VPB",141616,"/Date(1700810211000)/",19100,500,9202800,177130000000,-50,true,-0.26
"VPB",141616,"/Date(1700810211000)/",19100,100,9202300,177121000000,-50,true,-0.26
"VPB",141616,"/Date(1700810211000)/",19100,1000,9202200,177119000000,-50,true,-0.26
"VPB",141616,"/Date(1700810211000)/",19100,300,9201200,177100000000,-50,true,-0.26
"VPB",141616,"/Date(1700810211000)/",19100,200,9200900,177094000000,-50,true,-0.26
"VPB",141616,"/Date(1700810211000)/",19100,5000,9200700,177090000000,-50,true,-0.26
"VPB",141616,"/Date(1700810211000)/",19100,1000,9195700,176995000000,-50,true,-0.26
"VPB",141616,"/Date(1700810211000)/",19100,1000,9194700,176976000000,-50,true,-0.26
"VPB",141616,"/Date(1700810211000)/",19100,100,9193700,176956000000,-50,true,-0.26
"VPB",141616,"/Date(1700810211000)/",19100,100,9193600,176955000000,-50,true,-0.26
"VPB",141616,"/Date(1700810211000)/",19100,200,9193500,176953000000,-50,true,-0.26
"VPB",141616,"/Date(1700810211000)/",19100,100,9193300,176949000000,-50,true,-0.26
"VPB",141616,"/Date(1700810211000)/",19100,4000,9193200,176947000000,-50,true,-0.26
"VPB",141616,"/Date(1700810211000)/",19100,1000,9189200,176871000000,-50,true,-0.26
"VPB",141616,"/Date(1700810211000)/",19100,100,9188200,176851000000,-50,true,-0.26
"VPB",141616,"/Date(1700810211000)/",19100,20000,9188100,176849000000,-50,true,-0.26
"VPB",141616,"/Date(1700810211000)/",19100,500,9168100,176467000000,-50,true,-0.26
"VPB",141616,"/Date(1700810211000)/",19100,100,9167600,176458000000,-50,true,-0.26
"VPB",141616,"/Date(1700810211000)/",19100,400,9167500,176456000000,-50,true,-0.26
"VPB",141616,"/Date(1700810211000)/",19100,100,9167100,176448000000,-50,true,-0.26
"VPB",141616,"/Date(1700810211000)/",19100,500,9167000,176446000000,-50,true,-0.26
"VPB",141616,"/Date(1700810211000)/",19100,1000,9166500,176437000000,-50,true,-0.26
"VPB",141616,"/Date(1700810211000)/",19100,40300,9165500,176418000000,-50,true,-0.26
"VPB",141616,"/Date(1700810210000)/",19100,5000,9125200,175648000000,-50,true,-0.26
"VPB",141613,"/Date(1700810208000)/",19150,1000,9120200,175553000000,0,false,0
"VPB",141607,"/Date(1700810201000)/",19100,3000,9119200,175533000000,-50,true,-0.26
"VPB",141603,"/Date(1700810199000)/",19100,1700,9116200,175476000000,-50,true,-0.26
"VPB",141603,"/Date(1700810199000)/",19100,5000,9114500,175444000000,-50,true,-0.26
"VPB",141603,"/Date(1700810199000)/",19100,2500,9109500,175348000000,-50,true,-0.26
"VPB",141603,"/Date(1700810199000)/",19100,500,9107000,175300000000,-50,true,-0.26
"VPB",141603,"/Date(1700810199000)/",19100,500,9106500,175291000000,-50,true,-0.26
"VPB",141603,"/Date(1700810199000)/",19100,300,9106000,175281000000,-50,true,-0.26
"VPB",141603,"/Date(1700810199000)/",19100,100,9105700,175276000000,-50,true,-0.26
"VPB",141603,"/Date(1700810199000)/",19100,500,9105600,175274000000,-50,true,-0.26
"VPB",141603,"/Date(1700810199000)/",19100,1000,9105100,175264000000,-50,true,-0.26
"VPB",141603,"/Date(1700810199000)/",19100,1000,9104100,175245000000,-50,true,-0.26
"VPB",141603,"/Date(1700810199000)/",19100,100,9103100,175226000000,-50,true,-0.26
"VPB",141603,"/Date(1700810199000)/",19100,1500,9103000,175224000000,-50,true,-0.26
"VPB",141603,"/Date(1700810199000)/",19100,200,9101500,175195000000,-50,true,-0.26
"VPB",141603,"/Date(1700810199000)/",19100,100,9101300,175192000000,-50,true,-0.26
"VPB",141603,"/Date(1700810199000)/",19100,300,9101200,175190000000,-50,true,-0.26
"VPB",141557,"/Date(1700810192000)/",19100,700,9100900,175184000000,-50,true,-0.26
"VPB",141557,"/Date(1700810192000)/",19100,1000,9100200,175171000000,-50,true,-0.26
"VPB",141557,"/Date(1700810192000)/",19100,1000,9099200,175151000000,-50,true,-0.26
"VPB",141557,"/Date(1700810190000)/",19150,7200,9098200,175132000000,0,false,0
"VPB",141557,"/Date(1700810190000)/",19150,2800,9091000,174994000000,0,false,0
"VPB",141551,"/Date(1700810186000)/",19100,1000,9088200,174941000000,-50,true,-0.26
"VPB",141547,"/Date(1700810182000)/",19150,100,9087200,174922000000,0,false,0
"VPB",141538,"/Date(1700810171000)/",19100,2500,9087100,174920000000,-50,true,-0.26
"VPB",141538,"/Date(1700810171000)/",19100,500,9084600,174872000000,-50,true,-0.26
"VPB",141538,"/Date(1700810171000)/",19100,100,9084100,174863000000,-50,true,-0.26
"VPB",141538,"/Date(1700810171000)/",19100,100,9084000,174861000000,-50,true,-0.26
"VPB",141538,"/Date(1700810171000)/",19100,1600,9083900,174859000000,-50,true,-0.26
"VPB",141538,"/Date(1700810171000)/",19100,2500,9082300,174828000000,-50,true,-0.26
"VPB",141538,"/Date(1700810171000)/",19100,100,9079800,174780000000,-50,true,-0.26
"VPB",141538,"/Date(1700810171000)/",19100,100,9079700,174779000000,-50,true,-0.26
"VPB",141522,"/Date(1700810157000)/",19100,1000,9079600,174777000000,-50,true,-0.26
"VPB",141512,"/Date(1700810146000)/",19100,3400,9078600,174757000000,-50,true,-0.26
"VPB",141456,"/Date(1700810131000)/",19150,3100,9075200,174693000000,0,true,0
"VPB",141453,"/Date(1700810127000)/",19150,200,9072100,174633000000,0,true,0
"VPB",141446,"/Date(1700810122000)/",19150,1600,9071900,174629000000,0,true,0
"VPB",141446,"/Date(1700810122000)/",19150,200,9070300,174599000000,0,true,0
"VPB",141443,"/Date(1700810117000)/",19150,100,9070100,174595000000,0,true,0
"VPB",141440,"/Date(1700810115000)/",19150,300,9070000,174593000000,0,true,0
"VPB",141437,"/Date(1700810112000)/",19150,5500,9069700,174587000000,0,true,0
"VPB",141437,"/Date(1700810112000)/",19150,5000,9064200,174482000000,0,true,0
"VPB",141437,"/Date(1700810112000)/",19150,1500,9059200,174386000000,0,true,0
"VPB",141434,"/Date(1700810108000)/",19150,100,9057700,174357000000,0,true,0
"VPB",141434,"/Date(1700810108000)/",19150,2900,9057600,174356000000,0,true,0
"VPB",141434,"/Date(1700810107000)/",19150,500,9054700,174300000000,0,true,0
"VPB",141421,"/Date(1700810096000)/",19150,5000,9054200,174290000000,0,true,0
"VPB",141421,"/Date(1700810096000)/",19150,5000,9049200,174195000000,0,true,0
"VPB",141418,"/Date(1700810091000)/",19100,600,9044200,174099000000,-50,true,-0.26
"VPB",141418,"/Date(1700810091000)/",19100,1000,9043600,174087000000,-50,true,-0.26
"VPB",141418,"/Date(1700810091000)/",19100,500,9042600,174068000000,-50,true,-0.26
"VPB",141418,"/Date(1700810091000)/",19100,1100,9042100,174059000000,-50,true,-0.26
"VPB",141414,"/Date(1700810090000)/",19100,200,9041000,174038000000,-50,true,-0.26
"VPB",141414,"/Date(1700810090000)/",19100,100,9040800,174034000000,-50,true,-0.26
"VPB",141414,"/Date(1700810090000)/",19100,1000,9040700,174032000000,-50,true,-0.26
"VPB",141414,"/Date(1700810090000)/",19100,100,9039700,174013000000,-50,true,-0.26
"VPB",141414,"/Date(1700810090000)/",19100,200,9039600,174011000000,-50,true,-0.26
"VPB",141414,"/Date(1700810090000)/",19100,300,9039400,174007000000,-50,true,-0.26
"VPB",141414,"/Date(1700810090000)/",19100,300,9039100,174001000000,-50,true,-0.26
"VPB",141414,"/Date(1700810090000)/",19150,500,9038800,173996000000,0,true,0
"VPB",141414,"/Date(1700810090000)/",19150,700,9038300,173986000000,0,true,0
"VPB",141414,"/Date(1700810090000)/",19150,300,9037600,173973000000,0,true,0
"VPB",141414,"/Date(1700810088000)/",19150,3000,9037300,173967000000,0,true,0
"VPB",141411,"/Date(1700810084000)/",19100,100,9034300,173910000000,-50,true,-0.26
"VPB",141408,"/Date(1700810082000)/",19100,4600,9034200,173908000000,-50,true,-0.26
"VPB",141408,"/Date(1700810082000)/",19100,1000,9029600,173820000000,-50,true,-0.26
"VPB",141408,"/Date(1700810082000)/",19100,100,9028600,173801000000,-50,true,-0.26
"VPB",141408,"/Date(1700810082000)/",19100,100,9028500,173799000000,-50,true,-0.26
"VPB",141408,"/Date(1700810082000)/",19100,1000,9028400,173797000000,-50,true,-0.26
"VPB",141408,"/Date(1700810082000)/",19100,5000,9027400,173778000000,-50,true,-0.26
"VPB",141408,"/Date(1700810082000)/",19100,1000,9022400,173682000000,-50,true,-0.26
"VPB",141408,"/Date(1700810082000)/",19100,100,9021400,173663000000,-50,true,-0.26
"VPB",141408,"/Date(1700810082000)/",19100,500,9021300,173661000000,-50,true,-0.26
"VPB",141408,"/Date(1700810082000)/",19100,200,9020800,173652000000,-50,true,-0.26
"VPB",141408,"/Date(1700810082000)/",19100,100,9020600,173648000000,-50,true,-0.26
"VPB",141408,"/Date(1700810082000)/",19100,4400,9020500,173646000000,-50,true,-0.26
"VPB",141405,"/Date(1700810080000)/",19150,2000,9016100,173562000000,0,false,0
"VPB",141405,"/Date(1700810080000)/",19150,3000,9014100,173524000000,0,false,0
"VPB",141405,"/Date(1700810080000)/",19150,5000,9011100,173466000000,0,false,0
"VPB",141405,"/Date(1700810080000)/",19150,5000,9006100,173370000000,0,false,0
"VPB",141405,"/Date(1700810080000)/",19150,5000,9001100,173275000000,0,false,0
"VPB",141405,"/Date(1700810079000)/",19150,5000,8996100,173179000000,0,false,0
"VPB",141405,"/Date(1700810077000)/",19100,8000,8991100,173083000000,-50,true,-0.26
"VPB",141401,"/Date(1700810075000)/",19150,500,8983100,172930000000,0,false,0
"VPB",141401,"/Date(1700810074000)/",19150,100,8982600,172921000000,0,false,0
"VPB",141358,"/Date(1700810071000)/",19100,23700,8982500,172919000000,-50,true,-0.26
"VPB",141358,"/Date(1700810071000)/",19100,31600,8958800,172466000000,-50,true,-0.26
"VPB",141358,"/Date(1700810068000)/",19150,100,8927200,171863000000,0,false,0
"VPB",141355,"/Date(1700810065000)/",19100,14400,8927100,171861000000,-50,true,-0.26
"VPB",141349,"/Date(1700810062000)/",19100,2000,8912700,171586000000,-50,true,-0.26
"VPB",141345,"/Date(1700810058000)/",19100,15900,8910700,171548000000,-50,true,-0.26
"VPB",141345,"/Date(1700810058000)/",19100,1000,8894800,171244000000,-50,true,-0.26
"VPB",141345,"/Date(1700810058000)/",19100,100,8893800,171225000000,-50,true,-0.26
"VPB",141345,"/Date(1700810058000)/",19100,200,8893700,171223000000,-50,true,-0.26
"VPB",141342,"/Date(1700810056000)/",19100,800,8893500,171219000000,-50,true,-0.26
"VPB",141342,"/Date(1700810056000)/",19100,200,8892700,171204000000,-50,true,-0.26
"VPB",141342,"/Date(1700810056000)/",19100,200,8892500,171200000000,-50,true,-0.26
"VPB",141342,"/Date(1700810056000)/",19100,50000,8892300,171196000000,-50,true,-0.26
"VPB",141342,"/Date(1700810056000)/",19100,2000,8842300,170241000000,-50,true,-0.26
"VPB",141342,"/Date(1700810056000)/",19100,5000,8840300,170203000000,-50,true,-0.26
"VPB",141342,"/Date(1700810056000)/",19100,1000,8835300,170107000000,-50,true,-0.26
"VPB",141342,"/Date(1700810056000)/",19100,100,8834300,170088000000,-50,true,-0.26
"VPB",141342,"/Date(1700810056000)/",19100,1000,8834200,170086000000,-50,true,-0.26
"VPB",141342,"/Date(1700810056000)/",19100,48700,8833200,170067000000,-50,true,-0.26
"VPB",141342,"/Date(1700810056000)/",19150,8000,8784500,169137000000,0,true,0
"VPB",141342,"/Date(1700810056000)/",19150,8000,8776500,168984000000,0,true,0
"VPB",141342,"/Date(1700810056000)/",19150,3000,8768500,168831000000,0,true,0
"VPB",141339,"/Date(1700810054000)/",19200,400,8765500,168773000000,50,false,0.26
"VPB",141339,"/Date(1700810054000)/",19200,100,8765100,168766000000,50,false,0.26
"VPB",141339,"/Date(1700810052000)/",19150,5000,8765000,168764000000,0,false,0
"VPB",141333,"/Date(1700810047000)/",19100,14900,8760000,168668000000,-50,true,-0.26
"VPB",141333,"/Date(1700810047000)/",19100,21000,8745100,168383000000,-50,true,-0.26
"VPB",141330,"/Date(1700810044000)/",19100,5000,8724100,167982000000,-50,true,-0.26
"VPB",141330,"/Date(1700810044000)/",19150,5000,8719100,167887000000,0,false,0
"VPB",141326,"/Date(1700810042000)/",19100,4200,8714100,167791000000,-50,true,-0.26
"VPB",141323,"/Date(1700810036000)/",19100,6200,8709900,167711000000,-50,true,-0.26
"VPB",141323,"/Date(1700810036000)/",19100,1000,8703700,167592000000,-50,true,-0.26
"VPB",141323,"/Date(1700810036000)/",19100,100,8702700,167573000000,-50,true,-0.26
"VPB",141323,"/Date(1700810036000)/",19100,100,8702600,167571000000,-50,true,-0.26
"VPB",141323,"/Date(1700810036000)/",19100,500,8702500,167569000000,-50,true,-0.26
"VPB",141323,"/Date(1700810036000)/",19100,500,8702000,167560000000,-50,true,-0.26
"VPB",141323,"/Date(1700810036000)/",19100,200,8701500,167550000000,-50,true,-0.26
"VPB",141323,"/Date(1700810036000)/",19100,300,8701300,167547000000,-50,true,-0.26
"VPB",141323,"/Date(1700810036000)/",19100,500,8701000,167541000000,-50,true,-0.26
"VPB",141323,"/Date(1700810036000)/",19100,200,8700500,167531000000,-50,true,-0.26
"VPB",141323,"/Date(1700810036000)/",19100,3000,8700300,167527000000,-50,true,-0.26
"VPB",141323,"/Date(1700810036000)/",19100,100,8697300,167470000000,-50,true,-0.26
"VPB",141323,"/Date(1700810036000)/",19100,100,8697200,167468000000,-50,true,-0.26
"VPB",141323,"/Date(1700810036000)/",19150,500,8697100,167466000000,0,true,0
"VPB",141323,"/Date(1700810036000)/",19150,100,8696600,167457000000,0,true,0
"VPB",141323,"/Date(1700810036000)/",19150,200,8696500,167455000000,0,true,0
"VPB",141323,"/Date(1700810036000)/",19150,1200,8696300,167451000000,0,true,0
"VPB",141317,"/Date(1700810031000)/",19150,8800,8695100,167428000000,0,true,0
"VPB",141317,"/Date(1700810031000)/",19150,5700,8686300,167259000000,0,true,0
"VPB",141317,"/Date(1700810031000)/",19150,2000,8680600,167150000000,0,true,0
"VPB",141317,"/Date(1700810031000)/",19150,100,8678600,167112000000,0,true,0
"VPB",141317,"/Date(1700810031000)/",19150,100,8678500,167110000000,0,true,0
"VPB",141317,"/Date(1700810031000)/",19150,100,8678400,167108000000,0,true,0
"VPB",141317,"/Date(1700810031000)/",19150,500,8678300,167106000000,0,true,0
"VPB",141317,"/Date(1700810031000)/",19150,200,8677800,167097000000,0,true,0
"VPB",141317,"/Date(1700810031000)/",19150,1900,8677600,167093000000,0,true,0
"VPB",141313,"/Date(1700810029000)/",19150,4000,8675700,167056000000,0,true,0
"VPB",141313,"/Date(1700810029000)/",19150,200,8671700,166980000000,0,true,0
"VPB",141313,"/Date(1700810029000)/",19150,2000,8671500,166976000000,0,true,0
"VPB",141313,"/Date(1700810029000)/",19150,500,8669500,166938000000,0,true,0
"VPB",141313,"/Date(1700810029000)/",19150,17000,8669000,166928000000,0,true,0
"VPB",141313,"/Date(1700810028000)/",19200,100,8652000,166603000000,50,false,0.26
"VPB",141313,"/Date(1700810027000)/",19150,100,8651900,166601000000,0,true,0
"VPB",141313,"/Date(1700810027000)/",19150,2900,8651800,166599000000,0,true,0
"VPB",141313,"/Date(1700810027000)/",19150,1000,8648900,166543000000,0,true,0
"VPB",141313,"/Date(1700810027000)/",19150,100,8647900,166524000000,0,true,0
"VPB",141313,"/Date(1700810027000)/",19150,200,8647800,166522000000,0,true,0
"VPB",141313,"/Date(1700810027000)/",19150,100,8647600,166518000000,0,true,0
"VPB",141313,"/Date(1700810027000)/",19150,13800,8647500,166516000000,0,true,0
"VPB",141301,"/Date(1700810016000)/",19150,100,8633700,166252000000,0,true,0
"VPB",141301,"/Date(1700810014000)/",19150,14900,8633600,166250000000,0,true,0
"VPB",141301,"/Date(1700810013000)/",19150,1000,8618700,165965000000,0,true,0
"VPB",141257,"/Date(1700810012000)/",19150,500,8617700,165946000000,0,true,0
"VPB",141257,"/Date(1700810011000)/",19150,100,8617200,165936000000,0,true,0
"VPB",141248,"/Date(1700810002000)/",19150,16200,8617100,165934000000,0,true,0
"VPB",141248,"/Date(1700810001000)/",19150,200,8600900,165624000000,0,true,0
"VPB",141241,"/Date(1700809996000)/",19150,3200,8600700,165620000000,0,true,0
"VPB",141241,"/Date(1700809996000)/",19150,300,8597500,165559000000,0,true,0
"VPB",141241,"/Date(1700809996000)/",19150,100,8597200,165553000000,0,true,0
"VPB",141241,"/Date(1700809996000)/",19150,10000,8597100,165551000000,0,true,0
"VPB",141241,"/Date(1700809996000)/",19150,500,8587100,165360000000,0,true,0
"VPB",141241,"/Date(1700809996000)/",19150,200,8586600,165350000000,0,true,0
"VPB",141241,"/Date(1700809996000)/",19150,1000,8586400,165346000000,0,true,0
"VPB",141241,"/Date(1700809996000)/",19150,500,8585400,165327000000,0,true,0
"VPB",141241,"/Date(1700809996000)/",19150,1000,8584900,165318000000,0,true,0
"VPB",141241,"/Date(1700809996000)/",19150,200,8583900,165298000000,0,true,0
"VPB",141235,"/Date(1700809990000)/",19150,300,8583700,165295000000,0,true,0
"VPB",141235,"/Date(1700809990000)/",19150,700,8583400,165289000000,0,true,0
"VPB",141231,"/Date(1700809985000)/",19150,300,8582700,165276000000,0,true,0
"VPB",141231,"/Date(1700809985000)/",19150,500,8582400,165270000000,0,true,0
"VPB",141231,"/Date(1700809985000)/",19150,2000,8581900,165260000000,0,true,0
"VPB",141231,"/Date(1700809985000)/",19150,200,8579900,165222000000,0,true,0
"VPB",141225,"/Date(1700809980000)/",19200,500,8579700,165218000000,50,false,0.26
"VPB",141219,"/Date(1700809974000)/",19150,300,8579200,165208000000,0,true,0
"VPB",141219,"/Date(1700809974000)/",19150,500,8578900,165203000000,0,true,0
"VPB",141219,"/Date(1700809974000)/",19150,3000,8578400,165193000000,0,true,0
"VPB",141219,"/Date(1700809974000)/",19150,100,8575400,165136000000,0,true,0
"VPB",141219,"/Date(1700809974000)/",19150,300,8575300,165134000000,0,true,0
"VPB",141219,"/Date(1700809974000)/",19150,19500,8575000,165128000000,0,true,0
"VPB",141215,"/Date(1700809971000)/",19150,4500,8555500,164755000000,0,true,0
"VPB",141209,"/Date(1700809962000)/",19200,1000,8551000,164668000000,50,false,0.26
"VPB",141153,"/Date(1700809947000)/",19150,5000,8550000,164649000000,0,true,0
"VPB",141147,"/Date(1700809942000)/",19150,23700,8545000,164553000000,0,true,0
"VPB",141147,"/Date(1700809941000)/",19150,100000,8521300,164100000000,0,true,0
"VPB",141147,"/Date(1700809939000)/",19150,4200,8421300,162185000000,0,true,0
"VPB",141147,"/Date(1700809939000)/",19150,2900,8417100,162104000000,0,true,0
"VPB",141147,"/Date(1700809939000)/",19150,100,8414200,162049000000,0,true,0
"VPB",141147,"/Date(1700809939000)/",19150,100,8414100,162047000000,0,true,0
"VPB",141147,"/Date(1700809939000)/",19150,500,8414000,162045000000,0,true,0
"VPB",141147,"/Date(1700809939000)/",19150,200,8413500,162035000000,0,true,0
"VPB",141147,"/Date(1700809939000)/",19150,1000,8413300,162031000000,0,true,0
"VPB",141147,"/Date(1700809939000)/",19150,500,8412300,162012000000,0,true,0
"VPB",141147,"/Date(1700809939000)/",19150,1000,8411800,162003000000,0,true,0
"VPB",141147,"/Date(1700809939000)/",19150,1200,8410800,161984000000,0,true,0
"VPB",141147,"/Date(1700809939000)/",19150,2000,8409600,161961000000,0,true,0
"VPB",141147,"/Date(1700809939000)/",19150,200,8407600,161922000000,0,true,0
"VPB",141147,"/Date(1700809939000)/",19150,1000,8407400,161918000000,0,true,0
"VPB",141147,"/Date(1700809939000)/",19150,100,8406400,161899000000,0,true,0
"VPB",141147,"/Date(1700809939000)/",19150,300,8406300,161897000000,0,true,0
"VPB",141147,"/Date(1700809939000)/",19150,200,8406000,161892000000,0,true,0
"VPB",141147,"/Date(1700809939000)/",19150,100,8405800,161888000000,0,true,0
"VPB",141147,"/Date(1700809939000)/",19150,1600,8405700,161886000000,0,true,0
"VPB",141140,"/Date(1700809933000)/",19150,3400,8404100,161855000000,0,true,0
"VPB",141140,"/Date(1700809933000)/",19150,300,8400700,161790000000,0,true,0
"VPB",141140,"/Date(1700809933000)/",19150,50000,8400400,161784000000,0,true,0
"VPB",141140,"/Date(1700809933000)/",19150,700,8350400,160827000000,0,true,0
"VPB",141140,"/Date(1700809933000)/",19150,3000,8349700,160813000000,0,true,0
"VPB",141140,"/Date(1700809933000)/",19150,500,8346700,160756000000,0,true,0
"VPB",141140,"/Date(1700809933000)/",19150,500,8346200,160746000000,0,true,0
"VPB",141140,"/Date(1700809933000)/",19150,100,8345700,160737000000,0,true,0
"VPB",141140,"/Date(1700809933000)/",19150,200,8345600,160735000000,0,true,0
"VPB",141140,"/Date(1700809933000)/",19150,5000,8345400,160731000000,0,true,0
"VPB",141140,"/Date(1700809933000)/",19150,500,8340400,160635000000,0,true,0
"VPB",141140,"/Date(1700809933000)/",19150,1500,8339900,160626000000,0,true,0
"VPB",141140,"/Date(1700809933000)/",19150,100,8338400,160597000000,0,true,0
"VPB",141140,"/Date(1700809933000)/",19150,100,8338300,160595000000,0,true,0
"VPB",141140,"/Date(1700809933000)/",19150,100,8338200,160593000000,0,true,0
"VPB",141140,"/Date(1700809933000)/",19150,200,8338100,160591000000,0,true,0
"VPB",141140,"/Date(1700809933000)/",19150,200,8337900,160588000000,0,true,0
"VPB",141140,"/Date(1700809933000)/",19150,1000,8337700,160584000000,0,true,0
"VPB",141140,"/Date(1700809933000)/",19150,5000,8336700,160565000000,0,true,0
"VPB",141140,"/Date(1700809933000)/",19150,500,8331700,160469000000,0,true,0
"VPB",141140,"/Date(1700809933000)/",19150,100,8331200,160459000000,0,true,0
"VPB",141140,"/Date(1700809933000)/",19150,200,8331100,160457000000,0,true,0
"VPB",141140,"/Date(1700809933000)/",19200,10000,8330900,160453000000,50,false,0.26
"VPB",141140,"/Date(1700809933000)/",19200,100,8320900,160261000000,50,false,0.26
"VPB",141140,"/Date(1700809933000)/",19200,100,8320800,160260000000,50,false,0.26
"VPB",141140,"/Date(1700809933000)/",19200,1000,8320700,160258000000,50,false,0.26
"VPB",141140,"/Date(1700809933000)/",19200,100,8319700,160238000000,50,false,0.26
"VPB",141140,"/Date(1700809933000)/",19200,100,8319600,160237000000,50,false,0.26
"VPB",141140,"/Date(1700809933000)/",19200,1000,8319500,160235000000,50,false,0.26
"VPB",141140,"/Date(1700809933000)/",19200,100,8318500,160215000000,50,false,0.26
"VPB",141140,"/Date(1700809933000)/",19200,15000,8318400,160213000000,50,false,0.26
"VPB",141140,"/Date(1700809933000)/",19200,1000,8303400,159925000000,50,false,0.26
"VPB",141140,"/Date(1700809933000)/",19200,300,8302400,159906000000,50,false,0.26
"VPB",141140,"/Date(1700809933000)/",19200,200,8302100,159901000000,50,false,0.26
"VPB",141140,"/Date(1700809933000)/",19200,100,8301900,159897000000,50,false,0.26
"VPB",141140,"/Date(1700809933000)/",19200,100,8301800,159895000000,50,false,0.26
"VPB",141140,"/Date(1700809933000)/",19200,17000,8301700,159893000000,50,false,0.26
"VPB",141140,"/Date(1700809933000)/",19200,100,8284700,159566000000,50,false,0.26
"VPB",141140,"/Date(1700809933000)/",19200,100,8284600,159565000000,50,false,0.26
"VPB",141140,"/Date(1700809933000)/",19200,2000,8284500,159563000000,50,false,0.26
"VPB",141140,"/Date(1700809933000)/",19200,5000,8282500,159524000000,50,false,0.26
"VPB",141140,"/Date(1700809933000)/",19200,400,8277500,159428000000,50,false,0.26
"VPB",141140,"/Date(1700809933000)/",19200,1000,8277100,159421000000,50,false,0.26
"VPB",141137,"/Date(1700809930000)/",19200,9400,8276100,159401000000,50,true,0.26
"VPB",141137,"/Date(1700809930000)/",19200,100,8266700,159221000000,50,true,0.26
"VPB",141137,"/Date(1700809930000)/",19200,600,8266600,159219000000,50,true,0.26
"VPB",141137,"/Date(1700809930000)/",19200,13600,8266000,159207000000,50,true,0.26
"VPB",141137,"/Date(1700809930000)/",19200,10000,8252400,158946000000,50,true,0.26
"VPB",141137,"/Date(1700809930000)/",19200,200,8242400,158754000000,50,true,0.26
"VPB",141134,"/Date(1700809929000)/",19200,2900,8242200,158750000000,50,true,0.26
"VPB",141134,"/Date(1700809929000)/",19200,10000,8239300,158695000000,50,true,0.26
"VPB",141134,"/Date(1700809929000)/",19200,200,8229300,158503000000,50,true,0.26
"VPB",141134,"/Date(1700809929000)/",19200,100,8229100,158499000000,50,true,0.26
"VPB",141134,"/Date(1700809929000)/",19200,2200,8229000,158497000000,50,true,0.26
"VPB",141134,"/Date(1700809929000)/",19200,100,8226800,158455000000,50,true,0.26
"VPB",141134,"/Date(1700809929000)/",19200,100,8226700,158453000000,50,true,0.26
"VPB",141134,"/Date(1700809929000)/",19200,900,8226600,158451000000,50,true,0.26
"VPB",141134,"/Date(1700809929000)/",19200,200,8225700,158434000000,50,true,0.26
"VPB",141124,"/Date(1700809919000)/",19200,200,8225500,158430000000,50,true,0.26
"VPB",141124,"/Date(1700809919000)/",19200,400,8225300,158426000000,50,true,0.26
"VPB",141124,"/Date(1700809919000)/",19200,200,8224900,158418000000,50,true,0.26
"VPB",141124,"/Date(1700809919000)/",19200,100,8224700,158414000000,50,true,0.26
"VPB",141124,"/Date(1700809919000)/",19200,1000,8224600,158413000000,50,true,0.26
"VPB",141124,"/Date(1700809919000)/",19200,300,8223600,158393000000,50,true,0.26
"VPB",141124,"/Date(1700809919000)/",19200,100,8223300,158388000000,50,true,0.26
"VPB",141124,"/Date(1700809919000)/",19200,1800,8223200,158386000000,50,true,0.26
"VPB",141124,"/Date(1700809919000)/",19200,12200,8221400,158351000000,50,true,0.26
"VPB",141124,"/Date(1700809919000)/",19200,23700,8209200,158117000000,50,true,0.26
"VPB",141121,"/Date(1700809916000)/",19200,11500,8185500,157662000000,50,true,0.26
"VPB",141115,"/Date(1700809910000)/",19200,2600,8174000,157441000000,50,true,0.26
"VPB",141115,"/Date(1700809910000)/",19200,600,8171400,157391000000,50,true,0.26
"VPB",141115,"/Date(1700809910000)/",19200,10000,8170800,157380000000,50,true,0.26
"VPB",141115,"/Date(1700809910000)/",19200,100,8160800,157188000000,50,true,0.26
"VPB",141115,"/Date(1700809910000)/",19200,500,8160700,157186000000,50,true,0.26
"VPB",141115,"/Date(1700809910000)/",19200,300,8160200,157176000000,50,true,0.26
"VPB",141115,"/Date(1700809910000)/",19200,300,8159900,157170000000,50,true,0.26
"VPB",141115,"/Date(1700809910000)/",19200,1000,8159600,157165000000,50,true,0.26
"VPB",141115,"/Date(1700809910000)/",19200,200,8158600,157145000000,50,true,0.26
"VPB",141115,"/Date(1700809910000)/",19200,100,8158400,157141000000,50,true,0.26
"VPB",141115,"/Date(1700809910000)/",19200,300,8158300,157140000000,50,true,0.26
"VPB",141115,"/Date(1700809910000)/",19200,1300,8158000,157134000000,50,true,0.26
"VPB",141115,"/Date(1700809910000)/",19200,100,8156700,157109000000,50,true,0.26
"VPB",141115,"/Date(1700809910000)/",19200,5600,8156600,157107000000,50,true,0.26
"VPB",141115,"/Date(1700809910000)/",19200,1000,8151000,156999000000,50,true,0.26
"VPB",141115,"/Date(1700809910000)/",19200,100,8150000,156980000000,50,true,0.26
"VPB",141115,"/Date(1700809910000)/",19200,2000,8149900,156978000000,50,true,0.26
"VPB",141115,"/Date(1700809910000)/",19200,100,8147900,156940000000,50,true,0.26
"VPB",141115,"/Date(1700809910000)/",19200,800,8147800,156938000000,50,true,0.26
"VPB",141115,"/Date(1700809910000)/",19200,100,8147000,156923000000,50,true,0.26
"VPB",141115,"/Date(1700809910000)/",19200,4700,8146900,156921000000,50,true,0.26
"VPB",141108,"/Date(1700809904000)/",19200,2800,8142200,156830000000,50,true,0.26
"VPB",141108,"/Date(1700809904000)/",19200,97200,8139400,156777000000,50,true,0.26
"VPB",141108,"/Date(1700809903000)/",19200,1000,8042200,154910000000,50,true,0.26
"VPB",141108,"/Date(1700809901000)/",19200,1800,8041200,154891000000,50,true,0.26
"VPB",141108,"/Date(1700809901000)/",19200,100,8039400,154857000000,50,true,0.26
"VPB",141108,"/Date(1700809901000)/",19200,100,8039300,154855000000,50,true,0.26
"VPB",141108,"/Date(1700809901000)/",19200,700,8039200,154853000000,50,true,0.26
"VPB",141108,"/Date(1700809901000)/",19200,500,8038500,154839000000,50,true,0.26
"VPB",141108,"/Date(1700809901000)/",19200,100,8038000,154830000000,50,true,0.26
"VPB",141108,"/Date(1700809901000)/",19200,100,8037900,154828000000,50,true,0.26
"VPB",141108,"/Date(1700809901000)/",19200,200,8037800,154826000000,50,true,0.26
"VPB",141108,"/Date(1700809901000)/",19200,100,8037600,154822000000,50,true,0.26
"VPB",141108,"/Date(1700809901000)/",19200,100,8037500,154820000000,50,true,0.26
"VPB",141108,"/Date(1700809901000)/",19200,1000,8037400,154818000000,50,true,0.26
"VPB",141108,"/Date(1700809901000)/",19200,200,8036400,154799000000,50,true,0.26
"VPB",141108,"/Date(1700809901000)/",19200,1200,8036200,154795000000,50,true,0.26
"VPB",141108,"/Date(1700809901000)/",19200,200,8035000,154772000000,50,true,0.26
"VPB",141108,"/Date(1700809901000)/",19200,100,8034800,154768000000,50,true,0.26
"VPB",141108,"/Date(1700809901000)/",19200,9800,8034700,154766000000,50,true,0.26
"VPB",141102,"/Date(1700809895000)/",19200,3000,8024900,154578000000,50,true,0.26
"VPB",141055,"/Date(1700809890000)/",19200,7800,8021900,154521000000,50,true,0.26
"VPB",141052,"/Date(1700809885000)/",19250,5000,8014100,154371000000,100,true,0.52
"VPB",141052,"/Date(1700809885000)/",19250,1100,8009100,154275000000,100,true,0.52
"VPB",141052,"/Date(1700809885000)/",19250,12100,8008000,154253000000,100,true,0.52
"VPB",141049,"/Date(1700809884000)/",19250,1000,7995900,154021000000,100,true,0.52
"VPB",141049,"/Date(1700809884000)/",19250,500,7994900,154001000000,100,true,0.52
"VPB",141046,"/Date(1700809880000)/",19250,5000,7994400,153992000000,100,true,0.52
"VPB",141043,"/Date(1700809876000)/",19250,1400,7989400,153895000000,100,true,0.52
"VPB",141043,"/Date(1700809876000)/",19250,100,7988000,153868000000,100,true,0.52
"VPB",141043,"/Date(1700809876000)/",19250,100,7987900,153867000000,100,true,0.52
"VPB",141043,"/Date(1700809876000)/",19250,5000,7987800,153865000000,100,true,0.52
"VPB",141043,"/Date(1700809876000)/",19250,300,7982800,153768000000,100,true,0.52
"VPB",141043,"/Date(1700809876000)/",19250,200,7982500,153763000000,100,true,0.52
"VPB",141043,"/Date(1700809876000)/",19250,500,7982300,153759000000,100,true,0.52
"VPB",141043,"/Date(1700809876000)/",19250,5500,7981800,153749000000,100,true,0.52
"VPB",141033,"/Date(1700809867000)/",19250,1700,7976300,153643000000,100,true,0.52
"VPB",141030,"/Date(1700809863000)/",19300,1000,7974600,153611000000,150,false,0.78
"VPB",141023,"/Date(1700809859000)/",19250,1500,7973600,153591000000,100,true,0.52
"VPB",141004,"/Date(1700809839000)/",19250,11300,7972100,153562000000,100,true,0.52
"VPB",141004,"/Date(1700809839000)/",19250,50000,7960800,153345000000,100,true,0.52
"VPB",141004,"/Date(1700809839000)/",19250,100,7910800,152382000000,100,true,0.52
"VPB",141004,"/Date(1700809839000)/",19250,500,7910700,152380000000,100,true,0.52
"VPB",141004,"/Date(1700809839000)/",19250,24000,7910200,152371000000,100,true,0.52
"VPB",141004,"/Date(1700809839000)/",19250,5900,7886200,151909000000,100,true,0.52
"VPB",141004,"/Date(1700809839000)/",19250,8200,7880300,151795000000,100,true,0.52
"VPB",141004,"/Date(1700809839000)/",19250,600,7872100,151637000000,100,true,0.52
"VPB",140958,"/Date(1700809833000)/",19250,500,7871500,151626000000,100,true,0.52
"VPB",140958,"/Date(1700809833000)/",19250,10000,7871000,151616000000,100,true,0.52
"VPB",140951,"/Date(1700809827000)/",19250,10200,7861000,151424000000,100,true,0.52
"VPB",140916,"/Date(1700809789000)/",19250,3300,7850800,151227000000,100,true,0.52
"VPB",140913,"/Date(1700809786000)/",19300,100,7847500,151164000000,150,false,0.78
"VPB",140900,"/Date(1700809773000)/",19300,400,7847400,151162000000,150,false,0.78
"VPB",140857,"/Date(1700809773000)/",19300,4600,7847000,151154000000,150,true,0.78
"VPB",140857,"/Date(1700809772000)/",19300,100,7842400,151065000000,150,true,0.78
"VPB",140854,"/Date(1700809769000)/",19300,9000,7842300,151063000000,150,true,0.78
"VPB",140854,"/Date(1700809767000)/",19300,3000,7833300,150890000000,150,true,0.78
"VPB",140851,"/Date(1700809764000)/",19300,2000,7830300,150832000000,150,true,0.78
"VPB",140845,"/Date(1700809759000)/",19300,39300,7828300,150793000000,150,true,0.78
"VPB",140845,"/Date(1700809759000)/",19300,30000,7789000,150035000000,150,true,0.78
"VPB",140845,"/Date(1700809759000)/",19300,30700,7759000,149456000000,150,true,0.78
"VPB",140841,"/Date(1700809756000)/",19300,5000,7728300,148863000000,150,true,0.78
"VPB",140841,"/Date(1700809756000)/",19300,27000,7723300,148767000000,150,true,0.78
"VPB",140835,"/Date(1700809748000)/",19300,100,7696300,148246000000,150,true,0.78
"VPB",140822,"/Date(1700809736000)/",19300,3300,7696200,148244000000,150,true,0.78
"VPB",140813,"/Date(1700809727000)/",19300,400,7692900,148180000000,150,true,0.78
"VPB",140809,"/Date(1700809724000)/",19300,12300,7692500,148172000000,150,true,0.78
"VPB",140741,"/Date(1700809693000)/",19300,100,7680200,147935000000,150,true,0.78
"VPB",140728,"/Date(1700809682000)/",19300,2800,7680100,147933000000,150,true,0.78
"VPB",140721,"/Date(1700809676000)/",19300,6000,7677300,147879000000,150,false,0.78
"VPB",140721,"/Date(1700809676000)/",19300,3000,7671300,147763000000,150,false,0.78
"VPB",140721,"/Date(1700809676000)/",19300,2000,7668300,147705000000,150,false,0.78
"VPB",140721,"/Date(1700809676000)/",19300,300,7666300,147667000000,150,false,0.78
"VPB",140721,"/Date(1700809676000)/",19300,100,7666000,147661000000,150,false,0.78
"VPB",140721,"/Date(1700809676000)/",19300,3200,7665900,147659000000,150,false,0.78
"VPB",140721,"/Date(1700809676000)/",19300,100,7662700,147597000000,150,false,0.78
"VPB",140721,"/Date(1700809676000)/",19300,1000,7662600,147595000000,150,false,0.78
"VPB",140721,"/Date(1700809676000)/",19300,400,7661600,147576000000,150,false,0.78
"VPB",140721,"/Date(1700809676000)/",19300,2200,7661200,147568000000,150,false,0.78
"VPB",140718,"/Date(1700809673000)/",19250,3700,7659000,147526000000,100,true,0.52
"VPB",140705,"/Date(1700809658000)/",19300,100,7655300,147455000000,150,false,0.78
"VPB",140642,"/Date(1700809636000)/",19300,1400,7655200,147453000000,150,false,0.78
"VPB",140633,"/Date(1700809626000)/",19300,300,7653800,147426000000,150,true,0.78
"VPB",140617,"/Date(1700809608000)/",19300,5800,7653500,147420000000,150,true,0.78
"VPB",140617,"/Date(1700809605000)/",19300,500,7647700,147308000000,150,true,0.78
"VPB",140613,"/Date(1700809601000)/",19300,3000,7647200,147298000000,150,false,0.78
"VPB",140613,"/Date(1700809601000)/",19300,400,7644200,147240000000,150,false,0.78
"VPB",140613,"/Date(1700809601000)/",19300,300,7643800,147233000000,150,false,0.78
"VPB",140613,"/Date(1700809601000)/",19300,100,7643500,147227000000,150,false,0.78
"VPB",140613,"/Date(1700809601000)/",19300,10000,7643400,147225000000,150,false,0.78
"VPB",140613,"/Date(1700809601000)/",19300,20000,7633400,147032000000,150,false,0.78
"VPB",140613,"/Date(1700809601000)/",19300,5000,7613400,146646000000,150,false,0.78
"VPB",140613,"/Date(1700809601000)/",19300,200,7608400,146549000000,150,false,0.78
"VPB",140613,"/Date(1700809601000)/",19300,1500,7608200,146546000000,150,false,0.78
"VPB",140613,"/Date(1700809601000)/",19300,2900,7606700,146517000000,150,false,0.78
"VPB",140551,"/Date(1700809583000)/",19250,3100,7603800,146461000000,100,true,0.52
"VPB",140548,"/Date(1700809582000)/",19250,100,7600700,146401000000,100,true,0.52
"VPB",140538,"/Date(1700809571000)/",19250,6800,7600600,146399000000,100,true,0.52
"VPB",140503,"/Date(1700809538000)/",19250,1000,7593800,146268000000,100,true,0.52
"VPB",140500,"/Date(1700809532000)/",19250,2700,7592800,146249000000,100,true,0.52
"VPB",140453,"/Date(1700809528000)/",19250,6200,7590100,146197000000,100,false,0.52
"VPB",140453,"/Date(1700809528000)/",19250,6300,7583900,146078000000,100,false,0.52
"VPB",140453,"/Date(1700809528000)/",19250,2300,7577600,145956000000,100,false,0.52
"VPB",140444,"/Date(1700809519000)/",19250,2700,7575300,145912000000,100,false,0.52
"VPB",140444,"/Date(1700809519000)/",19250,2700,7572600,145860000000,100,false,0.52
"VPB",140444,"/Date(1700809519000)/",19250,4600,7569900,145808000000,100,false,0.52
"VPB",140438,"/Date(1700809511000)/",19250,2000,7565300,145719000000,100,false,0.52
"VPB",140434,"/Date(1700809507000)/",19250,500,7563300,145681000000,100,false,0.52
"VPB",140415,"/Date(1700809489000)/",19250,500,7562800,145671000000,100,false,0.52
"VPB",140415,"/Date(1700809488000)/",19200,6000,7562300,145662000000,50,true,0.26
"VPB",140412,"/Date(1700809487000)/",19200,3100,7556300,145547000000,50,true,0.26
"VPB",140337,"/Date(1700809451000)/",19200,5200,7553200,145487000000,50,true,0.26
"VPB",140334,"/Date(1700809449000)/",19250,1000,7548000,145387000000,100,false,0.52
"VPB",140324,"/Date(1700809437000)/",19200,14800,7547000,145368000000,50,true,0.26
"VPB",140324,"/Date(1700809437000)/",19200,2700,7532200,145084000000,50,true,0.26
"VPB",140321,"/Date(1700809435000)/",19250,1500,7529500,145032000000,100,true,0.52
"VPB",140321,"/Date(1700809433000)/",19250,18500,7528000,145003000000,100,true,0.52
"VPB",140321,"/Date(1700809433000)/",19250,100,7509500,144647000000,100,true,0.52
"VPB",140321,"/Date(1700809433000)/",19250,100,7509400,144645000000,100,true,0.52
"VPB",140321,"/Date(1700809433000)/",19250,20000,7509300,144643000000,100,true,0.52
"VPB",140321,"/Date(1700809433000)/",19250,100,7489300,144258000000,100,true,0.52
"VPB",140321,"/Date(1700809433000)/",19250,4000,7489200,144256000000,100,true,0.52
"VPB",140321,"/Date(1700809433000)/",19250,500,7485200,144179000000,100,true,0.52
"VPB",140321,"/Date(1700809433000)/",19250,500,7484700,144170000000,100,true,0.52
"VPB",140321,"/Date(1700809433000)/",19250,14500,7484200,144160000000,100,true,0.52
"VPB",140318,"/Date(1700809433000)/",19250,100,7469700,143881000000,100,true,0.52
"VPB",140318,"/Date(1700809430000)/",19250,5400,7469600,143879000000,100,true,0.52
"VPB",140318,"/Date(1700809430000)/",19250,8000,7464200,143775000000,100,true,0.52
"VPB",140318,"/Date(1700809430000)/",19250,500,7456200,143621000000,100,true,0.52
"VPB",140318,"/Date(1700809430000)/",19250,3000,7455700,143611000000,100,true,0.52
"VPB",140318,"/Date(1700809430000)/",19250,2300,7452700,143554000000,100,true,0.52
"VPB",140318,"/Date(1700809430000)/",19300,100,7450400,143509000000,150,false,0.78
"VPB",140311,"/Date(1700809423000)/",19250,5000,7450300,143507000000,100,true,0.52
"VPB",140305,"/Date(1700809420000)/",19250,42700,7445300,143411000000,100,true,0.52
"VPB",140305,"/Date(1700809420000)/",19250,15600,7402600,142589000000,100,true,0.52
"VPB",140258,"/Date(1700809414000)/",19250,4400,7387000,142289000000,100,true,0.52
"VPB",140258,"/Date(1700809414000)/",19250,1000,7382600,142204000000,100,true,0.52
"VPB",140258,"/Date(1700809414000)/",19250,13800,7381600,142185000000,100,true,0.52
"VPB",140255,"/Date(1700809409000)/",19250,5800,7367800,141919000000,100,true,0.52
"VPB",140252,"/Date(1700809405000)/",19250,10400,7362000,141808000000,100,true,0.52
"VPB",140252,"/Date(1700809405000)/",19250,28000,7351600,141607000000,100,true,0.52
"VPB",140252,"/Date(1700809405000)/",19300,600,7323600,141068000000,150,false,0.78
"VPB",140252,"/Date(1700809405000)/",19300,100,7323000,141057000000,150,false,0.78
"VPB",140252,"/Date(1700809405000)/",19300,400,7322900,141055000000,150,false,0.78
"VPB",140252,"/Date(1700809405000)/",19300,100,7322500,141047000000,150,false,0.78
"VPB",140252,"/Date(1700809405000)/",19300,18700,7322400,141045000000,150,false,0.78
"VPB",140249,"/Date(1700809401000)/",19300,19200,7303700,140684000000,150,true,0.78
"VPB",140242,"/Date(1700809394000)/",19300,1200,7284500,140314000000,150,true,0.78
"VPB",140239,"/Date(1700809394000)/",19300,5000,7283300,140291000000,150,true,0.78
"VPB",140239,"/Date(1700809391000)/",19300,3100,7278300,140194000000,150,true,0.78
"VPB",140236,"/Date(1700809391000)/",19300,2800,7275200,140134000000,150,true,0.78
"VPB",140236,"/Date(1700809391000)/",19300,100,7272400,140080000000,150,true,0.78
"VPB",140236,"/Date(1700809391000)/",19300,2400,7272300,140078000000,150,true,0.78
"VPB",140236,"/Date(1700809390000)/",19350,7800,7269900,140032000000,200,false,1.04
"VPB",140236,"/Date(1700809390000)/",19350,5000,7262100,139881000000,200,false,1.04
"VPB",140236,"/Date(1700809390000)/",19350,7200,7257100,139784000000,200,false,1.04
"VPB",140236,"/Date(1700809389000)/",19300,5000,7249900,139645000000,150,true,0.78
"VPB",140230,"/Date(1700809383000)/",19300,3000,7244900,139548000000,150,true,0.78
"VPB",140230,"/Date(1700809382000)/",19300,5400,7241900,139491000000,150,true,0.78
"VPB",140226,"/Date(1700809381000)/",19300,4000,7236500,139386000000,150,true,0.78
"VPB",140220,"/Date(1700809374000)/",19300,200,7232500,139309000000,150,true,0.78
"VPB",140220,"/Date(1700809374000)/",19300,2000,7232300,139305000000,150,true,0.78
"VPB",140220,"/Date(1700809374000)/",19300,500,7230300,139267000000,150,true,0.78
"VPB",140220,"/Date(1700809374000)/",19300,2600,7229800,139257000000,150,true,0.78
"VPB",140220,"/Date(1700809372000)/",19300,10100,7227200,139207000000,150,true,0.78
"VPB",140214,"/Date(1700809367000)/",19300,3000,7217100,139012000000,150,true,0.78
"VPB",140207,"/Date(1700809360000)/",19300,3000,7214100,138954000000,150,true,0.78
"VPB",140154,"/Date(1700809348000)/",19300,3000,7211100,138896000000,150,true,0.78
"VPB",140148,"/Date(1700809342000)/",19300,2700,7208100,138838000000,150,true,0.78
"VPB",140116,"/Date(1700809308000)/",19300,3500,7205400,138786000000,150,true,0.78
"VPB",140100,"/Date(1700809293000)/",19300,1000,7201900,138719000000,150,true,0.78
"VPB",140053,"/Date(1700809286000)/",19300,3000,7200900,138699000000,150,true,0.78
"VPB",140050,"/Date(1700809283000)/",19350,300,7197900,138641000000,200,false,1.04
"VPB",140044,"/Date(1700809276000)/",19300,10000,7197600,138636000000,150,true,0.78
"VPB",140044,"/Date(1700809276000)/",19350,16200,7187600,138443000000,200,false,1.04
"VPB",140034,"/Date(1700809267000)/",19350,7900,7171400,138129000000,200,false,1.04
"VPB",140034,"/Date(1700809267000)/",19300,1900,7163500,137976000000,150,true,0.78
"VPB",140031,"/Date(1700809264000)/",19350,18100,7161600,137940000000,200,false,1.04
"VPB",140028,"/Date(1700809263000)/",19350,100,7143500,137589000000,200,false,1.04
"VPB",140022,"/Date(1700809256000)/",19350,200,7143400,137587000000,200,false,1.04
"VPB",140022,"/Date(1700809256000)/",19350,200,7143200,137583000000,200,false,1.04
"VPB",140022,"/Date(1700809256000)/",19350,2500,7143000,137580000000,200,false,1.04
"VPB",140022,"/Date(1700809256000)/",19350,12500,7140500,137531000000,200,false,1.04
"VPB",140022,"/Date(1700809255000)/",19300,4900,7128000,137289000000,150,true,0.78
"VPB",140022,"/Date(1700809254000)/",19300,3300,7123100,137195000000,150,true,0.78
"VPB",140012,"/Date(1700809245000)/",19350,2500,7119800,137131000000,200,false,1.04
"VPB",140012,"/Date(1700809245000)/",19350,1000,7117300,137083000000,200,false,1.04
"VPB",140012,"/Date(1700809245000)/",19350,14600,7116300,137063000000,200,false,1.04
"VPB",140006,"/Date(1700809238000)/",19350,16700,7101700,136781000000,200,false,1.04
"VPB",135953,"/Date(1700809227000)/",19350,17200,7085000,136458000000,200,false,1.04
"VPB",135953,"/Date(1700809227000)/",19300,48000,7067800,136125000000,150,true,0.78
"VPB",135953,"/Date(1700809227000)/",19300,100,7019800,135198000000,150,true,0.78
"VPB",135953,"/Date(1700809227000)/",19300,1900,7019700,135197000000,150,true,0.78
"VPB",135950,"/Date(1700809223000)/",19300,100,7017800,135160000000,150,true,0.78
"VPB",135950,"/Date(1700809223000)/",19300,100,7017700,135158000000,150,true,0.78
"VPB",135950,"/Date(1700809223000)/",19300,1000,7017600,135156000000,150,true,0.78
"VPB",135950,"/Date(1700809223000)/",19300,2500,7016600,135137000000,150,true,0.78
"VPB",135946,"/Date(1700809218000)/",19350,1500,7014100,135088000000,200,false,1.04
"VPB",135946,"/Date(1700809218000)/",19350,500,7012600,135059000000,200,false,1.04
"VPB",135946,"/Date(1700809218000)/",19350,4000,7012100,135050000000,200,false,1.04
"VPB",135946,"/Date(1700809218000)/",19350,1000,7008100,134972000000,200,false,1.04
"VPB",135946,"/Date(1700809218000)/",19350,200,7007100,134953000000,200,false,1.04
"VPB",135946,"/Date(1700809218000)/",19350,3000,7006900,134949000000,200,false,1.04
"VPB",135946,"/Date(1700809218000)/",19350,5100,7003900,134891000000,200,false,1.04
"VPB",135934,"/Date(1700809208000)/",19350,4900,6998800,134792000000,200,false,1.04
"VPB",135934,"/Date(1700809208000)/",19350,3900,6993900,134698000000,200,false,1.04
"VPB",135927,"/Date(1700809200000)/",19300,500,6990000,134622000000,150,true,0.78
"VPB",135927,"/Date(1700809199000)/",19300,5200,6989500,134612000000,150,true,0.78
"VPB",135924,"/Date(1700809198000)/",19300,2900,6984300,134512000000,150,true,0.78
"VPB",135921,"/Date(1700809194000)/",19300,8900,6981400,134456000000,150,true,0.78
"VPB",135921,"/Date(1700809194000)/",19300,41100,6972500,134284000000,150,true,0.78
"VPB",135918,"/Date(1700809191000)/",19300,500,6931400,133491000000,150,true,0.78
"VPB",135908,"/Date(1700809182000)/",19300,500,6930900,133482000000,150,true,0.78
"VPB",135852,"/Date(1700809167000)/",19300,7900,6930400,133472000000,150,true,0.78
"VPB",135852,"/Date(1700809167000)/",19300,100,6922500,133319000000,150,true,0.78
"VPB",135852,"/Date(1700809165000)/",19300,400,6922400,133317000000,150,true,0.78
"VPB",135852,"/Date(1700809165000)/",19300,100,6922000,133310000000,150,true,0.78
"VPB",135836,"/Date(1700809150000)/",19300,2900,6921900,133308000000,150,true,0.78
"VPB",135836,"/Date(1700809148000)/",19300,1500,6919000,133252000000,150,true,0.78
"VPB",135836,"/Date(1700809148000)/",19300,800,6917500,133223000000,150,true,0.78
"VPB",135833,"/Date(1700809147000)/",19300,500,6916700,133207000000,150,true,0.78
"VPB",135830,"/Date(1700809142000)/",19300,4400,6916200,133198000000,150,true,0.78
"VPB",135817,"/Date(1700809129000)/",19300,500,6911800,133113000000,150,true,0.78
"VPB",135801,"/Date(1700809115000)/",19300,9000,6911300,133103000000,150,true,0.78
"VPB",135758,"/Date(1700809111000)/",19300,500,6902300,132930000000,150,true,0.78
"VPB",135751,"/Date(1700809103000)/",19300,2800,6901800,132920000000,150,true,0.78
"VPB",135748,"/Date(1700809103000)/",19300,30000,6899000,132866000000,150,true,0.78
"VPB",135742,"/Date(1700809094000)/",19300,500,6869000,132287000000,150,true,0.78
"VPB",135726,"/Date(1700809078000)/",19300,1000,6868500,132277000000,150,true,0.78
"VPB",135723,"/Date(1700809076000)/",19300,500,6867500,132258000000,150,true,0.78
"VPB",135710,"/Date(1700809062000)/",19300,20000,6867000,132248000000,150,true,0.78
"VPB",135707,"/Date(1700809058000)/",19300,2900,6847000,131862000000,150,true,0.78
"VPB",135707,"/Date(1700809058000)/",19300,4100,6844100,131806000000,150,true,0.78
"VPB",135707,"/Date(1700809058000)/",19300,500,6840000,131727000000,150,true,0.78
"VPB",135700,"/Date(1700809054000)/",19300,17500,6839500,131717000000,150,true,0.78
"VPB",135700,"/Date(1700809054000)/",19300,1000,6822000,131380000000,150,true,0.78
"VPB",135700,"/Date(1700809054000)/",19300,20000,6821000,131360000000,150,true,0.78
"VPB",135700,"/Date(1700809054000)/",19300,4000,6801000,130974000000,150,true,0.78
"VPB",135700,"/Date(1700809054000)/",19300,50000,6797000,130897000000,150,true,0.78
"VPB",135700,"/Date(1700809054000)/",19300,6000,6747000,129932000000,150,true,0.78
"VPB",135700,"/Date(1700809054000)/",19300,1500,6741000,129816000000,150,true,0.78
"VPB",135647,"/Date(1700809040000)/",19300,500,6739500,129787000000,150,true,0.78
"VPB",135641,"/Date(1700809033000)/",19300,3400,6739000,129778000000,150,true,0.78
"VPB",135631,"/Date(1700809025000)/",19300,1000,6735600,129712000000,150,true,0.78
"VPB",135631,"/Date(1700809023000)/",19300,500,6734600,129693000000,150,true,0.78
"VPB",135628,"/Date(1700809020000)/",19300,100,6734100,129683000000,150,true,0.78
"VPB",135619,"/Date(1700809010000)/",19300,3200,6734000,129681000000,150,true,0.78
"VPB",135615,"/Date(1700809010000)/",19300,3700,6730800,129620000000,150,true,0.78
"VPB",135615,"/Date(1700809009000)/",19300,1000,6727100,129548000000,150,true,0.78
"VPB",135612,"/Date(1700809005000)/",19300,500,6726100,129529000000,150,true,0.78
"VPB",135553,"/Date(1700808987000)/",19300,4500,6725600,129519000000,150,true,0.78
"VPB",135553,"/Date(1700808987000)/",19300,500,6721100,129432000000,150,true,0.78
"VPB",135553,"/Date(1700808985000)/",19300,500,6720600,129423000000,150,true,0.78
"VPB",135544,"/Date(1700808976000)/",19350,10600,6720100,129413000000,200,false,1.04
"VPB",135544,"/Date(1700808976000)/",19350,2000,6709500,129208000000,200,false,1.04
"VPB",135544,"/Date(1700808976000)/",19350,1000,6707500,129169000000,200,false,1.04
"VPB",135544,"/Date(1700808976000)/",19350,800,6706500,129150000000,200,false,1.04
"VPB",135537,"/Date(1700808970000)/",19300,500,6705700,129134000000,150,true,0.78
"VPB",135534,"/Date(1700808968000)/",19300,300,6705200,129125000000,150,true,0.78
"VPB",135534,"/Date(1700808967000)/",19350,13500,6704900,129119000000,200,false,1.04
"VPB",135528,"/Date(1700808960000)/",19300,3000,6691400,128858000000,150,true,0.78
"VPB",135524,"/Date(1700808958000)/",19300,3700,6688400,128800000000,150,true,0.78
"VPB",135518,"/Date(1700808952000)/",19300,500,6684700,128728000000,150,true,0.78
"VPB",135515,"/Date(1700808947000)/",19300,8900,6684200,128719000000,150,true,0.78
"VPB",135515,"/Date(1700808947000)/",19300,41100,6675300,128547000000,150,true,0.78
"VPB",135515,"/Date(1700808946000)/",19300,500,6634200,127754000000,150,true,0.78
"VPB",135502,"/Date(1700808935000)/",19300,4600,6633700,127744000000,150,true,0.78
"VPB",135502,"/Date(1700808934000)/",19300,500,6629100,127655000000,150,true,0.78
"VPB",135459,"/Date(1700808932000)/",19300,200,6628600,127646000000,150,false,0.78
"VPB",135459,"/Date(1700808932000)/",19300,5000,6628400,127642000000,150,false,0.78
"VPB",135459,"/Date(1700808932000)/",19300,2000,6623400,127545000000,150,false,0.78
"VPB",135459,"/Date(1700808932000)/",19300,300,6621400,127507000000,150,false,0.78
"VPB",135459,"/Date(1700808932000)/",19300,200,6621100,127501000000,150,false,0.78
"VPB",135459,"/Date(1700808932000)/",19300,3000,6620900,127497000000,150,false,0.78
"VPB",135459,"/Date(1700808932000)/",19300,1000,6617900,127439000000,150,false,0.78
"VPB",135459,"/Date(1700808932000)/",19300,100,6616900,127420000000,150,false,0.78
"VPB",135459,"/Date(1700808932000)/",19300,1000,6616800,127418000000,150,false,0.78
"VPB",135459,"/Date(1700808932000)/",19300,2000,6615800,127399000000,150,false,0.78
"VPB",135459,"/Date(1700808932000)/",19300,38500,6613800,127360000000,150,false,0.78
"VPB",135452,"/Date(1700808925000)/",19300,11500,6575300,126617000000,150,false,0.78
"VPB",135452,"/Date(1700808925000)/",19300,5600,6563800,126395000000,150,false,0.78
"VPB",135452,"/Date(1700808925000)/",19300,1700,6558200,126287000000,150,false,0.78
"VPB",135452,"/Date(1700808925000)/",19300,2500,6556500,126254000000,150,false,0.78
"VPB",135452,"/Date(1700808925000)/",19300,25800,6554000,126206000000,150,false,0.78
"VPB",135452,"/Date(1700808925000)/",19300,2900,6528200,125708000000,150,false,0.78
"VPB",135443,"/Date(1700808916000)/",19250,500,6525300,125652000000,100,true,0.52
"VPB",135437,"/Date(1700808908000)/",19250,3200,6524800,125642000000,100,true,0.52
"VPB",135433,"/Date(1700808905000)/",19250,4700,6521600,125581000000,100,true,0.52
"VPB",135433,"/Date(1700808905000)/",19250,1000,6516900,125490000000,100,true,0.52
"VPB",135427,"/Date(1700808901000)/",19250,500,6515900,125471000000,100,true,0.52
"VPB",135427,"/Date(1700808899000)/",19250,500,6515400,125461000000,100,true,0.52
"VPB",135421,"/Date(1700808892000)/",19250,100,6514900,125452000000,100,true,0.52
"VPB",135414,"/Date(1700808886000)/",19250,11500,6514800,125450000000,100,true,0.52
"VPB",135414,"/Date(1700808886000)/",19250,88500,6503300,125229000000,100,true,0.52
"VPB",135414,"/Date(1700808886000)/",19250,10000,6414800,123525000000,100,true,0.52
"VPB",135411,"/Date(1700808883000)/",19250,1500,6404800,123332000000,100,true,0.52
"VPB",135411,"/Date(1700808883000)/",19250,500,6403300,123304000000,100,true,0.52
"VPB",135411,"/Date(1700808882000)/",19250,100,6402800,123294000000,100,true,0.52
"VPB",135408,"/Date(1700808881000)/",19250,500,6402700,123292000000,100,true,0.52
"VPB",135401,"/Date(1700808875000)/",19250,2900,6402200,123282000000,100,true,0.52
"VPB",135401,"/Date(1700808875000)/",19250,4000,6399300,123227000000,100,true,0.52
"VPB",135352,"/Date(1700808863000)/",19250,500,6395300,123150000000,100,true,0.52
"VPB",135342,"/Date(1700808855000)/",19250,2700,6394800,123140000000,100,true,0.52
"VPB",135342,"/Date(1700808855000)/",19250,400,6392100,123088000000,100,true,0.52
"VPB",135333,"/Date(1700808845000)/",19250,500,6391700,123080000000,100,true,0.52
"VPB",135320,"/Date(1700808831000)/",19250,8800,6391200,123071000000,100,true,0.52
"VPB",135317,"/Date(1700808829000)/",19250,300,6382400,122901000000,100,true,0.52
"VPB",135317,"/Date(1700808829000)/",19250,500,6382100,122895000000,100,true,0.52
"VPB",135317,"/Date(1700808829000)/",19250,800,6381600,122886000000,100,true,0.52
"VPB",135317,"/Date(1700808829000)/",19250,100,6380800,122870000000,100,true,0.52
"VPB",135317,"/Date(1700808829000)/",19250,1300,6380700,122868000000,100,true,0.52
"VPB",135317,"/Date(1700808828000)/",19250,500,6379400,122843000000,100,true,0.52
"VPB",135257,"/Date(1700808810000)/",19250,500,6378900,122834000000,100,true,0.52
"VPB",135254,"/Date(1700808806000)/",19250,2800,6378400,122824000000,100,true,0.52
"VPB",135251,"/Date(1700808803000)/",19250,10700,6375600,122770000000,100,true,0.52
"VPB",135251,"/Date(1700808803000)/",19250,39300,6364900,122564000000,100,true,0.52
"VPB",135251,"/Date(1700808803000)/",19250,2000,6325600,121808000000,100,true,0.52
"VPB",135241,"/Date(1700808794000)/",19250,500,6323600,121769000000,100,true,0.52
"VPB",135238,"/Date(1700808792000)/",19250,500,6323100,121760000000,100,true,0.52
"VPB",135238,"/Date(1700808792000)/",19250,1000,6322600,121750000000,100,true,0.52
"VPB",135232,"/Date(1700808784000)/",19250,700,6321600,121731000000,100,true,0.52
"VPB",135229,"/Date(1700808782000)/",19250,1100,6320900,121717000000,100,true,0.52
"VPB",135222,"/Date(1700808775000)/",19250,4900,6319800,121696000000,100,true,0.52
"VPB",135222,"/Date(1700808775000)/",19250,1300,6314900,121602000000,100,true,0.52
"VPB",135222,"/Date(1700808775000)/",19250,500,6313600,121577000000,100,true,0.52
"VPB",135216,"/Date(1700808769000)/",19250,200,6313100,121567000000,100,true,0.52
"VPB",135206,"/Date(1700808760000)/",19250,2700,6312900,121563000000,100,true,0.52
"VPB",135206,"/Date(1700808757000)/",19250,500,6310200,121511000000,100,true,0.52
"VPB",135203,"/Date(1700808756000)/",19250,2000,6309700,121502000000,100,true,0.52
"VPB",135147,"/Date(1700808739000)/",19250,500,6307700,121463000000,100,true,0.52
"VPB",135144,"/Date(1700808735000)/",19250,2300,6307200,121454000000,100,true,0.52
"VPB",135144,"/Date(1700808735000)/",19250,2600,6304900,121409000000,100,true,0.52
"VPB",135134,"/Date(1700808727000)/",19250,17000,6302300,121359000000,100,true,0.52
"VPB",135128,"/Date(1700808721000)/",19250,500,6285300,121032000000,100,true,0.52
"VPB",135124,"/Date(1700808717000)/",19250,300,6284800,121022000000,100,true,0.52
"VPB",135121,"/Date(1700808715000)/",19250,3000,6284500,121017000000,100,true,0.52
"VPB",135115,"/Date(1700808707000)/",19250,700,6281500,120959000000,100,true,0.52
"VPB",135112,"/Date(1700808704000)/",19250,4800,6280800,120945000000,100,true,0.52
"VPB",135112,"/Date(1700808704000)/",19250,500,6276000,120853000000,100,true,0.52
"VPB",135105,"/Date(1700808697000)/",19250,600,6275500,120843000000,100,true,0.52
"VPB",135105,"/Date(1700808697000)/",19250,100,6274900,120832000000,100,true,0.52
"VPB",135105,"/Date(1700808697000)/",19250,200,6274800,120830000000,100,true,0.52
"VPB",135105,"/Date(1700808697000)/",19250,100,6274600,120826000000,100,true,0.52
"VPB",135102,"/Date(1700808693000)/",19250,500,6274500,120824000000,100,true,0.52
"VPB",135052,"/Date(1700808686000)/",19250,400,6274000,120815000000,100,true,0.52
"VPB",135052,"/Date(1700808686000)/",19250,100,6273600,120807000000,100,true,0.52
"VPB",135046,"/Date(1700808678000)/",19250,500,6273500,120805000000,100,true,0.52
"VPB",135043,"/Date(1700808674000)/",19250,100,6273000,120795000000,100,true,0.52
"VPB",135043,"/Date(1700808674000)/",19250,8900,6272900,120793000000,100,true,0.52
"VPB",135036,"/Date(1700808668000)/",19250,500,6264000,120622000000,100,true,0.52
"VPB",135033,"/Date(1700808665000)/",19250,2700,6263500,120612000000,100,true,0.52
"VPB",135017,"/Date(1700808650000)/",19250,500,6260800,120560000000,100,true,0.52
"VPB",135014,"/Date(1700808648000)/",19250,500,6260300,120551000000,100,true,0.52
"VPB",135001,"/Date(1700808633000)/",19250,500,6259800,120541000000,100,true,0.52
"VPB",134952,"/Date(1700808625000)/",19250,35700,6259300,120532000000,100,true,0.52
"VPB",134952,"/Date(1700808625000)/",19250,500,6223600,119844000000,100,true,0.52
"VPB",134952,"/Date(1700808625000)/",19250,100,6223100,119835000000,100,true,0.52
"VPB",134952,"/Date(1700808625000)/",19250,200,6223000,119833000000,100,true,0.52
"VPB",134952,"/Date(1700808625000)/",19250,1000,6222800,119829000000,100,true,0.52
"VPB",134952,"/Date(1700808625000)/",19250,300,6221800,119810000000,100,true,0.52
"VPB",134952,"/Date(1700808625000)/",19250,2200,6221500,119804000000,100,true,0.52
"VPB",134949,"/Date(1700808622000)/",19250,2800,6219300,119762000000,100,true,0.52
"VPB",134949,"/Date(1700808621000)/",19300,300,6216500,119708000000,150,false,0.78
"VPB",134949,"/Date(1700808620000)/",19250,1000,6216200,119702000000,100,true,0.52
"VPB",134945,"/Date(1700808617000)/",19250,6200,6215200,119683000000,100,true,0.52
"VPB",134942,"/Date(1700808615000)/",19250,500,6209000,119563000000,100,true,0.52
"VPB",134942,"/Date(1700808614000)/",19250,1000,6208500,119554000000,100,true,0.52
"VPB",134939,"/Date(1700808611000)/",19250,2000,6207500,119534000000,100,true,0.52
"VPB",134936,"/Date(1700808609000)/",19250,4300,6205500,119496000000,100,true,0.52
"VPB",134936,"/Date(1700808609000)/",19250,100,6201200,119413000000,100,true,0.52
"VPB",134936,"/Date(1700808609000)/",19250,2500,6201100,119411000000,100,true,0.52
"VPB",134936,"/Date(1700808609000)/",19250,300,6198600,119363000000,100,true,0.52
"VPB",134936,"/Date(1700808609000)/",19250,600,6198300,119357000000,100,true,0.52
"VPB",134936,"/Date(1700808609000)/",19250,1000,6197700,119346000000,100,true,0.52
"VPB",134936,"/Date(1700808609000)/",19250,1000,6196700,119326000000,100,true,0.52
"VPB",134936,"/Date(1700808609000)/",19250,500,6195700,119307000000,100,true,0.52
"VPB",134936,"/Date(1700808609000)/",19250,100,6195200,119298000000,100,true,0.52
"VPB",134936,"/Date(1700808609000)/",19250,39600,6195100,119296000000,100,true,0.52
"VPB",134926,"/Date(1700808597000)/",19250,500,6155500,118533000000,100,true,0.52
"VPB",134920,"/Date(1700808593000)/",19250,10000,6155000,118524000000,100,true,0.52
"VPB",134913,"/Date(1700808584000)/",19250,3000,6145000,118331000000,100,true,0.52
"VPB",134907,"/Date(1700808579000)/",19250,5000,6142000,118273000000,100,true,0.52
"VPB",134907,"/Date(1700808579000)/",19250,500,6137000,118177000000,100,true,0.52
"VPB",134904,"/Date(1700808577000)/",19250,4700,6136500,118168000000,100,true,0.52
"VPB",134904,"/Date(1700808577000)/",19250,600,6131800,118077000000,100,true,0.52
"VPB",134904,"/Date(1700808575000)/",19250,3100,6131200,118066000000,100,true,0.52
"VPB",134854,"/Date(1700808566000)/",19250,33000,6128100,118006000000,100,true,0.52
"VPB",134854,"/Date(1700808566000)/",19250,100,6095100,117371000000,100,true,0.52
"VPB",134854,"/Date(1700808566000)/",19250,200,6095000,117369000000,100,true,0.52
"VPB",134854,"/Date(1700808566000)/",19250,100,6094800,117365000000,100,true,0.52
"VPB",134854,"/Date(1700808566000)/",19250,1500,6094700,117363000000,100,true,0.52
"VPB",134854,"/Date(1700808566000)/",19250,2000,6093200,117334000000,100,true,0.52
"VPB",134854,"/Date(1700808566000)/",19250,800,6091200,117296000000,100,true,0.52
"VPB",134854,"/Date(1700808566000)/",19250,300,6090400,117280000000,100,true,0.52
"VPB",134854,"/Date(1700808566000)/",19250,7500,6090100,117274000000,100,true,0.52
"VPB",134854,"/Date(1700808566000)/",19250,2000,6082600,117130000000,100,true,0.52
"VPB",134854,"/Date(1700808566000)/",19250,100,6080600,117092000000,100,true,0.52
"VPB",134854,"/Date(1700808566000)/",19250,300,6080500,117090000000,100,true,0.52
"VPB",134854,"/Date(1700808566000)/",19250,2100,6080200,117084000000,100,true,0.52
"VPB",134851,"/Date(1700808562000)/",19250,500,6078100,117043000000,100,true,0.52
"VPB",134845,"/Date(1700808557000)/",19250,10000,6077600,117034000000,100,true,0.52
"VPB",134835,"/Date(1700808548000)/",19300,10000,6067600,116841000000,150,true,0.78
"VPB",134835,"/Date(1700808548000)/",19300,100,6057600,116648000000,150,true,0.78
"VPB",134835,"/Date(1700808548000)/",19300,500,6057500,116646000000,150,true,0.78
"VPB",134835,"/Date(1700808548000)/",19300,200,6057000,116637000000,150,true,0.78
"VPB",134835,"/Date(1700808548000)/",19300,50000,6056800,116633000000,150,true,0.78
"VPB",134835,"/Date(1700808548000)/",19300,500,6006800,115668000000,150,true,0.78
"VPB",134835,"/Date(1700808548000)/",19300,500,6006300,115658000000,150,true,0.78
"VPB",134835,"/Date(1700808548000)/",19300,1700,6005800,115649000000,150,true,0.78
"VPB",134835,"/Date(1700808548000)/",19300,200,6004100,115616000000,150,true,0.78
"VPB",134835,"/Date(1700808548000)/",19300,5000,6003900,115612000000,150,true,0.78
"VPB",134835,"/Date(1700808548000)/",19300,2000,5998900,115515000000,150,true,0.78
"VPB",134835,"/Date(1700808548000)/",19300,300,5996900,115477000000,150,true,0.78
"VPB",134835,"/Date(1700808548000)/",19300,300,5996600,115471000000,150,true,0.78
"VPB",134835,"/Date(1700808548000)/",19300,100,5996300,115465000000,150,true,0.78
"VPB",134835,"/Date(1700808548000)/",19300,500,5996200,115463000000,150,true,0.78
"VPB",134835,"/Date(1700808548000)/",19300,5000,5995700,115454000000,150,true,0.78
"VPB",134835,"/Date(1700808548000)/",19300,19900,5990700,115357000000,150,true,0.78
"VPB",134835,"/Date(1700808547000)/",19300,12900,5970800,114973000000,150,true,0.78
"VPB",134832,"/Date(1700808544000)/",19300,17200,5957900,114724000000,150,true,0.78
"VPB",134832,"/Date(1700808544000)/",19300,25000,5940700,114392000000,150,true,0.78
"VPB",134832,"/Date(1700808544000)/",19300,800,5915700,113910000000,150,true,0.78
"VPB",134832,"/Date(1700808544000)/",19300,100,5914900,113894000000,150,true,0.78
"VPB",134832,"/Date(1700808544000)/",19300,6900,5914800,113892000000,150,true,0.78
"VPB",134832,"/Date(1700808544000)/",19300,500,5907900,113759000000,150,true,0.78
"VPB",134832,"/Date(1700808543000)/",19300,1300,5907400,113749000000,150,true,0.78
"VPB",134829,"/Date(1700808541000)/",19300,500,5906100,113724000000,150,true,0.78
"VPB",134829,"/Date(1700808540000)/",19300,1000,5905600,113715000000,150,true,0.78
"VPB",134825,"/Date(1700808536000)/",19300,9800,5904600,113695000000,150,true,0.78
"VPB",134825,"/Date(1700808536000)/",19300,500,5894800,113506000000,150,true,0.78
"VPB",134825,"/Date(1700808536000)/",19300,1000,5894300,113497000000,150,true,0.78
"VPB",134825,"/Date(1700808536000)/",19300,2500,5893300,113477000000,150,true,0.78
"VPB",134825,"/Date(1700808536000)/",19300,3300,5890800,113429000000,150,true,0.78
"VPB",134825,"/Date(1700808536000)/",19300,1000,5887500,113365000000,150,true,0.78
"VPB",134825,"/Date(1700808536000)/",19300,1900,5886500,113346000000,150,true,0.78
"VPB",134813,"/Date(1700808526000)/",19300,500,5884600,113309000000,150,true,0.78
"VPB",134813,"/Date(1700808526000)/",19300,2700,5884100,113300000000,150,true,0.78
"VPB",134813,"/Date(1700808525000)/",19300,2700,5881400,113248000000,150,true,0.78
"VPB",134809,"/Date(1700808520000)/",19300,1000,5878700,113196000000,150,true,0.78
"VPB",134757,"/Date(1700808509000)/",19300,500,5877700,113176000000,150,true,0.78
"VPB",134757,"/Date(1700808508000)/",19300,1000,5877200,113167000000,150,true,0.78
"VPB",134750,"/Date(1700808503000)/",19300,2000,5876200,113147000000,150,true,0.78
"VPB",134737,"/Date(1700808491000)/",19300,500,5874200,113109000000,150,true,0.78
"VPB",134728,"/Date(1700808481000)/",19350,2000,5873700,113099000000,200,false,1.04
"VPB",134728,"/Date(1700808480000)/",19300,3000,5871700,113060000000,150,true,0.78
"VPB",134721,"/Date(1700808473000)/",19300,100,5868700,113002000000,150,true,0.78
"VPB",134721,"/Date(1700808473000)/",19300,500,5868600,113000000000,150,true,0.78
"VPB",134712,"/Date(1700808465000)/",19300,3100,5868100,112991000000,150,true,0.78
"VPB",134702,"/Date(1700808455000)/",19300,500,5865000,112931000000,150,true,0.78
"VPB",134656,"/Date(1700808449000)/",19350,33700,5864500,112921000000,200,true,1.04
"VPB",134656,"/Date(1700808449000)/",19350,1000,5830800,112269000000,200,true,1.04
"VPB",134656,"/Date(1700808449000)/",19350,15300,5829800,112250000000,200,true,1.04
"VPB",134656,"/Date(1700808449000)/",19350,2000,5814500,111954000000,200,true,1.04
"VPB",134656,"/Date(1700808449000)/",19350,32700,5812500,111915000000,200,true,1.04
"VPB",134653,"/Date(1700808445000)/",19350,3300,5779800,111282000000,200,true,1.04
"VPB",134649,"/Date(1700808441000)/",19350,14000,5776500,111219000000,200,true,1.04
"VPB",134649,"/Date(1700808441000)/",19350,200,5762500,110948000000,200,true,1.04
"VPB",134649,"/Date(1700808441000)/",19350,6900,5762300,110944000000,200,true,1.04
"VPB",134646,"/Date(1700808438000)/",19350,500,5755400,110810000000,200,true,1.04
"VPB",134646,"/Date(1700808438000)/",19350,1000,5754900,110801000000,200,true,1.04
"VPB",134640,"/Date(1700808432000)/",19350,2700,5753900,110781000000,200,true,1.04
"VPB",134633,"/Date(1700808425000)/",19350,2900,5751200,110729000000,200,true,1.04
"VPB",134627,"/Date(1700808420000)/",19350,500,5748300,110673000000,200,true,1.04
"VPB",134627,"/Date(1700808417000)/",19350,1000,5747800,110663000000,200,true,1.04
"VPB",134614,"/Date(1700808406000)/",19350,3100,5746800,110644000000,200,true,1.04
"VPB",134611,"/Date(1700808402000)/",19350,500,5743700,110584000000,200,true,1.04
"VPB",134555,"/Date(1700808387000)/",19350,3800,5743200,110574000000,200,true,1.04
"VPB",134555,"/Date(1700808387000)/",19350,3200,5739400,110501000000,200,true,1.04
"VPB",134552,"/Date(1700808384000)/",19350,500,5736200,110439000000,200,true,1.04
"VPB",134545,"/Date(1700808376000)/",19350,500,5735700,110429000000,200,true,1.04
"VPB",134542,"/Date(1700808374000)/",19350,500,5735200,110419000000,200,true,1.04
"VPB",134539,"/Date(1700808371000)/",19350,1000,5734700,110410000000,200,true,1.04
"VPB",134536,"/Date(1700808367000)/",19350,500,5733700,110390000000,200,true,1.04
"VPB",134529,"/Date(1700808362000)/",19350,3800,5733200,110381000000,200,true,1.04
"VPB",134523,"/Date(1700808356000)/",19350,1000,5729400,110307000000,200,true,1.04
"VPB",134523,"/Date(1700808355000)/",19350,100,5728400,110288000000,200,true,1.04
"VPB",134523,"/Date(1700808354000)/",19350,10900,5728300,110286000000,200,true,1.04
"VPB",134517,"/Date(1700808349000)/",19350,500,5717400,110075000000,200,true,1.04
"VPB",134514,"/Date(1700808345000)/",19350,4600,5716900,110065000000,200,true,1.04
"VPB",134514,"/Date(1700808345000)/",19350,1000,5712300,109976000000,200,true,1.04
"VPB",134514,"/Date(1700808345000)/",19350,100,5711300,109957000000,200,true,1.04
"VPB",134514,"/Date(1700808345000)/",19350,300,5711200,109955000000,200,true,1.04
"VPB",134507,"/Date(1700808338000)/",19350,700,5710900,109949000000,200,true,1.04
"VPB",134507,"/Date(1700808338000)/",19350,3500,5710200,109936000000,200,true,1.04
"VPB",134504,"/Date(1700808335000)/",19350,3100,5706700,109868000000,200,true,1.04
"VPB",134501,"/Date(1700808331000)/",19350,500,5703600,109808000000,200,true,1.04
"VPB",134445,"/Date(1700808317000)/",19350,100,5703100,109798000000,200,true,1.04
"VPB",134442,"/Date(1700808314000)/",19350,500,5703000,109796000000,200,true,1.04
"VPB",134438,"/Date(1700808311000)/",19350,11100,5702500,109787000000,200,true,1.04
"VPB",134435,"/Date(1700808308000)/",19350,500,5691400,109572000000,200,true,1.04
"VPB",134435,"/Date(1700808308000)/",19350,200,5690900,109562000000,200,true,1.04
"VPB",134426,"/Date(1700808296000)/",19350,500,5690700,109558000000,200,true,1.04
"VPB",134413,"/Date(1700808284000)/",19350,3300,5690200,109549000000,200,true,1.04
"VPB",134407,"/Date(1700808278000)/",19350,500,5686900,109485000000,200,true,1.04
"VPB",134403,"/Date(1700808274000)/",19350,600,5686400,109475000000,200,true,1.04
"VPB",134347,"/Date(1700808260000)/",19350,500,5685800,109464000000,200,true,1.04
"VPB",134347,"/Date(1700808258000)/",19350,100,5685300,109454000000,200,true,1.04
"VPB",134341,"/Date(1700808253000)/",19400,200,5685200,109452000000,250,false,1.31
"VPB",134332,"/Date(1700808243000)/",19350,500,5685000,109448000000,200,true,1.04
"VPB",134328,"/Date(1700808241000)/",19350,10100,5684500,109438000000,200,true,1.04
"VPB",134322,"/Date(1700808235000)/",19350,2200,5674400,109243000000,200,true,1.04
"VPB",134319,"/Date(1700808230000)/",19350,2700,5672200,109200000000,200,true,1.04
"VPB",134319,"/Date(1700808229000)/",19350,100,5669500,109148000000,200,true,1.04
"VPB",134312,"/Date(1700808225000)/",19350,600,5669400,109146000000,200,true,1.04
"VPB",134300,"/Date(1700808211000)/",19350,5000,5668800,109135000000,200,true,1.04
"VPB",134256,"/Date(1700808208000)/",19350,100,5663800,109038000000,200,true,1.04
"VPB",134256,"/Date(1700808207000)/",19350,500,5663700,109036000000,200,true,1.04
"VPB",134253,"/Date(1700808205000)/",19350,1000,5663200,109026000000,200,true,1.04
"VPB",134250,"/Date(1700808201000)/",19350,100,5662200,109007000000,200,true,1.04
"VPB",134237,"/Date(1700808189000)/",19350,500,5662100,109005000000,200,true,1.04
"VPB",134234,"/Date(1700808185000)/",19350,1700,5661600,108995000000,200,true,1.04
"VPB",134234,"/Date(1700808185000)/",19350,500,5659900,108962000000,200,true,1.04
"VPB",134234,"/Date(1700808185000)/",19350,1000,5659400,108953000000,200,true,1.04
"VPB",134224,"/Date(1700808176000)/",19350,6200,5658400,108933000000,200,true,1.04
"VPB",134221,"/Date(1700808172000)/",19350,500,5652200,108813000000,200,true,1.04
"VPB",134205,"/Date(1700808156000)/",19350,300,5651700,108804000000,200,true,1.04
"VPB",134205,"/Date(1700808156000)/",19350,200,5651400,108798000000,200,true,1.04
"VPB",134202,"/Date(1700808154000)/",19350,100,5651200,108794000000,200,true,1.04
"VPB",134202,"/Date(1700808154000)/",19350,400,5651100,108792000000,200,true,1.04
"VPB",134156,"/Date(1700808148000)/",19350,5000,5650700,108784000000,200,true,1.04
"VPB",134149,"/Date(1700808140000)/",19350,1000,5645700,108688000000,200,true,1.04
"VPB",134146,"/Date(1700808137000)/",19350,3400,5644700,108668000000,200,true,1.04
"VPB",134143,"/Date(1700808136000)/",19350,500,5641300,108602000000,200,true,1.04
"VPB",134143,"/Date(1700808133000)/",19350,2800,5640800,108593000000,200,true,1.04
"VPB",134130,"/Date(1700808120000)/",19350,10000,5638000,108539000000,200,true,1.04
"VPB",134127,"/Date(1700808119000)/",19350,500,5628000,108345000000,200,true,1.04
"VPB",134124,"/Date(1700808115000)/",19350,1000,5627500,108335000000,200,true,1.04
"VPB",134124,"/Date(1700808115000)/",19350,3100,5626500,108316000000,200,true,1.04
"VPB",134117,"/Date(1700808108000)/",19350,1000,5623400,108256000000,200,true,1.04
"VPB",134111,"/Date(1700808101000)/",19350,500,5622400,108237000000,200,true,1.04
"VPB",134108,"/Date(1700808100000)/",19350,100,5621900,108227000000,200,true,1.04
"VPB",134105,"/Date(1700808095000)/",19350,700,5621800,108225000000,200,true,1.04
"VPB",134105,"/Date(1700808095000)/",19350,5500,5621100,108212000000,200,true,1.04
"VPB",134101,"/Date(1700808092000)/",19350,2000,5615600,108105000000,200,true,1.04
"VPB",134055,"/Date(1700808087000)/",19350,3300,5613600,108066000000,200,true,1.04
"VPB",134052,"/Date(1700808083000)/",19350,500,5610300,108003000000,200,true,1.04
"VPB",134033,"/Date(1700808065000)/",19350,500,5609800,107993000000,200,true,1.04
"VPB",134026,"/Date(1700808057000)/",19350,3000,5609300,107983000000,200,true,1.04
"VPB",134023,"/Date(1700808055000)/",19350,5000,5606300,107925000000,200,true,1.04
"VPB",134017,"/Date(1700808048000)/",19350,500,5601300,107828000000,200,true,1.04
"VPB",134001,"/Date(1700808032000)/",19350,3100,5600800,107819000000,200,true,1.04
"VPB",133958,"/Date(1700808030000)/",19350,500,5597700,107759000000,200,true,1.04
"VPB",133951,"/Date(1700808024000)/",19350,8200,5597200,107749000000,200,true,1.04
"VPB",133942,"/Date(1700808012000)/",19350,500,5589000,107590000000,200,true,1.04
"VPB",133939,"/Date(1700808009000)/",19350,3000,5588500,107581000000,200,true,1.04
"VPB",133929,"/Date(1700808000000)/",19350,14400,5585500,107523000000,200,true,1.04
"VPB",133929,"/Date(1700808000000)/",19350,1600,5571100,107244000000,200,true,1.04
"VPB",133923,"/Date(1700807994000)/",19350,500,5569500,107213000000,200,true,1.04
"VPB",133910,"/Date(1700807981000)/",19350,2700,5569000,107203000000,200,true,1.04
"VPB",133907,"/Date(1700807977000)/",19350,500,5566300,107151000000,200,true,1.04
"VPB",133900,"/Date(1700807971000)/",19350,4700,5565800,107142000000,200,true,1.04
"VPB",133900,"/Date(1700807971000)/",19350,500,5561100,107051000000,200,true,1.04
"VPB",133900,"/Date(1700807971000)/",19350,1600,5560600,107041000000,200,true,1.04
"VPB",133900,"/Date(1700807970000)/",19350,1000,5559000,107010000000,200,true,1.04
"VPB",133857,"/Date(1700807970000)/",19350,500,5558000,106991000000,200,true,1.04
"VPB",133847,"/Date(1700807959000)/",19350,500,5557500,106981000000,200,true,1.04
"VPB",133844,"/Date(1700807955000)/",19350,6400,5557000,106971000000,200,true,1.04
"VPB",133844,"/Date(1700807955000)/",19350,3600,5550600,106847000000,200,true,1.04
"VPB",133838,"/Date(1700807950000)/",19350,1000,5547000,106778000000,200,true,1.04
"VPB",133828,"/Date(1700807941000)/",19350,500,5546000,106758000000,200,true,1.04
"VPB",133825,"/Date(1700807938000)/",19350,2800,5545500,106749000000,200,true,1.04
"VPB",133812,"/Date(1700807924000)/",19350,500,5542700,106695000000,200,true,1.04
"VPB",133812,"/Date(1700807923000)/",19350,100,5542200,106685000000,200,true,1.04
"VPB",133806,"/Date(1700807919000)/",19350,100,5542100,106683000000,200,false,1.04
"VPB",133806,"/Date(1700807916000)/",19350,900,5542000,106681000000,200,false,1.04
"VPB",133806,"/Date(1700807916000)/",19350,3000,5541100,106664000000,200,false,1.04
"VPB",133806,"/Date(1700807916000)/",19350,2700,5538100,106606000000,200,false,1.04
"VPB",133806,"/Date(1700807916000)/",19350,1800,5535400,106553000000,200,false,1.04
"VPB",133806,"/Date(1700807916000)/",19350,100,5533600,106518000000,200,false,1.04
"VPB",133806,"/Date(1700807916000)/",19350,1400,5533500,106516000000,200,false,1.04
"VPB",133806,"/Date(1700807916000)/",19350,1500,5532100,106489000000,200,false,1.04
"VPB",133803,"/Date(1700807914000)/",19350,2500,5530600,106460000000,200,false,1.04
"VPB",133803,"/Date(1700807914000)/",19350,9000,5528100,106412000000,200,false,1.04
"VPB",133753,"/Date(1700807906000)/",19300,500,5519100,106238000000,150,true,0.78
"VPB",133747,"/Date(1700807899000)/",19350,11000,5518600,106228000000,200,false,1.04
"VPB",133747,"/Date(1700807899000)/",19350,500,5507600,106015000000,200,false,1.04
"VPB",133737,"/Date(1700807888000)/",19300,500,5507100,106006000000,150,true,0.78
"VPB",133731,"/Date(1700807882000)/",19350,11500,5506600,105996000000,200,false,1.04
"VPB",133731,"/Date(1700807881000)/",19350,1600,5495100,105774000000,200,false,1.04
"VPB",133731,"/Date(1700807881000)/",19350,400,5493500,105743000000,200,false,1.04
"VPB",133718,"/Date(1700807870000)/",19350,500,5493100,105735000000,200,true,1.04
"VPB",133718,"/Date(1700807868000)/",19350,100,5492600,105725000000,200,true,1.04
"VPB",133715,"/Date(1700807867000)/",19400,11500,5492500,105723000000,250,false,1.31
"VPB",133712,"/Date(1700807862000)/",19300,1900,5481000,105500000000,150,true,0.78
"VPB",133702,"/Date(1700807853000)/",19300,500,5479100,105463000000,150,true,0.78
"VPB",133659,"/Date(1700807850000)/",19400,2100,5478600,105454000000,250,false,1.31
"VPB",133659,"/Date(1700807850000)/",19350,3200,5476500,105413000000,200,false,1.04
"VPB",133659,"/Date(1700807850000)/",19350,500,5473300,105351000000,200,false,1.04
"VPB",133659,"/Date(1700807850000)/",19350,400,5472800,105341000000,200,false,1.04
"VPB",133659,"/Date(1700807850000)/",19350,1000,5472400,105334000000,200,false,1.04
"VPB",133659,"/Date(1700807850000)/",19350,600,5471400,105314000000,200,false,1.04
"VPB",133659,"/Date(1700807850000)/",19350,300,5470800,105303000000,200,false,1.04
"VPB",133659,"/Date(1700807850000)/",19350,3000,5470500,105297000000,200,false,1.04
"VPB",133659,"/Date(1700807850000)/",19350,400,5467500,105239000000,200,false,1.04
"VPB",133659,"/Date(1700807850000)/",19300,2200,5467100,105231000000,150,true,0.78
"VPB",133646,"/Date(1700807839000)/",19350,9600,5464900,105189000000,200,false,1.04
"VPB",133646,"/Date(1700807839000)/",19350,3400,5455300,105003000000,200,false,1.04
"VPB",133646,"/Date(1700807839000)/",19350,1000,5451900,104937000000,200,false,1.04
"VPB",133646,"/Date(1700807839000)/",19350,200,5450900,104918000000,200,false,1.04
"VPB",133646,"/Date(1700807839000)/",19350,2100,5450700,104914000000,200,false,1.04
"VPB",133646,"/Date(1700807839000)/",19350,2900,5448600,104873000000,200,false,1.04
"VPB",133643,"/Date(1700807836000)/",19300,2500,5445700,104817000000,150,true,0.78
"VPB",133643,"/Date(1700807835000)/",19300,500,5443200,104769000000,150,true,0.78
"VPB",133627,"/Date(1700807820000)/",19300,1900,5442700,104759000000,150,true,0.78
"VPB",133627,"/Date(1700807817000)/",19300,500,5440800,104723000000,150,true,0.78
"VPB",133618,"/Date(1700807807000)/",19300,3500,5440300,104713000000,150,true,0.78
"VPB",133608,"/Date(1700807799000)/",19300,500,5436800,104645000000,150,true,0.78
"VPB",133605,"/Date(1700807796000)/",19300,2800,5436300,104636000000,150,true,0.78
"VPB",133555,"/Date(1700807785000)/",19300,2500,5433500,104582000000,150,true,0.78
"VPB",133552,"/Date(1700807782000)/",19300,500,5431000,104533000000,150,true,0.78
"VPB",133546,"/Date(1700807777000)/",19350,400,5430500,104524000000,200,false,1.04
"VPB",133546,"/Date(1700807777000)/",19350,3300,5430100,104516000000,200,false,1.04
"VPB",133546,"/Date(1700807777000)/",19350,1000,5426800,104452000000,200,false,1.04
"VPB",133546,"/Date(1700807777000)/",19350,100,5425800,104433000000,200,false,1.04
"VPB",133533,"/Date(1700807764000)/",19300,500,5425700,104431000000,150,true,0.78
"VPB",133514,"/Date(1700807746000)/",19300,500,5425200,104421000000,150,true,0.78
"VPB",133514,"/Date(1700807743000)/",19350,500,5424700,104412000000,200,false,1.04
"VPB",133514,"/Date(1700807743000)/",19350,1800,5424200,104402000000,200,false,1.04
"VPB",133514,"/Date(1700807743000)/",19350,1000,5422400,104367000000,200,false,1.04
"VPB",133514,"/Date(1700807743000)/",19350,100,5421400,104348000000,200,false,1.04
"VPB",133514,"/Date(1700807743000)/",19350,5000,5421300,104346000000,200,false,1.04
"VPB",133514,"/Date(1700807743000)/",19350,1500,5416300,104249000000,200,false,1.04
"VPB",133514,"/Date(1700807743000)/",19350,100,5414800,104220000000,200,false,1.04
"VPB",133458,"/Date(1700807729000)/",19300,500,5414700,104218000000,150,true,0.78
"VPB",133451,"/Date(1700807722000)/",19350,1900,5414200,104208000000,200,true,1.04
"VPB",133445,"/Date(1700807717000)/",19350,1000,5412300,104172000000,200,true,1.04
"VPB",133445,"/Date(1700807715000)/",19350,2700,5411300,104152000000,200,true,1.04
"VPB",133442,"/Date(1700807713000)/",19350,11500,5408600,104100000000,200,true,1.04
"VPB",133439,"/Date(1700807711000)/",19350,500,5397100,103878000000,200,true,1.04
"VPB",133435,"/Date(1700807708000)/",19350,400,5396600,103868000000,200,true,1.04
"VPB",133435,"/Date(1700807708000)/",19350,1600,5396200,103860000000,200,true,1.04
"VPB",133432,"/Date(1700807702000)/",19350,1000,5394600,103829000000,200,true,1.04
"VPB",133429,"/Date(1700807698000)/",19350,4000,5393600,103810000000,200,true,1.04
"VPB",133426,"/Date(1700807696000)/",19350,3200,5389600,103732000000,200,true,1.04
"VPB",133423,"/Date(1700807693000)/",19350,500,5386400,103671000000,200,true,1.04
"VPB",133419,"/Date(1700807691000)/",19350,100,5385900,103661000000,200,false,1.04
"VPB",133419,"/Date(1700807691000)/",19350,100,5385800,103659000000,200,false,1.04
"VPB",133419,"/Date(1700807691000)/",19350,200,5385700,103657000000,200,false,1.04
"VPB",133419,"/Date(1700807691000)/",19350,4700,5385500,103653000000,200,false,1.04
"VPB",133419,"/Date(1700807691000)/",19350,1000,5380800,103562000000,200,false,1.04
"VPB",133419,"/Date(1700807691000)/",19350,1600,5379800,103543000000,200,false,1.04
"VPB",133404,"/Date(1700807676000)/",19350,3400,5378200,103512000000,200,true,1.04
"VPB",133404,"/Date(1700807675000)/",19350,500,5374800,103446000000,200,true,1.04
"VPB",133404,"/Date(1700807675000)/",19350,1000,5374300,103436000000,200,true,1.04
"VPB",133400,"/Date(1700807672000)/",19350,1900,5373300,103417000000,200,true,1.04
"VPB",133400,"/Date(1700807671000)/",19350,1000,5371400,103380000000,200,true,1.04
"VPB",133400,"/Date(1700807671000)/",19350,1000,5370400,103361000000,200,true,1.04
"VPB",133357,"/Date(1700807668000)/",19350,200,5369400,103342000000,200,true,1.04
"VPB",133357,"/Date(1700807668000)/",19350,10000,5369200,103338000000,200,true,1.04
"VPB",133354,"/Date(1700807666000)/",19350,15200,5359200,103144000000,200,true,1.04
"VPB",133351,"/Date(1700807663000)/",19350,1400,5344000,102850000000,200,true,1.04
"VPB",133351,"/Date(1700807660000)/",19350,2500,5342600,102823000000,200,true,1.04
"VPB",133348,"/Date(1700807660000)/",19350,100,5340100,102775000000,200,true,1.04
"VPB",133348,"/Date(1700807658000)/",19350,500,5340000,102773000000,200,true,1.04
"VPB",133344,"/Date(1700807654000)/",19350,1500,5339500,102763000000,200,true,1.04
