"price","change","match_qtty","side","time","total_vol"
20.6,1.8,79100,"","14:45:01",532400
20.5,1.7,600,"sd","14:29:58",453300
20.5,1.7,4700,"bu","14:29:50",452700
20.5,1.7,100,"bu","14:29:45",448000
20.5,1.7,1600,"bu","14:29:39",447900
20.5,1.7,3900,"bu","14:29:38",446300
20.5,1.7,1000,"bu","14:29:34",442400
20.4,1.6,100,"sd","14:29:33",441400
20.5,1.7,300,"bu","14:29:32",441300
20.5,1.7,900,"bu","14:29:29",441000
20.4,1.6,1100,"sd","14:29:28",440100
20.5,1.7,300,"bu","14:29:26",439000
20.4,1.6,200,"sd","14:29:11",438700
20.4,1.6,1400,"sd","14:29:10",438500
20.4,1.6,500,"bu","14:29:09",437100
20.4,1.6,4700,"bu","14:28:57",436600
20.4,1.6,10000,"bu","14:28:50",431900
20.4,1.6,1000,"bu","14:28:42",421900
20.3,1.5,1000,"sd","14:28:34",420900
20.4,1.6,3600,"bu","14:28:26",419900
20.3,1.5,100,"sd","14:28:06",416300
20.2,1.4,700,"sd","14:27:56",416200
20.2,1.4,5000,"sd","14:27:42",415500
20.3,1.5,4000,"sd","14:27:35",410500
20.3,1.5,300,"bu","14:27:31",406500
20.3,1.5,400,"sd","14:27:30",406200
20.3,1.5,1500,"bu","14:27:23",405800
20.3,1.5,700,"bu","14:27:21",404300
20.3,1.5,5000,"bu","14:27:15",403600
20.2,1.4,100,"sd","14:27:12",398600
20.2,1.4,1700,"sd","14:26:44",398500
20.2,1.4,5100,"sd","14:26:17",396800
20.2,1.4,500,"bu","14:26:09",391700
20.2,1.4,100,"bu","14:26:05",391200
20.2,1.4,100,"bu","14:26:00",391100
20.2,1.4,2100,"bu","14:25:59",391000
20.2,1.4,2000,"bu","14:25:53",388900
20.2,1.4,300,"bu","14:25:41",386900
20.1,1.3,4300,"bu","14:25:18",386600
20,1.2,5000,"sd","14:25:07",382300
20,1.2,500,"sd","14:24:57",377300
20,1.2,2000,"sd","14:24:52",376800
20.1,1.3,100,"bu","14:24:45",374800
20,1.2,100,"sd","14:24:32",374700
20,1.2,1000,"bu","14:24:29",374600
20,1.2,500,"sd","14:24:25",373600
20,1.2,700,"sd","14:24:08",373100
20,1.2,52300,"sd","14:23:49",372400
19.8,1,1000,"bu","14:23:48",320100
19.8,1,1000,"bu","14:23:35",319100
19.8,1,7000,"bu","14:22:51",318100
19.7,0.9,100,"bu","14:22:33",311100
19.7,0.9,2500,"bu","14:22:00",311000
19.7,0.9,5000,"bu","14:21:54",308500
19.7,0.9,4200,"bu","14:21:48",303500
19.7,0.9,1000,"bu","14:21:21",299300
19.7,0.9,100,"bu","14:19:22",298300
19.6,0.8,1000,"bu","14:18:48",298200
19.6,0.8,100,"bu","14:17:51",297200
19.5,0.7,200,"sd","14:16:05",297100
19.5,0.7,3000,"sd","14:13:30",296900
19.6,0.8,1500,"bu","14:12:56",293900
19.5,0.7,1000,"sd","14:12:25",292400
19.6,0.8,100,"bu","14:12:21",291400
19.5,0.7,1000,"sd","14:11:27",291300
19.6,0.8,100,"bu","14:11:02",290300
19.5,0.7,1000,"sd","14:10:32",290200
19.6,0.8,3600,"sd","14:08:33",289200
19.6,0.8,300,"sd","14:08:21",285600
19.6,0.8,100,"sd","14:07:39",285300
19.6,0.8,500,"sd","14:07:27",285200
19.6,0.8,400,"sd","14:07:25",284700
19.6,0.8,500,"sd","14:06:11",284300
19.6,0.8,200,"sd","14:04:33",283800
19.6,0.8,100,"sd","14:04:24",283600
19.6,0.8,2000,"sd","14:01:58",283500
19.6,0.8,400,"sd","13:57:57",281500
19.6,0.8,7000,"sd","13:56:43",281100
19.7,0.9,1000,"bu","13:55:51",274100
19.7,0.9,100,"bu","13:54:00",273100
19.6,0.8,900,"sd","13:51:21",273000
19.6,0.8,3500,"sd","13:50:48",272100
19.6,0.8,1700,"sd","13:50:09",268600
19.6,0.8,1000,"sd","13:49:52",266900
19.6,0.8,100,"sd","13:49:31",265900
19.6,0.8,100,"sd","13:49:24",265800
19.6,0.8,1000,"sd","13:49:18",265700
19.6,0.8,500,"sd","13:47:43",264700
19.6,0.8,2000,"sd","13:47:16",264200
19.6,0.8,200,"sd","13:46:12",262200
19.6,0.8,100,"sd","13:44:49",262000
19.6,0.8,2000,"sd","13:44:38",261900
19.6,0.8,400,"sd","13:44:12",259900
19.6,0.8,2000,"sd","13:42:56",259500
19.7,0.9,1000,"bu","13:42:05",257500
19.7,0.9,1200,"sd","13:38:54",256500
19.7,0.9,500,"sd","13:38:52",255300
19.7,0.9,4800,"sd","13:38:23",254800
19.7,0.9,100,"sd","13:38:16",250000
19.7,0.9,700,"sd","13:38:06",249900
19.7,0.9,300,"sd","13:37:09",249200
19.7,0.9,100,"sd","13:34:35",248900
19.7,0.9,2500,"bu","13:31:37",248800
19.7,0.9,100,"bu","13:30:28",246300
19.7,0.9,200,"bu","13:27:46",246200
19.6,0.8,800,"sd","13:24:46",246000
19.7,0.9,300,"sd","13:23:14",245200
19.7,0.9,1000,"sd","13:22:52",244900
19.8,1,300,"bu","13:21:10",243900
19.8,1,1400,"bu","13:21:00",243600
19.8,1,4000,"bu","13:19:31",242200
19.7,0.9,2700,"bu","13:18:53",238200
19.7,0.9,100,"bu","13:18:37",235500
19.7,0.9,300,"bu","13:13:59",235400
19.7,0.9,300,"","13:13:02",235100
19.6,0.8,100,"","13:12:42",234800
19.6,0.8,1000,"","13:12:22",234700
19.7,0.9,300,"bu","13:11:32",233700
19.7,0.9,100,"bu","13:11:28",233400
19.7,0.9,500,"bu","13:11:17",233300
19.7,0.9,700,"bu","13:11:15",232800
19.6,0.8,100,"sd","13:11:00",232100
19.7,0.9,600,"bu","13:10:32",232000
19.7,0.9,1600,"bu","13:08:32",231400
19.6,0.8,600,"bu","13:08:04",229800
19.6,0.8,2000,"bu","13:07:50",229200
19.5,0.7,500,"sd","13:06:50",227200
19.6,0.8,4400,"bu","13:04:07",226700
19.6,0.8,1100,"sd","13:03:50",222300
19.7,0.9,13900,"sd","13:03:13",221200
19.8,1,2000,"bu","13:01:12",207300
19.8,1,9000,"sd","13:00:20",205300
19.9,1.1,300,"bu","13:00:05",196300
19.9,1.1,5000,"bu","11:29:39",196000
19.8,1,500,"bu","11:29:01",191000
19.8,1,1000,"bu","11:21:32",190500
19.7,0.9,200,"sd","11:20:53",189500
19.8,1,200,"bu","11:20:43",189300
19.8,1,2000,"bu","11:17:10",189100
19.8,1,300,"sd","11:17:00",187100
19.8,1,2000,"sd","11:16:32",186800
19.8,1,600,"sd","11:13:12",184800
19.8,1,1000,"sd","11:12:39",184200
19.8,1,100,"sd","11:11:48",183200
19.8,1,1000,"sd","11:11:37",183100
19.8,1,2000,"sd","11:11:09",182100
19.8,1,1000,"sd","11:10:19",180100
19.8,1,1000,"bu","11:09:19",179100
19.8,1,100,"bu","11:07:42",178100
19.8,1,1000,"","11:06:56",178000
19.8,1,3900,"sd","11:06:53",177000
19.8,1,600,"sd","11:06:43",173100
19.8,1,100,"sd","11:06:36",172500
19.8,1,500,"sd","11:06:21",172400
19.8,1,100,"sd","11:06:04",171900
19.8,1,100,"sd","11:05:11",171800
19.8,1,100,"sd","11:05:10",171700
19.8,1,200,"sd","11:04:15",171600
19.8,1,1000,"sd","11:03:35",171400
19.8,1,500,"sd","11:03:23",170400
19.8,1,1000,"sd","11:02:47",169900
19.8,1,500,"bu","11:02:32",168900
19.8,1,3000,"bu","11:02:21",168400
19.8,1,100,"bu","11:02:11",165400
19.8,1,1000,"bu","11:01:30",165300
19.8,1,1000,"bu","11:01:26",164300
19.8,1,900,"bu","11:01:23",163300
19.7,0.9,300,"sd","11:00:02",162400
19.7,0.9,500,"sd","10:59:52",162100
19.7,0.9,700,"sd","10:58:52",161600
19.7,0.9,500,"sd","10:58:41",160900
19.8,1,200,"bu","10:58:13",160400
19.8,1,600,"sd","10:58:11",160200
19.9,1.1,200,"bu","10:56:58",159600
19.8,1,400,"","10:56:43",159400
19.8,1,400,"bu","10:56:17",159000
19.8,1,2000,"bu","10:56:05",158600
19.8,1,500,"bu","10:56:03",156600
19.8,1,400,"bu","10:55:52",156100
19.8,1,200,"bu","10:55:43",155700
19.8,1,100,"bu","10:55:27",155500
19.8,1,700,"sd","10:55:19",155400
19.8,1,900,"bu","10:55:08",154700
19.8,1,400,"sd","10:54:24",153800
19.8,1,600,"sd","10:54:05",153400
19.8,1,100,"bu","10:54:02",152800
19.8,1,100,"","10:53:54",152700
19.8,1,800,"sd","10:53:38",152600
20,1.2,3000,"bu","10:52:46",151800
19.9,1.1,900,"bu","10:52:44",148800
20,1.2,1000,"bu","10:52:24",147900
19.9,1.1,5900,"bu","10:52:11",146900
19.9,1.1,1000,"bu","10:52:07",141000
19.8,1,600,"sd","10:51:56",140000
19.8,1,4000,"bu","10:51:52",139400
19.7,0.9,500,"sd","10:51:25",135400
19.7,0.9,300,"sd","10:51:23",134900
19.7,0.9,200,"sd","10:51:15",134600
19.7,0.9,500,"","10:50:22",134400
19.6,0.8,1500,"bu","10:49:20",133900
19.5,0.7,100,"sd","10:49:19",132400
19.5,0.7,500,"sd","10:49:00",132300
19.8,1,11000,"bu","10:48:59",131800
19.5,0.7,500,"sd","10:48:11",120800
19.6,0.8,1000,"bu","10:47:28",120300
19.6,0.8,200,"bu","10:47:06",119300
19.6,0.8,4100,"sd","10:46:34",119100
19.5,0.7,1000,"","10:46:16",115000
19.5,0.7,300,"","10:44:45",114000
19.5,0.7,2000,"bu","10:42:51",113700
19.4,0.6,100,"bu","10:42:47",111700
19.5,0.7,1600,"bu","10:41:56",111600
19.5,0.7,1500,"bu","10:39:03",110000
19.5,0.7,100,"sd","10:38:49",108500
19.5,0.7,1000,"sd","10:38:44",108400
19.5,0.7,1000,"sd","10:38:37",107400
19.5,0.7,100,"sd","10:37:45",106400
19.6,0.8,2000,"bu","10:37:18",106300
19.5,0.7,26300,"bu","10:37:07",104300
19.1,0.3,4400,"sd","10:27:59",78000
19.2,0.4,1500,"","10:25:35",73600
19.1,0.3,1000,"sd","10:21:33",72100
19.1,0.3,300,"bu","10:20:45",71100
19.1,0.3,100,"bu","10:19:34",70800
19.1,0.3,100,"bu","10:19:23",70700
19.1,0.3,1000,"","10:18:53",70600
19.2,0.4,100,"sd","10:16:17",69600
19.2,0.4,4400,"sd","10:14:43",69500
19.2,0.4,100,"bu","10:09:13",65100
19.2,0.4,800,"","10:07:39",65000
19,0.2,600,"sd","10:04:04",64200
19,0.2,800,"sd","10:03:38",63600
19,0.2,200,"sd","10:02:55",62800
19,0.2,1400,"sd","10:00:08",62600
19.1,0.3,4500,"","09:58:55",61200
19.2,0.4,100,"bu","09:54:04",56700
19.2,0.4,100,"bu","09:50:53",56600
19.2,0.4,2500,"sd","09:49:07",56500
19.2,0.4,100,"sd","09:48:13",54000
19.3,0.5,400,"sd","09:47:13",53900
19.3,0.5,700,"bu","09:45:23",53500
19.3,0.5,8000,"bu","09:44:34",52800
19.2,0.4,2400,"bu","09:44:17",44800
19.1,0.3,800,"","09:43:50",42400
19.1,0.3,700,"bu","09:43:35",41600
19,0.2,2800,"bu","09:42:46",40900
19,0.2,100,"bu","09:42:01",38100
19,0.2,5100,"sd","09:41:35",38000
19.1,0.3,100,"bu","09:40:11",32900
18.9,0.1,4300,"sd","09:34:51",32800
19.1,0.3,300,"sd","09:33:43",28500
19.1,0.3,1000,"sd","09:33:16",28200
19.2,0.4,600,"","09:31:09",27200
19.2,0.4,1000,"bu","09:28:21",26600
19.1,0.3,700,"bu","09:27:02",25600
18.9,0.1,800,"sd","09:23:38",24900
19.1,0.3,400,"bu","09:22:37",24100
18.9,0.1,900,"","09:21:29",23700
18.9,0.1,8000,"sd","09:20:43",22800
19.1,0.3,800,"sd","09:19:55",14800
19.2,0.4,100,"","09:18:33",14000
19.2,0.4,1000,"sd","09:18:06",13900
19.3,0.5,400,"sd","09:16:56",12900
19.3,0.5,1000,"sd","09:16:50",12500
19.3,0.5,2000,"sd","09:16:37",11500
19.3,0.5,200,"sd","09:16:16",9500
19.3,0.5,100,"sd","09:16:15",9300
19.3,0.5,100,"sd","09:16:07",9200
19.3,0.5,2200,"bu","09:15:57",9100
19.3,0.5,1000,"bu","09:15:52",6900
19.4,0.6,500,"bu","09:14:48",5900
19.4,0.6,100,"","09:13:40",5400
19.5,0.7,2000,"bu","09:12:07",5300
19.4,0.6,100,"sd","09:11:57",3300
19.5,0.7,200,"bu","09:11:44",3200
19.4,0.6,100,"sd","09:11:41",3000
19.4,0.6,100,"bu","09:11:32",2900
19.4,0.6,100,"bu","09:11:17",2800
19.4,0.6,1000,"bu","09:10:57",2700
19.3,0.5,100,"sd","09:10:46",1700
19.3,0.5,100,"sd","09:09:52",1600
19.3,0.5,1000,"bu","09:06:17",1500
18.9,0.1,400,"sd","09:04:23",500
18.8,0,100,"sd","09:01:06",100
