"price","change","match_qtty","side","time","total_vol"
26.6,0.7,162800,"","14:45:02",1175700
26.2,0.3,5000,"sd","14:29:29",1012900
26.25,0.35,100,"bu","14:29:24",1007900
26.25,0.35,1600,"bu","14:29:18",1007800
26.25,0.35,1300,"bu","14:29:16",1006200
26.2,0.3,200,"sd","14:29:09",1004900
26.2,0.3,1000,"sd","14:29:01",1004700
26.2,0.3,6200,"bu","14:28:59",1003700
26.2,0.3,1500,"bu","14:28:53",997500
26.2,0.3,1000,"bu","14:28:41",996000
26.2,0.3,2500,"bu","14:28:40",995000
26.15,0.25,1800,"bu","14:28:31",992500
26.15,0.25,2000,"bu","14:28:28",990700
26.15,0.25,500,"bu","14:28:24",988700
26.15,0.25,700,"bu","14:28:20",988200
26.15,0.25,100,"bu","14:28:15",987500
26.15,0.25,1000,"bu","14:28:14",987400
26.1,0.2,9500,"bu","14:28:00",986400
26.1,0.2,3000,"bu","14:27:52",976900
26.1,0.2,400,"bu","14:27:44",973900
26.1,0.2,200,"bu","14:27:43",973500
26.1,0.2,3100,"sd","14:27:35",973300
26.1,0.2,4900,"bu","14:27:27",970200
26.1,0.2,1000,"bu","14:27:23",965300
26.1,0.2,300,"bu","14:27:18",964300
26.1,0.2,1100,"bu","14:27:15",964000
26.1,0.2,200,"bu","14:26:59",962900
26.1,0.2,300,"bu","14:26:48",962700
26.05,0.15,800,"bu","14:26:46",962400
26.05,0.15,300,"bu","14:26:41",961600
26,0.1,1000,"sd","14:26:23",961300
26,0.1,4500,"bu","14:26:18",960300
26,0.1,10000,"bu","14:26:10",955800
26,0.1,500,"bu","14:25:51",945800
25.95,0.05,800,"bu","14:25:41",945300
25.95,0.05,1000,"bu","14:25:35",944500
25.95,0.05,100,"bu","14:25:28",943500
25.95,0.05,500,"bu","14:25:27",943400
25.95,0.05,300,"bu","14:25:25",942900
25.95,0.05,200,"bu","14:25:24",942600
25.95,0.05,100,"bu","14:25:13",942400
25.95,0.05,4000,"bu","14:25:09",942300
25.95,0.05,300,"bu","14:25:08",938300
25.95,0.05,400,"bu","14:25:07",938000
25.95,0.05,500,"bu","14:24:56",937600
25.95,0.05,500,"bu","14:24:48",937100
25.95,0.05,1000,"bu","14:24:45",936600
25.95,0.05,2900,"bu","14:24:37",935600
25.95,0.05,2000,"bu","14:24:30",932700
25.95,0.05,100,"bu","14:24:25",930700
25.9,0,1500,"sd","14:22:57",930600
25.9,0,2200,"bu","14:21:53",929100
25.9,0,3000,"bu","14:21:44",926900
25.9,0,100,"bu","14:21:30",923900
25.9,0,200,"bu","14:21:20",923800
25.9,0,2000,"bu","14:21:18",923600
25.85,-0.05,900,"sd","14:20:19",921600
25.85,-0.05,2000,"sd","14:19:34",920700
25.9,0,1000,"bu","14:18:58",918700
25.9,0,400,"sd","14:17:37",917700
25.9,0,100,"sd","14:17:34",917300
25.9,0,500,"sd","14:17:29",917200
25.9,0,1500,"sd","14:16:51",916700
25.9,0,5000,"sd","14:16:34",915100
25.9,0,1500,"sd","14:15:17",910100
25.9,0,200,"sd","14:14:43",908600
25.9,0,100,"sd","14:14:31",908400
25.95,0.05,100,"bu","14:14:25",908300
25.95,0.05,1000,"sd","14:13:37",908200
25.95,0.05,1000,"bu","14:13:28",907200
25.95,0.05,2000,"bu","14:13:15",906200
25.95,0.05,100,"bu","14:12:46",904200
25.95,0.05,1000,"bu","14:12:29",904100
25.95,0.05,4800,"bu","14:12:24",903100
25.9,0,100,"sd","14:11:19",898300
25.9,0,100,"bu","14:10:55",898200
25.9,0,100,"bu","14:10:52",898100
25.85,-0.05,1100,"bu","14:10:14",898000
25.85,-0.05,300,"bu","14:10:13",896900
25.85,-0.05,1600,"sd","14:10:01",896600
25.85,-0.05,2300,"bu","14:09:49",895000
25.85,-0.05,100,"bu","14:09:09",892700
25.85,-0.05,2600,"sd","14:08:57",892600
25.85,-0.05,2300,"sd","14:08:28",890000
25.85,-0.05,2800,"bu","14:08:03",887700
25.85,-0.05,900,"bu","14:07:31",884900
25.85,-0.05,300,"bu","14:07:20",884000
25.8,-0.1,29800,"sd","14:07:12",883700
25.85,-0.05,20200,"sd","14:07:12",853900
25.85,-0.05,3000,"sd","14:06:56",833700
25.9,0,100,"bu","14:06:54",830700
25.9,0,100,"bu","14:06:42",830600
25.9,0,100,"sd","14:06:37",830500
25.9,0,2000,"sd","14:06:11",830400
25.9,0,400,"sd","14:06:08",828400
25.9,0,1000,"sd","14:05:59",828000
25.9,0,1000,"sd","14:05:50",827000
25.9,0,20000,"sd","14:05:43",826000
25.95,0.05,2700,"sd","14:05:34",806000
25.95,0.05,1000,"sd","14:05:12",803300
26,0.1,1300,"bu","14:03:02",802300
26,0.1,100,"bu","14:02:25",801000
26,0.1,400,"bu","14:01:20",800900
25.95,0.05,2100,"bu","14:01:20",800500
25.9,0,1000,"sd","14:00:26",798400
25.95,0.05,500,"bu","14:00:15",797400
25.95,0.05,7400,"sd","13:59:39",796900
25.95,0.05,1000,"sd","13:59:09",789500
25.95,0.05,200,"sd","13:58:45",788500
25.95,0.05,2000,"bu","13:57:42",788300
25.95,0.05,8000,"sd","13:57:36",786300
25.95,0.05,100,"sd","13:57:30",778300
25.95,0.05,700,"bu","13:56:20",778200
25.95,0.05,100,"bu","13:55:56",777500
25.95,0.05,2000,"bu","13:55:46",777400
25.95,0.05,100,"bu","13:54:45",775400
25.95,0.05,4600,"sd","13:54:37",775300
26,0.1,500,"bu","13:53:47",770700
26,0.1,100,"bu","13:52:13",770200
25.95,0.05,1200,"bu","13:50:42",770100
25.95,0.05,500,"bu","13:50:36",768900
25.95,0.05,500,"bu","13:50:23",768400
25.9,0,3000,"sd","13:49:54",767900
25.95,0.05,100,"bu","13:49:47",764900
25.9,0,1000,"sd","13:49:34",764800
25.9,0,500,"sd","13:49:20",763800
25.9,0,2100,"sd","13:48:44",763300
25.9,0,500,"sd","13:48:43",761200
25.9,0,100,"sd","13:48:21",760700
25.9,0,600,"bu","13:48:18",760600
25.9,0,3000,"bu","13:47:57",760000
25.9,0,100,"bu","13:47:55",757000
25.9,0,100,"bu","13:47:52",756900
25.9,0,300,"bu","13:47:50",756800
25.9,0,100,"bu","13:47:27",756500
25.9,0,7700,"sd","13:47:17",756400
25.9,0,15500,"sd","13:47:14",748700
25.9,0,1700,"sd","13:47:12",733200
25.95,0.05,100,"bu","13:47:00",731500
25.95,0.05,100,"bu","13:46:46",731400
25.95,0.05,1000,"bu","13:46:46",731300
25.95,0.05,100,"bu","13:46:39",730300
25.95,0.05,500,"bu","13:46:38",730200
25.95,0.05,2600,"sd","13:46:26",729700
26,0.1,200,"bu","13:46:12",727100
26,0.1,7800,"sd","13:46:11",726900
26,0.1,5800,"sd","13:45:33",719100
26,0.1,7300,"bu","13:45:08",713300
26,0.1,1000,"bu","13:45:03",706000
26,0.1,300,"bu","13:45:01",705000
26,0.1,1000,"bu","13:44:58",704700
26,0.1,4200,"sd","13:44:53",703700
26,0.1,500,"sd","13:44:37",699500
26.05,0.15,300,"sd","13:44:37",699000
26.05,0.15,200,"sd","13:44:24",698700
26.1,0.2,100,"bu","13:44:22",698500
26.05,0.15,1000,"sd","13:44:11",698400
26.1,0.2,3500,"sd","13:43:42",697400
26.15,0.25,1500,"sd","13:43:07",693900
26.15,0.25,1000,"sd","13:42:58",692400
26.15,0.25,1000,"sd","13:42:38",691400
26.2,0.3,400,"bu","13:42:38",690400
26.2,0.3,100,"bu","13:42:09",690000
26.2,0.3,1600,"bu","13:41:34",689900
26.15,0.25,100,"sd","13:41:31",688300
26.2,0.3,500,"bu","13:41:14",688200
26.2,0.3,2000,"bu","13:41:02",687700
26.2,0.3,1700,"bu","13:39:32",685700
26.2,0.3,5000,"bu","13:39:24",684000
26.15,0.25,1300,"sd","13:39:23",679000
26.2,0.3,5000,"bu","13:39:21",677700
26.15,0.25,3200,"bu","13:39:07",672700
26.15,0.25,500,"bu","13:38:46",669500
26.1,0.2,4500,"bu","13:38:46",669000
26.05,0.15,400,"bu","13:38:40",664500
26.05,0.15,7100,"sd","13:38:37",664100
26.1,0.2,1500,"bu","13:38:34",657000
26.05,0.15,200,"sd","13:38:14",655500
26.05,0.15,1000,"bu","13:38:00",655300
26.1,0.2,100,"bu","13:37:50",654300
25.9,0,400,"sd","13:37:31",654200
26.05,0.15,6000,"sd","13:37:31",642700
26.1,0.2,100,"bu","13:37:30",636700
26.1,0.2,1000,"bu","13:37:28",636600
26.1,0.2,1000,"bu","13:37:19",635600
26.1,0.2,200,"bu","13:37:15",634600
26.1,0.2,1400,"bu","13:37:09",634400
26.1,0.2,300,"bu","13:36:51",633000
26.1,0.2,3000,"bu","13:36:32",632700
26.1,0.2,10000,"bu","13:36:08",629700
26.05,0.15,300,"sd","13:35:56",619700
26.05,0.15,300,"sd","13:35:44",619400
26.1,0.2,2000,"bu","13:35:40",619100
26.05,0.15,1000,"sd","13:35:36",617100
26.1,0.2,100,"bu","13:35:35",616100
26.1,0.2,20700,"bu","13:35:30",616000
26.1,0.2,3000,"bu","13:35:24",595300
26.1,0.2,100,"bu","13:35:21",592300
26.05,0.15,1100,"sd","13:35:20",592200
26.1,0.2,3000,"bu","13:34:43",591100
26.1,0.2,100,"bu","13:34:37",588100
26.1,0.2,2000,"bu","13:34:24",588000
26.1,0.2,200,"bu","13:34:09",586000
26.05,0.15,400,"bu","13:32:49",585800
26.05,0.15,1000,"bu","13:32:31",585400
26.05,0.15,500,"bu","13:32:15",584400
26,0.1,18000,"bu","13:32:04",583900
25.95,0.05,11300,"bu","13:32:04",565900
25.95,0.05,5100,"sd","13:31:52",554600
26,0.1,1400,"bu","13:31:50",549500
26,0.1,3100,"bu","13:31:50",548100
26,0.1,5000,"bu","13:31:40",545000
25.95,0.05,5200,"bu","13:31:00",540000
25.95,0.05,5000,"bu","13:30:59",534800
25.9,0,200,"sd","13:29:50",529800
25.9,0,4000,"sd","13:29:29",529600
25.9,0,200,"sd","13:27:47",525600
25.95,0.05,500,"bu","13:27:37",525400
25.95,0.05,9600,"bu","13:27:17",524900
25.95,0.05,3000,"bu","13:27:08",515300
25.95,0.05,200,"bu","13:24:45",512300
25.9,0,500,"sd","13:24:04",512100
25.9,0,100,"sd","13:23:40",511600
25.95,0.05,300,"sd","13:21:55",511500
25.95,0.05,200,"bu","13:21:15",511200
25.9,0,100,"sd","13:21:01",511000
25.95,0.05,500,"bu","13:20:42",510900
25.95,0.05,300,"sd","13:20:41",510400
25.95,0.05,200,"sd","13:20:31",510100
25.95,0.05,500,"bu","13:20:16",509900
25.95,0.05,6500,"sd","13:20:11",509400
25.95,0.05,18500,"bu","13:19:28",502900
25.95,0.05,1400,"sd","13:18:00",484400
25.95,0.05,1000,"sd","13:17:59",483000
25.95,0.05,500,"sd","13:17:43",482000
25.95,0.05,500,"sd","13:17:42",481500
25.95,0.05,1400,"sd","13:17:39",481000
25.95,0.05,100,"sd","13:17:34",479600
26,0.1,100,"bu","13:17:11",479500
26,0.1,1000,"bu","13:17:10",479400
26,0.1,4800,"bu","13:16:55",478400
25.95,0.05,2000,"sd","13:16:51",473600
25.95,0.05,300,"bu","13:16:11",471600
25.95,0.05,2000,"bu","13:16:06",471300
25.95,0.05,5000,"bu","13:15:59",469300
25.95,0.05,500,"bu","13:15:56",464300
25.95,0.05,500,"bu","13:15:47",463800
25.95,0.05,3000,"bu","13:15:39",463300
25.9,0,1000,"sd","13:15:37",460300
25.95,0.05,300,"bu","13:15:08",459300
25.9,0,300,"sd","13:13:59",459000
25.9,0,1500,"bu","13:11:59",458700
25.9,0,3400,"bu","13:11:49",457200
25.9,0,20000,"bu","13:11:46",453800
25.85,-0.05,2400,"bu","13:10:21",433800
25.85,-0.05,2600,"sd","13:10:14",431400
25.9,0,1000,"bu","13:10:01",428800
25.85,-0.05,500,"sd","13:09:53",427800
25.9,0,200,"bu","13:09:19",427300
25.9,0,2000,"bu","13:09:18",427100
25.9,0,1000,"bu","13:09:03",425100
25.9,0,100,"bu","13:08:49",424100
25.85,-0.05,200,"sd","13:08:44",424000
25.9,0,500,"bu","13:07:44",423800
25.9,0,100,"bu","13:07:37",423300
25.9,0,1000,"bu","13:07:11",423200
25.85,-0.05,6100,"bu","13:05:41",422200
25.85,-0.05,1000,"bu","13:05:38",416100
25.8,-0.1,2500,"bu","13:03:42",415100
25.75,-0.15,1000,"sd","13:03:14",412600
25.75,-0.15,5000,"sd","13:01:53",411600
25.8,-0.1,4400,"bu","13:01:08",406600
25.8,-0.1,1500,"sd","13:00:18",402200
25.8,-0.1,1000,"bu","13:00:13",400700
25.75,-0.15,4800,"sd","13:00:13",399700
25.8,-0.1,200,"sd","13:00:13",394900
25.85,-0.05,100,"bu","13:00:11",394700
25.8,-0.1,6000,"sd","13:00:03",394600
25.85,-0.05,1400,"sd","13:00:02",388600
25.85,-0.05,500,"bu","11:28:43",387200
25.9,0,1000,"bu","11:25:01",386700
25.9,0,100,"bu","11:24:54",385700
25.9,0,6700,"sd","11:24:36",385600
25.9,0,1000,"sd","11:24:16",378900
25.95,0.05,800,"bu","11:24:11",377900
25.9,0,500,"bu","11:23:48",377100
25.9,0,100,"sd","11:23:13",376600
25.95,0.05,5100,"bu","11:22:17",376500
25.9,0,4900,"bu","11:22:17",371400
25.9,0,100,"bu","11:12:55",366500
25.8,-0.1,500,"sd","11:11:30",366400
25.8,-0.1,800,"bu","11:11:27",365900
25.8,-0.1,200,"bu","11:11:25",365100
25.75,-0.15,1000,"sd","11:09:40",364900
25.75,-0.15,300,"sd","11:08:18",363900
25.75,-0.15,400,"sd","11:08:05",363600
25.75,-0.15,1000,"sd","11:07:49",363200
25.75,-0.15,3400,"sd","11:06:33",362200
25.75,-0.15,1100,"sd","11:05:57",358800
25.8,-0.1,500,"bu","11:05:54",357700
25.8,-0.1,500,"bu","11:05:31",357200
25.75,-0.15,1400,"sd","11:04:57",356700
25.75,-0.15,2200,"sd","11:04:31",355300
25.8,-0.1,200,"bu","11:03:59",353100
25.8,-0.1,1000,"bu","11:03:25",352900
25.8,-0.1,7900,"sd","11:02:58",351900
25.8,-0.1,1100,"sd","11:02:52",344000
25.85,-0.05,800,"sd","11:02:35",342900
25.85,-0.05,1500,"sd","11:02:21",342100
25.8,-0.1,400,"sd","10:58:48",340600
25.85,-0.05,5000,"sd","10:58:32",340200
25.9,0,9000,"sd","10:57:19",335200
25.9,0,1000,"sd","10:56:25",326200
25.9,0,4300,"sd","10:56:03",325200
25.95,0.05,6000,"sd","10:55:38",320200
25.95,0.05,500,"sd","10:55:16",314200
25.95,0.05,5000,"sd","10:55:08",313700
25.95,0.05,900,"sd","10:54:57",308700
25.95,0.05,3500,"sd","10:54:39",307800
25.95,0.05,5000,"sd","10:54:28",304300
25.95,0.05,600,"sd","10:53:53",299300
25.95,0.05,4000,"sd","10:53:44",298700
25.95,0.05,500,"sd","10:53:34",294700
25.95,0.05,600,"sd","10:52:07",294200
25.95,0.05,300,"sd","10:51:29",293600
25.95,0.05,200,"sd","10:51:25",293300
25.95,0.05,100,"sd","10:50:57",293100
25.95,0.05,1000,"sd","10:49:14",293000
26,0.1,200,"bu","10:48:42",292000
25.95,0.05,300,"sd","10:47:09",291800
25.95,0.05,5000,"sd","10:46:28",291500
25.95,0.05,2000,"sd","10:46:08",286500
25.95,0.05,500,"sd","10:45:37",284500
25.95,0.05,500,"sd","10:44:58",284000
25.95,0.05,2900,"sd","10:44:10",283500
25.95,0.05,300,"sd","10:43:44",280600
25.95,0.05,1000,"sd","10:42:58",280300
25.95,0.05,500,"sd","10:42:39",279300
25.95,0.05,1400,"sd","10:41:45",278800
25.95,0.05,200,"sd","10:41:27",277400
25.95,0.05,300,"sd","10:41:05",277200
25.95,0.05,1000,"sd","10:40:27",276900
25.95,0.05,500,"sd","10:40:25",275900
25.95,0.05,900,"bu","10:40:13",275400
25.9,0,1000,"bu","10:38:02",274500
25.9,0,1000,"bu","10:37:26",273500
25.8,-0.1,300,"sd","10:36:02",272500
25.8,-0.1,2100,"sd","10:34:43",272200
25.9,0,2000,"bu","10:34:37",270100
25.8,-0.1,200,"sd","10:32:58",268100
25.8,-0.1,1000,"sd","10:31:23",267900
25.85,-0.05,2100,"bu","10:31:00",266900
25.85,-0.05,3000,"bu","10:30:00",264800
25.8,-0.1,300,"sd","10:28:41",261800
25.8,-0.1,2000,"bu","10:25:51",261500
25.8,-0.1,1000,"bu","10:25:16",259500
25.75,-0.15,2700,"sd","10:24:34",258500
25.8,-0.1,7600,"sd","10:24:34",255800
25.85,-0.05,500,"bu","10:23:00",248200
25.85,-0.05,500,"bu","10:20:08",247700
25.75,-0.15,1000,"sd","10:18:39",247200
25.85,-0.05,5000,"sd","10:18:35",246200
25.85,-0.05,5000,"bu","10:17:27",241200
25.75,-0.15,1700,"sd","10:15:53",236200
25.8,-0.1,4900,"sd","10:15:53",234500
25.85,-0.05,400,"sd","10:15:53",229600
25.85,-0.05,100,"bu","10:15:42",229200
25.85,-0.05,100,"bu","10:15:13",229100
25.8,-0.1,10000,"sd","10:13:32",229000
25.85,-0.05,5800,"sd","10:12:48",219000
25.85,-0.05,500,"sd","10:12:22",213200
25.9,0,1000,"sd","10:11:39",212700
26,0.1,1300,"sd","10:10:43",211700
26,0.1,3000,"sd","10:10:41",210400
26,0.1,1800,"sd","10:10:10",207400
26.05,0.15,2400,"sd","10:10:10",205600
26.05,0.15,700,"sd","10:09:38",203200
26.05,0.15,200,"sd","10:09:16",202500
26.05,0.15,200,"sd","10:09:15",202300
26.05,0.15,2500,"bu","10:09:01",202100
26.05,0.15,500,"bu","10:07:40",199600
26.05,0.15,1000,"bu","10:07:34",199100
26.05,0.15,900,"sd","10:06:51",198100
26.05,0.15,200,"sd","10:06:38",197200
26.05,0.15,400,"bu","10:06:29",197000
26.05,0.15,2000,"bu","10:06:08",196600
26.05,0.15,300,"bu","10:04:52",194600
26.05,0.15,1000,"bu","10:04:27",194300
26,0.1,500,"sd","10:04:13",193300
26,0.1,500,"sd","10:03:59",192800
26,0.1,10900,"bu","10:03:22",192300
25.95,0.05,2500,"bu","10:03:22",181400
25.9,0,1000,"sd","10:02:58",178900
25.9,0,1000,"sd","10:02:32",177900
25.9,0,3200,"bu","10:02:23",176900
25.9,0,100,"bu","10:02:13",173700
25.9,0,100,"bu","10:02:08",173600
25.9,0,300,"bu","10:01:26",173500
25.9,0,300,"bu","10:00:00",173200
25.9,0,800,"bu","09:59:45",170600
25.85,-0.05,500,"sd","09:59:23",169800
25.85,-0.05,1800,"bu","09:58:34",169300
25.85,-0.05,200,"bu","09:58:30",167500
25.85,-0.05,100,"bu","09:57:54",167300
25.85,-0.05,500,"bu","09:57:49",167200
25.85,-0.05,1000,"bu","09:57:40",166700
25.85,-0.05,400,"sd","09:56:44",165700
25.85,-0.05,1500,"bu","09:55:02",165300
25.8,-0.1,100,"sd","09:54:58",163800
25.8,-0.1,5000,"sd","09:54:03",163700
25.75,-0.15,100,"sd","09:53:59",158700
25.8,-0.1,900,"sd","09:53:59",158600
25.8,-0.1,100,"bu","09:53:38",157700
25.8,-0.1,100,"bu","09:52:54",157600
25.8,-0.1,500,"bu","09:52:53",157500
25.8,-0.1,500,"bu","09:52:43",157000
25.8,-0.1,1000,"bu","09:52:27",156500
25.8,-0.1,1000,"bu","09:51:52",155500
25.8,-0.1,5000,"bu","09:51:17",154500
25.8,-0.1,400,"bu","09:49:38",149500
25.8,-0.1,600,"bu","09:49:37",149100
25.8,-0.1,500,"bu","09:49:24",148500
25.8,-0.1,2000,"bu","09:49:19",148000
25.8,-0.1,1000,"bu","09:48:58",146000
25.8,-0.1,300,"bu","09:48:11",145000
25.7,-0.2,1000,"sd","09:47:32",144700
25.7,-0.2,500,"sd","09:47:28",143700
25.8,-0.1,300,"bu","09:47:05",143200
25.8,-0.1,100,"bu","09:46:53",142900
25.8,-0.1,200,"sd","09:46:45",142800
25.8,-0.1,1800,"bu","09:45:50",142600
25.8,-0.1,200,"sd","09:45:48",140800
25.8,-0.1,1900,"sd","09:45:35",140600
25.8,-0.1,2900,"bu","09:45:32",138700
25.8,-0.1,300,"bu","09:45:06",135800
25.8,-0.1,500,"sd","09:45:06",135500
25.8,-0.1,500,"bu","09:44:43",135000
25.75,-0.15,700,"sd","09:44:24",134500
25.75,-0.15,2000,"sd","09:44:04",133800
25.75,-0.15,300,"sd","09:43:40",131800
25.75,-0.15,200,"sd","09:43:07",131500
25.8,-0.1,500,"sd","09:42:34",131300
25.8,-0.1,1000,"sd","09:42:31",130800
25.8,-0.1,100,"bu","09:41:50",129800
25.8,-0.1,4000,"bu","09:41:35",129700
25.8,-0.1,500,"bu","09:40:16",125700
25.8,-0.1,5000,"bu","09:39:24",125200
25.8,-0.1,3000,"bu","09:38:52",120200
25.8,-0.1,100,"bu","09:38:17",117200
25.8,-0.1,5000,"bu","09:35:53",117100
25.8,-0.1,100,"bu","09:35:28",112100
25.75,-0.15,100,"sd","09:34:00",112000
25.8,-0.1,400,"bu","09:33:55",111900
25.8,-0.1,100,"bu","09:32:57",111500
25.8,-0.1,1000,"sd","09:32:07",111400
25.8,-0.1,400,"sd","09:32:06",110400
25.9,0,100,"bu","09:31:56",110000
25.9,0,500,"bu","09:31:31",109900
25.9,0,2700,"sd","09:31:07",109400
25.9,0,3000,"sd","09:30:32",106700
25.9,0,1000,"sd","09:30:27",103700
25.9,0,100,"sd","09:30:15",102700
25.9,0,100,"sd","09:30:03",102600
25.9,0,500,"sd","09:28:55",102500
26,0.1,500,"sd","09:28:47",102000
26,0.1,1000,"sd","09:28:32",101500
26,0.1,500,"sd","09:28:21",100500
26,0.1,2300,"sd","09:28:01",100000
26.05,0.15,100,"sd","09:28:01",97700
26,0.1,1900,"bu","09:27:44",97600
26,0.1,200,"bu","09:27:27",95700
25.9,0,100,"bu","09:27:18",95500
25.9,0,2800,"bu","09:26:51",95400
25.9,0,1400,"bu","09:26:41",92600
25.9,0,200,"bu","09:26:29",91200
25.9,0,200,"bu","09:26:18",91000
25.9,0,800,"bu","09:25:53",90800
25.9,0,1000,"bu","09:25:42",90000
25.9,0,100,"bu","09:25:30",89000
25.8,-0.1,600,"bu","09:25:13",88900
25.8,-0.1,500,"bu","09:25:09",88300
25.7,-0.2,1500,"bu","09:24:25",87800
25.7,-0.2,2000,"bu","09:24:24",86300
25.7,-0.2,500,"bu","09:24:21",84300
25.7,-0.2,2000,"bu","09:24:04",83800
25.6,-0.3,1400,"sd","09:24:01",81800
25.6,-0.3,8500,"bu","09:23:54",80400
25.6,-0.3,2000,"bu","09:23:54",71900
25.6,-0.3,100,"bu","09:23:50",69900
25.6,-0.3,500,"bu","09:23:49",69800
25.6,-0.3,800,"bu","09:23:47",69300
25.6,-0.3,100,"bu","09:23:35",68500
25.6,-0.3,100,"bu","09:23:33",68400
25.6,-0.3,500,"bu","09:23:33",68300
25.6,-0.3,3700,"bu","09:23:32",67800
25.6,-0.3,1000,"bu","09:23:31",64100
25.6,-0.3,400,"bu","09:23:29",63100
25.6,-0.3,100,"bu","09:23:27",62700
25.6,-0.3,1200,"bu","09:23:26",62600
25.6,-0.3,500,"bu","09:23:25",61400
25.6,-0.3,5700,"bu","09:23:20",60900
25.6,-0.3,100,"bu","09:23:19",55200
25.6,-0.3,1000,"bu","09:23:17",55100
25.6,-0.3,1000,"bu","09:23:16",54100
25.6,-0.3,300,"bu","09:23:15",53100
25.6,-0.3,200,"bu","09:23:12",52800
25.6,-0.3,800,"bu","09:23:08",52600
25.6,-0.3,300,"bu","09:23:07",51800
25.6,-0.3,100,"bu","09:22:54",51500
25.6,-0.3,200,"bu","09:22:50",51400
25.6,-0.3,1100,"bu","09:22:49",51200
25.6,-0.3,500,"bu","09:22:44",50100
25.6,-0.3,100,"bu","09:22:41",49600
25.6,-0.3,200,"bu","09:22:13",49500
25.6,-0.3,1000,"bu","09:22:04",49300
25.6,-0.3,2000,"bu","09:21:21",48300
25.6,-0.3,100,"bu","09:21:10",46300
25.6,-0.3,1000,"bu","09:21:09",46200
25.55,-0.35,1000,"sd","09:21:06",45200
25.55,-0.35,300,"sd","09:21:01",44200
25.6,-0.3,100,"bu","09:20:57",43900
25.6,-0.3,5500,"sd","09:20:29",43800
25.6,-0.3,2100,"bu","09:19:59",38300
25.6,-0.3,1000,"bu","09:19:52",36200
25.6,-0.3,6600,"sd","09:19:41",35200
25.6,-0.3,500,"sd","09:19:19",28600
25.6,-0.3,1000,"sd","09:18:52",28100
25.55,-0.35,2400,"sd","09:18:00",27100
25.6,-0.3,6900,"sd","09:18:00",24700
25.7,-0.2,700,"sd","09:18:00",17800
25.7,-0.2,700,"sd","09:17:46",17100
25.7,-0.2,1000,"sd","09:17:42",16400
25.7,-0.2,100,"sd","09:17:12",15400
25.6,-0.3,100,"sd","09:16:40",15300
25.6,-0.3,500,"sd","09:16:39",15200
25.6,-0.3,100,"sd","09:16:31",14700
25.6,-0.3,700,"sd","09:16:25",14600
25.6,-0.3,100,"sd","09:16:14",13900
25.55,-0.35,200,"sd","09:15:10",13800
25.6,-0.3,1800,"sd","09:15:10",13600
25.55,-0.35,11800,"","09:15:00",11800
