"price","change","match_qtty","side","time","total_vol"
3.31,0.01,3500,"","14:45:11",175300
3.31,0.01,400,"sd","14:29:29",171800
3.31,0.01,1800,"bu","14:27:22",171400
3.31,0.01,14900,"bu","14:26:55",169600
3.3,0,100,"sd","14:26:53",154700
3.3,0,100,"bu","14:25:58",154600
3.3,0,1700,"bu","14:24:31",154500
3.3,0,100,"bu","14:20:31",152800
3.29,-0.01,2100,"sd","14:19:49",152700
3.3,0,100,"bu","14:19:48",150600
3.3,0,100,"sd","14:14:28",150500
3.3,0,200,"bu","14:13:26",150400
3.3,0,100,"bu","14:05:55",150200
3.29,-0.01,400,"sd","14:01:13",150100
3.29,-0.01,1000,"sd","13:56:14",149700
3.29,-0.01,500,"sd","13:55:49",148700
3.29,-0.01,200,"sd","13:54:48",148200
3.3,0,1100,"sd","13:49:23",148000
3.31,0.01,200,"sd","13:49:13",146900
3.31,0.01,200,"sd","13:47:09",146700
3.31,0.01,300,"sd","13:46:58",146500
3.31,0.01,200,"sd","13:46:36",146200
3.31,0.01,100,"sd","13:44:58",146000
3.3,0,100,"sd","13:44:45",145900
3.31,0.01,100,"sd","13:44:19",145800
3.33,0.03,1000,"bu","13:39:02",145700
3.33,0.03,100,"bu","13:38:29",144700
3.3,0,6700,"bu","13:36:43",144600
3.29,-0.01,100,"sd","13:33:03",137900
3.29,-0.01,200,"sd","13:32:30",137800
3.29,-0.01,1700,"sd","13:32:07",137600
3.29,-0.01,1000,"sd","13:31:27",135900
3.29,-0.01,300,"bu","13:30:31",134900
3.29,-0.01,200,"sd","13:26:14",134600
3.29,-0.01,100,"sd","13:21:38",134400
3.29,-0.01,300,"sd","13:21:27",134300
3.29,-0.01,600,"sd","13:21:09",134000
3.29,-0.01,500,"sd","13:20:41",133400
3.29,-0.01,6400,"sd","13:19:07",132900
3.29,-0.01,600,"sd","13:17:44",126500
3.3,0,1000,"bu","13:15:31",125900
3.29,-0.01,100,"sd","13:12:48",124900
3.3,0,100,"bu","13:11:42",124800
3.3,0,100,"bu","13:09:35",124700
3.3,0,100,"bu","13:08:08",124600
3.29,-0.01,300,"sd","13:08:02",124500
3.3,0,400,"bu","13:04:06",124200
3.3,0,1300,"bu","13:02:54",123800
3.3,0,3000,"bu","13:00:57",122500
3.29,-0.01,500,"sd","13:00:13",119500
3.29,-0.01,100,"sd","13:00:05",119000
3.29,-0.01,2200,"bu","11:23:12",118900
3.29,-0.01,500,"bu","11:20:59",116700
3.29,-0.01,500,"bu","11:19:54",116200
3.29,-0.01,500,"bu","11:15:30",115700
3.29,-0.01,200,"bu","11:14:03",115200
3.29,-0.01,2000,"bu","11:13:30",115000
3.28,-0.02,1000,"sd","11:10:22",113000
3.29,-0.01,400,"sd","11:05:19",112000
3.29,-0.01,800,"bu","11:01:43",111600
3.29,-0.01,200,"bu","11:00:07",110800
3.29,-0.01,500,"bu","10:59:33",110600
3.29,-0.01,100,"sd","10:57:36",110100
3.29,-0.01,300,"bu","10:55:49",110000
3.29,-0.01,400,"bu","10:54:12",109700
3.29,-0.01,100,"bu","10:53:59",109300
3.29,-0.01,200,"sd","10:53:41",109200
3.3,0,1000,"bu","10:52:29",109000
3.29,-0.01,300,"bu","10:50:53",108000
3.29,-0.01,100,"sd","10:49:11",107700
3.28,-0.02,6300,"sd","10:37:55",107600
3.29,-0.01,7800,"sd","10:37:55",101300
3.3,0,5900,"sd","10:37:55",93500
3.31,0.01,100,"sd","10:35:26",87600
3.31,0.01,100,"bu","10:34:19",87500
3.31,0.01,600,"sd","10:34:09",87400
3.32,0.02,100,"sd","10:33:16",86800
3.32,0.02,800,"sd","10:32:28",86700
3.32,0.02,100,"sd","10:30:40",85900
3.33,0.03,100,"bu","10:30:05",85800
3.32,0.02,100,"sd","10:29:35",85700
3.32,0.02,100,"sd","10:26:30",85600
3.33,0.03,100,"bu","10:26:19",85500
3.33,0.03,2400,"bu","10:23:47",85400
3.33,0.03,3000,"bu","10:22:44",83000
3.31,0.01,900,"sd","10:15:53",80000
3.33,0.03,2600,"bu","10:07:03",79100
3.33,0.03,500,"bu","10:04:53",76500
3.32,0.02,100,"sd","10:04:07",76000
3.32,0.02,100,"bu","10:03:20",75900
3.33,0.03,400,"bu","10:01:51",75800
3.33,0.03,3000,"bu","09:56:38",75400
3.3,0,200,"sd","09:54:29",72400
3.3,0,6200,"sd","09:52:33",72200
3.31,0.01,300,"sd","09:52:33",66000
3.31,0.01,100,"sd","09:49:03",65700
3.33,0.03,100,"sd","09:49:03",65600
3.3,0,1400,"bu","09:43:28",65500
3.3,0,100,"sd","09:41:16",64100
3.3,0,100,"sd","09:40:34",64000
3.3,0,300,"bu","09:39:47",63900
3.29,-0.01,1000,"sd","09:39:36",63600
3.29,-0.01,900,"sd","09:37:49",62600
3.3,0,1000,"bu","09:36:22",61700
3.3,0,1000,"bu","09:36:16",60700
3.3,0,700,"sd","09:35:42",59700
3.3,0,300,"sd","09:34:57",59000
3.28,-0.02,100,"sd","09:33:41",58700
3.28,-0.02,11200,"sd","09:33:27",58600
3.3,0,8500,"sd","09:33:27",47400
3.31,0.01,300,"sd","09:33:27",38900
3.35,0.05,5000,"sd","09:32:23",38600
3.35,0.05,500,"sd","09:32:16",33600
3.36,0.06,1300,"sd","09:31:54",33100
3.36,0.06,800,"sd","09:31:10",31800
3.36,0.06,1000,"sd","09:29:29",31000
3.39,0.09,1700,"sd","09:26:41",30000
3.39,0.09,100,"sd","09:26:39",28300
3.39,0.09,1300,"sd","09:26:36",28200
3.39,0.09,100,"sd","09:26:16",26900
3.39,0.09,2300,"bu","09:25:39",26800
3.39,0.09,2900,"bu","09:25:00",24500
3.38,0.08,1000,"bu","09:25:00",21600
3.37,0.07,2400,"bu","09:25:00",20600
3.37,0.07,100,"bu","09:23:58",18200
3.36,0.06,100,"sd","09:23:43",18100
3.36,0.06,4500,"sd","09:23:40",18000
3.36,0.06,100,"bu","09:23:36",13500
3.35,0.05,4800,"bu","09:21:46",13400
3.35,0.05,2000,"bu","09:21:34",8600
3.34,0.04,2500,"bu","09:21:34",6600
3.33,0.03,400,"bu","09:21:34",4100
3.32,0.02,200,"bu","09:20:47",3700
3.31,0.01,100,"bu","09:20:32",3500
3.3,0,100,"sd","09:18:48",3400
3.3,0,500,"bu","09:17:53",3300
3.3,0,2000,"bu","09:17:15",2800
3.3,0,200,"bu","09:16:06",800
3.3,0,600,"","09:15:02",600
