"price","change","match_qtty","side","time","total_vol"
9.94,-0.21,57500,"","14:45:13",1164600
9.92,-0.23,1000,"bu","14:29:58",1107100
9.91,-0.24,400,"bu","14:29:43",1106100
9.91,-0.24,8000,"bu","14:29:32",1105700
9.91,-0.24,3200,"bu","14:29:28",1097700
9.91,-0.24,200,"bu","14:29:17",1094500
9.9,-0.25,5300,"bu","14:29:06",1094300
9.9,-0.25,200,"bu","14:28:24",1089000
9.9,-0.25,500,"sd","14:28:20",1088800
9.9,-0.25,300,"bu","14:28:11",1088300
9.9,-0.25,4300,"bu","14:27:56",1088000
9.89,-0.26,700,"bu","14:27:56",1083700
9.89,-0.26,300,"sd","14:27:47",1083000
9.89,-0.26,2000,"bu","14:27:39",1082700
9.89,-0.26,300,"bu","14:27:37",1080700
9.89,-0.26,100,"bu","14:27:15",1080400
9.89,-0.26,1000,"bu","14:27:14",1080300
9.89,-0.26,1200,"bu","14:27:12",1079300
9.89,-0.26,5000,"bu","14:27:07",1078100
9.89,-0.26,100,"bu","14:26:48",1073100
9.89,-0.26,4100,"bu","14:26:36",1073000
9.88,-0.27,400,"sd","14:26:32",1068900
9.88,-0.27,1000,"bu","14:26:09",1068500
9.88,-0.27,500,"bu","14:25:57",1067500
9.88,-0.27,500,"bu","14:25:56",1067000
9.88,-0.27,7600,"bu","14:24:48",1066500
9.87,-0.28,400,"sd","14:24:42",1058900
9.87,-0.28,200,"bu","14:21:52",1058500
9.85,-0.3,600,"bu","14:21:28",1058300
9.85,-0.3,400,"bu","14:20:56",1057700
9.84,-0.31,1000,"sd","14:20:37",1057300
9.82,-0.33,300,"sd","14:19:28",1056300
9.82,-0.33,100,"sd","14:18:35",1056000
9.81,-0.34,900,"sd","14:17:47",1055900
9.82,-0.33,100,"sd","14:17:47",1055000
9.81,-0.34,1000,"sd","14:16:54",1054900
9.81,-0.34,100,"sd","14:15:57",1053900
9.82,-0.33,1900,"sd","14:15:57",1053800
9.83,-0.32,2900,"sd","14:15:57",1051900
9.85,-0.3,1000,"sd","14:15:57",1049000
9.86,-0.29,100,"sd","14:15:57",1048000
9.83,-0.32,1500,"sd","14:12:58",1047900
9.89,-0.26,100,"bu","14:11:48",1046400
9.85,-0.3,5000,"bu","14:11:39",1046300
9.82,-0.33,4100,"bu","14:11:13",1041300
9.8,-0.35,1000,"bu","14:11:02",1037200
9.8,-0.35,100,"bu","14:11:00",1036200
9.8,-0.35,100,"bu","14:10:59",1036100
9.8,-0.35,100,"bu","14:10:57",1036000
9.8,-0.35,600,"bu","14:10:56",1035900
9.8,-0.35,200,"bu","14:10:49",1035300
9.8,-0.35,500,"bu","14:10:41",1035100
9.8,-0.35,3000,"bu","14:10:39",1034600
9.8,-0.35,900,"bu","14:10:39",1031600
9.8,-0.35,100,"sd","14:10:31",1030700
9.78,-0.37,3000,"sd","14:10:10",1030600
9.78,-0.37,400,"bu","14:09:38",1027600
9.78,-0.37,100,"sd","14:09:24",1027200
9.77,-0.38,1000,"sd","14:09:09",1027100
9.8,-0.35,500,"bu","14:09:02",1026100
9.8,-0.35,100,"bu","14:08:53",1025600
9.8,-0.35,500,"bu","14:08:48",1025500
9.8,-0.35,7300,"sd","14:08:47",1025000
9.82,-0.33,15000,"sd","14:08:36",1017700
9.84,-0.31,900,"sd","14:08:36",1002700
9.83,-0.32,1100,"bu","14:08:35",1001800
9.83,-0.32,3300,"sd","14:08:33",1000700
9.85,-0.3,100,"bu","14:08:15",997400
9.83,-0.32,12300,"sd","14:08:06",997300
9.84,-0.31,500,"sd","14:08:06",985000
9.85,-0.3,7200,"sd","14:08:06",984500
9.87,-0.28,100,"sd","14:07:54",977300
9.88,-0.27,400,"sd","14:07:36",977200
9.88,-0.27,800,"sd","14:07:27",976800
9.89,-0.26,500,"bu","14:07:00",976000
9.89,-0.26,3000,"sd","14:06:58",975500
9.89,-0.26,1000,"sd","14:06:52",972500
9.89,-0.26,4400,"sd","14:06:36",971500
9.9,-0.25,3900,"sd","14:06:18",967100
9.9,-0.25,2200,"sd","14:06:13",963200
9.91,-0.24,600,"bu","14:05:55",961000
9.91,-0.24,600,"sd","14:05:50",960400
9.91,-0.24,600,"bu","14:05:49",959800
9.91,-0.24,14700,"sd","14:05:38",959200
9.92,-0.23,500,"bu","14:05:37",944500
9.92,-0.23,100,"bu","14:05:21",944000
9.92,-0.23,3000,"bu","14:04:54",943900
9.91,-0.24,2000,"sd","14:04:36",940900
9.92,-0.23,4000,"bu","14:04:19",938900
9.92,-0.23,5600,"bu","14:04:08",934900
9.92,-0.23,100,"bu","14:03:32",929300
9.91,-0.24,4000,"sd","14:02:34",929200
9.91,-0.24,100,"sd","14:01:44",925200
9.91,-0.24,2700,"bu","14:01:09",925100
9.91,-0.24,2500,"sd","14:00:51",922400
9.92,-0.23,4400,"bu","14:00:48",919900
9.92,-0.23,400,"bu","14:00:02",915500
9.93,-0.22,100,"bu","13:59:06",915100
9.93,-0.22,3000,"bu","13:58:25",915000
9.94,-0.21,1000,"bu","13:55:09",912000
9.94,-0.21,500,"bu","13:54:10",911000
9.94,-0.21,5000,"bu","13:52:37",910500
9.94,-0.21,1000,"bu","13:52:10",905500
9.93,-0.22,1600,"sd","13:52:01",904500
9.94,-0.21,11000,"bu","13:51:58",902900
9.94,-0.21,2000,"sd","13:50:46",891900
9.95,-0.2,100,"bu","13:50:38",889900
9.94,-0.21,700,"bu","13:50:04",889800
9.94,-0.21,2000,"bu","13:50:00",889100
9.94,-0.21,600,"sd","13:49:35",887100
9.95,-0.2,100,"bu","13:49:04",886500
9.94,-0.21,100,"sd","13:48:52",886400
9.94,-0.21,4900,"sd","13:48:44",886300
9.95,-0.2,100,"sd","13:48:44",881400
9.95,-0.2,200,"sd","13:48:34",881300
9.95,-0.2,1000,"sd","13:47:57",881100
9.95,-0.2,3800,"bu","13:47:29",880100
9.94,-0.21,500,"sd","13:46:45",876300
9.95,-0.2,1100,"bu","13:46:38",875800
9.95,-0.2,2000,"bu","13:46:28",874700
9.95,-0.2,200,"bu","13:45:32",872700
9.95,-0.2,100,"bu","13:45:25",872500
9.95,-0.2,5000,"bu","13:44:19",872400
9.95,-0.2,500,"bu","13:44:10",867400
9.94,-0.21,1900,"bu","13:44:10",866900
9.94,-0.21,3100,"sd","13:44:06",865000
9.95,-0.2,900,"bu","13:43:55",861900
9.95,-0.2,5000,"bu","13:43:26",861000
9.93,-0.22,800,"bu","13:42:06",856000
9.93,-0.22,100,"bu","13:42:03",855200
9.93,-0.22,5000,"bu","13:41:57",855100
9.93,-0.22,2500,"bu","13:41:56",850100
9.93,-0.22,100,"bu","13:41:21",847600
9.93,-0.22,100,"bu","13:41:07",847500
9.93,-0.22,2000,"bu","13:40:55",847400
9.92,-0.23,400,"sd","13:39:17",845400
9.93,-0.22,5400,"bu","13:39:04",845000
9.92,-0.23,100,"sd","13:38:33",839600
9.93,-0.22,1000,"bu","13:38:20",839500
9.93,-0.22,10000,"bu","13:37:54",838500
9.91,-0.24,4400,"sd","13:37:53",828500
9.92,-0.23,2800,"sd","13:37:53",824100
9.92,-0.23,1500,"bu","13:37:30",821300
9.92,-0.23,500,"bu","13:37:09",819800
9.92,-0.23,100,"bu","13:37:02",819300
9.92,-0.23,100,"bu","13:36:37",819200
9.92,-0.23,2000,"bu","13:35:40",819100
9.92,-0.23,2300,"bu","13:34:54",817100
9.92,-0.23,1400,"bu","13:34:43",814800
9.9,-0.25,900,"bu","13:34:43",813400
9.9,-0.25,1000,"bu","13:34:41",812500
9.9,-0.25,500,"bu","13:34:39",811500
9.9,-0.25,300,"bu","13:34:29",810500
9.9,-0.25,1600,"sd","13:34:28",810200
9.92,-0.23,14000,"bu","13:34:22",808600
9.92,-0.23,1000,"bu","13:34:01",794600
9.92,-0.23,500,"bu","13:33:56",793600
9.9,-0.25,1700,"bu","13:33:49",793100
9.9,-0.25,1900,"bu","13:33:39",791400
9.9,-0.25,1000,"bu","13:33:34",789500
9.9,-0.25,5000,"bu","13:33:30",788500
9.9,-0.25,100,"bu","13:33:28",783500
9.9,-0.25,200,"bu","13:33:15",783400
9.9,-0.25,2000,"bu","13:33:07",783200
9.9,-0.25,1000,"bu","13:33:00",781200
9.89,-0.26,1000,"sd","13:32:44",780200
9.88,-0.27,1800,"bu","13:31:21",779200
9.88,-0.27,5300,"bu","13:31:15",777400
9.88,-0.27,100,"bu","13:31:11",772100
9.88,-0.27,800,"sd","13:30:54",772000
9.9,-0.25,1000,"bu","13:30:53",771200
9.88,-0.27,400,"bu","13:30:28",770200
9.88,-0.27,100,"bu","13:30:18",769800
9.87,-0.28,500,"sd","13:29:34",769700
9.86,-0.29,1000,"sd","13:28:39",769200
9.85,-0.3,1000,"sd","13:28:03",768200
9.86,-0.29,1000,"sd","13:28:00",767200
9.86,-0.29,700,"sd","13:27:34",766200
9.88,-0.27,3200,"sd","13:27:34",765500
9.89,-0.26,100,"sd","13:27:34",762300
9.89,-0.26,100,"bu","13:27:20",762200
9.89,-0.26,100,"bu","13:27:19",762100
9.89,-0.26,500,"bu","13:27:01",762000
9.89,-0.26,300,"sd","13:26:27",761500
9.89,-0.26,200,"bu","13:26:02",761200
9.89,-0.26,500,"sd","13:25:57",761000
9.89,-0.26,1000,"sd","13:25:47",760500
9.9,-0.25,100,"bu","13:25:17",759500
9.9,-0.25,1200,"sd","13:24:13",759400
9.9,-0.25,500,"sd","13:24:10",758200
9.89,-0.26,800,"bu","13:23:22",757700
9.9,-0.25,100,"sd","13:23:21",756900
9.9,-0.25,900,"bu","13:23:19",756800
9.9,-0.25,100,"bu","13:23:17",755900
9.9,-0.25,600,"sd","13:22:36",755800
9.9,-0.25,1000,"sd","13:22:19",755200
9.9,-0.25,900,"sd","13:21:57",754200
9.91,-0.24,100,"sd","13:21:57",753300
9.9,-0.25,700,"sd","13:20:28",753200
9.9,-0.25,1000,"sd","13:20:26",752500
9.9,-0.25,2500,"sd","13:20:11",751500
9.9,-0.25,1000,"sd","13:20:05",749000
9.9,-0.25,5000,"sd","13:19:57",748000
9.92,-0.23,100,"bu","13:19:55",743000
9.9,-0.25,10000,"sd","13:19:48",742900
9.9,-0.25,7000,"sd","13:19:39",732900
9.9,-0.25,100,"sd","13:19:35",725900
9.9,-0.25,300,"sd","13:19:08",725800
9.92,-0.23,100,"bu","13:18:40",724300
9.92,-0.23,900,"sd","13:18:21",724200
9.92,-0.23,2000,"sd","13:18:06",723300
9.92,-0.23,4000,"sd","13:17:35",721300
9.92,-0.23,700,"bu","13:16:28",717300
9.92,-0.23,500,"bu","13:16:24",716600
9.92,-0.23,10000,"bu","13:16:20",716100
9.92,-0.23,1000,"bu","13:16:10",706100
9.9,-0.25,500,"bu","13:16:00",705100
9.9,-0.25,3000,"bu","13:15:56",704600
9.9,-0.25,3100,"bu","13:15:55",701600
9.9,-0.25,2000,"bu","13:15:52",698500
9.9,-0.25,14300,"bu","13:15:49",696500
9.9,-0.25,1000,"bu","13:15:47",682200
9.9,-0.25,3500,"bu","13:15:44",681200
9.9,-0.25,1000,"bu","13:15:35",677700
9.9,-0.25,1000,"bu","13:15:33",676700
9.9,-0.25,1100,"bu","13:15:23",675700
9.9,-0.25,400,"bu","13:15:22",674600
9.9,-0.25,600,"bu","13:15:20",674200
9.9,-0.25,1000,"bu","13:14:59",673600
9.9,-0.25,2100,"bu","13:14:48",672600
9.9,-0.25,2000,"bu","13:14:42",670500
9.9,-0.25,1000,"bu","13:14:38",668500
9.9,-0.25,1300,"bu","13:14:23",667500
9.89,-0.26,3700,"bu","13:14:22",666200
9.89,-0.26,100,"bu","13:14:11",662500
9.88,-0.27,800,"sd","13:14:07",662400
9.89,-0.26,11600,"bu","13:14:06",661600
9.88,-0.27,200,"sd","13:13:57",650000
9.88,-0.27,700,"sd","13:13:51",649800
9.89,-0.26,100,"bu","13:13:51",649100
9.89,-0.26,1500,"bu","13:13:45",649000
9.88,-0.27,500,"sd","13:13:44",647500
9.88,-0.27,700,"bu","13:13:29",647000
9.88,-0.27,1100,"sd","13:13:20",646300
9.88,-0.27,500,"bu","13:13:10",645200
9.88,-0.27,500,"sd","13:13:02",644700
9.89,-0.26,3000,"bu","13:12:54",644200
9.86,-0.29,3800,"sd","13:12:47",641200
9.87,-0.28,1400,"sd","13:12:47",637400
9.86,-0.29,100,"sd","13:12:12",636000
9.86,-0.29,7800,"bu","13:11:27",635900
9.86,-0.29,500,"bu","13:11:26",628100
9.86,-0.29,1000,"bu","13:11:24",627600
9.86,-0.29,2000,"bu","13:11:11",626600
9.86,-0.29,1400,"bu","13:10:55",624600
9.86,-0.29,1000,"bu","13:10:53",623200
9.86,-0.29,800,"bu","13:10:18",622200
9.86,-0.29,100,"bu","13:10:09",621400
9.86,-0.29,400,"bu","13:10:05",621300
9.85,-0.3,1100,"sd","13:10:00",620900
9.86,-0.29,10000,"bu","13:09:32",619800
9.86,-0.29,100,"bu","13:09:12",609800
9.86,-0.29,200,"sd","13:08:52",609700
9.85,-0.3,1100,"sd","13:06:27",609500
9.87,-0.28,3200,"sd","13:06:27",608400
9.89,-0.26,700,"sd","13:06:27",605200
9.89,-0.26,1000,"sd","13:06:20",604500
9.89,-0.26,4100,"bu","13:06:03",603500
9.89,-0.26,500,"bu","13:05:52",599400
9.89,-0.26,800,"bu","13:05:17",598900
9.89,-0.26,1000,"bu","13:05:03",598100
9.87,-0.28,2000,"sd","13:04:54",597100
9.89,-0.26,4600,"bu","13:04:52",595100
9.88,-0.27,400,"bu","13:04:52",590500
9.88,-0.27,700,"bu","13:04:52",590100
9.88,-0.27,400,"bu","13:04:50",589400
9.88,-0.27,1000,"bu","13:04:22",589000
9.88,-0.27,300,"bu","13:04:16",588000
9.87,-0.28,5000,"bu","13:04:04",587700
9.84,-0.31,500,"bu","13:03:21",582700
9.83,-0.32,100,"sd","13:03:00",582200
9.83,-0.32,5000,"sd","13:02:51",582100
9.82,-0.33,1800,"bu","13:02:12",577100
9.8,-0.35,1800,"bu","13:02:12",575300
9.8,-0.35,25600,"sd","13:02:07",573500
9.8,-0.35,3000,"sd","13:02:05",547900
9.81,-0.34,7000,"sd","13:02:05",544900
9.82,-0.33,200,"sd","13:01:57",537900
9.82,-0.33,200,"bu","13:01:34",537700
9.8,-0.35,1100,"sd","13:01:32",537500
9.81,-0.34,200,"sd","13:01:32",536400
9.81,-0.34,1400,"sd","13:01:30",536200
9.82,-0.33,800,"bu","13:01:22",534800
9.81,-0.34,800,"sd","13:01:20",534000
9.82,-0.33,400,"sd","13:01:20",533200
9.82,-0.33,700,"bu","13:01:18",532800
9.82,-0.33,4300,"sd","13:01:17",532100
9.85,-0.3,200,"bu","13:00:57",527800
9.82,-0.33,4000,"sd","13:00:35",527600
9.83,-0.32,3500,"sd","13:00:35",523600
9.84,-0.31,2000,"sd","13:00:35",520100
9.84,-0.31,3000,"sd","13:00:26",518100
9.85,-0.3,200,"bu","13:00:16",515100
9.85,-0.3,1000,"bu","13:00:12",514900
9.86,-0.29,800,"sd","13:00:07",513900
9.87,-0.28,300,"sd","13:00:07",513100
9.88,-0.27,100,"sd","13:00:07",512800
9.9,-0.25,2000,"sd","13:00:03",512700
9.9,-0.25,1400,"sd","13:00:00",510700
9.91,-0.24,2500,"sd","13:00:00",509300
9.92,-0.23,8100,"sd","13:00:00",506800
9.92,-0.23,1900,"sd","13:00:00",498700
9.93,-0.22,500,"sd","13:00:00",496800
9.95,-0.2,100,"sd","13:00:00",496300
9.95,-0.2,500,"sd","11:29:44",496200
9.95,-0.2,3000,"sd","11:28:54",495700
9.95,-0.2,500,"sd","11:26:38",492700
9.95,-0.2,10000,"sd","11:26:30",492200
9.96,-0.19,100,"sd","11:26:11",482200
9.97,-0.18,400,"bu","11:24:09",482100
9.97,-0.18,1000,"sd","11:23:53",481700
9.97,-0.18,1000,"sd","11:23:31",480700
9.97,-0.18,600,"bu","11:19:13",479700
9.97,-0.18,2400,"sd","11:19:03",479100
9.97,-0.18,3000,"bu","11:17:09",476700
9.97,-0.18,700,"bu","11:16:05",473700
9.97,-0.18,200,"bu","11:15:56",473000
9.96,-0.19,500,"bu","11:15:25",472800
9.96,-0.19,500,"sd","11:14:51",472300
9.97,-0.18,4100,"sd","11:14:16",471800
9.97,-0.18,500,"sd","11:12:23",467700
9.97,-0.18,500,"sd","11:12:16",467200
9.97,-0.18,100,"sd","11:12:02",466700
9.97,-0.18,200,"bu","11:10:09",466600
9.98,-0.17,100,"bu","11:09:22",466400
9.97,-0.18,50000,"bu","11:09:15",466300
9.96,-0.19,100,"bu","11:09:01",416300
9.97,-0.18,600,"sd","11:08:04",416200
9.98,-0.17,1000,"sd","11:07:57",415600
9.98,-0.17,500,"bu","11:06:04",414600
9.99,-0.16,2000,"sd","10:53:31",414100
9.99,-0.16,3300,"sd","10:51:57",412100
9.99,-0.16,3000,"sd","10:45:31",408800
9.99,-0.16,5000,"sd","10:43:42",405800
9.99,-0.16,28000,"bu","10:42:36",400800
9.98,-0.17,13300,"bu","10:42:36",372800
9.97,-0.18,300,"sd","10:42:25",359500
9.98,-0.17,1700,"sd","10:42:04",359200
9.98,-0.17,300,"bu","10:42:03",357500
9.98,-0.17,2600,"sd","10:41:22",357200
9.98,-0.17,1000,"sd","10:39:54",354600
9.98,-0.17,3000,"sd","10:37:38",353600
9.98,-0.17,200,"bu","10:35:59",350600
9.98,-0.17,500,"bu","10:35:56",350400
9.98,-0.17,2000,"bu","10:35:43",349900
9.97,-0.18,3000,"sd","10:35:06",347900
9.97,-0.18,500,"sd","10:34:33",344900
9.98,-0.17,9700,"bu","10:34:29",344400
9.97,-0.18,2300,"sd","10:34:07",334700
9.98,-0.17,600,"bu","10:34:05",332400
9.97,-0.18,500,"sd","10:33:21",331800
9.96,-0.19,1400,"sd","10:33:11",331300
9.97,-0.18,600,"sd","10:33:11",329900
9.97,-0.18,5000,"sd","10:31:55",329300
9.98,-0.17,2100,"sd","10:31:43",324300
9.97,-0.18,4400,"sd","10:30:44",322200
9.99,-0.16,3800,"sd","10:29:39",317200
9.99,-0.16,10000,"sd","10:29:36",313400
10,-0.15,100,"bu","10:28:31",303400
10,-0.15,5000,"bu","10:27:07",303300
10,-0.15,100,"bu","10:26:58",298300
10,-0.15,2200,"bu","10:26:53",298200
10,-0.15,2800,"bu","10:26:52",296000
10,-0.15,1400,"bu","10:26:40",293200
10,-0.15,100,"bu","10:26:33",291800
10,-0.15,2000,"bu","10:26:27",291700
10,-0.15,100,"bu","10:26:10",289700
10,-0.15,900,"bu","10:25:57",289600
9.99,-0.16,6500,"sd","10:24:17",288700
10,-0.15,7700,"sd","10:24:09",282200
10.05,-0.1,100,"bu","10:22:21",274500
10.05,-0.1,400,"sd","10:21:12",274400
10.1,-0.05,5000,"bu","10:19:40",274000
10.1,-0.05,100,"bu","10:18:49",269000
10,-0.15,3000,"sd","10:18:47",268900
10,-0.15,1000,"sd","10:18:31",265900
9.98,-0.17,2700,"sd","10:16:42",264900
10,-0.15,500,"sd","10:16:40",262200
10,-0.15,7300,"sd","10:16:40",261700
10,-0.15,1900,"sd","10:16:23",254400
10.05,-0.1,1000,"sd","10:16:22",252500
10.1,-0.05,1500,"sd","10:16:09",251500
10.1,-0.05,400,"sd","10:15:28",250000
10.1,-0.05,10000,"sd","10:14:56",249600
10.1,-0.05,500,"sd","10:13:31",239600
10.1,-0.05,200,"sd","10:10:38",239100
10.1,-0.05,100,"sd","10:10:14",238900
10.1,-0.05,500,"bu","10:09:08",238800
10.1,-0.05,100,"bu","10:08:56",238300
10.1,-0.05,46500,"sd","10:07:40",238200
10.15,0,3400,"sd","10:07:40",191700
10.15,0,1800,"sd","10:07:23",188300
10.2,0.05,100,"sd","10:07:22",186500
10.2,0.05,600,"sd","10:07:02",186400
10.2,0.05,500,"sd","10:04:52",185800
10.25,0.1,2000,"bu","10:03:45",185300
10.25,0.1,400,"sd","10:02:36",183300
10.25,0.1,300,"sd","10:02:20",182900
10.25,0.1,900,"bu","10:01:36",182600
10.25,0.1,200,"bu","10:01:28",181700
10.25,0.1,1200,"bu","10:01:06",181500
10.25,0.1,1000,"bu","10:00:08",180300
10.25,0.1,1000,"bu","09:59:55",179300
10.25,0.1,200,"bu","09:59:37",178300
10.25,0.1,3000,"bu","09:59:34",178100
10.2,0.05,3300,"bu","09:59:04",175100
10.15,0,800,"sd","09:49:56",171800
10.2,0.05,100,"bu","09:48:55",171000
10.2,0.05,200,"bu","09:48:51",170900
10.2,0.05,1000,"bu","09:48:43",170700
10.2,0.05,1000,"bu","09:48:13",169700
10.2,0.05,1000,"bu","09:47:49",168700
10.1,-0.05,200,"sd","09:45:44",167700
10.15,0,500,"bu","09:45:01",167500
10.15,0,1000,"bu","09:44:04",167000
10.1,-0.05,3500,"bu","09:43:28",166000
10.15,0,100,"bu","09:42:25",162500
10,-0.15,8700,"sd","09:42:13",162400
10,-0.15,800,"sd","09:41:03",153700
10.05,-0.1,1300,"sd","09:41:03",152900
10,-0.15,400,"sd","09:37:52",151600
10,-0.15,100,"sd","09:37:22",151200
10,-0.15,100,"sd","09:36:18",151100
10.15,0,600,"bu","09:35:26",151000
10,-0.15,4900,"sd","09:34:17",150400
10.1,-0.05,5600,"sd","09:33:46",145500
10.1,-0.05,1000,"sd","09:33:36",139900
10.1,-0.05,300,"sd","09:33:35",138900
10.15,0,500,"bu","09:33:14",138600
10.2,0.05,500,"sd","09:31:48",138100
10.25,0.1,1100,"bu","09:31:47",137600
10.2,0.05,800,"bu","09:30:45",136500
10.2,0.05,21300,"sd","09:30:02",135700
10.3,0.15,500,"sd","09:29:43",114400
10.4,0.25,300,"bu","09:29:37",113900
10.3,0.15,2500,"bu","09:29:20",113600
10.3,0.15,5000,"bu","09:29:13",111100
10.2,0.05,1500,"sd","09:28:40",106100
10.2,0.05,2400,"bu","09:28:08",104600
10.2,0.05,200,"bu","09:28:06",102200
10.2,0.05,500,"bu","09:27:39",102000
10.2,0.05,2300,"bu","09:27:34",101500
10.2,0.05,16000,"bu","09:27:19",99200
10,-0.15,500,"sd","09:26:16",83200
10,-0.15,200,"bu","09:26:15",82700
9.98,-0.17,1000,"sd","09:26:14",82500
9.98,-0.17,100,"bu","09:25:29",81500
9.98,-0.17,600,"bu","09:25:21",81400
9.98,-0.17,100,"bu","09:25:21",80800
9.98,-0.17,500,"bu","09:24:57",80700
9.98,-0.17,100,"bu","09:24:14",80200
9.9,-0.25,500,"sd","09:24:13",80100
9.98,-0.17,4000,"bu","09:24:00",79600
9.9,-0.25,1000,"bu","09:24:00",75600
9.9,-0.25,1000,"bu","09:23:59",74600
9.9,-0.25,3000,"bu","09:23:57",73600
9.9,-0.25,100,"bu","09:23:50",70600
9.89,-0.26,800,"bu","09:23:40",70500
9.89,-0.26,600,"bu","09:23:38",69700
9.89,-0.26,100,"bu","09:23:34",69100
9.89,-0.26,500,"bu","09:23:32",69000
9.88,-0.27,100,"bu","09:23:25",68500
9.88,-0.27,1000,"bu","09:23:23",68400
9.88,-0.27,200,"bu","09:23:14",67400
9.88,-0.27,600,"bu","09:23:09",67200
9.86,-0.29,400,"sd","09:23:00",66600
9.86,-0.29,800,"bu","09:22:51",66200
9.86,-0.29,100,"bu","09:22:50",65400
9.86,-0.29,100,"bu","09:22:47",65300
9.86,-0.29,500,"bu","09:22:23",65200
9.83,-0.32,2600,"sd","09:22:21",64700
9.84,-0.31,200,"sd","09:22:21",62100
9.86,-0.29,500,"bu","09:22:12",61900
9.84,-0.31,2000,"sd","09:22:10",61400
9.85,-0.3,600,"sd","09:22:09",59400
9.86,-0.29,100,"sd","09:22:08",58800
9.88,-0.27,10000,"bu","09:21:52",58700
9.86,-0.29,100,"bu","09:21:42",48700
9.85,-0.3,500,"sd","09:21:20",48600
9.86,-0.29,200,"bu","09:21:20",48100
9.88,-0.27,100,"bu","09:21:05",47900
9.88,-0.27,500,"bu","09:21:03",47800
9.89,-0.26,4000,"bu","09:20:45",47300
9.89,-0.26,200,"bu","09:20:35",43300
9.89,-0.26,100,"bu","09:20:25",43100
9.89,-0.26,1000,"bu","09:20:10",43000
9.9,-0.25,1000,"bu","09:19:48",42000
9.9,-0.25,500,"sd","09:19:11",41000
9.9,-0.25,1000,"sd","09:19:08",40500
9.9,-0.25,2000,"sd","09:19:05",39500
9.9,-0.25,2000,"sd","09:18:31",37500
9.9,-0.25,500,"sd","09:18:07",35500
9.99,-0.16,400,"sd","09:18:07",35000
9.99,-0.16,600,"bu","09:18:06",34600
9.99,-0.16,200,"bu","09:17:57",34000
10,-0.15,200,"sd","09:16:48",33800
10.05,-0.1,100,"sd","09:16:23",33600
10.1,-0.05,100,"bu","09:15:45",33500
10.1,-0.05,500,"sd","09:15:38",33400
10.15,0,6200,"sd","09:15:27",32900
10.2,0.05,2400,"sd","09:15:26",26700
10.2,0.05,1300,"sd","09:15:06",24300
10.2,0.05,23000,"","09:15:01",23000
