"price","change","match_qtty","side","time","total_vol"
37.5,0.8,246200,"","14:45:09",2225000
37.35,0.65,8300,"bu","14:29:56",1978800
37.35,0.65,2500,"bu","14:29:55",1970500
37.35,0.65,4900,"bu","14:29:50",1968000
37.3,0.6,100,"sd","14:29:44",1963100
37.35,0.65,100,"bu","14:29:43",1963000
37.35,0.65,2000,"bu","14:29:40",1962900
37.35,0.65,10100,"bu","14:29:38",1960900
37.3,0.6,200,"sd","14:29:31",1950800
37.3,0.6,51700,"bu","14:29:28",1950600
37.3,0.6,300,"bu","14:29:27",1898900
37.3,0.6,1000,"bu","14:29:24",1898600
37.3,0.6,200,"bu","14:29:22",1897600
37.25,0.55,5000,"sd","14:29:22",1897400
37.3,0.6,1000,"bu","14:29:20",1892400
37.3,0.6,200,"bu","14:29:20",1891400
37.3,0.6,1100,"bu","14:29:16",1891200
37.3,0.6,1000,"bu","14:29:14",1890100
37.3,0.6,10000,"bu","14:29:11",1889100
37.25,0.55,15300,"sd","14:29:09",1879100
37.25,0.55,600,"sd","14:29:02",1863800
37.3,0.6,5000,"bu","14:29:01",1863200
37.25,0.55,2700,"bu","14:28:54",1858200
37.25,0.55,6900,"bu","14:28:52",1855500
37.25,0.55,17200,"bu","14:28:50",1848600
37.2,0.5,8000,"sd","14:28:48",1831400
37.25,0.55,500,"bu","14:28:47",1823400
37.25,0.55,2100,"bu","14:28:46",1822900
37.2,0.5,200,"sd","14:28:35",1820800
37.25,0.55,10000,"bu","14:28:33",1820600
37.2,0.5,600,"sd","14:28:30",1810600
37.2,0.5,500,"sd","14:28:24",1810000
37.2,0.5,600,"sd","14:28:21",1809500
37.2,0.5,600,"sd","14:28:17",1808900
37.2,0.5,1500,"sd","14:28:12",1808300
37.2,0.5,5000,"sd","14:28:06",1806800
37.2,0.5,300,"sd","14:28:05",1801800
37.2,0.5,2200,"bu","14:27:53",1801500
37.2,0.5,1300,"bu","14:27:49",1799300
37.2,0.5,2500,"sd","14:27:46",1798000
37.25,0.55,4000,"bu","14:27:38",1795500
37.2,0.5,1000,"bu","14:27:38",1791500
37.2,0.5,100,"bu","14:27:35",1790500
37.2,0.5,200,"sd","14:27:33",1790400
37.2,0.5,100,"sd","14:27:23",1790200
37.2,0.5,400,"bu","14:27:21",1790100
37.2,0.5,2800,"bu","14:27:16",1789700
37.2,0.5,100,"sd","14:27:12",1786900
37.2,0.5,1900,"bu","14:27:08",1786800
37.2,0.5,12500,"bu","14:27:04",1784900
37.2,0.5,2000,"bu","14:26:59",1772400
37.2,0.5,5000,"bu","14:26:54",1770400
37.2,0.5,5000,"bu","14:26:52",1765400
37.15,0.45,500,"sd","14:26:42",1760400
37.2,0.5,1000,"bu","14:26:41",1759900
37.2,0.5,2000,"bu","14:26:36",1758900
37.2,0.5,1500,"bu","14:26:25",1756900
37.2,0.5,500,"bu","14:26:12",1755400
37.2,0.5,2000,"bu","14:26:04",1754900
37.2,0.5,100,"bu","14:26:02",1752900
37.2,0.5,10000,"bu","14:25:55",1752800
37.2,0.5,8400,"bu","14:25:53",1742800
37.15,0.45,1600,"bu","14:25:53",1734400
37.1,0.4,500,"bu","14:25:42",1732800
37.1,0.4,700,"bu","14:25:41",1732300
37.1,0.4,9900,"bu","14:25:36",1731600
37.1,0.4,20000,"bu","14:25:32",1721700
37.05,0.35,1300,"bu","14:25:29",1701700
37.05,0.35,5000,"bu","14:25:28",1700400
37.05,0.35,400,"bu","14:25:25",1695400
37.05,0.35,100,"bu","14:25:19",1695000
37.05,0.35,200,"bu","14:25:18",1694900
37.05,0.35,400,"bu","14:25:12",1694700
37.05,0.35,2000,"bu","14:25:09",1694300
37.05,0.35,5000,"bu","14:25:03",1692300
37.05,0.35,1000,"bu","14:25:00",1687300
37.05,0.35,100,"bu","14:24:57",1686300
37.05,0.35,4000,"bu","14:24:51",1686200
37,0.3,100,"sd","14:24:46",1682200
37.05,0.35,500,"bu","14:24:45",1682100
37,0.3,14000,"sd","14:23:59",1681600
37,0.3,500,"sd","14:23:44",1667600
37,0.3,500,"sd","14:23:22",1667100
37.05,0.35,800,"bu","14:23:20",1666600
37.05,0.35,4000,"bu","14:22:59",1665800
37,0.3,100,"sd","14:22:48",1661800
37,0.3,100,"sd","14:22:42",1661700
37,0.3,1900,"sd","14:22:20",1661600
37.05,0.35,5000,"bu","14:22:18",1659700
37,0.3,300,"sd","14:22:03",1654700
37,0.3,7200,"bu","14:21:41",1654400
37,0.3,2400,"bu","14:20:58",1647200
37,0.3,300,"bu","14:20:26",1644800
37,0.3,500,"bu","14:19:34",1644500
37,0.3,100,"sd","14:19:31",1644000
37,0.3,1000,"sd","14:19:17",1643900
37,0.3,2000,"sd","14:19:12",1642900
37,0.3,200,"sd","14:18:56",1640900
37,0.3,100,"sd","14:18:40",1640700
37,0.3,2000,"sd","14:18:31",1640600
37,0.3,300,"bu","14:18:21",1638600
37,0.3,3800,"bu","14:17:49",1638300
37,0.3,5700,"sd","14:17:24",1634500
37,0.3,500,"sd","14:17:23",1628800
37,0.3,5000,"sd","14:17:18",1628300
37,0.3,1000,"sd","14:17:09",1623300
37,0.3,500,"sd","14:17:08",1622300
37,0.3,1000,"sd","14:16:44",1621800
37,0.3,23000,"bu","14:16:24",1620800
37,0.3,10000,"bu","14:16:19",1597800
37,0.3,2000,"bu","14:16:12",1587800
36.95,0.25,500,"sd","14:15:02",1585800
36.95,0.25,1200,"sd","14:14:56",1585300
36.95,0.25,300,"sd","14:13:56",1584100
37,0.3,500,"bu","14:13:34",1583800
36.95,0.25,2100,"sd","14:13:24",1583300
36.95,0.25,300,"sd","14:13:23",1581200
36.95,0.25,100,"sd","14:12:44",1580900
36.95,0.25,700,"bu","14:11:19",1580800
36.95,0.25,4000,"bu","14:11:11",1580100
36.95,0.25,1900,"sd","14:10:34",1576100
36.95,0.25,200,"sd","14:10:27",1574200
36.95,0.25,200,"sd","14:10:23",1574000
36.95,0.25,1300,"sd","14:10:08",1573800
36.95,0.25,1000,"sd","14:10:04",1572500
36.95,0.25,1000,"sd","14:09:46",1571500
36.95,0.25,500,"sd","14:09:35",1570500
36.95,0.25,7400,"sd","14:09:18",1570000
36.95,0.25,100,"sd","14:09:07",1562600
36.95,0.25,500,"sd","14:08:45",1562500
36.95,0.25,2100,"sd","14:08:36",1562000
36.95,0.25,1000,"sd","14:08:20",1559900
36.95,0.25,100,"sd","14:07:40",1558900
36.95,0.25,600,"sd","14:07:14",1558800
36.95,0.25,200,"sd","14:07:07",1558200
37.1,0.4,5000,"bu","14:07:03",1558000
37.1,0.4,200,"bu","14:07:00",1553000
36.95,0.25,1000,"sd","14:06:48",1552800
37.1,0.4,5200,"bu","14:06:42",1551800
37,0.3,2000,"bu","14:06:42",1546600
37,0.3,7800,"bu","14:06:41",1544600
36.95,0.25,1000,"sd","14:06:33",1536800
36.95,0.25,300,"sd","14:04:36",1535800
36.95,0.25,600,"bu","14:03:30",1535500
36.95,0.25,1400,"sd","14:03:12",1534900
36.95,0.25,300,"sd","14:03:08",1533500
36.95,0.25,100,"sd","14:03:00",1533200
36.95,0.25,200,"sd","14:02:54",1533100
36.95,0.25,1400,"bu","14:02:28",1532900
36.95,0.25,200,"bu","14:02:25",1531500
36.95,0.25,5000,"bu","14:02:20",1531300
36.95,0.25,700,"bu","14:02:18",1526300
36.95,0.25,5000,"bu","14:01:52",1525600
36.95,0.25,1000,"sd","14:01:45",1520600
36.95,0.25,23300,"sd","14:01:44",1519600
37,0.3,3000,"bu","14:01:12",1496300
36.95,0.25,1000,"sd","13:58:47",1493300
36.95,0.25,3000,"sd","13:58:44",1492300
36.95,0.25,100,"sd","13:58:09",1489300
37,0.3,300,"bu","13:57:54",1489200
37,0.3,5000,"bu","13:57:21",1488900
37,0.3,100,"bu","13:56:46",1483900
36.95,0.25,100,"sd","13:56:44",1483800
36.95,0.25,300,"sd","13:56:18",1483700
36.95,0.25,500,"sd","13:55:06",1483400
36.95,0.25,100,"sd","13:54:17",1482900
36.95,0.25,800,"sd","13:52:52",1482800
36.95,0.25,700,"sd","13:52:37",1482000
36.95,0.25,600,"sd","13:52:11",1481300
37,0.3,1500,"bu","13:52:04",1480700
36.95,0.25,2200,"sd","13:51:47",1479200
37,0.3,2800,"sd","13:51:12",1477000
37,0.3,30000,"sd","13:50:51",1474200
37.05,0.35,8000,"sd","13:50:28",1444200
37.05,0.35,1000,"sd","13:49:52",1436200
37.05,0.35,1000,"sd","13:49:28",1435200
37.05,0.35,8200,"sd","13:49:11",1434200
37.1,0.4,1900,"sd","13:48:57",1426000
37.1,0.4,5000,"sd","13:48:55",1424100
37.1,0.4,200,"sd","13:48:50",1419100
37.15,0.45,6000,"bu","13:48:45",1418900
37.1,0.4,1000,"sd","13:48:31",1412900
37.1,0.4,5300,"sd","13:48:23",1411900
37.1,0.4,600,"sd","13:48:16",1406600
37.1,0.4,200,"sd","13:48:07",1406000
37.15,0.45,1900,"bu","13:48:01",1405800
37.15,0.45,1300,"sd","13:47:47",1403900
37.15,0.45,2000,"sd","13:47:38",1402600
37.15,0.45,200,"sd","13:47:35",1400600
37.15,0.45,5800,"sd","13:47:12",1400400
37.15,0.45,300,"sd","13:47:10",1394600
37.15,0.45,200,"sd","13:47:03",1394300
37.2,0.5,600,"bu","13:46:41",1394100
37.15,0.45,200,"sd","13:46:41",1393500
37.2,0.5,1900,"bu","13:46:10",1393300
37.2,0.5,500,"sd","13:45:59",1391400
37.2,0.5,700,"bu","13:45:32",1390900
37.2,0.5,1800,"sd","13:45:28",1390200
37.2,0.5,200,"sd","13:45:13",1388400
37.25,0.55,300,"bu","13:45:09",1388200
37.2,0.5,3000,"sd","13:45:08",1387900
37.25,0.55,100,"bu","13:44:51",1384900
37.2,0.5,1000,"sd","13:44:40",1384800
37.25,0.55,3000,"bu","13:44:38",1383800
37.25,0.55,900,"bu","13:44:36",1380800
37.25,0.55,100,"bu","13:44:32",1379900
37.25,0.55,400,"bu","13:44:12",1379800
37.3,0.6,1000,"bu","13:43:57",1379400
37.25,0.55,1200,"bu","13:43:57",1378400
37.25,0.55,15000,"bu","13:43:46",1377200
37.2,0.5,100,"sd","13:43:29",1362200
37.25,0.55,400,"bu","13:43:26",1362100
37.25,0.55,600,"bu","13:43:08",1361700
37.25,0.55,100,"bu","13:42:48",1361100
37.25,0.55,1100,"bu","13:42:47",1361000
37.2,0.5,600,"bu","13:42:47",1359900
37.2,0.5,1000,"bu","13:42:22",1359300
37.2,0.5,5000,"bu","13:42:21",1358300
37.15,0.45,100,"sd","13:42:17",1353300
37.15,0.45,200,"sd","13:42:15",1353200
37.15,0.45,200,"sd","13:42:09",1353000
37.15,0.45,400,"sd","13:41:54",1352800
37.2,0.5,500,"bu","13:41:19",1352400
37.2,0.5,100,"bu","13:40:54",1351900
37.2,0.5,300,"bu","13:40:31",1351800
37.2,0.5,2200,"sd","13:40:23",1351500
37.2,0.5,1800,"bu","13:40:19",1349300
37.2,0.5,100,"bu","13:40:16",1347500
37.2,0.5,200,"bu","13:40:14",1347400
37.2,0.5,900,"sd","13:40:09",1347200
37.2,0.5,5000,"sd","13:40:07",1346300
37.25,0.55,1500,"bu","13:39:55",1341300
37.2,0.5,22500,"bu","13:39:19",1339800
37.15,0.45,300,"sd","13:39:06",1317300
37.15,0.45,3000,"sd","13:38:49",1317000
37.15,0.45,200,"sd","13:38:27",1314000
37.15,0.45,300,"sd","13:38:26",1313800
37.15,0.45,12000,"sd","13:38:10",1313500
37.15,0.45,500,"sd","13:38:02",1301500
37.15,0.45,4000,"sd","13:37:40",1301000
37.15,0.45,1200,"sd","13:37:39",1297000
37.15,0.45,100,"bu","13:37:11",1295800
37.15,0.45,100,"bu","13:37:09",1295700
37.15,0.45,300,"sd","13:36:56",1295600
37.15,0.45,300,"sd","13:36:42",1295300
37.15,0.45,2000,"sd","13:36:32",1295000
37.2,0.5,2400,"sd","13:36:02",1293000
37.2,0.5,5100,"sd","13:35:20",1290600
37.25,0.55,2500,"sd","13:35:20",1285500
37.25,0.55,300,"bu","13:35:19",1283000
37.25,0.55,600,"bu","13:34:58",1282700
37.25,0.55,400,"bu","13:34:45",1282100
37.25,0.55,1500,"bu","13:34:43",1281700
37.25,0.55,1100,"bu","13:34:43",1280200
37.25,0.55,100,"bu","13:34:28",1279100
37.25,0.55,2500,"bu","13:33:58",1279000
37.25,0.55,3000,"bu","13:33:54",1276500
37.25,0.55,100,"bu","13:33:41",1273500
37.2,0.5,100,"sd","13:33:34",1273400
37.2,0.5,100,"sd","13:33:32",1273300
37.25,0.55,10000,"bu","13:33:30",1273200
37.2,0.5,100,"sd","13:33:25",1263200
37.2,0.5,2700,"bu","13:32:38",1263100
37.2,0.5,3000,"bu","13:32:36",1260400
37.2,0.5,5000,"bu","13:32:34",1257400
37.2,0.5,1000,"bu","13:32:32",1252400
37.2,0.5,2000,"bu","13:32:31",1251400
37.2,0.5,4000,"bu","13:32:26",1249400
37.2,0.5,5000,"bu","13:32:15",1245400
37.15,0.45,200,"sd","13:32:07",1240400
37.2,0.5,10000,"bu","13:32:07",1240200
37.2,0.5,5200,"bu","13:32:06",1230200
37.15,0.45,100,"sd","13:31:51",1225000
37.15,0.45,5000,"sd","13:31:48",1224900
37.2,0.5,1600,"bu","13:31:39",1219900
37.15,0.45,5000,"sd","13:31:32",1218300
37.15,0.45,12500,"bu","13:31:29",1213300
37.15,0.45,300,"bu","13:31:27",1200800
37.15,0.45,100,"bu","13:31:23",1200500
37.15,0.45,3000,"bu","13:31:13",1200400
37.15,0.45,1200,"bu","13:31:01",1197400
37.1,0.4,9800,"bu","13:31:01",1196200
37.1,0.4,200,"sd","13:30:59",1186400
37.1,0.4,4800,"bu","13:30:51",1186200
37.05,0.35,200,"bu","13:30:26",1181400
37,0.3,400,"sd","13:29:44",1181200
37.05,0.35,2600,"sd","13:29:44",1180800
37,0.3,5000,"sd","13:29:17",1178200
37.05,0.35,500,"bu","13:28:43",1173200
37.05,0.35,1000,"bu","13:28:17",1172700
37.05,0.35,100,"bu","13:27:47",1171700
37.05,0.35,2000,"bu","13:27:31",1171600
37.05,0.35,100,"bu","13:27:14",1169600
37.05,0.35,200,"bu","13:26:54",1169500
37.05,0.35,2000,"bu","13:26:43",1169300
37,0.3,100,"sd","13:26:37",1167300
37.05,0.35,9000,"bu","13:26:33",1167200
37,0.3,100,"bu","13:25:40",1158200
37,0.3,800,"bu","13:25:32",1158100
37,0.3,200,"sd","13:25:29",1157300
37.05,0.35,1000,"bu","13:25:26",1157100
37,0.3,500,"sd","13:25:26",1156100
37,0.3,1000,"bu","13:25:00",1155600
37,0.3,200,"bu","13:24:16",1154600
37,0.3,1600,"bu","13:23:48",1154400
37,0.3,400,"sd","13:23:30",1152800
37,0.3,1300,"bu","13:23:00",1152400
37,0.3,3000,"bu","13:22:57",1151100
37,0.3,200,"bu","13:22:29",1148100
37,0.3,1500,"bu","13:22:19",1147900
37,0.3,1000,"bu","13:22:07",1146400
36.95,0.25,200,"sd","13:21:51",1145400
37,0.3,200,"bu","13:20:59",1145200
37,0.3,1200,"sd","13:20:41",1145000
37.05,0.35,100,"bu","13:20:37",1143800
37.05,0.35,1000,"bu","13:20:15",1143700
37,0.3,2500,"sd","13:20:10",1142700
37,0.3,100,"sd","13:20:05",1140200
37,0.3,500,"sd","13:19:56",1140100
37.05,0.35,100,"sd","13:19:53",1139600
37.05,0.35,2000,"sd","13:19:47",1139500
37.05,0.35,500,"sd","13:19:35",1137500
37.1,0.4,300,"sd","13:19:20",1137000
37.1,0.4,400,"sd","13:19:19",1136700
37.1,0.4,300,"bu","13:19:14",1136300
37.1,0.4,100,"bu","13:18:52",1136000
37.1,0.4,1500,"bu","13:18:50",1135900
37.1,0.4,3000,"bu","13:18:39",1134400
37.05,0.35,3000,"sd","13:18:34",1131400
37.1,0.4,1000,"bu","13:18:33",1128400
37.05,0.35,100,"sd","13:18:03",1127400
37.1,0.4,300,"bu","13:17:43",1127300
37.1,0.4,8900,"sd","13:17:41",1127000
37.1,0.4,1400,"sd","13:17:28",1118100
37.2,0.5,3600,"sd","13:17:28",1116700
37.3,0.6,8700,"bu","13:17:27",1113100
37.25,0.55,100,"sd","13:17:25",1104400
37.25,0.55,800,"sd","13:17:24",1104300
37.25,0.55,13900,"bu","13:17:23",1103500
37.25,0.55,3000,"bu","13:17:19",1089600
37.2,0.5,300,"sd","13:17:14",1086600
37.2,0.5,6200,"bu","13:17:13",1086300
37.2,0.5,600,"bu","13:16:54",1080100
37.2,0.5,100,"sd","13:16:38",1079500
37.25,0.55,100,"bu","13:16:35",1079400
37.25,0.55,4200,"bu","13:16:27",1079300
37.25,0.55,100,"bu","13:16:17",1075100
37.25,0.55,200,"bu","13:16:10",1075000
37.3,0.6,1000,"bu","13:15:57",1074800
37.2,0.5,3000,"sd","13:15:56",1073800
37.3,0.6,7500,"bu","13:15:46",1070800
37.25,0.55,2500,"bu","13:15:46",1063300
37.2,0.5,3300,"bu","13:15:36",1060800
37.2,0.5,5000,"bu","13:15:29",1057500
37.15,0.45,500,"sd","13:15:16",1052500
37.2,0.5,600,"bu","13:15:10",1052000
37.2,0.5,5000,"bu","13:15:05",1051400
37.2,0.5,400,"bu","13:15:02",1046400
37.2,0.5,4200,"bu","13:14:55",1046000
37.15,0.45,600,"bu","13:14:39",1041800
37.15,0.45,5000,"bu","13:14:38",1041200
37.15,0.45,2000,"bu","13:14:35",1036200
37.1,0.4,1000,"sd","13:14:25",1034200
37.1,0.4,100,"bu","13:14:00",1033200
37.1,0.4,100,"bu","13:13:51",1033100
37.1,0.4,2000,"bu","13:13:41",1033000
37.05,0.35,2900,"bu","13:13:22",1031000
37.05,0.35,5000,"bu","13:13:17",1028100
37,0.3,5100,"bu","13:13:09",1023100
37,0.3,21500,"bu","13:13:09",1018000
37,0.3,200,"bu","13:13:06",996500
37,0.3,1700,"bu","13:13:02",996300
37,0.3,10000,"bu","13:12:57",994600
37,0.3,27700,"bu","13:12:55",984600
37,0.3,100,"bu","13:12:45",956900
36.95,0.25,8300,"bu","13:12:22",956800
36.95,0.25,8200,"bu","13:12:12",948500
36.9,0.2,200,"sd","13:11:56",940300
36.9,0.2,500,"sd","13:11:52",940100
36.9,0.2,300,"bu","13:11:50",939600
36.9,0.2,4300,"bu","13:11:49",939300
36.9,0.2,400,"bu","13:11:31",935000
36.9,0.2,10000,"bu","13:10:50",934600
36.9,0.2,800,"bu","13:10:32",924600
36.85,0.15,1700,"bu","13:10:32",923800
36.85,0.15,11000,"bu","13:10:29",922100
36.85,0.15,4500,"bu","13:10:16",911100
36.8,0.1,1900,"bu","13:09:55",906600
36.8,0.1,100,"bu","13:09:52",904700
36.8,0.1,2000,"bu","13:09:45",904600
36.75,0.05,1600,"sd","13:09:05",902600
36.8,0.1,8000,"sd","13:09:05",901000
36.85,0.15,1900,"sd","13:09:05",893000
36.85,0.15,8100,"bu","13:08:54",891100
36.8,0.1,2000,"bu","13:08:53",883000
36.8,0.1,200,"sd","13:08:49",881000
36.8,0.1,2000,"sd","13:08:46",880800
36.85,0.15,4200,"bu","13:08:44",878800
36.8,0.1,600,"sd","13:08:33",874600
36.85,0.15,100,"bu","13:08:27",874000
36.8,0.1,2000,"sd","13:08:26",873900
36.8,0.1,2900,"bu","13:07:11",871900
36.8,0.1,200,"bu","13:07:08",869000
36.8,0.1,300,"bu","13:07:01",868800
36.8,0.1,2500,"bu","13:06:29",868500
36.8,0.1,500,"bu","13:06:03",866000
36.8,0.1,7500,"bu","13:05:55",865500
36.75,0.05,500,"sd","13:05:54",858000
36.8,0.1,4100,"bu","13:05:48",852500
36.75,0.05,1000,"sd","13:05:06",848400
36.75,0.05,3100,"bu","13:04:05",847400
36.75,0.05,10000,"bu","13:03:47",844300
36.7,0,100,"sd","13:03:35",834300
36.7,0,100,"sd","13:03:15",834200
36.7,0,1000,"sd","13:02:36",834100
36.75,0.05,4200,"bu","13:02:34",833100
36.7,0,500,"sd","13:01:26",828900
36.75,0.05,1100,"bu","13:01:25",828400
36.75,0.05,4200,"bu","13:01:00",827300
36.7,0,800,"sd","13:00:50",823100
36.7,0,1000,"sd","13:00:15",822300
36.7,0,2000,"sd","13:00:14",821300
36.7,0,200,"sd","13:00:13",819300
36.7,0,100,"sd","13:00:09",819100
36.75,0.05,100,"bu","13:00:07",819000
36.7,0,100,"sd","13:00:02",818900
36.7,0,2500,"sd","13:00:00",818800
36.75,0.05,200,"sd","13:00:00",816300
36.75,0.05,400,"bu","11:29:29",816100
36.75,0.05,100,"sd","11:29:15",815700
36.75,0.05,1000,"sd","11:29:05",815600
36.75,0.05,1000,"sd","11:28:52",814600
36.75,0.05,3800,"sd","11:27:59",813600
36.8,0.1,600,"bu","11:27:20",809800
36.8,0.1,1600,"sd","11:26:48",809200
36.8,0.1,3000,"sd","11:26:46",807600
36.8,0.1,200,"sd","11:25:58",804600
36.8,0.1,400,"bu","11:25:40",804400
36.8,0.1,600,"sd","11:25:22",804000
36.8,0.1,10100,"sd","11:24:56",803400
36.8,0.1,1900,"sd","11:24:55",793300
36.85,0.15,600,"bu","11:24:27",791400
36.85,0.15,300,"bu","11:23:51",790800
36.8,0.1,100,"sd","11:23:47",790500
36.8,0.1,300,"sd","11:23:19",790400
36.85,0.15,600,"bu","11:23:01",790100
36.85,0.15,600,"bu","11:22:18",789500
36.85,0.15,600,"bu","11:21:34",788900
36.85,0.15,1700,"sd","11:21:11",788300
36.85,0.15,500,"sd","11:20:50",786600
36.9,0.2,900,"bu","11:20:02",786100
36.85,0.15,18100,"bu","11:20:02",785200
36.85,0.15,500,"bu","11:19:33",767100
36.85,0.15,600,"bu","11:19:25",766600
36.85,0.15,600,"bu","11:18:42",766000
36.85,0.15,600,"bu","11:17:59",765400
36.85,0.15,1000,"bu","11:17:55",764800
36.8,0.1,1000,"sd","11:17:53",763800
36.85,0.15,1000,"bu","11:17:49",762800
36.85,0.15,600,"bu","11:17:16",761800
36.85,0.15,100,"bu","11:17:13",761200
36.8,0.1,300,"sd","11:16:55",761100
36.8,0.1,100,"sd","11:16:35",760800
36.8,0.1,7000,"sd","11:16:23",760700
36.8,0.1,8300,"bu","11:15:53",753700
36.8,0.1,600,"bu","11:15:49",745400
36.8,0.1,1000,"bu","11:15:31",744800
36.8,0.1,7600,"bu","11:15:17",743800
36.8,0.1,13000,"bu","11:15:10",736200
36.75,0.05,5800,"bu","11:14:13",723200
36.75,0.05,15000,"bu","11:14:10",717400
36.75,0.05,11300,"bu","11:14:07",702400
36.75,0.05,25000,"bu","11:14:06",691100
36.7,0,300,"sd","11:12:07",666100
36.7,0,100,"sd","11:10:55",665800
36.7,0,200,"sd","11:10:37",665700
36.7,0,1000,"sd","11:10:35",665500
36.75,0.05,600,"bu","11:10:04",664500
36.75,0.05,600,"bu","11:09:21",663900
36.75,0.05,100,"bu","11:09:18",663300
36.7,0,200,"sd","11:08:40",663200
36.7,0,600,"bu","11:08:17",663000
36.7,0,14200,"sd","11:07:56",662400
36.7,0,8400,"bu","11:07:29",648200
36.7,0,600,"sd","11:07:20",639800
36.7,0,1500,"bu","11:07:15",639200
36.7,0,500,"sd","11:06:56",637700
36.7,0,3000,"sd","11:06:38",637200
36.7,0,800,"sd","11:05:57",634200
36.7,0,1000,"sd","11:05:44",633400
36.7,0,100,"sd","11:05:31",632400
36.7,0,1000,"sd","11:04:57",632300
36.7,0,3700,"sd","11:04:49",631300
36.7,0,700,"sd","11:03:39",627600
36.7,0,2000,"sd","11:03:28",626900
36.7,0,2000,"sd","11:03:16",624900
36.7,0,2000,"sd","11:02:50",622900
36.75,0.05,400,"bu","11:00:13",620900
36.75,0.05,5000,"bu","10:59:40",620500
36.7,0,500,"sd","10:57:42",615500
36.7,0,2000,"sd","10:57:15",615000
36.7,0,600,"sd","10:57:00",613000
36.7,0,100,"sd","10:56:42",612400
36.7,0,100,"sd","10:56:00",612300
36.7,0,500,"sd","10:55:57",612200
36.7,0,1000,"sd","10:55:14",611700
36.7,0,2200,"bu","10:53:09",610700
36.7,0,200,"bu","10:52:19",608500
36.7,0,5000,"bu","10:51:47",608300
36.7,0,500,"bu","10:51:43",603300
36.7,0,1000,"bu","10:51:37",602800
36.7,0,27000,"sd","10:51:16",601800
36.75,0.05,1000,"bu","10:50:51",574800
36.75,0.05,2300,"sd","10:46:59",573800
36.75,0.05,500,"sd","10:46:34",571500
36.75,0.05,200,"sd","10:46:13",571000
36.75,0.05,10000,"sd","10:45:45",570800
36.75,0.05,1000,"sd","10:44:46",560800
36.75,0.05,13000,"bu","10:44:18",559800
36.7,0,9700,"sd","10:42:55",546800
36.75,0.05,300,"sd","10:42:55",537100
36.75,0.05,3000,"sd","10:42:30",536800
36.75,0.05,2300,"sd","10:42:20",533800
36.75,0.05,10000,"sd","10:42:15",531500
36.8,0.1,2000,"bu","10:42:12",521500
36.75,0.05,400,"sd","10:42:07",519500
36.8,0.1,2000,"bu","10:41:59",519100
36.75,0.05,9000,"bu","10:41:40",517100
36.75,0.05,500,"sd","10:41:16",508100
36.8,0.1,100,"bu","10:40:49",507600
36.75,0.05,100,"sd","10:40:45",507500
36.8,0.1,400,"sd","10:40:31",507400
36.8,0.1,100,"sd","10:40:14",507000
36.85,0.15,3000,"bu","10:40:12",506900
36.75,0.05,1700,"sd","10:39:51",503900
36.8,0.1,300,"sd","10:39:51",502200
36.8,0.1,4700,"bu","10:39:50",501900
36.8,0.1,500,"bu","10:39:05",497200
36.8,0.1,100,"bu","10:38:57",496700
36.8,0.1,1000,"sd","10:38:44",496600
36.85,0.15,16600,"bu","10:38:29",495600
36.8,0.1,3400,"bu","10:38:29",479000
36.8,0.1,2000,"bu","10:38:13",475600
36.75,0.05,9300,"sd","10:38:12",473600
36.8,0.1,13300,"bu","10:37:47",464300
36.75,0.05,16600,"bu","10:37:29",451000
36.75,0.05,11700,"bu","10:37:28",434400
36.75,0.05,9100,"bu","10:37:27",422700
36.7,0,1600,"bu","10:36:21",413600
36.65,-0.05,100,"sd","10:35:53",412000
36.7,0,500,"sd","10:35:32",411900
36.7,0,1000,"sd","10:35:27",411400
36.7,0,3300,"bu","10:34:32",410400
36.7,0,1000,"bu","10:34:28",407100
36.7,0,20000,"bu","10:34:18",406100
36.7,0,500,"bu","10:34:01",386100
36.7,0,15000,"bu","10:33:44",385600
36.65,-0.05,200,"sd","10:33:34",370600
36.7,0,2000,"bu","10:33:02",370400
36.7,0,100,"bu","10:32:05",368400
36.7,0,8200,"bu","10:31:52",368300
36.7,0,100,"bu","10:29:55",360100
36.7,0,1000,"bu","10:29:36",360000
36.7,0,100,"bu","10:27:52",359000
36.7,0,300,"bu","10:26:47",358900
36.65,-0.05,5000,"sd","10:26:33",358600
36.7,0,1000,"bu","10:26:07",353600
36.7,0,200,"bu","10:25:46",352600
36.7,0,300,"bu","10:25:15",352400
36.7,0,1000,"bu","10:25:11",352100
36.7,0,500,"bu","10:24:45",351100
36.7,0,100,"bu","10:23:04",350600
36.7,0,300,"bu","10:23:02",350500
36.65,-0.05,1000,"sd","10:22:55",350200
36.7,0,300,"bu","10:22:45",349200
36.7,0,100,"bu","10:22:29",348900
36.65,-0.05,500,"sd","10:21:36",348800
36.65,-0.05,1000,"sd","10:21:32",348300
36.65,-0.05,1000,"sd","10:21:14",347300
36.65,-0.05,1000,"sd","10:21:05",346300
36.65,-0.05,1000,"sd","10:20:48",345300
36.65,-0.05,1000,"sd","10:20:33",344300
36.65,-0.05,500,"sd","10:19:36",343300
36.65,-0.05,5000,"sd","10:19:34",342800
36.65,-0.05,400,"sd","10:19:31",337800
36.65,-0.05,500,"sd","10:19:30",337400
36.65,-0.05,1000,"sd","10:18:58",336900
36.7,0,1000,"bu","10:18:19",335900
36.7,0,1000,"bu","10:18:16",334900
36.7,0,1000,"bu","10:17:36",333900
36.65,-0.05,100,"sd","10:17:29",332900
36.65,-0.05,500,"sd","10:17:12",332800
36.7,0,2600,"sd","10:17:01",332300
36.7,0,100,"sd","10:17:00",329700
36.7,0,20000,"sd","10:16:59",329600
36.7,0,1000,"sd","10:16:19",309600
36.7,0,100,"sd","10:16:11",308600
36.7,0,5000,"sd","10:16:03",308500
36.7,0,5000,"sd","10:15:50",303500
36.7,0,500,"sd","10:14:48",298500
36.75,0.05,100,"bu","10:14:35",298000
36.7,0,6000,"sd","10:14:34",297900
36.7,0,200,"sd","10:14:28",291900
36.7,0,10000,"sd","10:14:17",291700
36.75,0.05,400,"bu","10:13:47",281700
36.75,0.05,2000,"bu","10:13:40",281300
36.75,0.05,100,"bu","10:13:03",279300
36.75,0.05,100,"bu","10:12:23",279200
36.7,0,13100,"sd","10:12:16",279100
36.7,0,500,"sd","10:11:56",266000
36.7,0,100,"sd","10:11:49",265500
36.75,0.05,200,"bu","10:10:30",265400
36.75,0.05,100,"bu","10:10:29",265200
36.75,0.05,1800,"bu","10:10:22",265100
36.75,0.05,3000,"bu","10:10:06",263300
36.75,0.05,100,"bu","10:09:54",260300
36.75,0.05,600,"bu","10:09:32",260200
36.75,0.05,15000,"bu","10:09:22",259600
36.7,0,2500,"sd","10:09:18",244600
36.75,0.05,100,"bu","10:08:19",242100
36.75,0.05,3000,"bu","10:08:15",242000
36.75,0.05,100,"bu","10:08:13",239000
36.75,0.05,100,"bu","10:07:21",238900
36.75,0.05,200,"bu","10:06:48",238800
36.75,0.05,1000,"bu","10:06:23",238600
36.7,0,9000,"sd","10:06:14",237600
36.7,0,500,"sd","10:06:03",228600
36.7,0,3500,"sd","10:05:41",228100
36.7,0,2000,"sd","10:05:37",224600
36.7,0,1000,"sd","10:05:33",222600
36.7,0,500,"sd","10:05:32",221600
36.7,0,2500,"sd","10:05:15",221100
36.7,0,10000,"sd","10:04:59",218600
36.7,0,300,"sd","10:03:56",208600
36.75,0.05,100,"bu","10:03:41",208300
36.75,0.05,500,"bu","10:03:27",208200
36.75,0.05,100,"bu","10:03:21",207700
36.75,0.05,3000,"bu","10:03:09",207600
36.7,0,100,"sd","10:03:05",204600
36.7,0,2200,"bu","10:02:15",204500
36.7,0,200,"bu","10:02:13",202300
36.7,0,26600,"sd","10:02:07",202100
36.75,0.05,100,"bu","10:02:02",175500
36.75,0.05,3100,"bu","10:02:00",175400
36.75,0.05,2000,"bu","10:01:47",172300
36.7,0,100,"sd","10:00:43",170300
36.7,0,2700,"bu","10:00:29",170200
36.7,0,2100,"bu","10:00:28",167500
36.7,0,200,"bu","10:00:27",165400
36.7,0,100,"bu","10:00:26",165200
36.7,0,1000,"bu","10:00:22",165100
36.7,0,1000,"bu","10:00:20",164100
36.7,0,2000,"bu","10:00:16",163100
36.7,0,500,"bu","10:00:09",161100
36.7,0,500,"bu","10:00:07",160600
36.7,0,5000,"bu","10:00:02",160100
36.7,0,200,"bu","09:59:54",155100
36.7,0,300,"bu","09:59:50",154900
36.7,0,500,"bu","09:59:41",154600
36.7,0,100,"bu","09:59:35",154100
36.7,0,1300,"bu","09:59:19",154000
36.7,0,1000,"bu","09:59:15",152700
36.7,0,100,"bu","09:59:13",151700
36.7,0,100,"bu","09:59:02",151600
36.7,0,1000,"bu","09:58:37",151500
36.65,-0.05,300,"bu","09:57:57",150500
36.65,-0.05,1000,"bu","09:57:48",150200
36.65,-0.05,100,"bu","09:57:47",149200
36.65,-0.05,10000,"bu","09:57:33",149100
36.6,-0.1,300,"sd","09:57:04",139100
36.65,-0.05,1000,"bu","09:57:02",138800
36.6,-0.1,100,"sd","09:55:02",137800
36.6,-0.1,900,"bu","09:54:40",137700
36.6,-0.1,300,"bu","09:54:40",136800
36.6,-0.1,1000,"bu","09:54:08",136500
36.6,-0.1,3000,"bu","09:53:33",135500
36.6,-0.1,300,"bu","09:53:20",132500
36.6,-0.1,1000,"bu","09:53:16",132200
36.6,-0.1,100,"bu","09:51:56",131200
36.6,-0.1,100,"bu","09:51:24",131100
36.55,-0.15,1000,"sd","09:50:48",131000
36.55,-0.15,100,"sd","09:50:46",130000
36.55,-0.15,1800,"sd","09:50:33",129900
36.6,-0.1,1000,"bu","09:50:22",128100
36.55,-0.15,100,"sd","09:50:15",127100
36.55,-0.15,2000,"sd","09:49:52",127000
36.6,-0.1,1000,"bu","09:48:40",125000
36.6,-0.1,500,"bu","09:48:34",124000
36.6,-0.1,1000,"bu","09:48:22",123500
36.6,-0.1,200,"bu","09:48:07",122500
36.6,-0.1,1700,"sd","09:47:38",122300
36.6,-0.1,3300,"bu","09:47:28",120600
36.5,-0.2,1600,"sd","09:47:14",117300
36.55,-0.15,2400,"sd","09:47:14",115700
36.6,-0.1,500,"sd","09:46:52",113300
36.6,-0.1,1000,"sd","09:46:36",112800
36.6,-0.1,100,"sd","09:46:14",111800
36.6,-0.1,100,"bu","09:45:36",111700
36.55,-0.15,1000,"sd","09:45:00",111600
36.55,-0.15,100,"sd","09:44:38",110600
36.55,-0.15,1500,"sd","09:44:36",110500
36.55,-0.15,2000,"sd","09:44:27",109000
36.55,-0.15,1000,"sd","09:43:32",107000
36.55,-0.15,200,"sd","09:42:52",106000
36.55,-0.15,3000,"sd","09:42:10",105800
36.6,-0.1,1000,"sd","09:41:23",102800
36.6,-0.1,500,"bu","09:40:49",101800
36.55,-0.15,200,"sd","09:40:18",101300
36.6,-0.1,2000,"bu","09:39:56",101100
36.6,-0.1,1900,"sd","09:39:33",99100
36.6,-0.1,8300,"sd","09:39:25",97200
36.65,-0.05,1000,"bu","09:38:57",88900
36.6,-0.1,5000,"sd","09:38:50",87900
36.6,-0.1,3600,"sd","09:37:46",82900
36.65,-0.05,100,"bu","09:35:43",79300
36.65,-0.05,1000,"sd","09:33:16",79200
36.65,-0.05,300,"sd","09:33:13",78200
36.65,-0.05,100,"bu","09:32:22",77900
36.65,-0.05,4900,"sd","09:32:09",77800
36.7,0,300,"bu","09:31:01",72900
36.7,0,900,"sd","09:30:52",72600
36.7,0,500,"sd","09:30:50",71700
36.7,0,1500,"sd","09:30:45",71200
36.7,0,1000,"sd","09:30:42",69700
36.7,0,800,"sd","09:30:38",68700
36.7,0,200,"sd","09:30:34",67900
36.75,0.05,500,"bu","09:30:24",67700
36.8,0.1,200,"bu","09:28:36",67200
36.8,0.1,100,"bu","09:28:14",67000
36.7,0,5000,"sd","09:28:05",66900
36.8,0.1,1200,"sd","09:27:53",61900
36.8,0.1,4800,"bu","09:27:47",60700
36.8,0.1,400,"bu","09:27:25",55900
36.85,0.15,100,"bu","09:26:43",55500
36.7,0,2000,"sd","09:26:26",55400
36.7,0,700,"sd","09:26:12",53400
36.7,0,300,"bu","09:25:59",52700
36.7,0,3800,"bu","09:25:54",52400
36.65,-0.05,1200,"bu","09:25:54",48600
36.65,-0.05,100,"bu","09:25:53",47400
36.65,-0.05,1000,"bu","09:25:45",47300
36.6,-0.1,1000,"bu","09:25:14",46300
36.6,-0.1,2000,"bu","09:25:13",45300
36.6,-0.1,100,"bu","09:25:11",43300
36.6,-0.1,200,"bu","09:25:06",43200
36.6,-0.1,100,"bu","09:24:59",43000
36.55,-0.15,300,"sd","09:24:58",42900
36.5,-0.2,100,"sd","09:24:21",42600
36.6,-0.1,800,"bu","09:24:21",42500
36.55,-0.15,200,"bu","09:24:21",41700
36.5,-0.2,1000,"sd","09:24:21",41500
36.5,-0.2,300,"sd","09:23:42",40500
36.5,-0.2,300,"sd","09:23:40",40200
36.5,-0.2,300,"sd","09:23:24",39900
36.5,-0.2,2500,"sd","09:23:09",39600
36.6,-0.1,100,"bu","09:22:23",37100
36.5,-0.2,2500,"sd","09:21:47",37000
36.5,-0.2,200,"sd","09:21:33",34500
36.5,-0.2,700,"bu","09:20:56",34300
36.5,-0.2,700,"sd","09:20:51",33600
36.5,-0.2,800,"bu","09:20:50",32900
36.5,-0.2,2000,"bu","09:20:45",32100
36.5,-0.2,2000,"bu","09:20:16",30100
36.5,-0.2,500,"bu","09:19:24",28100
36.5,-0.2,200,"bu","09:19:24",27600
36.5,-0.2,4600,"sd","09:19:21",27400
36.5,-0.2,2000,"sd","09:19:09",22800
36.6,-0.1,6300,"sd","09:18:57",20800
36.6,-0.1,400,"sd","09:18:48",14500
36.6,-0.1,1000,"sd","09:18:36",14100
36.6,-0.1,500,"sd","09:17:48",13100
36.65,-0.05,300,"sd","09:17:38",12600
36.65,-0.05,400,"sd","09:17:23",12300
36.65,-0.05,100,"bu","09:16:49",11900
36.65,-0.05,100,"bu","09:16:28",11800
36.6,-0.1,1000,"sd","09:16:23",11700
36.6,-0.1,900,"sd","09:16:22",10700
36.6,-0.1,300,"sd","09:16:13",9800
36.65,-0.05,3000,"bu","09:16:04",9500
36.65,-0.05,100,"bu","09:15:40",6500
36.65,-0.05,500,"bu","09:15:27",6400
36.65,-0.05,5900,"","09:15:00",5900
