"price","change","match_qtty","side","time","total_vol"
42.45,0.15,13300,"","14:45:13",851300
42.35,0.05,2000,"bu","14:29:58",838000
42.35,0.05,2000,"bu","14:29:49",836000
42.35,0.05,3000,"bu","14:29:41",834000
42.35,0.05,2000,"bu","14:27:57",831000
42.35,0.05,3000,"bu","14:27:46",829000
42.35,0.05,17100,"sd","14:27:37",826000
42.35,0.05,2900,"bu","14:27:34",808900
42.35,0.05,500,"bu","14:27:03",806000
42.3,0,300,"sd","14:26:52",805500
42.35,0.05,1000,"bu","14:26:51",805200
42.35,0.05,700,"bu","14:26:15",804200
42.35,0.05,600,"bu","14:26:05",803500
42.35,0.05,500,"bu","14:25:09",802900
42.35,0.05,1000,"bu","14:24:41",802400
42.35,0.05,100,"bu","14:24:15",801400
42.35,0.05,100,"bu","14:23:28",801300
42.35,0.05,1000,"bu","14:22:24",801200
42.35,0.05,200,"bu","14:22:15",800200
42.35,0.05,500,"bu","14:21:54",800000
42.35,0.05,400,"bu","14:20:24",799500
42.35,0.05,200,"bu","14:20:15",799100
42.35,0.05,300,"bu","14:19:38",798900
42.35,0.05,400,"bu","14:19:28",798600
42.35,0.05,1500,"bu","14:18:54",798200
42.35,0.05,300,"bu","14:18:20",796700
42.35,0.05,200,"bu","14:18:08",796400
42.35,0.05,400,"bu","14:17:55",796200
42.35,0.05,1000,"bu","14:17:27",795800
42.35,0.05,200,"bu","14:17:03",794800
42.35,0.05,500,"bu","14:15:40",794600
42.35,0.05,300,"bu","14:15:17",794100
42.35,0.05,200,"bu","14:15:09",793800
42.35,0.05,1000,"bu","14:14:54",793600
42.35,0.05,500,"bu","14:14:41",792600
42.35,0.05,2200,"bu","14:14:26",792100
42.35,0.05,47000,"sd","14:14:14",789900
42.35,0.05,3000,"bu","14:14:09",742900
42.35,0.05,1000,"bu","14:13:33",739900
42.35,0.05,1500,"bu","14:13:15",738900
42.35,0.05,1000,"bu","14:13:02",737400
42.35,0.05,500,"bu","14:12:30",736400
42.35,0.05,300,"bu","14:12:24",735900
42.35,0.05,24900,"sd","14:12:06",735600
42.35,0.05,100,"bu","14:12:02",710700
42.3,0,200,"sd","14:11:47",710600
42.35,0.05,100,"bu","14:11:36",710400
42.3,0,100,"bu","14:11:28",710300
42.3,0,800,"bu","14:11:14",710200
42.3,0,2200,"bu","14:11:13",709400
42.3,0,1000,"bu","14:11:07",707200
42.3,0,1500,"bu","14:10:56",706200
42.3,0,24400,"sd","14:10:44",704700
42.3,0,2600,"bu","14:10:40",680300
42.3,0,100,"bu","14:07:51",677700
42.3,0,100,"bu","14:05:49",677600
42.3,0,500,"bu","14:05:26",677500
42.3,0,1000,"bu","14:05:07",677000
42.3,0,200,"sd","14:04:31",676000
42.35,0.05,200,"bu","14:02:17",675800
42.35,0.05,300,"bu","14:00:36",675600
42.35,0.05,200,"bu","14:00:11",675300
42.35,0.05,100,"bu","13:59:54",675100
42.35,0.05,300,"bu","13:59:32",675000
42.35,0.05,500,"bu","13:59:23",674700
42.35,0.05,400,"bu","13:59:01",674200
42.35,0.05,300,"bu","13:58:41",673800
42.3,0,200,"sd","13:58:34",673500
42.35,0.05,500,"bu","13:58:33",673300
42.35,0.05,200,"bu","13:58:25",672800
42.35,0.05,300,"bu","13:58:14",672600
42.35,0.05,600,"bu","13:58:02",672300
42.35,0.05,500,"bu","13:57:52",671700
42.35,0.05,5000,"bu","13:57:18",671200
42.35,0.05,400,"sd","13:56:58",666200
42.35,0.05,1600,"bu","13:56:41",665800
42.35,0.05,2000,"bu","13:56:29",664200
42.3,0,1100,"bu","13:56:24",662200
42.3,0,1500,"bu","13:56:10",661100
42.3,0,1000,"bu","13:56:00",659600
42.3,0,200,"bu","13:55:51",658600
42.3,0,300,"bu","13:55:38",658400
42.3,0,200,"bu","13:55:24",658100
42.3,0,100,"bu","13:55:01",657900
42.3,0,100,"bu","13:54:35",657800
42.3,0,400,"bu","13:54:10",657700
42.3,0,300,"bu","13:54:01",657300
42.3,0,200,"bu","13:53:31",657000
42.3,0,100,"bu","13:53:03",656800
42.25,-0.05,500,"bu","13:53:03",656700
42.25,-0.05,300,"bu","13:52:46",656200
42.25,-0.05,1500,"bu","13:52:31",655900
42.25,-0.05,300,"bu","13:52:25",654400
42.25,-0.05,1500,"bu","13:52:06",654100
42.1,-0.2,400,"bu","13:51:57",652600
42.1,-0.2,500,"bu","13:51:34",652200
42.1,-0.2,100,"bu","13:51:17",651700
42.1,-0.2,1000,"bu","13:51:09",651600
41.95,-0.35,1500,"sd","13:50:55",650600
42.1,-0.2,1000,"bu","13:50:50",649100
41.95,-0.35,1300,"sd","13:50:14",648100
42,-0.3,2300,"sd","13:50:14",646800
42.05,-0.25,400,"sd","13:50:14",644500
42.05,-0.25,2000,"sd","13:50:03",644100
42.2,-0.1,2000,"bu","13:48:51",642100
42.25,-0.05,1500,"bu","13:48:19",640100
42.25,-0.05,3200,"bu","13:48:09",638600
42.25,-0.05,200,"bu","13:46:08",635400
42.25,-0.05,300,"bu","13:45:57",635200
42.25,-0.05,500,"bu","13:45:22",634900
42.25,-0.05,300,"bu","13:45:05",634400
42.25,-0.05,400,"bu","13:44:57",634100
42.25,-0.05,600,"bu","13:44:46",633700
42.25,-0.05,1000,"bu","13:44:34",633100
42.25,-0.05,1500,"bu","13:44:24",632100
42.25,-0.05,5000,"bu","13:44:09",630600
42.25,-0.05,300,"bu","13:43:55",625600
42.25,-0.05,200,"bu","13:43:51",625300
42.25,-0.05,600,"bu","13:42:23",625100
42.25,-0.05,300,"bu","13:42:15",624500
42.25,-0.05,500,"bu","13:42:01",624200
42.25,-0.05,2000,"bu","13:41:29",623700
42.25,-0.05,1000,"bu","13:41:14",621700
42.25,-0.05,4500,"bu","13:39:58",620700
42.3,0,100,"bu","13:39:22",616200
42.1,-0.2,2700,"bu","13:39:07",616100
42.1,-0.2,2000,"bu","13:38:31",613400
42.05,-0.25,5000,"bu","13:37:48",611400
42.05,-0.25,5000,"bu","13:37:45",606400
42,-0.3,700,"bu","13:37:18",601400
42,-0.3,200,"bu","13:37:00",600700
42,-0.3,500,"bu","13:36:25",600500
42,-0.3,4600,"sd","13:36:05",600000
42,-0.3,700,"sd","13:35:52",595400
42.05,-0.25,5000,"sd","13:35:44",594700
42.1,-0.2,5300,"sd","13:35:31",589700
42.25,-0.05,1000,"sd","13:34:46",584400
42.3,0,100,"bu","13:34:31",583400
42.3,0,200,"bu","13:34:21",583300
42.3,0,100,"bu","13:33:47",583100
42.3,0,200,"bu","13:30:24",583000
42.3,0,100,"bu","13:30:04",582800
42.3,0,2400,"bu","13:28:58",582700
42.3,0,500,"bu","13:28:46",580300
42.3,0,1000,"bu","13:28:32",579800
42.3,0,400,"bu","13:28:15",578800
42.3,0,1600,"bu","13:28:03",578400
42.3,0,500,"bu","13:27:38",576800
42.3,0,1000,"bu","13:27:32",576300
42.3,0,2800,"bu","13:27:01",575300
42.3,0,700,"sd","13:26:44",572500
42.3,0,1300,"bu","13:26:42",571800
42.3,0,800,"bu","13:26:31",570500
42.3,0,600,"bu","13:26:23",569700
42.3,0,500,"bu","13:26:17",569100
42.3,0,100,"bu","13:26:15",568600
42.3,0,300,"bu","13:26:11",568500
42.3,0,2500,"bu","13:26:04",568200
42.3,0,2000,"bu","13:25:19",565700
42.3,0,300,"bu","13:25:03",563700
42.3,0,500,"bu","13:24:56",563400
42.3,0,1000,"bu","13:24:39",562900
42.3,0,2000,"bu","13:24:25",561900
42.3,0,500,"bu","13:24:14",559900
42.3,0,1500,"bu","13:24:04",559400
42.3,0,1100,"sd","13:23:26",557900
42.35,0.05,100,"bu","13:23:12",556800
42.35,0.05,1000,"bu","13:20:57",556700
42.35,0.05,5000,"bu","13:19:45",555700
42.35,0.05,100,"sd","13:19:38",550700
42.35,0.05,3900,"bu","13:19:34",550600
42.35,0.05,1000,"bu","13:19:22",546700
42.35,0.05,3000,"bu","13:18:38",545700
42.35,0.05,10000,"bu","13:17:19",542700
42.35,0.05,5000,"bu","13:15:52",532700
42.35,0.05,2000,"bu","13:15:26",527700
42.35,0.05,5000,"bu","13:15:13",525700
42.35,0.05,1000,"bu","13:13:50",520700
42.35,0.05,1000,"bu","13:10:51",519700
42.35,0.05,2000,"bu","13:10:30",518700
42.3,0,3900,"bu","13:10:18",516700
42.3,0,5000,"bu","13:09:25",512800
42.3,0,2000,"bu","13:05:51",507800
42.3,0,1000,"bu","13:05:04",505800
42.3,0,40300,"sd","13:04:32",504800
42.3,0,3700,"bu","13:04:07",464500
42.3,0,1000,"bu","13:01:32",460800
42.3,0,400,"sd","13:00:37",459800
42.35,0.05,100,"bu","13:00:00",459400
42.3,0,2100,"bu","11:29:55",459300
42.3,0,2000,"bu","11:29:37",457200
42.3,0,2000,"bu","11:28:05",455200
42.3,0,800,"bu","11:25:53",453200
42.3,0,1000,"bu","11:24:39",452400
42.3,0,2500,"bu","11:22:16",451400
42.3,0,1000,"bu","11:21:43",448900
42.3,0,2000,"bu","11:20:15",447900
42.3,0,3000,"bu","11:17:21",445900
42.3,0,700,"bu","11:15:50",442900
42.3,0,500,"bu","11:15:14",442200
42.3,0,1000,"bu","11:14:54",441700
42.3,0,2000,"bu","11:12:13",440700
42.3,0,600,"bu","11:10:48",438700
42.3,0,2000,"bu","11:09:39",438100
42.3,0,1000,"bu","11:09:18",436100
42.3,0,800,"bu","11:08:24",435100
42.3,0,1000,"bu","11:07:07",434300
42.3,0,700,"bu","11:06:58",433300
42.3,0,300,"bu","11:05:39",432600
42.3,0,1000,"bu","11:05:32",432300
42.4,0.1,2000,"bu","11:00:20",431300
42.25,-0.05,2500,"bu","11:00:11",429300
42.25,-0.05,1000,"bu","11:00:01",426800
42.25,-0.05,1000,"bu","10:58:19",425800
42.25,-0.05,2000,"bu","10:57:51",424800
42.05,-0.25,1400,"bu","10:57:30",422800
42.05,-0.25,1000,"bu","10:56:12",421400
42,-0.3,700,"bu","10:55:54",420400
42,-0.3,2000,"bu","10:55:27",419700
42,-0.3,7300,"sd","10:54:53",417700
42.05,-0.25,600,"sd","10:54:47",410400
42.25,-0.05,1000,"bu","10:52:48",409800
42.05,-0.25,2500,"sd","10:51:18",408800
42.25,-0.05,20000,"bu","10:50:46",406300
42.25,-0.05,6800,"sd","10:50:02",386300
42.3,0,5500,"sd","10:50:02",379500
42.4,0.1,200,"sd","10:50:02",374000
42.45,0.15,300,"bu","10:49:58",373800
42.45,0.15,100,"bu","10:45:53",373500
42.4,0.1,3400,"bu","10:44:29",373400
42.4,0.1,200,"bu","10:44:25",370000
42.4,0.1,2000,"bu","10:44:07",369800
42.4,0.1,200,"bu","10:43:46",367800
42.4,0.1,7000,"bu","10:43:41",367600
42.4,0.1,10000,"bu","10:43:33",360600
42.4,0.1,2000,"bu","10:43:25",350600
42.4,0.1,200,"sd","10:43:12",348600
42.45,0.15,100,"bu","10:43:11",348400
42.45,0.15,5000,"bu","10:39:47",348300
42.45,0.15,2000,"bu","10:39:36",343300
42.45,0.15,3000,"bu","10:38:39",341300
42.45,0.15,1000,"bu","10:37:37",338300
42.45,0.15,2000,"bu","10:37:28",337300
42.45,0.15,10000,"bu","10:37:00",335300
42.45,0.15,500,"sd","10:36:50",325300
42.5,0.2,5000,"bu","10:36:24",324800
42.45,0.15,700,"bu","10:34:47",319800
42.45,0.15,3000,"bu","10:34:38",319100
42.45,0.15,500,"bu","10:32:55",316100
42.4,0.1,3400,"bu","10:32:29",315600
42.4,0.1,5000,"bu","10:32:07",312200
42.4,0.1,2000,"bu","10:32:03",307200
42.4,0.1,2000,"bu","10:31:39",305200
42.4,0.1,3200,"bu","10:31:15",303200
42.35,0.05,1800,"bu","10:31:15",300000
42.35,0.05,3200,"sd","10:31:10",298200
42.4,0.1,4000,"bu","10:30:53",295000
42.4,0.1,500,"sd","10:30:43",291000
42.45,0.15,100,"bu","10:28:50",290500
42.4,0.1,100,"sd","10:27:23",290400
42.4,0.1,100,"sd","10:27:12",290300
42.4,0.1,1000,"sd","10:26:51",290200
42.45,0.15,100,"bu","10:26:31",289200
42.4,0.1,500,"sd","10:26:22",289100
42.45,0.15,1000,"bu","10:25:16",288600
42.45,0.15,100,"bu","10:24:55",287600
42.45,0.15,1000,"bu","10:24:42",287500
42.45,0.15,200,"bu","10:24:11",286500
42.45,0.15,500,"bu","10:23:52",286300
42.45,0.15,2000,"bu","10:22:30",285800
42.45,0.15,500,"bu","10:22:18",283800
42.45,0.15,2000,"bu","10:22:15",283300
42.45,0.15,200,"bu","10:21:30",281300
42.45,0.15,8500,"bu","10:21:12",281100
42.45,0.15,1000,"bu","10:20:51",272600
42.45,0.15,200,"bu","10:20:23",271600
42.45,0.15,3000,"bu","10:20:15",271400
42.45,0.15,2000,"bu","10:20:05",268400
42.45,0.15,10000,"bu","10:19:42",266400
42.45,0.15,2000,"bu","10:18:08",256400
42.45,0.15,500,"bu","10:17:21",254400
42.4,0.1,500,"sd","10:16:36",253900
42.45,0.15,1500,"bu","10:16:36",253400
42.45,0.15,300,"bu","10:15:41",251900
42.4,0.1,4700,"bu","10:15:41",251600
42.4,0.1,1000,"bu","10:15:25",246900
42.35,0.05,500,"sd","10:15:12",245900
42.35,0.05,4300,"bu","10:14:33",245400
42.35,0.05,3000,"bu","10:14:00",241100
42.35,0.05,1000,"bu","10:13:40",238100
42.3,0,2000,"sd","10:13:28",237100
42.35,0.05,1000,"bu","10:12:34",235100
42.35,0.05,2000,"bu","10:12:23",234100
42.35,0.05,6000,"bu","10:11:58",232100
42.35,0.05,2000,"bu","10:11:27",226100
42.35,0.05,5000,"bu","10:11:20",224100
42.3,0,400,"bu","10:11:08",219100
42.3,0,500,"bu","10:10:56",218700
42.3,0,500,"bu","10:10:50",218200
42.3,0,1000,"bu","10:10:40",217700
42.3,0,2000,"bu","10:10:28",216700
42.3,0,1000,"bu","10:10:20",214700
42.3,0,3000,"bu","10:10:12",213700
42.3,0,2000,"bu","10:10:03",210700
42.3,0,5000,"bu","10:09:39",208700
42.3,0,8000,"bu","10:09:31",203700
42.25,-0.05,1700,"bu","10:09:21",195700
42.25,-0.05,2000,"bu","10:08:47",194000
42.25,-0.05,100,"bu","10:07:38",192000
42.2,-0.1,1200,"bu","10:07:24",191900
42.2,-0.1,1000,"bu","10:07:04",190700
42.2,-0.1,1000,"bu","10:06:00",189700
42,-0.3,500,"bu","10:05:50",188700
42,-0.3,1000,"sd","10:05:17",188200
42.2,-0.1,2000,"bu","10:04:58",187200
42.2,-0.1,500,"bu","10:04:54",185200
42.2,-0.1,5000,"bu","10:04:36",184700
42.2,-0.1,7000,"bu","10:04:13",179700
42.2,-0.1,1000,"bu","10:03:15",172700
42,-0.3,2000,"sd","10:03:05",171700
42.2,-0.1,5000,"bu","10:02:12",169700
42.2,-0.1,10000,"bu","10:01:45",164700
42.2,-0.1,2000,"bu","10:01:21",154700
42.2,-0.1,3000,"bu","10:01:13",152700
42.2,-0.1,15000,"bu","10:01:04",149700
42.2,-0.1,100,"bu","10:00:48",134700
42,-0.3,2500,"sd","09:59:33",134600
42.2,-0.1,1000,"bu","09:59:06",132100
42.2,-0.1,3000,"bu","09:58:52",131100
42.2,-0.1,4900,"bu","09:58:41",128100
42.1,-0.2,100,"bu","09:58:41",123200
42.1,-0.2,400,"sd","09:58:34",123100
42.1,-0.2,1500,"sd","09:58:26",122700
42.2,-0.1,10000,"bu","09:58:21",121200
42.1,-0.2,100,"sd","09:57:56",111200
42.1,-0.2,3000,"bu","09:57:45",111100
42.1,-0.2,2000,"bu","09:57:44",108100
41.8,-0.5,7500,"sd","09:57:33",106100
42.1,-0.2,5000,"bu","09:57:17",98600
42,-0.3,300,"sd","09:56:32",93600
42.1,-0.2,1000,"bu","09:56:29",93300
42.1,-0.2,1000,"bu","09:56:21",92300
42.1,-0.2,500,"bu","09:55:56",91300
42.1,-0.2,1000,"bu","09:55:12",90800
42,-0.3,2000,"bu","09:54:33",89800
41.8,-0.5,1000,"sd","09:54:06",87800
41.8,-0.5,1000,"sd","09:53:41",86800
42.1,-0.2,500,"bu","09:53:32",85800
42,-0.3,2300,"bu","09:53:26",85300
41.8,-0.5,2000,"sd","09:53:24",83000
41.8,-0.5,800,"sd","09:53:11",81000
41.8,-0.5,1900,"sd","09:52:56",80200
41.9,-0.4,100,"sd","09:52:56",78300
42,-0.3,700,"sd","09:52:28",78200
42.1,-0.2,3000,"bu","09:50:35",77500
42.1,-0.2,3000,"sd","09:50:27",74500
42.1,-0.2,2000,"bu","09:50:07",71500
42.1,-0.2,2000,"bu","09:50:01",69500
42.1,-0.2,3000,"bu","09:48:46",67500
42,-0.3,1500,"bu","09:48:25",64500
42,-0.3,1000,"bu","09:47:58",63000
41.9,-0.4,900,"bu","09:47:08",62000
41.9,-0.4,500,"bu","09:46:54",61100
41.9,-0.4,1000,"bu","09:46:11",60600
41.9,-0.4,1500,"bu","09:44:38",59600
41.8,-0.5,300,"bu","09:44:08",58100
41.8,-0.5,500,"bu","09:43:10",57800
41.8,-0.5,1000,"bu","09:42:55",57300
41.8,-0.5,5700,"sd","09:42:13",56300
41.9,-0.4,9100,"sd","09:42:06",50600
42,-0.3,1000,"sd","09:41:58",41500
42,-0.3,200,"sd","09:41:54",40500
42.2,-0.1,1000,"bu","09:38:31",40300
42.2,-0.1,1000,"bu","09:38:08",39300
42.2,-0.1,2000,"bu","09:37:59",38300
42.2,-0.1,6000,"bu","09:37:11",36300
42.2,-0.1,600,"bu","09:36:39",30300
42,-0.3,100,"sd","09:33:58",29700
42.2,-0.1,1000,"bu","09:33:12",29600
42.1,-0.2,100,"sd","09:30:57",28600
42.2,-0.1,2000,"bu","09:29:01",28500
42.2,-0.1,1000,"bu","09:27:51",26500
42.2,-0.1,5000,"bu","09:27:28",25500
42.25,-0.05,200,"sd","09:26:43",20500
42.25,-0.05,1200,"bu","09:26:34",20300
42.25,-0.05,500,"bu","09:26:25",19100
42.2,-0.1,500,"bu","09:26:25",18600
42.2,-0.1,500,"sd","09:26:11",18100
42.2,-0.1,1500,"bu","09:25:44",17600
42.2,-0.1,3500,"bu","09:24:48",16100
42.2,-0.1,1000,"bu","09:23:55",12600
42.2,-0.1,1000,"bu","09:23:42",11600
42.1,-0.2,500,"bu","09:23:29",10600
41.9,-0.4,2000,"sd","09:23:10",10100
42.2,-0.1,1000,"bu","09:22:13",8100
42.2,-0.1,3000,"bu","09:20:47",7100
42.25,-0.05,1000,"bu","09:16:53",4100
42.25,-0.05,3000,"bu","09:15:57",3100
42.25,-0.05,100,"","09:15:04",100
