"price","change","match_qtty","side","time","total_vol"
5.53,0,20300,"","14:45:13",500200
5.53,0,100,"bu","14:27:52",479900
5.51,-0.02,100,"sd","14:27:35",479800
5.53,0,100,"bu","14:23:42",479700
5.52,-0.01,4600,"bu","14:23:42",479600
5.52,-0.01,100,"bu","14:22:58",475000
5.51,-0.02,100,"sd","14:22:49",474900
5.52,-0.01,100,"bu","14:22:46",474800
5.51,-0.02,4000,"sd","14:22:35",474700
5.51,-0.02,400,"bu","14:22:04",470700
5.51,-0.02,1100,"sd","14:21:30",470300
5.51,-0.02,300,"bu","14:19:34",469200
5.51,-0.02,1600,"bu","14:19:14",468900
5.51,-0.02,2500,"sd","14:18:41",467300
5.51,-0.02,5000,"sd","14:18:34",464800
5.52,-0.01,500,"bu","14:10:15",459800
5.52,-0.01,700,"bu","14:08:26",459300
5.52,-0.01,100,"bu","14:07:18",458600
5.52,-0.01,2400,"bu","14:07:08",458500
5.5,-0.03,16700,"sd","14:06:32",456100
5.51,-0.02,5700,"sd","14:06:32",439400
5.53,0,100,"bu","14:01:24",433700
5.51,-0.02,100,"sd","14:01:07",433600
5.53,0,100,"bu","13:49:34",433500
5.51,-0.02,5200,"sd","13:49:19",433400
5.52,-0.01,3000,"sd","13:49:19",428200
5.53,0,100,"bu","13:48:16",425200
5.52,-0.01,200,"sd","13:48:00",425100
5.53,0,1300,"bu","13:46:15",424900
5.53,0,1000,"bu","13:41:28",423600
5.53,0,600,"bu","13:32:04",422600
5.52,-0.01,1300,"bu","13:32:04",422000
5.51,-0.02,5600,"bu","13:32:04",420700
5.51,-0.02,100,"bu","13:22:11",415100
5.51,-0.02,100,"bu","13:22:02",415000
5.51,-0.02,100,"bu","13:21:43",414900
5.52,-0.01,3900,"sd","13:21:32",414800
5.52,-0.01,10000,"sd","13:21:28",410900
5.52,-0.01,6500,"sd","13:21:24",400900
5.53,0,1000,"sd","13:19:18",394400
5.54,0.01,900,"bu","13:19:09",393400
5.53,0,100,"sd","13:19:04",392500
5.54,0.01,100,"bu","13:16:28",392400
5.53,0,2200,"bu","13:16:28",392300
5.53,0,100,"bu","13:15:32",390100
5.52,-0.01,4600,"bu","13:15:24",390000
5.52,-0.01,100,"bu","13:14:30",385400
5.49,-0.04,1300,"sd","13:14:22",385300
5.5,-0.03,6900,"sd","13:14:22",384000
5.5,-0.03,4100,"bu","13:13:30",377100
5.5,-0.03,100,"bu","13:13:00",373000
5.49,-0.04,1900,"bu","13:12:45",372900
5.49,-0.04,5000,"bu","13:12:35",371000
5.49,-0.04,1100,"sd","13:12:31",366000
5.5,-0.03,100,"bu","13:12:26",364900
5.5,-0.03,9500,"sd","13:12:23",364800
5.5,-0.03,9300,"sd","13:12:10",355300
5.51,-0.02,700,"sd","13:12:10",346000
5.51,-0.02,1300,"bu","13:12:04",345300
5.5,-0.03,12500,"sd","13:12:03",344000
5.5,-0.03,20000,"sd","13:11:57",331500
5.51,-0.02,7700,"sd","13:11:41",311500
5.51,-0.02,10000,"sd","13:11:36",303800
5.51,-0.02,7000,"sd","13:11:33",293800
5.52,-0.01,100,"bu","13:08:51",286800
5.51,-0.02,10000,"sd","13:08:31",286700
5.52,-0.01,100,"bu","13:04:27",276700
5.52,-0.01,400,"bu","13:04:07",276600
5.52,-0.01,200,"bu","13:03:44",276200
5.52,-0.01,40300,"sd","13:03:25",276000
5.53,0,100,"bu","13:03:20",235700
5.52,-0.01,400,"sd","13:03:02",235600
5.52,-0.01,500,"sd","13:02:26",235200
5.53,0,100,"bu","13:02:01",234700
5.52,-0.01,10000,"sd","13:01:29",234600
5.53,0,600,"bu","11:29:56",224600
5.53,0,100,"bu","11:29:08",224000
5.53,0,400,"sd","11:29:06",223900
5.53,0,1000,"sd","11:28:58",223500
5.54,0.01,100,"bu","11:28:27",222500
5.53,0,1000,"sd","11:27:23",222400
5.54,0.01,100,"bu","11:21:24",221400
5.53,0,500,"bu","11:21:24",221300
5.53,0,900,"bu","11:21:04",220800
5.53,0,100,"bu","11:01:45",219900
5.52,-0.01,2000,"sd","11:01:32",219800
5.53,0,100,"bu","10:56:32",217800
5.52,-0.01,100,"sd","10:56:22",217700
5.53,0,100,"bu","10:54:14",217600
5.53,0,100,"bu","10:53:59",217500
5.52,-0.01,300,"sd","10:53:44",217400
5.53,0,100,"bu","10:52:44",217100
5.53,0,100,"sd","10:52:29",217000
5.54,0.01,100,"bu","10:51:08",216900
5.53,0,1900,"bu","10:51:08",216800
5.53,0,1000,"bu","10:50:42",214900
5.53,0,100,"bu","10:46:44",213900
5.53,0,100,"bu","10:41:59",213800
5.52,-0.01,600,"sd","10:41:46",213700
5.53,0,100,"bu","10:31:07",213100
5.52,-0.01,1000,"sd","10:28:36",213000
5.52,-0.01,200,"sd","10:27:59",212000
5.53,0,400,"bu","10:25:58",211800
5.53,0,1000,"sd","10:19:50",211400
5.53,0,1500,"bu","10:18:54",210400
5.53,0,2500,"bu","10:16:55",208900
5.53,0,1200,"sd","10:14:29",206400
5.54,0.01,700,"bu","10:09:46",205200
5.54,0.01,300,"bu","10:07:39",204500
5.53,0,400,"bu","10:06:44",204200
5.53,0,100,"bu","10:06:34",203800
5.53,0,8000,"bu","10:06:31",203700
5.53,0,100,"bu","10:03:47",195700
5.53,0,100,"bu","10:03:31",195600
5.53,0,100,"bu","10:03:17",195500
5.53,0,100,"bu","10:03:04",195400
5.53,0,100,"bu","10:02:46",195300
5.53,0,100,"bu","10:02:33",195200
5.53,0,100,"bu","10:01:50",195100
5.53,0,3800,"sd","10:01:46",195000
5.53,0,8000,"sd","10:01:42",191200
5.53,0,6700,"sd","10:01:39",183200
5.54,0.01,1000,"bu","09:56:53",176500
5.54,0.01,100,"bu","09:55:22",175500
5.53,0,12700,"sd","09:55:03",175400
5.54,0.01,100,"sd","09:52:18",162700
5.55,0.02,3000,"sd","09:52:14",162600
5.56,0.03,100,"bu","09:47:11",159600
5.55,0.02,400,"bu","09:47:11",159500
5.55,0.02,100,"bu","09:43:44",159100
5.54,0.01,2900,"bu","09:43:44",159000
5.54,0.01,100,"bu","09:41:41",156100
5.53,0,3000,"bu","09:41:41",156000
5.53,0,100,"bu","09:40:58",153000
5.52,-0.01,2300,"bu","09:40:47",152900
5.53,0,100,"bu","09:39:57",150600
5.51,-0.02,4500,"bu","09:39:47",150500
5.51,-0.02,5500,"sd","09:39:37",146000
5.51,-0.02,7500,"sd","09:39:30",140500
5.53,0,100,"bu","09:39:22",133000
5.51,-0.02,6800,"sd","09:39:19",132900
5.51,-0.02,10000,"sd","09:39:13",126100
5.51,-0.02,5000,"sd","09:39:09",116100
5.53,0,100,"bu","09:36:10",111100
5.52,-0.01,200,"bu","09:36:10",111000
5.51,-0.02,15700,"bu","09:35:50",110800
5.51,-0.02,200,"bu","09:35:18",95100
5.51,-0.02,6100,"sd","09:34:41",94900
5.51,-0.02,8000,"sd","09:34:36",88800
5.53,0,300,"bu","09:31:48",80800
5.53,0,100,"bu","09:29:17",80500
5.51,-0.02,2700,"sd","09:28:49",80400
5.52,-0.01,200,"sd","09:28:49",77700
5.53,0,100,"bu","09:21:18",77500
5.52,-0.01,600,"bu","09:21:18",77400
5.52,-0.01,100,"bu","09:21:06",76800
5.51,-0.02,1000,"bu","09:20:33",76700
5.51,-0.02,500,"bu","09:20:21",75700
5.51,-0.02,2000,"sd","09:20:16",75200
5.52,-0.01,300,"sd","09:20:10",73200
5.52,-0.01,3000,"sd","09:20:09",72900
5.52,-0.01,5000,"sd","09:20:04",69900
5.52,-0.01,5000,"sd","09:20:00",64900
5.53,0,100,"bu","09:19:54",59900
5.52,-0.01,2000,"sd","09:19:43",59800
5.53,0,1800,"sd","09:19:31",57800
5.53,0,8000,"sd","09:19:22",56000
5.53,0,7500,"sd","09:19:17",48000
5.53,0,6800,"sd","09:19:10",40500
5.54,0.01,6700,"sd","09:18:59",33700
5.54,0.01,3000,"sd","09:18:54",27000
5.54,0.01,400,"sd","09:18:45",24000
5.55,0.02,5000,"sd","09:18:38",22200
5.55,0.02,1400,"sd","09:18:33",17200
5.55,0.02,6800,"sd","09:18:28",15800
5.55,0.02,900,"sd","09:18:20",9000
5.57,0.04,100,"bu","09:17:04",8100
5.56,0.03,600,"bu","09:17:04",8000
5.57,0.04,100,"bu","09:15:31",7400
5.55,0.02,200,"sd","09:15:20",7300
5.55,0.02,4300,"sd","09:15:10",7100
5.57,0.04,2800,"","09:15:04",2800
