"price","change","match_qtty","side","time","total_vol"
23.85,-0.25,189700,"","14:45:13",4276100
23.7,-0.4,1500,"sd","14:29:54",4086400
23.75,-0.35,600,"sd","14:29:54",4084900
23.75,-0.35,900,"bu","14:29:51",4084300
23.75,-0.35,3000,"bu","14:29:46",4083400
23.7,-0.4,7400,"sd","14:29:38",4080400
23.7,-0.4,6600,"sd","14:29:35",4073000
23.75,-0.35,1000,"bu","14:29:26",4066400
23.75,-0.35,5200,"sd","14:29:23",4065400
23.75,-0.35,100,"sd","14:29:22",4060200
23.75,-0.35,10000,"sd","14:29:18",4060100
23.8,-0.3,4500,"bu","14:29:17",4050100
23.8,-0.3,1700,"bu","14:29:16",4045600
23.8,-0.3,200,"bu","14:29:13",4043900
23.75,-0.35,8000,"sd","14:29:08",4043700
23.75,-0.35,10000,"sd","14:29:07",4035700
23.8,-0.3,500,"bu","14:28:57",4025700
23.75,-0.35,900,"sd","14:28:01",4025200
23.8,-0.3,4500,"bu","14:28:01",4024300
23.75,-0.35,8200,"bu","14:27:57",4019800
23.75,-0.35,10500,"bu","14:27:49",4011600
23.75,-0.35,100,"bu","14:27:46",4001100
23.75,-0.35,4500,"bu","14:27:43",4001000
23.7,-0.4,1100,"sd","14:27:42",3996500
23.7,-0.4,800,"sd","14:27:32",3995400
23.75,-0.35,300,"bu","14:27:31",3994600
23.75,-0.35,200,"bu","14:27:30",3994300
23.75,-0.35,500,"bu","14:27:25",3994100
23.75,-0.35,2000,"bu","14:27:06",3993600
23.7,-0.4,800,"sd","14:27:04",3991600
23.75,-0.35,20000,"bu","14:27:01",3990800
23.75,-0.35,1600,"bu","14:26:59",3970800
23.75,-0.35,4500,"bu","14:26:58",3969200
23.75,-0.35,1700,"bu","14:26:57",3964700
23.75,-0.35,200,"bu","14:26:56",3963000
23.75,-0.35,400,"bu","14:26:54",3962800
23.75,-0.35,500,"bu","14:26:45",3962400
23.75,-0.35,4000,"bu","14:26:37",3961900
23.7,-0.4,800,"sd","14:26:36",3957900
23.75,-0.35,100,"bu","14:26:36",3957100
23.75,-0.35,1500,"bu","14:26:33",3957000
23.75,-0.35,1700,"bu","14:26:20",3955500
23.75,-0.35,1500,"bu","14:26:19",3953800
23.7,-0.4,7200,"sd","14:26:09",3952300
23.7,-0.4,800,"sd","14:26:08",3945100
23.75,-0.35,1700,"bu","14:26:04",3944300
23.75,-0.35,4500,"bu","14:26:01",3942600
23.75,-0.35,1500,"bu","14:25:59",3938100
23.75,-0.35,200,"bu","14:25:51",3936600
23.7,-0.4,26600,"sd","14:25:50",3936400
23.75,-0.35,1700,"bu","14:25:49",3909800
23.75,-0.35,2000,"bu","14:25:41",3908100
23.7,-0.4,900,"sd","14:25:41",3906100
23.75,-0.35,1500,"bu","14:25:40",3905200
23.75,-0.35,300,"bu","14:25:39",3903700
23.75,-0.35,1700,"bu","14:25:36",3903400
23.7,-0.4,8200,"sd","14:25:34",3901700
23.75,-0.35,1500,"bu","14:25:30",3893500
23.75,-0.35,4500,"bu","14:25:24",3892000
23.75,-0.35,1700,"bu","14:25:18",3887500
23.7,-0.4,800,"sd","14:25:12",3885800
23.75,-0.35,1700,"bu","14:25:04",3885000
23.7,-0.4,6800,"sd","14:24:55",3883300
23.75,-0.35,1700,"bu","14:24:47",3876500
23.7,-0.4,900,"sd","14:24:44",3874800
23.75,-0.35,1500,"bu","14:24:40",3873900
23.7,-0.4,1000,"sd","14:24:34",3872400
23.75,-0.35,1500,"bu","14:24:31",3871400
23.75,-0.35,1700,"bu","14:24:25",3869900
23.75,-0.35,100,"bu","14:24:22",3868200
23.7,-0.4,3400,"sd","14:24:21",3868100
23.7,-0.4,6600,"sd","14:24:21",3864700
23.7,-0.4,800,"sd","14:24:16",3858100
23.75,-0.35,1700,"bu","14:24:03",3857300
23.7,-0.4,2000,"sd","14:23:53",3855600
23.75,-0.35,1500,"bu","14:23:51",3853600
23.7,-0.4,800,"sd","14:23:48",3852100
23.75,-0.35,1700,"bu","14:23:45",3851300
23.7,-0.4,200,"sd","14:23:40",3849600
23.7,-0.4,2800,"bu","14:23:32",3849400
23.7,-0.4,5700,"bu","14:23:30",3846600
23.7,-0.4,8400,"bu","14:23:28",3840900
23.7,-0.4,1000,"bu","14:23:24",3832500
23.7,-0.4,100,"bu","14:23:21",3831500
23.65,-0.45,900,"sd","14:23:20",3831400
23.7,-0.4,200,"bu","14:23:14",3830500
23.7,-0.4,5000,"bu","14:23:10",3830300
23.7,-0.4,100,"bu","14:23:09",3825300
23.7,-0.4,500,"bu","14:23:08",3825200
23.7,-0.4,1000,"bu","14:23:06",3824700
23.7,-0.4,17300,"sd","14:23:05",3823700
23.7,-0.4,800,"sd","14:22:52",3806400
23.7,-0.4,50000,"sd","14:22:45",3805600
23.7,-0.4,3400,"bu","14:22:42",3755600
23.7,-0.4,300,"bu","14:22:39",3752200
23.7,-0.4,500,"bu","14:22:38",3751900
23.7,-0.4,200,"bu","14:22:34",3751400
23.7,-0.4,1700,"bu","14:22:32",3751200
23.7,-0.4,100,"bu","14:22:26",3749500
23.65,-0.45,900,"sd","14:22:25",3749400
23.65,-0.45,900,"sd","14:22:24",3748500
23.7,-0.4,1000,"bu","14:22:22",3747600
23.7,-0.4,1700,"bu","14:22:19",3746600
23.7,-0.4,5200,"bu","14:22:18",3744900
23.7,-0.4,200,"bu","14:22:14",3739700
23.65,-0.45,6800,"sd","14:22:13",3739500
23.7,-0.4,600,"bu","14:22:11",3732700
23.7,-0.4,4500,"bu","14:22:10",3732100
23.7,-0.4,2000,"bu","14:22:10",3727600
23.7,-0.4,1000,"bu","14:22:06",3725600
23.7,-0.4,1700,"bu","14:22:05",3724600
23.7,-0.4,400,"bu","14:21:57",3722900
23.65,-0.45,800,"sd","14:21:56",3722500
23.7,-0.4,1700,"bu","14:21:49",3721700
23.7,-0.4,1000,"bu","14:21:49",3720000
23.7,-0.4,300,"bu","14:21:44",3719000
23.65,-0.45,7000,"sd","14:21:42",3718700
23.7,-0.4,3400,"bu","14:21:40",3711700
23.7,-0.4,2000,"bu","14:21:38",3708300
23.7,-0.4,1000,"bu","14:21:35",3706300
23.7,-0.4,1700,"bu","14:21:29",3705300
23.65,-0.45,800,"sd","14:21:29",3703600
23.7,-0.4,1500,"bu","14:21:27",3702800
23.7,-0.4,1700,"bu","14:21:14",3701300
23.7,-0.4,300,"bu","14:21:13",3699600
23.65,-0.45,6300,"sd","14:21:07",3699300
23.65,-0.45,900,"sd","14:21:00",3693000
23.7,-0.4,12000,"sd","14:20:52",3692100
23.75,-0.35,2700,"bu","14:20:48",3680100
23.7,-0.4,3000,"sd","14:20:46",3677400
23.7,-0.4,10000,"sd","14:20:43",3674400
23.7,-0.4,7600,"sd","14:20:37",3664400
23.7,-0.4,900,"sd","14:20:32",3656800
23.7,-0.4,1500,"sd","14:20:28",3655900
23.7,-0.4,500,"sd","14:20:04",3654400
23.75,-0.35,4500,"bu","14:19:49",3653900
23.7,-0.4,400,"sd","14:19:36",3649400
23.7,-0.4,1500,"sd","14:19:34",3649000
23.7,-0.4,400,"bu","14:19:16",3647500
23.7,-0.4,3000,"bu","14:19:15",3647100
23.7,-0.4,5100,"bu","14:19:15",3644100
23.7,-0.4,200,"bu","14:19:14",3639000
23.7,-0.4,300,"bu","14:19:12",3638800
23.7,-0.4,100,"bu","14:19:11",3638500
23.7,-0.4,5000,"bu","14:19:10",3638400
23.7,-0.4,1000,"bu","14:19:08",3633400
23.7,-0.4,3000,"bu","14:19:05",3632400
23.7,-0.4,2000,"bu","14:19:01",3629400
23.7,-0.4,5900,"bu","14:18:52",3627400
23.7,-0.4,7000,"bu","14:18:46",3621500
23.7,-0.4,500,"bu","14:18:38",3614500
23.7,-0.4,200,"bu","14:18:37",3614000
23.7,-0.4,1200,"bu","14:18:35",3613800
23.7,-0.4,9000,"bu","14:18:31",3612600
23.7,-0.4,500,"bu","14:18:26",3603600
23.65,-0.45,800,"sd","14:18:23",3603100
23.7,-0.4,4500,"bu","14:18:22",3602300
23.7,-0.4,1500,"bu","14:18:19",3597800
23.65,-0.45,500,"sd","14:18:17",3596300
23.7,-0.4,100,"bu","14:18:17",3595800
23.65,-0.45,7100,"sd","14:18:16",3595700
23.7,-0.4,2500,"bu","14:18:13",3588600
23.7,-0.4,1300,"bu","14:18:09",3586100
23.7,-0.4,4500,"bu","14:18:06",3584800
23.7,-0.4,1200,"bu","14:18:05",3580300
23.7,-0.4,200,"bu","14:18:00",3579100
23.65,-0.45,1000,"sd","14:17:55",3578900
23.7,-0.4,1000,"bu","14:17:54",3577900
23.7,-0.4,800,"bu","14:17:50",3576900
23.7,-0.4,1000,"bu","14:17:49",3576100
23.7,-0.4,100,"bu","14:17:45",3575100
23.65,-0.45,6900,"sd","14:17:43",3575000
23.7,-0.4,1000,"bu","14:17:37",3568100
23.7,-0.4,4500,"bu","14:17:36",3567100
23.65,-0.45,20000,"sd","14:17:26",3562600
23.65,-0.45,400,"sd","14:17:23",3542600
23.65,-0.45,6600,"sd","14:17:10",3542200
23.7,-0.4,800,"bu","14:17:07",3535600
23.7,-0.4,1500,"bu","14:17:05",3534800
23.7,-0.4,100,"bu","14:16:47",3533300
23.65,-0.45,15000,"sd","14:16:44",3533200
23.65,-0.45,800,"sd","14:16:40",3518200
23.65,-0.45,100,"sd","14:16:39",3517400
23.65,-0.45,7300,"sd","14:16:39",3517300
23.65,-0.45,600,"sd","14:16:36",3510000
23.65,-0.45,2700,"sd","14:16:35",3509400
23.7,-0.4,100,"bu","14:16:27",3506700
23.7,-0.4,100,"bu","14:16:25",3506600
23.7,-0.4,1000,"bu","14:16:25",3506500
23.7,-0.4,5000,"bu","14:16:21",3505500
23.7,-0.4,200,"bu","14:16:19",3500500
23.7,-0.4,11800,"sd","14:16:15",3500300
23.7,-0.4,1700,"sd","14:16:14",3488500
23.7,-0.4,900,"sd","14:16:13",3486800
23.7,-0.4,32200,"sd","14:16:12",3485900
23.7,-0.4,300,"sd","14:16:08",3453700
23.7,-0.4,1500,"sd","14:16:06",3453400
23.7,-0.4,6000,"sd","14:16:04",3451900
23.75,-0.35,100,"bu","14:15:59",3445900
23.75,-0.35,3300,"bu","14:15:56",3445800
23.75,-0.35,100,"bu","14:15:53",3442500
23.7,-0.4,300,"sd","14:15:52",3442400
23.7,-0.4,1500,"sd","14:15:52",3442100
23.7,-0.4,100,"sd","14:15:40",3440600
23.7,-0.4,500,"sd","14:15:38",3440500
23.7,-0.4,500,"sd","14:15:37",3440000
23.7,-0.4,1800,"sd","14:15:36",3439500
23.7,-0.4,3700,"sd","14:15:35",3437700
23.8,-0.3,4500,"bu","14:15:29",3430500
23.8,-0.3,300,"bu","14:15:14",3426000
23.8,-0.3,300,"bu","14:15:14",3425700
23.75,-0.35,100,"sd","14:15:13",3425400
23.75,-0.35,500,"sd","14:15:11",3425300
23.75,-0.35,300,"sd","14:14:59",3424800
23.75,-0.35,1500,"sd","14:14:57",3424500
23.75,-0.35,500,"sd","14:14:44",3423000
23.75,-0.35,600,"sd","14:14:18",3422500
23.75,-0.35,300,"sd","14:14:02",3421900
23.75,-0.35,1500,"sd","14:14:01",3421600
23.7,-0.4,100,"sd","14:13:52",3420100
23.7,-0.4,500,"sd","14:13:51",3420000
23.7,-0.4,200,"sd","14:13:44",3419500
23.7,-0.4,1100,"sd","14:13:42",3419300
23.7,-0.4,4500,"sd","14:13:40",3418200
23.7,-0.4,9400,"sd","14:13:39",3413700
23.75,-0.35,7600,"sd","14:13:39",3404300
23.8,-0.3,400,"bu","14:13:39",3396700
23.8,-0.3,600,"bu","14:13:38",3396300
23.8,-0.3,200,"bu","14:13:31",3395700
23.8,-0.3,4000,"bu","14:13:23",3395500
23.8,-0.3,5000,"bu","14:12:50",3391500
23.8,-0.3,100,"bu","14:12:39",3386500
23.8,-0.3,4500,"bu","14:12:18",3386400
23.8,-0.3,1000,"bu","14:11:54",3381900
23.8,-0.3,6100,"sd","14:11:35",3380900
23.85,-0.25,4500,"bu","14:11:31",3374800
23.85,-0.25,400,"sd","14:11:15",3370300
23.85,-0.25,300,"sd","14:11:13",3369900
23.85,-0.25,500,"sd","14:11:12",3369600
23.85,-0.25,700,"sd","14:11:11",3369100
23.85,-0.25,3000,"sd","14:11:09",3368400
23.85,-0.25,19900,"bu","14:10:52",3365400
23.8,-0.3,8600,"bu","14:10:50",3345500
23.75,-0.35,5600,"bu","14:10:50",3336900
23.7,-0.4,9700,"bu","14:10:50",3331300
23.7,-0.4,100,"bu","14:10:49",3321600
23.7,-0.4,200,"bu","14:10:49",3321500
23.7,-0.4,5000,"bu","14:10:47",3321300
23.7,-0.4,3000,"bu","14:10:44",3316300
23.7,-0.4,500,"bu","14:10:41",3313300
23.7,-0.4,4500,"bu","14:10:40",3312800
23.7,-0.4,500,"bu","14:10:40",3308300
23.7,-0.4,5000,"bu","14:10:30",3307800
23.7,-0.4,2100,"bu","14:10:26",3302800
23.7,-0.4,200,"bu","14:10:23",3300700
23.7,-0.4,3000,"bu","14:10:22",3300500
23.7,-0.4,3000,"bu","14:10:20",3297500
23.7,-0.4,1000,"bu","14:10:16",3294500
23.7,-0.4,500,"bu","14:10:15",3293500
23.7,-0.4,100,"bu","14:10:13",3293000
23.7,-0.4,100,"bu","14:10:11",3292900
23.7,-0.4,1000,"bu","14:10:05",3292800
23.7,-0.4,400,"bu","14:10:04",3291800
23.7,-0.4,1100,"bu","14:10:03",3291400
23.7,-0.4,600,"bu","14:10:00",3290300
23.7,-0.4,2000,"bu","14:09:58",3289700
23.7,-0.4,1200,"bu","14:09:52",3287700
23.7,-0.4,4500,"bu","14:09:48",3286500
23.7,-0.4,500,"bu","14:09:39",3282000
23.7,-0.4,100,"bu","14:09:31",3281500
23.7,-0.4,37900,"sd","14:09:23",3281400
23.75,-0.35,500,"bu","14:09:07",3243500
23.7,-0.4,500,"sd","14:09:00",3243000
23.7,-0.4,200,"sd","14:08:57",3242500
23.7,-0.4,5000,"sd","14:08:44",3242300
23.7,-0.4,500,"sd","14:08:33",3237300
23.7,-0.4,1500,"sd","14:08:29",3236800
23.7,-0.4,100,"sd","14:08:19",3235300
23.7,-0.4,2000,"sd","14:08:08",3235200
23.7,-0.4,400,"sd","14:08:06",3233200
23.7,-0.4,1000,"sd","14:08:00",3232800
23.7,-0.4,400,"sd","14:07:59",3231800
23.7,-0.4,3100,"sd","14:07:58",3231400
23.7,-0.4,2400,"sd","14:07:53",3228300
23.7,-0.4,1800,"sd","14:07:51",3225900
23.7,-0.4,26600,"sd","14:07:50",3224100
23.7,-0.4,26600,"sd","14:07:47",3197500
23.75,-0.35,300,"bu","14:07:44",3170900
23.7,-0.4,26600,"sd","14:07:43",3170600
23.75,-0.35,100,"bu","14:07:37",3144000
23.75,-0.35,100,"bu","14:07:30",3143900
23.75,-0.35,500,"bu","14:07:29",3143800
23.7,-0.4,200,"sd","14:07:28",3143300
23.75,-0.35,3000,"bu","14:07:27",3143100
23.75,-0.35,100,"bu","14:07:25",3140100
23.75,-0.35,500,"bu","14:07:03",3140000
23.7,-0.4,30000,"sd","14:07:01",3139500
23.75,-0.35,200,"bu","14:06:55",3109500
23.75,-0.35,200,"bu","14:06:26",3109300
23.75,-0.35,100,"bu","14:06:19",3109100
23.75,-0.35,500,"bu","14:06:15",3109000
23.75,-0.35,200,"bu","14:06:09",3108500
23.75,-0.35,100,"bu","14:06:04",3108300
23.75,-0.35,2100,"sd","14:05:50",3108200
23.75,-0.35,26600,"sd","14:05:48",3106100
23.75,-0.35,1500,"sd","14:05:44",3079500
23.75,-0.35,500,"sd","14:05:27",3078000
23.75,-0.35,500,"sd","14:05:10",3077500
23.8,-0.3,100,"bu","14:04:49",3077000
23.8,-0.3,500,"bu","14:04:35",3076900
23.75,-0.35,500,"sd","14:04:34",3076400
23.75,-0.35,100,"sd","14:04:19",3075900
23.8,-0.3,1400,"sd","14:04:12",3075800
23.8,-0.3,500,"sd","14:04:08",3074400
23.8,-0.3,200,"sd","14:04:01",3073900
23.8,-0.3,2400,"bu","14:04:00",3073700
23.8,-0.3,100,"bu","14:03:59",3071300
23.8,-0.3,100,"bu","14:03:53",3071200
23.8,-0.3,300,"bu","14:03:35",3071100
23.8,-0.3,1000,"bu","14:03:07",3070800
23.8,-0.3,500,"sd","14:02:48",3069800
23.8,-0.3,1500,"bu","14:02:33",3069300
23.75,-0.35,9000,"sd","14:02:27",3067800
23.8,-0.3,70000,"bu","14:02:24",3058800
23.75,-0.35,500,"sd","14:02:22",2988800
23.75,-0.35,15000,"sd","14:02:14",2988300
23.75,-0.35,50000,"sd","14:02:09",2973300
23.8,-0.3,200,"bu","14:02:02",2923300
23.8,-0.3,3000,"bu","14:02:01",2923100
23.8,-0.3,2200,"bu","14:01:59",2920100
23.8,-0.3,2000,"bu","14:01:57",2917900
23.8,-0.3,700,"bu","14:01:55",2915900
23.8,-0.3,800,"bu","14:01:50",2915200
23.8,-0.3,3000,"bu","14:01:26",2914400
23.8,-0.3,3000,"bu","14:01:22",2911400
23.8,-0.3,4500,"bu","14:01:19",2908400
23.75,-0.35,500,"sd","14:01:16",2903900
23.75,-0.35,1500,"sd","14:01:12",2903400
23.75,-0.35,1500,"sd","14:01:06",2901900
23.8,-0.3,500,"bu","14:01:06",2900400
23.75,-0.35,400,"sd","14:01:02",2899900
23.75,-0.35,400,"sd","14:01:02",2899500
23.8,-0.3,200,"bu","14:00:57",2899100
23.8,-0.3,1000,"bu","14:00:22",2898900
23.8,-0.3,100,"bu","14:00:14",2897900
23.8,-0.3,100,"bu","13:59:40",2897800
23.8,-0.3,600,"bu","13:59:34",2897700
23.8,-0.3,100,"bu","13:58:28",2897100
23.8,-0.3,500,"bu","13:58:16",2897000
23.75,-0.35,30000,"sd","13:58:07",2896500
23.75,-0.35,500,"sd","13:57:56",2866500
23.75,-0.35,6000,"sd","13:57:32",2866000
23.8,-0.3,10000,"bu","13:57:18",2860000
23.8,-0.3,100,"bu","13:57:13",2850000
23.8,-0.3,200,"bu","13:56:52",2849900
23.75,-0.35,400,"sd","13:56:37",2849700
23.75,-0.35,1700,"sd","13:56:30",2849300
23.75,-0.35,1400,"sd","13:56:14",2847600
23.8,-0.3,200,"bu","13:56:02",2846200
23.8,-0.3,3000,"bu","13:55:55",2846000
23.8,-0.3,500,"bu","13:55:29",2843000
23.8,-0.3,500,"bu","13:55:26",2842500
23.8,-0.3,49400,"sd","13:55:04",2842000
23.8,-0.3,26600,"sd","13:55:01",2792600
23.8,-0.3,26600,"sd","13:54:59",2766000
23.85,-0.25,200,"bu","13:54:58",2739400
23.85,-0.25,500,"bu","13:54:34",2739200
23.85,-0.25,1000,"bu","13:53:12",2738700
23.8,-0.3,500,"sd","13:53:05",2737700
23.8,-0.3,1700,"sd","13:52:48",2737200
23.8,-0.3,800,"sd","13:52:39",2735500
23.85,-0.25,2000,"bu","13:52:39",2734700
23.85,-0.25,1000,"bu","13:52:26",2732700
23.85,-0.25,3400,"bu","13:52:25",2731700
23.85,-0.25,1000,"bu","13:52:09",2728300
23.85,-0.25,300,"bu","13:51:54",2727300
23.85,-0.25,100,"bu","13:51:33",2727000
23.85,-0.25,1000,"bu","13:50:51",2726900
23.85,-0.25,100,"bu","13:50:24",2725900
23.85,-0.25,1400,"bu","13:50:23",2725800
23.85,-0.25,300,"bu","13:50:21",2724400
23.85,-0.25,200,"bu","13:49:58",2724100
23.85,-0.25,100,"bu","13:49:31",2723900
23.85,-0.25,100,"bu","13:48:34",2723800
23.85,-0.25,12000,"bu","13:48:23",2723700
23.85,-0.25,100,"bu","13:48:20",2711700
23.85,-0.25,500,"bu","13:48:08",2711600
23.85,-0.25,100,"bu","13:48:07",2711100
23.85,-0.25,100,"bu","13:47:51",2711000
23.85,-0.25,500,"bu","13:47:11",2710900
23.85,-0.25,3300,"bu","13:47:07",2710400
23.85,-0.25,500,"bu","13:47:04",2707100
23.8,-0.3,500,"sd","13:46:53",2706600
23.8,-0.3,500,"sd","13:46:27",2706100
23.8,-0.3,1600,"sd","13:46:21",2705600
23.8,-0.3,500,"sd","13:46:00",2704000
23.8,-0.3,500,"sd","13:45:34",2703500
23.8,-0.3,1500,"sd","13:45:26",2703000
23.8,-0.3,500,"sd","13:45:23",2701500
23.85,-0.25,500,"bu","13:45:20",2701000
23.8,-0.3,100,"sd","13:45:10",2700500
23.85,-0.25,2000,"bu","13:45:02",2700400
23.85,-0.25,5600,"sd","13:45:02",2698400
23.85,-0.25,400,"sd","13:44:53",2692800
23.85,-0.25,500,"sd","13:44:41",2692400
23.85,-0.25,1500,"sd","13:44:31",2691900
23.85,-0.25,500,"sd","13:44:14",2690400
23.85,-0.25,500,"sd","13:43:48",2689900
23.85,-0.25,7800,"bu","13:43:38",2689400
23.85,-0.25,300,"bu","13:43:36",2681600
23.85,-0.25,3000,"bu","13:43:32",2679300
23.85,-0.25,500,"bu","13:43:31",2676300
23.85,-0.25,1000,"bu","13:43:28",2675800
23.85,-0.25,14100,"sd","13:43:10",2674800
23.85,-0.25,1900,"sd","13:43:05",2660700
23.85,-0.25,26600,"sd","13:43:01",2658800
23.85,-0.25,500,"sd","13:42:55",2632200
23.85,-0.25,9700,"bu","13:42:48",2631700
23.85,-0.25,1500,"bu","13:42:43",2622000
23.85,-0.25,100,"bu","13:42:41",2620500
23.85,-0.25,5000,"bu","13:42:38",2620400
23.85,-0.25,500,"bu","13:42:37",2615400
23.85,-0.25,1100,"bu","13:42:31",2614900
23.85,-0.25,800,"bu","13:42:27",2613800
23.85,-0.25,400,"bu","13:42:22",2613000
23.85,-0.25,900,"bu","13:42:20",2612600
23.85,-0.25,100,"bu","13:41:55",2611700
23.85,-0.25,500,"bu","13:41:50",2611600
23.85,-0.25,100,"bu","13:41:50",2611100
23.85,-0.25,100,"bu","13:41:49",2611000
23.85,-0.25,8200,"sd","13:41:46",2610900
23.85,-0.25,1500,"sd","13:41:44",2602700
23.85,-0.25,2000,"sd","13:41:38",2601200
23.85,-0.25,500,"sd","13:41:35",2599200
23.85,-0.25,500,"sd","13:41:09",2598700
23.85,-0.25,600,"bu","13:40:52",2598200
23.85,-0.25,30000,"bu","13:40:51",2597600
23.85,-0.25,500,"bu","13:40:19",2567600
23.85,-0.25,200,"bu","13:40:18",2567100
23.85,-0.25,500,"bu","13:40:10",2566900
23.85,-0.25,900,"bu","13:40:09",2566400
23.85,-0.25,300,"bu","13:40:06",2565500
23.85,-0.25,100,"bu","13:40:05",2565200
23.85,-0.25,500,"bu","13:40:00",2565100
23.85,-0.25,100,"bu","13:39:51",2564600
23.85,-0.25,100,"bu","13:39:49",2564500
23.85,-0.25,2100,"bu","13:39:47",2564400
23.85,-0.25,3100,"bu","13:39:45",2562300
23.85,-0.25,400,"bu","13:39:41",2559200
23.85,-0.25,100,"bu","13:39:36",2558800
23.85,-0.25,5000,"bu","13:39:32",2558700
23.85,-0.25,400,"bu","13:39:22",2553700
23.85,-0.25,10000,"bu","13:39:07",2553300
23.85,-0.25,600,"bu","13:39:01",2543300
23.85,-0.25,1500,"bu","13:38:53",2542700
23.85,-0.25,3900,"bu","13:38:53",2541200
23.85,-0.25,200,"bu","13:38:49",2537300
23.85,-0.25,4500,"bu","13:38:38",2537100
23.85,-0.25,200,"bu","13:38:36",2532600
23.85,-0.25,100,"bu","13:38:28",2532400
23.85,-0.25,600,"bu","13:38:07",2532300
23.85,-0.25,2400,"sd","13:37:18",2531700
23.85,-0.25,26600,"sd","13:37:14",2529300
23.85,-0.25,500,"sd","13:37:10",2502700
23.85,-0.25,1500,"sd","13:37:08",2502200
23.85,-0.25,500,"sd","13:36:43",2500700
23.85,-0.25,100,"sd","13:36:29",2500200
23.9,-0.2,100,"bu","13:35:59",2500100
23.9,-0.2,4800,"bu","13:35:33",2500000
23.9,-0.2,1000,"bu","13:34:44",2495200
23.9,-0.2,500,"bu","13:34:18",2494200
23.9,-0.2,100,"bu","13:34:04",2493700
23.9,-0.2,4500,"bu","13:33:56",2493600
23.9,-0.2,4500,"bu","13:33:22",2489100
23.85,-0.25,100,"sd","13:33:21",2484600
23.9,-0.2,3300,"bu","13:32:54",2484500
23.85,-0.25,500,"sd","13:32:45",2481200
23.85,-0.25,38200,"bu","13:32:42",2480700
23.85,-0.25,4500,"bu","13:32:35",2442500
23.85,-0.25,1000,"bu","13:32:05",2438000
23.8,-0.3,500,"sd","13:31:52",2437000
23.8,-0.3,1600,"sd","13:31:36",2436500
23.8,-0.3,500,"sd","13:31:26",2434900
23.8,-0.3,500,"sd","13:31:05",2434400
23.85,-0.25,100,"bu","13:30:49",2433900
23.85,-0.25,4500,"bu","13:30:28",2433800
23.8,-0.3,1000,"sd","13:30:20",2429300
23.8,-0.3,500,"sd","13:30:06",2428300
23.8,-0.3,9000,"sd","13:30:03",2427800
23.85,-0.25,100,"bu","13:29:42",2418800
23.85,-0.25,1500,"bu","13:29:20",2418700
23.85,-0.25,100,"bu","13:28:59",2417200
23.85,-0.25,200,"bu","13:28:31",2417100
23.8,-0.3,100,"sd","13:28:27",2416900
23.8,-0.3,7000,"sd","13:28:21",2416800
23.85,-0.25,1000,"bu","13:27:59",2409800
23.85,-0.25,100,"bu","13:26:20",2408800
23.8,-0.3,100,"sd","13:26:17",2408700
23.8,-0.3,100,"sd","13:26:09",2408600
23.8,-0.3,500,"sd","13:26:07",2408500
23.8,-0.3,1600,"sd","13:26:04",2408000
23.8,-0.3,500,"sd","13:25:40",2406400
23.8,-0.3,500,"sd","13:25:15",2405900
23.8,-0.3,1500,"sd","13:25:08",2405400
23.8,-0.3,500,"sd","13:24:47",2403900
23.8,-0.3,500,"sd","13:24:40",2403400
23.8,-0.3,100,"sd","13:24:24",2402900
23.8,-0.3,400,"sd","13:24:21",2402800
23.8,-0.3,600,"sd","13:24:16",2402400
23.8,-0.3,1500,"sd","13:24:13",2401800
23.8,-0.3,3000,"sd","13:24:01",2400300
23.8,-0.3,500,"sd","13:23:54",2397300
23.8,-0.3,500,"sd","13:23:28",2396800
23.8,-0.3,1000,"sd","13:23:19",2396300
23.85,-0.25,5600,"bu","13:23:04",2395300
23.85,-0.25,100,"bu","13:22:53",2389700
23.85,-0.25,500,"bu","13:22:49",2389600
23.85,-0.25,100,"bu","13:21:51",2389100
23.85,-0.25,17600,"sd","13:21:35",2389000
23.85,-0.25,300,"sd","13:21:33",2371400
23.9,-0.2,3300,"bu","13:20:56",2371100
23.85,-0.25,500,"sd","13:20:49",2367800
23.85,-0.25,300,"sd","13:20:34",2367300
23.85,-0.25,1500,"sd","13:20:32",2367000
23.85,-0.25,500,"sd","13:20:22",2365500
23.85,-0.25,400,"sd","13:20:12",2365000
23.9,-0.2,100,"bu","13:19:50",2364600
23.9,-0.2,4500,"bu","13:19:48",2364500
23.9,-0.2,1000,"bu","13:19:21",2360000
23.9,-0.2,4500,"bu","13:19:20",2359000
23.9,-0.2,200,"bu","13:19:01",2354500
23.9,-0.2,900,"bu","13:18:32",2354300
23.85,-0.25,200,"sd","13:18:29",2353400
23.9,-0.2,1500,"bu","13:18:24",2353200
23.9,-0.2,1100,"bu","13:17:43",2351700
23.9,-0.2,2000,"bu","13:17:27",2350600
23.9,-0.2,500,"bu","13:17:24",2348600
23.9,-0.2,100,"bu","13:17:21",2348100
23.9,-0.2,100,"bu","13:17:15",2348000
23.9,-0.2,1900,"bu","13:17:10",2347900
23.9,-0.2,3000,"bu","13:16:55",2346000
23.9,-0.2,100,"bu","13:16:02",2343000
23.9,-0.2,3000,"bu","13:16:01",2342900
23.9,-0.2,100,"bu","13:15:52",2339900
23.9,-0.2,3000,"bu","13:15:46",2339800
23.9,-0.2,3000,"bu","13:15:32",2336800
23.9,-0.2,200,"bu","13:15:00",2333800
23.9,-0.2,6300,"bu","13:14:47",2333600
23.85,-0.25,1600,"bu","13:14:40",2327300
23.85,-0.25,200,"bu","13:14:37",2325700
23.85,-0.25,1000,"bu","13:14:36",2325500
23.85,-0.25,100,"bu","13:14:33",2324500
23.85,-0.25,1000,"bu","13:14:19",2324400
23.85,-0.25,1000,"bu","13:14:17",2323400
23.85,-0.25,500,"bu","13:14:12",2322400
23.85,-0.25,2000,"bu","13:14:04",2321900
23.85,-0.25,400,"bu","13:14:00",2319900
23.85,-0.25,300,"bu","13:13:59",2319500
23.85,-0.25,2700,"bu","13:13:58",2319200
23.85,-0.25,2000,"bu","13:13:58",2316500
23.85,-0.25,5000,"bu","13:13:52",2314500
23.85,-0.25,1000,"bu","13:13:11",2309500
23.85,-0.25,4500,"bu","13:13:06",2308500
23.8,-0.3,400,"sd","13:12:51",2304000
23.8,-0.3,1000,"sd","13:12:30",2303600
23.85,-0.25,4500,"bu","13:12:17",2302600
23.85,-0.25,6000,"bu","13:12:12",2298100
23.85,-0.25,3000,"bu","13:12:11",2292100
23.85,-0.25,1500,"bu","13:12:11",2289100
23.85,-0.25,2200,"bu","13:12:10",2287600
23.8,-0.3,500,"sd","13:11:58",2285400
23.8,-0.3,500,"sd","13:11:32",2284900
23.8,-0.3,500,"sd","13:11:26",2284400
23.85,-0.25,1000,"bu","13:11:13",2283900
23.8,-0.3,500,"sd","13:11:05",2282900
23.8,-0.3,100,"sd","13:10:50",2282400
23.85,-0.25,100,"bu","13:10:49",2282300
23.85,-0.25,4500,"bu","13:10:14",2282200
23.8,-0.3,400,"sd","13:10:12",2277700
23.8,-0.3,2100,"bu","13:09:57",2277300
23.8,-0.3,100,"bu","13:09:51",2275200
23.8,-0.3,100,"bu","13:09:47",2275100
23.8,-0.3,500,"bu","13:09:41",2275000
23.8,-0.3,3000,"bu","13:09:39",2274500
23.8,-0.3,5000,"bu","13:09:38",2271500
23.8,-0.3,45000,"bu","13:09:24",2266500
23.8,-0.3,2000,"bu","13:09:15",2221500
23.75,-0.35,500,"sd","13:08:52",2219500
23.75,-0.35,1500,"sd","13:08:33",2219000
23.75,-0.35,500,"sd","13:08:26",2217500
23.75,-0.35,4000,"sd","13:08:15",2217000
23.8,-0.3,4500,"bu","13:08:05",2213000
23.8,-0.3,100,"bu","13:07:01",2208500
23.8,-0.3,200,"bu","13:06:21",2208400
23.75,-0.35,500,"sd","13:06:13",2208200
23.75,-0.35,400,"sd","13:05:47",2207700
23.8,-0.3,4500,"bu","13:05:47",2207300
23.75,-0.35,800,"sd","13:05:45",2202800
23.8,-0.3,600,"bu","13:05:41",2202000
23.8,-0.3,500,"bu","13:05:31",2201400
23.8,-0.3,100,"bu","13:05:22",2200900
23.8,-0.3,4500,"bu","13:05:19",2200800
23.8,-0.3,2500,"bu","13:04:54",2196300
23.8,-0.3,19000,"bu","13:04:52",2193800
23.75,-0.35,1500,"sd","13:04:52",2174800
23.75,-0.35,10000,"sd","13:04:47",2173300
23.8,-0.3,2200,"bu","13:04:24",2163300
23.8,-0.3,200,"bu","13:04:20",2161100
23.8,-0.3,500,"bu","13:03:45",2160900
23.8,-0.3,3000,"bu","13:03:32",2160400
23.8,-0.3,4500,"bu","13:03:24",2157400
23.8,-0.3,4500,"bu","13:02:43",2152900
23.75,-0.35,500,"sd","13:02:41",2148400
23.75,-0.35,200,"sd","13:02:26",2147900
23.8,-0.3,4500,"bu","13:02:16",2147700
23.75,-0.35,500,"sd","13:02:15",2143200
23.75,-0.35,1600,"sd","13:02:06",2142700
23.8,-0.3,4500,"bu","13:02:05",2141100
23.75,-0.35,100,"sd","13:01:54",2136600
23.75,-0.35,500,"sd","13:01:48",2136500
23.75,-0.35,200,"sd","13:01:42",2136000
23.8,-0.3,3000,"bu","13:00:45",2135800
23.75,-0.35,500,"sd","13:00:29",2132800
23.75,-0.35,1500,"sd","13:00:15",2132300
23.8,-0.3,600,"bu","13:00:15",2130800
23.75,-0.35,1100,"sd","13:00:13",2130200
23.8,-0.3,100,"bu","13:00:13",2129100
23.8,-0.3,200,"bu","13:00:12",2129000
23.75,-0.35,3000,"sd","13:00:11",2128800
23.8,-0.3,12800,"sd","11:29:48",2125800
23.8,-0.3,3000,"sd","11:29:43",2113000
23.8,-0.3,500,"sd","11:29:42",2110000
23.8,-0.3,1500,"sd","11:29:19",2109500
23.8,-0.3,2200,"bu","11:29:11",2108000
23.75,-0.35,100,"sd","11:28:52",2105800
23.8,-0.3,300,"bu","11:28:33",2105700
23.8,-0.3,2500,"sd","11:28:31",2105400
23.8,-0.3,1500,"sd","11:28:24",2102900
23.8,-0.3,500,"sd","11:27:35",2101400
23.8,-0.3,2000,"sd","11:27:33",2100900
23.8,-0.3,1500,"sd","11:27:28",2098900
23.8,-0.3,1500,"sd","11:26:33",2097400
23.8,-0.3,10000,"sd","11:26:06",2095900
23.85,-0.25,1000,"bu","11:25:42",2085900
23.85,-0.25,200,"bu","11:25:00",2084900
23.8,-0.3,1500,"sd","11:24:43",2084700
23.8,-0.3,1500,"sd","11:23:47",2083200
23.8,-0.3,1500,"sd","11:22:52",2081700
23.8,-0.3,2000,"bu","11:22:01",2080200
23.8,-0.3,20000,"bu","11:21:38",2078200
23.75,-0.35,1500,"sd","11:21:01",2058200
23.75,-0.35,1600,"sd","11:20:06",2056700
23.75,-0.35,5000,"sd","11:19:52",2055100
23.8,-0.3,2700,"bu","11:19:42",2050100
23.8,-0.3,1000,"bu","11:19:40",2047400
23.8,-0.3,5000,"bu","11:19:27",2046400
23.8,-0.3,5000,"bu","11:19:18",2041400
23.8,-0.3,200,"bu","11:19:05",2036400
23.75,-0.35,500,"sd","11:18:44",2036200
23.8,-0.3,200,"bu","11:18:37",2035700
23.8,-0.3,300,"bu","11:18:34",2035500
23.8,-0.3,2900,"bu","11:18:34",2035200
23.8,-0.3,100,"bu","11:18:03",2032300
23.8,-0.3,500,"sd","11:17:20",2032200
23.8,-0.3,100,"sd","11:17:18",2031700
23.8,-0.3,2500,"sd","11:17:10",2031600
23.8,-0.3,3200,"sd","11:16:53",2029100
23.8,-0.3,1500,"sd","11:16:25",2025900
23.8,-0.3,2000,"sd","11:15:40",2024400
23.75,-0.35,1500,"sd","11:15:29",2022400
23.75,-0.35,1500,"sd","11:14:34",2020900
23.75,-0.35,1500,"sd","11:13:39",2019400
23.75,-0.35,26500,"sd","11:13:28",2017900
23.8,-0.3,100,"sd","11:13:28",1991400
23.8,-0.3,14100,"bu","11:13:25",1991300
23.8,-0.3,27900,"bu","11:13:24",1977200
23.8,-0.3,100,"bu","11:13:09",1949300
23.75,-0.35,1500,"sd","11:12:43",1949200
23.75,-0.35,1500,"sd","11:11:48",1947700
23.75,-0.35,1500,"sd","11:10:53",1946200
23.75,-0.35,3000,"sd","11:10:10",1944700
23.75,-0.35,1500,"sd","11:09:57",1941700
23.75,-0.35,20000,"sd","11:09:47",1940200
23.75,-0.35,1000,"sd","11:09:22",1920200
23.8,-0.3,100,"bu","11:09:18",1919200
23.8,-0.3,100,"bu","11:08:24",1919100
23.8,-0.3,100,"bu","11:08:10",1919000
23.8,-0.3,100,"bu","11:07:56",1918900
23.8,-0.3,2000,"bu","11:07:36",1918800
23.8,-0.3,200,"bu","11:07:27",1916800
23.75,-0.35,3000,"sd","11:07:24",1916600
23.75,-0.35,1600,"sd","11:07:11",1913600
23.75,-0.35,18200,"bu","11:07:04",1912000
23.7,-0.4,15100,"sd","11:06:56",1893800
23.7,-0.4,10000,"sd","11:06:53",1878700
23.7,-0.4,20000,"sd","11:06:41",1868700
23.7,-0.4,400,"sd","11:06:39",1848700
23.7,-0.4,1000,"sd","11:06:38",1848300
23.75,-0.35,2000,"bu","11:06:25",1847300
23.75,-0.35,200,"bu","11:06:18",1845300
23.75,-0.35,500,"bu","11:06:04",1845100
23.75,-0.35,100,"bu","11:05:59",1844600
23.75,-0.35,100,"bu","11:05:59",1844500
23.75,-0.35,100,"bu","11:05:38",1844400
23.75,-0.35,100,"bu","11:05:37",1844300
23.75,-0.35,100,"bu","11:05:27",1844200
23.75,-0.35,5000,"bu","11:05:02",1844100
23.75,-0.35,18300,"sd","11:04:47",1839100
23.75,-0.35,15000,"sd","11:04:32",1820800
23.75,-0.35,1500,"sd","11:04:25",1805800
23.75,-0.35,10000,"sd","11:04:08",1804300
23.75,-0.35,500,"sd","11:04:01",1794300
23.75,-0.35,9000,"sd","11:03:54",1793800
23.75,-0.35,100,"sd","11:03:47",1784800
23.75,-0.35,1500,"sd","11:03:29",1784700
23.75,-0.35,1500,"sd","11:02:35",1783200
23.75,-0.35,7200,"sd","11:02:24",1781700
23.75,-0.35,12800,"sd","11:02:23",1774500
23.8,-0.3,5400,"bu","11:02:18",1761700
23.8,-0.3,100,"bu","11:01:58",1756300
23.8,-0.3,100,"bu","11:01:13",1756200
23.8,-0.3,100,"bu","11:01:11",1756100
23.8,-0.3,200,"bu","11:00:20",1756000
23.75,-0.35,1500,"sd","10:59:49",1755800
23.75,-0.35,1500,"sd","10:58:54",1754300
23.75,-0.35,1500,"sd","10:57:58",1752800
23.75,-0.35,1500,"sd","10:57:03",1751300
23.75,-0.35,500,"sd","10:56:48",1749800
23.8,-0.3,100,"bu","10:56:17",1749300
23.8,-0.3,400,"bu","10:56:02",1749200
23.8,-0.3,2000,"bu","10:55:11",1748800
23.8,-0.3,100,"bu","10:55:09",1746800
23.8,-0.3,200,"bu","10:55:03",1746700
23.8,-0.3,500,"bu","10:54:53",1746500
23.8,-0.3,100,"bu","10:54:35",1746000
23.8,-0.3,3100,"sd","10:53:49",1745900
23.8,-0.3,4500,"sd","10:53:42",1742800
23.8,-0.3,5000,"sd","10:53:39",1738300
23.8,-0.3,500,"sd","10:53:37",1733300
23.8,-0.3,5100,"sd","10:53:29",1732800
23.8,-0.3,1500,"sd","10:53:22",1727700
23.8,-0.3,3000,"sd","10:53:06",1726200
23.8,-0.3,12600,"sd","10:52:59",1723200
23.8,-0.3,14000,"sd","10:52:59",1710600
23.8,-0.3,26600,"sd","10:52:55",1696600
23.8,-0.3,1500,"sd","10:52:26",1670000
23.8,-0.3,10600,"sd","10:51:50",1668500
23.8,-0.3,1500,"sd","10:51:31",1657900
23.8,-0.3,1500,"sd","10:51:20",1656400
23.8,-0.3,500,"sd","10:51:18",1654900
23.8,-0.3,4500,"sd","10:50:39",1654400
23.8,-0.3,1500,"sd","10:50:36",1649900
23.8,-0.3,600,"sd","10:50:24",1648400
23.85,-0.25,5000,"bu","10:49:35",1647800
23.8,-0.3,25000,"sd","10:48:47",1642800
23.85,-0.25,1000,"bu","10:48:34",1617800
23.85,-0.25,400,"bu","10:48:24",1616800
23.85,-0.25,100,"bu","10:47:24",1616400
23.85,-0.25,100,"bu","10:47:17",1616300
23.85,-0.25,500,"bu","10:46:58",1616200
23.85,-0.25,300,"bu","10:46:51",1615700
23.85,-0.25,30000,"bu","10:46:32",1615400
23.8,-0.3,6000,"sd","10:46:14",1585400
23.85,-0.25,100,"bu","10:45:39",1579400
23.85,-0.25,3200,"bu","10:45:37",1579300
23.8,-0.3,6000,"sd","10:45:14",1576100
23.85,-0.25,500,"bu","10:45:07",1570100
23.85,-0.25,300,"bu","10:44:39",1569600
23.85,-0.25,3200,"bu","10:44:28",1569300
23.85,-0.25,2000,"bu","10:44:20",1566100
23.85,-0.25,5000,"bu","10:43:30",1564100
23.8,-0.3,14600,"sd","10:43:24",1559100
23.85,-0.25,100,"bu","10:43:06",1544500
23.85,-0.25,400,"bu","10:42:44",1544400
23.8,-0.3,4500,"sd","10:42:32",1544000
23.85,-0.25,200,"bu","10:42:12",1539500
23.85,-0.25,400,"sd","10:41:54",1539300
23.8,-0.3,1500,"sd","10:41:22",1538900
23.8,-0.3,4500,"sd","10:40:48",1537400
23.8,-0.3,1500,"sd","10:40:27",1532900
23.8,-0.3,300,"sd","10:39:58",1531400
23.85,-0.25,4200,"sd","10:39:58",1531100
23.85,-0.25,3000,"sd","10:39:52",1526900
23.85,-0.25,1500,"sd","10:39:32",1523900
23.85,-0.25,3700,"bu","10:38:46",1522400
23.85,-0.25,24000,"bu","10:38:40",1518700
23.85,-0.25,100,"bu","10:38:34",1494700
23.85,-0.25,500,"bu","10:38:32",1494600
23.85,-0.25,100,"bu","10:38:29",1494100
23.85,-0.25,200,"bu","10:38:21",1494000
23.85,-0.25,100,"bu","10:38:19",1493800
23.85,-0.25,500,"bu","10:38:12",1493700
23.85,-0.25,48000,"bu","10:38:07",1493200
23.8,-0.3,1200,"sd","10:38:07",1445200
23.85,-0.25,300,"bu","10:37:56",1444000
23.8,-0.3,1800,"sd","10:37:53",1443700
23.85,-0.25,300,"bu","10:37:28",1441900
23.85,-0.25,200,"bu","10:37:19",1441600
23.85,-0.25,1000,"bu","10:36:42",1441400
23.8,-0.3,10000,"sd","10:36:34",1440400
23.85,-0.25,100,"bu","10:36:27",1430400
23.85,-0.25,1500,"bu","10:36:25",1430300
23.85,-0.25,7500,"bu","10:36:24",1428800
23.85,-0.25,2000,"bu","10:36:21",1421300
23.85,-0.25,100,"bu","10:35:20",1419300
23.8,-0.3,1500,"sd","10:34:55",1419200
23.8,-0.3,100,"sd","10:34:15",1417700
23.85,-0.25,2200,"bu","10:34:05",1417600
23.8,-0.3,2500,"bu","10:34:05",1415400
23.8,-0.3,200,"bu","10:33:47",1412900
23.8,-0.3,1000,"bu","10:33:37",1412700
23.8,-0.3,100,"bu","10:33:36",1411700
23.8,-0.3,24300,"sd","10:33:31",1411600
23.8,-0.3,700,"sd","10:33:27",1387300
23.8,-0.3,25900,"sd","10:33:27",1386600
23.85,-0.25,400,"bu","10:32:54",1360700
23.8,-0.3,10000,"sd","10:32:44",1360300
23.85,-0.25,100,"bu","10:32:29",1350300
23.85,-0.25,100,"bu","10:32:11",1350200
23.8,-0.3,1500,"sd","10:32:09",1350100
23.8,-0.3,15000,"sd","10:31:46",1348600
23.85,-0.25,100,"bu","10:31:39",1333600
23.85,-0.25,100,"bu","10:31:08",1333500
23.8,-0.3,10000,"sd","10:30:40",1333400
23.85,-0.25,2000,"bu","10:30:14",1323400
23.85,-0.25,100,"bu","10:29:56",1321400
23.85,-0.25,300,"bu","10:29:28",1321300
23.85,-0.25,100,"bu","10:29:13",1321000
23.85,-0.25,3300,"bu","10:29:09",1320900
23.85,-0.25,100,"bu","10:29:07",1317600
23.85,-0.25,1000,"bu","10:28:53",1317500
23.85,-0.25,3200,"bu","10:28:46",1316500
23.85,-0.25,100,"bu","10:28:45",1313300
23.85,-0.25,100,"bu","10:28:24",1313200
23.85,-0.25,200,"bu","10:28:08",1313100
23.85,-0.25,100,"bu","10:27:26",1312900
23.85,-0.25,3000,"bu","10:27:22",1312800
23.8,-0.3,1500,"sd","10:27:08",1309800
23.8,-0.3,9100,"sd","10:27:07",1308300
23.85,-0.25,3200,"bu","10:26:11",1299200
23.85,-0.25,400,"bu","10:25:53",1296000
23.8,-0.3,6100,"sd","10:25:47",1295600
23.8,-0.3,3900,"sd","10:25:46",1289500
23.85,-0.25,1000,"bu","10:25:20",1285600
23.85,-0.25,100,"bu","10:24:19",1284600
23.85,-0.25,400,"bu","10:23:51",1284500
23.85,-0.25,100,"bu","10:23:29",1284100
23.85,-0.25,1000,"bu","10:23:20",1284000
23.85,-0.25,300,"bu","10:22:41",1283000
23.85,-0.25,300,"bu","10:22:35",1282700
23.85,-0.25,100,"bu","10:22:33",1282400
23.85,-0.25,100,"bu","10:22:31",1282300
23.85,-0.25,100,"bu","10:22:19",1282200
23.85,-0.25,100,"bu","10:22:10",1282100
23.85,-0.25,100,"bu","10:22:06",1282000
23.85,-0.25,500,"bu","10:22:03",1281900
23.85,-0.25,1800,"bu","10:21:59",1281400
23.85,-0.25,100,"bu","10:21:44",1279600
23.85,-0.25,300,"bu","10:21:10",1279500
23.85,-0.25,3000,"sd","10:21:03",1279200
23.85,-0.25,10600,"sd","10:21:00",1276200
23.85,-0.25,5000,"sd","10:20:22",1265600
23.85,-0.25,1500,"sd","10:20:10",1260600
23.85,-0.25,2000,"sd","10:19:39",1259100
23.85,-0.25,200,"sd","10:19:23",1257100
23.85,-0.25,1500,"sd","10:19:14",1256900
23.85,-0.25,100,"sd","10:19:13",1255400
23.85,-0.25,10600,"sd","10:18:59",1255300
23.85,-0.25,500,"sd","10:18:36",1244700
23.85,-0.25,1500,"sd","10:18:18",1244200
23.85,-0.25,8300,"bu","10:17:58",1242700
23.85,-0.25,100,"bu","10:17:41",1234400
23.85,-0.25,100,"bu","10:17:34",1234300
23.85,-0.25,100,"bu","10:17:28",1234200
23.85,-0.25,100,"bu","10:17:23",1234100
23.85,-0.25,1000,"bu","10:17:03",1234000
23.85,-0.25,5100,"sd","10:16:57",1233000
23.85,-0.25,26600,"sd","10:16:50",1227900
23.9,-0.2,500,"bu","10:16:43",1201300
23.9,-0.2,500,"bu","10:16:14",1200800
23.9,-0.2,500,"bu","10:16:08",1200300
23.85,-0.25,35800,"sd","10:16:02",1199800
23.9,-0.2,1400,"sd","10:15:48",1164000
23.9,-0.2,2000,"sd","10:15:43",1162600
23.95,-0.15,1000,"bu","10:15:10",1160600
23.9,-0.2,2100,"bu","10:15:07",1159600
23.9,-0.2,2200,"bu","10:14:40",1157500
23.9,-0.2,13800,"sd","10:14:32",1155300
23.9,-0.2,2000,"sd","10:14:25",1141500
23.9,-0.2,10000,"sd","10:14:22",1139500
23.9,-0.2,26600,"sd","10:14:21",1129500
23.9,-0.2,26600,"sd","10:14:14",1102900
23.9,-0.2,65000,"sd","10:14:10",1076300
23.9,-0.2,10000,"sd","10:13:57",1011300
23.95,-0.15,800,"bu","10:13:50",1001300
23.9,-0.2,1500,"sd","10:13:43",1000500
23.9,-0.2,30200,"sd","10:13:09",999000
23.9,-0.2,1500,"sd","10:12:47",968800
23.9,-0.2,6000,"sd","10:12:44",967300
23.9,-0.2,10100,"sd","10:12:15",961300
23.9,-0.2,6000,"sd","10:12:14",951200
23.95,-0.15,500,"bu","10:11:41",945200
23.95,-0.15,100,"bu","10:11:28",944700
23.95,-0.15,2600,"bu","10:11:17",944600
23.95,-0.15,100,"bu","10:10:43",942000
23.95,-0.15,100,"bu","10:09:02",941900
23.95,-0.15,100,"bu","10:08:46",941800
23.95,-0.15,18500,"sd","10:08:08",941700
23.95,-0.15,1500,"sd","10:07:15",923200
23.95,-0.15,9900,"bu","10:06:23",921700
23.95,-0.15,500,"bu","10:06:12",911800
23.95,-0.15,10000,"bu","10:06:07",911300
23.95,-0.15,1000,"bu","10:05:57",901300
23.95,-0.15,300,"bu","10:05:57",900300
23.95,-0.15,500,"bu","10:05:51",900000
23.95,-0.15,1000,"bu","10:05:29",899500
23.95,-0.15,6400,"sd","10:05:23",898500
23.95,-0.15,600,"bu","10:04:31",892100
23.95,-0.15,900,"sd","10:04:29",891500
23.95,-0.15,1000,"sd","10:04:20",890600
23.95,-0.15,100,"bu","10:04:08",889600
23.95,-0.15,2000,"bu","10:04:02",889500
23.95,-0.15,1000,"bu","10:04:01",887500
23.95,-0.15,300,"bu","10:03:58",886500
23.95,-0.15,1000,"bu","10:03:56",886200
23.95,-0.15,2000,"bu","10:03:55",885200
23.95,-0.15,5000,"bu","10:03:47",883200
23.95,-0.15,500,"bu","10:03:45",878200
23.95,-0.15,10000,"bu","10:03:44",877700
23.95,-0.15,500,"bu","10:03:42",867700
23.95,-0.15,500,"bu","10:03:40",867200
23.95,-0.15,500,"bu","10:03:38",866700
23.95,-0.15,9900,"bu","10:03:34",866200
23.95,-0.15,31700,"bu","10:03:30",856300
23.95,-0.15,3100,"bu","10:03:29",824600
23.95,-0.15,900,"bu","10:03:19",821500
23.95,-0.15,300,"bu","10:02:52",820600
23.95,-0.15,1000,"bu","10:02:46",820300
23.9,-0.2,4500,"sd","10:02:44",819300
23.95,-0.15,5000,"bu","10:02:43",814800
23.95,-0.15,10000,"bu","10:02:40",809800
23.95,-0.15,2000,"bu","10:02:22",799800
23.9,-0.2,10000,"sd","10:01:53",797800
23.95,-0.15,1000,"bu","10:01:20",787800
23.95,-0.15,100,"bu","10:01:03",786800
23.9,-0.2,10600,"sd","10:00:51",786700
23.95,-0.15,1000,"bu","10:00:47",776100
23.95,-0.15,500,"bu","10:00:35",775100
23.9,-0.2,3000,"sd","10:00:32",774600
23.95,-0.15,100,"bu","10:00:26",771600
23.9,-0.2,7000,"sd","10:00:21",771500
23.95,-0.15,5300,"bu","10:00:19",764500
23.9,-0.2,200,"sd","10:00:03",759200
23.9,-0.2,700,"sd","09:59:55",759000
23.95,-0.15,9700,"bu","09:59:43",758300
23.9,-0.2,500,"sd","09:59:42",748600
23.9,-0.2,700,"sd","09:59:30",748100
23.9,-0.2,4000,"sd","09:59:26",747400
23.9,-0.2,700,"sd","09:59:16",743400
23.9,-0.2,1300,"sd","09:59:02",742700
23.95,-0.15,100,"bu","09:58:40",741400
23.9,-0.2,500,"sd","09:58:37",741300
23.9,-0.2,800,"sd","09:58:25",740800
23.9,-0.2,13100,"sd","09:58:20",740000
23.95,-0.15,100,"bu","09:58:14",726900
23.9,-0.2,600,"sd","09:58:08",726800
23.9,-0.2,1500,"sd","09:58:02",726200
23.9,-0.2,500,"sd","09:57:57",724700
23.9,-0.2,700,"sd","09:57:46",724200
23.9,-0.2,100,"sd","09:57:43",723500
23.9,-0.2,600,"sd","09:57:31",723400
23.95,-0.15,25000,"bu","09:57:24",722800
23.9,-0.2,800,"sd","09:57:18",697800
23.9,-0.2,1500,"sd","09:57:07",697000
23.9,-0.2,700,"sd","09:57:04",695500
23.9,-0.2,7800,"sd","09:56:49",694800
23.9,-0.2,1300,"sd","09:56:34",687000
23.95,-0.15,2900,"bu","09:56:30",685700
23.9,-0.2,3000,"sd","09:56:18",682800
23.9,-0.2,300,"sd","09:56:17",679800
23.9,-0.2,1500,"sd","09:56:11",679500
23.9,-0.2,8000,"sd","09:56:09",678000
23.9,-0.2,700,"sd","09:56:06",670000
23.9,-0.2,700,"sd","09:55:52",669300
23.9,-0.2,700,"sd","09:55:38",668600
23.9,-0.2,600,"sd","09:55:24",667900
23.9,-0.2,10600,"sd","09:55:18",667300
23.9,-0.2,1500,"sd","09:55:16",656700
23.9,-0.2,700,"sd","09:55:11",655200
23.9,-0.2,900,"sd","09:54:57",654500
23.95,-0.15,500,"bu","09:54:56",653600
23.95,-0.15,3100,"bu","09:54:50",653100
23.95,-0.15,200,"bu","09:54:40",650000
23.9,-0.2,400,"sd","09:54:39",649800
23.9,-0.2,800,"sd","09:54:31",649400
23.9,-0.2,500,"sd","09:54:29",648600
23.95,-0.15,3400,"bu","09:54:23",648100
23.95,-0.15,100,"bu","09:54:21",644700
23.9,-0.2,1500,"sd","09:54:21",644600
23.9,-0.2,1100,"sd","09:54:19",643100
23.95,-0.15,13300,"bu","09:54:11",642000
23.95,-0.15,6700,"bu","09:54:10",628700
23.95,-0.15,2700,"bu","09:53:58",622000
23.9,-0.2,1200,"sd","09:53:56",619300
23.9,-0.2,600,"sd","09:53:33",618100
23.9,-0.2,1500,"sd","09:53:25",617500
23.9,-0.2,7800,"bu","09:53:04",616000
23.9,-0.2,900,"bu","09:53:02",608200
23.9,-0.2,500,"bu","09:52:59",607300
23.9,-0.2,3000,"bu","09:52:52",606800
23.9,-0.2,1000,"bu","09:52:44",603800
23.9,-0.2,4000,"bu","09:52:44",602800
23.9,-0.2,100,"bu","09:52:38",598800
23.9,-0.2,100,"bu","09:52:37",598700
23.9,-0.2,6000,"bu","09:52:31",598600
23.9,-0.2,5000,"bu","09:52:30",592600
23.9,-0.2,800,"bu","09:52:29",587600
23.9,-0.2,12000,"bu","09:52:27",586800
23.85,-0.25,700,"sd","09:52:26",574800
23.9,-0.2,200,"bu","09:52:24",574100
23.9,-0.2,10000,"bu","09:52:22",573900
23.9,-0.2,300,"bu","09:52:20",563900
23.9,-0.2,1000,"bu","09:52:16",563600
23.9,-0.2,100,"bu","09:52:12",562600
23.85,-0.25,500,"sd","09:52:10",562500
23.9,-0.2,5000,"bu","09:52:09",562000
23.85,-0.25,8000,"sd","09:52:04",557000
23.9,-0.2,5000,"bu","09:52:01",549000
23.85,-0.25,500,"sd","09:52:00",544000
23.85,-0.25,500,"sd","09:51:50",543500
23.9,-0.2,300,"bu","09:51:49",543000
23.85,-0.25,1000,"sd","09:51:39",542700
23.9,-0.2,100,"bu","09:51:31",541700
23.9,-0.2,100,"bu","09:51:24",541000
23.85,-0.25,500,"sd","09:51:17",540900
23.85,-0.25,500,"sd","09:51:08",540400
23.85,-0.25,400,"sd","09:50:57",539900
23.85,-0.25,600,"sd","09:50:48",539500
23.9,-0.2,100,"bu","09:50:42",538900
23.85,-0.25,600,"sd","09:50:36",538800
23.85,-0.25,400,"sd","09:50:25",538200
23.85,-0.25,600,"sd","09:50:15",537800
23.85,-0.25,500,"sd","09:50:03",537200
23.85,-0.25,500,"sd","09:49:53",536700
23.85,-0.25,900,"sd","09:49:41",536200
23.85,-0.25,800,"sd","09:49:24",535300
23.85,-0.25,800,"sd","09:49:08",534500
23.9,-0.2,2000,"bu","09:48:58",533700
23.85,-0.25,800,"sd","09:48:51",531700
23.85,-0.25,800,"sd","09:48:35",530900
23.85,-0.25,500,"sd","09:48:19",530100
23.85,-0.25,600,"sd","09:48:07",529600
23.9,-0.2,100,"bu","09:48:05",529000
23.85,-0.25,10000,"sd","09:48:05",528900
23.9,-0.2,100,"bu","09:47:56",518900
23.85,-0.25,800,"sd","09:47:56",518800
23.9,-0.2,100,"bu","09:47:48",518000
23.85,-0.25,700,"sd","09:47:39",517900
23.9,-0.2,100,"bu","09:47:36",517200
23.85,-0.25,800,"sd","09:47:23",517100
23.85,-0.25,800,"sd","09:47:07",516300
23.85,-0.25,1100,"sd","09:46:51",515500
23.85,-0.25,7100,"sd","09:46:40",514400
23.85,-0.25,700,"sd","09:46:29",507300
23.85,-0.25,5000,"sd","09:46:26",506600
23.85,-0.25,700,"sd","09:46:15",501600
23.85,-0.25,500,"sd","09:45:59",500900
23.85,-0.25,800,"sd","09:45:48",500400
23.85,-0.25,600,"sd","09:45:32",499600
23.85,-0.25,600,"sd","09:45:21",499000
23.85,-0.25,400,"sd","09:45:08",498400
23.85,-0.25,5300,"sd","09:44:59",498000
23.85,-0.25,5500,"sd","09:44:57",492700
23.85,-0.25,600,"sd","09:44:42",487200
23.9,-0.2,800,"sd","09:44:41",486600
23.9,-0.2,200,"bu","09:44:41",485800
23.9,-0.2,500,"sd","09:44:36",485600
23.9,-0.2,7300,"sd","09:44:36",485100
23.9,-0.2,900,"sd","09:44:30",477800
23.9,-0.2,700,"sd","09:44:13",476900
23.9,-0.2,200,"sd","09:44:12",476200
23.9,-0.2,300,"sd","09:44:05",476000
23.9,-0.2,700,"sd","09:43:59",475700
23.9,-0.2,500,"sd","09:43:44",475000
23.9,-0.2,300,"sd","09:43:41",474500
23.9,-0.2,300,"sd","09:43:34",474200
23.9,-0.2,700,"sd","09:43:17",473100
23.95,-0.15,1500,"bu","09:43:16",472400
23.85,-0.25,500,"sd","09:43:03",470900
23.9,-0.2,100,"sd","09:43:03",470400
23.85,-0.25,300,"sd","09:42:49",470300
23.9,-0.2,300,"sd","09:42:49",470000
23.9,-0.2,13300,"sd","09:42:43",469700
23.9,-0.2,700,"sd","09:42:36",456400
23.9,-0.2,700,"sd","09:42:22",455700
23.9,-0.2,7100,"sd","09:42:19",455000
23.9,-0.2,7100,"sd","09:42:17",447900
23.9,-0.2,500,"sd","09:42:08",440800
23.95,-0.15,600,"bu","09:42:04",440300
23.9,-0.2,200,"sd","09:42:04",439700
23.95,-0.15,2400,"bu","09:42:03",439500
23.9,-0.2,200,"sd","09:42:01",437100
23.9,-0.2,500,"sd","09:41:58",436900
23.9,-0.2,500,"sd","09:41:47",436400
23.9,-0.2,600,"sd","09:41:37",435900
23.9,-0.2,500,"sd","09:41:26",435300
23.9,-0.2,700,"sd","09:41:15",434800
23.9,-0.2,600,"sd","09:41:00",434100
23.9,-0.2,3000,"sd","09:40:54",433500
23.9,-0.2,700,"sd","09:40:53",430500
23.9,-0.2,2100,"sd","09:40:52",429800
23.9,-0.2,5000,"sd","09:40:51",427700
23.9,-0.2,400,"sd","09:40:48",422700
23.9,-0.2,500,"sd","09:40:39",422300
23.9,-0.2,600,"sd","09:40:29",421800
23.9,-0.2,200,"sd","09:40:24",421200
23.95,-0.15,1000,"bu","09:40:17",421000
23.9,-0.2,600,"sd","09:40:17",420000
23.95,-0.15,100,"bu","09:40:13",419400
23.9,-0.2,8000,"sd","09:40:10",419300
23.9,-0.2,700,"sd","09:40:05",411300
23.95,-0.15,500,"bu","09:39:59",410600
23.95,-0.15,1900,"bu","09:39:54",410100
23.9,-0.2,600,"sd","09:39:50",408200
23.9,-0.2,500,"sd","09:39:38",407600
23.9,-0.2,500,"sd","09:39:27",407100
23.9,-0.2,600,"sd","09:39:17",406600
23.9,-0.2,400,"sd","09:39:05",406000
23.9,-0.2,5000,"sd","09:38:58",405600
23.9,-0.2,800,"sd","09:38:56",400600
23.9,-0.2,2500,"sd","09:38:44",399800
23.9,-0.2,500,"sd","09:38:40",397300
23.95,-0.15,5800,"sd","09:38:28",396800
23.95,-0.15,600,"sd","09:38:17",391000
23.95,-0.15,500,"sd","09:38:13",390400
23.95,-0.15,400,"sd","09:38:04",389900
23.95,-0.15,600,"sd","09:37:54",389500
23.95,-0.15,500,"sd","09:37:43",388900
23.95,-0.15,100,"sd","09:37:36",388400
23.95,-0.15,600,"sd","09:37:31",388300
23.95,-0.15,1000,"sd","09:37:24",387700
23.95,-0.15,400,"sd","09:37:20",386700
23.95,-0.15,5000,"sd","09:37:12",386300
23.95,-0.15,500,"sd","09:37:10",381300
23.95,-0.15,1500,"sd","09:37:03",380800
23.95,-0.15,400,"sd","09:37:00",379300
23.95,-0.15,500,"sd","09:36:52",378900
23.95,-0.15,700,"sd","09:36:41",378400
23.95,-0.15,500,"sd","09:36:28",377700
23.95,-0.15,500,"sd","09:36:17",377200
23.95,-0.15,300,"sd","09:36:11",376700
23.95,-0.15,700,"sd","09:36:06",376400
23.95,-0.15,7100,"sd","09:35:53",375700
23.95,-0.15,400,"sd","09:35:52",368600
23.95,-0.15,7100,"sd","09:35:50",368200
23.95,-0.15,8400,"bu","09:35:48",361100
23.95,-0.15,1600,"sd","09:35:47",352700
23.95,-0.15,700,"sd","09:35:44",351100
23.95,-0.15,500,"sd","09:35:30",350400
23.95,-0.15,13300,"sd","09:35:20",349900
23.95,-0.15,600,"sd","09:35:19",336600
23.95,-0.15,3000,"sd","09:35:08",336000
23.95,-0.15,600,"sd","09:35:06",333000
23.95,-0.15,700,"sd","09:34:54",332400
23.95,-0.15,400,"sd","09:34:41",331700
23.95,-0.15,10600,"sd","09:34:35",331300
23.95,-0.15,500,"sd","09:34:31",320700
23.95,-0.15,500,"sd","09:34:22",320200
23.95,-0.15,1500,"sd","09:34:21",319700
23.95,-0.15,2000,"sd","09:34:20",318200
23.95,-0.15,100,"sd","09:33:45",316200
23.95,-0.15,1500,"sd","09:33:40",316100
23.95,-0.15,1000,"sd","09:33:37",314600
23.95,-0.15,1600,"sd","09:33:18",313600
23.95,-0.15,100,"sd","09:32:57",312000
24,-0.1,100,"bu","09:32:43",311900
24,-0.1,2300,"bu","09:32:38",311800
24,-0.1,500,"bu","09:32:13",309500
24,-0.1,10400,"sd","09:32:06",309000
24,-0.1,59200,"sd","09:31:56",298600
24.05,-0.05,100,"bu","09:31:56",239400
24.05,-0.05,100,"bu","09:31:12",239300
24.05,-0.05,1900,"bu","09:31:08",239200
24.05,-0.05,100,"bu","09:31:06",237300
24,-0.1,3500,"sd","09:31:02",237200
24.05,-0.05,100,"bu","09:31:01",233700
24,-0.1,4000,"sd","09:30:51",233600
24.05,-0.05,2000,"bu","09:30:46",229600
24,-0.1,2000,"sd","09:30:27",227600
24.05,-0.05,200,"bu","09:30:05",225600
24.05,-0.05,1500,"bu","09:29:32",225400
24.05,-0.05,100,"bu","09:29:30",223900
24.05,-0.05,200,"bu","09:29:07",223800
24.05,-0.05,200,"bu","09:29:00",223600
24.05,-0.05,600,"bu","09:28:51",223400
24.05,-0.05,1000,"bu","09:28:50",222800
24.05,-0.05,200,"bu","09:28:49",221800
24.05,-0.05,500,"bu","09:28:38",221600
24.05,-0.05,2000,"bu","09:28:37",221100
24.05,-0.05,400,"bu","09:28:34",219100
24.05,-0.05,1200,"bu","09:28:31",218700
24.05,-0.05,4000,"bu","09:28:18",217500
24.05,-0.05,4700,"bu","09:28:16",213500
24.05,-0.05,17600,"bu","09:28:13",208800
24,-0.1,500,"sd","09:27:56",191200
24,-0.1,100,"sd","09:27:47",190700
24.05,-0.05,500,"bu","09:27:44",190600
24,-0.1,2100,"sd","09:27:32",190100
24.05,-0.05,100,"bu","09:27:31",188000
24.05,-0.05,2000,"bu","09:27:25",187900
24,-0.1,1700,"sd","09:27:22",185900
24,-0.1,5000,"sd","09:27:03",184200
24.05,-0.05,100,"bu","09:27:00",179200
24.05,-0.05,500,"bu","09:26:49",179100
24.05,-0.05,2000,"bu","09:26:39",178600
24.05,-0.05,1000,"bu","09:26:36",176600
24.05,-0.05,10000,"bu","09:26:23",175600
24.05,-0.05,300,"bu","09:26:16",165600
24.05,-0.05,100,"bu","09:26:00",165300
24.05,-0.05,100,"bu","09:25:59",165200
24.05,-0.05,2200,"bu","09:25:56",165100
24.05,-0.05,10000,"bu","09:25:44",162900
24.05,-0.05,4000,"bu","09:25:40",152900
24.05,-0.05,1000,"bu","09:25:28",148900
24.05,-0.05,100,"bu","09:25:24",147900
24.05,-0.05,400,"bu","09:25:05",147800
24,-0.1,100,"sd","09:24:58",147400
24,-0.1,3500,"sd","09:24:51",147300
24,-0.1,4500,"sd","09:24:17",143800
24,-0.1,13300,"sd","09:23:54",139300
24.05,-0.05,200,"bu","09:23:37",126000
24,-0.1,2000,"sd","09:23:24",125800
24.05,-0.05,100,"bu","09:22:55",123800
24,-0.1,3500,"sd","09:22:44",123700
24.05,-0.05,200,"bu","09:22:30",120200
24.05,-0.05,2500,"bu","09:22:26",120000
24,-0.1,200,"sd","09:22:08",117300
24.05,-0.05,100,"bu","09:22:08",117100
24.05,-0.05,100,"bu","09:21:58",117000
24.05,-0.05,100,"bu","09:21:35",116900
24,-0.1,2700,"bu","09:21:10",116800
24,-0.1,100,"bu","09:21:08",114100
24,-0.1,1000,"bu","09:21:06",114000
24,-0.1,6200,"sd","09:21:01",113000
24,-0.1,3500,"sd","09:20:48",106800
24,-0.1,500,"sd","09:20:45",103300
24,-0.1,200,"sd","09:20:38",102800
24,-0.1,3500,"sd","09:20:35",102600
24,-0.1,2300,"bu","09:20:00",99100
24,-0.1,1200,"sd","09:19:59",96800
24,-0.1,100,"sd","09:19:52",95600
24,-0.1,3500,"sd","09:19:49",95500
24,-0.1,200,"sd","09:19:37",92000
24,-0.1,4800,"sd","09:19:32",91800
24,-0.1,3300,"bu","09:19:24",87000
24,-0.1,10000,"sd","09:19:16",83700
24,-0.1,300,"sd","09:19:07",73700
24,-0.1,3500,"sd","09:19:04",73400
24,-0.1,2000,"sd","09:18:58",69900
24,-0.1,7100,"sd","09:18:54",67900
24,-0.1,200,"sd","09:18:40",60800
24,-0.1,500,"sd","09:18:30",60600
24,-0.1,300,"sd","09:18:25",60100
24,-0.1,200,"sd","09:18:09",59800
24.05,-0.05,100,"bu","09:18:08",59600
24,-0.1,500,"sd","09:18:03",59500
24,-0.1,500,"sd","09:17:56",59000
24,-0.1,1800,"sd","09:17:52",58500
24,-0.1,300,"sd","09:17:51",56700
24,-0.1,200,"sd","09:17:44",56400
24,-0.1,1000,"sd","09:17:24",56200
24,-0.1,2600,"sd","09:16:57",55200
24,-0.1,200,"sd","09:16:29",52600
24,-0.1,200,"bu","09:16:27",52400
24,-0.1,200,"bu","09:16:25",52200
24,-0.1,100,"bu","09:16:20",52000
24,-0.1,1600,"sd","09:16:17",51900
24.05,-0.05,300,"bu","09:16:14",50300
24,-0.1,8500,"bu","09:15:57",50000
24,-0.1,18800,"sd","09:15:41",41500
24.05,-0.05,1000,"bu","09:15:29",22700
24.05,-0.05,400,"bu","09:15:16",21700
24,-0.1,100,"sd","09:15:07",21300
24,-0.1,21200,"","09:15:05",21200
