"symbol","time","price","change","vol","total","side"
"ANV","14:45:10",30,0,84100,1836600,
"ANV","14:30:02",29.9,-0.1,500,1752500,"S"
"ANV","14:29:57",29.7,-0.3,200,1752000,"B"
"ANV","14:29:49",29.9,-0.1,3400,1751800,"S"
"ANV","14:29:34",29.9,-0.1,5000,1748400,"S"
"ANV","14:29:21",29.9,-0.1,1000,1743400,"S"
"ANV","14:29:10",29.9,-0.1,4000,1742400,"S"
"ANV","14:29:10",29.85,-0.15,5800,1738400,"S"
"ANV","14:29:10",29.8,-0.2,200,1732600,"S"
"ANV","14:29:02",29.8,-0.2,3800,1732400,"S"
"ANV","14:29:02",29.7,-0.3,2800,1728600,"S"
"ANV","14:29:02",29.65,-0.35,3000,1725800,"S"
"ANV","14:29:02",29.6,-0.4,400,1722800,"S"
"ANV","14:29:01",29.6,-0.4,100,1722400,"S"
"ANV","14:28:56",29.55,-0.45,3000,1722300,"B"
"ANV","14:28:55",29.6,-0.4,100,1719300,"S"
"ANV","14:28:39",29.55,-0.45,500,1719200,"S"
"ANV","14:28:37",29.55,-0.45,500,1718700,"S"
"ANV","14:28:30",29.5,-0.5,5900,1718200,"S"
"ANV","14:28:19",29.4,-0.6,2000,1712300,"B"
"ANV","14:28:14",29.5,-0.5,1800,1710300,"S"
"ANV","14:28:14",29.45,-0.55,8200,1708500,"S"
"ANV","14:27:28",29.35,-0.65,600,1700300,"S"
"ANV","14:27:16",29.3,-0.7,1200,1699700,"S"
"ANV","14:27:15",29.3,-0.7,200,1698500,"S"
"ANV","14:27:09",29.3,-0.7,2100,1698300,"S"
"ANV","14:27:07",29.3,-0.7,200,1696200,"S"
"ANV","14:27:04",29.3,-0.7,1300,1696000,"B"
"ANV","14:26:59",29.3,-0.7,200,1694700,"S"
"ANV","14:26:56",29.3,-0.7,400,1694500,"S"
"ANV","14:26:54",29.3,-0.7,1000,1694100,"S"
"ANV","14:26:51",29.3,-0.7,5000,1693100,"S"
"ANV","14:26:27",29.25,-0.75,1700,1688100,"S"
"ANV","14:26:26",29.25,-0.75,100,1686400,"S"
"ANV","14:26:23",29.25,-0.75,2000,1686300,"S"
"ANV","14:26:15",29.25,-0.75,500,1684300,"S"
"ANV","14:26:12",29.25,-0.75,100,1683800,"S"
"ANV","14:26:08",29.2,-0.8,5000,1683700,"B"
"ANV","14:26:08",29.25,-0.75,100,1678700,"S"
"ANV","14:26:07",29.25,-0.75,3000,1678600,"S"
"ANV","14:26:06",29.25,-0.75,5000,1675600,"S"
"ANV","14:25:49",29.25,-0.75,1000,1670600,"S"
"ANV","14:25:48",29.25,-0.75,4000,1669600,"S"
"ANV","14:25:46",29.25,-0.75,100,1665600,"S"
"ANV","14:25:44",29.25,-0.75,100,1665500,"S"
"ANV","14:25:14",29.25,-0.75,2300,1665400,"B"
"ANV","14:25:12",29.25,-0.75,2700,1663100,"S"
"ANV","14:25:11",29.25,-0.75,100,1660400,"S"
"ANV","14:25:06",29.25,-0.75,2000,1660300,"S"
"ANV","14:25:04",29.2,-0.8,7000,1658300,"B"
"ANV","14:24:36",29.25,-0.75,500,1651300,"B"
"ANV","14:24:14",29.2,-0.8,300,1650800,"B"
"ANV","14:23:56",29.25,-0.75,200,1650500,"S"
"ANV","14:23:53",29.25,-0.75,100,1650300,"S"
"ANV","14:23:45",29.2,-0.8,1000,1650200,"B"
"ANV","14:23:43",29.2,-0.8,2000,1649200,"S"
"ANV","14:23:42",29.2,-0.8,500,1647200,"S"
"ANV","14:23:23",29.2,-0.8,800,1646700,"S"
"ANV","14:23:14",29.2,-0.8,100,1645900,"S"
"ANV","14:23:03",29.15,-0.85,300,1645800,"S"
"ANV","14:22:59",29.15,-0.85,1500,1645500,"B"
"ANV","14:22:56",29.2,-0.8,1000,1644000,"S"
"ANV","14:22:54",29.15,-0.85,2000,1643000,"S"
"ANV","14:22:53",29.15,-0.85,100,1641000,"S"
"ANV","14:22:49",29.15,-0.85,1300,1640900,"S"
"ANV","14:22:44",29.15,-0.85,6600,1639600,"B"
"ANV","14:22:35",29.2,-0.8,500,1633000,"S"
"ANV","14:22:33",29.2,-0.8,1500,1632500,"S"
"ANV","14:22:26",29.2,-0.8,100,1631000,"S"
"ANV","14:22:21",29.15,-0.85,500,1630900,"B"
"ANV","14:22:13",29.25,-0.75,100,1630400,"S"
"ANV","14:21:51",29.15,-0.85,2900,1630300,"B"
"ANV","14:21:51",29.2,-0.8,100,1627400,"B"
"ANV","14:21:40",29.3,-0.7,100,1627300,"S"
"ANV","14:21:36",29.3,-0.7,600,1627200,"B"
"ANV","14:21:35",29.3,-0.7,400,1626600,"S"
"ANV","14:21:29",29.3,-0.7,1000,1626200,"S"
"ANV","14:21:07",29.3,-0.7,100,1625200,"S"
"ANV","14:20:58",29.3,-0.7,300,1625100,"S"
"ANV","14:20:24",29.1,-0.9,1600,1624800,"S"
"ANV","14:20:18",29.1,-0.9,100,1623200,"S"
"ANV","14:20:08",29.1,-0.9,1000,1623100,"S"
"ANV","14:20:05",29.1,-0.9,1000,1622100,"S"
"ANV","14:19:54",29.05,-0.95,5000,1621100,"B"
"ANV","14:19:52",29.1,-0.9,1000,1616100,"S"
"ANV","14:19:47",29.1,-0.9,1000,1615100,"S"
"ANV","14:19:41",29.1,-0.9,2000,1614100,"S"
"ANV","14:19:41",29.1,-0.9,2000,1612100,"S"
"ANV","14:19:39",29.1,-0.9,500,1610100,"S"
"ANV","14:19:39",29.1,-0.9,3400,1609600,"B"
"ANV","14:19:39",29.2,-0.8,2900,1606200,"B"
"ANV","14:19:39",29.25,-0.75,9500,1603300,"B"
"ANV","14:19:30",29.25,-0.75,500,1593800,"B"
"ANV","14:19:15",29.2,-0.8,9300,1593300,"S"
"ANV","14:19:06",29.1,-0.9,600,1584000,"S"
"ANV","14:18:52",29.1,-0.9,200,1583400,"S"
"ANV","14:18:51",29.05,-0.95,100,1583200,"S"
"ANV","14:18:50",29,-1,100,1583100,"B"
"ANV","14:18:49",29.05,-0.95,100,1583000,"S"
"ANV","14:18:45",29.05,-0.95,1000,1582900,"S"
"ANV","14:18:33",29,-1,500,1581900,"B"
"ANV","14:18:16",29,-1,1500,1581400,"S"
"ANV","14:18:13",29,-1,5000,1579900,"S"
"ANV","14:18:12",29,-1,1000,1574900,"S"
"ANV","14:18:10",29,-1,100,1573900,"S"
"ANV","14:18:03",29,-1,1000,1573800,"S"
"ANV","14:18:02",28.9,-1.1,200,1572800,"S"
"ANV","14:18:02",28.9,-1.1,200,1572600,"S"
"ANV","14:17:53",28.9,-1.1,1000,1572400,"S"
"ANV","14:17:52",28.9,-1.1,100,1571400,"S"
"ANV","14:17:51",28.8,-1.2,1000,1571300,"B"
"ANV","14:17:42",28.8,-1.2,400,1570300,"S"
"ANV","14:17:41",28.8,-1.2,900,1569900,"S"
"ANV","14:17:37",28.75,-1.25,100,1569000,"B"
"ANV","14:17:33",28.8,-1.2,800,1568900,"S"
"ANV","14:17:32",28.8,-1.2,300,1568100,"S"
"ANV","14:17:23",28.75,-1.25,400,1567800,"S"
"ANV","14:17:20",28.75,-1.25,200,1567400,"S"
"ANV","14:17:19",28.75,-1.25,100,1567200,"S"
"ANV","14:17:10",28.8,-1.2,500,1567100,"S"
"ANV","14:17:02",28.8,-1.2,500,1566600,"S"
"ANV","14:16:50",28.8,-1.2,600,1566100,"S"
"ANV","14:16:37",28.8,-1.2,100,1565500,"S"
"ANV","14:16:36",28.6,-1.4,200,1565400,"B"
"ANV","14:16:35",28.6,-1.4,200,1565200,"B"
"ANV","14:16:26",28.8,-1.2,500,1565000,"S"
"ANV","14:16:23",28.8,-1.2,5000,1564500,"S"
"ANV","14:16:13",28.8,-1.2,100,1559500,"S"
"ANV","14:16:05",28.8,-1.2,2000,1559400,"S"
"ANV","14:15:59",28.55,-1.45,600,1557400,"B"
"ANV","14:15:57",28.8,-1.2,200,1556800,"S"
"ANV","14:15:54",28.8,-1.2,200,1556600,"S"
"ANV","14:15:52",28.55,-1.45,900,1556400,"B"
"ANV","14:15:48",28.55,-1.45,4300,1555500,"S"
"ANV","14:15:46",28.5,-1.5,300,1551200,"B"
"ANV","14:15:45",28.5,-1.5,2000,1550900,"B"
"ANV","14:15:32",28.5,-1.5,500,1548900,"B"
"ANV","14:15:32",28.6,-1.4,300,1548400,"B"
"ANV","14:15:31",28.5,-1.5,11400,1548100,"B"
"ANV","14:15:31",28.6,-1.4,1600,1536700,"B"
"ANV","14:15:31",28.65,-1.35,3500,1535100,"B"
"ANV","14:15:30",28.65,-1.35,700,1531600,"B"
"ANV","14:15:30",28.7,-1.3,300,1530900,"B"
"ANV","14:15:27",28.8,-1.2,100,1530600,"S"
"ANV","14:15:24",28.7,-1.3,200,1530500,"B"
"ANV","14:15:24",28.8,-1.2,900,1530300,"S"
"ANV","14:15:20",28.65,-1.35,2000,1529400,"B"
"ANV","14:15:20",28.7,-1.3,1700,1527400,"B"
"ANV","14:15:20",28.75,-1.25,1300,1525700,"B"
"ANV","14:15:17",28.8,-1.2,100,1524400,"B"
"ANV","14:15:15",28.8,-1.2,400,1524300,"B"
"ANV","14:15:10",28.8,-1.2,2000,1523900,"B"
"ANV","14:15:09",28.8,-1.2,900,1521900,"B"
"ANV","14:15:03",28.8,-1.2,400,1521000,"S"
"ANV","14:15:01",28.8,-1.2,500,1520600,"S"
"ANV","14:15:01",28.8,-1.2,100,1520100,"S"
"ANV","14:14:53",28.8,-1.2,400,1520000,"B"
"ANV","14:14:48",28.9,-1.1,400,1519600,"S"
"ANV","14:14:43",28.8,-1.2,2000,1519200,"B"
"ANV","14:14:39",28.8,-1.2,500,1517200,"B"
"ANV","14:14:29",28.8,-1.2,11800,1516300,"B"
"ANV","14:14:29",28.85,-1.15,1900,1504500,"B"
"ANV","14:14:29",28.9,-1.1,9200,1502600,"B"
"ANV","14:14:29",28.95,-1.05,100,1493400,"B"
"ANV","14:14:29",29,-1,17700,1493300,"B"
"ANV","14:14:28",29,-1,19000,1475600,"B"
"ANV","14:14:25",29.05,-0.95,2000,1456600,"S"
"ANV","14:14:25",29.05,-0.95,500,1454600,"S"
"ANV","14:14:19",29,-1,5000,1454100,"B"
"ANV","14:14:18",29,-1,2500,1449100,"B"
"ANV","14:14:17",29,-1,10100,1446600,"B"
"ANV","14:14:12",29,-1,2800,1436500,"B"
"ANV","14:14:10",29,-1,1000,1433700,"B"
"ANV","14:14:08",29,-1,1000,1432700,"B"
"ANV","14:14:07",29,-1,100,1431700,"B"
"ANV","14:14:05",29,-1,900,1431600,"B"
"ANV","14:14:03",29.05,-0.95,100,1430700,"S"
"ANV","14:14:01",29,-1,3500,1430600,"B"
"ANV","14:13:56",29,-1,5000,1427100,"B"
"ANV","14:13:55",29.05,-0.95,100,1422100,"S"
"ANV","14:13:52",29,-1,5500,1422000,"B"
"ANV","14:13:51",29,-1,1000,1416500,"B"
"ANV","14:13:45",29,-1,4900,1415500,"B"
"ANV","14:13:34",29,-1,300,1410600,"B"
"ANV","14:13:29",29.05,-0.95,100,1410300,"S"
"ANV","14:13:18",29,-1,1000,1410200,"B"
"ANV","14:13:18",29.05,-0.95,100,1409200,"S"
"ANV","14:13:17",29,-1,1200,1409100,"B"
"ANV","14:13:16",29,-1,500,1407900,"B"
"ANV","14:13:07",29.05,-0.95,100,1407400,"S"
"ANV","14:13:06",29.05,-0.95,100,1407300,"S"
"ANV","14:13:03",29.05,-0.95,1000,1407200,"S"
"ANV","14:12:58",29.05,-0.95,13900,1406200,"B"
"ANV","14:12:44",29.1,-0.9,2600,1392300,"B"
"ANV","14:12:40",29.1,-0.9,5000,1389700,"B"
"ANV","14:12:39",29.1,-0.9,2500,1384700,"B"
"ANV","14:12:32",29.15,-0.85,6500,1382200,"B"
"ANV","14:12:23",29.15,-0.85,1500,1375700,"B"
"ANV","14:12:15",29.2,-0.8,2500,1374200,"B"
"ANV","14:12:11",29.2,-0.8,3000,1371700,"B"
"ANV","14:12:02",29.25,-0.75,10800,1368700,"B"
"ANV","14:12:02",29.3,-0.7,17300,1357900,"B"
"ANV","14:11:58",29.4,-0.6,400,1340600,"B"
"ANV","14:11:48",29.45,-0.55,100,1340200,"S"
"ANV","14:11:21",29.4,-0.6,200,1340100,"B"
"ANV","14:11:11",29.4,-0.6,400,1339900,"S"
"ANV","14:10:24",29.45,-0.55,200,1339500,"S"
"ANV","14:09:40",29.45,-0.55,300,1339300,"B"
"ANV","14:09:38",29.45,-0.55,1900,1339000,"S"
"ANV","14:09:00",29.45,-0.55,100,1337100,"S"
"ANV","14:08:27",29.5,-0.5,1000,1337000,"S"
"ANV","14:08:27",29.45,-0.55,2000,1336000,"S"
"ANV","14:08:24",29.3,-0.7,1600,1334000,"B"
"ANV","14:07:33",29.3,-0.7,3500,1332400,"B"
"ANV","14:06:41",29.3,-0.7,500,1328900,"B"
"ANV","14:06:31",29.3,-0.7,1800,1328400,"B"
"ANV","14:06:31",29.4,-0.6,100,1326600,"B"
"ANV","14:05:30",29.3,-0.7,500,1326500,"B"
"ANV","14:05:30",29.35,-0.65,3900,1326000,"B"
"ANV","14:05:30",29.4,-0.6,5200,1322100,"B"
"ANV","14:05:30",29.5,-0.5,3100,1309600,"B"
"ANV","14:05:29",29.5,-0.5,3300,1306500,"B"
"ANV","14:05:05",29.5,-0.5,1500,1303200,"B"
"ANV","14:04:52",29.5,-0.5,2100,1301700,"S"
"ANV","14:04:44",29.5,-0.5,700,1299600,"S"
"ANV","14:04:42",29.5,-0.5,600,1298900,"B"
"ANV","14:04:30",29.5,-0.5,200,1298300,"B"
"ANV","14:04:23",29.5,-0.5,3100,1298100,"B"
"ANV","14:04:22",29.5,-0.5,500,1295000,"B"
"ANV","14:04:08",29.5,-0.5,2700,1294500,"S"
"ANV","14:03:59",29.5,-0.5,600,1291800,"S"
"ANV","14:03:49",29.5,-0.5,100,1291200,"S"
"ANV","14:03:39",29.5,-0.5,100,1291100,"S"
"ANV","14:03:37",29.5,-0.5,100,1291000,"S"
"ANV","14:03:29",29.5,-0.5,200,1290900,"B"
"ANV","14:02:43",29.5,-0.5,1800,1290700,"B"
"ANV","14:02:23",29.5,-0.5,6200,1288900,"S"
"ANV","14:02:16",29.45,-0.55,200,1282700,"B"
"ANV","14:01:13",29.35,-0.65,5600,1282500,"B"
"ANV","14:01:13",29.4,-0.6,3500,1276900,"B"
"ANV","14:01:13",29.45,-0.55,900,1273400,"B"
"ANV","14:00:50",29.45,-0.55,100,1272500,"S"
"ANV","14:00:41",29.4,-0.6,5900,1272400,"S"
"ANV","14:00:37",29.4,-0.6,400,1266500,"S"
"ANV","14:00:31",29.4,-0.6,300,1266100,"S"
"ANV","14:00:17",29.4,-0.6,200,1265800,"S"
"ANV","14:00:16",29.4,-0.6,100,1265600,"S"
"ANV","13:59:59",29.4,-0.6,500,1265500,"S"
"ANV","13:59:54",29.4,-0.6,1000,1265000,"S"
"ANV","13:59:44",29.4,-0.6,100,1264000,"S"
"ANV","13:59:27",29.4,-0.6,500,1263900,"S"
"ANV","13:59:25",29.4,-0.6,1200,1263400,"S"
"ANV","13:59:24",29.4,-0.6,100,1262200,"S"
"ANV","13:59:23",29.4,-0.6,7000,1262100,"S"
"ANV","13:59:14",29.4,-0.6,1000,1255100,"S"
"ANV","13:58:30",29.35,-0.65,100,1254100,"S"
"ANV","13:58:29",29.35,-0.65,5100,1254000,"S"
"ANV","13:58:28",29.35,-0.65,300,1248900,"S"
"ANV","13:58:26",29.35,-0.65,1700,1248600,"S"
"ANV","13:58:23",29.35,-0.65,500,1246900,"S"
"ANV","13:58:21",29.35,-0.65,10000,1246400,"S"
"ANV","13:58:15",29.35,-0.65,300,1236400,"S"
"ANV","13:58:13",29.35,-0.65,2000,1236100,"S"
"ANV","13:58:03",29.35,-0.65,1000,1234100,"S"
"ANV","13:58:00",29.35,-0.65,10000,1233100,"S"
"ANV","13:57:29",29.3,-0.7,300,1223100,"S"
"ANV","13:57:29",29.3,-0.7,2800,1222800,"S"
"ANV","13:57:27",29.3,-0.7,300,1220000,"S"
"ANV","13:57:22",29.3,-0.7,100,1219700,"S"
"ANV","13:57:18",29.3,-0.7,300,1219600,"S"
"ANV","13:57:15",29.3,-0.7,1000,1219300,"S"
"ANV","13:57:09",29.3,-0.7,1200,1218300,"S"
"ANV","13:56:55",29.25,-0.75,5000,1217100,"B"
"ANV","13:56:39",29.25,-0.75,100,1212100,"S"
"ANV","13:56:36",29.25,-0.75,100,1212000,"S"
"ANV","13:56:36",29.25,-0.75,100,1211900,"S"
"ANV","13:56:31",29.25,-0.75,100,1211800,"S"
"ANV","13:56:23",29.25,-0.75,6900,1211700,"B"
"ANV","13:56:23",29.3,-0.7,2700,1204800,"B"
"ANV","13:56:18",29.3,-0.7,100,1202100,"S"
"ANV","13:56:10",29.25,-0.75,3700,1202000,"S"
"ANV","13:56:05",29.25,-0.75,100,1198300,"S"
"ANV","13:55:58",29.25,-0.75,100,1198200,"S"
"ANV","13:55:58",29.25,-0.75,200,1198100,"S"
"ANV","13:55:53",29.25,-0.75,100,1197900,"S"
"ANV","13:55:41",29.25,-0.75,100,1197800,"S"
"ANV","13:55:39",29.25,-0.75,1000,1197700,"S"
"ANV","13:55:38",29.25,-0.75,500,1196700,"S"
"ANV","13:55:31",29.25,-0.75,500,1196200,"S"
"ANV","13:55:26",29.25,-0.75,600,1195700,"S"
"ANV","13:55:20",29.25,-0.75,100,1195100,"S"
"ANV","13:55:16",29.25,-0.75,100,1195000,"S"
"ANV","13:55:14",29.25,-0.75,1000,1194900,"S"
"ANV","13:55:12",29.25,-0.75,2000,1193900,"S"
"ANV","13:55:10",29.25,-0.75,200,1191900,"S"
"ANV","13:55:10",29.25,-0.75,400,1191700,"S"
"ANV","13:55:09",29.25,-0.75,200,1191300,"S"
"ANV","13:55:08",29.25,-0.75,100,1191100,"S"
"ANV","13:55:06",29.25,-0.75,100,1191000,"S"
"ANV","13:55:02",29.25,-0.75,500,1190900,"S"
"ANV","13:54:53",29.25,-0.75,200,1190400,"S"
"ANV","13:54:31",29.25,-0.75,500,1190200,"S"
"ANV","13:54:29",29.25,-0.75,200,1189700,"S"
"ANV","13:54:27",29.25,-0.75,100,1189500,"S"
"ANV","13:53:43",29.3,-0.7,5400,1189400,"S"
"ANV","13:53:43",29.25,-0.75,2100,1184000,"S"
"ANV","13:53:43",29.2,-0.8,2500,1181900,"S"
"ANV","13:53:40",29.15,-0.85,1000,1179400,"B"
"ANV","13:53:34",29.2,-0.8,500,1178400,"S"
"ANV","13:53:30",29.15,-0.85,200,1177900,"B"
"ANV","13:53:27",29.15,-0.85,500,1177700,"B"
"ANV","13:53:24",29.2,-0.8,500,1177200,"S"
"ANV","13:53:15",29.15,-0.85,1300,1176700,"B"
"ANV","13:53:14",29.15,-0.85,3000,1175400,"B"
"ANV","13:53:13",29.15,-0.85,4000,1172400,"B"
"ANV","13:53:04",29.15,-0.85,1000,1168400,"B"
"ANV","13:53:03",29.2,-0.8,900,1167400,"S"
"ANV","13:52:59",29.15,-0.85,200,1166500,"B"
"ANV","13:52:38",29.15,-0.85,100,1166300,"B"
"ANV","13:52:31",29.15,-0.85,500,1166200,"B"
"ANV","13:52:22",29.2,-0.8,100,1165700,"S"
"ANV","13:52:01",29.15,-0.85,2200,1165600,"S"
"ANV","13:51:59",29.15,-0.85,1000,1163400,"S"
"ANV","13:51:53",29.15,-0.85,800,1162400,"B"
"ANV","13:51:51",29.15,-0.85,200,1161600,"S"
"ANV","13:51:47",29.15,-0.85,100,1161400,"S"
"ANV","13:51:42",29.15,-0.85,200,1161300,"S"
"ANV","13:51:39",29.15,-0.85,100,1161100,"S"
"ANV","13:51:37",29.15,-0.85,500,1161000,"S"
"ANV","13:51:26",29.15,-0.85,400,1160500,"S"
"ANV","13:51:23",29.1,-0.9,200,1160100,"B"
"ANV","13:51:15",29.1,-0.9,200,1159900,"B"
"ANV","13:51:07",29.15,-0.85,100,1159700,"S"
"ANV","13:50:44",29.05,-0.95,2900,1159600,"B"
"ANV","13:50:44",29.1,-0.9,3700,1156700,"B"
"ANV","13:50:44",29.15,-0.85,2300,1153000,"B"
"ANV","13:50:44",29.2,-0.8,100,1150700,"S"
"ANV","13:50:43",29.2,-0.8,4300,1150600,"B"
"ANV","13:50:43",29.25,-0.75,800,1146300,"B"
"ANV","13:50:22",29.25,-0.75,3000,1145500,"B"
"ANV","13:50:17",29.25,-0.75,2000,1142500,"B"
"ANV","13:50:16",29.25,-0.75,1500,1140500,"B"
"ANV","13:50:09",29.25,-0.75,100,1139000,"B"
"ANV","13:50:00",29.25,-0.75,100,1138900,"B"
"ANV","13:49:59",29.25,-0.75,300,1138800,"B"
"ANV","13:49:58",29.25,-0.75,5000,1138500,"B"
"ANV","13:49:53",29.25,-0.75,4500,1133500,"B"
"ANV","13:49:52",29.25,-0.75,4000,1129000,"B"
"ANV","13:49:48",29.25,-0.75,600,1125000,"B"
"ANV","13:49:10",29.3,-0.7,5500,1124400,"B"
"ANV","13:49:08",29.3,-0.7,3900,1118900,"B"
"ANV","13:49:03",29.3,-0.7,200,1115000,"B"
"ANV","13:49:02",29.3,-0.7,7000,1114800,"B"
"ANV","13:48:20",29.3,-0.7,200,1107800,"B"
"ANV","13:48:19",29.35,-0.65,1000,1107600,"S"
"ANV","13:48:19",29.3,-0.7,11000,1106600,"B"
"ANV","13:48:01",29.35,-0.65,1000,1095600,"S"
"ANV","13:47:22",29.35,-0.65,2600,1094600,"B"
"ANV","13:47:10",29.4,-0.6,300,1092000,"S"
"ANV","13:47:04",29.35,-0.65,500,1091700,"B"
"ANV","13:46:57",29.35,-0.65,1000,1091200,"B"
"ANV","13:46:42",29.35,-0.65,3000,1090200,"B"
"ANV","13:46:15",29.4,-0.6,100,1087200,"S"
"ANV","13:46:03",29.35,-0.65,3000,1087100,"B"
"ANV","13:45:56",29.4,-0.6,500,1084100,"B"
"ANV","13:45:35",29.4,-0.6,500,1083600,"S"
"ANV","13:45:15",29.4,-0.6,3500,1083100,"B"
"ANV","13:45:04",29.4,-0.6,1400,1079600,"B"
"ANV","13:44:51",29.4,-0.6,400,1078200,"S"
"ANV","13:44:42",29.4,-0.6,100,1077800,"S"
"ANV","13:44:38",29.4,-0.6,500,1077700,"B"
"ANV","13:44:34",29.4,-0.6,500,1077200,"S"
"ANV","13:44:33",29.4,-0.6,500,1076700,"S"
"ANV","13:44:31",29.35,-0.65,500,1076200,"B"
"ANV","13:44:29",29.4,-0.6,200,1075700,"S"
"ANV","13:44:29",29.4,-0.6,100,1075500,"S"
"ANV","13:44:28",29.4,-0.6,500,1075400,"S"
"ANV","13:44:26",29.4,-0.6,1000,1074900,"S"
"ANV","13:44:20",29.4,-0.6,5000,1073900,"S"
"ANV","13:43:51",29.4,-0.6,1600,1068900,"S"
"ANV","13:43:50",29.4,-0.6,100,1067300,"S"
"ANV","13:43:47",29.4,-0.6,11000,1067200,"B"
"ANV","13:43:47",29.5,-0.5,1000,1056200,"S"
"ANV","13:43:46",29.5,-0.5,2000,1055200,"S"
"ANV","13:42:36",29.4,-0.6,1000,1053200,"B"
"ANV","13:42:10",29.4,-0.6,1200,1052200,"B"
"ANV","13:41:44",29.4,-0.6,700,1051000,"B"
"ANV","13:41:44",29.45,-0.55,100,1050300,"B"
"ANV","13:41:32",29.45,-0.55,300,1050200,"S"
"ANV","13:41:30",29.45,-0.55,100,1049900,"S"
"ANV","13:41:30",29.45,-0.55,100,1049800,"S"
"ANV","13:41:27",29.45,-0.55,100,1049700,"S"
"ANV","13:41:03",29.45,-0.55,100,1049600,"S"
"ANV","13:40:56",29.45,-0.55,2000,1049500,"S"
"ANV","13:40:49",29.45,-0.55,200,1047500,"S"
"ANV","13:40:46",29.45,-0.55,7600,1047300,"B"
"ANV","13:40:41",29.45,-0.55,10000,1039700,"B"
"ANV","13:40:13",29.45,-0.55,100,1029700,"B"
"ANV","13:40:13",29.5,-0.5,9900,1029600,"B"
"ANV","13:40:05",29.55,-0.45,1500,1019700,"S"
"ANV","13:39:31",29.5,-0.5,1000,1018200,"B"
"ANV","13:39:16",29.5,-0.5,100,1017200,"B"
"ANV","13:38:55",29.5,-0.5,400,1017100,"S"
"ANV","13:38:53",29.5,-0.5,1000,1016700,"S"
"ANV","13:38:25",29.5,-0.5,1000,1015700,"S"
"ANV","13:38:11",29.5,-0.5,200,1014700,"S"
"ANV","13:38:06",29.5,-0.5,100,1014500,"S"
"ANV","13:38:02",29.5,-0.5,700,1014400,"S"
"ANV","13:37:57",29.5,-0.5,500,1013700,"S"
"ANV","13:36:31",29.5,-0.5,700,1013200,"S"
"ANV","13:36:30",29.5,-0.5,1100,1012500,"B"
"ANV","13:36:29",29.5,-0.5,1600,1011400,"B"
"ANV","13:36:16",29.5,-0.5,10000,1009800,"B"
"ANV","13:36:14",29.5,-0.5,3000,999800,"B"
"ANV","13:36:10",29.5,-0.5,2000,996800,"B"
"ANV","13:35:04",29.55,-0.45,100,994800,"B"
"ANV","13:34:49",29.55,-0.45,100,994700,"B"
"ANV","13:34:42",29.55,-0.45,500,994600,"B"
"ANV","13:34:31",29.55,-0.45,1300,994100,"S"
"ANV","13:34:30",29.55,-0.45,200,992800,"S"
"ANV","13:34:26",29.5,-0.5,100,992600,"B"
"ANV","13:34:13",29.5,-0.5,500,992500,"B"
"ANV","13:34:05",29.55,-0.45,500,992000,"S"
"ANV","13:33:57",29.55,-0.45,100,991500,"S"
"ANV","13:32:53",29.55,-0.45,500,991400,"S"
"ANV","13:32:53",29.55,-0.45,300,990900,"S"
"ANV","13:32:17",29.6,-0.4,200,990600,"S"
"ANV","13:32:14",29.55,-0.45,700,990400,"B"
"ANV","13:31:57",29.55,-0.45,200,989700,"B"
"ANV","13:31:41",29.55,-0.45,100,989500,"B"
"ANV","13:31:27",29.55,-0.45,100,989400,"B"
"ANV","13:31:11",29.55,-0.45,5800,989300,"S"
"ANV","13:30:22",29.55,-0.45,8700,983500,"B"
"ANV","13:30:18",29.55,-0.45,4400,974800,"S"
"ANV","13:30:11",29.55,-0.45,200,970400,"S"
"ANV","13:29:57",29.55,-0.45,1800,970200,"S"
"ANV","13:29:52",29.5,-0.5,1000,968400,"B"
"ANV","13:29:50",29.55,-0.45,200,967400,"S"
"ANV","13:29:43",29.5,-0.5,2800,967200,"B"
"ANV","13:29:32",29.55,-0.45,100,964400,"S"
"ANV","13:29:18",29.55,-0.45,10000,964300,"S"
"ANV","13:28:54",29.5,-0.5,400,954300,"B"
"ANV","13:28:38",29.55,-0.45,500,953900,"S"
"ANV","13:28:33",29.55,-0.45,6600,953400,"B"
"ANV","13:28:25",29.55,-0.45,2000,946800,"B"
"ANV","13:28:21",29.6,-0.4,200,944800,"S"
"ANV","13:28:09",29.6,-0.4,800,944600,"S"
"ANV","13:28:05",29.6,-0.4,5700,943800,"B"
"ANV","13:27:15",29.65,-0.35,400,938100,"S"
"ANV","13:26:59",29.65,-0.35,300,937700,"S"
"ANV","13:26:31",29.65,-0.35,100,937400,"S"
"ANV","13:25:52",29.6,-0.4,700,937300,"S"
"ANV","13:25:38",29.6,-0.4,9300,936600,"B"
"ANV","13:25:02",29.6,-0.4,900,927300,"S"
"ANV","13:24:56",29.6,-0.4,1000,926400,"S"
"ANV","13:24:46",29.6,-0.4,1000,925400,"S"
"ANV","13:24:35",29.6,-0.4,1100,924400,"B"
"ANV","13:24:18",29.7,-0.3,800,923300,"B"
"ANV","13:24:16",29.7,-0.3,800,922500,"B"
"ANV","13:24:07",29.7,-0.3,3000,921700,"B"
"ANV","13:24:06",29.75,-0.25,100,918700,"S"
"ANV","13:24:04",29.75,-0.25,300,918600,"S"
"ANV","13:23:43",29.75,-0.25,1000,918300,"S"
"ANV","13:23:42",29.75,-0.25,200,917300,"B"
"ANV","13:23:25",29.8,-0.2,2000,917100,"S"
"ANV","13:23:13",29.8,-0.2,500,915100,"S"
"ANV","13:23:11",29.75,-0.25,1000,914600,"B"
"ANV","13:23:04",29.75,-0.25,200,913600,"B"
"ANV","13:22:58",29.75,-0.25,100,913400,"B"
"ANV","13:22:52",29.8,-0.2,1000,913300,"S"
"ANV","13:22:17",29.75,-0.25,3000,912300,"S"
"ANV","13:21:53",29.7,-0.3,100,909300,"B"
"ANV","13:21:07",29.7,-0.3,100,909200,"B"
"ANV","13:21:04",29.7,-0.3,1000,909100,"B"
"ANV","13:20:37",29.7,-0.3,300,908100,"B"
"ANV","13:20:27",29.7,-0.3,200,907800,"B"
"ANV","13:20:23",29.7,-0.3,3900,907600,"S"
"ANV","13:20:22",29.65,-0.35,1000,903700,"B"
"ANV","13:19:54",29.65,-0.35,500,902700,"S"
"ANV","13:19:43",29.65,-0.35,1000,902200,"S"
"ANV","13:19:06",29.65,-0.35,100,901200,"S"
"ANV","13:18:47",29.6,-0.4,400,901100,"S"
"ANV","13:18:46",29.6,-0.4,1300,900700,"S"
"ANV","13:18:39",29.6,-0.4,300,899400,"S"
"ANV","13:18:34",29.6,-0.4,1000,899100,"S"
"ANV","13:18:25",29.6,-0.4,500,898100,"S"
"ANV","13:17:25",29.55,-0.45,200,897600,"S"
"ANV","13:17:21",29.55,-0.45,500,897400,"S"
"ANV","13:17:20",29.55,-0.45,300,896900,"S"
"ANV","13:16:59",29.55,-0.45,400,896600,"S"
"ANV","13:16:13",29.5,-0.5,5000,896200,"B"
"ANV","13:15:42",29.5,-0.5,6300,891200,"B"
"ANV","13:15:27",29.55,-0.45,4000,884900,"S"
"ANV","13:15:22",29.55,-0.45,100,880900,"S"
"ANV","13:14:42",29.5,-0.5,6000,880800,"B"
"ANV","13:13:47",29.55,-0.45,3700,874800,"B"
"ANV","13:13:38",29.55,-0.45,800,871100,"B"
"ANV","13:12:43",29.6,-0.4,2000,870300,"B"
"ANV","13:12:16",29.55,-0.45,100,868300,"B"
"ANV","13:11:05",29.55,-0.45,1700,868200,"B"
"ANV","13:11:05",29.6,-0.4,100,866500,"B"
"ANV","13:10:45",29.7,-0.3,200,866400,"S"
"ANV","13:10:44",29.7,-0.3,500,866200,"S"
"ANV","13:10:44",29.65,-0.35,100,865700,"S"
"ANV","13:09:48",29.6,-0.4,500,865600,"B"
"ANV","13:09:32",29.7,-0.3,1000,865100,"S"
"ANV","13:09:26",29.7,-0.3,1200,863800,"S"
"ANV","13:08:31",29.7,-0.3,200,862600,"S"
"ANV","13:08:14",29.6,-0.4,1000,862400,"S"
"ANV","13:08:09",29.55,-0.45,200,861400,"B"
"ANV","13:07:53",29.55,-0.45,300,861200,"S"
"ANV","13:07:52",29.55,-0.45,3300,860900,"S"
"ANV","13:07:43",29.55,-0.45,1000,857600,"S"
"ANV","13:07:05",29.55,-0.45,500,856600,"S"
"ANV","13:07:00",29.45,-0.55,3800,856100,"B"
"ANV","13:07:00",29.5,-0.5,200,852300,"B"
"ANV","13:06:46",29.5,-0.5,100,852100,"S"
"ANV","13:05:43",29.45,-0.55,900,852000,"S"
"ANV","13:05:39",29.45,-0.55,2000,851100,"S"
"ANV","13:04:47",29.4,-0.6,500,849100,"B"
"ANV","13:04:45",29.45,-0.55,500,848600,"S"
"ANV","13:04:11",29.4,-0.6,900,848100,"B"
"ANV","13:03:55",29.4,-0.6,1400,847200,"B"
"ANV","13:03:37",29.45,-0.55,400,845800,"B"
"ANV","13:03:12",29.45,-0.55,100,845400,"B"
"ANV","13:02:57",29.45,-0.55,200,845300,"B"
"ANV","13:01:30",29.5,-0.5,1600,845100,"B"
"ANV","13:01:25",29.5,-0.5,2000,843500,"B"
"ANV","13:01:19",29.5,-0.5,12900,841500,"B"
"ANV","13:01:03",29.55,-0.45,500,828600,"S"
"ANV","13:00:26",29.55,-0.45,100,828100,"S"
"ANV","13:00:23",29.5,-0.5,200,828000,"B"
"ANV","13:00:15",29.55,-0.45,1400,827800,"B"
"ANV","13:00:15",29.6,-0.4,4000,826400,"B"
"ANV","13:00:14",29.6,-0.4,3000,822400,"B"
"ANV","13:00:06",29.6,-0.4,100,819400,"B"
"ANV","13:00:03",29.55,-0.45,3600,819300,"B"
"ANV","13:00:03",29.6,-0.4,1400,815700,"B"
"ANV","11:29:42",29.6,-0.4,7500,814300,"B"
"ANV","11:29:37",29.7,-0.3,2800,804600,"S"
"ANV","11:29:30",29.7,-0.3,3000,801800,"S"
"ANV","11:29:21",29.7,-0.3,5000,798800,"S"
"ANV","11:29:20",29.7,-0.3,3000,793800,"S"
"ANV","11:28:35",29.7,-0.3,1000,790800,"S"
"ANV","11:28:25",29.7,-0.3,500,789800,"S"
"ANV","11:28:05",29.7,-0.3,3000,789300,"S"
"ANV","11:27:54",29.7,-0.3,500,786300,"S"
"ANV","11:27:39",29.7,-0.3,300,785800,"S"
"ANV","11:27:21",29.7,-0.3,500,785500,"S"
"ANV","11:25:34",29.7,-0.3,10000,785000,"S"
"ANV","11:23:43",29.7,-0.3,1000,775000,"S"
"ANV","11:23:30",29.6,-0.4,800,774000,"S"
"ANV","11:22:51",29.6,-0.4,100,773200,"S"
"ANV","11:22:43",29.6,-0.4,500,773100,"S"
"ANV","11:21:57",29.55,-0.45,100,772600,"S"
"ANV","11:21:46",29.55,-0.45,400,772500,"S"
"ANV","11:20:39",29.5,-0.5,500,772100,"B"
"ANV","11:20:30",29.5,-0.5,400,771600,"B"
"ANV","11:19:21",29.5,-0.5,100,771200,"B"
"ANV","11:17:23",29.5,-0.5,1900,771100,"B"
"ANV","11:17:23",29.55,-0.45,100,769200,"B"
"ANV","11:14:52",29.6,-0.4,1000,769100,"S"
"ANV","11:14:46",29.6,-0.4,100,768100,"S"
"ANV","11:14:36",29.6,-0.4,300,768000,"S"
"ANV","11:12:13",29.6,-0.4,300,767700,"B"
"ANV","11:12:03",29.6,-0.4,200,767400,"S"
"ANV","11:11:24",29.6,-0.4,800,767200,"S"
"ANV","11:10:54",29.55,-0.45,100,766400,"S"
"ANV","11:10:30",29.55,-0.45,200,766300,"S"
"ANV","11:10:24",29.55,-0.45,300,766100,"S"
"ANV","11:09:47",29.5,-0.5,1500,765800,"S"
"ANV","11:09:38",29.5,-0.5,100,764300,"S"
"ANV","11:09:25",29.45,-0.55,300,764200,"B"
"ANV","11:09:18",29.45,-0.55,700,763900,"B"
"ANV","11:08:48",29.45,-0.55,100,763200,"B"
"ANV","11:07:36",29.45,-0.55,10000,763100,"S"
"ANV","11:06:54",29.4,-0.6,100,753100,"S"
"ANV","11:06:40",29.4,-0.6,200,753000,"S"
"ANV","11:06:38",29.4,-0.6,100,752800,"S"
"ANV","11:06:35",29.4,-0.6,500,752700,"S"
"ANV","11:06:27",29.4,-0.6,100,752200,"S"
"ANV","11:06:09",29.35,-0.65,2000,752100,"B"
"ANV","11:05:38",29.35,-0.65,500,750100,"B"
"ANV","11:05:16",29.35,-0.65,500,749600,"S"
"ANV","11:04:45",29.35,-0.65,1000,749100,"S"
"ANV","11:04:44",29.35,-0.65,900,748100,"B"
"ANV","11:04:34",29.35,-0.65,600,747200,"B"
"ANV","11:04:31",29.35,-0.65,200,746600,"B"
"ANV","11:04:14",29.35,-0.65,200,746400,"S"
"ANV","11:04:00",29.35,-0.65,1100,746200,"S"
"ANV","11:03:20",29.35,-0.65,300,745100,"B"
"ANV","11:03:17",29.35,-0.65,700,744800,"B"
"ANV","11:03:15",29.35,-0.65,1700,744100,"B"
"ANV","11:02:37",29.35,-0.65,400,742400,"S"
"ANV","11:02:13",29.35,-0.65,100,742000,"B"
"ANV","11:02:08",29.35,-0.65,500,741900,"B"
"ANV","11:01:54",29.35,-0.65,500,741400,"B"
"ANV","11:01:40",29.35,-0.65,3900,740900,"B"
"ANV","11:01:24",29.35,-0.65,100,737000,"B"
"ANV","11:00:42",29.35,-0.65,1500,736900,"B"
"ANV","11:00:41",29.35,-0.65,6900,735400,"B"
"ANV","11:00:01",29.35,-0.65,900,728500,"B"
"ANV","11:00:01",29.35,-0.65,100,727600,"B"
"ANV","10:59:10",29.35,-0.65,2000,727500,"B"
"ANV","10:59:09",29.35,-0.65,11100,725500,"B"
"ANV","10:59:09",29.4,-0.6,100,714400,"B"
"ANV","10:58:41",29.35,-0.65,2000,714300,"B"
"ANV","10:58:39",29.45,-0.55,2000,712300,"S"
"ANV","10:58:11",29.4,-0.6,3000,710300,"B"
"ANV","10:58:00",29.45,-0.55,700,707300,"S"
"ANV","10:57:59",29.45,-0.55,300,706600,"S"
"ANV","10:57:55",29.4,-0.6,5000,706300,"B"
"ANV","10:57:05",29.45,-0.55,7300,701300,"B"
"ANV","10:56:11",29.5,-0.5,5100,694000,"B"
"ANV","10:56:03",29.6,-0.4,100,688900,"S"
"ANV","10:55:57",29.6,-0.4,2000,688800,"S"
"ANV","10:54:24",29.6,-0.4,800,686800,"B"
"ANV","10:54:13",29.6,-0.4,500,686000,"B"
"ANV","10:53:25",29.6,-0.4,100,685500,"S"
"ANV","10:52:17",29.5,-0.5,100,685400,"S"
"ANV","10:52:08",29.5,-0.5,300,685300,"S"
"ANV","10:51:56",29.5,-0.5,1000,685000,"B"
"ANV","10:50:54",29.5,-0.5,500,684000,"B"
"ANV","10:50:17",29.5,-0.5,1100,683500,"B"
"ANV","10:49:05",29.5,-0.5,500,682400,"B"
"ANV","10:49:01",29.5,-0.5,2500,681900,"B"
"ANV","10:48:48",29.5,-0.5,100,679400,"B"
"ANV","10:48:37",29.5,-0.5,3000,679300,"B"
"ANV","10:45:39",29.5,-0.5,100,676300,"S"
"ANV","10:45:24",29.5,-0.5,400,676200,"B"
"ANV","10:45:15",29.5,-0.5,100,675800,"B"
"ANV","10:45:09",29.5,-0.5,300,675700,"S"
"ANV","10:45:08",29.5,-0.5,1000,675400,"S"
"ANV","10:44:31",29.5,-0.5,100,674400,"S"
"ANV","10:43:54",29.5,-0.5,300,674300,"S"
"ANV","10:43:33",29.5,-0.5,200,674000,"S"
"ANV","10:42:12",29.5,-0.5,300,673800,"B"
"ANV","10:41:55",29.45,-0.55,300,673500,"B"
"ANV","10:41:55",29.5,-0.5,100,673200,"B"
"ANV","10:40:38",29.45,-0.55,100,673100,"B"
"ANV","10:40:38",29.5,-0.5,100,673000,"B"
"ANV","10:40:30",29.45,-0.55,800,672900,"B"
"ANV","10:40:28",29.5,-0.5,100,672100,"S"
"ANV","10:40:22",29.5,-0.5,100,672000,"S"
"ANV","10:40:00",29.5,-0.5,300,671900,"S"
"ANV","10:39:48",29.5,-0.5,100,671600,"S"
"ANV","10:39:34",29.5,-0.5,500,671500,"S"
"ANV","10:39:27",29.5,-0.5,1100,671000,"B"
"ANV","10:38:51",29.5,-0.5,500,669900,"S"
"ANV","10:38:10",29.5,-0.5,500,669400,"S"
"ANV","10:38:04",29.5,-0.5,1000,668900,"S"
"ANV","10:37:46",29.5,-0.5,1000,667900,"S"
"ANV","10:37:44",29.5,-0.5,4800,666900,"B"
"ANV","10:37:44",29.55,-0.45,5900,662100,"B"
"ANV","10:37:44",29.6,-0.4,3900,656200,"B"
"ANV","10:37:44",29.65,-0.35,600,652300,"B"
"ANV","10:37:29",29.7,-0.3,100,651700,"S"
"ANV","10:37:15",29.7,-0.3,200,651600,"S"
"ANV","10:37:04",29.7,-0.3,300,651400,"S"
"ANV","10:36:56",29.7,-0.3,300,651100,"S"
"ANV","10:36:43",29.7,-0.3,100,650800,"S"
"ANV","10:36:04",29.7,-0.3,200,650700,"S"
"ANV","10:33:27",29.7,-0.3,2000,650500,"S"
"ANV","10:32:40",29.6,-0.4,2000,648500,"B"
"ANV","10:30:54",29.6,-0.4,3600,646500,"S"
"ANV","10:30:52",29.6,-0.4,2000,642900,"S"
"ANV","10:30:24",29.6,-0.4,100,640900,"S"
"ANV","10:30:07",29.6,-0.4,3000,640800,"S"
"ANV","10:29:59",29.6,-0.4,1000,637800,"S"
"ANV","10:29:39",29.6,-0.4,200,636800,"S"
"ANV","10:28:51",29.6,-0.4,100,636600,"S"
"ANV","10:28:40",29.6,-0.4,100,636500,"S"
"ANV","10:28:32",29.6,-0.4,100,636400,"S"
"ANV","10:28:08",29.6,-0.4,500,636300,"S"
"ANV","10:27:56",29.6,-0.4,100,635800,"S"
"ANV","10:27:15",29.6,-0.4,100,635700,"S"
"ANV","10:26:42",29.6,-0.4,1000,635600,"S"
"ANV","10:26:31",29.6,-0.4,400,634600,"S"
"ANV","10:26:13",29.6,-0.4,100,634200,"S"
"ANV","10:26:12",29.6,-0.4,600,634100,"S"
"ANV","10:26:10",29.6,-0.4,4000,633500,"S"
"ANV","10:25:55",29.6,-0.4,100,629500,"S"
"ANV","10:25:51",29.6,-0.4,1400,629400,"S"
"ANV","10:25:05",29.55,-0.45,300,628000,"B"
"ANV","10:25:00",29.55,-0.45,1900,627700,"S"
"ANV","10:24:59",29.55,-0.45,100,625800,"S"
"ANV","10:24:54",29.55,-0.45,100,625700,"S"
"ANV","10:24:46",29.55,-0.45,500,625600,"S"
"ANV","10:24:40",29.55,-0.45,7000,625100,"S"
"ANV","10:24:26",29.5,-0.5,900,618100,"B"
"ANV","10:24:23",29.5,-0.5,100,617200,"S"
"ANV","10:24:11",29.45,-0.55,800,617100,"S"
"ANV","10:24:07",29.45,-0.55,100,616300,"S"
"ANV","10:24:03",29.45,-0.55,100,616200,"S"
"ANV","10:23:54",29.25,-0.75,3900,616100,"B"
"ANV","10:23:54",29.3,-0.7,4100,612200,"B"
"ANV","10:23:49",29.3,-0.7,1000,608100,"S"
"ANV","10:23:48",29.3,-0.7,1500,607100,"S"
"ANV","10:23:47",29.3,-0.7,5000,605600,"S"
"ANV","10:23:45",29.3,-0.7,5000,600600,"S"
"ANV","10:23:42",29.3,-0.7,100,595600,"S"
"ANV","10:23:36",29.3,-0.7,400,595500,"S"
"ANV","10:23:33",29.3,-0.7,1000,595100,"S"
"ANV","10:23:23",29.25,-0.75,500,594100,"S"
"ANV","10:23:17",29.25,-0.75,1000,593600,"B"
"ANV","10:23:12",29.4,-0.6,100,592600,"S"
"ANV","10:23:11",29.25,-0.75,300,592500,"B"
"ANV","10:23:11",29.3,-0.7,1700,592200,"B"
"ANV","10:23:08",29.4,-0.6,5700,590500,"B"
"ANV","10:23:08",29.45,-0.55,100,584800,"S"
"ANV","10:23:04",29.45,-0.55,100,584700,"S"
"ANV","10:22:43",29.45,-0.55,100,584600,"S"
"ANV","10:22:41",29.45,-0.55,100,584500,"S"
"ANV","10:22:37",29.45,-0.55,1000,584400,"S"
"ANV","10:22:32",29.45,-0.55,10200,583400,"B"
"ANV","10:22:14",29.5,-0.5,500,573200,"S"
"ANV","10:22:13",29.5,-0.5,1000,572700,"S"
"ANV","10:22:13",29.5,-0.5,100,571700,"S"
"ANV","10:21:58",29.5,-0.5,18800,571600,"B"
"ANV","10:21:55",29.5,-0.5,1000,552800,"B"
"ANV","10:21:43",29.5,-0.5,200,551800,"B"
"ANV","10:21:37",29.5,-0.5,700,551600,"B"
"ANV","10:21:36",29.5,-0.5,300,550900,"B"
"ANV","10:21:30",29.5,-0.5,300,550600,"B"
"ANV","10:21:27",29.55,-0.45,100,550300,"S"
"ANV","10:21:22",29.55,-0.45,100,550200,"S"
"ANV","10:21:03",29.5,-0.5,100,550100,"B"
"ANV","10:21:03",29.55,-0.45,100,550000,"S"
"ANV","10:20:55",29.55,-0.45,2100,549900,"B"
"ANV","10:20:40",29.55,-0.45,1800,547800,"B"
"ANV","10:20:32",29.55,-0.45,10000,546000,"B"
"ANV","10:20:12",29.55,-0.45,2000,536000,"B"
"ANV","10:19:53",29.55,-0.45,2000,534000,"B"
"ANV","10:19:52",29.6,-0.4,100,532000,"S"
"ANV","10:19:32",29.6,-0.4,500,531900,"S"
"ANV","10:19:29",29.6,-0.4,100,531400,"S"
"ANV","10:19:04",29.6,-0.4,200,531300,"S"
"ANV","10:18:50",29.55,-0.45,100,531100,"B"
"ANV","10:18:42",29.55,-0.45,900,531000,"B"
"ANV","10:18:32",29.6,-0.4,500,530100,"S"
"ANV","10:18:30",29.6,-0.4,1500,529600,"B"
"ANV","10:18:22",29.6,-0.4,3000,528100,"B"
"ANV","10:18:06",29.6,-0.4,10000,525100,"B"
"ANV","10:18:02",29.65,-0.35,100,515100,"S"
"ANV","10:17:37",29.65,-0.35,7400,515000,"B"
"ANV","10:17:36",29.7,-0.3,400,507600,"S"
"ANV","10:17:12",29.7,-0.3,1000,507200,"S"
"ANV","10:16:45",29.7,-0.3,300,506200,"S"
"ANV","10:16:44",29.7,-0.3,900,505900,"B"
"ANV","10:16:42",29.7,-0.3,400,505000,"B"
"ANV","10:16:37",29.7,-0.3,4900,504600,"B"
"ANV","10:16:31",29.7,-0.3,10500,499700,"B"
"ANV","10:16:16",29.7,-0.3,7100,489200,"B"
"ANV","10:16:09",29.7,-0.3,2000,482100,"B"
"ANV","10:16:04",29.7,-0.3,3000,480100,"B"
"ANV","10:16:02",29.7,-0.3,10000,477100,"B"
"ANV","10:15:58",29.7,-0.3,1300,467100,"B"
"ANV","10:15:44",29.7,-0.3,1500,465800,"B"
"ANV","10:15:23",29.75,-0.25,100,464300,"S"
"ANV","10:15:01",29.75,-0.25,100,464200,"S"
"ANV","10:14:41",29.75,-0.25,100,464100,"S"
"ANV","10:14:07",29.75,-0.25,8600,464000,"B"
"ANV","10:13:30",29.75,-0.25,5900,455400,"B"
"ANV","10:13:22",29.75,-0.25,1000,449500,"B"
"ANV","10:13:19",29.8,-0.2,5000,448500,"B"
"ANV","10:12:06",29.85,-0.15,200,443500,"S"
"ANV","10:11:59",29.85,-0.15,200,443300,"S"
"ANV","10:11:34",29.85,-0.15,20000,443100,"S"
"ANV","10:11:19",29.75,-0.25,12500,423100,"B"
"ANV","10:11:19",29.8,-0.2,22500,410600,"B"
"ANV","10:11:05",29.85,-0.15,100,388100,"S"
"ANV","10:09:45",29.85,-0.15,2000,388000,"S"
"ANV","10:09:02",29.85,-0.15,400,386000,"B"
"ANV","10:08:16",29.85,-0.15,100,385600,"S"
"ANV","10:07:52",29.85,-0.15,4900,385500,"B"
"ANV","10:07:16",29.85,-0.15,500,380600,"B"
"ANV","10:05:55",29.85,-0.15,2800,380100,"S"
"ANV","10:05:37",29.85,-0.15,100,377300,"S"
"ANV","10:05:32",29.85,-0.15,200,377200,"S"
"ANV","10:04:57",29.8,-0.2,100,377000,"B"
"ANV","10:04:53",29.85,-0.15,500,376900,"S"
"ANV","10:04:32",29.85,-0.15,1000,376400,"S"
"ANV","10:03:51",29.85,-0.15,5900,375400,"B"
"ANV","10:03:37",29.85,-0.15,1000,369500,"B"
"ANV","10:03:36",29.85,-0.15,1100,368500,"B"
"ANV","10:03:23",29.85,-0.15,2000,367400,"S"
"ANV","10:03:17",29.85,-0.15,8000,365400,"B"
"ANV","10:02:55",29.9,-0.1,2000,357400,"S"
"ANV","10:02:05",29.9,-0.1,1000,355400,"S"
"ANV","10:01:13",29.9,-0.1,500,354400,"B"
"ANV","10:00:45",29.9,-0.1,400,353900,"S"
"ANV","10:00:19",29.9,-0.1,100,353500,"S"
"ANV","10:00:14",29.85,-0.15,100,353400,"B"
"ANV","09:59:30",29.85,-0.15,900,353300,"S"
"ANV","09:59:26",29.85,-0.15,100,352400,"S"
"ANV","09:59:23",29.85,-0.15,2000,352300,"S"
"ANV","09:59:10",29.85,-0.15,2000,350300,"S"
"ANV","09:58:11",29.85,-0.15,500,348300,"S"
"ANV","09:57:49",29.85,-0.15,100,347800,"S"
"ANV","09:56:05",29.8,-0.2,100,347700,"B"
"ANV","09:55:56",29.8,-0.2,4300,347600,"B"
"ANV","09:55:56",29.8,-0.2,5700,343300,"B"
"ANV","09:55:44",29.85,-0.15,6400,337600,"B"
"ANV","09:55:11",29.85,-0.15,600,331200,"B"
"ANV","09:54:59",29.85,-0.15,600,330600,"B"
"ANV","09:54:46",29.85,-0.15,2000,330000,"B"
"ANV","09:52:59",29.85,-0.15,2300,328000,"S"
"ANV","09:52:55",29.85,-0.15,2000,325700,"S"
"ANV","09:52:51",29.85,-0.15,100,323700,"S"
"ANV","09:52:47",29.8,-0.2,500,323600,"B"
"ANV","09:52:46",29.85,-0.15,100,323100,"S"
"ANV","09:52:39",29.85,-0.15,200,323000,"S"
"ANV","09:52:33",29.85,-0.15,11500,322800,"B"
"ANV","09:52:33",29.9,-0.1,6800,311300,"B"
"ANV","09:51:59",29.9,-0.1,500,304500,"B"
"ANV","09:51:58",29.95,-0.05,100,304000,"S"
"ANV","09:51:46",29.95,-0.05,500,303900,"S"
"ANV","09:51:40",29.95,-0.05,3000,303400,"S"
"ANV","09:51:31",29.95,-0.05,100,300400,"S"
"ANV","09:51:15",29.95,-0.05,5000,300300,"S"
"ANV","09:51:07",29.9,-0.1,300,295300,"B"
"ANV","09:50:52",29.95,-0.05,3500,295000,"B"
"ANV","09:50:38",30,0,4400,291500,"S"
"ANV","09:50:36",29.95,-0.05,10000,287100,"B"
"ANV","09:50:02",30,0,300,277100,"S"
"ANV","09:48:30",29.95,-0.05,1500,276800,"B"
"ANV","09:48:11",29.95,-0.05,100,275300,"B"
"ANV","09:47:26",30,0,4100,275200,"B"
"ANV","09:46:47",30,0,300,271100,"B"
"ANV","09:45:55",30,0,1200,270800,"B"
"ANV","09:45:46",30,0,100,269600,"B"
"ANV","09:44:33",30,0,5000,269500,"B"
"ANV","09:44:32",30.1,0.1,100,264500,"S"
"ANV","09:43:47",30.1,0.1,200,264400,"S"
"ANV","09:43:26",30.1,0.1,100,264200,"S"
"ANV","09:43:05",30.1,0.1,2000,264100,"S"
"ANV","09:42:29",30,0,6200,262100,"B"
"ANV","09:42:29",30.05,0.05,1200,255900,"B"
"ANV","09:42:29",30.1,0.1,2600,254700,"B"
"ANV","09:40:53",30.2,0.2,2600,252100,"B"
"ANV","09:40:52",30.25,0.25,300,249500,"S"
"ANV","09:40:48",30.2,0.2,400,249200,"B"
"ANV","09:40:41",30.2,0.2,2400,248800,"B"
"ANV","09:40:34",30.2,0.2,300,246400,"B"
"ANV","09:40:23",30.2,0.2,200,246100,"B"
"ANV","09:40:19",30.2,0.2,100,245900,"B"
"ANV","09:40:16",30.2,0.2,500,245800,"B"
"ANV","09:40:10",30.2,0.2,200,245300,"B"
"ANV","09:40:08",30.2,0.2,300,245100,"B"
"ANV","09:40:03",30.2,0.2,2000,244800,"B"
"ANV","09:39:47",30.2,0.2,200,242800,"B"
"ANV","09:39:21",30.2,0.2,100,242600,"B"
"ANV","09:39:07",30.2,0.2,10400,242500,"S"
"ANV","09:39:05",30.1,0.1,100,232100,"B"
"ANV","09:38:08",30.2,0.2,100,232000,"S"
"ANV","09:38:02",30.1,0.1,400,231900,"B"
"ANV","09:37:59",30.1,0.1,6000,231500,"B"
"ANV","09:37:46",30.1,0.1,3400,225500,"B"
"ANV","09:37:39",30.1,0.1,200,222100,"B"
"ANV","09:36:44",30.2,0.2,900,221900,"B"
"ANV","09:36:40",30.2,0.2,2000,221000,"B"
"ANV","09:36:39",30.2,0.2,100,219000,"B"
"ANV","09:36:31",30.2,0.2,3000,218900,"B"
"ANV","09:36:28",30.2,0.2,1000,215900,"B"
"ANV","09:36:25",30.2,0.2,4600,214900,"B"
"ANV","09:36:24",30.2,0.2,400,210300,"B"
"ANV","09:36:23",30.2,0.2,5200,209900,"B"
"ANV","09:36:18",30.2,0.2,500,204700,"B"
"ANV","09:36:06",30.2,0.2,500,204200,"B"
"ANV","09:36:00",30.2,0.2,2000,203700,"B"
"ANV","09:35:35",30.2,0.2,3800,201700,"B"
"ANV","09:35:30",30.2,0.2,600,197900,"B"
"ANV","09:35:23",30.2,0.2,2000,197300,"B"
"ANV","09:35:22",30.2,0.2,200,195300,"B"
"ANV","09:35:21",30.2,0.2,1000,195100,"B"
"ANV","09:35:17",30.2,0.2,600,194100,"B"
"ANV","09:35:12",30.2,0.2,500,193500,"B"
"ANV","09:34:47",30.2,0.2,500,193000,"B"
"ANV","09:34:44",30.2,0.2,200,192500,"B"
"ANV","09:33:55",30.3,0.3,7000,192300,"S"
"ANV","09:33:23",30.3,0.3,500,185300,"B"
"ANV","09:33:07",30.3,0.3,2500,184800,"S"
"ANV","09:32:59",30.3,0.3,10000,182300,"S"
"ANV","09:32:53",30.3,0.3,2000,172300,"S"
"ANV","09:32:32",30.3,0.3,2000,170300,"S"
"ANV","09:32:25",30.3,0.3,100,168300,"S"
"ANV","09:31:38",30.3,0.3,200,168200,"S"
"ANV","09:31:34",30.2,0.2,100,168000,"B"
"ANV","09:31:29",30.3,0.3,500,167900,"B"
"ANV","09:31:25",30.3,0.3,4600,167400,"B"
"ANV","09:31:24",30.3,0.3,200,162800,"B"
"ANV","09:31:19",30.3,0.3,100,162600,"B"
"ANV","09:31:11",30.3,0.3,100,162500,"B"
"ANV","09:31:01",30.3,0.3,500,162400,"S"
"ANV","09:30:58",30.3,0.3,2000,161900,"S"
"ANV","09:30:56",30.3,0.3,300,159900,"S"
"ANV","09:30:36",30.3,0.3,100,159600,"S"
"ANV","09:30:17",30.2,0.2,500,159500,"S"
"ANV","09:30:16",30.2,0.2,500,159000,"S"
"ANV","09:30:06",30.1,0.1,1000,158500,"B"
"ANV","09:29:41",30.1,0.1,100,157500,"B"
"ANV","09:29:32",30.1,0.1,2600,157400,"S"
"ANV","09:29:30",30.1,0.1,100,154800,"S"
"ANV","09:28:16",30,0,600,154700,"S"
"ANV","09:28:15",30,0,300,154100,"S"
"ANV","09:28:11",30,0,5000,153800,"S"
"ANV","09:28:02",30,0,7900,148800,"S"
"ANV","09:27:45",30,0,300,140900,"B"
"ANV","09:27:37",30,0,200,140600,"S"
"ANV","09:27:25",30,0,200,140400,"S"
"ANV","09:27:24",30,0,100,140200,"S"
"ANV","09:27:21",30,0,1000,140100,"S"
"ANV","09:27:17",30,0,500,139100,"B"
"ANV","09:27:15",30.05,0.05,8700,138600,"S"
"ANV","09:26:54",30,0,300,129900,"S"
"ANV","09:26:52",30,0,2900,129600,"S"
"ANV","09:26:28",29.95,-0.05,100,126700,"S"
"ANV","09:26:25",29.95,-0.05,300,126600,"S"
"ANV","09:26:22",29.95,-0.05,100,126300,"S"
"ANV","09:26:21",29.95,-0.05,10000,126200,"S"
"ANV","09:26:08",29.9,-0.1,100,116200,"S"
"ANV","09:26:06",29.9,-0.1,300,116100,"S"
"ANV","09:26:02",29.9,-0.1,100,115800,"S"
"ANV","09:25:57",29.8,-0.2,100,115700,"B"
"ANV","09:25:39",29.8,-0.2,500,115600,"S"
"ANV","09:25:38",29.8,-0.2,500,115100,"S"
"ANV","09:25:35",29.8,-0.2,100,114600,"S"
"ANV","09:25:28",29.8,-0.2,500,114500,"S"
"ANV","09:25:28",29.75,-0.25,600,114000,"B"
"ANV","09:25:23",29.75,-0.25,600,113400,"B"
"ANV","09:25:19",29.75,-0.25,300,112800,"B"
"ANV","09:25:18",29.75,-0.25,100,112500,"B"
"ANV","09:25:06",29.75,-0.25,500,112400,"B"
"ANV","09:24:59",29.75,-0.25,200,111900,"B"
"ANV","09:24:52",29.75,-0.25,300,110700,"S"
"ANV","09:24:50",29.75,-0.25,500,110400,"S"
"ANV","09:24:38",29.75,-0.25,100,109900,"S"
"ANV","09:24:36",29.75,-0.25,200,109800,"B"
"ANV","09:24:29",29.8,-0.2,200,109600,"S"
"ANV","09:24:22",29.8,-0.2,500,109400,"B"
"ANV","09:24:15",29.75,-0.25,2000,108900,"B"
"ANV","09:24:11",29.8,-0.2,100,106900,"B"
"ANV","09:23:45",29.75,-0.25,400,106800,"S"
"ANV","09:23:41",29.75,-0.25,200,106400,"B"
"ANV","09:23:25",29.75,-0.25,2500,106200,"B"
"ANV","09:23:25",29.8,-0.2,3900,103700,"B"
"ANV","09:23:25",29.85,-0.15,100,99800,"B"
"ANV","09:23:25",29.9,-0.1,500,99700,"B"
"ANV","09:22:40",29.95,-0.05,100,99200,"S"
"ANV","09:22:40",29.8,-0.2,1400,99100,"B"
"ANV","09:22:28",29.8,-0.2,200,97700,"B"
"ANV","09:22:27",29.8,-0.2,200,97500,"B"
"ANV","09:22:08",29.9,-0.1,200,97000,"S"
"ANV","09:22:07",29.9,-0.1,300,96800,"B"
"ANV","09:21:58",29.9,-0.1,300,96500,"B"
"ANV","09:21:55",29.9,-0.1,600,96200,"B"
"ANV","09:21:52",29.9,-0.1,1000,95600,"B"
"ANV","09:21:50",29.9,-0.1,400,94600,"B"
"ANV","09:21:38",29.9,-0.1,500,94200,"B"
"ANV","09:21:13",29.9,-0.1,700,93700,"B"
"ANV","09:21:13",29.95,-0.05,600,93000,"B"
"ANV","09:21:08",30,0,5400,92400,"B"
"ANV","09:21:07",30,0,500,87000,"B"
"ANV","09:21:03",30,0,600,86500,"B"
"ANV","09:21:03",30,0,5000,85900,"B"
"ANV","09:21:01",30,0,1000,80900,"B"
"ANV","09:20:57",30,0,300,79900,"B"
"ANV","09:20:55",30,0,1100,79600,"B"
"ANV","09:20:54",30,0,1000,78500,"B"
"ANV","09:20:51",30,0,5000,77500,"B"
"ANV","09:20:45",30,0,500,72500,"B"
"ANV","09:20:39",30,0,500,72000,"B"
"ANV","09:20:38",30,0,1500,71500,"B"
"ANV","09:20:37",30.05,0.05,100,70000,"S"
"ANV","09:20:22",30.05,0.05,1000,69900,"S"
"ANV","09:20:19",30.05,0.05,8100,68900,"B"
"ANV","09:20:19",30.05,0.05,500,60800,"B"
"ANV","09:20:13",30.05,0.05,2500,60300,"B"
"ANV","09:20:11",30.05,0.05,600,57800,"B"
"ANV","09:20:03",30.05,0.05,1700,57200,"B"
"ANV","09:19:59",30.05,0.05,500,55500,"B"
"ANV","09:19:56",30.05,0.05,500,55000,"B"
"ANV","09:19:53",30.05,0.05,6700,54500,"B"
"ANV","09:19:47",30.05,0.05,2000,47800,"B"
"ANV","09:19:42",30.05,0.05,1000,45800,"B"
"ANV","09:19:34",30.05,0.05,100,44800,"B"
"ANV","09:19:16",30.05,0.05,1000,44700,"B"
"ANV","09:19:00",30.05,0.05,400,43700,"B"
"ANV","09:18:54",30.05,0.05,900,43300,"B"
"ANV","09:18:53",30.05,0.05,1700,42400,"B"
"ANV","09:18:41",30.1,0.1,4100,40700,"B"
"ANV","09:18:36",30.1,0.1,400,36600,"S"
"ANV","09:18:34",30.1,0.1,600,36200,"B"
"ANV","09:18:31",30.1,0.1,500,35600,"B"
"ANV","09:18:14",30.1,0.1,100,35100,"B"
"ANV","09:18:12",30.1,0.1,1500,35000,"B"
"ANV","09:18:05",30.1,0.1,7000,33500,"B"
"ANV","09:17:57",30.1,0.1,3000,26500,"B"
"ANV","09:17:33",30.1,0.1,300,23500,"B"
"ANV","09:17:18",30.1,0.1,1000,23200,"B"
"ANV","09:17:13",30.1,0.1,2500,22200,"S"
"ANV","09:17:08",30.05,0.05,700,19700,"B"
"ANV","09:17:00",30.1,0.1,100,19000,"B"
"ANV","09:16:53",30.05,0.05,400,18900,"B"
"ANV","09:16:53",30.1,0.1,600,18500,"B"
"ANV","09:16:40",30.1,0.1,300,17900,"S"
"ANV","09:16:38",30.1,0.1,300,17600,"S"
"ANV","09:16:37",30.1,0.1,200,17300,"S"
"ANV","09:16:25",30.1,0.1,200,17100,"B"
"ANV","09:15:39",30.05,0.05,100,16900,"B"
"ANV","09:15:26",30.05,0.05,1000,16800,"B"
"ANV","09:15:26",30.1,0.1,1000,15800,"B"
"ANV","09:15:02",30.05,0.05,14800,14800,
