"symbol","time","price","change","vol","total","side"
"HCM","14:45:10",29.4,0.8,375600,6115500,
"HCM","14:29:57",29.3,0.7,1000,5739900,"S"
"HCM","14:29:56",29.3,0.7,100,5738900,"S"
"HCM","14:29:55",29.3,0.7,500,5738800,"S"
"HCM","14:29:55",29.25,0.65,400,5738300,"B"
"HCM","14:29:52",29.3,0.7,1700,5737900,"B"
"HCM","14:29:50",29.3,0.7,400,5736200,"B"
"HCM","14:29:49",29.3,0.7,2100,5735800,"B"
"HCM","14:29:45",29.3,0.7,2000,5733700,"B"
"HCM","14:29:41",29.3,0.7,1000,5731700,"B"
"HCM","14:29:40",29.35,0.75,400,5730700,"S"
"HCM","14:29:38",29.3,0.7,400,5730300,"S"
"HCM","14:29:34",29.3,0.7,3600,5729900,"B"
"HCM","14:29:34",29.35,0.75,1100,5726300,"S"
"HCM","14:29:27",29.35,0.75,100,5725200,"S"
"HCM","14:29:22",29.35,0.75,3500,5725100,"S"
"HCM","14:29:20",29.3,0.7,1000,5721600,"B"
"HCM","14:29:18",29.3,0.7,100,5720600,"B"
"HCM","14:29:16",29.35,0.75,200,5720500,"S"
"HCM","14:29:05",29.3,0.7,83500,5720300,"S"
"HCM","14:29:02",29.25,0.65,1400,5636800,"B"
"HCM","14:28:58",29.25,0.65,300,5635400,"S"
"HCM","14:28:53",29.25,0.65,400,5635100,"S"
"HCM","14:28:49",29.25,0.65,3300,5634700,"B"
"HCM","14:28:49",29.3,0.7,100,5631400,"S"
"HCM","14:28:44",29.25,0.65,8700,5631300,"S"
"HCM","14:28:40",29.2,0.6,1400,5622600,"S"
"HCM","14:28:39",29.2,0.6,6000,5621200,"S"
"HCM","14:28:37",29.15,0.55,10000,5615200,"B"
"HCM","14:28:37",29.2,0.6,5000,5605200,"S"
"HCM","14:28:35",29.2,0.6,300,5600200,"S"
"HCM","14:28:33",29.2,0.6,1000,5599900,"S"
"HCM","14:28:27",29.2,0.6,100,5598900,"S"
"HCM","14:28:13",29.2,0.6,100,5598800,"S"
"HCM","14:28:01",29.2,0.6,2000,5598700,"S"
"HCM","14:28:01",29.15,0.55,3000,5596700,"S"
"HCM","14:27:59",29.1,0.5,5000,5593700,"S"
"HCM","14:27:51",29.1,0.5,700,5588700,"S"
"HCM","14:27:49",29.1,0.5,1000,5588000,"S"
"HCM","14:27:46",29.2,0.6,9100,5587000,"S"
"HCM","14:27:46",29.15,0.55,10200,5577900,"S"
"HCM","14:27:46",29.1,0.5,20800,5567700,"S"
"HCM","14:27:44",29.1,0.5,4200,5546900,"S"
"HCM","14:27:42",29.1,0.5,5000,5542700,"S"
"HCM","14:27:36",29.1,0.5,20000,5537700,"B"
"HCM","14:27:33",29.1,0.5,5000,5517700,"S"
"HCM","14:27:32",29,0.4,1000,5512700,"B"
"HCM","14:27:14",29,0.4,3500,5511700,"S"
"HCM","14:27:13",29,0.4,10000,5508200,"S"
"HCM","14:27:10",29,0.4,22200,5498200,"B"
"HCM","14:27:10",29.05,0.45,30700,5476000,"B"
"HCM","14:27:10",29.1,0.5,11900,5445300,"B"
"HCM","14:27:09",29.1,0.5,2500,5433400,"B"
"HCM","14:27:07",29.1,0.5,35600,5430900,"S"
"HCM","14:27:06",29.1,0.5,3000,5395300,"S"
"HCM","14:27:06",29.1,0.5,3200,5392300,"S"
"HCM","14:27:05",29.1,0.5,200,5389100,"S"
"HCM","14:27:04",29.1,0.5,3400,5388900,"S"
"HCM","14:27:02",29.1,0.5,3900,5385500,"S"
"HCM","14:26:59",29.05,0.45,100,5381600,"B"
"HCM","14:26:59",29.1,0.5,1800,5381500,"S"
"HCM","14:26:53",29.1,0.5,1400,5379700,"S"
"HCM","14:26:48",29.05,0.45,3900,5378300,"S"
"HCM","14:26:48",29,0.4,300,5374400,"B"
"HCM","14:26:44",29,0.4,8900,5374100,"S"
"HCM","14:26:43",29,0.4,13000,5365200,"S"
"HCM","14:26:35",29,0.4,1000,5352200,"S"
"HCM","14:26:35",29,0.4,500,5351200,"S"
"HCM","14:26:32",29,0.4,5000,5350700,"S"
"HCM","14:26:28",29,0.4,1000,5345700,"S"
"HCM","14:26:23",29,0.4,200,5344700,"S"
"HCM","14:26:19",28.9,0.3,5000,5344500,"B"
"HCM","14:26:16",28.9,0.3,100,5339500,"B"
"HCM","14:26:14",28.9,0.3,6900,5339400,"S"
"HCM","14:26:08",28.9,0.3,1000,5332500,"S"
"HCM","14:26:07",28.9,0.3,100,5331500,"S"
"HCM","14:26:06",28.9,0.3,20000,5331400,"S"
"HCM","14:26:05",28.9,0.3,100,5311400,"S"
"HCM","14:26:03",28.9,0.3,100,5311300,"S"
"HCM","14:26:00",28.9,0.3,200,5311200,"S"
"HCM","14:25:51",28.85,0.25,25400,5311000,"S"
"HCM","14:25:49",28.85,0.25,1000,5285600,"S"
"HCM","14:25:46",28.85,0.25,200,5284600,"S"
"HCM","14:25:45",28.85,0.25,25000,5284400,"S"
"HCM","14:25:36",28.85,0.25,10900,5259400,"B"
"HCM","14:25:23",28.85,0.25,3100,5248500,"S"
"HCM","14:25:23",28.85,0.25,10100,5245400,"S"
"HCM","14:25:17",28.85,0.25,100,5235300,"S"
"HCM","14:25:12",28.85,0.25,100,5235200,"S"
"HCM","14:25:07",28.8,0.2,400,5235100,"B"
"HCM","14:24:49",28.85,0.25,3000,5234700,"S"
"HCM","14:24:49",28.85,0.25,500,5231700,"S"
"HCM","14:24:44",28.8,0.2,1000,5231200,"B"
"HCM","14:24:42",28.8,0.2,1000,5230200,"B"
"HCM","14:24:38",28.85,0.25,100,5229200,"S"
"HCM","14:24:36",28.8,0.2,500,5229100,"B"
"HCM","14:24:34",28.85,0.25,100,5228600,"S"
"HCM","14:24:30",28.8,0.2,1000,5228500,"B"
"HCM","14:24:22",28.8,0.2,1000,5227500,"B"
"HCM","14:24:19",28.8,0.2,1700,5226500,"S"
"HCM","14:24:16",28.8,0.2,300,5224800,"B"
"HCM","14:24:00",28.8,0.2,800,5224500,"S"
"HCM","14:23:59",28.8,0.2,200,5223700,"S"
"HCM","14:23:58",28.8,0.2,2000,5223500,"S"
"HCM","14:23:54",28.8,0.2,1000,5221500,"S"
"HCM","14:23:54",28.8,0.2,100,5220500,"S"
"HCM","14:23:53",28.8,0.2,100,5220400,"S"
"HCM","14:23:45",28.8,0.2,200,5220300,"S"
"HCM","14:23:34",28.8,0.2,500,5220100,"S"
"HCM","14:23:26",28.8,0.2,200,5219600,"S"
"HCM","14:23:22",28.8,0.2,5000,5219400,"S"
"HCM","14:23:19",28.8,0.2,100,5214400,"S"
"HCM","14:23:18",28.8,0.2,100,5214300,"S"
"HCM","14:23:17",28.8,0.2,1000,5214200,"S"
"HCM","14:23:16",28.8,0.2,1200,5213200,"S"
"HCM","14:23:14",28.8,0.2,100,5212000,"S"
"HCM","14:23:13",28.75,0.15,100,5211900,"B"
"HCM","14:23:11",28.8,0.2,200,5211800,"S"
"HCM","14:23:06",28.8,0.2,7100,5211600,"S"
"HCM","14:22:58",28.8,0.2,100,5204500,"S"
"HCM","14:22:51",28.75,0.15,200,5204400,"B"
"HCM","14:22:50",28.8,0.2,1000,5204200,"S"
"HCM","14:22:49",28.8,0.2,5000,5203200,"S"
"HCM","14:22:44",28.8,0.2,400,5198200,"S"
"HCM","14:22:43",28.75,0.15,500,5197800,"B"
"HCM","14:22:38",28.75,0.15,100,5197300,"B"
"HCM","14:22:35",28.75,0.15,2100,5197200,"S"
"HCM","14:22:32",28.7,0.1,100,5195100,"B"
"HCM","14:22:24",28.75,0.15,1000,5195000,"S"
"HCM","14:22:23",28.75,0.15,100,5194000,"S"
"HCM","14:22:19",28.7,0.1,2500,5193900,"B"
"HCM","14:22:17",28.8,0.2,8500,5191400,"S"
"HCM","14:22:17",28.75,0.15,1500,5182900,"S"
"HCM","14:22:10",28.75,0.15,1800,5181400,"S"
"HCM","14:22:08",28.75,0.15,1000,5179600,"S"
"HCM","14:22:05",28.75,0.15,200,5178600,"S"
"HCM","14:22:01",28.75,0.15,5500,5178400,"B"
"HCM","14:21:57",28.8,0.2,100,5172900,"S"
"HCM","14:21:50",28.8,0.2,1000,5172800,"S"
"HCM","14:21:48",28.75,0.15,2000,5171800,"B"
"HCM","14:21:47",28.8,0.2,1800,5169800,"S"
"HCM","14:21:32",28.8,0.2,1000,5168000,"S"
"HCM","14:21:29",28.75,0.15,200,5167000,"B"
"HCM","14:21:26",28.8,0.2,1000,5166800,"S"
"HCM","14:21:24",28.8,0.2,900,5165800,"S"
"HCM","14:21:22",28.8,0.2,100,5164900,"S"
"HCM","14:21:21",28.8,0.2,2000,5164800,"S"
"HCM","14:21:19",28.8,0.2,100,5162800,"S"
"HCM","14:21:06",28.8,0.2,1000,5162700,"S"
"HCM","14:21:01",28.8,0.2,3000,5161700,"S"
"HCM","14:21:00",28.8,0.2,1000,5158700,"S"
"HCM","14:20:59",28.75,0.15,500,5157700,"B"
"HCM","14:20:53",28.8,0.2,4500,5157200,"S"
"HCM","14:20:50",28.75,0.15,1000,5152700,"B"
"HCM","14:20:50",28.8,0.2,5000,5151700,"S"
"HCM","14:20:49",28.8,0.2,100,5146700,"S"
"HCM","14:20:47",28.8,0.2,200,5146600,"S"
"HCM","14:20:41",28.8,0.2,1300,5146400,"S"
"HCM","14:20:38",28.75,0.15,500,5145100,"B"
"HCM","14:20:35",28.75,0.15,5000,5144600,"B"
"HCM","14:20:27",28.75,0.15,900,5139600,"B"
"HCM","14:20:23",28.75,0.15,12400,5138700,"S"
"HCM","14:20:17",28.75,0.15,500,5126300,"S"
"HCM","14:20:15",28.75,0.15,2000,5125800,"S"
"HCM","14:20:13",28.75,0.15,20000,5123800,"S"
"HCM","14:20:08",28.7,0.1,100,5103800,"B"
"HCM","14:20:06",28.7,0.1,10000,5103700,"B"
"HCM","14:19:53",28.75,0.15,200,5093700,"S"
"HCM","14:19:48",28.75,0.15,1000,5093500,"S"
"HCM","14:19:44",28.7,0.1,500,5092500,"B"
"HCM","14:19:42",28.75,0.15,1100,5092000,"S"
"HCM","14:19:39",28.7,0.1,100,5090900,"B"
"HCM","14:19:38",28.75,0.15,100,5090800,"S"
"HCM","14:19:36",28.75,0.15,100,5090700,"S"
"HCM","14:19:31",28.7,0.1,8000,5090600,"B"
"HCM","14:19:29",28.75,0.15,1000,5082600,"B"
"HCM","14:19:29",28.75,0.15,1000,5081600,"B"
"HCM","14:19:25",28.75,0.15,100,5080600,"S"
"HCM","14:19:23",28.7,0.1,10000,5080500,"B"
"HCM","14:19:23",28.7,0.1,600,5070500,"B"
"HCM","14:19:21",28.75,0.15,9600,5069900,"S"
"HCM","14:19:20",28.75,0.15,300,5060300,"S"
"HCM","14:19:19",28.75,0.15,200,5060000,"S"
"HCM","14:19:15",28.75,0.15,300,5059800,"S"
"HCM","14:19:15",28.7,0.1,1000,5059500,"B"
"HCM","14:19:15",28.75,0.15,500,5058500,"S"
"HCM","14:19:14",28.7,0.1,500,5058000,"B"
"HCM","14:19:10",28.7,0.1,1000,5057500,"B"
"HCM","14:19:10",28.75,0.15,300,5056500,"S"
"HCM","14:19:07",28.7,0.1,200,5056200,"B"
"HCM","14:19:06",28.7,0.1,5000,5056000,"B"
"HCM","14:19:02",28.75,0.15,6700,5051000,"S"
"HCM","14:18:59",28.75,0.15,2600,5044300,"S"
"HCM","14:18:58",28.75,0.15,3000,5041700,"S"
"HCM","14:18:54",28.75,0.15,200,5038700,"S"
"HCM","14:18:50",28.75,0.15,600,5038500,"S"
"HCM","14:18:49",28.7,0.1,100,5037900,"B"
"HCM","14:18:47",28.7,0.1,100,5037800,"B"
"HCM","14:18:45",28.7,0.1,3100,5037700,"S"
"HCM","14:18:43",28.7,0.1,1000,5034600,"S"
"HCM","14:18:37",28.7,0.1,1000,5033600,"S"
"HCM","14:18:30",28.7,0.1,900,5032600,"S"
"HCM","14:18:30",28.65,0.05,2500,5031700,"S"
"HCM","14:18:29",28.65,0.05,10000,5029200,"S"
"HCM","14:18:28",28.65,0.05,1000,5019200,"S"
"HCM","14:18:26",28.65,0.05,1800,5018200,"S"
"HCM","14:18:24",28.65,0.05,100,5016400,"S"
"HCM","14:18:23",28.65,0.05,100,5016300,"S"
"HCM","14:18:23",28.65,0.05,10600,5016200,"S"
"HCM","14:18:22",28.65,0.05,100,5005600,"S"
"HCM","14:18:21",28.65,0.05,1000,5005500,"S"
"HCM","14:18:20",28.65,0.05,1000,5004500,"S"
"HCM","14:18:17",28.65,0.05,300,5003500,"S"
"HCM","14:18:16",28.65,0.05,500,5003200,"S"
"HCM","14:18:16",28.6,0,2000,5002700,"B"
"HCM","14:18:15",28.6,0,100,5000700,"B"
"HCM","14:18:14",28.65,0.05,100,5000600,"S"
"HCM","14:18:13",28.6,0,5000,5000500,"B"
"HCM","14:18:08",28.6,0,5000,4995500,"B"
"HCM","14:18:07",28.6,0,17700,4990500,"S"
"HCM","14:18:05",28.6,0,500,4972800,"S"
"HCM","14:18:04",28.55,-0.05,200,4972300,"B"
"HCM","14:18:03",28.6,0,13300,4972100,"S"
"HCM","14:18:03",28.6,0,300,4958800,"S"
"HCM","14:18:02",28.6,0,2000,4958500,"S"
"HCM","14:18:01",28.55,-0.05,200,4956500,"B"
"HCM","14:17:58",28.6,0,200,4956300,"S"
"HCM","14:17:54",28.55,-0.05,2200,4956100,"S"
"HCM","14:17:54",28.55,-0.05,300,4953900,"S"
"HCM","14:17:48",28.55,-0.05,3000,4953000,"S"
"HCM","14:17:47",28.4,-0.2,1000,4950000,"B"
"HCM","14:17:47",28.55,-0.05,400,4949000,"S"
"HCM","14:17:47",28.5,-0.1,4600,4948600,"S"
"HCM","14:17:41",28.4,-0.2,400,4944000,"B"
"HCM","14:17:40",28.4,-0.2,100,4943600,"B"
"HCM","14:17:39",28.4,-0.2,600,4943500,"S"
"HCM","14:17:37",28.4,-0.2,400,4942900,"S"
"HCM","14:17:35",28.5,-0.1,4600,4942500,"S"
"HCM","14:17:35",28.45,-0.15,4500,4937900,"S"
"HCM","14:17:35",28.4,-0.2,5900,4933400,"S"
"HCM","14:17:33",28.4,-0.2,54000,4927500,"S"
"HCM","14:17:32",28.4,-0.2,1700,4873500,"S"
"HCM","14:17:32",28.35,-0.25,300,4871800,"S"
"HCM","14:17:31",28.35,-0.25,200,4871500,"B"
"HCM","14:17:30",28.3,-0.3,4600,4871300,"B"
"HCM","14:17:30",28.35,-0.25,3400,4866700,"B"
"HCM","14:17:29",28.4,-0.2,4000,4863300,"S"
"HCM","14:17:25",28.4,-0.2,1400,4859300,"S"
"HCM","14:17:23",28.35,-0.25,4600,4857900,"S"
"HCM","14:17:21",28.3,-0.3,5200,4853300,"S"
"HCM","14:17:21",28.3,-0.3,2200,4848100,"S"
"HCM","14:17:20",28.3,-0.3,4000,4845900,"S"
"HCM","14:17:20",28.3,-0.3,4300,4841900,"S"
"HCM","14:17:19",28.3,-0.3,2000,4837600,"S"
"HCM","14:17:19",28.3,-0.3,1000,4835600,"S"
"HCM","14:17:18",28.3,-0.3,100,4834600,"S"
"HCM","14:17:17",28.3,-0.3,200,4834500,"S"
"HCM","14:17:16",28.3,-0.3,3400,4834300,"S"
"HCM","14:17:16",28.3,-0.3,500,4830900,"S"
"HCM","14:17:14",28.3,-0.3,1000,4830400,"S"
"HCM","14:17:10",28.3,-0.3,100,4829400,"S"
"HCM","14:17:09",28.3,-0.3,2000,4829300,"S"
"HCM","14:17:04",28.25,-0.35,2400,4827300,"B"
"HCM","14:17:03",28.3,-0.3,10000,4824900,"S"
"HCM","14:16:59",28.25,-0.35,200,4814900,"B"
"HCM","14:16:58",28.25,-0.35,100,4814700,"B"
"HCM","14:16:54",28.15,-0.45,6300,4814600,"B"
"HCM","14:16:54",28.2,-0.4,31800,4808300,"B"
"HCM","14:16:54",28.25,-0.35,11900,4776500,"B"
"HCM","14:16:54",28.3,-0.3,3800,4764600,"S"
"HCM","14:16:53",28.3,-0.3,1100,4760800,"S"
"HCM","14:16:50",28.25,-0.35,700,4759700,"B"
"HCM","14:16:47",28.2,-0.4,200,4759000,"B"
"HCM","14:16:47",28.25,-0.35,1800,4758800,"B"
"HCM","14:16:45",28.25,-0.35,2500,4757000,"S"
"HCM","14:16:44",28.2,-0.4,300,4754500,"B"
"HCM","14:16:43",28.2,-0.4,1000,4754200,"B"
"HCM","14:16:41",28.25,-0.35,500,4753200,"S"
"HCM","14:16:36",28.2,-0.4,500,4752700,"S"
"HCM","14:16:33",28.2,-0.4,500,4752200,"S"
"HCM","14:16:33",28.1,-0.5,3000,4751700,"B"
"HCM","14:16:32",28.1,-0.5,1700,4748700,"B"
"HCM","14:16:32",28.15,-0.45,12400,4747000,"B"
"HCM","14:16:32",28.25,-0.35,200,4728900,"B"
"HCM","14:16:31",28.2,-0.4,9200,4728700,"B"
"HCM","14:16:31",28.25,-0.35,1000,4719500,"S"
"HCM","14:16:30",28.25,-0.35,2000,4718500,"S"
"HCM","14:16:29",28.25,-0.35,3000,4716500,"S"
"HCM","14:16:28",28.2,-0.4,8100,4713500,"B"
"HCM","14:16:27",28.25,-0.35,600,4705400,"S"
"HCM","14:16:25",28.25,-0.35,5000,4704800,"S"
"HCM","14:16:23",28.25,-0.35,1000,4699800,"S"
"HCM","14:16:22",28.2,-0.4,1300,4698800,"B"
"HCM","14:16:19",28.3,-0.3,500,4697500,"S"
"HCM","14:16:15",28.2,-0.4,3600,4697000,"B"
"HCM","14:16:14",28.2,-0.4,4200,4693400,"B"
"HCM","14:16:14",28.25,-0.35,5000,4689200,"B"
"HCM","14:16:10",28.2,-0.4,1600,4684200,"B"
"HCM","14:16:10",28.25,-0.35,1000,4682600,"S"
"HCM","14:16:09",28.2,-0.4,500,4681600,"B"
"HCM","14:16:07",28.25,-0.35,5000,4681100,"S"
"HCM","14:16:06",28.2,-0.4,5300,4676100,"B"
"HCM","14:16:02",28.2,-0.4,500,4670800,"B"
"HCM","14:16:01",28.25,-0.35,500,4670300,"S"
"HCM","14:15:59",28.25,-0.35,7000,4669800,"B"
"HCM","14:15:54",28.2,-0.4,700,4662800,"B"
"HCM","14:15:54",28.25,-0.35,3500,4662100,"B"
"HCM","14:15:53",28.3,-0.3,100,4658600,"S"
"HCM","14:15:52",28.25,-0.35,10000,4658500,"B"
"HCM","14:15:49",28.3,-0.3,500,4648500,"S"
"HCM","14:15:46",28.3,-0.3,2300,4648000,"B"
"HCM","14:15:45",28.3,-0.3,1800,4645700,"B"
"HCM","14:15:45",28.35,-0.25,4000,4643900,"S"
"HCM","14:15:44",28.3,-0.3,100,4639900,"B"
"HCM","14:15:42",28.3,-0.3,400,4639800,"B"
"HCM","14:15:38",28.3,-0.3,1500,4639400,"B"
"HCM","14:15:35",28.3,-0.3,1500,4637900,"B"
"HCM","14:15:34",28.3,-0.3,5000,4636400,"B"
"HCM","14:15:33",28.35,-0.25,500,4631400,"S"
"HCM","14:15:33",28.3,-0.3,700,4630900,"B"
"HCM","14:15:31",28.35,-0.25,10000,4630200,"S"
"HCM","14:15:30",28.35,-0.25,500,4620200,"S"
"HCM","14:15:29",28.3,-0.3,500,4619700,"B"
"HCM","14:15:28",28.3,-0.3,3000,4619200,"B"
"HCM","14:15:24",28.35,-0.25,100,4616200,"B"
"HCM","14:15:22",28.3,-0.3,3200,4616100,"B"
"HCM","14:15:21",28.3,-0.3,19300,4612900,"B"
"HCM","14:15:21",28.35,-0.25,10700,4593600,"B"
"HCM","14:15:11",28.4,-0.2,8500,4582900,"B"
"HCM","14:15:10",28.4,-0.2,2000,4574400,"B"
"HCM","14:15:03",28.4,-0.2,1000,4572400,"B"
"HCM","14:15:02",28.45,-0.15,500,4571400,"S"
"HCM","14:14:57",28.45,-0.15,1400,4570900,"B"
"HCM","14:14:55",28.45,-0.15,2300,4569500,"B"
"HCM","14:14:54",28.5,-0.1,600,4567200,"S"
"HCM","14:14:53",28.5,-0.1,2000,4566600,"S"
"HCM","14:14:53",28.45,-0.15,1000,4564600,"B"
"HCM","14:14:50",28.45,-0.15,100,4563600,"B"
"HCM","14:14:49",28.45,-0.15,5000,4563500,"B"
"HCM","14:14:47",28.45,-0.15,1000,4558500,"B"
"HCM","14:14:43",28.5,-0.1,100,4557500,"S"
"HCM","14:14:41",28.45,-0.15,200,4557400,"B"
"HCM","14:14:37",28.5,-0.1,100,4557200,"S"
"HCM","14:14:35",28.5,-0.1,500,4557100,"S"
"HCM","14:14:30",28.5,-0.1,1500,4556600,"S"
"HCM","14:14:30",28.45,-0.15,4000,4555100,"B"
"HCM","14:14:27",28.5,-0.1,100,4551100,"S"
"HCM","14:14:25",28.45,-0.15,3000,4551000,"B"
"HCM","14:14:24",28.5,-0.1,1000,4548000,"S"
"HCM","14:14:21",28.6,0,100,4547000,"S"
"HCM","14:14:18",28.45,-0.15,15400,4546900,"B"
"HCM","14:14:18",28.5,-0.1,4600,4531500,"B"
"HCM","14:14:16",28.5,-0.1,500,4526900,"B"
"HCM","14:14:14",28.45,-0.15,500,4526400,"B"
"HCM","14:14:11",28.5,-0.1,3000,4525900,"S"
"HCM","14:14:10",28.45,-0.15,2000,4522900,"B"
"HCM","14:14:06",28.5,-0.1,3000,4520900,"S"
"HCM","14:14:05",28.5,-0.1,500,4517900,"S"
"HCM","14:14:01",28.45,-0.15,200,4517400,"B"
"HCM","14:13:57",28.5,-0.1,1400,4517200,"B"
"HCM","14:13:55",28.5,-0.1,500,4515800,"B"
"HCM","14:13:54",28.55,-0.05,200,4515300,"S"
"HCM","14:13:51",28.5,-0.1,500,4515100,"B"
"HCM","14:13:48",28.5,-0.1,1900,4514600,"S"
"HCM","14:13:44",28.5,-0.1,2400,4512700,"B"
"HCM","14:13:43",28.5,-0.1,20000,4510300,"B"
"HCM","14:13:39",28.5,-0.1,6200,4490300,"B"
"HCM","14:13:37",28.5,-0.1,2500,4484100,"B"
"HCM","14:13:35",28.5,-0.1,2200,4481600,"B"
"HCM","14:13:35",28.5,-0.1,26000,4479400,"B"
"HCM","14:13:35",28.55,-0.05,4000,4453400,"B"
"HCM","14:13:34",28.55,-0.05,1000,4449400,"S"
"HCM","14:13:33",28.5,-0.1,3000,4448400,"B"
"HCM","14:13:29",28.5,-0.1,500,4444400,"B"
"HCM","14:13:23",28.5,-0.1,700,4443900,"B"
"HCM","14:13:21",28.5,-0.1,900,4443200,"B"
"HCM","14:13:21",28.55,-0.05,500,4442300,"B"
"HCM","14:13:16",28.55,-0.05,13000,4441800,"B"
"HCM","14:13:14",28.6,0,41800,4428800,"B"
"HCM","14:13:14",28.6,0,34300,4387000,"B"
"HCM","14:13:12",28.6,0,100,4352700,"B"
"HCM","14:13:10",28.65,0.05,4500,4352600,"S"
"HCM","14:13:09",28.6,0,3600,4348100,"B"
"HCM","14:13:05",28.6,0,4500,4344500,"B"
"HCM","14:13:03",28.6,0,10000,4340000,"B"
"HCM","14:12:59",28.65,0.05,7400,4330000,"B"
"HCM","14:12:58",28.65,0.05,5200,4322600,"B"
"HCM","14:12:57",28.65,0.05,7000,4317400,"B"
"HCM","14:12:55",28.65,0.05,200,4310400,"B"
"HCM","14:12:55",28.65,0.05,100,4310200,"B"
"HCM","14:12:53",28.65,0.05,10000,4310100,"B"
"HCM","14:12:50",28.65,0.05,100,4300100,"B"
"HCM","14:12:49",28.65,0.05,2500,4300000,"B"
"HCM","14:12:48",28.65,0.05,2500,4297500,"B"
"HCM","14:12:47",28.75,0.15,5700,4280100,"B"
"HCM","14:12:46",28.75,0.15,3400,4274400,"B"
"HCM","14:12:45",28.75,0.15,22900,4271000,"B"
"HCM","14:12:44",28.75,0.15,19900,4248100,"B"
"HCM","14:12:43",28.75,0.15,2000,4228200,"B"
"HCM","14:12:42",28.8,0.2,2000,4226200,"S"
"HCM","14:12:40",28.75,0.15,6200,4224200,"B"
"HCM","14:12:36",28.75,0.15,3000,4218000,"B"
"HCM","14:12:28",28.75,0.15,200,4215000,"B"
"HCM","14:12:25",28.75,0.15,1000,4214800,"B"
"HCM","14:12:22",28.8,0.2,1000,4213800,"S"
"HCM","14:12:21",28.75,0.15,10000,4212800,"B"
"HCM","14:12:18",28.75,0.15,2000,4202800,"B"
"HCM","14:12:13",28.75,0.15,700,4200800,"B"
"HCM","14:12:13",28.8,0.2,1400,4200100,"B"
"HCM","14:12:12",28.8,0.2,12900,4198700,"B"
"HCM","14:12:04",28.8,0.2,2800,4185800,"B"
"HCM","14:12:01",28.8,0.2,10000,4183000,"B"
"HCM","14:12:00",28.8,0.2,10000,4173000,"B"
"HCM","14:11:58",28.8,0.2,1000,4163000,"B"
"HCM","14:11:56",28.85,0.25,100,4162000,"S"
"HCM","14:11:56",28.8,0.2,4500,4161900,"B"
"HCM","14:11:50",28.8,0.2,1000,4157400,"B"
"HCM","14:11:46",28.85,0.25,3000,4156400,"S"
"HCM","14:11:43",28.8,0.2,11100,4153400,"B"
"HCM","14:11:43",28.85,0.25,8900,4142300,"B"
"HCM","14:11:40",28.85,0.25,2000,4133400,"B"
"HCM","14:11:33",28.85,0.25,2100,4131400,"B"
"HCM","14:11:32",28.9,0.3,1100,4129300,"S"
"HCM","14:11:20",28.85,0.25,2000,4128200,"B"
"HCM","14:11:16",28.9,0.3,100,4126200,"S"
"HCM","14:11:14",28.85,0.25,1000,4126100,"B"
"HCM","14:11:11",28.9,0.3,100,4125100,"S"
"HCM","14:10:59",28.9,0.3,100,4125000,"S"
"HCM","14:10:52",28.85,0.25,100,4124900,"S"
"HCM","14:10:46",28.85,0.25,100,4124800,"S"
"HCM","14:10:43",28.9,0.3,100,4124700,"S"
"HCM","14:10:43",28.8,0.2,100,4124600,"B"
"HCM","14:10:25",28.9,0.3,100,4124500,"S"
"HCM","14:10:09",28.9,0.3,100,4124400,"S"
"HCM","14:10:03",28.8,0.2,2400,4124300,"S"
"HCM","14:09:57",28.8,0.2,300,4113900,"S"
"HCM","14:09:56",28.8,0.2,5000,4113600,"S"
"HCM","14:09:53",28.8,0.2,100,4108600,"S"
"HCM","14:09:48",28.75,0.15,100,4108500,"B"
"HCM","14:09:36",28.8,0.2,100,4108400,"S"
"HCM","14:09:34",28.8,0.2,100,4108300,"S"
"HCM","14:09:20",28.8,0.2,100,4108200,"S"
"HCM","14:09:06",28.75,0.15,4500,4108100,"B"
"HCM","14:08:55",28.75,0.15,100,4103600,"B"
"HCM","14:08:52",28.8,0.2,500,4103500,"S"
"HCM","14:08:42",28.8,0.2,500,4103000,"S"
"HCM","14:08:38",28.8,0.2,10600,4102500,"B"
"HCM","14:08:30",28.85,0.25,100,4091900,"S"
"HCM","14:08:18",28.85,0.25,200,4091800,"S"
"HCM","14:08:14",28.85,0.25,100,4091600,"S"
"HCM","14:08:06",28.8,0.2,5000,4091500,"B"
"HCM","14:08:01",28.8,0.2,100,4086500,"B"
"HCM","14:07:56",28.85,0.25,100,4086400,"S"
"HCM","14:07:46",28.85,0.25,2000,4086300,"S"
"HCM","14:07:31",28.85,0.25,500,4084300,"S"
"HCM","14:07:14",28.8,0.2,200,4083800,"B"
"HCM","14:07:14",28.85,0.25,800,4083600,"B"
"HCM","14:07:13",28.85,0.25,100,4082800,"B"
"HCM","14:07:05",28.85,0.25,1000,4082700,"B"
"HCM","14:07:00",28.85,0.25,1000,4081700,"B"
"HCM","14:06:47",28.9,0.3,5200,4080700,"B"
"HCM","14:06:40",28.9,0.3,1500,4075500,"B"
"HCM","14:06:40",28.9,0.3,3000,4074000,"B"
"HCM","14:06:37",28.95,0.35,100,4071000,"S"
"HCM","14:06:33",28.95,0.35,100,4070900,"S"
"HCM","14:06:32",28.95,0.35,500,4070800,"S"
"HCM","14:06:28",28.95,0.35,2000,4070300,"S"
"HCM","14:06:21",28.9,0.3,100,4068300,"B"
"HCM","14:06:15",28.95,0.35,10000,4068200,"S"
"HCM","14:06:02",28.95,0.35,2000,4058200,"B"
"HCM","14:05:56",28.95,0.35,2000,4056200,"B"
"HCM","14:05:46",28.95,0.35,1000,4054200,"B"
"HCM","14:05:45",29,0.4,100,4053200,"S"
"HCM","14:05:33",29,0.4,100,4053100,"S"
"HCM","14:05:30",28.95,0.35,100,4053000,"B"
"HCM","14:05:21",28.95,0.35,5000,4052900,"B"
"HCM","14:05:19",29,0.4,500,4047900,"S"
"HCM","14:05:18",29,0.4,1000,4047400,"S"
"HCM","14:05:05",29,0.4,100,4046400,"S"
"HCM","14:04:50",29,0.4,1000,4046300,"B"
"HCM","14:04:46",29,0.4,100,4045300,"B"
"HCM","14:04:43",29,0.4,1000,4045200,"B"
"HCM","14:04:39",29,0.4,500,4044200,"B"
"HCM","14:04:36",29.05,0.45,900,4043700,"S"
"HCM","14:04:32",29,0.4,5100,4042800,"B"
"HCM","14:04:30",29,0.4,3000,4037700,"B"
"HCM","14:04:24",29.05,0.45,200,4034700,"S"
"HCM","14:04:19",29.05,0.45,2000,4034500,"B"
"HCM","14:04:11",29.1,0.5,1700,4032500,"S"
"HCM","14:04:07",29.1,0.5,100,4030800,"S"
"HCM","14:03:58",29.1,0.5,100,4030700,"S"
"HCM","14:03:55",29.05,0.45,100,4030600,"B"
"HCM","14:03:48",29.05,0.45,3100,4030500,"S"
"HCM","14:03:37",29.05,0.45,100,4027400,"S"
"HCM","14:03:34",29.05,0.45,500,4027300,"S"
"HCM","14:03:18",29,0.4,100,4026800,"B"
"HCM","14:03:15",29,0.4,100,4026700,"B"
"HCM","14:03:10",29,0.4,100,4026600,"B"
"HCM","14:03:06",29,0.4,5000,4026500,"B"
"HCM","14:02:54",29.05,0.45,100,4021500,"S"
"HCM","14:02:54",29,0.4,5000,4021400,"B"
"HCM","14:02:51",29,0.4,100,4016400,"B"
"HCM","14:02:44",29,0.4,300,4016300,"B"
"HCM","14:02:30",29,0.4,100,4016000,"B"
"HCM","14:02:20",29,0.4,100,4015900,"B"
"HCM","14:02:20",29.05,0.45,2000,4015800,"S"
"HCM","14:02:15",29.05,0.45,200,4013800,"S"
"HCM","14:02:13",29,0.4,5000,4013600,"B"
"HCM","14:02:07",29.05,0.45,1000,4008600,"S"
"HCM","14:02:04",29.05,0.45,5000,4007600,"S"
"HCM","14:01:59",29.05,0.45,100,4002600,"S"
"HCM","14:01:59",29.05,0.45,12800,4002500,"S"
"HCM","14:01:57",29,0.4,500,3989700,"B"
"HCM","14:01:51",29.05,0.45,100,3989200,"S"
"HCM","14:01:50",29,0.4,5000,3989100,"B"
"HCM","14:01:46",29.05,0.45,500,3984100,"S"
"HCM","14:01:42",29.05,0.45,10000,3983600,"S"
"HCM","14:01:28",29,0.4,100,3973600,"S"
"HCM","14:01:27",29,0.4,100,3973500,"S"
"HCM","14:01:25",29,0.4,300,3973400,"S"
"HCM","14:01:20",29,0.4,100,3973100,"S"
"HCM","14:01:19",29,0.4,100,3973000,"S"
"HCM","14:01:16",29,0.4,500,3972900,"S"
"HCM","14:01:14",29,0.4,5000,3972400,"S"
"HCM","14:01:11",28.95,0.35,700,3967400,"B"
"HCM","14:01:10",29,0.4,200,3966700,"S"
"HCM","14:01:02",29,0.4,10000,3966500,"S"
"HCM","14:00:52",28.95,0.35,100,3956500,"B"
"HCM","14:00:51",28.95,0.35,2000,3956400,"B"
"HCM","14:00:50",29,0.4,30000,3954400,"S"
"HCM","14:00:48",29,0.4,100,3924400,"S"
"HCM","14:00:46",29,0.4,500,3924300,"S"
"HCM","14:00:30",29,0.4,10000,3923800,"S"
"HCM","14:00:28",29,0.4,300,3913800,"S"
"HCM","14:00:22",29,0.4,100,3913500,"S"
"HCM","14:00:19",29,0.4,3000,3913400,"S"
"HCM","14:00:18",29,0.4,2000,3910400,"S"
"HCM","14:00:17",29,0.4,2500,3908400,"S"
"HCM","14:00:16",29,0.4,100,3905900,"S"
"HCM","14:00:13",29,0.4,39600,3905800,"S"
"HCM","14:00:07",29,0.4,600,3866200,"S"
"HCM","14:00:05",28.95,0.35,4000,3865600,"B"
"HCM","13:59:58",28.95,0.35,100,3861600,"B"
"HCM","13:59:56",28.95,0.35,300,3861500,"B"
"HCM","13:59:53",28.95,0.35,1300,3861200,"S"
"HCM","13:59:51",28.95,0.35,100,3859900,"S"
"HCM","13:59:45",28.95,0.35,100,3859800,"S"
"HCM","13:59:32",28.95,0.35,500,3859700,"S"
"HCM","13:59:22",28.95,0.35,1000,3859200,"S"
"HCM","13:59:19",28.95,0.35,100,3858200,"S"
"HCM","13:59:18",28.9,0.3,400,3858100,"B"
"HCM","13:59:16",28.95,0.35,500,3857700,"S"
"HCM","13:59:14",28.95,0.35,100,3857200,"S"
"HCM","13:59:11",28.9,0.3,100,3857100,"B"
"HCM","13:59:02",28.95,0.35,100,3857000,"S"
"HCM","13:58:54",28.95,0.35,300,3856900,"S"
"HCM","13:58:51",28.95,0.35,10000,3856600,"S"
"HCM","13:58:51",28.95,0.35,200,3846600,"S"
"HCM","13:58:48",28.95,0.35,100,3846400,"S"
"HCM","13:58:45",28.95,0.35,200,3846300,"S"
"HCM","13:58:43",28.95,0.35,100,3846100,"S"
"HCM","13:58:41",28.95,0.35,100,3846000,"S"
"HCM","13:58:36",28.95,0.35,100,3845900,"S"
"HCM","13:58:31",28.95,0.35,10000,3845800,"S"
"HCM","13:58:22",28.9,0.3,100,3835800,"B"
"HCM","13:58:10",28.95,0.35,6300,3835700,"B"
"HCM","13:58:02",28.95,0.35,30000,3829400,"B"
"HCM","13:57:56",29,0.4,1100,3799400,"S"
"HCM","13:57:44",29,0.4,100,3798300,"S"
"HCM","13:57:41",29,0.4,100,3798200,"S"
"HCM","13:57:37",28.95,0.35,100,3798100,"B"
"HCM","13:57:36",29,0.4,100,3798000,"S"
"HCM","13:57:22",29,0.4,800,3797900,"S"
"HCM","13:57:20",29,0.4,5800,3797100,"S"
"HCM","13:57:18",29,0.4,500,3791300,"S"
"HCM","13:57:16",29,0.4,500,3790800,"S"
"HCM","13:57:13",29,0.4,500,3790300,"S"
"HCM","13:57:13",29,0.4,100,3789800,"S"
"HCM","13:57:11",29,0.4,100,3789700,"S"
"HCM","13:57:09",29,0.4,5400,3789600,"S"
"HCM","13:56:59",29,0.4,500,3784200,"S"
"HCM","13:56:48",28.95,0.35,100,3783700,"B"
"HCM","13:56:41",29,0.4,100,3783600,"S"
"HCM","13:56:22",28.9,0.3,32300,3783500,"S"
"HCM","13:56:10",28.85,0.25,3000,3751200,"B"
"HCM","13:56:10",28.9,0.3,100,3748200,"S"
"HCM","13:56:09",28.9,0.3,100,3748100,"S"
"HCM","13:55:58",28.85,0.25,100,3748000,"B"
"HCM","13:55:56",28.9,0.3,100,3747900,"S"
"HCM","13:55:40",28.9,0.3,100,3747800,"S"
"HCM","13:55:39",28.9,0.3,100,3747700,"S"
"HCM","13:55:36",28.9,0.3,300,3747600,"S"
"HCM","13:55:08",28.9,0.3,100,3747300,"S"
"HCM","13:55:07",28.9,0.3,100,3747200,"S"
"HCM","13:55:06",28.8,0.2,100,3747100,"B"
"HCM","13:54:55",28.8,0.2,100,3747000,"S"
"HCM","13:54:54",28.8,0.2,500,3746900,"S"
"HCM","13:54:52",28.8,0.2,5000,3746400,"S"
"HCM","13:54:43",28.8,0.2,10000,3741400,"S"
"HCM","13:54:37",28.8,0.2,100,3731400,"S"
"HCM","13:54:37",28.8,0.2,100,3731300,"S"
"HCM","13:54:33",28.8,0.2,1000,3731200,"S"
"HCM","13:54:31",28.8,0.2,100,3730200,"S"
"HCM","13:54:21",28.75,0.15,10000,3730100,"B"
"HCM","13:54:16",28.8,0.2,500,3720100,"S"
"HCM","13:54:15",28.8,0.2,5000,3719600,"S"
"HCM","13:54:14",28.75,0.15,100,3714600,"B"
"HCM","13:54:11",28.8,0.2,1000,3714500,"S"
"HCM","13:54:10",28.75,0.15,200,3713500,"B"
"HCM","13:54:09",28.75,0.15,500,3713300,"B"
"HCM","13:54:06",28.8,0.2,100,3712800,"S"
"HCM","13:54:05",28.75,0.15,300,3712700,"B"
"HCM","13:54:04",28.8,0.2,100,3712400,"S"
"HCM","13:53:59",28.8,0.2,300,3712300,"S"
"HCM","13:53:49",28.75,0.15,500,3712000,"B"
"HCM","13:53:46",28.8,0.2,200,3711500,"S"
"HCM","13:53:36",28.8,0.2,100,3711300,"S"
"HCM","13:53:34",28.8,0.2,100,3711200,"S"
"HCM","13:53:32",28.75,0.15,1000,3711100,"S"
"HCM","13:53:24",28.7,0.1,100,3710100,"B"
"HCM","13:53:06",28.7,0.1,1700,3710000,"S"
"HCM","13:53:04",28.7,0.1,100,3708300,"S"
"HCM","13:53:03",28.7,0.1,100,3708200,"S"
"HCM","13:53:02",28.7,0.1,1000,3708100,"S"
"HCM","13:53:01",28.7,0.1,1000,3707100,"S"
"HCM","13:52:57",28.7,0.1,5100,3706100,"S"
"HCM","13:52:47",28.65,0.05,2200,3701000,"B"
"HCM","13:52:44",28.7,0.1,1000,3698600,"S"
"HCM","13:52:39",28.65,0.05,100,3697600,"B"
"HCM","13:52:32",28.65,0.05,5100,3697500,"S"
"HCM","13:52:32",28.65,0.05,100,3692400,"S"
"HCM","13:52:31",28.65,0.05,1000,3692300,"S"
"HCM","13:52:30",28.65,0.05,1000,3691300,"S"
"HCM","13:52:30",28.65,0.05,3000,3690300,"S"
"HCM","13:52:28",28.65,0.05,200,3687300,"S"
"HCM","13:52:24",28.65,0.05,12000,3687100,"S"
"HCM","13:52:18",28.65,0.05,3000,3675100,"S"
"HCM","13:52:16",28.65,0.05,3500,3672100,"B"
"HCM","13:52:16",28.65,0.05,1500,3668600,"S"
"HCM","13:52:09",28.65,0.05,100,3667100,"S"
"HCM","13:52:05",28.65,0.05,300,3667000,"S"
"HCM","13:52:04",28.6,0,3800,3666700,"B"
"HCM","13:52:04",28.65,0.05,1200,3662900,"B"
"HCM","13:51:59",28.7,0.1,4500,3661700,"S"
"HCM","13:51:59",28.6,0,300,3657200,"B"
"HCM","13:51:59",28.65,0.05,700,3656900,"B"
"HCM","13:51:58",28.65,0.05,4300,3656200,"S"
"HCM","13:51:57",28.65,0.05,2000,3651900,"S"
"HCM","13:51:54",28.65,0.05,100,3649900,"S"
"HCM","13:51:54",28.6,0,100,3649800,"B"
"HCM","13:51:50",28.65,0.05,1000,3649700,"S"
"HCM","13:51:49",28.65,0.05,500,3648700,"S"
"HCM","13:51:49",28.6,0,1400,3648200,"B"
"HCM","13:51:36",28.65,0.05,100,3646800,"B"
"HCM","13:51:34",28.7,0.1,100,3646700,"S"
"HCM","13:51:33",28.6,0,100,3646600,"B"
"HCM","13:51:33",28.65,0.05,2900,3646500,"B"
"HCM","13:51:26",28.7,0.1,700,3643600,"S"
"HCM","13:51:24",28.7,0.1,800,3642900,"B"
"HCM","13:51:18",28.7,0.1,3000,3642100,"B"
"HCM","13:51:13",28.7,0.1,1700,3639100,"S"
"HCM","13:51:08",28.65,0.05,25000,3637400,"B"
"HCM","13:51:05",28.7,0.1,100,3612400,"S"
"HCM","13:50:59",28.7,0.1,100,3612300,"S"
"HCM","13:50:58",28.7,0.1,3700,3612200,"B"
"HCM","13:50:57",28.7,0.1,700,3608500,"B"
"HCM","13:50:56",28.7,0.1,7500,3607800,"B"
"HCM","13:50:53",28.7,0.1,4000,3600300,"B"
"HCM","13:50:52",28.7,0.1,400,3596300,"B"
"HCM","13:50:48",28.7,0.1,1000,3595900,"B"
"HCM","13:50:41",28.7,0.1,1500,3594900,"B"
"HCM","13:50:40",28.7,0.1,1000,3593400,"B"
"HCM","13:50:38",28.75,0.15,17200,3592400,"S"
"HCM","13:50:36",28.75,0.15,100,3575200,"S"
"HCM","13:50:21",28.7,0.1,100,3575100,"B"
"HCM","13:50:13",28.7,0.1,100,3575000,"B"
"HCM","13:50:00",28.7,0.1,2000,3574900,"B"
"HCM","13:49:57",28.75,0.15,200,3572900,"S"
"HCM","13:49:55",28.7,0.1,1900,3572700,"S"
"HCM","13:49:54",28.7,0.1,100,3570800,"B"
"HCM","13:49:48",28.7,0.1,100,3570700,"S"
"HCM","13:49:39",28.7,0.1,5900,3570600,"B"
"HCM","13:49:36",28.7,0.1,4500,3564700,"B"
"HCM","13:49:33",28.7,0.1,100,3560200,"B"
"HCM","13:49:33",28.7,0.1,2100,3560100,"S"
"HCM","13:49:32",28.7,0.1,2900,3558000,"B"
"HCM","13:49:31",28.7,0.1,50000,3555100,"B"
"HCM","13:49:30",28.75,0.15,100,3505100,"S"
"HCM","13:49:29",28.7,0.1,2000,3505000,"B"
"HCM","13:49:28",28.75,0.15,1000,3503000,"S"
"HCM","13:49:22",28.75,0.15,100,3502000,"S"
"HCM","13:49:20",28.75,0.15,1000,3501900,"S"
"HCM","13:49:20",28.7,0.1,500,3500900,"B"
"HCM","13:49:13",28.7,0.1,1300,3500400,"B"
"HCM","13:49:13",28.7,0.1,2700,3499100,"B"
"HCM","13:49:12",28.75,0.15,100,3496400,"S"
"HCM","13:48:59",28.75,0.15,11500,3496300,"B"
"HCM","13:48:56",28.75,0.15,15000,3484800,"B"
"HCM","13:48:56",28.8,0.2,100,3469800,"S"
"HCM","13:48:55",28.75,0.15,2000,3469700,"B"
"HCM","13:48:46",28.75,0.15,100,3467700,"B"
"HCM","13:48:39",28.8,0.2,400,3467600,"S"
"HCM","13:48:36",28.75,0.15,5000,3467200,"B"
"HCM","13:48:33",28.8,0.2,200,3462200,"S"
"HCM","13:48:26",28.8,0.2,100,3462000,"S"
"HCM","13:48:15",28.75,0.15,1000,3461900,"B"
"HCM","13:48:09",28.75,0.15,400,3460900,"B"
"HCM","13:47:58",28.75,0.15,100,3460500,"B"
"HCM","13:47:55",28.8,0.2,200,3460400,"S"
"HCM","13:47:49",28.8,0.2,12500,3460200,"B"
"HCM","13:47:33",28.9,0.3,100,3447700,"S"
"HCM","13:47:25",28.9,0.3,100,3447600,"S"
"HCM","13:47:17",28.8,0.2,1500,3447500,"B"
"HCM","13:47:14",28.8,0.2,4000,3446000,"B"
"HCM","13:47:10",28.8,0.2,4500,3442000,"B"
"HCM","13:47:10",28.8,0.2,100,3437500,"B"
"HCM","13:47:02",28.8,0.2,3000,3437400,"B"
"HCM","13:46:42",28.8,0.2,30900,3434400,"B"
"HCM","13:46:42",28.85,0.25,19100,3403500,"B"
"HCM","13:46:34",28.9,0.3,9300,3384400,"B"
"HCM","13:46:25",28.9,0.3,2000,3375100,"B"
"HCM","13:46:24",28.9,0.3,100,3373100,"B"
"HCM","13:46:24",28.95,0.35,100,3373000,"S"
"HCM","13:46:23",28.95,0.35,200,3372900,"S"
"HCM","13:46:16",28.95,0.35,100,3372700,"S"
"HCM","13:46:04",28.95,0.35,100,3372600,"S"
"HCM","13:46:03",28.95,0.35,100,3372500,"S"
"HCM","13:45:53",28.95,0.35,100,3372400,"S"
"HCM","13:45:34",28.95,0.35,100,3372300,"S"
"HCM","13:45:33",28.9,0.3,100,3372200,"B"
"HCM","13:45:23",28.95,0.35,200,3372100,"S"
"HCM","13:45:11",28.95,0.35,22000,3371900,"S"
"HCM","13:45:04",28.95,0.35,100,3349900,"S"
"HCM","13:44:53",28.95,0.35,100,3349800,"S"
"HCM","13:44:52",28.9,0.3,1000,3349700,"B"
"HCM","13:44:43",28.9,0.3,100,3348700,"B"
"HCM","13:44:35",28.95,0.35,100,3348600,"S"
"HCM","13:44:23",28.9,0.3,10000,3348500,"B"
"HCM","13:44:23",28.95,0.35,100,3338500,"S"
"HCM","13:44:19",28.95,0.35,300,3338400,"S"
"HCM","13:44:06",28.95,0.35,200,3338100,"S"
"HCM","13:44:05",28.95,0.35,100,3337900,"S"
"HCM","13:43:53",28.95,0.35,100,3337800,"S"
"HCM","13:43:48",28.9,0.3,100,3337700,"B"
"HCM","13:43:48",28.95,0.35,500,3337600,"S"
"HCM","13:43:35",28.95,0.35,100,3337100,"S"
"HCM","13:43:33",28.9,0.3,1000,3337000,"B"
"HCM","13:43:23",28.95,0.35,500,3336000,"S"
"HCM","13:43:23",28.95,0.35,100,3335500,"S"
"HCM","13:43:05",28.95,0.35,100,3335400,"S"
"HCM","13:43:03",28.9,0.3,100,3335300,"B"
"HCM","13:42:59",28.95,0.35,300,3335200,"S"
"HCM","13:42:52",28.95,0.35,100,3334900,"S"
"HCM","13:42:36",28.95,0.35,100,3334800,"S"
"HCM","13:42:33",28.9,0.3,500,3334700,"B"
"HCM","13:42:23",28.95,0.35,100,3334200,"S"
"HCM","13:42:17",28.9,0.3,5000,3334100,"B"
"HCM","13:42:13",28.9,0.3,100,3329100,"B"
"HCM","13:42:06",28.95,0.35,100,3329000,"S"
"HCM","13:41:52",28.95,0.35,100,3328900,"S"
"HCM","13:41:37",29,0.4,100,3328800,"S"
"HCM","13:41:26",28.9,0.3,100,3328700,"B"
"HCM","13:41:23",29,0.4,100,3328600,"S"
"HCM","13:41:21",28.95,0.35,300,3328500,"B"
"HCM","13:41:11",29,0.4,100,3328200,"S"
"HCM","13:41:10",28.95,0.35,400,3328100,"S"
"HCM","13:41:07",29,0.4,100,3327700,"S"
"HCM","13:40:52",29,0.4,100,3327600,"S"
"HCM","13:40:46",29,0.4,500,3327500,"S"
"HCM","13:40:43",29,0.4,1000,3327000,"S"
"HCM","13:40:37",29,0.4,100,3326000,"S"
"HCM","13:40:31",28.9,0.3,100,3325900,"B"
"HCM","13:40:23",29,0.4,100,3325800,"S"
"HCM","13:40:18",29,0.4,100,3325700,"S"
"HCM","13:40:10",29,0.4,100,3325600,"S"
"HCM","13:39:53",29,0.4,100,3325500,"S"
"HCM","13:39:49",29,0.4,2000,3325400,"S"
"HCM","13:39:40",29,0.4,100,3323400,"S"
"HCM","13:39:25",28.9,0.3,1000,3323300,"B"
"HCM","13:39:24",28.9,0.3,1300,3322300,"S"
"HCM","13:39:23",28.9,0.3,100,3321000,"S"
"HCM","13:39:18",28.9,0.3,5000,3320900,"S"
"HCM","13:39:17",28.9,0.3,7000,3315900,"S"
"HCM","13:39:10",28.9,0.3,20000,3308900,"S"
"HCM","13:39:10",28.9,0.3,100,3288900,"S"
"HCM","13:39:08",28.9,0.3,10000,3288800,"S"
"HCM","13:39:06",28.9,0.3,300,3278800,"S"
"HCM","13:38:59",28.9,0.3,400,3278500,"S"
"HCM","13:38:57",28.85,0.25,100,3278100,"B"
"HCM","13:38:53",28.9,0.3,100,3278000,"S"
"HCM","13:38:52",28.9,0.3,10000,3277900,"S"
"HCM","13:38:40",28.8,0.2,1000,3267900,"B"
"HCM","13:38:36",28.8,0.2,400,3266900,"B"
"HCM","13:38:23",28.8,0.2,4500,3266500,"B"
"HCM","13:38:14",28.8,0.2,500,3262000,"B"
"HCM","13:38:14",28.85,0.25,500,3261500,"B"
"HCM","13:38:13",28.85,0.25,6500,3261000,"B"
"HCM","13:38:11",28.9,0.3,100,3254500,"S"
"HCM","13:38:10",28.85,0.25,100,3254400,"B"
"HCM","13:37:54",28.9,0.3,100,3254300,"S"
"HCM","13:37:51",28.85,0.25,4300,3254200,"B"
"HCM","13:37:45",28.85,0.25,900,3249900,"S"
"HCM","13:37:42",28.85,0.25,100,3249000,"S"
"HCM","13:37:36",28.85,0.25,500,3248900,"S"
"HCM","13:37:36",28.85,0.25,200,3248400,"S"
"HCM","13:37:34",28.8,0.2,500,3248200,"B"
"HCM","13:37:26",28.8,0.2,100,3247700,"B"
"HCM","13:37:21",28.85,0.25,100,3247600,"S"
"HCM","13:37:11",28.85,0.25,200,3247500,"B"
"HCM","13:37:05",28.85,0.25,6000,3247300,"B"
"HCM","13:36:55",28.85,0.25,1500,3241300,"B"
"HCM","13:36:54",28.9,0.3,100,3239800,"S"
"HCM","13:36:52",28.85,0.25,100,3239700,"B"
"HCM","13:36:48",28.85,0.25,2800,3239600,"B"
"HCM","13:36:44",28.9,0.3,100,3236800,"S"
"HCM","13:36:42",28.85,0.25,1000,3236700,"B"
"HCM","13:36:34",28.85,0.25,100,3235700,"B"
"HCM","13:36:33",28.85,0.25,5700,3235600,"B"
"HCM","13:36:24",28.9,0.3,100,3229900,"S"
"HCM","13:36:15",28.9,0.3,100,3229800,"S"
"HCM","13:35:59",28.85,0.25,100,3229700,"B"
"HCM","13:35:54",28.9,0.3,100,3229600,"S"
"HCM","13:35:51",28.85,0.25,1000,3229500,"B"
"HCM","13:35:49",28.85,0.25,100,3228500,"B"
"HCM","13:35:27",28.9,0.3,100,3228400,"S"
"HCM","13:35:25",28.85,0.25,1000,3228300,"B"
"HCM","13:35:20",28.85,0.25,5600,3227300,"S"
"HCM","13:35:16",28.85,0.25,200,3221700,"S"
"HCM","13:35:16",28.85,0.25,9200,3221500,"B"
"HCM","13:34:53",28.8,0.2,100,3212300,"B"
"HCM","13:34:45",28.9,0.3,200,3212200,"S"
"HCM","13:34:45",28.85,0.25,800,3212000,"S"
"HCM","13:34:44",28.85,0.25,200,3211200,"S"
"HCM","13:34:43",28.85,0.25,5200,3211000,"B"
"HCM","13:34:42",28.85,0.25,1100,3205800,"B"
"HCM","13:34:27",28.9,0.3,100,3204700,"S"
"HCM","13:34:19",28.9,0.3,100,3204600,"S"
"HCM","13:34:02",28.85,0.25,100,3204500,"B"
"HCM","13:33:47",28.85,0.25,800,3204400,"S"
"HCM","13:33:37",28.85,0.25,500,3203600,"S"
"HCM","13:33:36",28.85,0.25,300,3203100,"B"
"HCM","13:33:27",28.9,0.3,100,3202800,"S"
"HCM","13:33:22",28.85,0.25,1200,3202700,"B"
"HCM","13:33:21",28.9,0.3,400,3201500,"S"
"HCM","13:33:20",28.9,0.3,100,3201100,"S"
"HCM","13:33:12",28.85,0.25,100,3201000,"B"
"HCM","13:33:11",28.85,0.25,1000,3200900,"B"
"HCM","13:32:58",28.9,0.3,100,3199900,"S"
"HCM","13:32:54",28.9,0.3,4200,3199800,"S"
"HCM","13:32:54",28.85,0.25,5800,3195600,"S"
"HCM","13:32:53",28.85,0.25,100,3189800,"S"
"HCM","13:32:51",28.85,0.25,100,3189700,"S"
"HCM","13:32:48",28.85,0.25,11300,3189600,"B"
"HCM","13:32:46",28.85,0.25,2500,3178300,"B"
"HCM","13:32:42",28.85,0.25,3900,3175800,"S"
"HCM","13:32:41",28.85,0.25,100,3171900,"S"
"HCM","13:32:41",28.8,0.2,14000,3171800,"B"
"HCM","13:32:38",28.85,0.25,1000,3157800,"S"
"HCM","13:32:35",28.8,0.2,1000,3156800,"B"
"HCM","13:32:32",28.85,0.25,300,3155800,"S"
"HCM","13:32:29",28.85,0.25,2100,3155500,"S"
"HCM","13:32:24",28.8,0.2,100,3153400,"B"
"HCM","13:32:14",28.85,0.25,21800,3153300,"B"
"HCM","13:32:00",28.85,0.25,1000,3131500,"B"
"HCM","13:31:59",28.9,0.3,1000,3130100,"S"
"HCM","13:31:47",28.9,0.3,1000,3129100,"S"
"HCM","13:31:43",28.85,0.25,10000,3128100,"B"
"HCM","13:31:36",28.85,0.25,100,3118100,"B"
"HCM","13:31:29",28.85,0.25,500,3118000,"B"
"HCM","13:31:16",28.85,0.25,500,3117500,"S"
"HCM","13:31:15",28.85,0.25,1000,3117000,"S"
"HCM","13:31:11",28.85,0.25,100,3116000,"S"
"HCM","13:31:02",28.85,0.25,4600,3115900,"B"
"HCM","13:31:00",28.9,0.3,100,3111300,"S"
"HCM","13:30:59",28.85,0.25,1000,3111200,"B"
"HCM","13:30:56",28.9,0.3,100,3110200,"S"
"HCM","13:30:48",28.85,0.25,100,3110100,"B"
"HCM","13:30:36",28.85,0.25,5000,3110000,"B"
"HCM","13:30:33",28.85,0.25,500,3105000,"B"
"HCM","13:30:31",28.9,0.3,300,3104500,"S"
"HCM","13:30:27",28.85,0.25,200,3104200,"B"
"HCM","13:30:25",28.9,0.3,500,3104000,"S"
"HCM","13:30:25",28.85,0.25,3000,3103500,"B"
"HCM","13:30:19",28.9,0.3,2000,3100500,"S"
"HCM","13:30:16",28.85,0.25,2000,3098500,"B"
"HCM","13:30:10",28.9,0.3,2000,3096500,"S"
"HCM","13:30:08",28.9,0.3,2000,3094500,"B"
"HCM","13:30:07",28.9,0.3,20800,3092500,"B"
"HCM","13:30:07",28.95,0.35,12500,3071700,"B"
"HCM","13:30:03",28.95,0.35,100,3059200,"B"
"HCM","13:30:01",29,0.4,100,3059100,"S"
"HCM","13:29:58",29,0.4,100,3059000,"S"
"HCM","13:29:40",28.95,0.35,2300,3058900,"B"
"HCM","13:29:34",28.95,0.35,500,3056600,"S"
"HCM","13:29:33",28.95,0.35,100,3056100,"S"
"HCM","13:29:32",28.95,0.35,1400,3056000,"S"
"HCM","13:29:31",28.95,0.35,1000,3054600,"S"
"HCM","13:29:30",28.95,0.35,100,3053600,"S"
"HCM","13:29:28",28.95,0.35,1900,3053500,"B"
"HCM","13:29:12",28.95,0.35,700,3051600,"S"
"HCM","13:29:12",28.95,0.35,1000,3050900,"S"
"HCM","13:29:08",28.95,0.35,2000,3049900,"S"
"HCM","13:28:49",28.95,0.35,6800,3047900,"B"
"HCM","13:28:46",28.95,0.35,200,3041100,"B"
"HCM","13:28:35",29,0.4,100,3040900,"S"
"HCM","13:28:32",29,0.4,100,3040800,"S"
"HCM","13:28:28",28.95,0.35,100,3040700,"B"
"HCM","13:28:19",29,0.4,200,3040600,"S"
"HCM","13:28:14",29,0.4,5000,3040400,"S"
"HCM","13:28:14",28.95,0.35,3500,3035400,"B"
"HCM","13:28:10",29,0.4,100,3031900,"S"
"HCM","13:28:05",29,0.4,700,3031800,"S"
"HCM","13:28:01",28.95,0.35,4000,3031100,"B"
"HCM","13:28:01",29,0.4,700,3027100,"S"
"HCM","13:27:54",29,0.4,300,3026400,"S"
"HCM","13:27:46",29,0.4,1100,3026100,"S"
"HCM","13:27:41",29,0.4,2600,3025000,"B"
"HCM","13:27:40",29,0.4,100,3022400,"B"
"HCM","13:27:36",29,0.4,5000,3022300,"B"
"HCM","13:27:25",29,0.4,5000,3017300,"B"
"HCM","13:27:18",29,0.4,10000,3012300,"B"
"HCM","13:27:11",29.05,0.45,100,3002300,"S"
"HCM","13:27:08",29.05,0.45,800,3002200,"B"
"HCM","13:27:07",29.1,0.5,100,3001300,"S"
"HCM","13:26:47",29,0.4,100,3001200,"B"
"HCM","13:26:24",29.1,0.5,100,3001100,"S"
"HCM","13:26:24",29,0.4,4900,3001000,"B"
"HCM","13:26:24",29.05,0.45,100,2996100,"B"
"HCM","13:26:22",29,0.4,200,2996000,"B"
"HCM","13:26:21",29,0.4,7600,2995800,"B"
"HCM","13:26:10",29.1,0.5,100,2986000,"S"
"HCM","13:26:08",29.1,0.5,100,2985900,"S"
"HCM","13:25:55",29.05,0.45,100,2985800,"B"
"HCM","13:25:36",29,0.4,5000,2985700,"B"
"HCM","13:25:33",29,0.4,1200,2980700,"S"
"HCM","13:25:32",29,0.4,3300,2979500,"S"
"HCM","13:25:19",29,0.4,1000,2976200,"S"
"HCM","13:25:13",29,0.4,56500,2975200,"B"
"HCM","13:25:13",29.05,0.45,12000,2918700,"B"
"HCM","13:25:13",29.1,0.5,26000,2906700,"B"
"HCM","13:25:10",29.15,0.55,100,2880700,"S"
"HCM","13:25:10",29.15,0.55,1900,2880600,"B"
"HCM","13:25:07",29.15,0.55,1400,2878700,"S"
"HCM","13:25:05",29.15,0.55,100,2877300,"S"
"HCM","13:25:01",29.1,0.5,100,2877200,"B"
"HCM","13:24:57",29.15,0.55,3500,2877100,"B"
"HCM","13:24:44",29.15,0.55,4000,2873600,"S"
"HCM","13:24:15",29.15,0.55,16000,2869600,"B"
"HCM","13:24:13",29.2,0.6,100,2853600,"S"
"HCM","13:24:08",29.15,0.55,100,2853500,"B"
"HCM","13:23:57",29.15,0.55,900,2853400,"B"
"HCM","13:23:44",29.2,0.6,100,2852500,"S"
"HCM","13:23:32",29.2,0.6,300,2852400,"B"
"HCM","13:23:25",29.2,0.6,4300,2852100,"B"
"HCM","13:23:24",29.25,0.65,1300,2847800,"S"
"HCM","13:23:21",29.2,0.6,500,2846500,"B"
"HCM","13:23:14",29.15,0.55,100,2846000,"B"
"HCM","13:23:09",29.2,0.6,100,2845900,"S"
"HCM","13:23:07",29.2,0.6,300,2845800,"S"
"HCM","13:23:04",29.2,0.6,100,2845500,"S"
"HCM","13:22:59",29.2,0.6,500,2845400,"B"
"HCM","13:22:48",29.2,0.6,300,2844900,"B"
"HCM","13:22:22",29.2,0.6,1100,2844600,"B"
"HCM","13:21:56",29.25,0.65,1300,2843500,"B"
"HCM","13:21:50",29.25,0.65,2000,2842200,"B"
"HCM","13:21:47",29.25,0.65,2400,2840200,"B"
"HCM","13:21:46",29.25,0.65,1600,2837800,"B"
"HCM","13:21:44",29.25,0.65,3000,2836200,"B"
"HCM","13:21:29",29.25,0.65,100,2833200,"B"
"HCM","13:21:26",29.3,0.7,100,2833100,"S"
"HCM","13:21:19",29.3,0.7,100,2833000,"S"
"HCM","13:21:14",29.25,0.65,600,2832900,"S"
"HCM","13:21:01",29.2,0.6,1000,2832300,"B"
"HCM","13:20:58",29.25,0.65,300,2831300,"S"
"HCM","13:20:54",29.25,0.65,500,2831000,"S"
"HCM","13:20:46",29.25,0.65,200,2830500,"B"
"HCM","13:20:34",29.25,0.65,100,2830300,"B"
"HCM","13:20:32",29.3,0.7,1700,2830200,"S"
"HCM","13:20:26",29.3,0.7,5000,2828500,"S"
"HCM","13:20:22",29.3,0.7,100,2823500,"S"
"HCM","13:20:21",29.3,0.7,100,2823400,"S"
"HCM","13:20:21",29.2,0.6,1000,2823300,"B"
"HCM","13:20:21",29.25,0.65,4000,2822300,"B"
"HCM","13:20:16",29.3,0.7,100,2818300,"S"
"HCM","13:20:14",29.3,0.7,3000,2818200,"S"
"HCM","13:20:10",29.3,0.7,100,2815200,"S"
"HCM","13:20:05",29.3,0.7,1000,2815100,"S"
"HCM","13:20:00",29.3,0.7,100,2814100,"S"
"HCM","13:19:58",29.25,0.65,1000,2814000,"B"
"HCM","13:19:55",29.25,0.65,2100,2813000,"S"
"HCM","13:19:53",29.25,0.65,100,2810900,"S"
"HCM","13:19:45",29.2,0.6,300,2810800,"S"
"HCM","13:19:43",29.2,0.6,1700,2810500,"S"
"HCM","13:19:42",29.2,0.6,2000,2808800,"S"
"HCM","13:19:41",29.15,0.55,100,2806800,"B"
"HCM","13:19:40",29.2,0.6,24500,2806700,"S"
"HCM","13:19:32",29.2,0.6,100,2782200,"S"
"HCM","13:19:29",29.15,0.55,2400,2782100,"B"
"HCM","13:19:27",29.2,0.6,300,2779700,"S"
"HCM","13:19:24",29.2,0.6,100,2779400,"S"
"HCM","13:19:16",29.15,0.55,100,2779300,"B"
"HCM","13:19:04",29.15,0.55,25400,2779200,"S"
"HCM","13:18:56",29.15,0.55,100,2753800,"S"
"HCM","13:18:55",29.1,0.5,100,2753700,"B"
"HCM","13:18:53",29.1,0.5,23100,2753600,"S"
"HCM","13:18:36",29.1,0.5,100,2730500,"S"
"HCM","13:18:35",29.1,0.5,200,2730400,"S"
"HCM","13:18:27",29.1,0.5,100,2730200,"S"
"HCM","13:18:23",29.05,0.45,5000,2730100,"B"
"HCM","13:18:07",29.1,0.5,100,2725100,"S"
"HCM","13:18:06",29.05,0.45,100,2725000,"B"
"HCM","13:18:01",29.1,0.5,100,2724900,"S"
"HCM","13:17:58",29.1,0.5,100,2724800,"S"
"HCM","13:17:43",29.05,0.45,1000,2724700,"B"
"HCM","13:17:43",29.1,0.5,1400,2723700,"S"
"HCM","13:17:39",29.1,0.5,100,2722300,"S"
"HCM","13:17:29",29.1,0.5,100,2722200,"S"
"HCM","13:17:17",29.05,0.45,100,2722100,"B"
"HCM","13:17:12",29.05,0.45,10000,2722000,"B"
"HCM","13:17:07",29.05,0.45,13800,2712000,"S"
"HCM","13:17:03",29,0.4,100,2698200,"B"
"HCM","13:17:02",29.05,0.45,100,2698100,"S"
"HCM","13:16:52",29,0.4,100,2698000,"S"
"HCM","13:16:51",29,0.4,900,2697900,"S"
"HCM","13:16:45",29,0.4,25200,2697000,"B"
"HCM","13:16:44",29.05,0.45,100,2671800,"S"
"HCM","13:16:43",29,0.4,1100,2671700,"B"
"HCM","13:16:34",29,0.4,1900,2670600,"S"
"HCM","13:16:30",28.95,0.35,100,2668700,"B"
"HCM","13:16:26",28.95,0.35,1800,2668600,"B"
"HCM","13:16:08",29,0.4,8100,2666800,"B"
"HCM","13:16:06",29.05,0.45,100,2658700,"S"
"HCM","13:16:04",29.05,0.45,100,2658600,"S"
"HCM","13:16:02",29,0.4,20000,2658500,"B"
"HCM","13:15:57",29,0.4,500,2638500,"B"
"HCM","13:15:51",29,0.4,1200,2638000,"B"
"HCM","13:15:48",29.05,0.45,100,2636800,"S"
"HCM","13:15:45",29,0.4,10000,2636700,"B"
"HCM","13:15:44",29,0.4,100,2626700,"B"
"HCM","13:15:35",29,0.4,1000,2626600,"B"
"HCM","13:15:35",29.05,0.45,100,2625600,"S"
"HCM","13:15:20",29.05,0.45,100,2625500,"S"
"HCM","13:15:10",29.05,0.45,600,2625400,"S"
"HCM","13:15:07",29.05,0.45,100,2624800,"S"
"HCM","13:15:01",29.05,0.45,200,2624700,"S"
"HCM","13:15:00",29,0.4,100,2624500,"B"
"HCM","13:14:59",29.05,0.45,1000,2624400,"S"
"HCM","13:14:58",29.05,0.45,200,2623400,"S"
"HCM","13:14:56",29.05,0.45,200,2623200,"S"
"HCM","13:14:53",29.05,0.45,12000,2623000,"S"
"HCM","13:14:52",29.05,0.45,100,2611000,"S"
"HCM","13:14:46",29.05,0.45,3000,2610900,"S"
"HCM","13:14:44",29.05,0.45,1500,2607900,"S"
"HCM","13:14:37",29.05,0.45,100,2606400,"S"
"HCM","13:14:33",29.05,0.45,100,2606300,"S"
"HCM","13:14:30",29,0.4,2000,2606200,"B"
"HCM","13:14:23",29.05,0.45,100,2604200,"S"
"HCM","13:14:16",29.05,0.45,30000,2604100,"S"
"HCM","13:14:09",29.05,0.45,100,2574100,"S"
"HCM","13:14:07",29,0.4,100,2574000,"B"
"HCM","13:14:01",29,0.4,700,2573900,"B"
"HCM","13:14:00",29,0.4,2000,2573200,"B"
"HCM","13:13:55",29.05,0.45,100,2571200,"S"
"HCM","13:13:54",29,0.4,100,2571100,"B"
"HCM","13:13:54",29,0.4,100,2571000,"B"
"HCM","13:13:41",29.05,0.45,300,2570900,"S"
"HCM","13:13:27",29.05,0.45,100,2570600,"S"
"HCM","13:13:25",29.05,0.45,1000,2570500,"S"
"HCM","13:13:24",29,0.4,100,2569500,"B"
"HCM","13:13:19",29.05,0.45,3600,2569400,"B"
"HCM","13:13:13",29.05,0.45,1000,2565800,"S"
"HCM","13:13:06",29.05,0.45,2700,2564800,"S"
"HCM","13:13:01",29.05,0.45,500,2562100,"S"
"HCM","13:12:54",29.05,0.45,1500,2561600,"S"
"HCM","13:12:39",29.05,0.45,200,2560100,"S"
"HCM","13:12:31",29.05,0.45,100,2559900,"S"
"HCM","13:12:30",29.05,0.45,5500,2559800,"B"
"HCM","13:12:16",29.1,0.5,100,2554300,"S"
"HCM","13:12:03",29.1,0.5,100,2554200,"S"
"HCM","13:11:53",29.1,0.5,100,2554100,"S"
"HCM","13:11:50",29.05,0.45,100,2554000,"B"
"HCM","13:11:49",29.05,0.45,1400,2553900,"S"
"HCM","13:11:48",29.05,0.45,100,2552500,"S"
"HCM","13:11:44",29.05,0.45,100,2552200,"S"
"HCM","13:11:36",29.05,0.45,100,2552100,"S"
"HCM","13:11:34",29.05,0.45,100,2552000,"S"
"HCM","13:11:33",29.05,0.45,100,2551900,"S"
"HCM","13:11:29",29.05,0.45,100,2551800,"S"
"HCM","13:11:28",29.05,0.45,800,2551700,"S"
"HCM","13:11:23",29.05,0.45,100,2550900,"S"
"HCM","13:11:20",29.05,0.45,100,2550800,"S"
"HCM","13:11:12",29.05,0.45,1100,2550700,"S"
"HCM","13:11:03",29,0.4,100,2549600,"B"
"HCM","13:10:55",29.05,0.45,700,2549500,"S"
"HCM","13:10:49",29.05,0.45,2000,2548800,"S"
"HCM","13:10:48",29.05,0.45,1000,2546800,"B"
"HCM","13:10:41",29.05,0.45,5000,2545800,"B"
"HCM","13:10:40",29.1,0.5,100,2540800,"S"
"HCM","13:10:36",29.1,0.5,100,2540700,"S"
"HCM","13:10:23",29.1,0.5,100,2540600,"S"
"HCM","13:10:19",29.1,0.5,700,2540500,"S"
"HCM","13:10:17",29.05,0.45,100,2539800,"B"
"HCM","13:10:16",29.1,0.5,100,2539700,"S"
"HCM","13:10:12",29.1,0.5,100,2539600,"S"
"HCM","13:10:05",29.1,0.5,500,2539500,"S"
"HCM","13:10:04",29.1,0.5,300,2539000,"S"
"HCM","13:10:01",29.1,0.5,1800,2538700,"S"
"HCM","13:09:57",29.1,0.5,200,2536900,"S"
"HCM","13:09:56",29.1,0.5,2800,2536700,"S"
"HCM","13:09:54",29.1,0.5,1400,2533900,"S"
"HCM","13:09:54",29.1,0.5,100,2532500,"S"
"HCM","13:09:44",29.1,0.5,100,2532400,"S"
"HCM","13:09:40",29.1,0.5,1000,2532300,"S"
"HCM","13:09:27",29.05,0.45,100,2531300,"B"
"HCM","13:09:26",29.1,0.5,100,2531200,"S"
"HCM","13:09:24",29.1,0.5,1000,2531100,"S"
"HCM","13:09:18",29.05,0.45,4800,2530100,"S"
"HCM","13:09:16",29.05,0.45,100,2525300,"S"
"HCM","13:09:14",29.05,0.45,5000,2525200,"S"
"HCM","13:08:58",29.05,0.45,100,2520200,"S"
"HCM","13:08:51",29.05,0.45,100,2520100,"S"
"HCM","13:08:50",29,0.4,1000,2520000,"B"
"HCM","13:08:49",29.05,0.45,100,2519000,"S"
"HCM","13:08:48",29.05,0.45,9200,2518900,"S"
"HCM","13:08:43",29,0.4,100,2509700,"B"
"HCM","13:08:36",29.05,0.45,4000,2509600,"S"
"HCM","13:08:34",29.05,0.45,100,2505600,"S"
"HCM","13:08:30",29.05,0.45,100,2505500,"S"
"HCM","13:08:21",29.05,0.45,100,2505400,"S"
"HCM","13:08:20",29,0.4,10000,2505300,"B"
"HCM","13:08:17",29.05,0.45,200,2495300,"S"
"HCM","13:08:04",29,0.4,500,2495100,"S"
"HCM","13:08:01",29,0.4,100,2494600,"S"
"HCM","13:07:56",28.95,0.35,300,2494500,"B"
"HCM","13:07:55",28.95,0.35,100,2494200,"B"
"HCM","13:07:55",29,0.4,10000,2494100,"S"
"HCM","13:07:54",28.95,0.35,100,2484100,"B"
"HCM","13:07:53",29,0.4,100,2484000,"S"
"HCM","13:07:52",29,0.4,1000,2483900,"S"
"HCM","13:07:51",29,0.4,400,2482900,"S"
"HCM","13:07:47",29,0.4,100,2482500,"S"
"HCM","13:07:46",29,0.4,1000,2482400,"S"
"HCM","13:07:45",29,0.4,3000,2481400,"S"
"HCM","13:07:43",29,0.4,10000,2478400,"S"
"HCM","13:07:42",29,0.4,700,2468400,"S"
"HCM","13:07:40",29,0.4,100,2467700,"S"
"HCM","13:07:39",29,0.4,10000,2467600,"S"
"HCM","13:07:37",29,0.4,2000,2457600,"S"
"HCM","13:07:33",29,0.4,100,2455600,"S"
"HCM","13:07:25",29,0.4,100,2455500,"S"
"HCM","13:07:23",29,0.4,2000,2455400,"S"
"HCM","13:07:10",29,0.4,100,2453400,"S"
"HCM","13:07:10",28.95,0.35,100,2453300,"B"
"HCM","13:07:05",29,0.4,100,2453200,"S"
"HCM","13:07:02",29,0.4,300,2453100,"S"
"HCM","13:06:58",29,0.4,100,2452800,"S"
"HCM","13:06:53",28.95,0.35,700,2452700,"S"
"HCM","13:06:26",28.95,0.35,300,2452000,"S"
"HCM","13:06:25",28.95,0.35,2000,2451700,"S"
"HCM","13:06:22",28.95,0.35,300,2449700,"S"
"HCM","13:06:20",28.95,0.35,1700,2449400,"B"
"HCM","13:06:19",28.95,0.35,100,2447700,"B"
"HCM","13:06:08",29,0.4,100,2447600,"S"
"HCM","13:05:56",28.95,0.35,1000,2447500,"B"
"HCM","13:05:49",28.95,0.35,1000,2446500,"B"
"HCM","13:05:39",28.95,0.35,1000,2445500,"B"
"HCM","13:05:35",28.95,0.35,100,2444500,"B"
"HCM","13:05:28",29,0.4,59400,2444400,"B"
"HCM","13:05:27",29.05,0.45,10300,2385000,"S"
"HCM","13:05:12",29.05,0.45,100,2374700,"S"
"HCM","13:05:07",29.05,0.45,100,2374600,"S"
"HCM","13:05:01",29,0.4,500,2374500,"B"
"HCM","13:05:00",29,0.4,10900,2374000,"S"
"HCM","13:04:59",29,0.4,200,2363100,"S"
"HCM","13:04:57",29,0.4,8500,2362900,"S"
"HCM","13:04:44",29,0.4,100,2354400,"S"
"HCM","13:04:40",29,0.4,100,2354300,"S"
"HCM","13:04:40",28.9,0.3,100,2354200,"B"
"HCM","13:04:22",28.95,0.35,200,2354100,"S"
"HCM","13:04:22",28.9,0.3,200,2353900,"B"
"HCM","13:04:21",28.9,0.3,500,2353700,"B"
"HCM","13:04:05",28.9,0.3,2000,2353200,"B"
"HCM","13:04:02",28.95,0.35,1600,2351200,"S"
"HCM","13:03:57",28.9,0.3,5000,2349600,"B"
"HCM","13:03:51",28.95,0.35,200,2344600,"S"
"HCM","13:03:48",28.95,0.35,100,2344400,"S"
"HCM","13:03:45",28.95,0.35,100,2344300,"S"
"HCM","13:03:44",28.9,0.3,100,2344200,"B"
"HCM","13:03:38",28.95,0.35,200,2344100,"S"
"HCM","13:03:29",28.9,0.3,600,2343900,"B"
"HCM","13:03:28",28.95,0.35,2000,2343300,"S"
"HCM","13:03:19",28.95,0.35,100,2341300,"S"
"HCM","13:02:55",29,0.4,11700,2341200,"S"
"HCM","13:02:55",28.95,0.35,300,2329500,"S"
"HCM","13:02:55",28.9,0.3,1000,2329200,"B"
"HCM","13:02:50",28.95,0.35,100,2328200,"S"
"HCM","13:02:49",28.95,0.35,600,2328100,"B"
"HCM","13:02:23",29,0.4,100,2327500,"S"
"HCM","13:02:23",29,0.4,100,2327400,"S"
"HCM","13:01:56",29,0.4,100,2327300,"S"
"HCM","13:01:55",29,0.4,100,2327200,"S"
"HCM","13:01:31",29,0.4,500,2327100,"S"
"HCM","13:01:25",28.95,0.35,100,2326600,"B"
"HCM","13:01:12",29,0.4,1200,2326500,"B"
"HCM","13:01:11",29,0.4,3600,2325300,"B"
"HCM","13:00:43",29,0.4,5000,2321700,"B"
"HCM","13:00:33",29.05,0.45,1000,2316700,"S"
"HCM","13:00:33",29,0.4,200,2315700,"B"
"HCM","13:00:32",29,0.4,1100,2315500,"B"
"HCM","13:00:32",29.05,0.45,8900,2314400,"B"
"HCM","13:00:26",29.05,0.45,1000,2305500,"B"
"HCM","13:00:25",29.05,0.45,500,2304500,"B"
"HCM","13:00:19",29.05,0.45,5000,2304000,"B"
"HCM","13:00:17",29.05,0.45,100,2299000,"B"
"HCM","13:00:16",29.05,0.45,1000,2298900,"B"
"HCM","13:00:16",29.05,0.45,1000,2297900,"B"
"HCM","13:00:15",29.05,0.45,200,2296900,"B"
"HCM","13:00:11",29.05,0.45,500,2296700,"B"
"HCM","13:00:10",29.05,0.45,200,2296200,"B"
"HCM","13:00:09",29.05,0.45,100,2296000,"B"
"HCM","13:00:09",29.05,0.45,100,2295900,"B"
"HCM","13:00:08",29.05,0.45,400,2295800,"B"
"HCM","13:00:07",29.05,0.45,200,2295400,"B"
"HCM","13:00:06",29.05,0.45,500,2295200,"B"
"HCM","13:00:04",29.05,0.45,1800,2294700,"S"
"HCM","13:00:04",29,0.4,1000,2292900,"B"
"HCM","13:00:03",29,0.4,200,2291900,"B"
"HCM","13:00:03",29.05,0.45,600,2291700,"S"
"HCM","11:29:52",29.05,0.45,5000,2291100,"S"
"HCM","11:29:33",29.05,0.45,3500,2286100,"S"
"HCM","11:29:32",29.05,0.45,500,2282600,"S"
"HCM","11:29:30",29.05,0.45,10300,2282100,"B"
"HCM","11:29:25",29.1,0.5,10600,2271800,"S"
"HCM","11:29:25",29.1,0.5,7400,2261200,"S"
"HCM","11:29:24",29.05,0.45,1000,2253800,"B"
"HCM","11:29:24",29.05,0.45,2500,2252800,"B"
"HCM","11:29:13",29.05,0.45,100,2250300,"B"
"HCM","11:29:11",29.05,0.45,3000,2250200,"B"
"HCM","11:29:07",29.05,0.45,100,2247200,"B"
"HCM","11:28:59",29.05,0.45,100,2247100,"B"
"HCM","11:28:56",29.1,0.5,5000,2247000,"S"
"HCM","11:28:48",29.05,0.45,300,2242000,"B"
"HCM","11:28:30",29.1,0.5,100,2241700,"S"
"HCM","11:28:28",29.1,0.5,200,2241600,"S"
"HCM","11:28:26",29.1,0.5,100,2241400,"S"
"HCM","11:28:24",29.05,0.45,400,2241300,"B"
"HCM","11:28:19",29.05,0.45,100,2240900,"B"
"HCM","11:28:06",29.1,0.5,100,2240800,"S"
"HCM","11:27:54",29.05,0.45,4400,2240700,"S"
"HCM","11:27:51",29,0.4,1000,2236300,"B"
"HCM","11:27:46",29.05,0.45,20000,2235300,"S"
"HCM","11:27:41",29.05,0.45,500,2215300,"S"
"HCM","11:27:29",29.05,0.45,100,2214800,"S"
"HCM","11:27:25",29,0.4,100,2214700,"B"
"HCM","11:27:14",29.05,0.45,3000,2214600,"S"
"HCM","11:27:11",29.05,0.45,100,2211600,"S"
"HCM","11:27:06",29,0.4,14500,2211500,"S"
"HCM","11:27:04",29,0.4,36400,2197000,"S"
"HCM","11:27:03",28.95,0.35,1500,2160600,"B"
"HCM","11:26:59",29,0.4,100,2159100,"S"
"HCM","11:26:52",29,0.4,3600,2159000,"S"
"HCM","11:26:51",29,0.4,600,2155400,"S"
"HCM","11:26:31",29,0.4,100,2154800,"S"
"HCM","11:26:29",28.95,0.35,600,2154700,"B"
"HCM","11:26:15",28.95,0.35,2000,2154100,"B"
"HCM","11:26:05",28.95,0.35,200,2152100,"B"
"HCM","11:25:55",28.95,0.35,11100,2151900,"S"
"HCM","11:25:49",28.9,0.3,34000,2140800,"S"
"HCM","11:25:45",28.85,0.25,100,2106800,"B"
"HCM","11:25:35",28.85,0.25,13600,2106700,"S"
"HCM","11:25:31",28.85,0.25,3000,2093100,"S"
"HCM","11:25:24",28.85,0.25,1000,2090100,"S"
"HCM","11:25:20",28.85,0.25,21700,2089100,"S"
"HCM","11:25:20",28.8,0.2,8300,2067400,"S"
"HCM","11:25:18",28.8,0.2,100,2059100,"S"
"HCM","11:25:18",28.8,0.2,10400,2059000,"B"
"HCM","11:25:17",28.85,0.25,100,2048600,"S"
"HCM","11:25:06",28.8,0.2,500,2048500,"B"
"HCM","11:25:00",28.8,0.2,100,2048000,"B"
"HCM","11:24:11",28.8,0.2,2500,2047900,"S"
"HCM","11:23:53",28.8,0.2,500,2045400,"S"
"HCM","11:23:49",28.8,0.2,7000,2044900,"B"
"HCM","11:23:39",28.85,0.25,100,2037900,"S"
"HCM","11:23:29",28.8,0.2,100,2037800,"B"
"HCM","11:23:25",28.85,0.25,100,2037700,"S"
"HCM","11:22:41",28.8,0.2,100,2037600,"B"
"HCM","11:22:40",28.85,0.25,100,2037500,"S"
"HCM","11:22:29",28.85,0.25,100,2037400,"S"
"HCM","11:22:25",28.8,0.2,100,2037300,"B"
"HCM","11:21:53",28.75,0.15,100,2037200,"B"
"HCM","11:21:44",28.85,0.25,100,2037100,"S"
"HCM","11:21:43",28.85,0.25,100,2037000,"S"
"HCM","11:21:37",28.8,0.2,6700,2036900,"S"
"HCM","11:21:34",28.8,0.2,100,2030200,"S"
"HCM","11:21:32",28.8,0.2,100,2030100,"S"
"HCM","11:21:19",28.8,0.2,200,2030000,"S"
"HCM","11:21:11",28.8,0.2,500,2029800,"S"
"HCM","11:21:08",28.75,0.15,100,2029300,"B"
"HCM","11:20:45",28.8,0.2,100,2029200,"S"
"HCM","11:20:37",28.8,0.2,100,2029100,"S"
"HCM","11:20:25",28.75,0.15,100,2029000,"B"
"HCM","11:20:19",28.8,0.2,200,2028900,"S"
"HCM","11:20:15",28.8,0.2,200,2028700,"S"
"HCM","11:20:15",28.8,0.2,1000,2028500,"S"
"HCM","11:19:54",28.8,0.2,7000,2027500,"S"
"HCM","11:19:49",28.8,0.2,100,2020500,"S"
"HCM","11:19:40",28.8,0.2,100,2020400,"S"
"HCM","11:19:39",28.75,0.15,100,2020300,"B"
"HCM","11:19:33",28.8,0.2,200,2020200,"S"
"HCM","11:19:29",28.8,0.2,100,2020000,"S"
"HCM","11:19:11",28.8,0.2,200,2019900,"S"
"HCM","11:18:59",28.8,0.2,5000,2019700,"S"
"HCM","11:18:55",28.75,0.15,100,2014700,"B"
"HCM","11:18:51",28.8,0.2,100,2014600,"S"
"HCM","11:18:44",28.8,0.2,100,2014500,"S"
"HCM","11:18:38",28.8,0.2,800,2014400,"S"
"HCM","11:18:24",28.8,0.2,100,2013600,"S"
"HCM","11:18:19",28.8,0.2,2000,2013500,"S"
"HCM","11:18:13",28.8,0.2,1000,2011500,"S"
"HCM","11:17:54",28.8,0.2,100,2010500,"S"
"HCM","11:17:47",28.8,0.2,100,2010400,"S"
"HCM","11:17:24",28.75,0.15,100,2010300,"B"
"HCM","11:17:14",28.8,0.2,500,2010200,"S"
"HCM","11:17:02",28.8,0.2,100,2009700,"S"
"HCM","11:16:38",28.75,0.15,100,2009600,"B"
"HCM","11:16:30",28.8,0.2,1000,2009500,"S"
"HCM","11:16:23",28.8,0.2,100,2008500,"S"
"HCM","11:16:00",28.8,0.2,2300,2008400,"B"
"HCM","11:16:00",28.85,0.25,100,2006100,"S"
"HCM","11:15:56",28.85,0.25,100,2006000,"S"
"HCM","11:15:53",28.8,0.2,100,2005900,"B"
"HCM","11:15:30",28.8,0.2,10000,2005800,"B"
"HCM","11:15:27",28.8,0.2,20000,1995800,"B"
"HCM","11:15:08",28.8,0.2,100,1975800,"B"
"HCM","11:15:02",28.85,0.25,100,1975700,"S"
"HCM","11:15:00",28.85,0.25,100,1975600,"S"
"HCM","11:14:21",28.8,0.2,100,1975500,"B"
"HCM","11:14:05",28.85,0.25,100,1975400,"S"
"HCM","11:14:04",28.85,0.25,100,1975300,"S"
"HCM","11:13:37",28.8,0.2,3000,1975200,"B"
"HCM","11:13:36",28.8,0.2,100,1972200,"B"
"HCM","11:13:32",28.85,0.25,100,1972100,"S"
"HCM","11:13:17",28.8,0.2,500,1972000,"B"
"HCM","11:13:08",28.85,0.25,100,1971500,"S"
"HCM","11:13:07",28.85,0.25,100,1971400,"S"
"HCM","11:12:48",28.85,0.25,100,1971300,"S"
"HCM","11:12:42",28.85,0.25,1000,1971200,"S"
"HCM","11:12:19",28.8,0.2,1000,1970200,"B"
"HCM","11:12:13",28.85,0.25,100,1969200,"S"
"HCM","11:12:10",28.85,0.25,100,1969100,"S"
"HCM","11:12:06",28.8,0.2,100,1969000,"B"
"HCM","11:11:58",28.8,0.2,2000,1968900,"S"
"HCM","11:11:55",28.8,0.2,3000,1966900,"S"
"HCM","11:11:44",28.8,0.2,6300,1963900,"S"
"HCM","11:11:38",28.8,0.2,1000,1957600,"S"
"HCM","11:11:35",28.8,0.2,20000,1956600,"S"
"HCM","11:11:33",28.75,0.15,3500,1936600,"B"
"HCM","11:11:28",28.8,0.2,1000,1933100,"S"
"HCM","11:11:18",28.75,0.15,100,1932100,"B"
"HCM","11:11:16",28.8,0.2,100,1932000,"S"
"HCM","11:11:13",28.8,0.2,100,1931900,"S"
"HCM","11:10:53",28.75,0.15,2900,1931800,"S"
"HCM","11:10:51",28.75,0.15,2000,1928900,"S"
"HCM","11:10:48",28.75,0.15,100,1926900,"S"
"HCM","11:10:43",28.75,0.15,1000,1926800,"S"
"HCM","11:10:38",28.75,0.15,2000,1925800,"S"
"HCM","11:10:36",28.7,0.1,100,1923800,"B"
"HCM","11:10:34",28.7,0.1,100,1923700,"B"
"HCM","11:10:23",28.75,0.15,1000,1923600,"S"
"HCM","11:10:20",28.75,0.15,100,1922600,"S"
"HCM","11:10:17",28.75,0.15,500,1922500,"S"
"HCM","11:10:16",28.75,0.15,100,1922000,"S"
"HCM","11:10:08",28.75,0.15,1000,1921900,"S"
"HCM","11:10:03",28.7,0.1,2000,1920900,"B"
"HCM","11:10:02",28.75,0.15,200,1918900,"S"
"HCM","11:09:53",28.75,0.15,200,1918700,"S"
"HCM","11:09:49",28.75,0.15,300,1918500,"S"
"HCM","11:09:48",28.75,0.15,100,1918200,"S"
"HCM","11:09:48",28.7,0.1,100,1918100,"B"
"HCM","11:09:36",28.75,0.15,200,1918000,"S"
"HCM","11:09:24",28.75,0.15,100,1917800,"S"
"HCM","11:09:23",28.75,0.15,2000,1917700,"S"
"HCM","11:09:19",28.75,0.15,100,1915700,"S"
"HCM","11:09:05",28.7,0.1,100,1915600,"B"
"HCM","11:08:28",28.75,0.15,100,1915500,"S"
"HCM","11:08:23",28.75,0.15,100,1915400,"S"
"HCM","11:08:21",28.7,0.1,100,1915300,"B"
"HCM","11:08:08",28.75,0.15,100,1915200,"S"
"HCM","11:07:34",28.7,0.1,100,1915100,"B"
"HCM","11:07:32",28.75,0.15,100,1915000,"S"
"HCM","11:07:25",28.75,0.15,1000,1914900,"S"
"HCM","11:07:24",28.75,0.15,100,1913900,"S"
"HCM","11:07:08",28.75,0.15,100,1913800,"S"
"HCM","11:06:58",28.75,0.15,500,1913700,"S"
"HCM","11:06:48",28.7,0.1,100,1913200,"B"
"HCM","11:06:45",28.75,0.15,1000,1913100,"S"
"HCM","11:06:37",28.75,0.15,100,1912100,"S"
"HCM","11:06:26",28.7,0.1,600,1912000,"B"
"HCM","11:06:25",28.7,0.1,900,1911400,"B"
"HCM","11:05:59",28.7,0.1,1000,1910500,"B"
"HCM","11:05:52",28.75,0.15,200,1909500,"S"
"HCM","11:05:51",28.7,0.1,6500,1909300,"B"
"HCM","11:05:50",28.7,0.1,2500,1902800,"B"
"HCM","11:05:44",28.75,0.15,600,1900300,"S"
"HCM","11:05:40",28.75,0.15,100,1899700,"S"
"HCM","11:05:29",28.75,0.15,1000,1899600,"S"
"HCM","11:05:14",28.7,0.1,400,1898600,"B"
"HCM","11:05:11",28.7,0.1,100,1898200,"B"
"HCM","11:04:51",28.7,0.1,200,1898100,"B"
"HCM","11:04:45",28.75,0.15,100,1897900,"S"
"HCM","11:04:27",28.7,0.1,100,1897800,"B"
"HCM","11:04:21",28.75,0.15,500,1897700,"S"
"HCM","11:04:16",28.7,0.1,15600,1897200,"B"
"HCM","11:04:09",28.75,0.15,10000,1881600,"S"
"HCM","11:03:49",28.75,0.15,100,1871600,"S"
"HCM","11:03:36",28.7,0.1,100,1871500,"B"
"HCM","11:03:22",28.75,0.15,100,1871400,"S"
"HCM","11:03:03",28.75,0.15,200,1871300,"S"
"HCM","11:02:54",28.75,0.15,100,1871100,"S"
"HCM","11:02:50",28.7,0.1,100,1871000,"B"
"HCM","11:02:27",28.7,0.1,1000,1870900,"B"
"HCM","11:02:14",28.7,0.1,1000,1869900,"B"
"HCM","11:02:03",28.7,0.1,100,1868900,"B"
"HCM","11:01:59",28.75,0.15,100,1868800,"S"
"HCM","11:01:58",28.75,0.15,100,1868700,"S"
"HCM","11:01:55",28.75,0.15,3000,1868600,"S"
"HCM","11:01:36",28.75,0.15,400,1865600,"S"
"HCM","11:01:29",28.75,0.15,100,1865200,"S"
"HCM","11:01:28",28.75,0.15,3000,1865100,"S"
"HCM","11:01:19",28.7,0.1,100,1862100,"B"
"HCM","11:01:15",28.75,0.15,3000,1862000,"S"
"HCM","11:01:02",28.75,0.15,100,1859000,"S"
"HCM","11:00:42",28.75,0.15,500,1858900,"S"
"HCM","11:00:41",28.7,0.1,300,1858400,"B"
"HCM","10:59:52",28.7,0.1,100,1858100,"B"
"HCM","10:59:41",28.75,0.15,21000,1858000,"B"
"HCM","10:59:31",28.75,0.15,300,1837000,"B"
"HCM","10:59:29",28.8,0.2,1000,1836700,"S"
"HCM","10:59:13",28.75,0.15,4000,1835700,"B"
"HCM","10:59:11",28.8,0.2,100,1831700,"S"
"HCM","10:59:07",28.75,0.15,100,1831600,"B"
"HCM","10:58:20",28.75,0.15,100,1831500,"B"
"HCM","10:58:16",28.8,0.2,100,1831400,"S"
"HCM","10:58:15",28.8,0.2,1700,1831300,"S"
"HCM","10:57:49",28.8,0.2,1000,1829600,"S"
"HCM","10:57:36",28.75,0.15,100,1828600,"B"
"HCM","10:57:03",28.8,0.2,17700,1828500,"B"
"HCM","10:57:02",28.8,0.2,200,1810800,"B"
"HCM","10:56:52",28.8,0.2,1100,1810600,"B"
"HCM","10:56:29",28.85,0.25,500,1809500,"S"
"HCM","10:56:25",28.85,0.25,100,1809000,"S"
"HCM","10:56:07",28.8,0.2,100,1808900,"B"
"HCM","10:55:29",28.85,0.25,100,1808800,"S"
"HCM","10:55:26",28.8,0.2,300,1808700,"B"
"HCM","10:54:39",28.85,0.25,100,1808400,"S"
"HCM","10:54:35",28.8,0.2,100,1808300,"B"
"HCM","10:54:35",28.85,0.25,100,1808200,"S"
"HCM","10:54:05",28.8,0.2,100,1808100,"B"
"HCM","10:53:52",28.8,0.2,100,1808000,"B"
"HCM","10:53:47",28.85,0.25,500,1807900,"S"
"HCM","10:53:40",28.85,0.25,100,1807400,"S"
"HCM","10:53:39",28.8,0.2,100,1807300,"B"
"HCM","10:53:06",28.8,0.2,100,1807200,"B"
"HCM","10:52:44",28.85,0.25,100,1807100,"S"
"HCM","10:52:22",28.8,0.2,100,1807000,"B"
"HCM","10:52:13",28.8,0.2,1000,1806900,"B"
"HCM","10:52:11",28.8,0.2,500,1805900,"S"
"HCM","10:52:11",28.8,0.2,1000,1805400,"S"
"HCM","10:52:09",28.8,0.2,1000,1804400,"S"
"HCM","10:52:08",28.8,0.2,300,1803400,"S"
"HCM","10:51:48",28.8,0.2,100,1803100,"S"
"HCM","10:51:38",28.75,0.15,100,1803000,"B"
"HCM","10:51:37",28.8,0.2,800,1802900,"S"
"HCM","10:51:36",28.8,0.2,200,1802100,"S"
"HCM","10:51:03",28.75,0.15,500,1801900,"B"
"HCM","10:50:53",28.8,0.2,100,1801400,"S"
"HCM","10:50:50",28.75,0.15,100,1801300,"B"
"HCM","10:50:03",28.75,0.15,100,1801200,"B"
"HCM","10:49:58",28.8,0.2,100,1801100,"S"
"HCM","10:49:22",28.8,0.2,100,1801000,"S"
"HCM","10:49:03",28.8,0.2,100,1800900,"S"
"HCM","10:48:52",28.75,0.15,500,1800800,"B"
"HCM","10:48:27",28.75,0.15,100,1800300,"B"
"HCM","10:48:23",28.8,0.2,100,1800200,"S"
"HCM","10:48:16",28.75,0.15,10000,1800100,"B"
"HCM","10:48:11",28.75,0.15,1000,1790100,"B"
"HCM","10:48:07",28.8,0.2,100,1789100,"S"
"HCM","10:47:40",28.75,0.15,100,1789000,"B"
"HCM","10:47:12",28.8,0.2,100,1788900,"S"
"HCM","10:46:56",28.75,0.15,100,1788800,"B"
"HCM","10:46:13",28.75,0.15,100,1788700,"B"
"HCM","10:46:12",28.8,0.2,26300,1788600,"B"
"HCM","10:45:29",28.8,0.2,100,1762300,"B"
"HCM","10:45:22",28.85,0.25,100,1762200,"S"
"HCM","10:44:43",28.8,0.2,100,1762100,"B"
"HCM","10:44:27",28.85,0.25,100,1762000,"S"
"HCM","10:44:13",28.8,0.2,1600,1761900,"B"
"HCM","10:43:32",28.85,0.25,100,1760300,"S"
"HCM","10:43:14",28.8,0.2,100,1760200,"B"
"HCM","10:43:02",28.8,0.2,10000,1760100,"B"
"HCM","10:42:57",28.8,0.2,600,1750100,"B"
"HCM","10:42:43",28.8,0.2,500,1749500,"B"
"HCM","10:42:29",28.8,0.2,100,1749000,"B"
"HCM","10:42:12",28.85,0.25,100,1748900,"S"
"HCM","10:42:11",28.85,0.25,11300,1748800,"B"
"HCM","10:42:08",28.85,0.25,1500,1737500,"B"
"HCM","10:41:47",28.85,0.25,1500,1736000,"B"
"HCM","10:41:42",28.85,0.25,10000,1734500,"B"
"HCM","10:41:42",28.9,0.3,100,1724500,"S"
"HCM","10:41:41",28.85,0.25,100,1724400,"B"
"HCM","10:41:36",28.85,0.25,10000,1724300,"B"
"HCM","10:41:33",28.85,0.25,4400,1714300,"B"
"HCM","10:41:22",28.85,0.25,1000,1709900,"B"
"HCM","10:41:20",28.85,0.25,15000,1708900,"B"
"HCM","10:40:55",28.85,0.25,100,1693900,"B"
"HCM","10:40:46",28.9,0.3,100,1693800,"S"
"HCM","10:40:39",28.9,0.3,500,1693700,"S"
"HCM","10:40:25",28.9,0.3,7100,1693200,"S"
"HCM","10:40:14",28.9,0.3,300,1686100,"S"
"HCM","10:40:08",28.85,0.25,100,1685800,"B"
"HCM","10:40:07",28.9,0.3,500,1685700,"S"
"HCM","10:40:02",28.9,0.3,10000,1685200,"S"
"HCM","10:39:51",28.9,0.3,100,1675200,"S"
"HCM","10:39:24",28.9,0.3,400,1675100,"S"
"HCM","10:39:23",28.85,0.25,100,1674700,"B"
"HCM","10:38:57",28.9,0.3,100,1674600,"S"
"HCM","10:38:38",28.85,0.25,100,1674500,"B"
"HCM","10:38:15",28.9,0.3,300,1674400,"S"
"HCM","10:38:04",28.9,0.3,1100,1674100,"S"
"HCM","10:38:01",28.9,0.3,100,1673000,"S"
"HCM","10:37:19",28.9,0.3,500,1672900,"S"
"HCM","10:37:07",28.9,0.3,5100,1672400,"S"
"HCM","10:37:06",28.85,0.25,100,1667300,"B"
"HCM","10:37:01",28.9,0.3,2000,1667200,"S"
"HCM","10:36:53",28.9,0.3,2000,1665200,"S"
"HCM","10:36:19",28.9,0.3,100,1663200,"S"
"HCM","10:36:12",28.9,0.3,100,1663100,"S"
"HCM","10:35:30",28.85,0.25,200,1662900,"B"
"HCM","10:35:17",28.9,0.3,100,1662700,"S"
"HCM","10:35:13",28.85,0.25,500,1662600,"B"
"HCM","10:34:43",28.85,0.25,100,1662100,"B"
"HCM","10:34:36",28.9,0.3,1000,1662000,"S"
"HCM","10:34:22",28.9,0.3,100,1661000,"S"
"HCM","10:34:12",28.85,0.25,1100,1660900,"B"
"HCM","10:34:03",28.85,0.25,10000,1659800,"B"
"HCM","10:33:56",28.85,0.25,100,1649800,"B"
"HCM","10:33:50",28.9,0.3,1000,1649700,"S"
"HCM","10:33:27",28.9,0.3,100,1648700,"S"
"HCM","10:33:06",28.85,0.25,100,1648600,"B"
"HCM","10:32:37",28.9,0.3,900,1648500,"S"
"HCM","10:32:33",28.9,0.3,100,1647600,"S"
"HCM","10:32:27",28.85,0.25,1500,1647500,"B"
"HCM","10:32:22",28.9,0.3,100,1646000,"S"
"HCM","10:32:19",28.85,0.25,100,1645900,"B"
"HCM","10:32:18",28.9,0.3,2000,1645800,"S"
"HCM","10:32:17",28.9,0.3,3000,1643800,"S"
"HCM","10:32:08",28.9,0.3,2000,1640800,"S"
"HCM","10:32:05",28.9,0.3,1000,1638800,"S"
"HCM","10:32:03",28.9,0.3,500,1637800,"S"
"HCM","10:31:53",28.9,0.3,500,1637300,"S"
"HCM","10:31:47",28.9,0.3,500,1636800,"S"
"HCM","10:31:46",28.9,0.3,5000,1636300,"S"
"HCM","10:31:40",28.9,0.3,5000,1631300,"S"
"HCM","10:31:38",28.9,0.3,100,1626300,"S"
"HCM","10:31:36",28.85,0.25,100,1626200,"B"
"HCM","10:31:30",28.9,0.3,100,1626100,"S"
"HCM","10:31:28",28.9,0.3,1500,1626000,"S"
"HCM","10:31:14",28.9,0.3,5000,1624500,"S"
"HCM","10:31:11",28.9,0.3,100,1619500,"S"
"HCM","10:31:07",28.9,0.3,1000,1619400,"S"
"HCM","10:31:06",28.85,0.25,3000,1618400,"B"
"HCM","10:31:04",28.9,0.3,500,1615400,"S"
"HCM","10:31:02",28.9,0.3,2000,1614900,"S"
"HCM","10:31:00",28.9,0.3,5000,1612900,"S"
"HCM","10:31:00",28.9,0.3,1500,1607900,"S"
"HCM","10:30:58",28.9,0.3,500,1606400,"S"
"HCM","10:30:57",28.9,0.3,2000,1605900,"S"
"HCM","10:30:43",28.9,0.3,100,1603900,"S"
"HCM","10:30:29",28.85,0.25,1700,1603800,"B"
"HCM","10:30:25",28.85,0.25,100,1602100,"B"
"HCM","10:30:08",28.85,0.25,100,1602000,"B"
"HCM","10:29:56",28.9,0.3,2500,1601900,"S"
"HCM","10:29:51",28.9,0.3,500,1599400,"S"
"HCM","10:29:47",28.9,0.3,200,1598900,"S"
"HCM","10:29:44",28.9,0.3,500,1598700,"S"
"HCM","10:29:38",28.9,0.3,3300,1598200,"B"
"HCM","10:29:24",28.9,0.3,100,1594900,"B"
"HCM","10:29:16",28.95,0.35,10000,1594800,"S"
"HCM","10:29:03",28.9,0.3,2000,1584800,"B"
"HCM","10:28:54",28.95,0.35,100,1582800,"S"
"HCM","10:28:40",28.9,0.3,100,1582700,"B"
"HCM","10:28:30",28.9,0.3,1800,1582600,"S"
"HCM","10:28:28",28.9,0.3,1900,1580800,"S"
"HCM","10:28:25",28.9,0.3,7000,1578900,"S"
"HCM","10:28:23",28.9,0.3,100,1571900,"S"
"HCM","10:28:06",28.9,0.3,500,1571800,"S"
"HCM","10:27:59",28.9,0.3,100,1571300,"S"
"HCM","10:27:56",28.9,0.3,5000,1571200,"S"
"HCM","10:27:48",28.85,0.25,100,1566200,"B"
"HCM","10:27:38",28.9,0.3,100,1566100,"S"
"HCM","10:27:37",28.9,0.3,1500,1566000,"S"
"HCM","10:27:16",28.9,0.3,1500,1564500,"S"
"HCM","10:27:04",28.9,0.3,100,1563000,"S"
"HCM","10:27:04",28.85,0.25,100,1562900,"B"
"HCM","10:26:41",28.9,0.3,100,1562800,"S"
"HCM","10:26:26",28.9,0.3,300,1562700,"S"
"HCM","10:26:20",28.85,0.25,100,1562400,"B"
"HCM","10:26:07",28.9,0.3,4500,1562300,"B"
"HCM","10:26:07",28.9,0.3,40700,1557800,"B"
"HCM","10:25:46",28.95,0.35,500,1517100,"S"
"HCM","10:25:45",28.95,0.35,500,1516600,"S"
"HCM","10:25:40",28.95,0.35,7400,1516100,"S"
"HCM","10:25:34",28.95,0.35,2000,1508700,"S"
"HCM","10:25:31",28.9,0.3,100,1506700,"B"
"HCM","10:25:24",28.95,0.35,500,1506600,"S"
"HCM","10:25:15",28.95,0.35,100,1506100,"S"
"HCM","10:25:04",28.95,0.35,5000,1506000,"S"
"HCM","10:24:54",28.9,0.3,100,1501000,"B"
"HCM","10:24:40",28.9,0.3,100,1500900,"B"
"HCM","10:24:34",28.9,0.3,47100,1500800,"S"
"HCM","10:24:27",28.9,0.3,400,1453700,"S"
"HCM","10:24:26",28.9,0.3,500,1453300,"S"
"HCM","10:24:20",28.9,0.3,100,1452800,"S"
"HCM","10:24:17",28.85,0.25,100,1452700,"B"
"HCM","10:23:58",28.85,0.25,100,1452600,"B"
"HCM","10:23:52",28.9,0.3,500,1452500,"S"
"HCM","10:23:37",28.85,0.25,5600,1452000,"S"
"HCM","10:23:37",28.85,0.25,9000,1446400,"S"
"HCM","10:23:31",28.8,0.2,4000,1437400,"B"
"HCM","10:23:27",28.8,0.2,19600,1433400,"S"
"HCM","10:23:26",28.8,0.2,3100,1413800,"S"
"HCM","10:23:12",28.75,0.15,100,1410700,"B"
"HCM","10:23:10",28.75,0.15,500,1410600,"S"
"HCM","10:23:08",28.75,0.15,100,1410100,"S"
"HCM","10:23:04",28.75,0.15,1000,1410000,"S"
"HCM","10:22:58",28.7,0.1,14900,1409000,"S"
"HCM","10:22:57",28.7,0.1,5500,1394100,"S"
"HCM","10:22:55",28.7,0.1,14000,1388600,"S"
"HCM","10:22:52",28.65,0.05,5000,1374600,"B"
"HCM","10:22:44",28.7,0.1,500,1369600,"S"
"HCM","10:22:39",28.65,0.05,2000,1369100,"B"
"HCM","10:22:31",28.7,0.1,1100,1367100,"S"
"HCM","10:22:27",28.65,0.05,100,1366000,"B"
"HCM","10:22:19",28.7,0.1,500,1365900,"S"
"HCM","10:22:13",28.7,0.1,1000,1365400,"S"
"HCM","10:22:10",28.7,0.1,300,1364400,"S"
"HCM","10:22:06",28.7,0.1,100,1364100,"S"
"HCM","10:21:56",28.65,0.05,700,1364000,"B"
"HCM","10:21:54",28.65,0.05,1000,1363300,"B"
"HCM","10:21:45",28.7,0.1,1000,1362300,"S"
"HCM","10:21:35",28.65,0.05,100,1361300,"B"
"HCM","10:21:30",28.7,0.1,100,1361200,"S"
"HCM","10:21:04",28.7,0.1,1200,1361100,"B"
"HCM","10:21:03",28.75,0.15,500,1359900,"S"
"HCM","10:20:58",28.7,0.1,5000,1359400,"B"
"HCM","10:20:52",28.75,0.15,200,1354400,"S"
"HCM","10:20:51",28.75,0.15,100,1354200,"S"
"HCM","10:20:49",28.7,0.1,3000,1354100,"B"
"HCM","10:20:48",28.7,0.1,100,1351100,"B"
"HCM","10:20:46",28.7,0.1,3000,1351000,"B"
"HCM","10:20:42",28.75,0.15,100,1348000,"S"
"HCM","10:20:41",28.75,0.15,100,1347900,"S"
"HCM","10:20:40",28.7,0.1,10000,1347800,"B"
"HCM","10:20:39",28.7,0.1,3000,1337800,"B"
"HCM","10:20:34",28.7,0.1,300,1334800,"B"
"HCM","10:20:26",28.75,0.15,600,1334500,"S"
"HCM","10:20:23",28.7,0.1,1000,1333900,"B"
"HCM","10:20:13",28.75,0.15,10000,1332900,"S"
"HCM","10:20:02",28.7,0.1,100,1322900,"B"
"HCM","10:19:48",28.75,0.15,100,1322800,"S"
"HCM","10:19:41",28.75,0.15,3600,1322700,"B"
"HCM","10:19:38",28.75,0.15,3000,1319100,"B"
"HCM","10:19:21",28.75,0.15,2300,1316100,"S"
"HCM","10:19:19",28.7,0.1,1000,1313800,"B"
"HCM","10:19:19",28.75,0.15,100,1312800,"S"
"HCM","10:19:12",28.7,0.1,100,1312700,"B"
"HCM","10:19:09",28.75,0.15,1800,1312600,"S"
"HCM","10:19:00",28.7,0.1,1000,1310800,"B"
"HCM","10:18:53",28.75,0.15,100,1309800,"S"
"HCM","10:18:38",28.7,0.1,700,1309700,"B"
"HCM","10:18:37",28.75,0.15,1000,1309000,"S"
"HCM","10:18:34",28.7,0.1,3000,1308000,"B"
"HCM","10:18:25",28.7,0.1,100,1305000,"B"
"HCM","10:18:22",28.75,0.15,2000,1304900,"S"
"HCM","10:17:59",28.75,0.15,100,1302900,"S"
"HCM","10:17:44",28.7,0.1,5000,1302800,"B"
"HCM","10:17:41",28.7,0.1,100,1297800,"B"
"HCM","10:17:17",28.7,0.1,3000,1297700,"B"
"HCM","10:16:57",28.7,0.1,100,1294700,"B"
"HCM","10:16:53",28.7,0.1,100,1294600,"B"
"HCM","10:16:41",28.75,0.15,9200,1294500,"B"
"HCM","10:16:36",28.75,0.15,9000,1285300,"B"
"HCM","10:16:24",28.75,0.15,9800,1276300,"B"
"HCM","10:16:14",28.8,0.2,4800,1266500,"B"
"HCM","10:16:10",28.85,0.25,100,1261700,"S"
"HCM","10:16:00",28.8,0.2,100,1261600,"B"
"HCM","10:15:54",28.8,0.2,6300,1261500,"S"
"HCM","10:15:49",28.8,0.2,100,1255200,"S"
"HCM","10:15:41",28.8,0.2,10000,1255100,"S"
"HCM","10:15:02",28.8,0.2,500,1245100,"S"
"HCM","10:14:58",28.8,0.2,100,1244600,"S"
"HCM","10:14:52",28.8,0.2,13700,1244500,"B"
"HCM","10:14:26",28.8,0.2,100,1230800,"B"
"HCM","10:14:21",28.85,0.25,100,1230700,"S"
"HCM","10:14:16",28.8,0.2,10000,1230600,"B"
"HCM","10:14:11",28.85,0.25,1000,1220600,"S"
"HCM","10:14:01",28.8,0.2,5000,1219600,"B"
"HCM","10:13:48",28.8,0.2,300,1214600,"B"
"HCM","10:13:45",28.8,0.2,200,1214300,"B"
"HCM","10:13:32",28.8,0.2,100,1214100,"B"
"HCM","10:13:28",28.85,0.25,100,1214000,"S"
"HCM","10:12:55",28.8,0.2,10000,1213900,"B"
"HCM","10:12:49",28.85,0.25,800,1203900,"S"
"HCM","10:12:46",28.8,0.2,100,1203100,"B"
"HCM","10:12:41",28.8,0.2,1000,1203000,"B"
"HCM","10:12:41",28.85,0.25,100,1202000,"S"
"HCM","10:12:33",28.85,0.25,100,1201900,"S"
"HCM","10:12:11",28.85,0.25,1000,1201800,"S"
"HCM","10:11:57",28.8,0.2,100,1200800,"B"
"HCM","10:11:49",28.85,0.25,100,1200700,"S"
"HCM","10:11:14",28.8,0.2,100,1200600,"B"
"HCM","10:11:13",28.85,0.25,100,1200500,"S"
"HCM","10:11:00",28.85,0.25,800,1200400,"S"
"HCM","10:10:56",28.85,0.25,7900,1199600,"B"
"HCM","10:10:48",28.85,0.25,1500,1191700,"B"
"HCM","10:10:45",28.9,0.3,100,1190200,"S"
"HCM","10:10:43",28.85,0.25,700,1190100,"S"
"HCM","10:10:40",28.85,0.25,100,1189400,"S"
"HCM","10:10:39",28.85,0.25,200,1189300,"B"
"HCM","10:10:32",28.85,0.25,900,1189100,"S"
"HCM","10:10:29",28.85,0.25,500,1188200,"S"
"HCM","10:10:21",28.8,0.2,100,1187700,"B"
"HCM","10:10:07",28.85,0.25,200,1187600,"S"
"HCM","10:10:01",28.85,0.25,100,1187400,"S"
"HCM","10:09:58",28.85,0.25,200,1187300,"S"
"HCM","10:09:50",28.85,0.25,100,1187100,"S"
"HCM","10:09:48",28.8,0.2,400,1187000,"B"
"HCM","10:09:35",28.8,0.2,100,1186600,"B"
"HCM","10:09:35",28.85,0.25,1000,1186500,"S"
"HCM","10:08:52",28.85,0.25,1000,1185500,"S"
"HCM","10:08:48",28.8,0.2,100,1184500,"B"
"HCM","10:08:15",28.85,0.25,3600,1184400,"B"
"HCM","10:08:09",28.85,0.25,10000,1180800,"B"
"HCM","10:08:04",28.85,0.25,100,1170800,"B"
"HCM","10:08:02",28.9,0.3,100,1170700,"S"
"HCM","10:07:36",28.85,0.25,200,1170600,"B"
"HCM","10:07:08",28.9,0.3,100,1170400,"S"
"HCM","10:06:32",28.85,0.25,100,1170300,"B"
"HCM","10:06:13",28.9,0.3,100,1170200,"S"
"HCM","10:06:08",28.9,0.3,100,1170100,"S"
"HCM","10:05:56",28.9,0.3,500,1170000,"S"
"HCM","10:05:50",28.9,0.3,100,1169500,"S"
"HCM","10:05:49",28.9,0.3,100,1169400,"S"
"HCM","10:05:45",28.85,0.25,100,1169300,"B"
"HCM","10:05:36",28.9,0.3,500,1169200,"S"
"HCM","10:05:20",28.9,0.3,100,1168700,"S"
"HCM","10:05:10",28.85,0.25,800,1168600,"B"
"HCM","10:04:58",28.85,0.25,100,1167800,"B"
"HCM","10:04:23",28.85,0.25,200,1167700,"B"
"HCM","10:04:14",28.85,0.25,100,1167500,"B"
"HCM","10:04:02",28.85,0.25,800,1167400,"B"
"HCM","10:03:29",28.85,0.25,100,1166600,"B"
"HCM","10:03:23",28.85,0.25,2300,1166500,"S"
"HCM","10:03:23",28.85,0.25,100,1164200,"S"
"HCM","10:03:20",28.85,0.25,300,1164100,"S"
"HCM","10:03:10",28.85,0.25,500,1163800,"S"
"HCM","10:03:06",28.85,0.25,500,1163300,"S"
"HCM","10:03:00",28.85,0.25,1000,1162800,"S"
"HCM","10:02:59",28.85,0.25,800,1161800,"S"
"HCM","10:02:46",28.85,0.25,16500,1161000,"B"
"HCM","10:02:44",28.9,0.3,100,1144500,"S"
"HCM","10:02:42",28.85,0.25,1400,1144400,"B"
"HCM","10:02:41",28.85,0.25,28600,1143000,"B"
"HCM","10:02:38",28.9,0.3,100,1114400,"S"
"HCM","10:02:30",28.9,0.3,100,1114300,"S"
"HCM","10:01:43",28.9,0.3,100,1114200,"S"
"HCM","10:01:36",28.9,0.3,1000,1114100,"S"
"HCM","10:01:31",28.9,0.3,1000,1113100,"S"
"HCM","10:01:25",28.9,0.3,100,1112100,"S"
"HCM","10:00:49",28.9,0.3,100,1112000,"S"
"HCM","10:00:48",28.85,0.25,8000,1111900,"B"
"HCM","10:00:42",28.85,0.25,5000,1103900,"B"
"HCM","10:00:29",28.9,0.3,500,1098900,"S"
"HCM","10:00:07",28.9,0.3,4500,1098400,"S"
"HCM","09:59:56",28.9,0.3,100,1093900,"S"
"HCM","09:59:45",28.9,0.3,100,1093800,"S"
"HCM","09:59:19",28.9,0.3,5000,1093700,"S"
"HCM","09:59:14",28.9,0.3,200,1088700,"S"
"HCM","09:59:01",28.9,0.3,100,1088500,"S"
"HCM","09:58:58",28.9,0.3,100,1088400,"S"
"HCM","09:58:54",28.9,0.3,5000,1088300,"S"
"HCM","09:58:51",28.9,0.3,4000,1083300,"S"
"HCM","09:58:39",28.9,0.3,100,1079300,"S"
"HCM","09:58:07",28.9,0.3,100,1079200,"S"
"HCM","09:58:01",28.85,0.25,100,1079100,"B"
"HCM","09:57:28",28.85,0.25,400,1079000,"B"
"HCM","09:57:07",28.9,0.3,500,1078600,"S"
"HCM","09:57:04",28.9,0.3,500,1078100,"S"
"HCM","09:56:52",28.9,0.3,1000,1077600,"S"
"HCM","09:56:25",28.85,0.25,100,1076600,"B"
"HCM","09:56:21",28.9,0.3,100,1076500,"S"
"HCM","09:56:19",28.9,0.3,4900,1076400,"B"
"HCM","09:56:19",28.95,0.35,100,1071500,"S"
"HCM","09:56:03",28.9,0.3,3000,1071400,"B"
"HCM","09:55:54",28.9,0.3,1000,1068400,"B"
"HCM","09:55:53",28.9,0.3,5000,1067400,"B"
"HCM","09:55:30",28.95,0.35,200,1062400,"S"
"HCM","09:55:25",28.95,0.35,100,1062200,"S"
"HCM","09:55:18",28.9,0.3,10000,1062100,"B"
"HCM","09:55:10",28.95,0.35,200,1052100,"S"
"HCM","09:54:55",28.95,0.35,100,1051900,"S"
"HCM","09:54:50",28.9,0.3,10000,1051800,"B"
"HCM","09:54:29",28.9,0.3,9800,1041800,"B"
"HCM","09:54:29",28.95,0.35,900,1032000,"B"
"HCM","09:54:14",28.95,0.35,10000,1031100,"B"
"HCM","09:53:58",29,0.4,500,1021100,"S"
"HCM","09:53:37",29,0.4,100,1020600,"S"
"HCM","09:53:27",28.95,0.35,10000,1020500,"B"
"HCM","09:53:05",28.95,0.35,200,1010500,"B"
"HCM","09:52:44",29,0.4,100,1010300,"S"
"HCM","09:52:37",29,0.4,100,1010200,"S"
"HCM","09:52:20",29,0.4,100,1010100,"S"
"HCM","09:52:03",29,0.4,400,1010000,"S"
"HCM","09:51:23",29,0.4,3000,1009600,"S"
"HCM","09:51:19",28.95,0.35,500,1006600,"B"
"HCM","09:51:16",29,0.4,100,1006100,"S"
"HCM","09:51:13",28.95,0.35,200,1006000,"B"
"HCM","09:50:56",29,0.4,100,1005800,"S"
"HCM","09:50:40",28.95,0.35,11500,1005700,"S"
"HCM","09:50:24",28.95,0.35,3500,994200,"S"
"HCM","09:50:17",28.95,0.35,100,990700,"S"
"HCM","09:50:06",28.95,0.35,500,990600,"S"
"HCM","09:50:02",28.95,0.35,100,990100,"S"
"HCM","09:50:02",28.95,0.35,100,990000,"S"
"HCM","09:49:59",28.95,0.35,200,989900,"S"
"HCM","09:49:55",28.95,0.35,15000,989700,"S"
"HCM","09:49:39",28.95,0.35,3000,974700,"S"
"HCM","09:49:38",28.95,0.35,100,971700,"S"
"HCM","09:49:30",28.95,0.35,5000,971600,"S"
"HCM","09:49:10",28.95,0.35,100,966600,"S"
"HCM","09:49:05",28.95,0.35,200,966500,"S"
"HCM","09:49:01",28.95,0.35,1000,966300,"S"
"HCM","09:48:35",28.95,0.35,8300,965300,"S"
"HCM","09:48:22",28.9,0.3,800,957000,"B"
"HCM","09:48:15",28.95,0.35,100,956200,"S"
"HCM","09:47:27",28.9,0.3,500,956100,"B"
"HCM","09:47:21",28.95,0.35,100,955600,"S"
"HCM","09:47:19",28.95,0.35,500,955500,"S"
"HCM","09:47:13",28.95,0.35,300,955000,"S"
"HCM","09:46:59",28.9,0.3,10000,954700,"B"
"HCM","09:46:47",28.95,0.35,500,944700,"S"
"HCM","09:46:34",28.95,0.35,200,944200,"S"
"HCM","09:46:29",28.95,0.35,100,944000,"S"
"HCM","09:45:49",28.95,0.35,1000,943900,"S"
"HCM","09:45:46",28.9,0.3,500,942900,"B"
"HCM","09:45:40",28.9,0.3,900,942400,"S"
"HCM","09:45:38",28.9,0.3,4000,941500,"S"
"HCM","09:45:37",28.9,0.3,100,937500,"S"
"HCM","09:45:36",28.9,0.3,2000,937400,"S"
"HCM","09:45:34",28.9,0.3,100,935400,"S"
"HCM","09:45:33",28.9,0.3,5300,935300,"S"
"HCM","09:45:31",28.9,0.3,100,930000,"S"
"HCM","09:45:23",28.9,0.3,200,929900,"S"
"HCM","09:45:17",28.9,0.3,10200,929700,"S"
"HCM","09:45:16",28.9,0.3,100,919500,"S"
"HCM","09:45:15",28.9,0.3,1000,919400,"S"
"HCM","09:45:09",28.9,0.3,2000,918400,"S"
"HCM","09:45:08",28.9,0.3,1000,916400,"S"
"HCM","09:45:06",28.9,0.3,5000,915400,"S"
"HCM","09:45:04",28.9,0.3,1000,910400,"S"
"HCM","09:45:02",28.9,0.3,10000,909400,"S"
"HCM","09:45:01",28.9,0.3,500,899400,"S"
"HCM","09:45:00",28.9,0.3,300,898900,"S"
"HCM","09:44:57",28.9,0.3,1000,898600,"S"
"HCM","09:44:50",28.9,0.3,300,897600,"S"
"HCM","09:44:40",28.9,0.3,100,897300,"S"
"HCM","09:44:27",28.9,0.3,200,897200,"S"
"HCM","09:44:19",28.9,0.3,100,897000,"S"
"HCM","09:44:04",28.9,0.3,100,896900,"S"
"HCM","09:44:02",28.9,0.3,500,896800,"S"
"HCM","09:43:49",28.9,0.3,100,896300,"S"
"HCM","09:43:37",28.9,0.3,100,896200,"S"
"HCM","09:43:15",28.9,0.3,200,896100,"S"
"HCM","09:43:13",28.85,0.25,400,895900,"B"
"HCM","09:43:13",28.85,0.25,100,895500,"B"
"HCM","09:43:04",28.9,0.3,100,895400,"S"
"HCM","09:42:50",28.85,0.25,200,895300,"B"
"HCM","09:42:49",28.9,0.3,100,895100,"S"
"HCM","09:42:31",28.9,0.3,4000,895000,"S"
"HCM","09:42:30",28.9,0.3,200,891000,"S"
"HCM","09:42:14",28.85,0.25,500,890800,"B"
"HCM","09:42:13",28.9,0.3,3000,890300,"S"
"HCM","09:41:46",28.9,0.3,100,887300,"S"
"HCM","09:41:20",28.9,0.3,3500,887200,"S"
"HCM","09:41:02",28.9,0.3,100,883700,"S"
"HCM","09:40:57",28.9,0.3,5000,883600,"S"
"HCM","09:40:42",28.85,0.25,200,878600,"B"
"HCM","09:40:35",28.9,0.3,3500,878400,"B"
"HCM","09:40:30",28.9,0.3,5000,874900,"B"
"HCM","09:40:26",28.9,0.3,1000,869900,"B"
"HCM","09:39:58",28.9,0.3,5200,868900,"S"
"HCM","09:39:57",28.9,0.3,200,863700,"S"
"HCM","09:39:52",28.9,0.3,500,863500,"S"
"HCM","09:39:33",28.9,0.3,2000,863000,"S"
"HCM","09:39:32",28.9,0.3,1000,861000,"S"
"HCM","09:39:28",28.9,0.3,1400,860000,"B"
"HCM","09:39:27",28.9,0.3,300,858600,"B"
"HCM","09:39:26",28.9,0.3,3300,858300,"S"
"HCM","09:39:06",28.9,0.3,13000,855000,"S"
"HCM","09:39:05",28.9,0.3,4700,842000,"B"
"HCM","09:39:01",28.9,0.3,9300,837300,"B"
"HCM","09:38:13",28.9,0.3,1000,828000,"B"
"HCM","09:38:03",28.9,0.3,500,827000,"B"
"HCM","09:37:48",28.9,0.3,1000,826500,"B"
"HCM","09:37:37",28.9,0.3,1000,825500,"B"
"HCM","09:37:27",28.9,0.3,100,824500,"B"
"HCM","09:37:13",28.9,0.3,1000,824400,"B"
"HCM","09:36:27",28.9,0.3,1000,823400,"B"
"HCM","09:36:25",28.9,0.3,9700,822400,"B"
"HCM","09:35:46",28.9,0.3,100,812700,"B"
"HCM","09:35:01",28.95,0.35,1500,812600,"B"
"HCM","09:35:00",28.95,0.35,100,811100,"B"
"HCM","09:34:59",28.95,0.35,2300,811000,"B"
"HCM","09:34:57",28.95,0.35,200,808700,"B"
"HCM","09:34:55",28.95,0.35,700,808500,"B"
"HCM","09:34:26",28.95,0.35,100,807800,"B"
"HCM","09:34:14",28.95,0.35,8000,807700,"B"
"HCM","09:34:13",29,0.4,100,799700,"S"
"HCM","09:34:13",29,0.4,100,799600,"S"
"HCM","09:34:12",28.95,0.35,3000,799500,"B"
"HCM","09:34:11",29,0.4,3000,796500,"S"
"HCM","09:33:51",29,0.4,1200,793500,"S"
"HCM","09:33:24",29,0.4,1000,792300,"S"
"HCM","09:33:23",29,0.4,200,791300,"S"
"HCM","09:33:09",29,0.4,100,791100,"S"
"HCM","09:33:08",29,0.4,1000,791000,"S"
"HCM","09:32:51",29,0.4,1000,790000,"S"
"HCM","09:32:41",29,0.4,100,789000,"S"
"HCM","09:32:28",28.95,0.35,100,788900,"B"
"HCM","09:32:25",29,0.4,200,788800,"S"
"HCM","09:32:19",29,0.4,2000,788600,"S"
"HCM","09:32:04",29.05,0.45,500,786600,"S"
"HCM","09:31:49",29.05,0.45,1000,786100,"S"
"HCM","09:31:46",29.05,0.45,9200,785100,"S"
"HCM","09:31:46",29,0.4,800,775900,"S"
"HCM","09:31:31",29,0.4,100,775100,"B"
"HCM","09:31:29",29,0.4,2000,775000,"B"
"HCM","09:31:25",29,0.4,5000,773000,"B"
"HCM","09:31:23",29,0.4,5000,768000,"B"
"HCM","09:30:52",29,0.4,300,763000,"B"
"HCM","09:30:50",29.1,0.5,900,762700,"S"
"HCM","09:30:50",29.05,0.45,200,761800,"S"
"HCM","09:30:49",29.05,0.45,300,761600,"B"
"HCM","09:30:47",29.05,0.45,3000,761300,"B"
"HCM","09:30:35",29.05,0.45,100,758300,"B"
"HCM","09:30:33",29.1,0.5,500,758200,"S"
"HCM","09:30:28",29.1,0.5,700,757700,"B"
"HCM","09:30:23",29.1,0.5,19300,757000,"S"
"HCM","09:30:17",29.1,0.5,1000,737700,"S"
"HCM","09:30:15",29.05,0.45,1000,736700,"B"
"HCM","09:30:09",29.05,0.45,3000,735700,"B"
"HCM","09:30:04",29.05,0.45,7000,732700,"B"
"HCM","09:29:52",29.1,0.5,1000,725700,"S"
"HCM","09:29:47",29.1,0.5,100,724700,"S"
"HCM","09:29:36",29.1,0.5,7800,724600,"S"
"HCM","09:29:30",29.1,0.5,100,716800,"S"
"HCM","09:29:18",29.1,0.5,100,716700,"S"
"HCM","09:29:03",29.1,0.5,100,716600,"S"
"HCM","09:28:54",29.05,0.45,1500,716500,"S"
"HCM","09:28:49",29.05,0.45,3000,715000,"S"
"HCM","09:28:30",29.05,0.45,200,712000,"S"
"HCM","09:28:28",29,0.4,8100,711800,"S"
"HCM","09:28:26",29,0.4,3000,703700,"S"
"HCM","09:28:25",29,0.4,1000,700700,"S"
"HCM","09:28:24",29,0.4,100,699700,"S"
"HCM","09:28:20",29,0.4,300,699600,"S"
"HCM","09:28:20",29,0.4,100,699300,"S"
"HCM","09:28:19",29,0.4,5000,699200,"S"
"HCM","09:28:18",29,0.4,800,694200,"S"
"HCM","09:28:13",29,0.4,1700,693400,"S"
"HCM","09:28:12",29,0.4,600,691700,"S"
"HCM","09:28:08",29,0.4,1000,691100,"S"
"HCM","09:28:06",29,0.4,600,690100,"S"
"HCM","09:27:58",29,0.4,3900,689500,"S"
"HCM","09:27:58",29,0.4,2000,685600,"S"
"HCM","09:27:57",29,0.4,2000,683600,"S"
"HCM","09:27:53",29,0.4,100,681600,"S"
"HCM","09:27:43",29,0.4,1500,681500,"S"
"HCM","09:27:41",29,0.4,200,680000,"S"
"HCM","09:27:38",29,0.4,13300,679800,"S"
"HCM","09:27:26",28.95,0.35,100,666500,"B"
"HCM","09:26:35",28.95,0.35,8800,666400,"S"
"HCM","09:26:14",28.9,0.3,100,657600,"B"
"HCM","09:26:08",28.85,0.25,2000,657500,"B"
"HCM","09:26:08",28.9,0.3,1000,655500,"B"
"HCM","09:26:07",29,0.4,400,654500,"S"
"HCM","09:26:07",28.95,0.35,5500,654100,"S"
"HCM","09:26:07",28.9,0.3,4100,648600,"S"
"HCM","09:26:05",28.85,0.25,500,644500,"B"
"HCM","09:26:03",28.85,0.25,300,644000,"B"
"HCM","09:26:01",28.9,0.3,400,643700,"S"
"HCM","09:25:54",28.9,0.3,200,643300,"S"
"HCM","09:25:49",28.9,0.3,500,643100,"S"
"HCM","09:25:45",28.9,0.3,500,642600,"S"
"HCM","09:25:44",28.85,0.25,1000,642100,"B"
"HCM","09:25:42",28.9,0.3,10000,641100,"S"
"HCM","09:25:41",28.9,0.3,1000,631100,"S"
"HCM","09:25:39",28.9,0.3,500,630100,"S"
"HCM","09:25:38",28.9,0.3,100,629600,"S"
"HCM","09:25:37",28.85,0.25,100,629500,"B"
"HCM","09:25:29",28.9,0.3,100,629400,"S"
"HCM","09:25:28",28.9,0.3,5200,629300,"S"
"HCM","09:25:18",28.9,0.3,200,624100,"S"
"HCM","09:25:09",28.85,0.25,2200,623900,"S"
"HCM","09:25:08",28.85,0.25,2000,621700,"S"
"HCM","09:25:07",28.85,0.25,200,619700,"S"
"HCM","09:24:58",28.85,0.25,20000,619500,"S"
"HCM","09:24:39",28.8,0.2,500,599500,"B"
"HCM","09:24:36",28.8,0.2,2000,599000,"B"
"HCM","09:24:36",28.8,0.2,4500,597000,"S"
"HCM","09:24:33",28.8,0.2,500,592500,"S"
"HCM","09:24:32",28.8,0.2,3900,592000,"S"
"HCM","09:24:28",28.8,0.2,100,588100,"S"
"HCM","09:24:15",28.75,0.15,5400,588000,"S"
"HCM","09:24:04",28.7,0.1,19700,582600,"S"
"HCM","09:24:02",28.7,0.1,2500,562900,"S"
"HCM","09:23:59",28.7,0.1,26100,560400,"S"
"HCM","09:23:39",28.65,0.05,100,534300,"B"
"HCM","09:23:37",28.65,0.05,500,534200,"B"
"HCM","09:23:35",28.7,0.1,1000,533700,"S"
"HCM","09:23:22",28.65,0.05,200,532700,"B"
"HCM","09:23:13",28.65,0.05,1500,532500,"B"
"HCM","09:23:12",28.65,0.05,5000,531000,"S"
"HCM","09:23:12",28.6,0,1100,526000,"B"
"HCM","09:23:07",28.6,0,300,524900,"B"
"HCM","09:23:06",28.65,0.05,1000,524600,"S"
"HCM","09:23:02",28.6,0,10000,523600,"B"
"HCM","09:22:58",28.6,0,15000,513600,"B"
"HCM","09:22:54",28.65,0.05,700,498600,"B"
"HCM","09:22:49",28.65,0.05,100,497900,"B"
"HCM","09:22:49",28.65,0.05,500,497800,"B"
"HCM","09:22:48",28.65,0.05,400,497300,"B"
"HCM","09:22:46",28.65,0.05,100,496900,"B"
"HCM","09:22:40",28.65,0.05,3100,496800,"B"
"HCM","09:22:40",28.65,0.05,3000,493700,"B"
"HCM","09:22:38",28.7,0.1,300,490700,"B"
"HCM","09:22:34",28.7,0.1,100,490400,"B"
"HCM","09:22:32",28.7,0.1,700,490300,"S"
"HCM","09:22:32",28.7,0.1,300,489600,"B"
"HCM","09:22:28",28.7,0.1,200,489300,"B"
"HCM","09:22:27",28.65,0.05,5000,489100,"B"
"HCM","09:22:24",28.7,0.1,300,484100,"B"
"HCM","09:22:19",28.7,0.1,1100,483800,"B"
"HCM","09:22:16",28.7,0.1,1400,482700,"B"
"HCM","09:22:15",28.7,0.1,500,481300,"B"
"HCM","09:22:10",28.7,0.1,400,480800,"B"
"HCM","09:22:04",28.7,0.1,2000,480400,"B"
"HCM","09:22:01",28.7,0.1,400,478400,"B"
"HCM","09:22:00",28.7,0.1,2500,478000,"B"
"HCM","09:21:56",28.7,0.1,200,475500,"B"
"HCM","09:21:48",28.7,0.1,3000,475300,"B"
"HCM","09:21:45",28.75,0.15,5000,472300,"S"
"HCM","09:21:41",28.75,0.15,1000,467300,"S"
"HCM","09:21:41",28.7,0.1,3000,466300,"B"
"HCM","09:21:36",28.75,0.15,1000,463300,"S"
"HCM","09:21:35",28.75,0.15,2900,462300,"B"
"HCM","09:21:31",28.75,0.15,600,459400,"B"
"HCM","09:21:27",28.75,0.15,100,458800,"B"
"HCM","09:21:25",28.8,0.2,500,458700,"S"
"HCM","09:21:24",28.8,0.2,2200,458200,"S"
"HCM","09:21:20",28.75,0.15,500,456000,"B"
"HCM","09:21:20",28.75,0.15,300,455500,"B"
"HCM","09:21:20",28.8,0.2,200,455200,"S"
"HCM","09:21:18",28.8,0.2,500,455000,"S"
"HCM","09:21:15",28.75,0.15,3000,454500,"B"
"HCM","09:21:12",28.75,0.15,300,451500,"B"
"HCM","09:20:53",28.8,0.2,3000,451200,"S"
"HCM","09:20:47",28.8,0.2,3000,448200,"B"
"HCM","09:20:34",28.85,0.25,500,445200,"S"
"HCM","09:20:33",28.75,0.15,300,444700,"B"
"HCM","09:20:33",28.8,0.2,200,444400,"B"
"HCM","09:20:31",28.8,0.2,1000,444200,"B"
"HCM","09:20:27",28.8,0.2,2500,443200,"B"
"HCM","09:20:24",28.85,0.25,300,440700,"B"
"HCM","09:20:23",28.85,0.25,200,440400,"S"
"HCM","09:20:22",28.75,0.15,500,440200,"B"
"HCM","09:20:22",28.85,0.25,100,439700,"B"
"HCM","09:20:20",28.85,0.25,100,439600,"S"
"HCM","09:20:15",28.85,0.25,300,439500,"B"
"HCM","09:20:13",28.85,0.25,500,439200,"B"
"HCM","09:20:12",28.85,0.25,7400,438700,"S"
"HCM","09:20:12",28.8,0.2,5800,431300,"S"
"HCM","09:20:09",28.8,0.2,2700,425500,"B"
"HCM","09:20:05",28.8,0.2,10000,422800,"B"
"HCM","09:20:05",28.85,0.25,200,412800,"S"
"HCM","09:20:04",28.85,0.25,1000,412600,"S"
"HCM","09:20:02",28.8,0.2,5000,411600,"B"
"HCM","09:19:59",28.85,0.25,100,406600,"B"
"HCM","09:19:58",28.85,0.25,3000,406500,"B"
"HCM","09:19:50",28.9,0.3,100,403500,"S"
"HCM","09:19:46",28.9,0.3,4000,403400,"S"
"HCM","09:19:34",28.9,0.3,800,399400,"B"
"HCM","09:19:34",28.9,0.3,7000,398600,"B"
"HCM","09:19:32",28.9,0.3,2100,391600,"S"
"HCM","09:19:31",28.9,0.3,500,389500,"S"
"HCM","09:19:24",28.9,0.3,7400,389000,"B"
"HCM","09:19:20",28.9,0.3,12600,381600,"S"
"HCM","09:19:15",28.8,0.2,2600,369000,"B"
"HCM","09:19:15",28.8,0.2,6000,366400,"B"
"HCM","09:19:13",28.9,0.3,2300,360400,"S"
"HCM","09:19:01",28.9,0.3,300,358100,"S"
"HCM","09:19:00",28.9,0.3,800,357800,"B"
"HCM","09:18:58",28.9,0.3,100,357000,"B"
"HCM","09:18:57",28.9,0.3,4000,356900,"B"
"HCM","09:18:56",28.9,0.3,1000,352900,"B"
"HCM","09:18:52",28.9,0.3,2000,351900,"B"
"HCM","09:18:48",28.9,0.3,1000,349900,"B"
"HCM","09:18:46",28.9,0.3,4000,348900,"B"
"HCM","09:18:40",28.9,0.3,3000,344900,"B"
"HCM","09:18:35",28.9,0.3,5000,341900,"B"
"HCM","09:18:32",29,0.4,11100,336900,"S"
"HCM","09:18:32",28.95,0.35,8900,325800,"S"
"HCM","09:18:27",28.9,0.3,5000,316900,"B"
"HCM","09:18:26",28.9,0.3,1000,311900,"B"
"HCM","09:18:26",28.9,0.3,1000,310900,"B"
"HCM","09:18:25",28.9,0.3,1000,309900,"B"
"HCM","09:18:23",28.9,0.3,600,308900,"B"
"HCM","09:18:22",28.9,0.3,100,308300,"B"
"HCM","09:18:20",28.9,0.3,300,308200,"B"
"HCM","09:18:18",28.9,0.3,200,307900,"S"
"HCM","09:18:14",28.9,0.3,4100,307700,"B"
"HCM","09:18:12",28.9,0.3,7800,303600,"B"
"HCM","09:18:11",28.9,0.3,1500,295800,"B"
"HCM","09:18:06",28.9,0.3,500,294300,"B"
"HCM","09:18:03",28.9,0.3,1600,293800,"B"
"HCM","09:17:58",28.9,0.3,100,292200,"B"
"HCM","09:17:56",28.9,0.3,200,292100,"B"
"HCM","09:17:52",28.9,0.3,2000,291900,"B"
"HCM","09:17:50",28.9,0.3,2300,289900,"B"
"HCM","09:17:41",28.9,0.3,1200,287600,"B"
"HCM","09:17:40",28.9,0.3,1000,286400,"B"
"HCM","09:17:38",28.95,0.35,1300,285400,"B"
"HCM","09:17:35",28.95,0.35,200,284100,"B"
"HCM","09:17:34",28.95,0.35,100,283900,"B"
"HCM","09:17:33",28.95,0.35,1000,283800,"B"
"HCM","09:17:33",28.95,0.35,2000,282800,"B"
"HCM","09:17:32",28.95,0.35,400,280800,"S"
"HCM","09:17:30",28.95,0.35,500,280400,"B"
"HCM","09:17:26",28.95,0.35,1000,279900,"B"
"HCM","09:17:20",28.95,0.35,5000,278900,"B"
"HCM","09:17:18",29,0.4,100,273900,"S"
"HCM","09:17:12",28.95,0.35,200,273800,"B"
"HCM","09:17:06",29,0.4,300,273600,"S"
"HCM","09:17:05",29,0.4,500,273300,"S"
"HCM","09:17:03",29,0.4,1000,272800,"S"
"HCM","09:17:02",29,0.4,10000,271800,"S"
"HCM","09:16:45",29,0.4,1000,261800,"S"
"HCM","09:16:44",29,0.4,500,260800,"S"
"HCM","09:16:39",29,0.4,200,260300,"S"
"HCM","09:16:38",28.95,0.35,3000,260100,"B"
"HCM","09:16:35",29,0.4,400,257100,"S"
"HCM","09:16:33",29,0.4,1000,256700,"S"
"HCM","09:16:30",29,0.4,600,255700,"B"
"HCM","09:16:28",29,0.4,5800,255100,"B"
"HCM","09:16:27",29,0.4,1000,249300,"B"
"HCM","09:16:22",29.05,0.45,500,248300,"S"
"HCM","09:16:20",29.05,0.45,300,247800,"S"
"HCM","09:16:18",29,0.4,1000,247500,"B"
"HCM","09:16:17",29,0.4,5100,246500,"B"
"HCM","09:16:15",29.05,0.45,1000,241400,"S"
"HCM","09:16:08",29,0.4,2000,240400,"B"
"HCM","09:15:59",29,0.4,2000,238400,"B"
"HCM","09:15:56",29.05,0.45,10300,236400,"S"
"HCM","09:15:51",29,0.4,1000,226100,"B"
"HCM","09:15:44",29.05,0.45,300,225100,"S"
"HCM","09:15:43",29.05,0.45,4000,224800,"B"
"HCM","09:15:39",29.1,0.5,100,220800,"S"
"HCM","09:15:31",29.1,0.5,23900,220700,"B"
"HCM","09:15:11",29.1,0.5,3000,196800,"B"
"HCM","09:15:02",29.1,0.5,193800,193800,
