"symbol","time","price","change","vol","total","side"
"HHV","14:45:10",14.95,0.35,395700,9040500,
"HHV","14:30:01",14.65,0.05,1000,8644800,"S"
"HHV","14:29:57",14.65,0.05,1200,8643800,"S"
"HHV","14:29:56",14.65,0.05,1100,8642600,"S"
"HHV","14:29:55",14.65,0.05,10000,8641500,"S"
"HHV","14:29:52",14.65,0.05,2800,8631500,"S"
"HHV","14:29:51",14.65,0.05,5000,8628700,"S"
"HHV","14:29:44",14.65,0.05,2000,8623700,"S"
"HHV","14:29:40",14.65,0.05,1800,8621700,"S"
"HHV","14:29:39",14.6,0,1000,8619900,"B"
"HHV","14:29:37",14.65,0.05,700,8618900,"S"
"HHV","14:29:32",14.65,0.05,100,8618200,"S"
"HHV","14:29:26",14.55,-0.05,1000,8618100,"B"
"HHV","14:29:25",14.55,-0.05,18600,8617100,"B"
"HHV","14:29:25",14.6,0,900,8598500,"B"
"HHV","14:29:23",14.65,0.05,11400,8597600,"S"
"HHV","14:29:23",14.6,0,8600,8586200,"S"
"HHV","14:29:23",14.6,0,600,8577600,"S"
"HHV","14:29:22",14.6,0,100,8577000,"S"
"HHV","14:29:21",14.6,0,20000,8576900,"S"
"HHV","14:29:18",14.6,0,21100,8556900,"B"
"HHV","14:29:13",14.65,0.05,500,8535800,"S"
"HHV","14:29:06",14.6,0,200,8535300,"B"
"HHV","14:29:02",14.6,0,30000,8535100,"B"
"HHV","14:29:00",14.6,0,900,8505100,"B"
"HHV","14:28:52",14.6,0,100,8504200,"B"
"HHV","14:28:43",14.6,0,300,8504100,"B"
"HHV","14:28:41",14.65,0.05,300,8503800,"S"
"HHV","14:28:35",14.6,0,2000,8503500,"B"
"HHV","14:28:33",14.6,0,5500,8501500,"B"
"HHV","14:28:30",14.6,0,10200,8496000,"S"
"HHV","14:28:30",14.6,0,2000,8485800,"S"
"HHV","14:28:27",14.6,0,5000,8483800,"S"
"HHV","14:28:26",14.6,0,2000,8478800,"S"
"HHV","14:28:25",14.55,-0.05,1000,8476800,"B"
"HHV","14:28:25",14.6,0,300,8475800,"S"
"HHV","14:28:22",14.6,0,10000,8475500,"S"
"HHV","14:28:21",14.6,0,200,8465500,"S"
"HHV","14:28:18",14.55,-0.05,16000,8465300,"B"
"HHV","14:28:15",14.6,0,800,8449300,"S"
"HHV","14:28:10",14.6,0,20000,8448500,"S"
"HHV","14:28:06",14.6,0,1000,8428500,"S"
"HHV","14:27:58",14.6,0,500,8427500,"S"
"HHV","14:27:57",14.6,0,1000,8427000,"S"
"HHV","14:27:53",14.55,-0.05,1000,8426000,"B"
"HHV","14:27:53",14.6,0,200,8425000,"S"
"HHV","14:27:51",14.6,0,500,8424800,"S"
"HHV","14:27:48",14.6,0,200,8424300,"S"
"HHV","14:27:46",14.6,0,100,8424100,"S"
"HHV","14:27:44",14.6,0,3000,8424000,"S"
"HHV","14:27:42",14.55,-0.05,1900,8421000,"B"
"HHV","14:27:38",14.6,0,3000,8419100,"S"
"HHV","14:27:37",14.6,0,1000,8416100,"S"
"HHV","14:27:35",14.6,0,16200,8415100,"S"
"HHV","14:27:24",14.6,0,1000,8398900,"S"
"HHV","14:27:17",14.6,0,1000,8397900,"S"
"HHV","14:27:05",14.55,-0.05,2000,8396900,"B"
"HHV","14:26:57",14.6,0,200,8394900,"S"
"HHV","14:26:42",14.55,-0.05,9800,8394700,"S"
"HHV","14:26:41",14.55,-0.05,100,8384900,"S"
"HHV","14:26:40",14.55,-0.05,1500,8384800,"S"
"HHV","14:26:39",14.55,-0.05,500,8383300,"S"
"HHV","14:26:37",14.55,-0.05,5600,8382800,"S"
"HHV","14:26:36",14.55,-0.05,200,8377200,"S"
"HHV","14:26:31",14.55,-0.05,200,8377000,"S"
"HHV","14:26:27",14.55,-0.05,1000,8376800,"S"
"HHV","14:26:26",14.55,-0.05,200,8375800,"S"
"HHV","14:26:25",14.55,-0.05,500,8375600,"S"
"HHV","14:26:23",14.55,-0.05,2000,8375100,"S"
"HHV","14:26:19",14.55,-0.05,2000,8373100,"S"
"HHV","14:26:19",14.55,-0.05,5000,8371100,"S"
"HHV","14:26:16",14.55,-0.05,2000,8366100,"S"
"HHV","14:26:15",14.55,-0.05,1500,8364100,"S"
"HHV","14:26:11",14.55,-0.05,100,8362600,"S"
"HHV","14:26:08",14.55,-0.05,1800,8362500,"S"
"HHV","14:26:07",14.55,-0.05,300,8360700,"S"
"HHV","14:26:05",14.55,-0.05,4000,8360400,"S"
"HHV","14:26:03",14.55,-0.05,2000,8356400,"S"
"HHV","14:25:58",14.55,-0.05,7100,8354400,"S"
"HHV","14:25:55",14.55,-0.05,1000,8347300,"S"
"HHV","14:25:54",14.5,-0.1,5000,8346300,"B"
"HHV","14:25:51",14.55,-0.05,300,8341300,"S"
"HHV","14:25:49",14.55,-0.05,200,8341000,"S"
"HHV","14:25:48",14.5,-0.1,6000,8340800,"B"
"HHV","14:25:44",14.5,-0.1,100,8334800,"B"
"HHV","14:25:33",14.55,-0.05,100,8334700,"S"
"HHV","14:25:30",14.5,-0.1,1000,8334600,"B"
"HHV","14:25:27",14.55,-0.05,2500,8333600,"S"
"HHV","14:25:25",14.5,-0.1,400,8331100,"B"
"HHV","14:25:24",14.55,-0.05,100,8330700,"S"
"HHV","14:25:21",14.55,-0.05,2000,8330600,"S"
"HHV","14:25:20",14.55,-0.05,100,8328600,"S"
"HHV","14:25:19",14.55,-0.05,1000,8328500,"S"
"HHV","14:25:17",14.55,-0.05,4000,8327500,"B"
"HHV","14:25:15",14.55,-0.05,12000,8323500,"S"
"HHV","14:25:12",14.55,-0.05,300,8311500,"S"
"HHV","14:25:07",14.5,-0.1,1400,8311200,"B"
"HHV","14:25:03",14.5,-0.1,6600,8309800,"B"
"HHV","14:24:59",14.55,-0.05,100,8303200,"S"
"HHV","14:24:50",14.55,-0.05,100,8303100,"S"
"HHV","14:24:33",14.5,-0.1,5000,8303000,"B"
"HHV","14:24:27",14.55,-0.05,4000,8297600,"S"
"HHV","14:24:12",14.5,-0.1,1500,8293600,"B"
"HHV","14:24:04",14.55,-0.05,3000,8292100,"S"
"HHV","14:24:02",14.55,-0.05,200,8289100,"S"
"HHV","14:24:00",14.55,-0.05,500,8288900,"S"
"HHV","14:23:53",14.5,-0.1,500,8288400,"B"
"HHV","14:23:48",14.5,-0.1,1000,8287900,"B"
"HHV","14:23:42",14.55,-0.05,200,8286900,"S"
"HHV","14:23:35",14.5,-0.1,400,8286700,"B"
"HHV","14:23:34",14.5,-0.1,500,8286300,"B"
"HHV","14:23:27",14.5,-0.1,500,8285800,"B"
"HHV","14:23:25",14.5,-0.1,600,8285300,"S"
"HHV","14:23:24",14.5,-0.1,2800,8284700,"S"
"HHV","14:23:22",14.5,-0.1,5000,8281900,"S"
"HHV","14:23:20",14.5,-0.1,3000,8276900,"S"
"HHV","14:23:19",14.5,-0.1,2600,8273900,"S"
"HHV","14:23:18",14.5,-0.1,1000,8271300,"S"
"HHV","14:23:18",14.5,-0.1,1100,8270300,"S"
"HHV","14:23:17",14.5,-0.1,10000,8269200,"S"
"HHV","14:23:13",14.5,-0.1,600,8259200,"S"
"HHV","14:23:12",14.5,-0.1,800,8258600,"S"
"HHV","14:23:10",14.5,-0.1,500,8257800,"S"
"HHV","14:23:08",14.5,-0.1,200,8257300,"S"
"HHV","14:23:04",14.5,-0.1,200,8257100,"S"
"HHV","14:23:03",14.5,-0.1,100,8256900,"S"
"HHV","14:23:00",14.5,-0.1,200,8256800,"S"
"HHV","14:22:56",14.5,-0.1,200,8256600,"S"
"HHV","14:22:55",14.45,-0.15,300,8256400,"B"
"HHV","14:22:50",14.45,-0.15,500,8256100,"B"
"HHV","14:22:47",14.5,-0.1,1500,8255600,"S"
"HHV","14:22:43",14.45,-0.15,200,8254100,"B"
"HHV","14:22:31",14.45,-0.15,200,8253900,"B"
"HHV","14:22:31",14.5,-0.1,500,8253700,"S"
"HHV","14:22:25",14.45,-0.15,300,8253200,"B"
"HHV","14:22:23",14.45,-0.15,3000,8252900,"B"
"HHV","14:22:22",14.45,-0.15,2000,8249900,"B"
"HHV","14:22:19",14.5,-0.1,1000,8247900,"S"
"HHV","14:22:16",14.5,-0.1,1000,8246900,"S"
"HHV","14:22:10",14.5,-0.1,600,8245900,"S"
"HHV","14:22:09",14.5,-0.1,400,8245300,"S"
"HHV","14:22:04",14.5,-0.1,400,8244900,"S"
"HHV","14:21:55",14.45,-0.15,1000,8244500,"B"
"HHV","14:21:54",14.45,-0.15,1800,8243500,"B"
"HHV","14:21:54",14.5,-0.1,500,8241700,"S"
"HHV","14:21:50",14.5,-0.1,100,8241200,"S"
"HHV","14:21:46",14.5,-0.1,600,8241100,"S"
"HHV","14:21:40",14.5,-0.1,300,8240500,"S"
"HHV","14:21:39",14.5,-0.1,5000,8240200,"S"
"HHV","14:21:37",14.5,-0.1,500,8235200,"S"
"HHV","14:21:33",14.45,-0.15,2000,8234700,"B"
"HHV","14:21:33",14.5,-0.1,5000,8232700,"S"
"HHV","14:21:30",14.5,-0.1,200,8227700,"S"
"HHV","14:21:26",14.45,-0.15,2500,8227500,"B"
"HHV","14:21:26",14.5,-0.1,2000,8225000,"S"
"HHV","14:21:24",14.5,-0.1,200,8223000,"S"
"HHV","14:21:22",14.5,-0.1,300,8222800,"S"
"HHV","14:21:18",14.5,-0.1,500,8222500,"S"
"HHV","14:21:16",14.5,-0.1,300,8222000,"S"
"HHV","14:21:15",14.5,-0.1,1100,8221700,"S"
"HHV","14:21:14",14.45,-0.15,400,8220600,"B"
"HHV","14:21:10",14.5,-0.1,3100,8220200,"S"
"HHV","14:21:09",14.5,-0.1,100,8217100,"S"
"HHV","14:21:08",14.5,-0.1,200,8217000,"S"
"HHV","14:21:05",14.5,-0.1,300,8216800,"S"
"HHV","14:21:05",14.5,-0.1,700,8216500,"S"
"HHV","14:21:04",14.5,-0.1,13000,8215800,"S"
"HHV","14:21:03",14.5,-0.1,100,8202800,"S"
"HHV","14:20:55",14.5,-0.1,100,8202700,"S"
"HHV","14:20:52",14.5,-0.1,10000,8202600,"S"
"HHV","14:20:48",14.5,-0.1,8000,8192600,"S"
"HHV","14:20:46",14.45,-0.15,800,8184600,"B"
"HHV","14:20:43",14.5,-0.1,1000,8183800,"S"
"HHV","14:20:42",14.45,-0.15,1000,8182800,"B"
"HHV","14:20:42",14.5,-0.1,300,8181800,"S"
"HHV","14:20:39",14.5,-0.1,200,8181500,"S"
"HHV","14:20:30",14.45,-0.15,10000,8181300,"B"
"HHV","14:20:29",14.45,-0.15,5000,8171300,"B"
"HHV","14:20:25",14.45,-0.15,500,8166300,"B"
"HHV","14:20:22",14.5,-0.1,200,8165800,"S"
"HHV","14:20:09",14.45,-0.15,200,8165600,"B"
"HHV","14:20:06",14.5,-0.1,2000,8165400,"S"
"HHV","14:20:06",14.45,-0.15,400,8163400,"B"
"HHV","14:19:54",14.45,-0.15,500,8163000,"B"
"HHV","14:19:52",14.5,-0.1,100,8162500,"S"
"HHV","14:19:51",14.5,-0.1,200,8162400,"S"
"HHV","14:19:47",14.45,-0.15,2300,8162200,"B"
"HHV","14:19:46",14.5,-0.1,500,8159900,"S"
"HHV","14:19:40",14.5,-0.1,300,8159400,"S"
"HHV","14:19:40",14.45,-0.15,400,8159100,"B"
"HHV","14:19:39",14.5,-0.1,2000,8158700,"S"
"HHV","14:19:37",14.5,-0.1,100,8156700,"S"
"HHV","14:19:31",14.45,-0.15,7000,8156600,"S"
"HHV","14:19:27",14.45,-0.15,300,8149600,"S"
"HHV","14:19:27",14.45,-0.15,1000,8149300,"S"
"HHV","14:19:25",14.45,-0.15,400,8148300,"S"
"HHV","14:19:24",14.45,-0.15,300,8147900,"S"
"HHV","14:19:20",14.45,-0.15,200,8147600,"S"
"HHV","14:19:18",14.45,-0.15,100,8147400,"S"
"HHV","14:19:17",14.45,-0.15,100,8147300,"S"
"HHV","14:19:17",14.45,-0.15,100,8147200,"S"
"HHV","14:19:17",14.4,-0.2,1800,8147100,"B"
"HHV","14:19:16",14.4,-0.2,4000,8145300,"B"
"HHV","14:19:10",14.5,-0.1,1700,8141300,"S"
"HHV","14:19:10",14.45,-0.15,3400,8139600,"S"
"HHV","14:19:09",14.4,-0.2,4000,8136200,"B"
"HHV","14:19:07",14.45,-0.15,800,8132200,"S"
"HHV","14:19:07",14.4,-0.2,500,8131400,"B"
"HHV","14:19:07",14.45,-0.15,500,8130900,"S"
"HHV","14:19:03",14.4,-0.2,400,8130400,"B"
"HHV","14:19:03",14.45,-0.15,100,8130000,"B"
"HHV","14:18:50",14.4,-0.2,500,8129900,"B"
"HHV","14:18:47",14.5,-0.1,500,8129400,"S"
"HHV","14:18:46",14.5,-0.1,1000,8128900,"S"
"HHV","14:18:45",14.4,-0.2,2000,8127900,"B"
"HHV","14:18:45",14.5,-0.1,200,8125900,"S"
"HHV","14:18:44",14.4,-0.2,200,8125700,"B"
"HHV","14:18:38",14.4,-0.2,100,8125500,"B"
"HHV","14:18:35",14.4,-0.2,100,8125400,"B"
"HHV","14:18:34",14.4,-0.2,200,8125300,"B"
"HHV","14:18:33",14.4,-0.2,3000,8125100,"B"
"HHV","14:18:31",14.4,-0.2,100,8122100,"B"
"HHV","14:18:21",14.4,-0.2,100,8122000,"B"
"HHV","14:18:21",14.35,-0.25,1000,8121900,"B"
"HHV","14:18:21",14.5,-0.1,1200,8120900,"S"
"HHV","14:18:21",14.45,-0.15,2100,8119700,"S"
"HHV","14:18:21",14.4,-0.2,6700,8117600,"S"
"HHV","14:18:18",14.4,-0.2,500,8110900,"S"
"HHV","14:18:16",14.35,-0.25,100,8110400,"B"
"HHV","14:18:15",14.35,-0.25,100,8110300,"B"
"HHV","14:18:10",14.35,-0.25,1500,8110200,"B"
"HHV","14:18:07",14.35,-0.25,1900,8108700,"S"
"HHV","14:18:06",14.3,-0.3,600,8106800,"B"
"HHV","14:18:06",14.35,-0.25,100,8106200,"S"
"HHV","14:18:06",14.3,-0.3,20000,8106100,"B"
"HHV","14:18:05",14.35,-0.25,300,8086100,"S"
"HHV","14:18:04",14.35,-0.25,15300,8085800,"S"
"HHV","14:18:04",14.3,-0.3,800,8070500,"B"
"HHV","14:18:02",14.35,-0.25,400,8069700,"S"
"HHV","14:17:58",14.35,-0.25,300,8069300,"S"
"HHV","14:17:57",14.3,-0.3,200,8069000,"B"
"HHV","14:17:56",14.3,-0.3,10000,8068800,"B"
"HHV","14:17:56",14.35,-0.25,200,8058800,"S"
"HHV","14:17:56",14.3,-0.3,56200,8058600,"S"
"HHV","14:17:56",14.25,-0.35,200,8002400,"B"
"HHV","14:17:52",14.25,-0.35,9900,8002200,"B"
"HHV","14:17:52",14.3,-0.3,200,7992300,"S"
"HHV","14:17:50",14.3,-0.3,100,7992100,"S"
"HHV","14:17:48",14.3,-0.3,500,7992000,"S"
"HHV","14:17:48",14.3,-0.3,2000,7991500,"S"
"HHV","14:17:46",14.3,-0.3,600,7989500,"S"
"HHV","14:17:43",14.3,-0.3,500,7988900,"S"
"HHV","14:17:41",14.3,-0.3,4000,7988400,"S"
"HHV","14:17:36",14.3,-0.3,6900,7984400,"S"
"HHV","14:17:36",14.25,-0.35,3100,7977500,"S"
"HHV","14:17:34",14.25,-0.35,12000,7974400,"S"
"HHV","14:17:32",14.2,-0.4,9900,7962400,"S"
"HHV","14:17:30",14.2,-0.4,2000,7952500,"S"
"HHV","14:17:29",14.2,-0.4,1000,7950500,"S"
"HHV","14:17:26",14.2,-0.4,5500,7949500,"S"
"HHV","14:17:26",14.2,-0.4,100,7944000,"S"
"HHV","14:17:25",14.2,-0.4,17500,7943900,"S"
"HHV","14:17:24",14.2,-0.4,200,7926400,"S"
"HHV","14:17:23",14.2,-0.4,300,7926200,"S"
"HHV","14:17:20",14.2,-0.4,8200,7925900,"S"
"HHV","14:17:20",14.15,-0.45,5000,7917700,"B"
"HHV","14:17:19",14.15,-0.45,100,7912700,"B"
"HHV","14:17:17",14.2,-0.4,1000,7912600,"S"
"HHV","14:17:17",14.15,-0.45,1000,7911600,"B"
"HHV","14:17:17",14.2,-0.4,1000,7910600,"S"
"HHV","14:17:16",14.2,-0.4,2000,7909600,"S"
"HHV","14:17:15",14.2,-0.4,100,7907600,"S"
"HHV","14:17:15",14.15,-0.45,600,7907500,"B"
"HHV","14:17:11",14.2,-0.4,1000,7906900,"S"
"HHV","14:17:10",14.2,-0.4,500,7905900,"S"
"HHV","14:17:09",14.2,-0.4,300,7905400,"S"
"HHV","14:17:07",14.15,-0.45,1000,7905100,"B"
"HHV","14:17:05",14.2,-0.4,9000,7904100,"S"
"HHV","14:17:04",14.2,-0.4,3000,7895100,"S"
"HHV","14:17:03",14.2,-0.4,2500,7892100,"S"
"HHV","14:17:01",14.2,-0.4,300,7889600,"S"
"HHV","14:17:01",14.15,-0.45,3000,7889300,"B"
"HHV","14:17:00",14.2,-0.4,5000,7886300,"S"
"HHV","14:17:00",14.15,-0.45,3000,7881300,"B"
"HHV","14:16:59",14.2,-0.4,7100,7878300,"S"
"HHV","14:16:58",14.2,-0.4,2800,7871200,"S"
"HHV","14:16:58",14.15,-0.45,200,7868400,"B"
"HHV","14:16:58",14.2,-0.4,800,7868200,"S"
"HHV","14:16:57",14.2,-0.4,1000,7867400,"S"
"HHV","14:16:56",14.2,-0.4,7300,7866400,"S"
"HHV","14:16:55",14.2,-0.4,200,7859100,"S"
"HHV","14:16:54",14.2,-0.4,700,7858900,"S"
"HHV","14:16:53",14.2,-0.4,500,7858200,"S"
"HHV","14:16:51",14.2,-0.4,1000,7857700,"S"
"HHV","14:16:50",14.15,-0.45,10000,7856700,"B"
"HHV","14:16:49",14.2,-0.4,200,7846700,"S"
"HHV","14:16:46",14.2,-0.4,500,7846500,"S"
"HHV","14:16:45",14.2,-0.4,5000,7846000,"S"
"HHV","14:16:44",14.2,-0.4,1300,7841000,"S"
"HHV","14:16:43",14.2,-0.4,400,7839700,"S"
"HHV","14:16:41",14.2,-0.4,200,7839300,"S"
"HHV","14:16:41",14.2,-0.4,4000,7839100,"S"
"HHV","14:16:41",14.15,-0.45,1000,7835100,"B"
"HHV","14:16:40",14.2,-0.4,800,7833300,"S"
"HHV","14:16:40",14.2,-0.4,2200,7832500,"S"
"HHV","14:16:37",14.2,-0.4,2000,7830300,"S"
"HHV","14:16:37",14.2,-0.4,1000,7828300,"S"
"HHV","14:16:37",14.15,-0.45,1200,7827300,"B"
"HHV","14:16:36",14.2,-0.4,1500,7826100,"S"
"HHV","14:16:35",14.15,-0.45,4500,7824600,"B"
"HHV","14:16:34",14.15,-0.45,10000,7820100,"B"
"HHV","14:16:34",14.15,-0.45,6600,7810100,"B"
"HHV","14:16:34",14.2,-0.4,200,7803500,"S"
"HHV","14:16:33",14.2,-0.4,5000,7803300,"S"
"HHV","14:16:33",14.15,-0.45,3000,7798300,"B"
"HHV","14:16:31",14.15,-0.45,400,7795300,"B"
"HHV","14:16:31",14.2,-0.4,3000,7794900,"S"
"HHV","14:16:31",14.15,-0.45,1000,7791900,"B"
"HHV","14:16:29",14.15,-0.45,4000,7790900,"B"
"HHV","14:16:28",14.15,-0.45,4000,7786900,"B"
"HHV","14:16:24",14.2,-0.4,1000,7782900,"S"
"HHV","14:16:24",14.15,-0.45,100,7781900,"B"
"HHV","14:16:23",14.15,-0.45,1500,7781800,"B"
"HHV","14:16:21",14.15,-0.45,5000,7780300,"B"
"HHV","14:16:20",14.15,-0.45,10500,7775300,"B"
"HHV","14:16:19",14.15,-0.45,1000,7764800,"B"
"HHV","14:16:17",14.15,-0.45,1400,7763800,"S"
"HHV","14:16:16",14.1,-0.5,1000,7762400,"B"
"HHV","14:16:16",14.1,-0.5,10000,7761400,"B"
"HHV","14:16:14",14.15,-0.45,200,7751400,"S"
"HHV","14:16:12",14.1,-0.5,1200,7751200,"B"
"HHV","14:16:11",14.1,-0.5,7700,7750000,"B"
"HHV","14:16:11",14.15,-0.45,200,7742300,"S"
"HHV","14:16:10",14.15,-0.45,500,7742100,"S"
"HHV","14:16:07",14.1,-0.5,1000,7741600,"B"
"HHV","14:16:05",14.15,-0.45,200,7740600,"S"
"HHV","14:16:05",14.1,-0.5,10000,7740400,"B"
"HHV","14:16:05",14.15,-0.45,2000,7730400,"S"
"HHV","14:16:04",14.1,-0.5,4000,7728400,"B"
"HHV","14:16:04",14.15,-0.45,200,7724400,"S"
"HHV","14:16:03",14.1,-0.5,500,7724200,"B"
"HHV","14:15:58",14.1,-0.5,10500,7723700,"B"
"HHV","14:15:57",14.2,-0.4,300,7713200,"S"
"HHV","14:15:57",14.15,-0.45,700,7712900,"S"
"HHV","14:15:56",14.15,-0.45,100,7712200,"S"
"HHV","14:15:56",14.2,-0.4,2500,7712100,"S"
"HHV","14:15:56",14.15,-0.45,2500,7709600,"S"
"HHV","14:15:55",14.15,-0.45,8200,7707100,"B"
"HHV","14:15:55",14.2,-0.4,100,7698900,"S"
"HHV","14:15:54",14.15,-0.45,500,7698800,"B"
"HHV","14:15:52",14.15,-0.45,20000,7698300,"B"
"HHV","14:15:50",14.15,-0.45,4900,7678300,"B"
"HHV","14:15:49",14.15,-0.45,1000,7673400,"B"
"HHV","14:15:46",14.15,-0.45,600,7672400,"B"
"HHV","14:15:44",14.2,-0.4,2000,7671800,"S"
"HHV","14:15:43",14.15,-0.45,500,7669800,"B"
"HHV","14:15:42",14.15,-0.45,3000,7669300,"B"
"HHV","14:15:42",14.2,-0.4,100,7666300,"S"
"HHV","14:15:42",14.2,-0.4,700,7666200,"S"
"HHV","14:15:41",14.2,-0.4,100,7665500,"S"
"HHV","14:15:39",14.2,-0.4,500,7665400,"S"
"HHV","14:15:37",14.2,-0.4,2000,7664900,"S"
"HHV","14:15:36",14.2,-0.4,127500,7662900,"B"
"HHV","14:15:35",14.2,-0.4,200,7535400,"B"
"HHV","14:15:35",14.25,-0.35,8600,7535200,"S"
"HHV","14:15:33",14.2,-0.4,5000,7526600,"B"
"HHV","14:15:27",14.25,-0.35,2000,7521600,"S"
"HHV","14:15:27",14.2,-0.4,500,7519600,"B"
"HHV","14:15:27",14.2,-0.4,20000,7519100,"B"
"HHV","14:15:26",14.2,-0.4,3000,7499100,"B"
"HHV","14:15:25",14.2,-0.4,400,7496100,"B"
"HHV","14:15:24",14.2,-0.4,1000,7495700,"B"
"HHV","14:15:23",14.25,-0.35,500,7494700,"S"
"HHV","14:15:16",14.25,-0.35,500,7494200,"S"
"HHV","14:15:13",14.25,-0.35,100,7493700,"S"
"HHV","14:15:12",14.25,-0.35,100,7493600,"S"
"HHV","14:15:10",14.25,-0.35,12700,7493500,"B"
"HHV","14:15:07",14.25,-0.35,2000,7480800,"B"
"HHV","14:15:02",14.3,-0.3,1000,7478800,"S"
"HHV","14:14:59",14.3,-0.3,100,7477800,"S"
"HHV","14:14:53",14.3,-0.3,1000,7477700,"S"
"HHV","14:14:50",14.3,-0.3,5000,7476700,"S"
"HHV","14:14:49",14.25,-0.35,10600,7471700,"B"
"HHV","14:14:48",14.25,-0.35,20000,7461100,"B"
"HHV","14:14:46",14.25,-0.35,300,7441100,"B"
"HHV","14:14:45",14.3,-0.3,500,7440800,"S"
"HHV","14:14:44",14.3,-0.3,11500,7440300,"B"
"HHV","14:14:44",14.3,-0.3,100,7428800,"B"
"HHV","14:14:43",14.3,-0.3,1800,7428700,"B"
"HHV","14:14:42",14.3,-0.3,500,7426900,"B"
"HHV","14:14:42",14.3,-0.3,2700,7426400,"B"
"HHV","14:14:41",14.3,-0.3,2500,7423700,"B"
"HHV","14:14:39",14.3,-0.3,29700,7421200,"B"
"HHV","14:14:36",14.3,-0.3,1000,7391500,"B"
"HHV","14:14:36",14.3,-0.3,1200,7390500,"B"
"HHV","14:14:34",14.3,-0.3,11000,7389300,"B"
"HHV","14:14:33",14.3,-0.3,10000,7378300,"B"
"HHV","14:14:32",14.3,-0.3,100,7368300,"B"
"HHV","14:14:30",14.3,-0.3,500,7368200,"B"
"HHV","14:14:30",14.35,-0.25,5000,7367700,"S"
"HHV","14:14:27",14.3,-0.3,2000,7362700,"B"
"HHV","14:14:27",14.35,-0.25,200,7360700,"S"
"HHV","14:14:25",14.3,-0.3,200,7360500,"B"
"HHV","14:14:24",14.3,-0.3,200,7360300,"B"
"HHV","14:14:23",14.3,-0.3,1600,7360100,"B"
"HHV","14:14:23",14.35,-0.25,3000,7358500,"S"
"HHV","14:14:22",14.3,-0.3,1000,7355500,"B"
"HHV","14:14:22",14.35,-0.25,200,7354500,"S"
"HHV","14:14:20",14.3,-0.3,46000,7354300,"B"
"HHV","14:14:18",14.3,-0.3,10000,7308300,"B"
"HHV","14:14:17",14.3,-0.3,70100,7298300,"B"
"HHV","14:14:16",14.35,-0.25,1000,7228200,"S"
"HHV","14:14:14",14.35,-0.25,10000,7227200,"S"
"HHV","14:14:13",14.35,-0.25,100,7217200,"S"
"HHV","14:14:12",14.35,-0.25,5000,7217100,"S"
"HHV","14:14:10",14.35,-0.25,400,7212100,"S"
"HHV","14:14:09",14.35,-0.25,100,7211700,"S"
"HHV","14:14:08",14.3,-0.3,1500,7211600,"B"
"HHV","14:14:07",14.35,-0.25,2000,7210100,"S"
"HHV","14:14:06",14.35,-0.25,500,7208100,"S"
"HHV","14:14:04",14.35,-0.25,200,7207600,"S"
"HHV","14:13:59",14.35,-0.25,100,7207400,"S"
"HHV","14:13:56",14.35,-0.25,100,7207300,"S"
"HHV","14:13:53",14.4,-0.2,100,7207200,"S"
"HHV","14:13:53",14.3,-0.3,1000,7207100,"B"
"HHV","14:13:53",14.35,-0.25,3000,7206100,"B"
"HHV","14:13:51",14.35,-0.25,100,7203100,"B"
"HHV","14:13:49",14.35,-0.25,20000,7203000,"B"
"HHV","14:13:48",14.35,-0.25,9000,7183000,"B"
"HHV","14:13:46",14.35,-0.25,800,7174000,"B"
"HHV","14:13:44",14.35,-0.25,9300,7173200,"B"
"HHV","14:13:42",14.35,-0.25,1000,7163900,"B"
"HHV","14:13:39",14.35,-0.25,1100,7162900,"B"
"HHV","14:13:38",14.4,-0.2,44400,7161800,"B"
"HHV","14:13:37",14.4,-0.2,19000,7117400,"B"
"HHV","14:13:36",14.4,-0.2,32000,7098400,"B"
"HHV","14:13:32",14.45,-0.15,100,7066400,"S"
"HHV","14:13:32",14.45,-0.15,500,7066300,"S"
"HHV","14:13:27",14.45,-0.15,2800,7065800,"B"
"HHV","14:13:25",14.45,-0.15,6000,7063000,"B"
"HHV","14:13:24",14.45,-0.15,5000,7057000,"B"
"HHV","14:13:23",14.45,-0.15,6000,7052000,"B"
"HHV","14:13:23",14.45,-0.15,100,7046000,"B"
"HHV","14:13:21",14.45,-0.15,1500,7045900,"B"
"HHV","14:13:20",14.45,-0.15,1000,7044400,"B"
"HHV","14:13:19",14.45,-0.15,62000,7043400,"B"
"HHV","14:13:19",14.45,-0.15,1000,6981400,"B"
"HHV","14:13:12",14.45,-0.15,2000,6980400,"B"
"HHV","14:13:11",14.45,-0.15,100,6978400,"B"
"HHV","14:13:08",14.5,-0.1,100,6978300,"S"
"HHV","14:13:06",14.5,-0.1,8200,6978200,"B"
"HHV","14:13:05",14.5,-0.1,3000,6970000,"B"
"HHV","14:13:04",14.5,-0.1,8900,6967000,"B"
"HHV","14:13:04",14.5,-0.1,7200,6958100,"B"
"HHV","14:13:03",14.55,-0.05,200,6950900,"S"
"HHV","14:13:03",14.5,-0.1,10000,6950700,"B"
"HHV","14:13:03",14.5,-0.1,5000,6940700,"B"
"HHV","14:13:02",14.5,-0.1,3700,6935700,"B"
"HHV","14:13:01",14.5,-0.1,7000,6932000,"B"
"HHV","14:13:00",14.5,-0.1,17400,6925000,"B"
"HHV","14:12:59",14.5,-0.1,600,6907600,"B"
"HHV","14:12:59",14.5,-0.1,1400,6907000,"B"
"HHV","14:12:58",14.5,-0.1,2600,6905600,"B"
"HHV","14:12:57",14.5,-0.1,5700,6903000,"B"
"HHV","14:12:49",14.5,-0.1,1500,6897300,"B"
"HHV","14:12:48",14.5,-0.1,5100,6895800,"B"
"HHV","14:12:45",14.5,-0.1,1500,6890700,"B"
"HHV","14:12:43",14.5,-0.1,100,6889200,"B"
"HHV","14:12:38",14.5,-0.1,1000,6889100,"B"
"HHV","14:12:35",14.5,-0.1,2000,6888100,"B"
"HHV","14:12:34",14.5,-0.1,6000,6886100,"B"
"HHV","14:12:32",14.5,-0.1,500,6880100,"B"
"HHV","14:12:31",14.5,-0.1,700,6879600,"B"
"HHV","14:12:30",14.5,-0.1,100,6878900,"B"
"HHV","14:12:29",14.5,-0.1,500,6878800,"B"
"HHV","14:12:27",14.5,-0.1,3000,6878300,"B"
"HHV","14:12:25",14.5,-0.1,30000,6875300,"B"
"HHV","14:12:24",14.5,-0.1,5000,6845300,"B"
"HHV","14:12:24",14.55,-0.05,12800,6840300,"S"
"HHV","14:12:19",14.55,-0.05,500,6827500,"S"
"HHV","14:12:16",14.5,-0.1,10000,6827000,"B"
"HHV","14:12:12",14.5,-0.1,500,6817000,"B"
"HHV","14:12:08",14.55,-0.05,25200,6816500,"B"
"HHV","14:12:04",14.55,-0.05,500,6791300,"B"
"HHV","14:12:01",14.55,-0.05,5000,6790800,"B"
"HHV","14:12:00",14.55,-0.05,600,6785800,"B"
"HHV","14:11:57",14.55,-0.05,5000,6785200,"B"
"HHV","14:11:55",14.55,-0.05,5000,6780200,"B"
"HHV","14:11:54",14.55,-0.05,200,6775200,"B"
"HHV","14:11:53",14.55,-0.05,13700,6775000,"B"
"HHV","14:11:50",14.55,-0.05,2600,6761300,"B"
"HHV","14:11:38",14.55,-0.05,3200,6758700,"B"
"HHV","14:11:35",14.6,0,10000,6755500,"S"
"HHV","14:11:32",14.55,-0.05,1000,6745500,"B"
"HHV","14:11:27",14.55,-0.05,300,6744500,"B"
"HHV","14:11:25",14.55,-0.05,5000,6744200,"B"
"HHV","14:11:22",14.55,-0.05,49900,6739200,"B"
"HHV","14:11:18",14.6,0,3000,6689300,"S"
"HHV","14:11:07",14.55,-0.05,500,6686300,"B"
"HHV","14:11:02",14.6,0,400,6685800,"S"
"HHV","14:10:51",14.6,0,1000,6685400,"S"
"HHV","14:10:46",14.6,0,500,6684400,"S"
"HHV","14:10:25",14.6,0,3000,6683900,"S"
"HHV","14:10:00",14.6,0,100,6680900,"S"
"HHV","14:09:29",14.6,0,400,6680800,"S"
"HHV","14:09:25",14.55,-0.05,2000,6680400,"B"
"HHV","14:09:23",14.6,0,100,6678400,"S"
"HHV","14:09:09",14.6,0,1000,6678300,"S"
"HHV","14:09:08",14.55,-0.05,800,6677300,"B"
"HHV","14:08:43",14.6,0,100,6676500,"S"
"HHV","14:08:41",14.55,-0.05,1000,6676400,"B"
"HHV","14:08:35",14.6,0,10000,6675400,"S"
"HHV","14:08:33",14.6,0,1000,6665400,"S"
"HHV","14:08:31",14.6,0,2000,6664400,"S"
"HHV","14:08:30",14.6,0,500,6662400,"S"
"HHV","14:08:20",14.6,0,10000,6661900,"S"
"HHV","14:08:20",14.6,0,400,6651900,"S"
"HHV","14:08:15",14.6,0,200,6651500,"S"
"HHV","14:08:11",14.6,0,500,6651300,"S"
"HHV","14:08:10",14.6,0,200,6650800,"S"
"HHV","14:07:28",14.6,0,200,6650600,"S"
"HHV","14:07:24",14.6,0,800,6650400,"S"
"HHV","14:07:09",14.6,0,2000,6649600,"S"
"HHV","14:07:05",14.6,0,16900,6647600,"B"
"HHV","14:07:02",14.6,0,500,6630700,"B"
"HHV","14:07:02",14.6,0,200,6630200,"B"
"HHV","14:07:00",14.6,0,9900,6630000,"B"
"HHV","14:06:59",14.6,0,1000,6620100,"B"
"HHV","14:06:56",14.6,0,12000,6619100,"B"
"HHV","14:06:54",14.6,0,100,6607100,"B"
"HHV","14:06:54",14.6,0,3000,6607000,"B"
"HHV","14:06:47",14.6,0,20000,6604000,"B"
"HHV","14:06:40",14.6,0,1000,6584000,"B"
"HHV","14:06:40",14.6,0,2500,6583000,"B"
"HHV","14:06:38",14.6,0,100,6580500,"B"
"HHV","14:06:36",14.6,0,3000,6580400,"B"
"HHV","14:06:34",14.6,0,2000,6577400,"B"
"HHV","14:06:28",14.6,0,8000,6575400,"B"
"HHV","14:06:18",14.6,0,200,6567400,"B"
"HHV","14:06:04",14.6,0,2000,6567200,"B"
"HHV","14:05:55",14.6,0,500,6565200,"B"
"HHV","14:05:40",14.65,0.05,500,6564700,"S"
"HHV","14:05:03",14.65,0.05,200,6564200,"S"
"HHV","14:05:00",14.65,0.05,400,6564000,"S"
"HHV","14:04:55",14.6,0,500,6563600,"B"
"HHV","14:04:51",14.6,0,1000,6563100,"B"
"HHV","14:04:34",14.6,0,1000,6562100,"B"
"HHV","14:04:29",14.6,0,2700,6561100,"B"
"HHV","14:04:26",14.65,0.05,200,6558400,"S"
"HHV","14:04:23",14.6,0,100,6558200,"B"
"HHV","14:04:22",14.65,0.05,500,6558100,"S"
"HHV","14:04:15",14.6,0,200,6557600,"B"
"HHV","14:03:59",14.65,0.05,5000,6557400,"S"
"HHV","14:03:58",14.65,0.05,1000,6552400,"S"
"HHV","14:03:55",14.65,0.05,1500,6551400,"S"
"HHV","14:03:53",14.6,0,1000,6549900,"B"
"HHV","14:03:35",14.6,0,500,6548900,"B"
"HHV","14:03:21",14.65,0.05,300,6548400,"S"
"HHV","14:03:08",14.65,0.05,500,6548100,"S"
"HHV","14:02:55",14.65,0.05,1200,6547600,"S"
"HHV","14:02:54",14.6,0,3200,6546400,"B"
"HHV","14:02:48",14.6,0,2000,6543200,"B"
"HHV","14:02:39",14.65,0.05,5000,6541200,"S"
"HHV","14:02:34",14.65,0.05,500,6536200,"S"
"HHV","14:02:14",14.65,0.05,200,6535700,"S"
"HHV","14:02:10",14.65,0.05,600,6535500,"S"
"HHV","14:01:39",14.65,0.05,1000,6534900,"S"
"HHV","14:01:25",14.65,0.05,3000,6533900,"S"
"HHV","14:01:12",14.65,0.05,100,6530900,"S"
"HHV","14:01:07",14.65,0.05,2000,6530800,"S"
"HHV","14:01:02",14.65,0.05,100,6528800,"S"
"HHV","14:00:51",14.65,0.05,200,6528700,"S"
"HHV","14:00:46",14.65,0.05,500,6528500,"S"
"HHV","14:00:42",14.65,0.05,100,6528000,"S"
"HHV","14:00:37",14.65,0.05,18200,6527900,"B"
"HHV","14:00:29",14.65,0.05,5000,6509700,"B"
"HHV","13:59:49",14.65,0.05,100,6504700,"B"
"HHV","13:59:34",14.65,0.05,3000,6504600,"B"
"HHV","13:59:10",14.65,0.05,2100,6501600,"B"
"HHV","13:59:09",14.65,0.05,100,6499500,"S"
"HHV","13:59:05",14.65,0.05,5000,6499400,"S"
"HHV","13:59:00",14.65,0.05,1000,6494400,"S"
"HHV","13:58:59",14.65,0.05,400,6493400,"S"
"HHV","13:58:53",14.65,0.05,100,6493000,"S"
"HHV","13:58:28",14.65,0.05,5000,6492900,"S"
"HHV","13:58:21",14.65,0.05,100,6487900,"S"
"HHV","13:58:15",14.65,0.05,700,6487800,"B"
"HHV","13:58:14",14.65,0.05,2300,6487100,"S"
"HHV","13:58:13",14.65,0.05,5000,6484800,"S"
"HHV","13:58:01",14.65,0.05,100,6479800,"S"
"HHV","13:57:57",14.65,0.05,100,6479700,"S"
"HHV","13:57:55",14.65,0.05,3000,6479600,"S"
"HHV","13:57:45",14.65,0.05,1400,6476600,"B"
"HHV","13:57:31",14.7,0.1,54600,6475200,"S"
"HHV","13:57:31",14.65,0.05,45400,6420600,"S"
"HHV","13:57:27",14.65,0.05,500,6375200,"S"
"HHV","13:57:06",14.65,0.05,2000,6374700,"S"
"HHV","13:56:50",14.6,0,2000,6372700,"B"
"HHV","13:56:39",14.6,0,500,6370700,"B"
"HHV","13:56:37",14.6,0,300,6370200,"S"
"HHV","13:56:36",14.6,0,2000,6369900,"S"
"HHV","13:56:34",14.6,0,5000,6367900,"S"
"HHV","13:56:32",14.6,0,2000,6362900,"S"
"HHV","13:56:30",14.6,0,1000,6360900,"S"
"HHV","13:56:28",14.6,0,1200,6359900,"S"
"HHV","13:56:28",14.6,0,2000,6358700,"S"
"HHV","13:56:27",14.6,0,10000,6356700,"S"
"HHV","13:56:24",14.6,0,200,6346700,"S"
"HHV","13:56:23",14.6,0,5000,6346500,"S"
"HHV","13:56:21",14.6,0,2500,6341500,"S"
"HHV","13:56:19",14.6,0,2000,6339000,"S"
"HHV","13:56:18",14.6,0,2000,6337000,"S"
"HHV","13:56:14",14.6,0,400,6335000,"S"
"HHV","13:56:14",14.6,0,500,6334600,"S"
"HHV","13:56:13",14.6,0,10000,6334100,"S"
"HHV","13:56:12",14.6,0,1000,6324100,"S"
"HHV","13:56:12",14.6,0,5000,6323100,"S"
"HHV","13:56:11",14.6,0,100,6318100,"S"
"HHV","13:56:08",14.6,0,50000,6318000,"S"
"HHV","13:56:05",14.6,0,200,6268000,"S"
"HHV","13:56:03",14.6,0,2000,6267800,"S"
"HHV","13:55:47",14.6,0,500,6265800,"S"
"HHV","13:55:37",14.6,0,100,6265300,"S"
"HHV","13:55:16",14.6,0,2000,6265200,"S"
"HHV","13:55:12",14.55,-0.05,500,6263200,"B"
"HHV","13:55:08",14.6,0,300,6262700,"S"
"HHV","13:55:03",14.55,-0.05,1000,6262400,"B"
"HHV","13:54:58",14.6,0,5000,6261400,"S"
"HHV","13:54:57",14.55,-0.05,3200,6256400,"B"
"HHV","13:54:56",14.55,-0.05,200,6253200,"B"
"HHV","13:54:36",14.55,-0.05,100,6253000,"B"
"HHV","13:54:34",14.55,-0.05,4800,6252900,"S"
"HHV","13:54:33",14.55,-0.05,12400,6248100,"S"
"HHV","13:54:29",14.55,-0.05,100,6235700,"S"
"HHV","13:54:20",14.55,-0.05,100,6235600,"S"
"HHV","13:54:18",14.55,-0.05,1200,6235500,"S"
"HHV","13:54:17",14.55,-0.05,2000,6234300,"S"
"HHV","13:54:12",14.55,-0.05,2000,6232300,"S"
"HHV","13:54:07",14.55,-0.05,400,6230300,"S"
"HHV","13:54:06",14.55,-0.05,1000,6229900,"S"
"HHV","13:54:04",14.55,-0.05,3000,6228900,"S"
"HHV","13:54:00",14.5,-0.1,700,6225900,"B"
"HHV","13:53:55",14.55,-0.05,800,6225200,"S"
"HHV","13:53:52",14.55,-0.05,100,6224400,"S"
"HHV","13:53:47",14.5,-0.1,1000,6224300,"B"
"HHV","13:53:43",14.55,-0.05,2000,6223300,"S"
"HHV","13:53:35",14.55,-0.05,500,6221300,"S"
"HHV","13:53:29",14.55,-0.05,5000,6220800,"S"
"HHV","13:53:27",14.55,-0.05,500,6215800,"S"
"HHV","13:53:27",14.5,-0.1,1000,6215300,"B"
"HHV","13:53:26",14.5,-0.1,3000,6214300,"B"
"HHV","13:53:24",14.5,-0.1,2000,6211300,"B"
"HHV","13:53:16",14.55,-0.05,100,6209300,"S"
"HHV","13:53:14",14.5,-0.1,500,6209200,"B"
"HHV","13:53:00",14.55,-0.05,200,6208700,"S"
"HHV","13:52:54",14.5,-0.1,4000,6208500,"B"
"HHV","13:52:50",14.5,-0.1,1900,6204500,"B"
"HHV","13:52:49",14.5,-0.1,1100,6202600,"B"
"HHV","13:52:48",14.5,-0.1,2800,6201500,"B"
"HHV","13:52:43",14.55,-0.05,2000,6198700,"S"
"HHV","13:52:42",14.55,-0.05,2000,6196700,"S"
"HHV","13:52:38",14.55,-0.05,100,6194700,"S"
"HHV","13:52:34",14.5,-0.1,300,6194600,"B"
"HHV","13:52:29",14.55,-0.05,1000,6194300,"S"
"HHV","13:52:29",14.55,-0.05,1300,6193300,"S"
"HHV","13:52:28",14.55,-0.05,100,6192000,"S"
"HHV","13:52:22",14.55,-0.05,1000,6191900,"S"
"HHV","13:52:17",14.55,-0.05,300,6190900,"S"
"HHV","13:52:11",14.55,-0.05,3000,6190600,"S"
"HHV","13:52:07",14.55,-0.05,1000,6187600,"S"
"HHV","13:52:06",14.55,-0.05,1000,6186600,"S"
"HHV","13:52:05",14.5,-0.1,500,6185600,"B"
"HHV","13:51:57",14.55,-0.05,200,6185100,"S"
"HHV","13:51:49",14.55,-0.05,10000,6184900,"S"
"HHV","13:51:47",14.55,-0.05,1000,6174900,"S"
"HHV","13:51:43",14.5,-0.1,7000,6173900,"B"
"HHV","13:51:40",14.55,-0.05,1000,6166900,"S"
"HHV","13:51:33",14.55,-0.05,2000,6165900,"S"
"HHV","13:51:32",14.55,-0.05,1300,6163900,"S"
"HHV","13:51:28",14.5,-0.1,4400,6162600,"B"
"HHV","13:51:26",14.55,-0.05,600,6158200,"S"
"HHV","13:51:26",14.5,-0.1,400,6157600,"B"
"HHV","13:51:25",14.5,-0.1,2500,6157200,"B"
"HHV","13:51:23",14.5,-0.1,300,6154700,"B"
"HHV","13:51:20",14.5,-0.1,5000,6154400,"B"
"HHV","13:51:18",14.5,-0.1,200,6149400,"B"
"HHV","13:51:16",14.5,-0.1,300,6149200,"B"
"HHV","13:51:06",14.55,-0.05,200,6148900,"S"
"HHV","13:51:05",14.5,-0.1,1000,6148700,"B"
"HHV","13:50:59",14.5,-0.1,3000,6147700,"B"
"HHV","13:50:58",14.5,-0.1,100,6144700,"B"
"HHV","13:50:54",14.5,-0.1,6500,6144600,"B"
"HHV","13:50:51",14.5,-0.1,2000,6138100,"B"
"HHV","13:50:46",14.5,-0.1,7000,6136100,"B"
"HHV","13:50:44",14.5,-0.1,500,6129100,"B"
"HHV","13:50:44",14.55,-0.05,20000,6128600,"S"
"HHV","13:50:42",14.5,-0.1,500,6108600,"B"
"HHV","13:50:41",14.5,-0.1,5000,6108100,"B"
"HHV","13:50:40",14.5,-0.1,10000,6103100,"B"
"HHV","13:50:39",14.5,-0.1,1300,6093100,"B"
"HHV","13:50:37",14.5,-0.1,3000,6091800,"B"
"HHV","13:50:36",14.5,-0.1,1100,6088800,"B"
"HHV","13:50:35",14.5,-0.1,100,6087700,"B"
"HHV","13:50:24",14.5,-0.1,6900,6087600,"B"
"HHV","13:50:24",14.55,-0.05,200,6080700,"S"
"HHV","13:50:23",14.5,-0.1,3500,6080500,"B"
"HHV","13:50:13",14.55,-0.05,200,6077000,"S"
"HHV","13:50:09",14.55,-0.05,2000,6076800,"S"
"HHV","13:50:05",14.55,-0.05,50600,6074800,"B"
"HHV","13:50:02",14.55,-0.05,10000,6024200,"B"
"HHV","13:50:00",14.55,-0.05,3600,6014200,"B"
"HHV","13:49:58",14.55,-0.05,5000,6010600,"B"
"HHV","13:49:55",14.55,-0.05,26000,6005600,"B"
"HHV","13:49:52",14.55,-0.05,4000,5979600,"B"
"HHV","13:49:43",14.55,-0.05,400,5975600,"B"
"HHV","13:49:39",14.55,-0.05,10000,5975200,"B"
"HHV","13:49:36",14.55,-0.05,500,5965200,"B"
"HHV","13:49:23",14.55,-0.05,16500,5964700,"B"
"HHV","13:49:08",14.55,-0.05,1000,5948200,"B"
"HHV","13:49:05",14.55,-0.05,1000,5947200,"B"
"HHV","13:49:03",14.55,-0.05,13000,5946200,"B"
"HHV","13:49:02",14.55,-0.05,5000,5933200,"B"
"HHV","13:48:35",14.55,-0.05,48000,5928200,"B"
"HHV","13:48:33",14.55,-0.05,500,5880200,"B"
"HHV","13:48:28",14.6,0,500,5879700,"S"
"HHV","13:48:28",14.6,0,400,5879200,"S"
"HHV","13:48:11",14.6,0,1000,5878800,"S"
"HHV","13:47:48",14.6,0,2000,5877800,"S"
"HHV","13:47:47",14.6,0,100,5875800,"S"
"HHV","13:47:45",14.6,0,200,5875700,"S"
"HHV","13:47:35",14.6,0,2000,5875500,"S"
"HHV","13:47:33",14.6,0,500,5873500,"S"
"HHV","13:47:21",14.6,0,200,5873000,"S"
"HHV","13:47:18",14.6,0,1000,5872800,"S"
"HHV","13:47:14",14.6,0,1000,5871800,"S"
"HHV","13:47:12",14.6,0,100,5870800,"S"
"HHV","13:47:09",14.6,0,400,5870700,"S"
"HHV","13:46:53",14.6,0,1000,5870300,"S"
"HHV","13:46:50",14.6,0,1000,5869300,"S"
"HHV","13:46:33",14.6,0,2000,5868300,"B"
"HHV","13:46:31",14.6,0,11100,5866300,"B"
"HHV","13:46:30",14.6,0,18900,5855200,"B"
"HHV","13:46:28",14.6,0,200,5836300,"B"
"HHV","13:46:13",14.6,0,1000,5836100,"B"
"HHV","13:46:06",14.6,0,20000,5835100,"B"
"HHV","13:45:59",14.6,0,9700,5815100,"B"
"HHV","13:45:52",14.6,0,2000,5805400,"B"
"HHV","13:45:34",14.6,0,100,5803400,"B"
"HHV","13:45:28",14.65,0.05,2000,5803300,"S"
"HHV","13:45:26",14.6,0,3000,5801300,"B"
"HHV","13:45:23",14.6,0,200,5798300,"B"
"HHV","13:45:16",14.6,0,500,5798100,"B"
"HHV","13:45:07",14.6,0,1500,5797600,"B"
"HHV","13:44:57",14.65,0.05,3000,5796100,"S"
"HHV","13:44:56",14.65,0.05,400,5793100,"S"
"HHV","13:44:55",14.6,0,100,5792700,"B"
"HHV","13:44:49",14.6,0,500,5792600,"B"
"HHV","13:44:37",14.6,0,6100,5792100,"B"
"HHV","13:44:27",14.6,0,4200,5786000,"B"
"HHV","13:44:05",14.6,0,4400,5781800,"B"
"HHV","13:44:04",14.6,0,800,5777400,"B"
"HHV","13:43:55",14.6,0,2100,5776600,"B"
"HHV","13:43:54",14.6,0,1500,5774500,"B"
"HHV","13:43:33",14.6,0,100,5773000,"B"
"HHV","13:43:27",14.6,0,1000,5772900,"B"
"HHV","13:43:21",14.6,0,400,5771900,"B"
"HHV","13:42:46",14.6,0,200,5771500,"B"
"HHV","13:42:42",14.65,0.05,4700,5771300,"S"
"HHV","13:42:36",14.6,0,30200,5766600,"B"
"HHV","13:42:34",14.6,0,300,5736400,"B"
"HHV","13:42:29",14.6,0,10000,5736100,"B"
"HHV","13:42:28",14.65,0.05,100,5726100,"S"
"HHV","13:42:25",14.6,0,1400,5726000,"B"
"HHV","13:41:40",14.6,0,5000,5724600,"B"
"HHV","13:41:34",14.65,0.05,1000,5719600,"S"
"HHV","13:41:18",14.6,0,1000,5718600,"B"
"HHV","13:41:00",14.65,0.05,700,5717600,"S"
"HHV","13:40:37",14.65,0.05,1000,5716900,"S"
"HHV","13:40:24",14.65,0.05,800,5715900,"S"
"HHV","13:40:02",14.65,0.05,1000,5715100,"S"
"HHV","13:39:57",14.6,0,100,5714100,"B"
"HHV","13:39:56",14.6,0,2800,5714000,"B"
"HHV","13:39:53",14.6,0,3000,5711200,"B"
"HHV","13:39:35",14.6,0,500,5708200,"B"
"HHV","13:39:34",14.6,0,12000,5707700,"B"
"HHV","13:38:58",14.6,0,200,5695700,"B"
"HHV","13:38:56",14.6,0,1500,5695500,"B"
"HHV","13:38:53",14.6,0,500,5694000,"B"
"HHV","13:38:49",14.6,0,400,5693500,"B"
"HHV","13:38:20",14.6,0,500,5693100,"B"
"HHV","13:38:18",14.6,0,3000,5692600,"B"
"HHV","13:37:59",14.6,0,1000,5689600,"B"
"HHV","13:37:51",14.6,0,1000,5688600,"B"
"HHV","13:37:47",14.6,0,2000,5687600,"B"
"HHV","13:37:43",14.6,0,500,5685600,"B"
"HHV","13:37:42",14.6,0,1000,5685100,"B"
"HHV","13:37:40",14.6,0,200,5684100,"B"
"HHV","13:37:38",14.6,0,1000,5683900,"B"
"HHV","13:37:23",14.6,0,2000,5682900,"B"
"HHV","13:37:17",14.6,0,500,5680900,"B"
"HHV","13:37:10",14.6,0,3000,5680400,"B"
"HHV","13:37:07",14.6,0,1000,5677400,"B"
"HHV","13:37:00",14.6,0,1400,5676400,"B"
"HHV","13:36:53",14.6,0,100500,5675000,"B"
"HHV","13:36:53",14.6,0,133800,5574500,"B"
"HHV","13:36:52",14.65,0.05,1000,5440700,"S"
"HHV","13:36:50",14.6,0,2000,5439700,"B"
"HHV","13:36:24",14.6,0,100,5437700,"B"
"HHV","13:36:21",14.6,0,9000,5437600,"B"
"HHV","13:36:20",14.6,0,1000,5428600,"B"
"HHV","13:36:17",14.6,0,700,5427600,"B"
"HHV","13:35:27",14.6,0,10000,5426900,"B"
"HHV","13:35:12",14.6,0,3000,5416900,"B"
"HHV","13:34:33",14.65,0.05,4800,5413900,"S"
"HHV","13:34:28",14.65,0.05,100,5409100,"S"
"HHV","13:34:21",14.65,0.05,10000,5409000,"S"
"HHV","13:34:01",14.65,0.05,1000,5399000,"S"
"HHV","13:33:39",14.65,0.05,400,5398000,"S"
"HHV","13:33:16",14.65,0.05,5700,5397600,"B"
"HHV","13:33:07",14.65,0.05,100,5391900,"B"
"HHV","13:33:06",14.7,0.1,500,5391800,"S"
"HHV","13:33:03",14.65,0.05,500,5391300,"B"
"HHV","13:32:56",14.65,0.05,3200,5390800,"B"
"HHV","13:32:55",14.65,0.05,1000,5387600,"B"
"HHV","13:32:54",14.65,0.05,50000,5386600,"B"
"HHV","13:32:47",14.65,0.05,5000,5336600,"B"
"HHV","13:32:40",14.65,0.05,500,5331600,"B"
"HHV","13:32:31",14.65,0.05,2000,5331100,"B"
"HHV","13:32:22",14.65,0.05,2000,5329100,"B"
"HHV","13:32:20",14.65,0.05,3600,5327100,"B"
"HHV","13:32:18",14.65,0.05,30000,5323500,"B"
"HHV","13:32:17",14.65,0.05,1100,5293500,"B"
"HHV","13:32:11",14.65,0.05,600,5292400,"B"
"HHV","13:32:09",14.65,0.05,2000,5291800,"B"
"HHV","13:32:07",14.65,0.05,10000,5289800,"B"
"HHV","13:32:03",14.65,0.05,8100,5279800,"B"
"HHV","13:31:50",14.65,0.05,1500,5271700,"B"
"HHV","13:31:50",14.65,0.05,500,5270200,"B"
"HHV","13:31:34",14.65,0.05,200,5269700,"B"
"HHV","13:31:31",14.65,0.05,500,5269500,"B"
"HHV","13:31:23",14.65,0.05,15000,5269000,"B"
"HHV","13:31:21",14.7,0.1,20500,5254000,"S"
"HHV","13:31:19",14.65,0.05,500,5233500,"B"
"HHV","13:31:15",14.7,0.1,300,5233000,"S"
"HHV","13:31:11",14.65,0.05,200,5232700,"B"
"HHV","13:31:05",14.7,0.1,200,5232500,"S"
"HHV","13:31:02",14.65,0.05,300,5232300,"B"
"HHV","13:30:40",14.7,0.1,300,5232000,"S"
"HHV","13:30:38",14.7,0.1,100,5231700,"S"
"HHV","13:30:34",14.7,0.1,300,5231600,"S"
"HHV","13:30:33",14.7,0.1,200,5231300,"S"
"HHV","13:30:11",14.7,0.1,2500,5231100,"S"
"HHV","13:29:55",14.7,0.1,300,5228600,"S"
"HHV","13:29:44",14.7,0.1,2000,5228300,"S"
"HHV","13:29:34",14.7,0.1,200,5226300,"S"
"HHV","13:29:14",14.7,0.1,500,5226100,"S"
"HHV","13:28:40",14.7,0.1,5000,5225600,"S"
"HHV","13:28:39",14.7,0.1,13500,5220600,"B"
"HHV","13:28:38",14.7,0.1,500,5207100,"B"
"HHV","13:28:35",14.7,0.1,11500,5206600,"B"
"HHV","13:28:34",14.7,0.1,20000,5195100,"B"
"HHV","13:28:31",14.7,0.1,2000,5175100,"B"
"HHV","13:28:30",14.7,0.1,500,5173100,"B"
"HHV","13:28:24",14.7,0.1,4000,5172600,"B"
"HHV","13:28:17",14.7,0.1,13600,5168600,"B"
"HHV","13:28:12",14.7,0.1,500,5155000,"B"
"HHV","13:28:08",14.7,0.1,2000,5154500,"B"
"HHV","13:28:01",14.7,0.1,5000,5152500,"B"
"HHV","13:28:00",14.7,0.1,2700,5147500,"B"
"HHV","13:28:00",14.7,0.1,2000,5144800,"B"
"HHV","13:27:44",14.7,0.1,100,5142800,"B"
"HHV","13:27:40",14.7,0.1,10000,5142700,"B"
"HHV","13:27:38",14.7,0.1,300,5132700,"B"
"HHV","13:27:36",14.7,0.1,3000,5132400,"B"
"HHV","13:27:31",14.7,0.1,5000,5129400,"B"
"HHV","13:27:24",14.7,0.1,3000,5124400,"B"
"HHV","13:27:22",14.7,0.1,4000,5121400,"B"
"HHV","13:27:17",14.7,0.1,5000,5117400,"B"
"HHV","13:27:07",14.7,0.1,2000,5112400,"B"
"HHV","13:26:53",14.75,0.15,300,5110400,"S"
"HHV","13:26:48",14.7,0.1,5000,5110100,"B"
"HHV","13:26:42",14.75,0.15,800,5105100,"S"
"HHV","13:26:38",14.75,0.15,200,5104300,"S"
"HHV","13:26:27",14.75,0.15,200,5104100,"S"
"HHV","13:26:19",14.75,0.15,1300,5103900,"S"
"HHV","13:26:17",14.75,0.15,100,5102600,"S"
"HHV","13:26:02",14.75,0.15,2000,5102500,"S"
"HHV","13:25:52",14.75,0.15,300,5100500,"S"
"HHV","13:25:43",14.75,0.15,800,5100200,"S"
"HHV","13:25:31",14.75,0.15,100,5099400,"S"
"HHV","13:25:30",14.7,0.1,1800,5099300,"B"
"HHV","13:25:28",14.75,0.15,1000,5097500,"S"
"HHV","13:25:22",14.7,0.1,5000,5096500,"B"
"HHV","13:25:10",14.75,0.15,1000,5091500,"S"
"HHV","13:24:49",14.75,0.15,1000,5090500,"S"
"HHV","13:24:22",14.75,0.15,200,5089500,"S"
"HHV","13:24:20",14.7,0.1,500,5089300,"B"
"HHV","13:23:58",14.7,0.1,2000,5088800,"B"
"HHV","13:23:53",14.7,0.1,97300,5086800,"S"
"HHV","13:23:51",14.7,0.1,2100,4989500,"S"
"HHV","13:23:32",14.7,0.1,100,4987400,"S"
"HHV","13:23:20",14.7,0.1,100,4987300,"S"
"HHV","13:22:44",14.65,0.05,1300,4987200,"B"
"HHV","13:22:38",14.65,0.05,1000,4985900,"B"
"HHV","13:22:31",14.65,0.05,6300,4984900,"B"
"HHV","13:22:29",14.65,0.05,400,4978600,"B"
"HHV","13:22:07",14.65,0.05,100,4978200,"B"
"HHV","13:21:38",14.65,0.05,1400,4978100,"B"
"HHV","13:21:31",14.65,0.05,3100,4976700,"B"
"HHV","13:21:31",14.7,0.1,500,4973600,"S"
"HHV","13:21:29",14.65,0.05,7200,4973100,"B"
"HHV","13:21:23",14.65,0.05,16400,4965900,"B"
"HHV","13:21:14",14.65,0.05,500,4949500,"B"
"HHV","13:21:08",14.65,0.05,10000,4949000,"B"
"HHV","13:21:02",14.7,0.1,500,4939000,"S"
"HHV","13:20:54",14.7,0.1,2000,4938500,"S"
"HHV","13:20:42",14.65,0.05,1000,4936500,"B"
"HHV","13:20:35",14.65,0.05,100,4935500,"B"
"HHV","13:20:31",14.65,0.05,6300,4935400,"B"
"HHV","13:20:13",14.65,0.05,2000,4929100,"B"
"HHV","13:20:05",14.65,0.05,30000,4927100,"B"
"HHV","13:20:02",14.65,0.05,2000,4897100,"B"
"HHV","13:19:58",14.65,0.05,800,4895100,"S"
"HHV","13:19:57",14.65,0.05,1000,4894300,"S"
"HHV","13:19:55",14.65,0.05,500,4893300,"S"
"HHV","13:19:54",14.65,0.05,300,4892800,"S"
"HHV","13:19:50",14.65,0.05,1000,4892500,"S"
"HHV","13:19:49",14.6,0,200,4891500,"B"
"HHV","13:19:47",14.65,0.05,1900,4891300,"B"
"HHV","13:19:38",14.65,0.05,500,4889400,"B"
"HHV","13:19:35",14.65,0.05,300,4888900,"B"
"HHV","13:19:32",14.65,0.05,300,4888600,"S"
"HHV","13:19:29",14.65,0.05,100,4888300,"B"
"HHV","13:19:13",14.6,0,10900,4888200,"B"
"HHV","13:19:13",14.65,0.05,3500,4877300,"B"
"HHV","13:19:10",14.65,0.05,30000,4873800,"B"
"HHV","13:19:06",14.65,0.05,500,4843800,"B"
"HHV","13:18:36",14.65,0.05,5000,4843300,"B"
"HHV","13:18:27",14.65,0.05,500,4838300,"B"
"HHV","13:18:13",14.65,0.05,2100,4837800,"B"
"HHV","13:18:06",14.65,0.05,100,4835700,"B"
"HHV","13:17:55",14.65,0.05,2000,4835600,"B"
"HHV","13:17:42",14.65,0.05,100,4833600,"B"
"HHV","13:17:35",14.65,0.05,100,4833500,"B"
"HHV","13:17:32",14.65,0.05,1000,4833400,"S"
"HHV","13:17:30",14.6,0,12600,4832400,"B"
"HHV","13:17:30",14.65,0.05,17400,4819800,"B"
"HHV","13:17:29",14.65,0.05,600,4802400,"B"
"HHV","13:17:27",14.65,0.05,400,4801800,"B"
"HHV","13:17:23",14.65,0.05,100,4801400,"B"
"HHV","13:17:19",14.65,0.05,200,4801300,"B"
"HHV","13:17:18",14.65,0.05,1000,4801100,"B"
"HHV","13:17:17",14.65,0.05,4300,4800100,"S"
"HHV","13:17:16",14.65,0.05,500,4795800,"S"
"HHV","13:17:14",14.65,0.05,7700,4795300,"S"
"HHV","13:17:14",14.65,0.05,2300,4787600,"S"
"HHV","13:17:08",14.65,0.05,100,4785300,"S"
"HHV","13:17:08",14.65,0.05,200,4785200,"S"
"HHV","13:17:07",14.65,0.05,2000,4785000,"S"
"HHV","13:16:59",14.65,0.05,3300,4783000,"B"
"HHV","13:16:48",14.65,0.05,100,4779700,"B"
"HHV","13:16:46",14.65,0.05,200,4779600,"B"
"HHV","13:16:41",14.65,0.05,400,4779400,"B"
"HHV","13:16:40",14.65,0.05,100,4779000,"B"
"HHV","13:16:37",14.65,0.05,900,4778900,"B"
"HHV","13:16:32",14.65,0.05,8600,4778000,"B"
"HHV","13:16:32",14.65,0.05,1400,4769400,"B"
"HHV","13:16:30",14.65,0.05,2700,4768000,"B"
"HHV","13:16:18",14.65,0.05,300,4765300,"B"
"HHV","13:16:10",14.65,0.05,500,4765000,"B"
"HHV","13:16:08",14.65,0.05,2500,4764500,"B"
"HHV","13:15:59",14.65,0.05,500,4762000,"B"
"HHV","13:15:45",14.65,0.05,300,4761500,"B"
"HHV","13:15:26",14.65,0.05,9800,4761200,"S"
"HHV","13:15:17",14.65,0.05,8400,4751400,"B"
"HHV","13:15:10",14.65,0.05,5000,4743000,"B"
"HHV","13:14:54",14.65,0.05,300,4738000,"B"
"HHV","13:14:45",14.65,0.05,2000,4737700,"B"
"HHV","13:14:32",14.65,0.05,600,4735700,"S"
"HHV","13:14:31",14.65,0.05,4900,4735100,"B"
"HHV","13:14:11",14.65,0.05,1100,4730200,"S"
"HHV","13:14:01",14.65,0.05,200,4729100,"S"
"HHV","13:14:00",14.65,0.05,100,4728900,"S"
"HHV","13:13:56",14.65,0.05,5600,4728800,"B"
"HHV","13:13:48",14.65,0.05,3000,4723200,"B"
"HHV","13:13:47",14.65,0.05,100,4720200,"B"
"HHV","13:13:33",14.65,0.05,600,4720100,"B"
"HHV","13:13:19",14.7,0.1,200,4719500,"S"
"HHV","13:13:15",14.65,0.05,1400,4719300,"B"
"HHV","13:13:03",14.65,0.05,200,4717900,"B"
"HHV","13:12:51",14.65,0.05,200,4717700,"B"
"HHV","13:12:39",14.65,0.05,10000,4717500,"B"
"HHV","13:12:17",14.65,0.05,3500,4707500,"S"
"HHV","13:12:17",14.65,0.05,16500,4704000,"B"
"HHV","13:12:12",14.7,0.1,5000,4687500,"S"
"HHV","13:12:02",14.65,0.05,4000,4682500,"S"
"HHV","13:11:54",14.65,0.05,1300,4678500,"S"
"HHV","13:11:43",14.65,0.05,500,4677200,"S"
"HHV","13:11:40",14.65,0.05,60000,4676700,"S"
"HHV","13:11:29",14.65,0.05,900,4616700,"S"
"HHV","13:11:26",14.65,0.05,100,4615800,"S"
"HHV","13:11:19",14.65,0.05,1000,4615700,"S"
"HHV","13:11:19",14.6,0,1200,4614700,"B"
"HHV","13:11:17",14.65,0.05,1000,4613500,"S"
"HHV","13:11:11",14.65,0.05,5000,4612500,"S"
"HHV","13:10:58",14.65,0.05,200,4607500,"S"
"HHV","13:10:56",14.65,0.05,500,4607300,"S"
"HHV","13:10:51",14.65,0.05,16900,4606800,"B"
"HHV","13:10:43",14.7,0.1,400,4589900,"S"
"HHV","13:10:37",14.65,0.05,13100,4589500,"S"
"HHV","13:10:35",14.65,0.05,100,4576400,"S"
"HHV","13:10:32",14.65,0.05,5000,4576300,"S"
"HHV","13:10:31",14.65,0.05,100,4571300,"S"
"HHV","13:10:14",14.65,0.05,3700,4571200,"B"
"HHV","13:10:11",14.65,0.05,200,4567500,"B"
"HHV","13:10:04",14.65,0.05,10300,4567300,"B"
"HHV","13:10:00",14.65,0.05,10000,4557000,"B"
"HHV","13:09:46",14.65,0.05,2000,4547000,"B"
"HHV","13:09:44",14.65,0.05,800,4545000,"B"
"HHV","13:09:19",14.65,0.05,6000,4544200,"B"
"HHV","13:09:17",14.65,0.05,18000,4538200,"B"
"HHV","13:09:10",14.65,0.05,1000,4520200,"B"
"HHV","13:08:51",14.65,0.05,3000,4519200,"B"
"HHV","13:08:49",14.65,0.05,30000,4516200,"B"
"HHV","13:08:41",14.65,0.05,2000,4486200,"B"
"HHV","13:08:38",14.65,0.05,2500,4484200,"B"
"HHV","13:08:28",14.65,0.05,3000,4481700,"B"
"HHV","13:08:20",14.65,0.05,7000,4478500,"B"
"HHV","13:08:17",14.65,0.05,400,4471500,"B"
"HHV","13:07:33",14.65,0.05,1000,4471100,"B"
"HHV","13:06:51",14.65,0.05,1500,4470100,"S"
"HHV","13:06:51",14.6,0,5000,4468600,"B"
"HHV","13:06:38",14.65,0.05,10000,4463600,"S"
"HHV","13:06:26",14.65,0.05,10000,4453600,"S"
"HHV","13:06:17",14.65,0.05,200,4443600,"S"
"HHV","13:06:11",14.65,0.05,8200,4443400,"B"
"HHV","13:06:08",14.65,0.05,200,4435200,"B"
"HHV","13:06:06",14.65,0.05,51600,4435000,"S"
"HHV","13:06:03",14.6,0,7000,4383400,"B"
"HHV","13:05:53",14.65,0.05,500,4376400,"S"
"HHV","13:05:48",14.65,0.05,30000,4375900,"S"
"HHV","13:05:40",14.65,0.05,12300,4345900,"B"
"HHV","13:05:39",14.65,0.05,300,4333600,"B"
"HHV","13:05:36",14.65,0.05,1000,4333300,"B"
"HHV","13:05:35",14.65,0.05,15000,4332300,"B"
"HHV","13:05:30",14.65,0.05,1800,4317300,"B"
"HHV","13:05:21",14.65,0.05,2000,4315500,"B"
"HHV","13:05:18",14.65,0.05,3100,4313500,"B"
"HHV","13:05:17",14.65,0.05,1200,4310400,"B"
"HHV","13:05:09",14.65,0.05,500,4309200,"B"
"HHV","13:05:06",14.65,0.05,1000,4308700,"B"
"HHV","13:05:02",14.65,0.05,20000,4307700,"B"
"HHV","13:05:00",14.7,0.1,1500,4287700,"S"
"HHV","13:04:59",14.65,0.05,200,4286200,"B"
"HHV","13:04:52",14.65,0.05,1200,4286000,"B"
"HHV","13:04:50",14.65,0.05,20000,4284800,"B"
"HHV","13:04:20",14.65,0.05,1000,4264800,"B"
"HHV","13:04:16",14.65,0.05,1200,4263800,"B"
"HHV","13:03:52",14.65,0.05,1000,4262600,"B"
"HHV","13:03:51",14.65,0.05,1000,4261600,"B"
"HHV","13:03:46",14.65,0.05,1900,4260600,"B"
"HHV","13:03:37",14.65,0.05,100,4258700,"B"
"HHV","13:03:36",14.65,0.05,10000,4258600,"B"
"HHV","13:03:31",14.65,0.05,2000,4248600,"B"
"HHV","13:03:30",14.65,0.05,20000,4246600,"B"
"HHV","13:03:26",14.65,0.05,500,4226600,"B"
"HHV","13:03:25",14.65,0.05,300,4226100,"B"
"HHV","13:03:22",14.65,0.05,400,4225800,"B"
"HHV","13:03:05",14.65,0.05,600,4225400,"B"
"HHV","13:03:01",14.65,0.05,1700,4224800,"B"
"HHV","13:02:56",14.65,0.05,12900,4223100,"S"
"HHV","13:02:36",14.65,0.05,1000,4210200,"S"
"HHV","13:02:28",14.6,0,300,4209200,"B"
"HHV","13:02:25",14.6,0,3000,4208900,"B"
"HHV","13:02:23",14.65,0.05,500,4205900,"S"
"HHV","13:02:19",14.65,0.05,5500,4205400,"S"
"HHV","13:02:18",14.65,0.05,10000,4199900,"S"
"HHV","13:02:11",14.65,0.05,9600,4189900,"B"
"HHV","13:02:02",14.65,0.05,1000,4180300,"B"
"HHV","13:02:01",14.65,0.05,300,4179300,"B"
"HHV","13:01:57",14.65,0.05,100,4179000,"B"
"HHV","13:01:47",14.65,0.05,600,4178900,"B"
"HHV","13:01:37",14.65,0.05,8500,4178300,"S"
"HHV","13:01:29",14.65,0.05,14900,4169800,"B"
"HHV","13:01:01",14.65,0.05,30000,4154900,"B"
"HHV","13:00:36",14.65,0.05,2000,4124900,"B"
"HHV","13:00:34",14.65,0.05,29000,4122900,"S"
"HHV","13:00:26",14.65,0.05,30000,4093900,"S"
"HHV","13:00:21",14.6,0,1000,4063900,"B"
"HHV","13:00:18",14.6,0,200,4062900,"B"
"HHV","13:00:18",14.65,0.05,100,4062700,"S"
"HHV","13:00:14",14.65,0.05,100,4062600,"S"
"HHV","13:00:08",14.65,0.05,400,4062500,"S"
"HHV","13:00:07",14.65,0.05,500,4062100,"S"
"HHV","13:00:06",14.65,0.05,1500,4061600,"S"
"HHV","13:00:06",14.65,0.05,100,4060100,"S"
"HHV","13:00:05",14.6,0,7300,4060000,"B"
"HHV","13:00:05",14.65,0.05,500,4052700,"S"
"HHV","13:00:04",14.65,0.05,3200,4052200,"B"
"HHV","13:00:03",14.65,0.05,16300,4049000,"B"
"HHV","11:29:52",14.65,0.05,200,4032700,"B"
"HHV","11:29:51",14.65,0.05,2000,4032500,"B"
"HHV","11:29:47",14.65,0.05,500,4030500,"B"
"HHV","11:29:35",14.65,0.05,500,4030000,"B"
"HHV","11:29:31",14.65,0.05,500,4029500,"B"
"HHV","11:29:30",14.65,0.05,600,4029000,"B"
"HHV","11:29:09",14.65,0.05,10000,4028400,"B"
"HHV","11:29:04",14.65,0.05,2500,4018400,"B"
"HHV","11:28:11",14.65,0.05,30000,4015900,"B"
"HHV","11:28:05",14.65,0.05,500,3985900,"B"
"HHV","11:28:04",14.65,0.05,500,3985400,"B"
"HHV","11:27:22",14.65,0.05,5000,3984900,"B"
"HHV","11:26:58",14.7,0.1,500,3979900,"S"
"HHV","11:26:46",14.65,0.05,5000,3979400,"B"
"HHV","11:26:44",14.65,0.05,500,3974400,"B"
"HHV","11:26:23",14.65,0.05,5000,3973900,"B"
"HHV","11:26:07",14.65,0.05,700,3968900,"B"
"HHV","11:24:59",14.7,0.1,800,3968200,"S"
"HHV","11:24:33",14.6,0,100,3967400,"B"
"HHV","11:24:33",14.65,0.05,26100,3967300,"S"
"HHV","11:23:50",14.65,0.05,800,3941200,"S"
"HHV","11:23:47",14.65,0.05,200,3940400,"S"
"HHV","11:23:46",14.65,0.05,3200,3940200,"S"
"HHV","11:23:07",14.65,0.05,1400,3937000,"S"
"HHV","11:22:58",14.65,0.05,5600,3935600,"S"
"HHV","11:22:57",14.65,0.05,100,3930000,"S"
"HHV","11:22:46",14.65,0.05,2000,3929900,"S"
"HHV","11:22:36",14.65,0.05,200,3927900,"S"
"HHV","11:22:33",14.65,0.05,5000,3927700,"S"
"HHV","11:22:31",14.65,0.05,1000,3922700,"S"
"HHV","11:22:18",14.65,0.05,2000,3921700,"S"
"HHV","11:21:36",14.65,0.05,700,3919700,"S"
"HHV","11:21:30",14.65,0.05,2000,3919000,"S"
"HHV","11:20:58",14.65,0.05,2000,3917000,"S"
"HHV","11:20:49",14.6,0,500,3915000,"B"
"HHV","11:20:25",14.6,0,1000,3914500,"B"
"HHV","11:20:18",14.65,0.05,1000,3913500,"S"
"HHV","11:19:48",14.6,0,300,3912500,"B"
"HHV","11:19:24",14.6,0,8100,3912200,"B"
"HHV","11:19:17",14.65,0.05,2000,3904100,"S"
"HHV","11:19:03",14.6,0,400,3902100,"B"
"HHV","11:18:55",14.6,0,5000,3901700,"B"
"HHV","11:16:41",14.6,0,4500,3896700,"B"
"HHV","11:15:50",14.6,0,1000,3892200,"B"
"HHV","11:15:22",14.65,0.05,500,3891200,"S"
"HHV","11:14:17",14.6,0,200,3890700,"B"
"HHV","11:13:47",14.6,0,800,3890500,"B"
"HHV","11:13:40",14.65,0.05,100,3889700,"S"
"HHV","11:13:25",14.6,0,1000,3889600,"B"
"HHV","11:13:19",14.6,0,30000,3888600,"B"
"HHV","11:12:45",14.6,0,20000,3858600,"B"
"HHV","11:12:42",14.65,0.05,1200,3838600,"S"
"HHV","11:12:15",14.6,0,3000,3837400,"B"
"HHV","11:12:06",14.6,0,700,3834400,"B"
"HHV","11:11:50",14.6,0,10500,3833700,"B"
"HHV","11:10:35",14.6,0,400,3823200,"B"
"HHV","11:09:44",14.6,0,200,3822800,"B"
"HHV","11:09:21",14.6,0,400,3822600,"B"
"HHV","11:09:12",14.6,0,8000,3822200,"B"
"HHV","11:08:51",14.6,0,2000,3814200,"B"
"HHV","11:08:50",14.6,0,23200,3812200,"S"
"HHV","11:08:49",14.6,0,48900,3789000,"S"
"HHV","11:08:43",14.6,0,500,3740100,"S"
"HHV","11:08:40",14.6,0,3000,3739600,"S"
"HHV","11:08:34",14.55,-0.05,800,3736600,"B"
"HHV","11:08:33",14.6,0,4000,3735800,"S"
"HHV","11:08:23",14.6,0,2000,3731800,"S"
"HHV","11:07:40",14.55,-0.05,200,3729800,"B"
"HHV","11:07:35",14.6,0,5000,3729600,"S"
"HHV","11:07:24",14.6,0,500,3724600,"S"
"HHV","11:07:17",14.6,0,300,3724100,"S"
"HHV","11:07:12",14.6,0,1000,3723800,"S"
"HHV","11:06:50",14.6,0,1700,3722800,"S"
"HHV","11:06:43",14.6,0,200,3721100,"S"
"HHV","11:06:16",14.6,0,400,3720900,"S"
"HHV","11:06:00",14.6,0,100,3720500,"S"
"HHV","11:05:41",14.6,0,3500,3720400,"S"
"HHV","11:05:35",14.6,0,20000,3716900,"S"
"HHV","11:05:28",14.6,0,600,3696900,"S"
"HHV","11:04:18",14.55,-0.05,20000,3696300,"B"
"HHV","11:03:58",14.55,-0.05,5000,3676300,"B"
"HHV","11:03:48",14.6,0,300,3671300,"S"
"HHV","11:03:45",14.6,0,3000,3671000,"S"
"HHV","11:03:33",14.6,0,100,3668000,"S"
"HHV","11:03:26",14.55,-0.05,5000,3667900,"B"
"HHV","11:03:07",14.6,0,3000,3662900,"S"
"HHV","11:02:41",14.6,0,500,3659900,"S"
"HHV","11:02:40",14.6,0,1000,3659400,"S"
"HHV","11:02:31",14.6,0,200,3658400,"S"
"HHV","11:02:07",14.55,-0.05,10000,3658200,"B"
"HHV","11:00:17",14.55,-0.05,200,3648200,"B"
"HHV","11:00:10",14.6,0,100,3648000,"S"
"HHV","10:59:54",14.55,-0.05,1000,3647900,"B"
"HHV","10:59:43",14.55,-0.05,600,3646900,"B"
"HHV","10:58:56",14.6,0,10000,3646300,"S"
"HHV","10:58:43",14.55,-0.05,1000,3636300,"B"
"HHV","10:58:19",14.6,0,1000,3635300,"S"
"HHV","10:58:08",14.6,0,100,3634300,"S"
"HHV","10:57:48",14.55,-0.05,4000,3634200,"B"
"HHV","10:57:31",14.6,0,6200,3630200,"B"
"HHV","10:57:30",14.6,0,109500,3624000,"B"
"HHV","10:56:49",14.6,0,20000,3514500,"B"
"HHV","10:56:30",14.6,0,10000,3494500,"B"
"HHV","10:56:29",14.6,0,3000,3484500,"B"
"HHV","10:55:47",14.6,0,500,3481500,"B"
"HHV","10:55:10",14.65,0.05,1000,3481000,"S"
"HHV","10:54:56",14.65,0.05,100,3480000,"S"
"HHV","10:54:55",14.6,0,500,3479900,"B"
"HHV","10:54:45",14.65,0.05,300,3479400,"S"
"HHV","10:54:04",14.65,0.05,500,3479100,"S"
"HHV","10:53:48",14.65,0.05,100,3478600,"S"
"HHV","10:53:32",14.65,0.05,100,3478500,"S"
"HHV","10:53:27",14.6,0,2000,3478400,"B"
"HHV","10:53:14",14.6,0,1000,3476400,"B"
"HHV","10:52:53",14.6,0,500,3475000,"B"
"HHV","10:52:43",14.65,0.05,100,3474500,"S"
"HHV","10:51:19",14.65,0.05,3100,3474400,"B"
"HHV","10:51:03",14.65,0.05,500,3471300,"B"
"HHV","10:51:01",14.65,0.05,200,3470800,"B"
"HHV","10:50:49",14.65,0.05,100,3470600,"S"
"HHV","10:50:47",14.65,0.05,1400,3470500,"B"
"HHV","10:50:01",14.65,0.05,800,3469100,"B"
"HHV","10:49:34",14.65,0.05,400,3468300,"S"
"HHV","10:49:19",14.65,0.05,300,3467800,"S"
"HHV","10:49:16",14.65,0.05,200,3467500,"B"
"HHV","10:49:05",14.65,0.05,900,3467300,"S"
"HHV","10:48:59",14.65,0.05,1000,3466400,"S"
"HHV","10:48:33",14.6,0,4800,3465400,"B"
"HHV","10:48:33",14.65,0.05,500,3460600,"S"
"HHV","10:48:27",14.65,0.05,9200,3460100,"B"
"HHV","10:48:23",14.65,0.05,500,3450900,"B"
"HHV","10:48:18",14.65,0.05,4000,3450400,"B"
"HHV","10:48:14",14.65,0.05,6400,3446400,"S"
"HHV","10:47:57",14.65,0.05,20000,3440000,"S"
"HHV","10:47:30",14.65,0.05,1000,3420000,"S"
"HHV","10:47:28",14.65,0.05,3300,3419000,"B"
"HHV","10:47:15",14.65,0.05,14000,3415700,"B"
"HHV","10:47:07",14.65,0.05,100,3401700,"B"
"HHV","10:46:50",14.65,0.05,3700,3401600,"S"
"HHV","10:46:41",14.65,0.05,2000,3397900,"S"
"HHV","10:46:27",14.65,0.05,1000,3395900,"S"
"HHV","10:46:11",14.65,0.05,1000,3394900,"S"
"HHV","10:46:09",14.65,0.05,10000,3393900,"S"
"HHV","10:45:16",14.65,0.05,200,3383900,"S"
"HHV","10:45:00",14.65,0.05,100,3383700,"S"
"HHV","10:44:32",14.65,0.05,200,3383600,"S"
"HHV","10:44:22",14.65,0.05,100,3383400,"S"
"HHV","10:44:19",14.65,0.05,2000,3383300,"B"
"HHV","10:43:36",14.65,0.05,2500,3381300,"B"
"HHV","10:43:35",14.65,0.05,22500,3378800,"B"
"HHV","10:43:32",14.65,0.05,1000,3356300,"B"
"HHV","10:43:22",14.65,0.05,2000,3355300,"B"
"HHV","10:43:18",14.65,0.05,500,3353300,"B"
"HHV","10:43:07",14.65,0.05,1000,3352800,"B"
"HHV","10:42:30",14.65,0.05,4000,3351800,"B"
"HHV","10:42:29",14.65,0.05,1000,3347800,"B"
"HHV","10:42:27",14.65,0.05,3000,3346800,"B"
"HHV","10:41:50",14.65,0.05,1500,3343800,"S"
"HHV","10:41:35",14.6,0,700,3342300,"B"
"HHV","10:41:34",14.6,0,10000,3341600,"B"
"HHV","10:41:26",14.65,0.05,1000,3331600,"S"
"HHV","10:41:23",14.6,0,1000,3330600,"B"
"HHV","10:40:43",14.6,0,2800,3329600,"B"
"HHV","10:40:43",14.65,0.05,3200,3326800,"B"
"HHV","10:40:34",14.65,0.05,16000,3323600,"B"
"HHV","10:40:25",14.65,0.05,20000,3307600,"B"
"HHV","10:40:07",14.65,0.05,100,3287600,"B"
"HHV","10:39:48",14.65,0.05,200,3287500,"B"
"HHV","10:39:31",14.65,0.05,2000,3287300,"B"
"HHV","10:39:18",14.65,0.05,16000,3285300,"S"
"HHV","10:39:03",14.65,0.05,36600,3269300,"B"
"HHV","10:38:30",14.7,0.1,500,3232700,"S"
"HHV","10:38:27",14.65,0.05,500,3232200,"B"
"HHV","10:38:14",14.65,0.05,5000,3231700,"B"
"HHV","10:38:13",14.65,0.05,500,3226700,"B"
"HHV","10:37:56",14.65,0.05,2000,3226200,"B"
"HHV","10:37:22",14.65,0.05,500,3224200,"B"
"HHV","10:37:09",14.65,0.05,10000,3223700,"B"
"HHV","10:37:05",14.65,0.05,9000,3213700,"B"
"HHV","10:37:02",14.65,0.05,3000,3204700,"B"
"HHV","10:36:56",14.65,0.05,10000,3201700,"B"
"HHV","10:36:43",14.65,0.05,5000,3191700,"B"
"HHV","10:36:37",14.65,0.05,500,3186700,"B"
"HHV","10:36:36",14.7,0.1,5000,3186200,"S"
"HHV","10:36:13",14.65,0.05,25500,3181200,"B"
"HHV","10:35:57",14.7,0.1,100,3155700,"S"
"HHV","10:35:43",14.65,0.05,200,3155600,"B"
"HHV","10:34:57",14.65,0.05,100,3155400,"B"
"HHV","10:34:44",14.65,0.05,1300,3155300,"B"
"HHV","10:34:39",14.65,0.05,2000,3154000,"B"
"HHV","10:34:13",14.7,0.1,200,3152000,"S"
"HHV","10:33:55",14.7,0.1,500,3151800,"S"
"HHV","10:32:51",14.7,0.1,5000,3151300,"S"
"HHV","10:32:50",14.7,0.1,1800,3146300,"S"
"HHV","10:32:40",14.7,0.1,200,3144500,"S"
"HHV","10:32:35",14.65,0.05,1000,3144300,"B"
"HHV","10:32:35",14.7,0.1,1000,3143300,"S"
"HHV","10:32:29",14.7,0.1,1000,3142300,"S"
"HHV","10:32:22",14.7,0.1,1000,3141300,"S"
"HHV","10:31:50",14.7,0.1,1000,3140300,"S"
"HHV","10:31:47",14.7,0.1,3000,3139300,"S"
"HHV","10:31:33",14.7,0.1,100,3136300,"S"
"HHV","10:31:23",14.7,0.1,500,3136200,"S"
"HHV","10:31:22",14.65,0.05,1400,3135700,"B"
"HHV","10:30:50",14.7,0.1,3000,3134300,"S"
"HHV","10:30:30",14.7,0.1,300,3131300,"S"
"HHV","10:30:24",14.7,0.1,200,3131000,"S"
"HHV","10:30:03",14.7,0.1,500,3130800,"S"
"HHV","10:29:53",14.7,0.1,2000,3130300,"S"
"HHV","10:29:41",14.7,0.1,400,3128300,"S"
"HHV","10:29:33",14.7,0.1,500,3127900,"S"
"HHV","10:28:52",14.7,0.1,200,3127400,"S"
"HHV","10:28:12",14.65,0.05,100,3127200,"B"
"HHV","10:27:21",14.65,0.05,500,3127100,"B"
"HHV","10:26:52",14.65,0.05,700,3126600,"S"
"HHV","10:26:37",14.65,0.05,5100,3125900,"S"
"HHV","10:26:36",14.65,0.05,100,3120800,"S"
"HHV","10:26:33",14.65,0.05,4500,3120700,"B"
"HHV","10:25:57",14.65,0.05,500,3116200,"B"
"HHV","10:25:39",14.65,0.05,2000,3115700,"B"
"HHV","10:25:21",14.65,0.05,100,3113700,"B"
"HHV","10:25:19",14.65,0.05,3400,3113600,"S"
"HHV","10:24:59",14.65,0.05,500,3110200,"S"
"HHV","10:24:57",14.65,0.05,100,3109700,"S"
"HHV","10:24:51",14.65,0.05,2000,3109600,"S"
"HHV","10:24:48",14.65,0.05,500,3107600,"S"
"HHV","10:24:47",14.65,0.05,100,3107100,"S"
"HHV","10:24:32",14.65,0.05,1000,3107000,"S"
"HHV","10:24:20",14.6,0,500,3106000,"B"
"HHV","10:24:17",14.6,0,3000,3105500,"B"
"HHV","10:23:40",14.55,-0.05,700,3102500,"B"
"HHV","10:23:40",14.55,-0.05,6200,3101800,"B"
"HHV","10:23:38",14.6,0,18200,3092500,"S"
"HHV","10:23:36",14.6,0,1000,3074300,"S"
"HHV","10:23:33",14.6,0,2000,3073300,"S"
"HHV","10:23:32",14.6,0,11000,3071300,"S"
"HHV","10:23:31",14.6,0,1500,3060300,"S"
"HHV","10:23:30",14.6,0,2500,3058800,"S"
"HHV","10:23:22",14.6,0,1000,3056300,"S"
"HHV","10:23:17",14.6,0,20000,3055300,"S"
"HHV","10:23:11",14.55,-0.05,1000,3035300,"B"
"HHV","10:23:02",14.55,-0.05,5000,3034300,"B"
"HHV","10:22:50",14.55,-0.05,3700,3029300,"B"
"HHV","10:22:48",14.55,-0.05,100,3025600,"B"
"HHV","10:22:42",14.55,-0.05,3000,3025500,"B"
"HHV","10:22:25",14.55,-0.05,1000,3022500,"B"
"HHV","10:22:10",14.55,-0.05,500,3021500,"B"
"HHV","10:22:07",14.55,-0.05,1000,3021000,"B"
"HHV","10:22:00",14.55,-0.05,200,3020000,"B"
"HHV","10:21:41",14.55,-0.05,100,3019800,"B"
"HHV","10:21:39",14.55,-0.05,100,3019700,"B"
"HHV","10:21:37",14.55,-0.05,100,3019600,"B"
"HHV","10:21:31",14.6,0,10000,3019500,"S"
"HHV","10:21:30",14.55,-0.05,400,3009500,"B"
"HHV","10:21:28",14.55,-0.05,3000,3009100,"B"
"HHV","10:21:17",14.55,-0.05,300,3006100,"B"
"HHV","10:21:14",14.55,-0.05,500,3005800,"B"
"HHV","10:21:12",14.6,0,3000,3005300,"S"
"HHV","10:21:12",14.55,-0.05,2400,3002300,"B"
"HHV","10:21:10",14.55,-0.05,4800,2999900,"B"
"HHV","10:21:09",14.55,-0.05,200,2995100,"B"
"HHV","10:20:56",14.6,0,700,2994900,"S"
"HHV","10:20:55",14.6,0,100,2994200,"S"
"HHV","10:20:15",14.6,0,2000,2994100,"S"
"HHV","10:20:13",14.6,0,100,2992100,"S"
"HHV","10:19:58",14.6,0,15000,2992000,"S"
"HHV","10:19:43",14.6,0,4300,2977000,"B"
"HHV","10:19:43",14.6,0,5000,2972700,"B"
"HHV","10:19:36",14.6,0,11700,2967700,"S"
"HHV","10:19:22",14.6,0,1000,2956000,"S"
"HHV","10:19:19",14.6,0,300,2955000,"S"
"HHV","10:19:03",14.6,0,100,2954700,"S"
"HHV","10:19:00",14.6,0,200,2954600,"S"
"HHV","10:18:52",14.6,0,500,2954400,"S"
"HHV","10:18:50",14.6,0,100,2953900,"S"
"HHV","10:18:42",14.6,0,1100,2953800,"S"
"HHV","10:18:35",14.6,0,8500,2952700,"B"
"HHV","10:18:31",14.6,0,2000,2944200,"B"
"HHV","10:18:30",14.6,0,3000,2942200,"B"
"HHV","10:18:25",14.6,0,500,2939200,"B"
"HHV","10:18:23",14.65,0.05,5000,2938700,"S"
"HHV","10:18:20",14.6,0,6000,2933700,"B"
"HHV","10:18:07",14.6,0,500,2927700,"B"
"HHV","10:18:01",14.6,0,10000,2927200,"B"
"HHV","10:17:59",14.6,0,900,2917200,"B"
"HHV","10:17:56",14.6,0,24500,2916300,"S"
"HHV","10:17:25",14.6,0,1000,2891800,"S"
"HHV","10:17:24",14.55,-0.05,200,2890800,"B"
"HHV","10:17:11",14.55,-0.05,900,2890600,"B"
"HHV","10:17:06",14.55,-0.05,3000,2889700,"B"
"HHV","10:16:49",14.55,-0.05,500,2886700,"B"
"HHV","10:16:36",14.55,-0.05,500,2886200,"B"
"HHV","10:16:33",14.55,-0.05,500,2885700,"B"
"HHV","10:16:21",14.55,-0.05,5000,2885200,"B"
"HHV","10:16:12",14.55,-0.05,3000,2880200,"B"
"HHV","10:16:05",14.55,-0.05,4400,2877200,"B"
"HHV","10:16:02",14.6,0,100,2872800,"S"
"HHV","10:16:00",14.55,-0.05,300,2872700,"B"
"HHV","10:15:47",14.55,-0.05,100,2872400,"B"
"HHV","10:15:44",14.55,-0.05,33700,2872300,"B"
"HHV","10:15:44",14.6,0,218800,2838600,"B"
"HHV","10:15:42",14.65,0.05,7700,2619800,"S"
"HHV","10:15:42",14.6,0,100,2612100,"B"
"HHV","10:15:20",14.65,0.05,88700,2612000,"B"
"HHV","10:14:55",14.65,0.05,4000,2523300,"B"
"HHV","10:14:11",14.65,0.05,10000,2519300,"B"
"HHV","10:14:07",14.7,0.1,100,2509300,"S"
"HHV","10:13:53",14.7,0.1,400,2509200,"S"
"HHV","10:13:50",14.7,0.1,1000,2508800,"S"
"HHV","10:13:39",14.65,0.05,200,2507800,"B"
"HHV","10:13:36",14.7,0.1,200,2507600,"S"
"HHV","10:13:24",14.65,0.05,20000,2507400,"B"
"HHV","10:13:18",14.65,0.05,500,2487400,"B"
"HHV","10:13:14",14.65,0.05,1000,2486900,"B"
"HHV","10:12:36",14.65,0.05,100,2485900,"B"
"HHV","10:12:30",14.65,0.05,6000,2485800,"B"
"HHV","10:12:23",14.65,0.05,30000,2479800,"B"
"HHV","10:12:20",14.7,0.1,300,2449800,"S"
"HHV","10:12:17",14.7,0.1,400,2449500,"S"
"HHV","10:12:16",14.7,0.1,100,2449100,"S"
"HHV","10:12:09",14.7,0.1,200,2449000,"S"
"HHV","10:12:02",14.7,0.1,600,2448800,"S"
"HHV","10:11:59",14.7,0.1,1000,2448200,"S"
"HHV","10:11:55",14.7,0.1,3000,2447200,"S"
"HHV","10:11:50",14.7,0.1,1700,2444200,"S"
"HHV","10:11:47",14.7,0.1,100,2442500,"S"
"HHV","10:11:38",14.7,0.1,1000,2442400,"S"
"HHV","10:11:12",14.7,0.1,1000,2441400,"S"
"HHV","10:11:01",14.7,0.1,2600,2440400,"B"
"HHV","10:10:45",14.7,0.1,2000,2437800,"S"
"HHV","10:10:38",14.7,0.1,500,2435800,"S"
"HHV","10:10:36",14.7,0.1,2000,2435300,"S"
"HHV","10:09:57",14.7,0.1,1000,2433300,"S"
"HHV","10:09:54",14.7,0.1,10000,2432300,"S"
"HHV","10:09:47",14.7,0.1,7600,2422300,"B"
"HHV","10:09:33",14.7,0.1,4400,2414700,"S"
"HHV","10:09:30",14.7,0.1,600,2410300,"B"
"HHV","10:09:16",14.7,0.1,13000,2409700,"S"
"HHV","10:08:56",14.7,0.1,400,2396700,"S"
"HHV","10:08:44",14.7,0.1,600,2396300,"S"
"HHV","10:08:37",14.65,0.05,100,2395700,"B"
"HHV","10:08:30",14.7,0.1,100,2395600,"S"
"HHV","10:08:16",14.7,0.1,82100,2395500,"B"
"HHV","10:08:10",14.7,0.1,200,2313400,"B"
"HHV","10:08:00",14.7,0.1,400,2313200,"B"
"HHV","10:07:59",14.7,0.1,24600,2312800,"B"
"HHV","10:07:54",14.7,0.1,2300,2288200,"B"
"HHV","10:07:39",14.7,0.1,500,2285900,"B"
"HHV","10:07:29",14.7,0.1,3000,2285400,"B"
"HHV","10:07:02",14.7,0.1,3000,2282400,"B"
"HHV","10:06:50",14.75,0.15,100,2279400,"S"
"HHV","10:06:46",14.7,0.1,500,2279300,"B"
"HHV","10:06:33",14.7,0.1,200,2278800,"B"
"HHV","10:06:09",14.7,0.1,600,2278600,"B"
"HHV","10:06:08",14.7,0.1,1000,2278000,"B"
"HHV","10:05:58",14.7,0.1,100,2277000,"B"
"HHV","10:05:51",14.7,0.1,1000,2276900,"B"
"HHV","10:04:58",14.75,0.15,1000,2275900,"S"
"HHV","10:04:27",14.75,0.15,500,2274900,"S"
"HHV","10:04:12",14.7,0.1,3000,2274400,"B"
"HHV","10:03:47",14.7,0.1,200,2271400,"B"
"HHV","10:03:41",14.75,0.15,300,2271200,"S"
"HHV","10:03:34",14.7,0.1,100,2270900,"B"
"HHV","10:03:15",14.7,0.1,500,2270800,"B"
"HHV","10:02:51",14.7,0.1,100,2270300,"B"
"HHV","10:02:43",14.7,0.1,1000,2270200,"B"
"HHV","10:02:42",14.75,0.15,100,2269200,"S"
"HHV","10:02:22",14.7,0.1,100,2269100,"B"
"HHV","10:02:19",14.7,0.1,1000,2269000,"B"
"HHV","10:02:09",14.7,0.1,500,2268000,"B"
"HHV","10:02:06",14.7,0.1,3000,2267500,"B"
"HHV","10:01:52",14.75,0.15,1000,2264500,"S"
"HHV","10:01:39",14.7,0.1,10000,2263500,"B"
"HHV","10:00:43",14.7,0.1,9000,2253500,"B"
"HHV","10:00:33",14.7,0.1,200,2244500,"B"
"HHV","10:00:29",14.7,0.1,2000,2244300,"B"
"HHV","10:00:19",14.7,0.1,800,2242300,"B"
"HHV","10:00:16",14.7,0.1,1000,2241500,"B"
"HHV","10:00:00",14.7,0.1,1000,2240500,"B"
"HHV","09:59:47",14.75,0.15,800,2239500,"S"
"HHV","09:59:09",14.7,0.1,300,2238700,"B"
"HHV","09:58:59",14.75,0.15,1000,2238400,"S"
"HHV","09:58:55",14.7,0.1,700,2237400,"B"
"HHV","09:58:52",14.75,0.15,10000,2236700,"S"
"HHV","09:58:51",14.7,0.1,200,2226700,"B"
"HHV","09:58:48",14.7,0.1,3000,2226500,"B"
"HHV","09:58:42",14.7,0.1,7000,2223500,"B"
"HHV","09:58:35",14.75,0.15,500,2216500,"S"
"HHV","09:58:29",14.75,0.15,10000,2216000,"S"
"HHV","09:58:13",14.75,0.15,600,2206000,"S"
"HHV","09:58:10",14.75,0.15,100,2205400,"S"
"HHV","09:58:08",14.75,0.15,2300,2205300,"S"
"HHV","09:58:01",14.75,0.15,300,2203000,"S"
"HHV","09:57:41",14.75,0.15,500,2202700,"S"
"HHV","09:57:38",14.7,0.1,10000,2202200,"B"
"HHV","09:57:30",14.75,0.15,1000,2192200,"B"
"HHV","09:57:29",14.75,0.15,5200,2191200,"B"
"HHV","09:57:20",14.75,0.15,500,2186000,"B"
"HHV","09:57:16",14.75,0.15,2900,2185500,"B"
"HHV","09:57:15",14.75,0.15,20000,2182600,"B"
"HHV","09:57:13",14.75,0.15,1000,2162600,"B"
"HHV","09:57:03",14.75,0.15,5000,2161600,"B"
"HHV","09:57:00",14.75,0.15,500,2156600,"B"
"HHV","09:56:56",14.75,0.15,100,2156100,"B"
"HHV","09:56:54",14.75,0.15,500,2156000,"B"
"HHV","09:56:50",14.75,0.15,100,2155500,"B"
"HHV","09:56:46",14.75,0.15,100,2155400,"B"
"HHV","09:56:35",14.75,0.15,100,2155300,"B"
"HHV","09:56:31",14.75,0.15,200,2155200,"B"
"HHV","09:56:28",14.75,0.15,900,2155000,"B"
"HHV","09:56:25",14.75,0.15,500,2154100,"B"
"HHV","09:56:20",14.75,0.15,200,2153600,"B"
"HHV","09:56:16",14.75,0.15,12400,2153400,"S"
"HHV","09:55:59",14.75,0.15,100,2141000,"S"
"HHV","09:55:26",14.75,0.15,5000,2140900,"S"
"HHV","09:55:20",14.75,0.15,100,2135900,"S"
"HHV","09:54:57",14.75,0.15,1000,2135800,"S"
"HHV","09:54:46",14.75,0.15,15000,2134800,"S"
"HHV","09:54:42",14.7,0.1,100,2119800,"B"
"HHV","09:54:27",14.75,0.15,200,2119700,"S"
"HHV","09:54:21",14.75,0.15,500,2119500,"S"
"HHV","09:54:08",14.75,0.15,400,2119000,"S"
"HHV","09:53:58",14.7,0.1,200,2118600,"B"
"HHV","09:53:40",14.7,0.1,300,2118400,"B"
"HHV","09:53:31",14.7,0.1,200,2118100,"B"
"HHV","09:53:27",14.75,0.15,1300,2117900,"B"
"HHV","09:53:16",14.75,0.15,500,2116600,"B"
"HHV","09:53:15",14.75,0.15,8300,2116100,"S"
"HHV","09:53:12",14.75,0.15,2000,2107800,"S"
"HHV","09:53:02",14.75,0.15,400,2105800,"S"
"HHV","09:52:49",14.75,0.15,200,2105400,"S"
"HHV","09:52:46",14.75,0.15,300,2105200,"S"
"HHV","09:52:45",14.75,0.15,500,2104900,"S"
"HHV","09:52:40",14.75,0.15,500,2104400,"S"
"HHV","09:52:37",14.75,0.15,200,2103900,"S"
"HHV","09:52:34",14.75,0.15,400,2103700,"S"
"HHV","09:52:22",14.75,0.15,600,2103300,"S"
"HHV","09:52:00",14.75,0.15,1400,2102700,"S"
"HHV","09:51:58",14.75,0.15,2000,2101300,"B"
"HHV","09:51:53",14.75,0.15,100,2099300,"B"
"HHV","09:51:44",14.8,0.2,20000,2099200,"S"
"HHV","09:51:36",14.75,0.15,6200,2079200,"S"
"HHV","09:51:34",14.75,0.15,100,2073000,"S"
"HHV","09:51:28",14.75,0.15,100,2072900,"S"
"HHV","09:51:27",14.75,0.15,3000,2072800,"S"
"HHV","09:51:18",14.7,0.1,500,2069800,"B"
"HHV","09:50:52",14.7,0.1,100,2069300,"B"
"HHV","09:50:51",14.75,0.15,100,2069200,"S"
"HHV","09:50:45",14.75,0.15,1800,2069100,"B"
"HHV","09:50:44",14.75,0.15,1300,2067300,"B"
"HHV","09:50:32",14.75,0.15,100,2066000,"B"
"HHV","09:50:25",14.75,0.15,8000,2065900,"B"
"HHV","09:50:20",14.75,0.15,2000,2057900,"B"
"HHV","09:50:08",14.75,0.15,200,2055900,"B"
"HHV","09:49:53",14.75,0.15,30000,2055700,"B"
"HHV","09:49:50",14.8,0.2,5000,2025700,"S"
"HHV","09:49:50",14.75,0.15,200,2020700,"B"
"HHV","09:49:46",14.75,0.15,2000,2020500,"B"
"HHV","09:49:29",14.75,0.15,800,2018500,"B"
"HHV","09:49:28",14.8,0.2,2000,2017700,"S"
"HHV","09:48:59",14.75,0.15,100,2015700,"B"
"HHV","09:48:40",14.8,0.2,800,2015600,"S"
"HHV","09:48:40",14.75,0.15,100,2014800,"B"
"HHV","09:48:35",14.8,0.2,500,2014700,"S"
"HHV","09:48:35",14.75,0.15,10000,2014200,"B"
"HHV","09:48:00",14.75,0.15,500,2004200,"B"
"HHV","09:47:55",14.8,0.2,6000,2003700,"S"
"HHV","09:47:37",14.8,0.2,100,1997700,"S"
"HHV","09:47:22",14.75,0.15,500,1997600,"B"
"HHV","09:47:12",14.75,0.15,100,1997100,"B"
"HHV","09:47:04",14.75,0.15,100,1997000,"B"
"HHV","09:47:01",14.75,0.15,300,1996900,"B"
"HHV","09:47:00",14.75,0.15,3100,1996600,"S"
"HHV","09:46:55",14.75,0.15,500,1993500,"S"
"HHV","09:46:48",14.75,0.15,22000,1993000,"S"
"HHV","09:46:47",14.75,0.15,2000,1971000,"S"
"HHV","09:46:44",14.75,0.15,500,1969000,"S"
"HHV","09:46:40",14.75,0.15,5000,1968500,"S"
"HHV","09:46:37",14.75,0.15,100,1963500,"S"
"HHV","09:46:35",14.75,0.15,3000,1963400,"S"
"HHV","09:46:34",14.75,0.15,100,1960400,"S"
"HHV","09:46:31",14.75,0.15,2000,1960300,"S"
"HHV","09:46:30",14.75,0.15,800,1958300,"S"
"HHV","09:46:28",14.75,0.15,300,1957500,"S"
"HHV","09:46:28",14.75,0.15,100,1957200,"S"
"HHV","09:46:23",14.75,0.15,2000,1957100,"S"
"HHV","09:46:19",14.75,0.15,300,1955100,"S"
"HHV","09:46:13",14.75,0.15,600,1954800,"S"
"HHV","09:46:06",14.75,0.15,500,1954200,"S"
"HHV","09:46:01",14.75,0.15,800,1953700,"S"
"HHV","09:46:00",14.75,0.15,100,1952900,"S"
"HHV","09:46:00",14.75,0.15,100,1952800,"S"
"HHV","09:45:55",14.75,0.15,500,1952700,"S"
"HHV","09:45:35",14.75,0.15,600,1952200,"S"
"HHV","09:45:33",14.75,0.15,500,1951600,"S"
"HHV","09:45:23",14.75,0.15,1000,1951100,"S"
"HHV","09:45:18",14.75,0.15,1200,1950100,"S"
"HHV","09:45:14",14.7,0.1,1500,1948900,"B"
"HHV","09:45:04",14.7,0.1,100,1947400,"B"
"HHV","09:44:55",14.7,0.1,2000,1947300,"B"
"HHV","09:44:47",14.75,0.15,100,1945300,"S"
"HHV","09:44:42",14.7,0.1,2600,1945200,"B"
"HHV","09:44:29",14.7,0.1,2000,1942600,"B"
"HHV","09:44:22",14.7,0.1,400,1940600,"B"
"HHV","09:44:17",14.7,0.1,100,1938200,"B"
"HHV","09:44:01",14.7,0.1,3000,1938100,"B"
"HHV","09:43:39",14.7,0.1,2000,1935100,"B"
"HHV","09:43:37",14.7,0.1,2500,1933100,"B"
"HHV","09:43:28",14.7,0.1,400,1930600,"B"
"HHV","09:43:12",14.7,0.1,500,1930200,"B"
"HHV","09:43:07",14.75,0.15,6000,1929700,"S"
"HHV","09:43:03",14.7,0.1,3000,1923700,"B"
"HHV","09:42:59",14.7,0.1,1000,1920700,"B"
"HHV","09:42:54",14.7,0.1,1000,1919700,"B"
"HHV","09:42:48",14.75,0.15,1000,1918700,"S"
"HHV","09:42:45",14.7,0.1,700,1917700,"B"
"HHV","09:42:42",14.7,0.1,2000,1917000,"B"
"HHV","09:42:08",14.7,0.1,1500,1915000,"B"
"HHV","09:41:46",14.7,0.1,200,1913500,"B"
"HHV","09:41:21",14.75,0.15,30000,1913300,"S"
"HHV","09:41:10",14.7,0.1,600,1883300,"B"
"HHV","09:40:51",14.7,0.1,3100,1882700,"B"
"HHV","09:40:36",14.7,0.1,200,1879600,"B"
"HHV","09:40:35",14.7,0.1,1000,1879400,"B"
"HHV","09:40:25",14.7,0.1,1000,1878400,"B"
"HHV","09:40:24",14.7,0.1,35000,1877400,"S"
"HHV","09:40:04",14.7,0.1,500,1842400,"S"
"HHV","09:39:57",14.65,0.05,2000,1841900,"B"
"HHV","09:39:56",14.65,0.05,3000,1839900,"B"
"HHV","09:39:56",14.7,0.1,100,1836900,"S"
"HHV","09:39:52",14.7,0.1,300,1836800,"S"
"HHV","09:39:48",14.7,0.1,100,1836500,"S"
"HHV","09:39:43",14.7,0.1,300,1836400,"S"
"HHV","09:39:32",14.7,0.1,300,1836100,"S"
"HHV","09:39:28",14.7,0.1,100,1835800,"S"
"HHV","09:39:12",14.7,0.1,10000,1835700,"S"
"HHV","09:39:07",14.7,0.1,300,1825700,"S"
"HHV","09:39:06",14.7,0.1,100,1825400,"S"
"HHV","09:39:05",14.7,0.1,300,1825300,"S"
"HHV","09:39:04",14.7,0.1,100,1825000,"S"
"HHV","09:39:02",14.7,0.1,100,1824900,"S"
"HHV","09:38:58",14.7,0.1,100,1824800,"S"
"HHV","09:38:50",14.7,0.1,9800,1824700,"B"
"HHV","09:38:50",14.7,0.1,11500,1814900,"B"
"HHV","09:38:29",14.75,0.15,900,1803400,"S"
"HHV","09:38:09",14.75,0.15,1000,1802500,"S"
"HHV","09:37:58",14.75,0.15,100,1801500,"S"
"HHV","09:37:51",14.7,0.1,7400,1801400,"B"
"HHV","09:37:28",14.75,0.15,200,1794000,"S"
"HHV","09:37:27",14.75,0.15,600,1793800,"S"
"HHV","09:37:23",14.7,0.1,25000,1793200,"B"
"HHV","09:37:16",14.7,0.1,15000,1768200,"B"
"HHV","09:37:14",14.7,0.1,900,1753200,"B"
"HHV","09:37:12",14.7,0.1,20000,1752300,"B"
"HHV","09:37:09",14.7,0.1,100,1732300,"B"
"HHV","09:37:03",14.75,0.15,100,1732200,"S"
"HHV","09:36:59",14.75,0.15,1000,1732100,"S"
"HHV","09:36:37",14.75,0.15,200,1731100,"S"
"HHV","09:36:28",14.75,0.15,1000,1730900,"S"
"HHV","09:36:22",14.7,0.1,1900,1729900,"B"
"HHV","09:36:20",14.75,0.15,300,1728000,"S"
"HHV","09:36:19",14.75,0.15,2000,1727700,"S"
"HHV","09:36:12",14.7,0.1,2000,1725700,"B"
"HHV","09:35:56",14.75,0.15,2000,1723700,"S"
"HHV","09:35:34",14.7,0.1,500,1721700,"B"
"HHV","09:35:31",14.75,0.15,100,1721200,"S"
"HHV","09:35:31",14.7,0.1,900,1721100,"B"
"HHV","09:35:30",14.7,0.1,300,1720200,"B"
"HHV","09:35:27",14.7,0.1,800,1719900,"B"
"HHV","09:35:26",14.7,0.1,2000,1719100,"B"
"HHV","09:35:24",14.7,0.1,300,1717100,"B"
"HHV","09:35:22",14.7,0.1,400,1716800,"B"
"HHV","09:35:20",14.7,0.1,2300,1716400,"B"
"HHV","09:35:19",14.7,0.1,300,1714100,"B"
"HHV","09:35:18",14.7,0.1,300,1713800,"B"
"HHV","09:35:14",14.7,0.1,7800,1713500,"S"
"HHV","09:35:12",14.7,0.1,5600,1705700,"B"
"HHV","09:35:09",14.7,0.1,4000,1700100,"B"
"HHV","09:34:59",14.7,0.1,600,1696100,"B"
"HHV","09:34:56",14.7,0.1,10000,1695500,"B"
"HHV","09:34:44",14.7,0.1,500,1685500,"B"
"HHV","09:34:35",14.7,0.1,700,1685000,"B"
"HHV","09:34:32",14.7,0.1,100,1684300,"B"
"HHV","09:34:29",14.75,0.15,500,1684200,"S"
"HHV","09:34:24",14.75,0.15,1000,1683700,"S"
"HHV","09:34:22",14.7,0.1,30000,1682700,"B"
"HHV","09:34:20",14.75,0.15,200,1652700,"S"
"HHV","09:34:11",14.75,0.15,2000,1652500,"S"
"HHV","09:34:05",14.75,0.15,1000,1650500,"S"
"HHV","09:33:58",14.75,0.15,100,1649500,"S"
"HHV","09:33:56",14.7,0.1,30000,1649400,"B"
"HHV","09:33:53",14.7,0.1,200,1619400,"B"
"HHV","09:33:42",14.75,0.15,200,1619200,"S"
"HHV","09:33:39",14.7,0.1,3000,1619000,"B"
"HHV","09:33:32",14.7,0.1,2000,1616000,"B"
"HHV","09:33:31",14.75,0.15,500,1614000,"S"
"HHV","09:33:20",14.75,0.15,500,1613500,"S"
"HHV","09:33:12",14.75,0.15,200,1613000,"S"
"HHV","09:33:10",14.75,0.15,16300,1612800,"B"
"HHV","09:33:08",14.75,0.15,5700,1596500,"B"
"HHV","09:33:08",14.8,0.2,100,1590800,"S"
"HHV","09:33:01",14.8,0.2,500,1590700,"S"
"HHV","09:32:57",14.75,0.15,500,1590200,"B"
"HHV","09:32:56",14.75,0.15,1000,1589700,"B"
"HHV","09:32:56",14.75,0.15,10000,1588700,"B"
"HHV","09:32:55",14.75,0.15,100,1578700,"B"
"HHV","09:32:54",14.75,0.15,2000,1578600,"B"
"HHV","09:32:52",14.8,0.2,2100,1576600,"S"
"HHV","09:32:50",14.8,0.2,100,1574500,"S"
"HHV","09:32:36",14.8,0.2,3000,1574400,"S"
"HHV","09:32:34",14.75,0.15,1000,1571400,"B"
"HHV","09:32:31",14.75,0.15,500,1570400,"B"
"HHV","09:32:24",14.75,0.15,4000,1569900,"B"
"HHV","09:32:23",14.8,0.2,500,1565900,"S"
"HHV","09:32:20",14.8,0.2,1000,1565400,"S"
"HHV","09:32:09",14.8,0.2,500,1564400,"S"
"HHV","09:32:06",14.75,0.15,1000,1563900,"B"
"HHV","09:32:02",14.8,0.2,1000,1562900,"S"
"HHV","09:31:55",14.75,0.15,500,1561900,"B"
"HHV","09:31:50",14.8,0.2,1100,1561400,"S"
"HHV","09:31:44",14.75,0.15,500,1560300,"B"
"HHV","09:31:43",14.75,0.15,10000,1559800,"B"
"HHV","09:31:40",14.8,0.2,100,1549800,"S"
"HHV","09:31:34",14.8,0.2,100,1549700,"S"
"HHV","09:31:27",14.8,0.2,1000,1549600,"S"
"HHV","09:31:13",14.8,0.2,2000,1548600,"S"
"HHV","09:31:08",14.75,0.15,15000,1546600,"B"
"HHV","09:31:07",14.8,0.2,900,1531600,"S"
"HHV","09:31:00",14.75,0.15,2000,1530700,"B"
"HHV","09:30:46",14.8,0.2,2300,1528700,"S"
"HHV","09:30:41",14.8,0.2,200,1526400,"S"
"HHV","09:30:22",14.8,0.2,400,1526200,"S"
"HHV","09:30:20",14.8,0.2,1900,1525800,"B"
"HHV","09:30:03",14.8,0.2,500,1523900,"S"
"HHV","09:29:57",14.8,0.2,1000,1523400,"S"
"HHV","09:29:57",14.8,0.2,200,1522400,"S"
"HHV","09:29:54",14.8,0.2,100,1522200,"S"
"HHV","09:29:50",14.8,0.2,1800,1522100,"B"
"HHV","09:29:48",14.8,0.2,3300,1520300,"S"
"HHV","09:29:47",14.8,0.2,1000,1517000,"S"
"HHV","09:29:46",14.8,0.2,5000,1516000,"S"
"HHV","09:29:42",14.8,0.2,2000,1511000,"S"
"HHV","09:29:39",14.8,0.2,7000,1509000,"S"
"HHV","09:29:35",14.8,0.2,4200,1502000,"S"
"HHV","09:29:34",14.8,0.2,4000,1497800,"S"
"HHV","09:29:29",14.8,0.2,500,1493800,"S"
"HHV","09:29:28",14.8,0.2,500,1493300,"S"
"HHV","09:29:25",14.8,0.2,9400,1492800,"S"
"HHV","09:29:23",14.75,0.15,200,1483400,"B"
"HHV","09:29:20",14.8,0.2,800,1483200,"S"
"HHV","09:29:17",14.8,0.2,1000,1482400,"S"
"HHV","09:29:12",14.8,0.2,5000,1481400,"S"
"HHV","09:29:10",14.8,0.2,3000,1476400,"S"
"HHV","09:29:05",14.8,0.2,1000,1473400,"S"
"HHV","09:29:01",14.8,0.2,3000,1472400,"S"
"HHV","09:28:59",14.8,0.2,1000,1469400,"S"
"HHV","09:28:58",14.8,0.2,1000,1468400,"S"
"HHV","09:28:50",14.8,0.2,200,1467400,"S"
"HHV","09:28:39",14.8,0.2,500,1467200,"S"
"HHV","09:28:28",14.75,0.15,1300,1466700,"S"
"HHV","09:28:28",14.75,0.15,500,1465400,"S"
"HHV","09:28:26",14.75,0.15,200,1464900,"S"
"HHV","09:28:26",14.75,0.15,900,1464700,"S"
"HHV","09:28:25",14.75,0.15,5000,1463800,"S"
"HHV","09:28:25",14.75,0.15,3500,1458800,"S"
"HHV","09:28:22",14.75,0.15,5000,1455300,"S"
"HHV","09:28:20",14.75,0.15,20000,1450300,"S"
"HHV","09:28:12",14.75,0.15,2000,1430300,"S"
"HHV","09:28:08",14.75,0.15,2000,1428300,"S"
"HHV","09:28:07",14.75,0.15,1000,1426300,"S"
"HHV","09:28:06",14.75,0.15,2000,1425300,"S"
"HHV","09:28:02",14.75,0.15,200,1423300,"S"
"HHV","09:28:01",14.75,0.15,1500,1423100,"S"
"HHV","09:28:01",14.75,0.15,200,1421600,"S"
"HHV","09:27:58",14.75,0.15,500,1421400,"S"
"HHV","09:27:57",14.75,0.15,200,1420900,"S"
"HHV","09:27:54",14.75,0.15,100,1420700,"S"
"HHV","09:27:52",14.75,0.15,300,1420600,"S"
"HHV","09:27:51",14.75,0.15,1200,1420300,"S"
"HHV","09:27:47",14.75,0.15,100,1419100,"S"
"HHV","09:27:44",14.75,0.15,2000,1419000,"S"
"HHV","09:27:42",14.75,0.15,3400,1417000,"S"
"HHV","09:27:41",14.75,0.15,100,1413600,"S"
"HHV","09:27:38",14.7,0.1,7000,1413500,"B"
"HHV","09:27:15",14.7,0.1,38500,1406500,"S"
"HHV","09:27:12",14.7,0.1,500,1368000,"S"
"HHV","09:27:12",14.65,0.05,8500,1367500,"B"
"HHV","09:27:12",14.7,0.1,300,1359000,"S"
"HHV","09:27:08",14.7,0.1,100,1358700,"S"
"HHV","09:27:06",14.7,0.1,600,1358600,"S"
"HHV","09:27:03",14.7,0.1,1100,1358000,"S"
"HHV","09:27:02",14.7,0.1,10000,1356900,"S"
"HHV","09:27:01",14.7,0.1,1100,1346900,"S"
"HHV","09:27:01",14.65,0.05,5000,1345800,"B"
"HHV","09:27:00",14.7,0.1,1000,1340800,"S"
"HHV","09:26:58",14.7,0.1,200,1339800,"S"
"HHV","09:26:57",14.7,0.1,2000,1339600,"S"
"HHV","09:26:51",14.7,0.1,200,1337600,"S"
"HHV","09:26:47",14.7,0.1,8000,1337400,"S"
"HHV","09:26:40",14.7,0.1,1000,1329400,"S"
"HHV","09:26:37",14.65,0.05,100,1328400,"B"
"HHV","09:26:08",14.65,0.05,18000,1328300,"B"
"HHV","09:25:58",14.65,0.05,17100,1310300,"S"
"HHV","09:25:55",14.65,0.05,5500,1293200,"S"
"HHV","09:25:52",14.65,0.05,5200,1287700,"S"
"HHV","09:25:50",14.65,0.05,100,1282500,"S"
"HHV","09:25:49",14.65,0.05,10000,1282400,"S"
"HHV","09:25:48",14.65,0.05,25500,1272400,"S"
"HHV","09:25:46",14.65,0.05,2800,1246900,"S"
"HHV","09:25:40",14.65,0.05,400,1244100,"S"
"HHV","09:25:36",14.65,0.05,100,1243700,"S"
"HHV","09:25:35",14.65,0.05,1300,1243600,"S"
"HHV","09:25:35",14.6,0,10000,1242300,"B"
"HHV","09:25:34",14.65,0.05,500,1232300,"S"
"HHV","09:25:24",14.65,0.05,100,1231800,"S"
"HHV","09:25:23",14.65,0.05,300,1231700,"S"
"HHV","09:25:22",14.65,0.05,2000,1231400,"S"
"HHV","09:25:20",14.65,0.05,400,1229400,"S"
"HHV","09:25:18",14.65,0.05,2000,1229000,"S"
"HHV","09:25:15",14.65,0.05,2000,1227000,"S"
"HHV","09:25:14",14.65,0.05,500,1225000,"S"
"HHV","09:25:12",14.65,0.05,200,1224500,"S"
"HHV","09:25:09",14.65,0.05,4000,1224300,"S"
"HHV","09:25:09",14.65,0.05,100,1220300,"S"
"HHV","09:25:06",14.65,0.05,200,1220200,"S"
"HHV","09:25:04",14.65,0.05,4000,1220000,"S"
"HHV","09:25:04",14.6,0,1000,1216000,"B"
"HHV","09:25:01",14.65,0.05,600,1215000,"S"
"HHV","09:24:59",14.65,0.05,11000,1214400,"S"
"HHV","09:24:58",14.65,0.05,500,1203400,"S"
"HHV","09:24:55",14.65,0.05,1000,1202900,"S"
"HHV","09:24:54",14.65,0.05,200,1201900,"S"
"HHV","09:24:54",14.6,0,200,1201700,"B"
"HHV","09:24:51",14.65,0.05,2000,1201500,"S"
"HHV","09:24:48",14.65,0.05,20000,1199500,"S"
"HHV","09:24:47",14.65,0.05,1000,1179500,"S"
"HHV","09:24:34",14.6,0,100,1178500,"B"
"HHV","09:24:33",14.65,0.05,200,1178400,"S"
"HHV","09:24:32",14.65,0.05,100,1178200,"S"
"HHV","09:24:30",14.65,0.05,300,1178100,"S"
"HHV","09:24:23",14.65,0.05,1000,1177800,"S"
"HHV","09:24:22",14.65,0.05,300,1176800,"S"
"HHV","09:24:17",14.65,0.05,100,1176500,"S"
"HHV","09:24:09",14.65,0.05,200,1176400,"B"
"HHV","09:24:05",14.7,0.1,500,1176200,"S"
"HHV","09:24:00",14.7,0.1,1800,1175700,"S"
"HHV","09:24:00",14.65,0.05,200,1173900,"S"
"HHV","09:24:00",14.6,0,5000,1173700,"B"
"HHV","09:24:00",14.6,0,23500,1168700,"B"
"HHV","09:24:00",14.65,0.05,11500,1145200,"B"
"HHV","09:23:56",14.65,0.05,1000,1133700,"B"
"HHV","09:23:40",14.7,0.1,2000,1132700,"S"
"HHV","09:23:37",14.65,0.05,500,1130700,"B"
"HHV","09:23:35",14.65,0.05,2000,1130200,"B"
"HHV","09:23:34",14.65,0.05,5000,1128200,"B"
"HHV","09:23:34",14.65,0.05,500,1123200,"B"
"HHV","09:23:20",14.65,0.05,1000,1122700,"B"
"HHV","09:23:19",14.65,0.05,2000,1121700,"B"
"HHV","09:23:15",14.65,0.05,1000,1119700,"B"
"HHV","09:23:15",14.65,0.05,200,1118700,"B"
"HHV","09:23:14",14.7,0.1,200,1118500,"S"
"HHV","09:23:13",14.65,0.05,11400,1118300,"B"
"HHV","09:23:10",14.7,0.1,5000,1106900,"S"
"HHV","09:23:09",14.65,0.05,1000,1101900,"B"
"HHV","09:23:07",14.65,0.05,5000,1100900,"B"
"HHV","09:23:06",14.65,0.05,3000,1095900,"B"
"HHV","09:22:59",14.65,0.05,100,1092900,"B"
"HHV","09:22:58",14.7,0.1,50000,1092800,"S"
"HHV","09:22:57",14.65,0.05,100,1042800,"B"
"HHV","09:22:56",14.65,0.05,2500,1042700,"B"
"HHV","09:22:55",14.65,0.05,2900,1040200,"B"
"HHV","09:22:51",14.65,0.05,1000,1037300,"B"
"HHV","09:22:45",14.65,0.05,5000,1036300,"B"
"HHV","09:22:39",14.65,0.05,500,1031300,"B"
"HHV","09:22:36",14.65,0.05,500,1030800,"B"
"HHV","09:22:34",14.65,0.05,500,1030300,"B"
"HHV","09:22:32",14.65,0.05,1500,1029800,"B"
"HHV","09:22:28",14.65,0.05,200,1028300,"B"
"HHV","09:22:27",14.65,0.05,500,1028100,"B"
"HHV","09:22:26",14.65,0.05,100,1027600,"B"
"HHV","09:22:15",14.65,0.05,1000,1027500,"B"
"HHV","09:22:14",14.7,0.1,1500,1026500,"S"
"HHV","09:22:13",14.65,0.05,1000,1025000,"B"
"HHV","09:21:59",14.7,0.1,100,1024000,"S"
"HHV","09:21:56",14.65,0.05,3000,1023900,"B"
"HHV","09:21:46",14.7,0.1,6700,1020900,"B"
"HHV","09:21:44",14.7,0.1,43300,1014200,"S"
"HHV","09:21:43",14.65,0.05,1400,970900,"B"
"HHV","09:21:39",14.65,0.05,200,969500,"B"
"HHV","09:21:38",14.65,0.05,1000,969300,"B"
"HHV","09:21:38",14.65,0.05,2500,968300,"B"
"HHV","09:21:37",14.65,0.05,1400,965800,"B"
"HHV","09:21:35",14.7,0.1,1000,964400,"S"
"HHV","09:21:33",14.65,0.05,500,963400,"B"
"HHV","09:21:31",14.65,0.05,500,962900,"B"
"HHV","09:21:29",14.65,0.05,200,962400,"B"
"HHV","09:21:28",14.65,0.05,1300,962200,"S"
"HHV","09:21:21",14.65,0.05,100,960900,"S"
"HHV","09:21:19",14.65,0.05,200,960800,"B"
"HHV","09:21:19",14.65,0.05,500,960600,"B"
"HHV","09:21:14",14.65,0.05,2000,960100,"B"
"HHV","09:21:12",14.7,0.1,100,958100,"S"
"HHV","09:21:09",14.65,0.05,5000,958000,"B"
"HHV","09:21:05",14.65,0.05,14300,953000,"B"
"HHV","09:21:05",14.65,0.05,16400,938700,"B"
"HHV","09:21:01",14.7,0.1,1000,922300,"B"
"HHV","09:21:00",14.75,0.15,1000,921300,"S"
"HHV","09:20:57",14.7,0.1,4200,920300,"B"
"HHV","09:20:52",14.7,0.1,1200,916100,"B"
"HHV","09:20:47",14.7,0.1,10000,914900,"B"
"HHV","09:20:46",14.7,0.1,200,904900,"B"
"HHV","09:20:41",14.7,0.1,1600,904700,"B"
"HHV","09:20:39",14.7,0.1,17300,903100,"B"
"HHV","09:20:38",14.75,0.15,300,885800,"S"
"HHV","09:20:31",14.7,0.1,400,885500,"B"
"HHV","09:20:29",14.75,0.15,100,885100,"S"
"HHV","09:20:27",14.7,0.1,4000,885000,"B"
"HHV","09:20:26",14.75,0.15,100,881000,"S"
"HHV","09:20:23",14.75,0.15,100,880900,"S"
"HHV","09:20:19",14.75,0.15,1000,880800,"B"
"HHV","09:20:18",14.75,0.15,5000,879800,"B"
"HHV","09:20:15",14.75,0.15,1000,874800,"B"
"HHV","09:20:14",14.75,0.15,2000,873800,"B"
"HHV","09:20:13",14.8,0.2,1000,871800,"S"
"HHV","09:20:12",14.75,0.15,10000,870800,"B"
"HHV","09:20:09",14.75,0.15,1000,860800,"B"
"HHV","09:20:07",14.75,0.15,1000,859800,"B"
"HHV","09:20:07",14.75,0.15,500,858800,"B"
"HHV","09:20:01",14.75,0.15,100,858300,"B"
"HHV","09:20:00",14.75,0.15,300,858200,"B"
"HHV","09:19:58",14.75,0.15,2000,857900,"B"
"HHV","09:19:56",14.75,0.15,500,855900,"B"
"HHV","09:19:55",14.75,0.15,8200,855400,"S"
"HHV","09:19:52",14.75,0.15,100,847200,"S"
"HHV","09:19:50",14.7,0.1,200,847100,"B"
"HHV","09:19:45",14.75,0.15,5000,846900,"S"
"HHV","09:19:41",14.7,0.1,2900,841900,"B"
"HHV","09:19:41",14.75,0.15,12100,839000,"B"
"HHV","09:19:40",14.75,0.15,17900,826900,"S"
"HHV","09:19:37",14.7,0.1,500,809000,"B"
"HHV","09:19:36",14.7,0.1,100,808500,"B"
"HHV","09:19:31",14.75,0.15,20000,808400,"S"
"HHV","09:19:29",14.75,0.15,300,788400,"S"
"HHV","09:19:22",14.75,0.15,100,788100,"S"
"HHV","09:19:10",14.75,0.15,2100,788000,"S"
"HHV","09:19:08",14.8,0.2,35000,785900,"S"
"HHV","09:19:08",14.75,0.15,1000,750900,"S"
"HHV","09:19:06",14.75,0.15,500,749900,"S"
"HHV","09:19:04",14.8,0.2,100,749400,"S"
"HHV","09:19:04",14.75,0.15,900,749300,"S"
"HHV","09:19:03",14.7,0.1,25000,748400,"B"
"HHV","09:19:03",14.75,0.15,5000,723400,"B"
"HHV","09:19:01",14.75,0.15,5000,718400,"B"
"HHV","09:18:57",14.75,0.15,1500,713400,"B"
"HHV","09:18:53",14.8,0.2,1000,711900,"S"
"HHV","09:18:53",14.75,0.15,2000,710900,"B"
"HHV","09:18:52",14.8,0.2,100,708900,"S"
"HHV","09:18:50",14.8,0.2,1700,708800,"S"
"HHV","09:18:48",14.8,0.2,100,707100,"S"
"HHV","09:18:47",14.75,0.15,100,707000,"B"
"HHV","09:18:45",14.8,0.2,900,706900,"S"
"HHV","09:18:42",14.8,0.2,8000,706000,"S"
"HHV","09:18:41",14.75,0.15,6800,698000,"B"
"HHV","09:18:41",14.8,0.2,3100,691200,"S"
"HHV","09:18:36",14.8,0.2,1300,688100,"S"
"HHV","09:18:34",14.8,0.2,200,686800,"S"
"HHV","09:18:30",14.8,0.2,300,686600,"S"
"HHV","09:18:29",14.8,0.2,1100,686300,"B"
"HHV","09:18:28",14.8,0.2,800,685200,"B"
"HHV","09:18:28",14.8,0.2,3000,684400,"B"
"HHV","09:18:26",14.8,0.2,10000,681400,"B"
"HHV","09:18:24",14.8,0.2,30000,671400,"B"
"HHV","09:18:23",14.8,0.2,5000,641400,"B"
"HHV","09:18:21",14.85,0.25,500,636400,"S"
"HHV","09:18:20",14.8,0.2,25000,635900,"B"
"HHV","09:18:11",14.8,0.2,100,610900,"B"
"HHV","09:18:09",14.8,0.2,1000,610800,"B"
"HHV","09:18:07",14.8,0.2,3200,609800,"B"
"HHV","09:18:07",14.8,0.2,6000,606600,"B"
"HHV","09:18:05",14.8,0.2,300,600600,"B"
"HHV","09:18:03",14.8,0.2,1000,600300,"B"
"HHV","09:17:56",14.8,0.2,1500,599300,"B"
"HHV","09:17:56",14.8,0.2,10200,597800,"S"
"HHV","09:17:54",14.8,0.2,2000,587600,"S"
"HHV","09:17:52",14.8,0.2,300,585600,"S"
"HHV","09:17:51",14.8,0.2,1200,585300,"S"
"HHV","09:17:50",14.8,0.2,1000,584100,"S"
"HHV","09:17:49",14.8,0.2,100,583100,"S"
"HHV","09:17:46",14.8,0.2,200,583000,"S"
"HHV","09:17:45",14.8,0.2,1000,582800,"S"
"HHV","09:17:44",14.8,0.2,1000,581800,"S"
"HHV","09:17:42",14.8,0.2,900,580800,"S"
"HHV","09:17:40",14.8,0.2,500,579900,"S"
"HHV","09:17:36",14.75,0.15,37500,579400,"B"
"HHV","09:17:36",14.8,0.2,2500,541900,"B"
"HHV","09:17:35",14.8,0.2,3000,539400,"B"
"HHV","09:17:33",14.8,0.2,100,536400,"S"
"HHV","09:17:31",14.8,0.2,100,536300,"S"
"HHV","09:17:30",14.8,0.2,300,536200,"S"
"HHV","09:17:29",14.8,0.2,1500,535900,"S"
"HHV","09:17:27",14.75,0.15,8000,534400,"B"
"HHV","09:17:26",14.8,0.2,100,526400,"S"
"HHV","09:17:25",14.8,0.2,1000,526300,"S"
"HHV","09:17:23",14.8,0.2,5000,525300,"S"
"HHV","09:17:20",14.8,0.2,500,520300,"S"
"HHV","09:17:14",14.8,0.2,2500,519800,"S"
"HHV","09:17:14",14.8,0.2,400,517300,"S"
"HHV","09:17:13",14.75,0.15,6100,516900,"B"
"HHV","09:17:13",14.8,0.2,3900,510800,"B"
"HHV","09:17:12",14.8,0.2,17900,506900,"S"
"HHV","09:17:09",14.8,0.2,3200,489000,"B"
"HHV","09:17:08",14.85,0.25,100,485800,"S"
"HHV","09:17:07",14.8,0.2,1500,485700,"B"
"HHV","09:17:04",14.8,0.2,800,484200,"S"
"HHV","09:17:03",14.8,0.2,900,483400,"S"
"HHV","09:17:03",14.8,0.2,100,482500,"B"
"HHV","09:17:01",14.8,0.2,1000,482400,"B"
"HHV","09:17:00",14.8,0.2,4200,481400,"S"
"HHV","09:17:00",14.75,0.15,1000,477200,"B"
"HHV","09:17:00",14.8,0.2,1000,476200,"S"
"HHV","09:16:59",14.8,0.2,5000,475200,"S"
"HHV","09:16:58",14.8,0.2,100,470200,"S"
"HHV","09:16:57",14.8,0.2,3300,470100,"S"
"HHV","09:16:57",14.8,0.2,6000,466800,"S"
"HHV","09:16:55",14.8,0.2,2900,460800,"B"
"HHV","09:16:54",14.8,0.2,10000,457900,"B"
"HHV","09:16:53",14.8,0.2,3000,447900,"B"
"HHV","09:16:49",14.8,0.2,5100,444900,"B"
"HHV","09:16:48",14.8,0.2,1000,439800,"B"
"HHV","09:16:48",14.85,0.25,2000,438800,"S"
"HHV","09:16:48",14.8,0.2,6100,436800,"S"
"HHV","09:16:46",14.8,0.2,30000,430700,"S"
"HHV","09:16:46",14.8,0.2,8000,400700,"S"
"HHV","09:16:45",14.8,0.2,200,392700,"S"
"HHV","09:16:45",14.8,0.2,2000,392500,"S"
"HHV","09:16:43",14.8,0.2,1500,390500,"S"
"HHV","09:16:41",14.8,0.2,500,389000,"S"
"HHV","09:16:41",14.8,0.2,1300,388500,"S"
"HHV","09:16:39",14.8,0.2,700,385200,"S"
"HHV","09:16:38",14.8,0.2,14700,384500,"B"
"HHV","09:16:38",14.85,0.25,900,369800,"S"
"HHV","09:16:37",14.85,0.25,8000,368900,"S"
"HHV","09:16:34",14.85,0.25,500,360900,"S"
"HHV","09:16:33",14.8,0.2,10000,360400,"B"
"HHV","09:16:32",14.8,0.2,16100,350400,"B"
"HHV","09:16:28",14.85,0.25,1000,334300,"S"
"HHV","09:16:27",14.85,0.25,200,333300,"S"
"HHV","09:16:24",14.85,0.25,1000,333100,"S"
"HHV","09:16:13",14.8,0.2,10500,332100,"S"
"HHV","09:16:13",14.8,0.2,2000,321600,"S"
"HHV","09:16:12",14.8,0.2,100,319600,"S"
"HHV","09:16:11",14.8,0.2,400,319500,"S"
"HHV","09:16:10",14.8,0.2,400,319100,"S"
"HHV","09:16:09",14.8,0.2,1200,318700,"S"
"HHV","09:16:07",14.8,0.2,100,317500,"S"
"HHV","09:16:07",14.8,0.2,30000,317400,"S"
"HHV","09:16:06",14.8,0.2,300,287400,"S"
"HHV","09:16:05",14.8,0.2,200,287100,"S"
"HHV","09:16:04",14.8,0.2,200,286900,"S"
"HHV","09:16:03",14.8,0.2,200,286700,"S"
"HHV","09:15:59",14.8,0.2,200,286500,"S"
"HHV","09:15:55",14.8,0.2,5000,286300,"S"
"HHV","09:15:53",14.8,0.2,3000,281300,"S"
"HHV","09:15:53",14.8,0.2,5000,278300,"S"
"HHV","09:15:52",14.8,0.2,2900,273300,"S"
"HHV","09:15:45",14.8,0.2,100,270400,"S"
"HHV","09:15:45",14.8,0.2,2000,270300,"S"
"HHV","09:15:44",14.8,0.2,2900,268300,"S"
"HHV","09:15:37",14.8,0.2,1300,265400,"S"
"HHV","09:15:36",14.8,0.2,2000,264100,"S"
"HHV","09:15:35",14.7,0.1,800,262100,"B"
"HHV","09:15:35",14.75,0.15,1200,261300,"B"
"HHV","09:15:32",14.8,0.2,100,260100,"S"
"HHV","09:15:30",14.8,0.2,1000,260000,"S"
"HHV","09:15:18",14.7,0.1,6800,259000,"B"
"HHV","09:15:18",14.75,0.15,3100,252200,"B"
"HHV","09:15:16",14.75,0.15,2000,249100,"S"
"HHV","09:15:09",14.75,0.15,2000,247100,"S"
"HHV","09:15:08",14.75,0.15,1000,245100,"S"
"HHV","09:15:07",14.7,0.1,3000,244100,"B"
"HHV","09:15:06",14.7,0.1,1000,241100,"B"
"HHV","09:15:05",14.7,0.1,5000,240100,"B"
"HHV","09:15:02",14.7,0.1,235100,235100,
