"symbol","time","price","change","vol","total","side"
"VSC","14:45:11",27.45,-0.25,49900,1595300,
"VSC","14:30:02",27.1,-0.6,1700,1545400,"S"
"VSC","14:30:01",27.1,-0.6,500,1543700,"S"
"VSC","14:29:51",27.1,-0.6,500,1543200,"S"
"VSC","14:29:43",26.8,-0.9,1200,1542700,"B"
"VSC","14:29:38",27.1,-0.6,100,1541500,"S"
"VSC","14:29:35",26.8,-0.9,300,1541400,"S"
"VSC","14:29:34",26.8,-0.9,2100,1541100,"S"
"VSC","14:29:27",26.8,-0.9,6000,1539000,"S"
"VSC","14:29:26",26.8,-0.9,11600,1533000,"B"
"VSC","14:29:26",27.1,-0.6,2400,1521400,"S"
"VSC","14:29:26",27.05,-0.65,7100,1519000,"S"
"VSC","14:29:26",27,-0.7,5500,1511900,"S"
"VSC","14:29:14",26.8,-0.9,1300,1506400,"S"
"VSC","14:29:00",26.8,-0.9,18700,1505100,"B"
"VSC","14:28:50",26.8,-0.9,1000,1486400,"S"
"VSC","14:28:41",26.8,-0.9,200,1485400,"S"
"VSC","14:28:39",26.8,-0.9,3000,1485200,"S"
"VSC","14:28:33",26.8,-0.9,400,1482200,"S"
"VSC","14:28:32",26.8,-0.9,1000,1481800,"S"
"VSC","14:28:30",26.8,-0.9,2100,1480800,"S"
"VSC","14:28:24",26.8,-0.9,3700,1478700,"S"
"VSC","14:28:23",26.8,-0.9,18600,1475000,"B"
"VSC","14:28:14",27,-0.7,1500,1456400,"S"
"VSC","14:28:11",27,-0.7,4400,1454900,"S"
"VSC","14:28:11",26.95,-0.75,100,1450500,"S"
"VSC","14:28:03",26.8,-0.9,4900,1450400,"S"
"VSC","14:27:58",26.8,-0.9,2000,1445500,"S"
"VSC","14:27:57",26.8,-0.9,4900,1443500,"S"
"VSC","14:27:55",26.8,-0.9,500,1438600,"S"
"VSC","14:27:52",26.8,-0.9,6000,1438100,"S"
"VSC","14:27:43",26.8,-0.9,700,1432100,"S"
"VSC","14:27:42",26.8,-0.9,1000,1431400,"B"
"VSC","14:27:39",26.8,-0.9,100,1430400,"B"
"VSC","14:27:32",26.75,-0.95,100,1430300,"S"
"VSC","14:27:31",26.75,-0.95,500,1430200,"S"
"VSC","14:27:30",26.75,-0.95,1000,1429700,"S"
"VSC","14:27:27",26.75,-0.95,500,1428700,"S"
"VSC","14:27:26",26.75,-0.95,5000,1428200,"S"
"VSC","14:27:19",26.75,-0.95,100,1423200,"S"
"VSC","14:27:15",26.75,-0.95,1000,1423100,"S"
"VSC","14:27:14",26.75,-0.95,1000,1422100,"S"
"VSC","14:27:14",26.75,-0.95,1000,1421100,"S"
"VSC","14:27:13",26.75,-0.95,500,1420100,"S"
"VSC","14:27:12",26.75,-0.95,500,1419600,"S"
"VSC","14:27:07",26.75,-0.95,400,1419100,"S"
"VSC","14:27:01",26.75,-0.95,500,1418700,"S"
"VSC","14:27:01",26.7,-1,1000,1418200,"B"
"VSC","14:26:59",26.75,-0.95,100,1417200,"S"
"VSC","14:26:58",26.75,-0.95,100,1417100,"S"
"VSC","14:26:55",26.75,-0.95,200,1417000,"S"
"VSC","14:26:54",26.75,-0.95,1000,1416800,"S"
"VSC","14:26:53",26.75,-0.95,3800,1415800,"S"
"VSC","14:26:51",26.75,-0.95,100,1412000,"S"
"VSC","14:26:50",26.75,-0.95,100,1411900,"S"
"VSC","14:26:34",26.75,-0.95,600,1411800,"S"
"VSC","14:26:30",26.75,-0.95,1000,1411200,"S"
"VSC","14:26:29",26.75,-0.95,3200,1410200,"B"
"VSC","14:26:05",26.75,-0.95,1400,1407000,"S"
"VSC","14:26:00",26.75,-0.95,2200,1405600,"S"
"VSC","14:25:59",26.75,-0.95,100,1403400,"S"
"VSC","14:25:54",26.75,-0.95,1000,1403300,"S"
"VSC","14:25:53",26.75,-0.95,5000,1402300,"S"
"VSC","14:25:43",26.75,-0.95,100,1397300,"S"
"VSC","14:25:40",26.75,-0.95,10000,1397200,"B"
"VSC","14:25:40",26.8,-0.9,200,1387200,"B"
"VSC","14:25:29",26.8,-0.9,300,1387000,"S"
"VSC","14:25:26",26.8,-0.9,200,1386700,"S"
"VSC","14:25:22",26.8,-0.9,2000,1386500,"S"
"VSC","14:25:15",26.8,-0.9,300,1384500,"S"
"VSC","14:25:06",26.8,-0.9,100,1384200,"S"
"VSC","14:24:59",26.8,-0.9,1000,1384100,"S"
"VSC","14:24:58",26.8,-0.9,200,1383100,"S"
"VSC","14:24:44",26.75,-0.95,100,1382900,"B"
"VSC","14:24:31",26.8,-0.9,500,1382800,"S"
"VSC","14:24:31",26.8,-0.9,1000,1382300,"S"
"VSC","14:24:30",26.8,-0.9,6000,1381300,"S"
"VSC","14:23:45",26.75,-0.95,300,1375300,"B"
"VSC","14:23:31",26.8,-0.9,100,1375000,"S"
"VSC","14:23:00",26.8,-0.9,200,1374900,"S"
"VSC","14:22:51",26.8,-0.9,2000,1374700,"B"
"VSC","14:22:45",26.8,-0.9,400,1372700,"S"
"VSC","14:22:44",26.8,-0.9,10000,1372300,"S"
"VSC","14:22:31",26.8,-0.9,1000,1362300,"S"
"VSC","14:22:12",26.8,-0.9,2000,1361300,"S"
"VSC","14:21:49",26.75,-0.95,1000,1359300,"B"
"VSC","14:21:19",26.75,-0.95,100,1358300,"B"
"VSC","14:20:55",26.75,-0.95,1000,1358200,"B"
"VSC","14:20:53",26.8,-0.9,2000,1356200,"S"
"VSC","14:20:20",26.8,-0.9,3600,1354200,"B"
"VSC","14:20:10",26.8,-0.9,200,1350600,"B"
"VSC","14:19:44",26.75,-0.95,800,1350400,"B"
"VSC","14:19:44",26.8,-0.9,1000,1349600,"S"
"VSC","14:19:40",26.8,-0.9,800,1348600,"S"
"VSC","14:19:39",26.8,-0.9,600,1347800,"S"
"VSC","14:19:32",26.8,-0.9,1000,1347200,"S"
"VSC","14:18:55",26.75,-0.95,1000,1346200,"B"
"VSC","14:18:36",26.8,-0.9,1000,1345200,"S"
"VSC","14:18:24",26.8,-0.9,1000,1344200,"S"
"VSC","14:18:10",26.75,-0.95,3000,1343200,"S"
"VSC","14:18:07",26.6,-1.1,1000,1340200,"B"
"VSC","14:17:57",26.65,-1.05,7000,1339200,"S"
"VSC","14:17:31",26.6,-1.1,2700,1332200,"S"
"VSC","14:17:13",26.6,-1.1,100,1329500,"S"
"VSC","14:17:02",26.6,-1.1,500,1329400,"S"
"VSC","14:16:53",26.6,-1.1,400,1328900,"B"
"VSC","14:16:43",26.6,-1.1,600,1328500,"S"
"VSC","14:16:42",26.6,-1.1,100,1327900,"S"
"VSC","14:16:35",26.6,-1.1,2300,1327800,"B"
"VSC","14:16:26",26.6,-1.1,1000,1325500,"B"
"VSC","14:16:18",26.6,-1.1,2000,1324500,"B"
"VSC","14:15:52",26.6,-1.1,200,1322500,"S"
"VSC","14:15:38",26.55,-1.15,500,1322300,"B"
"VSC","14:15:20",26.6,-1.1,1000,1321800,"B"
"VSC","14:15:16",26.6,-1.1,100,1320800,"B"
"VSC","14:15:01",26.6,-1.1,7500,1320700,"S"
"VSC","14:14:44",26.6,-1.1,3500,1313200,"B"
"VSC","14:14:06",26.6,-1.1,500,1309700,"B"
"VSC","14:14:05",26.6,-1.1,500,1309200,"B"
"VSC","14:14:04",26.6,-1.1,20000,1308700,"B"
"VSC","14:13:47",26.6,-1.1,100,1288700,"B"
"VSC","14:13:26",26.65,-1.05,800,1288600,"B"
"VSC","14:13:13",26.65,-1.05,1300,1287800,"B"
"VSC","14:13:13",26.7,-1,1200,1286500,"B"
"VSC","14:13:12",26.7,-1,300,1285300,"B"
"VSC","14:12:57",26.7,-1,3600,1285000,"B"
"VSC","14:12:30",26.7,-1,1000,1281400,"B"
"VSC","14:12:24",26.75,-0.95,400,1280400,"B"
"VSC","14:11:46",26.75,-0.95,100,1280000,"B"
"VSC","14:10:03",26.75,-0.95,900,1279900,"B"
"VSC","14:09:42",26.75,-0.95,2000,1279000,"B"
"VSC","14:09:01",26.8,-0.9,300,1277000,"S"
"VSC","14:08:59",26.8,-0.9,100,1276700,"S"
"VSC","14:08:35",26.8,-0.9,500,1276600,"S"
"VSC","14:08:28",26.8,-0.9,600,1276100,"S"
"VSC","14:08:20",26.8,-0.9,700,1275500,"S"
"VSC","14:08:04",26.8,-0.9,800,1274800,"B"
"VSC","14:07:35",26.8,-0.9,800,1274000,"S"
"VSC","14:07:26",26.8,-0.9,100,1273200,"S"
"VSC","14:07:23",26.8,-0.9,900,1273100,"S"
"VSC","14:06:56",26.8,-0.9,5000,1272200,"S"
"VSC","14:06:02",26.8,-0.9,13100,1267200,"B"
"VSC","14:06:02",26.85,-0.85,10600,1254100,"B"
"VSC","14:05:18",26.95,-0.75,6600,1243500,"B"
"VSC","14:04:40",27,-0.7,600,1236900,"S"
"VSC","14:04:34",27,-0.7,1000,1236300,"S"
"VSC","14:04:12",27,-0.7,3800,1235300,"S"
"VSC","14:03:24",26.95,-0.75,500,1231500,"B"
"VSC","14:03:23",26.95,-0.75,900,1231000,"B"
"VSC","14:02:19",26.95,-0.75,2000,1230100,"S"
"VSC","14:00:31",26.85,-0.85,2300,1228100,"S"
"VSC","14:00:05",26.8,-0.9,1000,1225800,"B"
"VSC","13:59:49",26.8,-0.9,4600,1224800,"B"
"VSC","13:59:47",26.85,-0.85,100,1220200,"S"
"VSC","13:59:07",26.85,-0.85,500,1220100,"S"
"VSC","13:58:58",26.85,-0.85,3600,1219600,"S"
"VSC","13:58:55",26.85,-0.85,2400,1216000,"B"
"VSC","13:58:55",26.95,-0.75,2000,1213600,"S"
"VSC","13:58:34",26.85,-0.85,7500,1211600,"S"
"VSC","13:58:16",26.8,-0.9,5000,1204100,"B"
"VSC","13:58:03",26.85,-0.85,30700,1199100,"B"
"VSC","13:58:03",26.9,-0.8,1800,1168400,"B"
"VSC","13:57:53",26.9,-0.8,4000,1166600,"S"
"VSC","13:57:45",26.9,-0.8,1000,1162600,"B"
"VSC","13:57:33",26.85,-0.85,100,1161600,"B"
"VSC","13:57:06",26.8,-0.9,1200,1161500,"B"
"VSC","13:57:06",26.9,-0.8,3800,1160300,"B"
"VSC","13:57:03",26.9,-0.8,6200,1156500,"S"
"VSC","13:56:41",26.8,-0.9,2100,1150300,"S"
"VSC","13:56:33",26.8,-0.9,200,1148100,"S"
"VSC","13:56:23",26.8,-0.9,2400,1147900,"B"
"VSC","13:56:21",26.8,-0.9,2700,1145500,"S"
"VSC","13:56:20",26.8,-0.9,3800,1142800,"S"
"VSC","13:56:16",26.8,-0.9,1700,1139000,"S"
"VSC","13:55:51",26.8,-0.9,1500,1137300,"S"
"VSC","13:55:47",26.8,-0.9,500,1135800,"S"
"VSC","13:55:43",26.75,-0.95,1000,1135300,"B"
"VSC","13:55:10",26.75,-0.95,500,1134300,"B"
"VSC","13:55:05",26.8,-0.9,300,1133800,"S"
"VSC","13:55:02",26.8,-0.9,2000,1133500,"S"
"VSC","13:55:01",26.8,-0.9,500,1131500,"S"
"VSC","13:54:57",26.8,-0.9,100,1131000,"S"
"VSC","13:54:45",26.8,-0.9,2000,1130900,"S"
"VSC","13:54:44",26.8,-0.9,300,1128900,"S"
"VSC","13:54:42",26.75,-0.95,100,1128600,"B"
"VSC","13:54:42",26.75,-0.95,2400,1128500,"S"
"VSC","13:54:41",26.75,-0.95,600,1126100,"S"
"VSC","13:54:05",26.65,-1.05,100,1125500,"B"
"VSC","13:52:55",26.6,-1.1,800,1125400,"B"
"VSC","13:52:55",26.65,-1.05,2100,1124600,"B"
"VSC","13:52:55",26.7,-1,1100,1122500,"B"
"VSC","13:52:45",26.7,-1,100,1121400,"B"
"VSC","13:52:04",26.75,-0.95,300,1121300,"S"
"VSC","13:52:00",26.75,-0.95,400,1121000,"S"
"VSC","13:51:51",26.75,-0.95,200,1120600,"S"
"VSC","13:50:51",26.65,-1.05,1000,1120400,"B"
"VSC","13:50:41",26.6,-1.1,12000,1119400,"B"
"VSC","13:50:41",26.65,-1.05,700,1107400,"S"
"VSC","13:50:31",26.6,-1.1,100,1106700,"B"
"VSC","13:50:30",26.65,-1.05,2200,1106600,"B"
"VSC","13:50:14",26.65,-1.05,100,1104400,"B"
"VSC","13:50:10",26.7,-1,100,1104300,"S"
"VSC","13:50:01",26.65,-1.05,2400,1104200,"S"
"VSC","13:49:52",26.65,-1.05,1000,1101800,"S"
"VSC","13:49:41",26.65,-1.05,1600,1100800,"B"
"VSC","13:49:39",26.7,-1,1000,1099200,"S"
"VSC","13:49:33",26.7,-1,100,1098200,"S"
"VSC","13:49:17",26.7,-1,200,1098100,"S"
"VSC","13:48:46",26.7,-1,200,1097900,"B"
"VSC","13:48:38",26.7,-1,100,1097700,"B"
"VSC","13:48:21",26.6,-1.1,1000,1097600,"S"
"VSC","13:48:19",26.6,-1.1,8900,1096600,"B"
"VSC","13:48:19",26.65,-1.05,100,1087700,"B"
"VSC","13:48:12",26.6,-1.1,1800,1087600,"B"
"VSC","13:48:12",26.65,-1.05,3100,1085800,"B"
"VSC","13:48:12",26.7,-1,400,1082700,"B"
"VSC","13:48:11",26.7,-1,5800,1082300,"B"
"VSC","13:48:04",26.75,-0.95,1000,1076500,"S"
"VSC","13:47:50",26.75,-0.95,100,1075500,"S"
"VSC","13:47:37",26.75,-0.95,2000,1075400,"B"
"VSC","13:47:21",26.8,-0.9,3300,1073400,"B"
"VSC","13:47:20",26.8,-0.9,10500,1070100,"B"
"VSC","13:47:20",26.8,-0.9,42600,1059600,"B"
"VSC","13:47:20",26.85,-0.85,7400,1017000,"B"
"VSC","13:47:03",26.9,-0.8,23800,1009600,"B"
"VSC","13:46:51",26.9,-0.8,100,985800,"B"
"VSC","13:46:46",26.9,-0.8,100,985700,"B"
"VSC","13:46:10",26.9,-0.8,7100,985600,"B"
"VSC","13:46:10",26.95,-0.75,900,978500,"B"
"VSC","13:46:06",26.95,-0.75,300,977600,"B"
"VSC","13:46:05",27,-0.7,200,977300,"S"
"VSC","13:46:04",27,-0.7,1000,977100,"S"
"VSC","13:45:12",26.95,-0.75,1200,976100,"B"
"VSC","13:45:04",26.95,-0.75,3000,974900,"B"
"VSC","13:44:55",27,-0.7,1100,971900,"S"
"VSC","13:43:58",27,-0.7,1200,970800,"S"
"VSC","13:43:46",27,-0.7,500,969600,"S"
"VSC","13:43:21",27,-0.7,500,969100,"S"
"VSC","13:43:14",27,-0.7,200,968600,"S"
"VSC","13:42:41",27,-0.7,5000,968400,"S"
"VSC","13:42:26",27,-0.7,1000,963400,"S"
"VSC","13:42:23",27,-0.7,2000,962400,"S"
"VSC","13:42:19",27,-0.7,1700,960400,"B"
"VSC","13:42:09",27,-0.7,9400,958700,"S"
"VSC","13:42:04",27,-0.7,200,949300,"S"
"VSC","13:41:36",27,-0.7,1000,949100,"S"
"VSC","13:41:34",27,-0.7,100,948100,"S"
"VSC","13:41:25",27,-0.7,5000,948000,"S"
"VSC","13:40:50",27,-0.7,7800,943000,"S"
"VSC","13:40:37",27,-0.7,500,935200,"S"
"VSC","13:40:19",26.95,-0.75,100,934700,"B"
"VSC","13:39:54",26.95,-0.75,1700,934600,"S"
"VSC","13:39:53",26.95,-0.75,1000,932900,"S"
"VSC","13:39:51",26.95,-0.75,2400,931900,"S"
"VSC","13:39:46",26.95,-0.75,2300,929500,"S"
"VSC","13:39:44",26.95,-0.75,3400,927200,"B"
"VSC","13:39:34",26.95,-0.75,2400,923800,"S"
"VSC","13:39:31",26.95,-0.75,1000,921400,"S"
"VSC","13:39:11",26.95,-0.75,100,920400,"S"
"VSC","13:39:00",26.9,-0.8,1600,920300,"B"
"VSC","13:37:54",26.9,-0.8,100,918700,"B"
"VSC","13:37:43",26.95,-0.75,100,918600,"S"
"VSC","13:37:34",26.95,-0.75,4000,918500,"S"
"VSC","13:37:32",26.9,-0.8,100,914500,"B"
"VSC","13:37:22",26.95,-0.75,400,914400,"B"
"VSC","13:37:15",26.95,-0.75,2600,914000,"S"
"VSC","13:37:07",26.95,-0.75,200,911400,"S"
"VSC","13:37:06",26.95,-0.75,200,911200,"S"
"VSC","13:36:57",26.95,-0.75,2000,911000,"B"
"VSC","13:36:45",27,-0.7,6200,909000,"S"
"VSC","13:35:54",26.9,-0.8,3200,902800,"B"
"VSC","13:35:54",26.95,-0.75,6800,899600,"B"
"VSC","13:35:47",26.95,-0.75,100,892800,"B"
"VSC","13:35:10",26.95,-0.75,1500,892700,"B"
"VSC","13:35:00",26.95,-0.75,1000,891200,"B"
"VSC","13:34:54",27,-0.7,2500,890200,"S"
"VSC","13:34:45",27,-0.7,1000,887700,"S"
"VSC","13:34:44",27,-0.7,1000,886700,"S"
"VSC","13:34:40",27,-0.7,100,885700,"S"
"VSC","13:34:22",27,-0.7,1300,885600,"S"
"VSC","13:33:57",27,-0.7,14100,884300,"B"
"VSC","13:33:36",26.95,-0.75,300,870200,"B"
"VSC","13:33:25",27,-0.7,18000,869900,"S"
"VSC","13:32:23",27,-0.7,1000,851900,"B"
"VSC","13:31:55",27,-0.7,12000,850900,"S"
"VSC","13:31:09",27,-0.7,2600,838900,"B"
"VSC","13:30:57",27,-0.7,2000,836300,"S"
"VSC","13:30:49",27,-0.7,100,834300,"S"
"VSC","13:30:43",27,-0.7,2000,834200,"S"
"VSC","13:30:43",27,-0.7,7000,832200,"S"
"VSC","13:29:51",27,-0.7,10000,825200,"S"
"VSC","13:29:39",26.95,-0.75,1000,815200,"B"
"VSC","13:29:23",27,-0.7,100,814200,"S"
"VSC","13:29:14",27,-0.7,100,814100,"S"
"VSC","13:28:04",27,-0.7,15000,814000,"S"
"VSC","13:27:47",27,-0.7,300,799000,"B"
"VSC","13:27:44",27,-0.7,200,798700,"B"
"VSC","13:27:37",27,-0.7,100,798500,"S"
"VSC","13:27:22",27,-0.7,20000,798400,"S"
"VSC","13:27:21",26.95,-0.75,3000,778400,"B"
"VSC","13:27:05",26.95,-0.75,1600,775400,"S"
"VSC","13:27:04",26.95,-0.75,100,773800,"S"
"VSC","13:27:02",26.95,-0.75,100,773700,"S"
"VSC","13:26:59",26.95,-0.75,200,773600,"S"
"VSC","13:26:53",26.95,-0.75,18000,773400,"B"
"VSC","13:26:46",27,-0.7,300,755400,"S"
"VSC","13:26:45",26.95,-0.75,2000,755100,"B"
"VSC","13:26:31",27,-0.7,100,753100,"S"
"VSC","13:26:16",27,-0.7,24400,753000,"B"
"VSC","13:26:16",27.05,-0.65,10100,728600,"B"
"VSC","13:26:15",27.05,-0.65,1700,718500,"B"
"VSC","13:26:14",27.05,-0.65,300,716800,"B"
"VSC","13:26:11",27.1,-0.6,500,716500,"S"
"VSC","13:25:22",27.05,-0.65,200,716000,"B"
"VSC","13:25:10",27.1,-0.6,600,715800,"B"
"VSC","13:24:54",27.1,-0.6,1300,715200,"S"
"VSC","13:24:53",27.1,-0.6,8700,713900,"B"
"VSC","13:24:45",27.1,-0.6,1900,705200,"S"
"VSC","13:24:31",27.1,-0.6,500,703300,"S"
"VSC","13:24:22",27.1,-0.6,5000,702800,"S"
"VSC","13:24:16",27.1,-0.6,2600,697800,"B"
"VSC","13:24:10",27.1,-0.6,500,695200,"S"
"VSC","13:24:09",27.1,-0.6,9000,694700,"S"
"VSC","13:23:57",27.1,-0.6,100,685700,"S"
"VSC","13:23:56",27.1,-0.6,100,685600,"S"
"VSC","13:23:43",27.1,-0.6,300,685500,"B"
"VSC","13:23:32",27.1,-0.6,300,685200,"S"
"VSC","13:23:27",27.1,-0.6,500,684900,"S"
"VSC","13:23:17",27.1,-0.6,200,684400,"S"
"VSC","13:23:15",27.1,-0.6,9000,684200,"B"
"VSC","13:22:59",27.1,-0.6,600,675200,"S"
"VSC","13:22:58",27.1,-0.6,2100,674600,"S"
"VSC","13:22:53",27.1,-0.6,6800,672500,"S"
"VSC","13:22:52",27.1,-0.6,500,665700,"B"
"VSC","13:22:34",27.1,-0.6,300,665200,"S"
"VSC","13:22:33",27.1,-0.6,500,664900,"S"
"VSC","13:22:26",27.1,-0.6,5000,664400,"S"
"VSC","13:22:24",27.1,-0.6,500,659400,"S"
"VSC","13:22:19",27.1,-0.6,1000,658900,"S"
"VSC","13:22:05",27.1,-0.6,400,657900,"S"
"VSC","13:22:03",27.1,-0.6,2000,657500,"S"
"VSC","13:21:47",27.1,-0.6,100,655500,"S"
"VSC","13:21:43",27.1,-0.6,8000,655400,"B"
"VSC","13:20:53",27.1,-0.6,4000,647400,"S"
"VSC","13:20:50",27.1,-0.6,100,643400,"S"
"VSC","13:20:48",27.1,-0.6,5000,643300,"S"
"VSC","13:20:47",27.1,-0.6,1000,638300,"S"
"VSC","13:20:46",27.1,-0.6,9900,637300,"B"
"VSC","13:20:39",27.2,-0.5,100,627400,"S"
"VSC","13:19:16",27.1,-0.6,6200,627300,"S"
"VSC","13:19:00",27.1,-0.6,900,621100,"S"
"VSC","13:18:59",27.1,-0.6,2900,620200,"B"
"VSC","13:18:43",27.1,-0.6,100,617300,"S"
"VSC","13:18:35",27.1,-0.6,5000,617200,"S"
"VSC","13:18:25",27.1,-0.6,200,612200,"S"
"VSC","13:18:21",27.1,-0.6,4700,612000,"B"
"VSC","13:17:42",27.1,-0.6,2800,607300,"B"
"VSC","13:17:42",27.15,-0.55,3600,604500,"B"
"VSC","13:16:36",27.1,-0.6,1000,600900,"S"
"VSC","13:16:24",27.1,-0.6,200,599900,"S"
"VSC","13:16:17",27.1,-0.6,1900,599700,"S"
"VSC","13:15:20",27.1,-0.6,1500,597800,"S"
"VSC","13:15:15",27.1,-0.6,5000,596300,"S"
"VSC","13:14:44",27.1,-0.6,400,591300,"B"
"VSC","13:14:19",27.1,-0.6,1600,590900,"S"
"VSC","13:14:08",27.05,-0.65,800,589300,"B"
"VSC","13:14:07",27.1,-0.6,5000,588500,"S"
"VSC","13:12:44",27.1,-0.6,3400,583500,"B"
"VSC","13:12:17",27.2,-0.5,100,580100,"S"
"VSC","13:12:08",27.2,-0.5,500,580000,"S"
"VSC","13:08:41",27.05,-0.65,4000,579500,"B"
"VSC","13:08:41",27.1,-0.6,2000,575500,"B"
"VSC","13:06:51",27.1,-0.6,7300,573500,"S"
"VSC","13:06:14",27.1,-0.6,1000,566200,"S"
"VSC","13:05:40",27.05,-0.65,600,565200,"S"
"VSC","13:03:47",27,-0.7,600,564600,"S"
"VSC","13:03:26",27,-0.7,300,564000,"B"
"VSC","13:03:06",27.05,-0.65,100,563700,"S"
"VSC","13:02:41",27.05,-0.65,100,563600,"S"
"VSC","13:02:09",27.05,-0.65,100,563500,"S"
"VSC","13:01:36",27,-0.7,12900,563400,"B"
"VSC","13:01:35",27,-0.7,7100,550500,"B"
"VSC","13:01:29",27.05,-0.65,12500,543400,"B"
"VSC","13:00:28",27.1,-0.6,2000,530900,"B"
"VSC","13:00:28",27.15,-0.55,200,528900,"B"
"VSC","13:00:20",27.15,-0.55,100,528700,"B"
"VSC","13:00:14",27.15,-0.55,100,528600,"B"
"VSC","13:00:13",27.15,-0.55,100,528500,"B"
"VSC","11:29:40",27.1,-0.6,3200,528400,"S"
"VSC","11:29:39",27.1,-0.6,100,525200,"S"
"VSC","11:29:38",27.1,-0.6,100,525100,"S"
"VSC","11:29:30",27.1,-0.6,1000,525000,"S"
"VSC","11:29:25",27.1,-0.6,100,524000,"S"
"VSC","11:29:24",27.1,-0.6,500,523900,"S"
"VSC","11:29:19",27.1,-0.6,1400,523400,"S"
"VSC","11:29:16",27.1,-0.6,2400,522000,"S"
"VSC","11:29:12",27.1,-0.6,4700,519600,"S"
"VSC","11:29:03",27.1,-0.6,400,514900,"S"
"VSC","11:28:59",27.1,-0.6,7000,514500,"B"
"VSC","11:28:58",27.1,-0.6,5100,507500,"B"
"VSC","11:28:58",27.15,-0.55,4000,502400,"B"
"VSC","11:28:26",27.1,-0.6,4500,498400,"S"
"VSC","11:28:25",27.1,-0.6,1000,493900,"S"
"VSC","11:28:20",27.1,-0.6,1000,492900,"S"
"VSC","11:28:19",27.1,-0.6,300,491900,"S"
"VSC","11:28:17",27.1,-0.6,5000,491600,"S"
"VSC","11:28:17",27.1,-0.6,7300,486600,"B"
"VSC","11:28:17",27.2,-0.5,900,479300,"B"
"VSC","11:28:14",27.3,-0.4,400,478400,"S"
"VSC","11:28:07",27.2,-0.5,200,478000,"S"
"VSC","11:27:54",27.2,-0.5,500,477800,"S"
"VSC","11:27:33",27.1,-0.6,1500,477300,"S"
"VSC","11:27:18",27.1,-0.6,5000,475800,"S"
"VSC","11:27:09",27.1,-0.6,3500,470800,"B"
"VSC","11:27:05",27.1,-0.6,500,467300,"S"
"VSC","11:26:59",27.1,-0.6,5000,466800,"S"
"VSC","11:26:50",27.1,-0.6,200,461800,"S"
"VSC","11:26:36",27.1,-0.6,4300,461600,"B"
"VSC","11:26:16",27.2,-0.5,1000,457300,"S"
"VSC","11:25:35",27.1,-0.6,200,456300,"S"
"VSC","11:25:34",27.1,-0.6,100,456100,"S"
"VSC","11:25:33",27.1,-0.6,5900,456000,"S"
"VSC","11:25:10",27.1,-0.6,3800,450100,"B"
"VSC","11:24:42",27.1,-0.6,4000,446300,"S"
"VSC","11:24:22",27.1,-0.6,500,442300,"S"
"VSC","11:24:13",27.1,-0.6,100,441800,"S"
"VSC","11:23:49",27.1,-0.6,2500,441700,"B"
"VSC","11:23:20",27.1,-0.6,2300,439200,"S"
"VSC","11:23:07",27.1,-0.6,15500,436900,"B"
"VSC","11:23:07",27.15,-0.55,2200,421400,"B"
"VSC","11:19:10",27.2,-0.5,2900,419200,"B"
"VSC","11:18:43",27.2,-0.5,1100,416300,"S"
"VSC","11:18:02",27.2,-0.5,2900,415200,"B"
"VSC","11:15:31",27.2,-0.5,1000,412300,"B"
"VSC","11:14:38",27.2,-0.5,400,411300,"B"
"VSC","11:13:31",27.2,-0.5,6100,410900,"S"
"VSC","11:12:41",27.2,-0.5,1000,404800,"S"
"VSC","11:10:39",27.15,-0.55,1800,403800,"B"
"VSC","11:09:59",27.15,-0.55,1200,402000,"S"
"VSC","11:09:49",27.15,-0.55,500,400800,"S"
"VSC","11:09:20",27.1,-0.6,500,400300,"B"
"VSC","11:08:43",27.15,-0.55,2000,399800,"S"
"VSC","11:08:12",27.15,-0.55,900,397800,"S"
"VSC","11:04:52",27.1,-0.6,1000,396900,"B"
"VSC","11:03:52",27.1,-0.6,700,395900,"S"
"VSC","11:03:33",27.1,-0.6,800,395200,"B"
"VSC","11:02:35",27.1,-0.6,500,394400,"B"
"VSC","11:02:01",27.1,-0.6,5000,393900,"B"
"VSC","11:01:31",27.1,-0.6,1000,388900,"B"
"VSC","10:59:22",27.1,-0.6,100,387900,"B"
"VSC","10:59:07",27.1,-0.6,7800,387800,"B"
"VSC","10:58:49",27.15,-0.55,400,380000,"S"
"VSC","10:58:35",27.1,-0.6,300,379600,"B"
"VSC","10:58:35",27.15,-0.55,2700,379300,"B"
"VSC","10:57:42",27.2,-0.5,200,376600,"B"
"VSC","10:55:31",27.15,-0.55,100,376400,"B"
"VSC","10:55:08",27.15,-0.55,100,376300,"B"
"VSC","10:54:54",27.2,-0.5,1400,376200,"B"
"VSC","10:54:52",27.2,-0.5,5000,374800,"B"
"VSC","10:52:58",27.2,-0.5,2000,369800,"B"
"VSC","10:52:19",27.2,-0.5,100,367800,"B"
"VSC","10:48:54",27.2,-0.5,500,367700,"B"
"VSC","10:48:54",27.25,-0.45,1500,367200,"B"
"VSC","10:46:37",27.3,-0.4,100,365700,"S"
"VSC","10:45:27",27.3,-0.4,200,365600,"S"
"VSC","10:43:48",27.25,-0.45,400,365400,"B"
"VSC","10:43:24",27.3,-0.4,500,365000,"B"
"VSC","10:39:21",27.3,-0.4,1000,364500,"B"
"VSC","10:39:02",27.3,-0.4,4200,363500,"B"
"VSC","10:39:02",27.35,-0.35,800,359300,"B"
"VSC","10:38:54",27.35,-0.35,1000,358500,"B"
"VSC","10:37:40",27.35,-0.35,2000,357500,"B"
"VSC","10:36:00",27.4,-0.3,1000,355500,"S"
"VSC","10:33:15",27.35,-0.35,200,354500,"B"
"VSC","10:33:12",27.35,-0.35,3000,354300,"S"
"VSC","10:32:28",27.3,-0.4,1300,351300,"S"
"VSC","10:29:52",27.25,-0.45,5000,350000,"B"
"VSC","10:28:58",27.25,-0.45,200,345000,"B"
"VSC","10:28:43",27.25,-0.45,400,344800,"S"
"VSC","10:28:31",27.25,-0.45,100,344400,"S"
"VSC","10:28:12",27.25,-0.45,100,344300,"S"
"VSC","10:26:15",27.25,-0.45,100,344200,"S"
"VSC","10:25:23",27.25,-0.45,2400,344100,"B"
"VSC","10:24:52",27.25,-0.45,2600,341700,"S"
"VSC","10:24:04",27.1,-0.6,1400,339100,"S"
"VSC","10:23:59",27.1,-0.6,100,337700,"S"
"VSC","10:23:56",27.1,-0.6,3400,337600,"S"
"VSC","10:23:52",27.1,-0.6,100,334200,"S"
"VSC","10:22:42",27.05,-0.65,5000,334100,"B"
"VSC","10:21:33",27,-0.7,300,329100,"B"
"VSC","10:21:33",27.05,-0.65,200,328800,"B"
"VSC","10:21:33",27.1,-0.6,500,328600,"B"
"VSC","10:21:31",27.1,-0.6,500,328100,"S"
"VSC","10:21:15",27.05,-0.65,800,327600,"B"
"VSC","10:20:10",27.05,-0.65,800,326800,"S"
"VSC","10:19:54",27.05,-0.65,10100,326000,"B"
"VSC","10:19:53",27.05,-0.65,1100,315900,"B"
"VSC","10:19:24",27.1,-0.6,5000,314800,"S"
"VSC","10:19:00",27.1,-0.6,900,309800,"S"
"VSC","10:18:04",27.1,-0.6,2000,308900,"B"
"VSC","10:17:59",27.1,-0.6,500,306900,"B"
"VSC","10:17:56",27.1,-0.6,5000,306400,"B"
"VSC","10:17:14",27.1,-0.6,3000,301400,"B"
"VSC","10:15:56",27.1,-0.6,2000,298400,"B"
"VSC","10:14:51",27.1,-0.6,1600,296400,"B"
"VSC","10:13:45",27.1,-0.6,1400,294800,"B"
"VSC","10:13:45",27.15,-0.55,6100,293400,"B"
"VSC","10:13:45",27.2,-0.5,2500,287300,"B"
"VSC","10:13:44",27.3,-0.4,100,284800,"S"
"VSC","10:12:36",27.3,-0.4,1000,284700,"S"
"VSC","10:12:09",27.2,-0.5,100,283700,"B"
"VSC","10:09:00",27.25,-0.45,1000,283600,"S"
"VSC","10:08:15",27.2,-0.5,1000,282600,"B"
"VSC","10:07:49",27.2,-0.5,700,281600,"B"
"VSC","10:07:49",27.25,-0.45,1100,280900,"B"
"VSC","10:04:06",27.3,-0.4,1700,279800,"S"
"VSC","10:04:06",27.2,-0.5,800,278100,"S"
"VSC","10:03:53",27.2,-0.5,100,277300,"S"
"VSC","10:03:51",27.15,-0.55,500,277200,"B"
"VSC","10:03:51",27.2,-0.5,100,276700,"S"
"VSC","10:03:34",27.2,-0.5,500,276600,"S"
"VSC","10:02:56",27.1,-0.6,2800,276100,"B"
"VSC","10:02:56",27.15,-0.55,5000,273300,"B"
"VSC","10:02:22",27.2,-0.5,500,268300,"S"
"VSC","10:00:26",27.15,-0.55,2400,267800,"B"
"VSC","10:00:26",27.2,-0.5,600,265400,"B"
"VSC","10:00:19",27.2,-0.5,600,264800,"S"
"VSC","09:59:34",27.2,-0.5,2300,264200,"B"
"VSC","09:59:34",27.25,-0.45,100,261900,"B"
"VSC","09:58:57",27.2,-0.5,1000,261800,"B"
"VSC","09:55:38",27.2,-0.5,300,260800,"B"
"VSC","09:55:38",27.3,-0.4,600,260500,"B"
"VSC","09:55:38",27.35,-0.35,100,259900,"B"
"VSC","09:54:29",27.35,-0.35,400,259800,"S"
"VSC","09:54:13",27.35,-0.35,500,259400,"S"
"VSC","09:53:09",27.35,-0.35,200,258900,"B"
"VSC","09:51:14",27.35,-0.35,1900,258700,"S"
"VSC","09:51:07",27.35,-0.35,100,256800,"S"
"VSC","09:50:02",27.4,-0.3,2000,256700,"S"
"VSC","09:49:32",27.4,-0.3,200,254700,"B"
"VSC","09:49:28",27.45,-0.25,1000,254500,"B"
"VSC","09:48:40",27.5,-0.2,500,253500,"S"
"VSC","09:48:17",27.5,-0.2,100,253000,"S"
"VSC","09:47:01",27.5,-0.2,1300,252900,"S"
"VSC","09:46:48",27.45,-0.25,1000,251600,"S"
"VSC","09:46:48",27.4,-0.3,500,250600,"S"
"VSC","09:45:56",27.4,-0.3,1000,250100,"S"
"VSC","09:45:01",27.3,-0.4,200,249100,"S"
"VSC","09:44:46",27.3,-0.4,600,248900,"S"
"VSC","09:44:20",27.2,-0.5,200,248300,"B"
"VSC","09:43:40",27.3,-0.4,200,248100,"B"
"VSC","09:42:35",27.3,-0.4,2000,247900,"B"
"VSC","09:39:23",27.15,-0.55,200,245900,"B"
"VSC","09:39:23",27.25,-0.45,800,245700,"B"
"VSC","09:38:39",27.25,-0.45,1500,244900,"B"
"VSC","09:38:39",27.3,-0.4,1200,243400,"B"
"VSC","09:38:39",27.35,-0.35,100,242200,"B"
"VSC","09:38:39",27.4,-0.3,200,242100,"B"
"VSC","09:38:33",27.4,-0.3,200,241900,"S"
"VSC","09:38:09",27.4,-0.3,4500,241700,"B"
"VSC","09:37:59",27.5,-0.2,200,237200,"S"
"VSC","09:37:39",27.4,-0.3,100,237000,"B"
"VSC","09:37:10",27.5,-0.2,5000,236900,"S"
"VSC","09:36:55",27.4,-0.3,2000,231900,"B"
"VSC","09:36:36",27.4,-0.3,400,229900,"S"
"VSC","09:36:28",27.4,-0.3,300,229500,"S"
"VSC","09:36:23",27.4,-0.3,100,229200,"S"
"VSC","09:35:51",27.4,-0.3,200,229100,"B"
"VSC","09:35:10",27.4,-0.3,1800,228900,"S"
"VSC","09:33:38",27.4,-0.3,1000,227100,"B"
"VSC","09:33:32",27.4,-0.3,4000,226100,"S"
"VSC","09:32:46",27.3,-0.4,300,222100,"B"
"VSC","09:32:13",27.4,-0.3,500,221800,"B"
"VSC","09:31:50",27.5,-0.2,4300,221300,"B"
"VSC","09:30:47",27.5,-0.2,500,217000,"B"
"VSC","09:30:40",27.5,-0.2,1100,216500,"S"
"VSC","09:30:40",27.45,-0.25,1000,215400,"S"
"VSC","09:30:15",27.5,-0.2,200,214400,"S"
"VSC","09:29:48",27.5,-0.2,200,214200,"S"
"VSC","09:29:48",27.3,-0.4,500,214000,"S"
"VSC","09:29:46",27.3,-0.4,500,213500,"S"
"VSC","09:29:46",27.25,-0.45,100,213000,"B"
"VSC","09:29:44",27.25,-0.45,1900,212900,"S"
"VSC","09:29:40",27.25,-0.45,800,211000,"S"
"VSC","09:29:34",27.25,-0.45,100,210200,"S"
"VSC","09:29:25",27.25,-0.45,1000,210100,"S"
"VSC","09:29:06",27.25,-0.45,5000,209100,"S"
"VSC","09:29:01",27.25,-0.45,200,204100,"S"
"VSC","09:28:43",27.25,-0.45,1000,203900,"S"
"VSC","09:27:10",27,-0.7,28900,202900,"S"
"VSC","09:27:10",26.95,-0.75,8000,174000,"S"
"VSC","09:27:10",26.9,-0.8,200,166000,"B"
"VSC","09:27:08",26.95,-0.75,5000,165800,"S"
"VSC","09:26:52",26.95,-0.75,100,160800,"S"
"VSC","09:26:46",26.95,-0.75,1000,160700,"S"
"VSC","09:26:27",26.95,-0.75,10000,159700,"S"
"VSC","09:26:19",26.9,-0.8,7500,149700,"B"
"VSC","09:26:19",26.95,-0.75,1000,142200,"S"
"VSC","09:26:13",26.9,-0.8,1000,141200,"B"
"VSC","09:26:09",26.95,-0.75,2200,140200,"S"
"VSC","09:26:05",26.95,-0.75,5000,138000,"S"
"VSC","09:26:01",26.95,-0.75,100,133000,"S"
"VSC","09:25:59",26.95,-0.75,500,132900,"S"
"VSC","09:25:49",26.95,-0.75,1200,132400,"S"
"VSC","09:25:49",26.9,-0.8,800,131200,"S"
"VSC","09:25:48",26.9,-0.8,500,130400,"S"
"VSC","09:25:45",26.9,-0.8,1000,129900,"S"
"VSC","09:25:44",26.9,-0.8,600,128900,"B"
"VSC","09:25:36",26.9,-0.8,1600,128300,"S"
"VSC","09:25:36",26.9,-0.8,100,126700,"S"
"VSC","09:25:31",26.9,-0.8,3000,126600,"S"
"VSC","09:25:30",26.9,-0.8,6000,123600,"S"
"VSC","09:25:27",26.9,-0.8,300,117600,"S"
"VSC","09:25:26",26.9,-0.8,7000,117300,"S"
"VSC","09:25:23",26.85,-0.85,500,110300,"B"
"VSC","09:25:22",26.9,-0.8,100,109800,"S"
"VSC","09:25:07",26.9,-0.8,200,109700,"S"
"VSC","09:24:59",26.9,-0.8,1700,109500,"B"
"VSC","09:24:52",26.9,-0.8,300,107800,"B"
"VSC","09:24:52",26.95,-0.75,500,107500,"S"
"VSC","09:24:40",26.95,-0.75,100,107000,"S"
"VSC","09:24:14",26.9,-0.8,300,106900,"B"
"VSC","09:24:12",26.9,-0.8,1500,106600,"B"
"VSC","09:23:52",26.9,-0.8,100,105100,"S"
"VSC","09:23:51",26.9,-0.8,1500,105000,"B"
"VSC","09:23:40",26.95,-0.75,100,103500,"S"
"VSC","09:23:37",26.95,-0.75,200,103400,"B"
"VSC","09:23:31",27,-0.7,700,103200,"S"
"VSC","09:23:21",27,-0.7,100,102500,"S"
"VSC","09:23:18",27,-0.7,2000,102400,"S"
"VSC","09:23:13",27,-0.7,100,100400,"S"
"VSC","09:22:57",27,-0.7,100,100300,"S"
"VSC","09:22:50",27,-0.7,200,100200,"S"
"VSC","09:22:48",27,-0.7,200,100000,"S"
"VSC","09:22:37",27,-0.7,3300,99800,"B"
"VSC","09:22:37",27,-0.7,600,96500,"B"
"VSC","09:22:36",27,-0.7,300,95900,"B"
"VSC","09:22:07",27,-0.7,1500,95600,"B"
"VSC","09:21:51",27,-0.7,800,94100,"S"
"VSC","09:21:45",27,-0.7,2000,93300,"S"
"VSC","09:21:40",27,-0.7,200,91300,"S"
"VSC","09:21:38",27,-0.7,900,90700,"S"
"VSC","09:21:19",27,-0.7,100,89800,"S"
"VSC","09:21:18",26.8,-0.9,400,89700,"B"
"VSC","09:21:14",26.9,-0.8,400,89300,"S"
"VSC","09:21:10",26.9,-0.8,300,88900,"B"
"VSC","09:21:10",26.9,-0.8,2600,88600,"B"
"VSC","09:21:04",26.9,-0.8,5400,86000,"B"
"VSC","09:21:00",27,-0.7,1200,80000,"S"
"VSC","09:20:59",27,-0.7,1600,78800,"B"
"VSC","09:20:46",27,-0.7,8000,77200,"B"
"VSC","09:20:22",26.9,-0.8,400,69200,"B"
"VSC","09:20:22",27,-0.7,4000,68800,"B"
"VSC","09:20:22",27.05,-0.65,100,64800,"B"
"VSC","09:19:58",26.9,-0.8,1800,64700,"B"
"VSC","09:19:58",27,-0.7,2600,62900,"B"
"VSC","09:19:58",27.05,-0.65,1800,60300,"B"
"VSC","09:19:58",27.3,-0.4,3600,58500,"B"
"VSC","09:19:58",27.35,-0.35,200,54900,"B"
"VSC","09:19:24",27.3,-0.4,200,54700,"B"
"VSC","09:19:24",27.5,-0.2,2700,54500,"B"
"VSC","09:19:24",27.55,-0.15,100,51800,"B"
"VSC","09:19:16",27.5,-0.2,9900,51700,"B"
"VSC","09:19:16",27.55,-0.15,600,41800,"B"
"VSC","09:18:40",27.55,-0.15,13400,41200,"B"
"VSC","09:18:40",27.6,-0.1,1600,27800,"B"
"VSC","09:18:05",27.55,-0.15,4100,26200,"B"
"VSC","09:17:50",27.55,-0.15,1200,20800,"B"
"VSC","09:17:50",27.6,-0.1,100,19600,"B"
"VSC","09:16:46",27.5,-0.2,400,19500,"B"
"VSC","09:16:46",27.7,0,3600,19100,"B"
"VSC","09:16:46",27.8,0.1,2000,15500,"B"
"VSC","09:16:38",27.9,0.2,200,13500,"S"
"VSC","09:16:15",27.9,0.2,100,13300,"S"
"VSC","09:16:08",27.9,0.2,900,13200,"S"
"VSC","09:15:38",27.7,0,1500,12300,"B"
"VSC","09:15:18",27.7,0,300,10800,"B"
"VSC","09:15:09",27.7,0,400,10500,"B"
"VSC","09:15:06",27.8,0.1,1500,10100,"B"
"VSC","09:15:04",27.9,0.2,8600,8600,
