"id","symbol","truncTime","matchType","matchVol","matchPrice","accumulatedVolume","createdAt","updatedAt"
152327350,"APG","1700811893","unknown","14000","9930","620200","2023-11-24T07:45:06.773Z","2023-11-24T07:45:06.773Z"
152325192,"APG","1700810976","b","100","9900","620200","2023-11-24T07:29:49.748Z","2023-11-24T07:29:49.748Z"
152325191,"APG","1700810976","b","100","9900","620200","2023-11-24T07:29:49.748Z","2023-11-24T07:29:49.748Z"
152325190,"APG","1700810976","b","1800","9900","620200","2023-11-24T07:29:49.748Z","2023-11-24T07:29:49.748Z"
152324506,"APG","1700810968","b","7600","9880","610600","2023-11-24T07:29:41.761Z","2023-11-24T07:29:41.761Z"
152324082,"APG","1700810964","b","100","9880","610500","2023-11-24T07:29:37.764Z","2023-11-24T07:29:37.764Z"
152323881,"APG","1700810962","b","900","9880","610500","2023-11-24T07:29:35.749Z","2023-11-24T07:29:35.749Z"
152323880,"APG","1700810962","b","100","9880","610500","2023-11-24T07:29:35.749Z","2023-11-24T07:29:35.749Z"
152321239,"APG","1700810931","s","1800","9860","609500","2023-11-24T07:29:04.737Z","2023-11-24T07:29:04.737Z"
152321238,"APG","1700810931","s","200","9870","609500","2023-11-24T07:29:04.737Z","2023-11-24T07:29:04.737Z"
152314831,"APG","1700810854","b","1000","9860","607500","2023-11-24T07:27:47.795Z","2023-11-24T07:27:47.795Z"
152314830,"APG","1700810854","b","100","9860","607500","2023-11-24T07:27:47.795Z","2023-11-24T07:27:47.795Z"
152314709,"APG","1700810853","b","100","9860","606400","2023-11-24T07:27:46.773Z","2023-11-24T07:27:46.773Z"
152312258,"APG","1700810820","b","1000","9850","603400","2023-11-24T07:27:13.751Z","2023-11-24T07:27:13.751Z"
152312257,"APG","1700810820","b","1100","9850","603400","2023-11-24T07:27:13.751Z","2023-11-24T07:27:13.751Z"
152312256,"APG","1700810820","b","300","9850","603400","2023-11-24T07:27:13.751Z","2023-11-24T07:27:13.751Z"
152312255,"APG","1700810820","b","500","9830","603400","2023-11-24T07:27:13.751Z","2023-11-24T07:27:13.751Z"
152305140,"APG","1700810728","b","3000","9800","603400","2023-11-24T07:25:41.746Z","2023-11-24T07:25:41.746Z"
152304604,"APG","1700810716","b","1000","9800","599400","2023-11-24T07:25:30.731Z","2023-11-24T07:25:30.731Z"
152304097,"APG","1700810706","s","400","9800","598400","2023-11-24T07:25:19.726Z","2023-11-24T07:25:19.726Z"
152304096,"APG","1700810706","s","600","9820","598400","2023-11-24T07:25:19.726Z","2023-11-24T07:25:19.726Z"
152300577,"APG","1700810633","b","1400","9820","597000","2023-11-24T07:24:07.731Z","2023-11-24T07:24:07.731Z"
152299764,"APG","1700810614","b","2000","9800","594400","2023-11-24T07:23:47.756Z","2023-11-24T07:23:47.756Z"
152299763,"APG","1700810614","b","600","9800","594400","2023-11-24T07:23:47.756Z","2023-11-24T07:23:47.756Z"
152298686,"APG","1700810590","s","400","9770","593400","2023-11-24T07:23:23.728Z","2023-11-24T07:23:23.728Z"
152298685,"APG","1700810590","s","600","9800","593400","2023-11-24T07:23:23.728Z","2023-11-24T07:23:23.728Z"
152298418,"APG","1700810583","b","300","9830","593400","2023-11-24T07:23:16.726Z","2023-11-24T07:23:16.726Z"
152297590,"APG","1700810565","s","1000","9800","592100","2023-11-24T07:22:58.749Z","2023-11-24T07:22:58.749Z"
152297025,"APG","1700810552","s","100","9800","592000","2023-11-24T07:22:45.728Z","2023-11-24T07:22:45.728Z"
152296155,"APG","1700810534","b","700","9800","592000","2023-11-24T07:22:27.724Z","2023-11-24T07:22:27.724Z"
152296154,"APG","1700810534","b","3000","9800","592000","2023-11-24T07:22:27.724Z","2023-11-24T07:22:27.724Z"
152296153,"APG","1700810534","b","3600","9780","592000","2023-11-24T07:22:27.724Z","2023-11-24T07:22:27.724Z"
152296151,"APG","1700810534","b","200","9780","592000","2023-11-24T07:22:27.724Z","2023-11-24T07:22:27.724Z"
152295984,"APG","1700810530","s","300","9780","584000","2023-11-24T07:22:24.734Z","2023-11-24T07:22:24.734Z"
152295983,"APG","1700810530","s","200","9780","584000","2023-11-24T07:22:24.734Z","2023-11-24T07:22:24.734Z"
152293605,"APG","1700810481","b","500","9780","583500","2023-11-24T07:21:34.727Z","2023-11-24T07:21:34.727Z"
152292447,"APG","1700810457","b","1000","9780","581500","2023-11-24T07:21:10.730Z","2023-11-24T07:21:10.730Z"
152292446,"APG","1700810457","b","1000","9780","581500","2023-11-24T07:21:10.730Z","2023-11-24T07:21:10.730Z"
152290405,"APG","1700810425","s","100","9770","581400","2023-11-24T07:20:38.744Z","2023-11-24T07:20:38.744Z"
152289833,"APG","1700810417","b","500","9780","581400","2023-11-24T07:20:30.735Z","2023-11-24T07:20:30.735Z"
152288099,"APG","1700810390","s","500","9770","580400","2023-11-24T07:20:04.723Z","2023-11-24T07:20:04.723Z"
152285687,"APG","1700810356","b","500","9780","580400","2023-11-24T07:19:29.721Z","2023-11-24T07:19:29.721Z"
152285271,"APG","1700810349","s","6900","9770","569900","2023-11-24T07:19:22.732Z","2023-11-24T07:19:22.732Z"
152285270,"APG","1700810349","s","3100","9770","569900","2023-11-24T07:19:22.732Z","2023-11-24T07:19:22.732Z"
152283705,"APG","1700810328","s","200","9770","569700","2023-11-24T07:19:01.729Z","2023-11-24T07:19:01.729Z"
152283483,"APG","1700810325","b","3000","9780","566700","2023-11-24T07:18:58.732Z","2023-11-24T07:18:58.732Z"
152282845,"APG","1700810317","b","700","9770","566700","2023-11-24T07:18:50.791Z","2023-11-24T07:18:50.791Z"
152282420,"APG","1700810311","b","200","9770","565800","2023-11-24T07:18:45.720Z","2023-11-24T07:18:45.720Z"
152281519,"APG","1700810301","b","300","9770","565500","2023-11-24T07:18:35.752Z","2023-11-24T07:18:35.752Z"
152280260,"APG","1700810289","s","1200","9770","565500","2023-11-24T07:18:22.750Z","2023-11-24T07:18:22.750Z"
152278412,"APG","1700810271","b","1000","9780","564300","2023-11-24T07:18:04.820Z","2023-11-24T07:18:04.820Z"
152277779,"APG","1700810265","s","100","9770","563200","2023-11-24T07:17:58.753Z","2023-11-24T07:17:58.753Z"
152275408,"APG","1700810244","s","500","9770","563200","2023-11-24T07:17:37.814Z","2023-11-24T07:17:37.814Z"
152274320,"APG","1700810236","s","6000","9770","556700","2023-11-24T07:17:29.744Z","2023-11-24T07:17:29.744Z"
152274161,"APG","1700810234","s","500","9770","556700","2023-11-24T07:17:27.784Z","2023-11-24T07:17:27.784Z"
152273698,"APG","1700810231","s","2000","9770","554200","2023-11-24T07:17:24.726Z","2023-11-24T07:17:24.726Z"
152271070,"APG","1700810208","s","5000","9770","549200","2023-11-24T07:17:02.779Z","2023-11-24T07:17:02.779Z"
152268726,"APG","1700810188","s","4700","9770","544200","2023-11-24T07:16:41.746Z","2023-11-24T07:16:41.746Z"
152268725,"APG","1700810188","s","300","9770","544200","2023-11-24T07:16:41.746Z","2023-11-24T07:16:41.746Z"
152268248,"APG","1700810185","s","200","9770","544200","2023-11-24T07:16:38.744Z","2023-11-24T07:16:38.744Z"
152264483,"APG","1700810155","s","100","9780","544000","2023-11-24T07:16:08.746Z","2023-11-24T07:16:08.746Z"
152264482,"APG","1700810155","s","300","9780","544000","2023-11-24T07:16:08.746Z","2023-11-24T07:16:08.746Z"
152264481,"APG","1700810155","s","500","9780","544000","2023-11-24T07:16:08.746Z","2023-11-24T07:16:08.746Z"
152264480,"APG","1700810155","s","1000","9780","544000","2023-11-24T07:16:08.746Z","2023-11-24T07:16:08.746Z"
152264479,"APG","1700810155","s","600","9780","544000","2023-11-24T07:16:08.746Z","2023-11-24T07:16:08.746Z"
152263875,"APG","1700810150","s","1000","9780","540500","2023-11-24T07:16:03.776Z","2023-11-24T07:16:03.776Z"
152261711,"APG","1700810136","s","8400","9780","540500","2023-11-24T07:15:49.832Z","2023-11-24T07:15:49.832Z"
152261710,"APG","1700810136","s","1000","9780","540500","2023-11-24T07:15:49.832Z","2023-11-24T07:15:49.832Z"
152260154,"APG","1700810127","s","2000","9800","531100","2023-11-24T07:15:41.765Z","2023-11-24T07:15:41.765Z"
152260153,"APG","1700810127","s","500","9800","531100","2023-11-24T07:15:41.765Z","2023-11-24T07:15:41.765Z"
152260152,"APG","1700810127","s","300","9800","531100","2023-11-24T07:15:41.765Z","2023-11-24T07:15:41.765Z"
152260151,"APG","1700810127","s","100","9800","531100","2023-11-24T07:15:41.765Z","2023-11-24T07:15:41.765Z"
152260150,"APG","1700810127","s","300","9800","531100","2023-11-24T07:15:41.765Z","2023-11-24T07:15:41.765Z"
152259873,"APG","1700810125","s","200","9800","527900","2023-11-24T07:15:39.805Z","2023-11-24T07:15:39.805Z"
152259872,"APG","1700810125","s","500","9800","527900","2023-11-24T07:15:39.805Z","2023-11-24T07:15:39.805Z"
152259871,"APG","1700810125","s","300","9800","527900","2023-11-24T07:15:39.805Z","2023-11-24T07:15:39.805Z"
152259870,"APG","1700810125","s","2000","9800","527900","2023-11-24T07:15:39.805Z","2023-11-24T07:15:39.805Z"
152259869,"APG","1700810125","s","200","9800","527900","2023-11-24T07:15:39.805Z","2023-11-24T07:15:39.805Z"
152259868,"APG","1700810125","s","16700","9800","527900","2023-11-24T07:15:39.805Z","2023-11-24T07:15:39.805Z"
152259594,"APG","1700810123","s","2000","9800","508000","2023-11-24T07:15:36.741Z","2023-11-24T07:15:36.741Z"
152259002,"APG","1700810118","s","1300","9800","503000","2023-11-24T07:15:32.768Z","2023-11-24T07:15:32.768Z"
152259001,"APG","1700810118","s","100","9800","503000","2023-11-24T07:15:32.768Z","2023-11-24T07:15:32.768Z"
152259000,"APG","1700810118","s","1600","9800","503000","2023-11-24T07:15:32.768Z","2023-11-24T07:15:32.768Z"
152257865,"APG","1700810111","s","1600","9800","503000","2023-11-24T07:15:24.798Z","2023-11-24T07:15:24.798Z"
152254925,"APG","1700810093","s","2000","9800","499400","2023-11-24T07:15:06.781Z","2023-11-24T07:15:06.781Z"
152253680,"APG","1700810087","s","2000","9800","497400","2023-11-24T07:15:00.815Z","2023-11-24T07:15:00.815Z"
152250901,"APG","1700810074","s","100","9810","497400","2023-11-24T07:14:47.775Z","2023-11-24T07:14:47.775Z"
152239543,"APG","1700810027","s","400","9810","497300","2023-11-24T07:14:01.835Z","2023-11-24T07:14:01.835Z"
152239542,"APG","1700810027","s","1000","9810","497300","2023-11-24T07:14:01.835Z","2023-11-24T07:14:01.835Z"
152239541,"APG","1700810027","s","100","9820","497300","2023-11-24T07:14:01.835Z","2023-11-24T07:14:01.835Z"
152237755,"APG","1700810019","b","100","9830","495800","2023-11-24T07:13:53.775Z","2023-11-24T07:13:53.775Z"
152236894,"APG","1700810015","s","100","9830","495700","2023-11-24T07:13:48.864Z","2023-11-24T07:13:48.864Z"
152211766,"APG","1700809857","s","200","9830","495400","2023-11-24T07:11:10.709Z","2023-11-24T07:11:10.709Z"
152209214,"APG","1700809782","s","800","9830","494400","2023-11-24T07:09:55.730Z","2023-11-24T07:09:55.730Z"
152209213,"APG","1700809782","s","200","9830","494400","2023-11-24T07:09:55.730Z","2023-11-24T07:09:55.730Z"
152206847,"APG","1700809711","s","300","9830","494400","2023-11-24T07:08:44.710Z","2023-11-24T07:08:44.710Z"
152206846,"APG","1700809711","s","1700","9830","494400","2023-11-24T07:08:44.710Z","2023-11-24T07:08:44.710Z"
152204580,"APG","1700809646","s","1700","9830","490400","2023-11-24T07:07:39.707Z","2023-11-24T07:07:39.707Z"
152204579,"APG","1700809646","s","300","9830","490400","2023-11-24T07:07:39.707Z","2023-11-24T07:07:39.707Z"
152203876,"APG","1700809631","s","100","9840","490400","2023-11-24T07:07:24.724Z","2023-11-24T07:07:24.724Z"
