"id","symbol","truncTime","matchType","matchVol","matchPrice","accumulatedVolume","createdAt","updatedAt"
152328865,"LCM","1700812792","b","100","2600","429700","2023-11-24T07:59:53.750Z","2023-11-24T07:59:53.750Z"
152328462,"LCM","1700812490","b","1000","2600","429600","2023-11-24T07:54:51.743Z","2023-11-24T07:54:51.743Z"
152328170,"LCM","1700812225","b","200","2600","428600","2023-11-24T07:50:26.738Z","2023-11-24T07:50:26.738Z"
152328160,"LCM","1700812217","b","6400","2600","428400","2023-11-24T07:50:18.738Z","2023-11-24T07:50:18.738Z"
152328138,"LCM","1700812196","b","500","2600","422000","2023-11-24T07:49:57.737Z","2023-11-24T07:49:57.737Z"
152328136,"LCM","1700812194","b","1000","2600","421500","2023-11-24T07:49:55.738Z","2023-11-24T07:49:55.738Z"
152328122,"LCM","1700812180","b","6300","2600","420500","2023-11-24T07:49:41.738Z","2023-11-24T07:49:41.738Z"
152328108,"LCM","1700812168","b","5000","2600","414200","2023-11-24T07:49:29.737Z","2023-11-24T07:49:29.737Z"
152328067,"LCM","1700812135","b","12000","2600","409200","2023-11-24T07:48:56.737Z","2023-11-24T07:48:56.737Z"
152328011,"LCM","1700812061","b","23000","2600","397200","2023-11-24T07:47:42.735Z","2023-11-24T07:47:42.735Z"
152327955,"LCM","1700812016","unknown","33000","2600","374200","2023-11-24T07:46:57.735Z","2023-11-24T07:46:57.735Z"
152327220,"LCM","1700811863","b","3000","2600","341200","2023-11-24T07:44:24.731Z","2023-11-24T07:44:24.731Z"
152327108,"LCM","1700811751","unknown","2900","2600","338200","2023-11-24T07:42:31.729Z","2023-11-24T07:42:31.729Z"
152327035,"LCM","1700811674","b","70000","2600","335300","2023-11-24T07:41:15.731Z","2023-11-24T07:41:15.731Z"
152326754,"LCM","1700811346","b","1000","2600","265300","2023-11-24T07:35:47.723Z","2023-11-24T07:35:47.723Z"
152326712,"LCM","1700811301","s","200","2500","264300","2023-11-24T07:35:02.722Z","2023-11-24T07:35:02.722Z"
152326546,"LCM","1700811140","s","300","2500","264100","2023-11-24T07:32:20.717Z","2023-11-24T07:32:20.717Z"
152324207,"LCM","1700810978","unknown","2200","2500","263800","2023-11-24T07:29:38.746Z","2023-11-24T07:29:38.746Z"
152323573,"LCM","1700810971","b","1000","2500","261600","2023-11-24T07:29:31.758Z","2023-11-24T07:29:31.758Z"
152323486,"LCM","1700810970","s","1200","2500","260600","2023-11-24T07:29:30.771Z","2023-11-24T07:29:30.771Z"
152316645,"LCM","1700810887","s","4500","2500","259400","2023-11-24T07:28:08.754Z","2023-11-24T07:28:08.754Z"
152316271,"LCM","1700810882","b","100","2500","254900","2023-11-24T07:28:02.744Z","2023-11-24T07:28:02.744Z"
152315066,"LCM","1700810869","b","500","2500","254800","2023-11-24T07:27:49.767Z","2023-11-24T07:27:49.767Z"
152310300,"LCM","1700810808","b","5000","2500","254300","2023-11-24T07:26:49.729Z","2023-11-24T07:26:49.729Z"
152305416,"LCM","1700810744","b","2000","2500","249300","2023-11-24T07:25:45.805Z","2023-11-24T07:25:45.805Z"
152304456,"LCM","1700810726","b","100","2500","247300","2023-11-24T07:25:28.741Z","2023-11-24T07:25:28.741Z"
152301500,"LCM","1700810666","b","300","2500","247200","2023-11-24T07:24:26.728Z","2023-11-24T07:24:26.728Z"
152300931,"LCM","1700810654","b","1000","2500","246900","2023-11-24T07:24:15.733Z","2023-11-24T07:24:15.733Z"
152300123,"LCM","1700810635","b","300","2500","245900","2023-11-24T07:23:57.723Z","2023-11-24T07:23:57.723Z"
152297853,"LCM","1700810583","b","4600","2500","245600","2023-11-24T07:23:05.738Z","2023-11-24T07:23:05.738Z"
152287533,"LCM","1700810394","s","500","2500","241000","2023-11-24T07:19:56.734Z","2023-11-24T07:19:56.734Z"
152287250,"LCM","1700810390","s","1500","2500","240500","2023-11-24T07:19:51.728Z","2023-11-24T07:19:51.728Z"
152279743,"LCM","1700810296","s","1000","2500","239000","2023-11-24T07:18:17.757Z","2023-11-24T07:18:17.757Z"
152258009,"LCM","1700810124","s","500","2500","238000","2023-11-24T07:15:25.783Z","2023-11-24T07:15:25.783Z"
152251344,"LCM","1700810088","s","1000","2500","237500","2023-11-24T07:14:49.839Z","2023-11-24T07:14:49.839Z"
152213076,"LCM","1700809900","s","58000","2500","236500","2023-11-24T07:11:41.709Z","2023-11-24T07:11:41.709Z"
152133342,"LCM","1700808097","b","100","2600","178500","2023-11-24T06:41:38.685Z","2023-11-24T06:41:38.685Z"
152133125,"LCM","1700808089","b","100","2600","178400","2023-11-24T06:41:30.678Z","2023-11-24T06:41:30.678Z"
152132940,"LCM","1700808081","b","200","2600","178300","2023-11-24T06:41:22.681Z","2023-11-24T06:41:22.681Z"
152132826,"LCM","1700808075","b","500","2600","178100","2023-11-24T06:41:16.686Z","2023-11-24T06:41:16.686Z"
152132469,"LCM","1700808056","b","2000","2600","177600","2023-11-24T06:40:56.676Z","2023-11-24T06:40:56.676Z"
152132090,"LCM","1700808038","b","5000","2600","175600","2023-11-24T06:40:39.686Z","2023-11-24T06:40:39.686Z"
152131669,"LCM","1700808022","b","10000","2600","170600","2023-11-24T06:40:23.678Z","2023-11-24T06:40:23.678Z"
152111483,"LCM","1700807388","b","500","2600","160600","2023-11-24T06:29:48.668Z","2023-11-24T06:29:48.668Z"
152065946,"LCM","1700806062","s","1000","2500","160100","2023-11-24T06:07:43.658Z","2023-11-24T06:07:43.658Z"
152053856,"LCM","1700805641","s","7100","2500","159100","2023-11-24T06:00:41.639Z","2023-11-24T06:00:41.639Z"
152050997,"LCM","1700805610","s","1700","2500","152000","2023-11-24T06:00:13.684Z","2023-11-24T06:00:13.684Z"
152049662,"LCM","1700805606","b","700","2600","150300","2023-11-24T06:00:07.702Z","2023-11-24T06:00:07.702Z"
152033516,"LCM","1700799436","s","1000","2500","149600","2023-11-24T04:17:17.556Z","2023-11-24T04:17:17.556Z"
152033439,"LCM","1700799428","s","1000","2500","148600","2023-11-24T04:17:09.555Z","2023-11-24T04:17:09.555Z"
152029037,"LCM","1700799157","s","2000","2500","147600","2023-11-24T04:12:37.560Z","2023-11-24T04:12:37.560Z"
152023481,"LCM","1700798870","s","1000","2500","145600","2023-11-24T04:07:51.557Z","2023-11-24T04:07:51.557Z"
152009339,"LCM","1700798308","s","1000","2500","144600","2023-11-24T03:58:30.561Z","2023-11-24T03:58:30.561Z"
151985224,"LCM","1700797035","s","1000","2500","143600","2023-11-24T03:37:16.530Z","2023-11-24T03:37:16.530Z"
151982806,"LCM","1700796888","s","1000","2500","142600","2023-11-24T03:34:49.528Z","2023-11-24T03:34:49.528Z"
151981445,"LCM","1700796819","s","26800","2500","141600","2023-11-24T03:33:39.527Z","2023-11-24T03:33:39.527Z"
151976402,"LCM","1700796572","s","2500","2500","114800","2023-11-24T03:29:33.517Z","2023-11-24T03:29:33.517Z"
151956980,"LCM","1700796032","s","7800","2500","112300","2023-11-24T03:20:33.534Z","2023-11-24T03:20:33.534Z"
151914308,"LCM","1700794762","s","40000","2500","104500","2023-11-24T02:59:23.510Z","2023-11-24T02:59:23.510Z"
151901408,"LCM","1700794373","b","100","2600","64500","2023-11-24T02:52:55.526Z","2023-11-24T02:52:55.526Z"
151891498,"LCM","1700793948","b","1200","2600","64400","2023-11-24T02:45:50.490Z","2023-11-24T02:45:50.490Z"
151862274,"LCM","1700793012","s","7700","2500","63200","2023-11-24T02:30:13.479Z","2023-11-24T02:30:13.479Z"
151832332,"LCM","1700792523","s","30000","2500","55500","2023-11-24T02:22:04.511Z","2023-11-24T02:22:04.511Z"
151821621,"LCM","1700792408","s","5000","2500","25500","2023-11-24T02:20:10.478Z","2023-11-24T02:20:10.478Z"
151799718,"LCM","1700792142","b","500","2600","20500","2023-11-24T02:15:43.458Z","2023-11-24T02:15:43.458Z"
151795436,"LCM","1700791560","b","10000","2600","20000","2023-11-24T02:06:01.427Z","2023-11-24T02:06:01.427Z"
151794065,"LCM","1700791268","b","10000","2600","10000","2023-11-24T02:01:09.426Z","2023-11-24T02:01:09.426Z"
