"id","symbol","truncTime","matchType","matchVol","matchPrice","accumulatedVolume","createdAt","updatedAt"
152327563,"OGC","1700811898","unknown","48500","6790","889900","2023-11-24T07:45:12.907Z","2023-11-24T07:45:12.907Z"
152324139,"OGC","1700810964","b","100","6760","841400","2023-11-24T07:29:38.746Z","2023-11-24T07:29:38.746Z"
152324135,"OGC","1700810964","b","400","6760","841400","2023-11-24T07:29:38.746Z","2023-11-24T07:29:38.746Z"
152324134,"OGC","1700810964","b","1600","6760","841400","2023-11-24T07:29:38.746Z","2023-11-24T07:29:38.746Z"
152323611,"OGC","1700810959","b","100","6760","839200","2023-11-24T07:29:32.733Z","2023-11-24T07:29:32.733Z"
152322655,"OGC","1700810949","b","500","6760","838700","2023-11-24T07:29:22.766Z","2023-11-24T07:29:22.766Z"
152321556,"OGC","1700810935","b","200","6760","838500","2023-11-24T07:29:08.736Z","2023-11-24T07:29:08.736Z"
152321247,"OGC","1700810931","b","2600","6760","838500","2023-11-24T07:29:04.737Z","2023-11-24T07:29:04.737Z"
152321246,"OGC","1700810931","b","100","6760","838500","2023-11-24T07:29:04.737Z","2023-11-24T07:29:04.737Z"
152320842,"OGC","1700810926","b","100","6760","835800","2023-11-24T07:28:59.744Z","2023-11-24T07:28:59.744Z"
152320244,"OGC","1700810919","b","500","6760","835700","2023-11-24T07:28:52.742Z","2023-11-24T07:28:52.742Z"
152319440,"OGC","1700810909","b","600","6760","835200","2023-11-24T07:28:43.744Z","2023-11-24T07:28:43.744Z"
152319154,"OGC","1700810907","b","400","6760","834200","2023-11-24T07:28:40.774Z","2023-11-24T07:28:40.774Z"
152318758,"OGC","1700810901","b","4400","6760","834200","2023-11-24T07:28:34.770Z","2023-11-24T07:28:34.770Z"
152318576,"OGC","1700810898","b","200","6760","829800","2023-11-24T07:28:31.730Z","2023-11-24T07:28:31.730Z"
152318233,"OGC","1700810893","b","1000","6760","829600","2023-11-24T07:28:26.767Z","2023-11-24T07:28:26.767Z"
152317861,"OGC","1700810889","b","1000","6760","827600","2023-11-24T07:28:23.742Z","2023-11-24T07:28:23.742Z"
152317633,"OGC","1700810886","b","100","6760","827600","2023-11-24T07:28:20.749Z","2023-11-24T07:28:20.749Z"
152317028,"OGC","1700810880","s","400","6750","827500","2023-11-24T07:28:13.772Z","2023-11-24T07:28:13.772Z"
152316973,"OGC","1700810879","b","5000","6750","827100","2023-11-24T07:28:13.772Z","2023-11-24T07:28:13.772Z"
152316972,"OGC","1700810879","b","1700","6750","827100","2023-11-24T07:28:13.772Z","2023-11-24T07:28:13.772Z"
152316965,"OGC","1700810879","b","6000","6750","820400","2023-11-24T07:28:13.772Z","2023-11-24T07:28:13.772Z"
152316421,"OGC","1700810872","b","2300","6750","814400","2023-11-24T07:28:05.725Z","2023-11-24T07:28:05.725Z"
152316420,"OGC","1700810872","b","3200","6750","814400","2023-11-24T07:28:05.725Z","2023-11-24T07:28:05.725Z"
152315395,"OGC","1700810860","b","500","6740","808400","2023-11-24T07:27:53.760Z","2023-11-24T07:27:53.760Z"
152314844,"OGC","1700810854","b","3000","6740","805400","2023-11-24T07:27:47.795Z","2023-11-24T07:27:47.795Z"
152314730,"OGC","1700810853","b","1500","6740","805400","2023-11-24T07:27:46.773Z","2023-11-24T07:27:46.773Z"
152314729,"OGC","1700810853","b","3000","6740","805400","2023-11-24T07:27:46.773Z","2023-11-24T07:27:46.773Z"
152312969,"OGC","1700810829","b","5000","6730","795900","2023-11-24T07:27:22.738Z","2023-11-24T07:27:22.738Z"
152307008,"OGC","1700810755","b","3500","6700","795900","2023-11-24T07:26:07.749Z","2023-11-24T07:26:07.749Z"
152307007,"OGC","1700810755","b","100","6700","795900","2023-11-24T07:26:07.749Z","2023-11-24T07:26:07.749Z"
152307006,"OGC","1700810755","b","1000","6700","795900","2023-11-24T07:26:07.749Z","2023-11-24T07:26:07.749Z"
152304992,"OGC","1700810725","s","2000","6700","791300","2023-11-24T07:25:38.735Z","2023-11-24T07:25:38.735Z"
152304991,"OGC","1700810725","s","1000","6700","791300","2023-11-24T07:25:38.735Z","2023-11-24T07:25:38.735Z"
152304990,"OGC","1700810725","s","200","6700","791300","2023-11-24T07:25:38.735Z","2023-11-24T07:25:38.735Z"
152304989,"OGC","1700810725","s","1000","6700","791300","2023-11-24T07:25:38.735Z","2023-11-24T07:25:38.735Z"
152304988,"OGC","1700810725","s","100","6700","791300","2023-11-24T07:25:38.735Z","2023-11-24T07:25:38.735Z"
152304987,"OGC","1700810725","s","200","6700","791300","2023-11-24T07:25:38.735Z","2023-11-24T07:25:38.735Z"
152304986,"OGC","1700810725","s","300","6700","791300","2023-11-24T07:25:38.735Z","2023-11-24T07:25:38.735Z"
152304985,"OGC","1700810725","s","500","6700","791300","2023-11-24T07:25:38.735Z","2023-11-24T07:25:38.735Z"
152304984,"OGC","1700810725","s","100","6700","791300","2023-11-24T07:25:38.735Z","2023-11-24T07:25:38.735Z"
152304983,"OGC","1700810725","s","800","6700","791300","2023-11-24T07:25:38.735Z","2023-11-24T07:25:38.735Z"
152304982,"OGC","1700810725","s","500","6700","791300","2023-11-24T07:25:38.735Z","2023-11-24T07:25:38.735Z"
152304981,"OGC","1700810725","s","100","6700","791300","2023-11-24T07:25:38.735Z","2023-11-24T07:25:38.735Z"
152304980,"OGC","1700810725","s","1000","6700","791300","2023-11-24T07:25:38.735Z","2023-11-24T07:25:38.735Z"
152304979,"OGC","1700810725","s","100","6700","791300","2023-11-24T07:25:38.735Z","2023-11-24T07:25:38.735Z"
152304978,"OGC","1700810725","s","3500","6700","791300","2023-11-24T07:25:38.735Z","2023-11-24T07:25:38.735Z"
152304977,"OGC","1700810725","s","2000","6710","791300","2023-11-24T07:25:38.735Z","2023-11-24T07:25:38.735Z"
152304976,"OGC","1700810725","s","500","6710","791300","2023-11-24T07:25:38.735Z","2023-11-24T07:25:38.735Z"
152304975,"OGC","1700810725","s","1400","6710","791300","2023-11-24T07:25:38.735Z","2023-11-24T07:25:38.735Z"
152302689,"OGC","1700810679","s","100","6710","776000","2023-11-24T07:24:52.726Z","2023-11-24T07:24:52.726Z"
152302688,"OGC","1700810679","s","900","6710","776000","2023-11-24T07:24:52.726Z","2023-11-24T07:24:52.726Z"
152300393,"OGC","1700810629","s","100","6710","775000","2023-11-24T07:24:03.735Z","2023-11-24T07:24:03.735Z"
152299256,"OGC","1700810601","s","1500","6700","774900","2023-11-24T07:23:34.725Z","2023-11-24T07:23:34.725Z"
152299255,"OGC","1700810601","s","200","6700","774900","2023-11-24T07:23:34.725Z","2023-11-24T07:23:34.725Z"
152299254,"OGC","1700810601","s","100","6700","774900","2023-11-24T07:23:34.725Z","2023-11-24T07:23:34.725Z"
152299253,"OGC","1700810601","s","100","6700","774900","2023-11-24T07:23:34.725Z","2023-11-24T07:23:34.725Z"
152299252,"OGC","1700810601","s","100","6700","774900","2023-11-24T07:23:34.725Z","2023-11-24T07:23:34.725Z"
152299251,"OGC","1700810601","s","1000","6700","774900","2023-11-24T07:23:34.725Z","2023-11-24T07:23:34.725Z"
152299250,"OGC","1700810601","s","5000","6700","774900","2023-11-24T07:23:34.725Z","2023-11-24T07:23:34.725Z"
152296306,"OGC","1700810537","s","400","6700","764100","2023-11-24T07:22:31.732Z","2023-11-24T07:22:31.732Z"
152296305,"OGC","1700810537","s","1000","6710","764100","2023-11-24T07:22:31.732Z","2023-11-24T07:22:31.732Z"
152296304,"OGC","1700810537","s","100","6710","764100","2023-11-24T07:22:31.732Z","2023-11-24T07:22:31.732Z"
152296303,"OGC","1700810537","s","200","6710","764100","2023-11-24T07:22:31.732Z","2023-11-24T07:22:31.732Z"
152296302,"OGC","1700810537","s","1000","6710","764100","2023-11-24T07:22:31.732Z","2023-11-24T07:22:31.732Z"
152296301,"OGC","1700810537","s","100","6710","764100","2023-11-24T07:22:31.732Z","2023-11-24T07:22:31.732Z"
152295953,"OGC","1700810530","s","100","6720","763600","2023-11-24T07:22:23.727Z","2023-11-24T07:22:23.727Z"
152295952,"OGC","1700810530","s","400","6720","763600","2023-11-24T07:22:23.727Z","2023-11-24T07:22:23.727Z"
152295078,"OGC","1700810511","s","100","6730","763600","2023-11-24T07:22:05.726Z","2023-11-24T07:22:05.726Z"
152293278,"OGC","1700810473","s","200","6730","763500","2023-11-24T07:21:27.727Z","2023-11-24T07:21:27.727Z"
152292596,"OGC","1700810459","b","5000","6740","763300","2023-11-24T07:21:13.724Z","2023-11-24T07:21:13.724Z"
152292565,"OGC","1700810459","b","1900","6730","756400","2023-11-24T07:21:12.725Z","2023-11-24T07:21:12.725Z"
152292046,"OGC","1700810449","b","3100","6730","756400","2023-11-24T07:21:03.732Z","2023-11-24T07:21:03.732Z"
152292045,"OGC","1700810449","b","1900","6730","756400","2023-11-24T07:21:03.732Z","2023-11-24T07:21:03.732Z"
152291516,"OGC","1700810440","b","200","6730","751200","2023-11-24T07:20:53.729Z","2023-11-24T07:20:53.729Z"
152289410,"OGC","1700810411","s","100","6700","751000","2023-11-24T07:20:24.723Z","2023-11-24T07:20:24.723Z"
152289409,"OGC","1700810411","s","100","6700","751000","2023-11-24T07:20:24.723Z","2023-11-24T07:20:24.723Z"
152289282,"OGC","1700810409","b","100","6710","751000","2023-11-24T07:20:22.733Z","2023-11-24T07:20:22.733Z"
152289164,"OGC","1700810407","b","600","6710","750900","2023-11-24T07:20:20.749Z","2023-11-24T07:20:20.749Z"
152288865,"OGC","1700810404","b","1000","6710","750300","2023-11-24T07:20:17.730Z","2023-11-24T07:20:17.730Z"
152285544,"OGC","1700810354","b","800","6700","749300","2023-11-24T07:19:27.724Z","2023-11-24T07:19:27.724Z"
152284841,"OGC","1700810343","s","300","6700","748500","2023-11-24T07:19:17.734Z","2023-11-24T07:19:17.734Z"
152284840,"OGC","1700810343","s","100","6700","748500","2023-11-24T07:19:17.734Z","2023-11-24T07:19:17.734Z"
152284839,"OGC","1700810343","s","200","6700","748500","2023-11-24T07:19:17.734Z","2023-11-24T07:19:17.734Z"
152284838,"OGC","1700810343","s","100","6700","748500","2023-11-24T07:19:17.734Z","2023-11-24T07:19:17.734Z"
152284837,"OGC","1700810343","s","1200","6700","748500","2023-11-24T07:19:17.734Z","2023-11-24T07:19:17.734Z"
152284836,"OGC","1700810343","s","200","6700","748500","2023-11-24T07:19:17.734Z","2023-11-24T07:19:17.734Z"
152284835,"OGC","1700810343","s","2000","6700","748500","2023-11-24T07:19:17.734Z","2023-11-24T07:19:17.734Z"
152284834,"OGC","1700810343","s","100","6710","748500","2023-11-24T07:19:17.734Z","2023-11-24T07:19:17.734Z"
152280226,"OGC","1700810288","s","3000","6700","744300","2023-11-24T07:18:21.733Z","2023-11-24T07:18:21.733Z"
152280225,"OGC","1700810288","s","100","6700","744300","2023-11-24T07:18:21.733Z","2023-11-24T07:18:21.733Z"
152280224,"OGC","1700810288","s","5000","6700","744300","2023-11-24T07:18:21.733Z","2023-11-24T07:18:21.733Z"
152280223,"OGC","1700810288","s","1500","6700","744300","2023-11-24T07:18:21.733Z","2023-11-24T07:18:21.733Z"
152280222,"OGC","1700810288","s","1000","6700","744300","2023-11-24T07:18:21.733Z","2023-11-24T07:18:21.733Z"
152280221,"OGC","1700810288","s","100","6700","744300","2023-11-24T07:18:21.733Z","2023-11-24T07:18:21.733Z"
152280220,"OGC","1700810288","s","1000","6700","744300","2023-11-24T07:18:21.733Z","2023-11-24T07:18:21.733Z"
152280219,"OGC","1700810288","s","200","6700","744300","2023-11-24T07:18:21.733Z","2023-11-24T07:18:21.733Z"
152280218,"OGC","1700810288","s","8000","6700","744300","2023-11-24T07:18:21.733Z","2023-11-24T07:18:21.733Z"
152280217,"OGC","1700810288","s","500","6700","744300","2023-11-24T07:18:21.733Z","2023-11-24T07:18:21.733Z"
152280216,"OGC","1700810288","s","5000","6700","744300","2023-11-24T07:18:21.733Z","2023-11-24T07:18:21.733Z"
