"id","symbol","truncTime","matchType","matchVol","matchPrice","accumulatedVolume","createdAt","updatedAt"
152327513,"SAM","1700811897","unknown","11000","6710","761000","2023-11-24T07:45:11.739Z","2023-11-24T07:45:11.739Z"
152323206,"SAM","1700810955","b","100","6680","760400","2023-11-24T07:29:28.782Z","2023-11-24T07:29:28.782Z"
152323205,"SAM","1700810955","b","500","6680","760400","2023-11-24T07:29:28.782Z","2023-11-24T07:29:28.782Z"
152320620,"SAM","1700810923","b","500","6680","759900","2023-11-24T07:28:56.745Z","2023-11-24T07:28:56.745Z"
152316244,"SAM","1700810869","b","1000","6680","759900","2023-11-24T07:28:01.739Z","2023-11-24T07:28:01.739Z"
152314619,"SAM","1700810851","b","500","6650","758900","2023-11-24T07:27:44.755Z","2023-11-24T07:27:44.755Z"
152314618,"SAM","1700810851","b","200","6650","758900","2023-11-24T07:27:44.755Z","2023-11-24T07:27:44.755Z"
152314617,"SAM","1700810851","b","100","6650","758900","2023-11-24T07:27:44.755Z","2023-11-24T07:27:44.755Z"
152294633,"SAM","1700810501","s","5900","6650","752200","2023-11-24T07:21:54.739Z","2023-11-24T07:21:54.739Z"
152290250,"SAM","1700810424","b","3000","6650","752200","2023-11-24T07:20:37.734Z","2023-11-24T07:20:37.734Z"
152290249,"SAM","1700810424","b","1000","6650","752200","2023-11-24T07:20:37.734Z","2023-11-24T07:20:37.734Z"
152290248,"SAM","1700810424","b","100","6640","752200","2023-11-24T07:20:37.734Z","2023-11-24T07:20:37.734Z"
152287292,"SAM","1700810378","b","5000","6600","738600","2023-11-24T07:19:51.728Z","2023-11-24T07:19:51.728Z"
152287291,"SAM","1700810378","b","4400","6600","738600","2023-11-24T07:19:51.728Z","2023-11-24T07:19:51.728Z"
152287290,"SAM","1700810378","b","100","6590","738600","2023-11-24T07:19:51.728Z","2023-11-24T07:19:51.728Z"
152281132,"SAM","1700810297","b","100","6580","738500","2023-11-24T07:18:31.749Z","2023-11-24T07:18:31.749Z"
152277927,"SAM","1700810267","s","100","6550","733000","2023-11-24T07:18:00.737Z","2023-11-24T07:18:00.737Z"
152277926,"SAM","1700810267","s","500","6550","733000","2023-11-24T07:18:00.737Z","2023-11-24T07:18:00.737Z"
152277925,"SAM","1700810267","s","1000","6550","733000","2023-11-24T07:18:00.737Z","2023-11-24T07:18:00.737Z"
152277924,"SAM","1700810267","s","2000","6550","733000","2023-11-24T07:18:00.737Z","2023-11-24T07:18:00.737Z"
152277923,"SAM","1700810267","s","1900","6550","733000","2023-11-24T07:18:00.737Z","2023-11-24T07:18:00.737Z"
152264869,"SAM","1700810159","s","100","6550","732100","2023-11-24T07:16:12.761Z","2023-11-24T07:16:12.761Z"
152264868,"SAM","1700810159","s","700","6550","732100","2023-11-24T07:16:12.761Z","2023-11-24T07:16:12.761Z"
152264867,"SAM","1700810159","s","100","6570","732100","2023-11-24T07:16:12.761Z","2023-11-24T07:16:12.761Z"
152253664,"SAM","1700810087","s","800","6580","731300","2023-11-24T07:15:00.815Z","2023-11-24T07:15:00.815Z"
152250902,"SAM","1700810074","s","1600","6590","729700","2023-11-24T07:14:47.775Z","2023-11-24T07:14:47.775Z"
152249009,"SAM","1700810065","s","1600","6590","729700","2023-11-24T07:14:38.788Z","2023-11-24T07:14:38.788Z"
152246522,"SAM","1700810054","s","200","6590","728100","2023-11-24T07:14:27.906Z","2023-11-24T07:14:27.906Z"
152239928,"SAM","1700810029","s","700","6590","724200","2023-11-24T07:14:03.746Z","2023-11-24T07:14:03.746Z"
152239927,"SAM","1700810029","s","900","6590","724200","2023-11-24T07:14:03.746Z","2023-11-24T07:14:03.746Z"
152239926,"SAM","1700810029","s","2000","6590","724200","2023-11-24T07:14:03.746Z","2023-11-24T07:14:03.746Z"
152239925,"SAM","1700810029","s","100","6590","724200","2023-11-24T07:14:03.746Z","2023-11-24T07:14:03.746Z"
152239603,"SAM","1700810028","s","900","6590","724200","2023-11-24T07:14:01.835Z","2023-11-24T07:14:01.835Z"
152239602,"SAM","1700810028","s","100","6590","724200","2023-11-24T07:14:01.835Z","2023-11-24T07:14:01.835Z"
152226657,"SAM","1700809968","s","100","6600","723200","2023-11-24T07:13:02.882Z","2023-11-24T07:13:02.882Z"
152226656,"SAM","1700809968","s","600","6600","723200","2023-11-24T07:13:02.882Z","2023-11-24T07:13:02.882Z"
152226655,"SAM","1700809968","s","800","6600","723200","2023-11-24T07:13:02.882Z","2023-11-24T07:13:02.882Z"
152225890,"SAM","1700809965","s","100","6610","721600","2023-11-24T07:12:58.828Z","2023-11-24T07:12:58.828Z"
152211314,"SAM","1700809845","b","100","6610","721600","2023-11-24T07:10:58.724Z","2023-11-24T07:10:58.724Z"
152211313,"SAM","1700809845","b","600","6610","721600","2023-11-24T07:10:58.724Z","2023-11-24T07:10:58.724Z"
152207907,"SAM","1700809749","s","100","6610","720900","2023-11-24T07:09:22.713Z","2023-11-24T07:09:22.713Z"
152201666,"SAM","1700809582","s","200","6650","720800","2023-11-24T07:06:35.724Z","2023-11-24T07:06:35.724Z"
152195158,"SAM","1700809410","s","200","6680","720600","2023-11-24T07:03:43.703Z","2023-11-24T07:03:43.703Z"
152193992,"SAM","1700809367","b","4800","6680","720400","2023-11-24T07:03:00.708Z","2023-11-24T07:03:00.708Z"
152193476,"SAM","1700809351","b","300","6680","715300","2023-11-24T07:02:44.706Z","2023-11-24T07:02:44.706Z"
152193383,"SAM","1700809346","b","1700","6680","715300","2023-11-24T07:02:40.720Z","2023-11-24T07:02:40.720Z"
152193382,"SAM","1700809346","b","2000","6680","715300","2023-11-24T07:02:40.720Z","2023-11-24T07:02:40.720Z"
152193381,"SAM","1700809346","b","100","6680","715300","2023-11-24T07:02:40.720Z","2023-11-24T07:02:40.720Z"
152190177,"SAM","1700809243","b","200","6680","711500","2023-11-24T07:00:56.716Z","2023-11-24T07:00:56.716Z"
152188781,"SAM","1700809203","b","1400","6600","709900","2023-11-24T07:00:17.697Z","2023-11-24T07:00:17.697Z"
152181916,"SAM","1700809005","b","200","6580","709900","2023-11-24T06:56:59.698Z","2023-11-24T06:56:59.698Z"
152180329,"SAM","1700808969","b","2000","6580","707700","2023-11-24T06:56:22.699Z","2023-11-24T06:56:22.699Z"
152179458,"SAM","1700808954","b","100","6550","707700","2023-11-24T06:56:07.710Z","2023-11-24T06:56:07.710Z"
152179233,"SAM","1700808949","b","2000","6550","707600","2023-11-24T06:56:03.699Z","2023-11-24T06:56:03.699Z"
152179141,"SAM","1700808947","b","1000","6550","705600","2023-11-24T06:56:00.713Z","2023-11-24T06:56:00.713Z"
152177460,"SAM","1700808914","b","1000","6550","703600","2023-11-24T06:55:27.712Z","2023-11-24T06:55:27.712Z"
152177418,"SAM","1700808913","b","1000","6550","703600","2023-11-24T06:55:26.712Z","2023-11-24T06:55:26.712Z"
152174309,"SAM","1700808850","b","800","6550","701600","2023-11-24T06:54:23.699Z","2023-11-24T06:54:23.699Z"
152174308,"SAM","1700808850","b","200","6540","701600","2023-11-24T06:54:23.699Z","2023-11-24T06:54:23.699Z"
152168401,"SAM","1700808748","b","100","6550","701600","2023-11-24T06:52:41.704Z","2023-11-24T06:52:41.704Z"
152163733,"SAM","1700808678","b","2900","6550","698600","2023-11-24T06:51:31.722Z","2023-11-24T06:51:31.722Z"
152163570,"SAM","1700808676","s","100","6540","698600","2023-11-24T06:51:29.713Z","2023-11-24T06:51:29.713Z"
152163569,"SAM","1700808676","s","100","6540","698600","2023-11-24T06:51:29.713Z","2023-11-24T06:51:29.713Z"
152163568,"SAM","1700808676","s","100","6540","698600","2023-11-24T06:51:29.713Z","2023-11-24T06:51:29.713Z"
152160048,"SAM","1700808629","b","100","6550","698200","2023-11-24T06:50:42.717Z","2023-11-24T06:50:42.717Z"
152158806,"SAM","1700808618","s","1000","6550","697200","2023-11-24T06:50:31.748Z","2023-11-24T06:50:31.748Z"
152153514,"SAM","1700808569","s","1000","6580","691400","2023-11-24T06:49:43.745Z","2023-11-24T06:49:43.745Z"
152153513,"SAM","1700808569","s","500","6580","691400","2023-11-24T06:49:43.745Z","2023-11-24T06:49:43.745Z"
152153512,"SAM","1700808569","s","4300","6580","691400","2023-11-24T06:49:43.745Z","2023-11-24T06:49:43.745Z"
152152611,"SAM","1700808555","s","100","6590","691400","2023-11-24T06:49:28.705Z","2023-11-24T06:49:28.705Z"
152152610,"SAM","1700808555","s","100","6590","691400","2023-11-24T06:49:28.705Z","2023-11-24T06:49:28.705Z"
152151737,"SAM","1700808543","s","600","6600","690600","2023-11-24T06:49:16.734Z","2023-11-24T06:49:16.734Z"
152148578,"SAM","1700808498","b","1600","6600","685700","2023-11-24T06:48:31.701Z","2023-11-24T06:48:31.701Z"
152148577,"SAM","1700808498","b","500","6600","685700","2023-11-24T06:48:31.701Z","2023-11-24T06:48:31.701Z"
152148576,"SAM","1700808498","b","1000","6600","685700","2023-11-24T06:48:31.701Z","2023-11-24T06:48:31.701Z"
152148575,"SAM","1700808498","b","1800","6600","685700","2023-11-24T06:48:31.701Z","2023-11-24T06:48:31.701Z"
152143043,"SAM","1700808417","s","300","6600","684100","2023-11-24T06:47:10.701Z","2023-11-24T06:47:10.701Z"
152143042,"SAM","1700808417","s","300","6600","684100","2023-11-24T06:47:10.701Z","2023-11-24T06:47:10.701Z"
152143041,"SAM","1700808417","s","300","6600","684100","2023-11-24T06:47:10.701Z","2023-11-24T06:47:10.701Z"
152143040,"SAM","1700808417","s","200","6600","684100","2023-11-24T06:47:10.701Z","2023-11-24T06:47:10.701Z"
152143039,"SAM","1700808417","s","200","6600","684100","2023-11-24T06:47:10.701Z","2023-11-24T06:47:10.701Z"
152143038,"SAM","1700808417","s","300","6600","684100","2023-11-24T06:47:10.701Z","2023-11-24T06:47:10.701Z"
152141027,"SAM","1700808375","s","1000","6600","683100","2023-11-24T06:46:28.735Z","2023-11-24T06:46:28.735Z"
152139595,"SAM","1700808331","s","300","6600","683100","2023-11-24T06:45:45.695Z","2023-11-24T06:45:45.695Z"
152132328,"SAM","1700808036","b","800","6600","682000","2023-11-24T06:40:49.679Z","2023-11-24T06:40:49.679Z"
152132179,"SAM","1700808029","b","15000","6600","682000","2023-11-24T06:40:42.678Z","2023-11-24T06:40:42.678Z"
152130909,"SAM","1700807977","s","200","6590","666800","2023-11-24T06:39:51.673Z","2023-11-24T06:39:51.673Z"
152130797,"SAM","1700807971","b","2200","6590","664500","2023-11-24T06:39:45.679Z","2023-11-24T06:39:45.679Z"
152130796,"SAM","1700807971","b","100","6590","664500","2023-11-24T06:39:45.679Z","2023-11-24T06:39:45.679Z"
152130434,"SAM","1700807957","b","5000","6590","664500","2023-11-24T06:39:30.673Z","2023-11-24T06:39:30.673Z"
152130401,"SAM","1700807954","s","700","6580","659500","2023-11-24T06:39:28.675Z","2023-11-24T06:39:28.675Z"
152130400,"SAM","1700807954","s","100","6580","659500","2023-11-24T06:39:28.675Z","2023-11-24T06:39:28.675Z"
152129750,"SAM","1700807929","b","10000","6590","648700","2023-11-24T06:39:02.676Z","2023-11-24T06:39:02.676Z"
152128452,"SAM","1700807880","s","200","6580","648700","2023-11-24T06:38:14.687Z","2023-11-24T06:38:14.687Z"
152128070,"SAM","1700807870","s","3000","6580","648500","2023-11-24T06:38:03.680Z","2023-11-24T06:38:03.680Z"
152127552,"SAM","1700807855","s","3900","6580","641600","2023-11-24T06:37:48.705Z","2023-11-24T06:37:48.705Z"
152126650,"SAM","1700807829","b","1900","6580","641600","2023-11-24T06:37:22.676Z","2023-11-24T06:37:22.676Z"
152126367,"SAM","1700807818","b","2000","6580","639700","2023-11-24T06:37:11.675Z","2023-11-24T06:37:11.675Z"
152124356,"SAM","1700807763","s","1000","6580","637700","2023-11-24T06:36:16.675Z","2023-11-24T06:36:16.675Z"
152123883,"SAM","1700807746","s","100","6590","636600","2023-11-24T06:35:59.674Z","2023-11-24T06:35:59.674Z"
