"id","symbol","truncTime","matchType","matchVol","matchPrice","accumulatedVolume","createdAt","updatedAt"
152327439,"VCG","1700811896","unknown","402900","22650","9168100","2023-11-24T07:45:09.752Z","2023-11-24T07:45:09.752Z"
152325979,"VCG","1700810987","b","500","22500","9166600","2023-11-24T07:30:00.763Z","2023-11-24T07:30:00.763Z"
152325978,"VCG","1700810987","b","1000","22500","9166600","2023-11-24T07:30:00.763Z","2023-11-24T07:30:00.763Z"
152325962,"VCG","1700810987","s","100","22450","9166600","2023-11-24T07:30:00.763Z","2023-11-24T07:30:00.763Z"
152325469,"VCG","1700810980","b","1000","22500","9165500","2023-11-24T07:29:53.747Z","2023-11-24T07:29:53.747Z"
152325415,"VCG","1700810980","s","1000","22450","9164500","2023-11-24T07:29:52.745Z","2023-11-24T07:29:52.745Z"
152325354,"VCG","1700810979","b","100","22450","9142400","2023-11-24T07:29:51.764Z","2023-11-24T07:29:51.764Z"
152325353,"VCG","1700810979","b","1000","22450","9142400","2023-11-24T07:29:51.764Z","2023-11-24T07:29:51.764Z"
152325352,"VCG","1700810979","b","1000","22450","9142400","2023-11-24T07:29:51.764Z","2023-11-24T07:29:51.764Z"
152325351,"VCG","1700810979","b","10000","22450","9142400","2023-11-24T07:29:51.764Z","2023-11-24T07:29:51.764Z"
152325350,"VCG","1700810979","b","500","22450","9142400","2023-11-24T07:29:51.764Z","2023-11-24T07:29:51.764Z"
152325349,"VCG","1700810979","b","1800","22450","9142400","2023-11-24T07:29:51.764Z","2023-11-24T07:29:51.764Z"
152325348,"VCG","1700810979","b","7700","22450","9142400","2023-11-24T07:29:51.764Z","2023-11-24T07:29:51.764Z"
152325236,"VCG","1700810977","b","2000","22450","9140400","2023-11-24T07:29:50.741Z","2023-11-24T07:29:50.741Z"
152325177,"VCG","1700810976","b","300","22450","9138400","2023-11-24T07:29:49.748Z","2023-11-24T07:29:49.748Z"
152325176,"VCG","1700810976","b","1000","22450","9138400","2023-11-24T07:29:49.748Z","2023-11-24T07:29:49.748Z"
152325175,"VCG","1700810976","b","100","22450","9138400","2023-11-24T07:29:49.748Z","2023-11-24T07:29:49.748Z"
152325174,"VCG","1700810976","b","600","22450","9138400","2023-11-24T07:29:49.748Z","2023-11-24T07:29:49.748Z"
152324937,"VCG","1700810974","b","400","22450","9137200","2023-11-24T07:29:47.736Z","2023-11-24T07:29:47.736Z"
152324936,"VCG","1700810974","b","600","22450","9137200","2023-11-24T07:29:47.736Z","2023-11-24T07:29:47.736Z"
152324935,"VCG","1700810974","b","200","22450","9137200","2023-11-24T07:29:47.736Z","2023-11-24T07:29:47.736Z"
152324891,"VCG","1700810973","b","400","22450","9136800","2023-11-24T07:29:46.754Z","2023-11-24T07:29:46.754Z"
152324788,"VCG","1700810972","s","100","22400","9136700","2023-11-24T07:29:45.738Z","2023-11-24T07:29:45.738Z"
152324546,"VCG","1700810968","s","9700","22400","9136700","2023-11-24T07:29:42.743Z","2023-11-24T07:29:42.743Z"
152324545,"VCG","1700810968","s","300","22400","9136700","2023-11-24T07:29:42.743Z","2023-11-24T07:29:42.743Z"
152324397,"VCG","1700810967","b","1800","22450","9124700","2023-11-24T07:29:40.747Z","2023-11-24T07:29:40.747Z"
152324396,"VCG","1700810967","b","200","22450","9124700","2023-11-24T07:29:40.747Z","2023-11-24T07:29:40.747Z"
152324245,"VCG","1700810965","s","200","22400","9124500","2023-11-24T07:29:39.755Z","2023-11-24T07:29:39.755Z"
152323776,"VCG","1700810960","b","100","22400","9119600","2023-11-24T07:29:34.750Z","2023-11-24T07:29:34.750Z"
152323775,"VCG","1700810960","b","700","22400","9119600","2023-11-24T07:29:34.750Z","2023-11-24T07:29:34.750Z"
152323774,"VCG","1700810960","b","400","22400","9119600","2023-11-24T07:29:34.750Z","2023-11-24T07:29:34.750Z"
152323773,"VCG","1700810960","b","600","22400","9119600","2023-11-24T07:29:34.750Z","2023-11-24T07:29:34.750Z"
152323772,"VCG","1700810960","b","500","22400","9119600","2023-11-24T07:29:34.750Z","2023-11-24T07:29:34.750Z"
152323771,"VCG","1700810960","b","200","22400","9119600","2023-11-24T07:29:34.750Z","2023-11-24T07:29:34.750Z"
152323770,"VCG","1700810960","b","2300","22400","9119600","2023-11-24T07:29:34.750Z","2023-11-24T07:29:34.750Z"
152323768,"VCG","1700810960","b","100","22400","9119600","2023-11-24T07:29:34.750Z","2023-11-24T07:29:34.750Z"
152323695,"VCG","1700810960","b","500","22400","9119100","2023-11-24T07:29:33.748Z","2023-11-24T07:29:33.748Z"
152323654,"VCG","1700810959","b","100","22400","9119000","2023-11-24T07:29:33.748Z","2023-11-24T07:29:33.748Z"
152323571,"VCG","1700810958","b","300","22400","9118700","2023-11-24T07:29:31.758Z","2023-11-24T07:29:31.758Z"
152323518,"VCG","1700810958","b","1200","22400","9118700","2023-11-24T07:29:31.758Z","2023-11-24T07:29:31.758Z"
152323517,"VCG","1700810958","b","500","22400","9118700","2023-11-24T07:29:31.758Z","2023-11-24T07:29:31.758Z"
152323516,"VCG","1700810958","b","500","22400","9118700","2023-11-24T07:29:31.758Z","2023-11-24T07:29:31.758Z"
152323499,"VCG","1700810957","b","1500","22400","9116500","2023-11-24T07:29:31.758Z","2023-11-24T07:29:31.758Z"
152323498,"VCG","1700810957","b","300","22400","9116500","2023-11-24T07:29:31.758Z","2023-11-24T07:29:31.758Z"
152323497,"VCG","1700810957","b","300","22400","9116500","2023-11-24T07:29:31.758Z","2023-11-24T07:29:31.758Z"
152323496,"VCG","1700810957","b","900","22400","9116500","2023-11-24T07:29:31.758Z","2023-11-24T07:29:31.758Z"
152323284,"VCG","1700810955","b","1000","22400","9112500","2023-11-24T07:29:29.756Z","2023-11-24T07:29:29.756Z"
152323157,"VCG","1700810954","b","200","22400","9112500","2023-11-24T07:29:28.782Z","2023-11-24T07:29:28.782Z"
152323089,"VCG","1700810953","s","1000","22350","9112300","2023-11-24T07:29:27.743Z","2023-11-24T07:29:27.743Z"
152323021,"VCG","1700810953","b","400","22400","9111300","2023-11-24T07:29:26.767Z","2023-11-24T07:29:26.767Z"
152322945,"VCG","1700810952","b","300","22400","9110900","2023-11-24T07:29:26.767Z","2023-11-24T07:29:26.767Z"
152322704,"VCG","1700810949","s","600","22350","9110600","2023-11-24T07:29:22.766Z","2023-11-24T07:29:22.766Z"
152322703,"VCG","1700810949","s","400","22350","9110600","2023-11-24T07:29:22.766Z","2023-11-24T07:29:22.766Z"
152322696,"VCG","1700810949","s","2200","22350","9110600","2023-11-24T07:29:22.766Z","2023-11-24T07:29:22.766Z"
152322524,"VCG","1700810948","b","200","22400","9107400","2023-11-24T07:29:21.786Z","2023-11-24T07:29:21.786Z"
152322392,"VCG","1700810947","b","100","22400","9107100","2023-11-24T07:29:20.756Z","2023-11-24T07:29:20.756Z"
152322228,"VCG","1700810945","b","1900","22400","9094400","2023-11-24T07:29:18.756Z","2023-11-24T07:29:18.756Z"
152322227,"VCG","1700810945","b","1100","22400","9094400","2023-11-24T07:29:18.756Z","2023-11-24T07:29:18.756Z"
152322226,"VCG","1700810945","b","9500","22400","9094400","2023-11-24T07:29:18.756Z","2023-11-24T07:29:18.756Z"
152322225,"VCG","1700810945","b","200","22400","9094400","2023-11-24T07:29:18.756Z","2023-11-24T07:29:18.756Z"
152321928,"VCG","1700810940","b","100","22400","9094300","2023-11-24T07:29:14.789Z","2023-11-24T07:29:14.789Z"
152321866,"VCG","1700810939","s","400","22350","9093800","2023-11-24T07:29:12.749Z","2023-11-24T07:29:12.749Z"
152321865,"VCG","1700810939","s","100","22350","9093800","2023-11-24T07:29:12.749Z","2023-11-24T07:29:12.749Z"
152321734,"VCG","1700810938","s","400","22350","9093800","2023-11-24T07:29:11.792Z","2023-11-24T07:29:11.792Z"
152321733,"VCG","1700810938","s","600","22350","9093800","2023-11-24T07:29:11.792Z","2023-11-24T07:29:11.792Z"
152321151,"VCG","1700810930","b","700","22350","9092800","2023-11-24T07:29:03.741Z","2023-11-24T07:29:03.741Z"
152321007,"VCG","1700810928","b","1000","22350","9091100","2023-11-24T07:29:01.737Z","2023-11-24T07:29:01.737Z"
152320862,"VCG","1700810926","s","500","22350","9082800","2023-11-24T07:29:00.885Z","2023-11-24T07:29:00.885Z"
152320861,"VCG","1700810926","s","300","22350","9082800","2023-11-24T07:29:00.885Z","2023-11-24T07:29:00.885Z"
152320860,"VCG","1700810926","s","100","22350","9082800","2023-11-24T07:29:00.885Z","2023-11-24T07:29:00.885Z"
152320859,"VCG","1700810926","s","200","22350","9082800","2023-11-24T07:29:00.885Z","2023-11-24T07:29:00.885Z"
152320858,"VCG","1700810926","s","7000","22350","9082800","2023-11-24T07:29:00.885Z","2023-11-24T07:29:00.885Z"
152320857,"VCG","1700810926","s","200","22350","9082800","2023-11-24T07:29:00.885Z","2023-11-24T07:29:00.885Z"
152320537,"VCG","1700810922","b","200","22400","9082600","2023-11-24T07:28:55.756Z","2023-11-24T07:28:55.756Z"
152319962,"VCG","1700810915","b","200","22350","9082600","2023-11-24T07:28:49.745Z","2023-11-24T07:28:49.745Z"
152319961,"VCG","1700810915","b","500","22350","9082600","2023-11-24T07:28:49.745Z","2023-11-24T07:28:49.745Z"
152319885,"VCG","1700810914","s","600","22300","9081900","2023-11-24T07:28:48.744Z","2023-11-24T07:28:48.744Z"
152319884,"VCG","1700810914","s","500","22300","9081900","2023-11-24T07:28:48.744Z","2023-11-24T07:28:48.744Z"
152319883,"VCG","1700810914","s","200","22300","9081900","2023-11-24T07:28:48.744Z","2023-11-24T07:28:48.744Z"
152319882,"VCG","1700810914","s","200","22300","9081900","2023-11-24T07:28:48.744Z","2023-11-24T07:28:48.744Z"
152319881,"VCG","1700810914","b","100","22350","9081900","2023-11-24T07:28:48.744Z","2023-11-24T07:28:48.744Z"
152319594,"VCG","1700810911","b","500","22350","9080300","2023-11-24T07:28:45.753Z","2023-11-24T07:28:45.753Z"
152319395,"VCG","1700810909","b","700","22350","9078800","2023-11-24T07:28:42.764Z","2023-11-24T07:28:42.764Z"
152319394,"VCG","1700810909","b","300","22350","9078800","2023-11-24T07:28:42.764Z","2023-11-24T07:28:42.764Z"
152319262,"VCG","1700810907","b","100","22350","9078200","2023-11-24T07:28:41.760Z","2023-11-24T07:28:41.760Z"
152319249,"VCG","1700810907","b","500","22350","9078200","2023-11-24T07:28:41.760Z","2023-11-24T07:28:41.760Z"
152319204,"VCG","1700810907","b","200","22350","9078200","2023-11-24T07:28:40.774Z","2023-11-24T07:28:40.774Z"
152319203,"VCG","1700810907","b","300","22350","9078200","2023-11-24T07:28:40.774Z","2023-11-24T07:28:40.774Z"
152319127,"VCG","1700810906","b","1000","22350","9076700","2023-11-24T07:28:40.774Z","2023-11-24T07:28:40.774Z"
152319094,"VCG","1700810905","b","1000","22350","9076700","2023-11-24T07:28:39.792Z","2023-11-24T07:28:39.792Z"
152318798,"VCG","1700810902","b","2000","22350","9073700","2023-11-24T07:28:34.770Z","2023-11-24T07:28:34.770Z"
152318515,"VCG","1700810897","b","500","22350","9073700","2023-11-24T07:28:30.745Z","2023-11-24T07:28:30.745Z"
152318294,"VCG","1700810894","s","13800","22250","9073200","2023-11-24T07:28:27.781Z","2023-11-24T07:28:27.781Z"
152318293,"VCG","1700810894","s","200","22300","9073200","2023-11-24T07:28:27.781Z","2023-11-24T07:28:27.781Z"
152318292,"VCG","1700810894","s","900","22300","9073200","2023-11-24T07:28:27.781Z","2023-11-24T07:28:27.781Z"
152318291,"VCG","1700810894","s","100","22300","9073200","2023-11-24T07:28:27.781Z","2023-11-24T07:28:27.781Z"
152318290,"VCG","1700810894","s","1000","22300","9073200","2023-11-24T07:28:27.781Z","2023-11-24T07:28:27.781Z"
152318289,"VCG","1700810894","s","100","22300","9073200","2023-11-24T07:28:27.781Z","2023-11-24T07:28:27.781Z"
152318288,"VCG","1700810894","s","100","22300","9073200","2023-11-24T07:28:27.781Z","2023-11-24T07:28:27.781Z"
152318287,"VCG","1700810894","s","3700","22300","9073200","2023-11-24T07:28:27.781Z","2023-11-24T07:28:27.781Z"
