"id","symbol","truncTime","matchType","matchVol","matchPrice","accumulatedVolume","createdAt","updatedAt"
152327392,"VIB","1700811895","unknown","191000","18800","2466900","2023-11-24T07:45:08.768Z","2023-11-24T07:45:08.768Z"
152326030,"VIB","1700810988","b","600","18750","2466300","2023-11-24T07:30:01.740Z","2023-11-24T07:30:01.740Z"
152325800,"VIB","1700810985","b","1100","18750","2465200","2023-11-24T07:29:58.793Z","2023-11-24T07:29:58.793Z"
152325711,"VIB","1700810984","s","100","18750","2465200","2023-11-24T07:29:58.793Z","2023-11-24T07:29:58.793Z"
152324954,"VIB","1700810974","b","2000","18750","2463100","2023-11-24T07:29:47.736Z","2023-11-24T07:29:47.736Z"
152324052,"VIB","1700810964","b","5000","18750","2458100","2023-11-24T07:29:37.764Z","2023-11-24T07:29:37.764Z"
152323718,"VIB","1700810960","s","100","18750","2455100","2023-11-24T07:29:33.748Z","2023-11-24T07:29:33.748Z"
152323717,"VIB","1700810960","s","1200","18750","2455100","2023-11-24T07:29:33.748Z","2023-11-24T07:29:33.748Z"
152323716,"VIB","1700810960","s","1000","18750","2455100","2023-11-24T07:29:33.748Z","2023-11-24T07:29:33.748Z"
152323715,"VIB","1700810960","s","100","18750","2455100","2023-11-24T07:29:33.748Z","2023-11-24T07:29:33.748Z"
152323714,"VIB","1700810960","s","100","18750","2455100","2023-11-24T07:29:33.748Z","2023-11-24T07:29:33.748Z"
152323713,"VIB","1700810960","s","500","18750","2455100","2023-11-24T07:29:33.748Z","2023-11-24T07:29:33.748Z"
152321794,"VIB","1700810939","s","500","18750","2454600","2023-11-24T07:29:11.792Z","2023-11-24T07:29:11.792Z"
152320349,"VIB","1700810920","b","14900","18750","2439700","2023-11-24T07:28:54.779Z","2023-11-24T07:28:54.779Z"
152319904,"VIB","1700810915","b","100","18750","2439700","2023-11-24T07:28:48.744Z","2023-11-24T07:28:48.744Z"
152319444,"VIB","1700810910","b","1000","18750","2439600","2023-11-24T07:28:43.744Z","2023-11-24T07:28:43.744Z"
152319267,"VIB","1700810908","b","200","18750","2438600","2023-11-24T07:28:41.760Z","2023-11-24T07:28:41.760Z"
152319144,"VIB","1700810906","b","100","18750","2435800","2023-11-24T07:28:40.774Z","2023-11-24T07:28:40.774Z"
152319143,"VIB","1700810906","b","2400","18750","2435800","2023-11-24T07:28:40.774Z","2023-11-24T07:28:40.774Z"
152319142,"VIB","1700810906","b","100","18750","2435800","2023-11-24T07:28:40.774Z","2023-11-24T07:28:40.774Z"
152319115,"VIB","1700810906","b","100","18750","2435800","2023-11-24T07:28:39.792Z","2023-11-24T07:28:39.792Z"
152318697,"VIB","1700810900","s","1100","18750","2434600","2023-11-24T07:28:33.757Z","2023-11-24T07:28:33.757Z"
152318098,"VIB","1700810892","b","100","18750","2415700","2023-11-24T07:28:25.746Z","2023-11-24T07:28:25.746Z"
152318097,"VIB","1700810892","b","18800","18750","2415700","2023-11-24T07:28:25.746Z","2023-11-24T07:28:25.746Z"
152316935,"VIB","1700810878","b","100","18750","2415700","2023-11-24T07:28:12.735Z","2023-11-24T07:28:12.735Z"
152316258,"VIB","1700810869","b","1100","18750","2410600","2023-11-24T07:28:02.744Z","2023-11-24T07:28:02.744Z"
152316257,"VIB","1700810869","b","3900","18750","2410600","2023-11-24T07:28:02.744Z","2023-11-24T07:28:02.744Z"
152315907,"VIB","1700810865","b","100","18750","2410600","2023-11-24T07:27:58.785Z","2023-11-24T07:27:58.785Z"
152314169,"VIB","1700810845","b","900","18750","2409600","2023-11-24T07:27:38.741Z","2023-11-24T07:27:38.741Z"
152312227,"VIB","1700810819","s","100","18750","2409600","2023-11-24T07:27:13.751Z","2023-11-24T07:27:13.751Z"
152312164,"VIB","1700810818","b","300","18800","2409500","2023-11-24T07:27:12.748Z","2023-11-24T07:27:12.748Z"
152312163,"VIB","1700810818","b","200","18800","2409500","2023-11-24T07:27:12.748Z","2023-11-24T07:27:12.748Z"
152309499,"VIB","1700810788","b","1800","18800","2409000","2023-11-24T07:26:41.747Z","2023-11-24T07:26:41.747Z"
152309498,"VIB","1700810788","b","1000","18800","2409000","2023-11-24T07:26:41.747Z","2023-11-24T07:26:41.747Z"
152309497,"VIB","1700810788","b","500","18800","2409000","2023-11-24T07:26:41.747Z","2023-11-24T07:26:41.747Z"
152309496,"VIB","1700810788","b","500","18800","2409000","2023-11-24T07:26:41.747Z","2023-11-24T07:26:41.747Z"
152309495,"VIB","1700810788","b","100","18800","2409000","2023-11-24T07:26:41.747Z","2023-11-24T07:26:41.747Z"
152308445,"VIB","1700810773","b","400","18800","2398200","2023-11-24T07:26:26.750Z","2023-11-24T07:26:26.750Z"
152308444,"VIB","1700810773","b","2000","18800","2398200","2023-11-24T07:26:26.750Z","2023-11-24T07:26:26.750Z"
152308443,"VIB","1700810773","b","4500","18800","2398200","2023-11-24T07:26:26.750Z","2023-11-24T07:26:26.750Z"
152308102,"VIB","1700810769","b","3900","18800","2394300","2023-11-24T07:26:22.739Z","2023-11-24T07:26:22.739Z"
152307117,"VIB","1700810756","b","1600","18800","2387400","2023-11-24T07:26:09.777Z","2023-11-24T07:26:09.777Z"
152307116,"VIB","1700810756","b","1000","18800","2387400","2023-11-24T07:26:09.777Z","2023-11-24T07:26:09.777Z"
152307115,"VIB","1700810756","b","1900","18800","2387400","2023-11-24T07:26:09.777Z","2023-11-24T07:26:09.777Z"
152307114,"VIB","1700810756","b","200","18750","2387400","2023-11-24T07:26:09.777Z","2023-11-24T07:26:09.777Z"
152307113,"VIB","1700810756","b","200","18750","2387400","2023-11-24T07:26:09.777Z","2023-11-24T07:26:09.777Z"
152307112,"VIB","1700810756","b","2000","18750","2387400","2023-11-24T07:26:09.777Z","2023-11-24T07:26:09.777Z"
152306957,"VIB","1700810754","b","100","18750","2387400","2023-11-24T07:26:07.749Z","2023-11-24T07:26:07.749Z"
152306777,"VIB","1700810751","b","900","18750","2382400","2023-11-24T07:26:04.764Z","2023-11-24T07:26:04.764Z"
152306776,"VIB","1700810751","b","100","18750","2382400","2023-11-24T07:26:04.764Z","2023-11-24T07:26:04.764Z"
152306775,"VIB","1700810751","b","2500","18750","2382400","2023-11-24T07:26:04.764Z","2023-11-24T07:26:04.764Z"
152306774,"VIB","1700810751","b","1400","18750","2382400","2023-11-24T07:26:04.764Z","2023-11-24T07:26:04.764Z"
152306385,"VIB","1700810745","b","6900","18750","2382400","2023-11-24T07:25:58.748Z","2023-11-24T07:25:58.748Z"
152306082,"VIB","1700810741","b","1700","18750","2371100","2023-11-24T07:25:54.737Z","2023-11-24T07:25:54.737Z"
152306081,"VIB","1700810741","b","2600","18750","2371100","2023-11-24T07:25:54.737Z","2023-11-24T07:25:54.737Z"
152306080,"VIB","1700810741","b","100","18700","2371100","2023-11-24T07:25:54.737Z","2023-11-24T07:25:54.737Z"
152305358,"VIB","1700810732","b","4100","18700","2367000","2023-11-24T07:25:45.805Z","2023-11-24T07:25:45.805Z"
152305189,"VIB","1700810729","b","900","18700","2365000","2023-11-24T07:25:42.746Z","2023-11-24T07:25:42.746Z"
152305188,"VIB","1700810729","b","1100","18700","2365000","2023-11-24T07:25:42.746Z","2023-11-24T07:25:42.746Z"
152304844,"VIB","1700810721","b","4900","18700","2360100","2023-11-24T07:25:35.728Z","2023-11-24T07:25:35.728Z"
152304339,"VIB","1700810711","b","4000","18700","2360100","2023-11-24T07:25:24.752Z","2023-11-24T07:25:24.752Z"
152304338,"VIB","1700810711","b","1000","18700","2360100","2023-11-24T07:25:24.752Z","2023-11-24T07:25:24.752Z"
152304055,"VIB","1700810705","s","3700","18600","2355100","2023-11-24T07:25:18.731Z","2023-11-24T07:25:18.731Z"
152304054,"VIB","1700810705","s","1200","18650","2355100","2023-11-24T07:25:18.731Z","2023-11-24T07:25:18.731Z"
152304053,"VIB","1700810705","s","100","18650","2355100","2023-11-24T07:25:18.731Z","2023-11-24T07:25:18.731Z"
152302630,"VIB","1700810678","s","600","18600","2343200","2023-11-24T07:24:51.741Z","2023-11-24T07:24:51.741Z"
152302629,"VIB","1700810678","s","800","18600","2343200","2023-11-24T07:24:51.741Z","2023-11-24T07:24:51.741Z"
152302628,"VIB","1700810678","s","100","18650","2343200","2023-11-24T07:24:51.741Z","2023-11-24T07:24:51.741Z"
152302627,"VIB","1700810678","s","5400","18650","2343200","2023-11-24T07:24:51.741Z","2023-11-24T07:24:51.741Z"
152301567,"VIB","1700810654","s","2200","18650","2336300","2023-11-24T07:24:27.745Z","2023-11-24T07:24:27.745Z"
152301566,"VIB","1700810654","s","300","18650","2336300","2023-11-24T07:24:27.745Z","2023-11-24T07:24:27.745Z"
152301565,"VIB","1700810654","s","500","18650","2336300","2023-11-24T07:24:27.745Z","2023-11-24T07:24:27.745Z"
152301564,"VIB","1700810654","s","1000","18650","2336300","2023-11-24T07:24:27.745Z","2023-11-24T07:24:27.745Z"
152301563,"VIB","1700810654","s","100","18650","2336300","2023-11-24T07:24:27.745Z","2023-11-24T07:24:27.745Z"
152301562,"VIB","1700810654","s","2800","18700","2336300","2023-11-24T07:24:27.745Z","2023-11-24T07:24:27.745Z"
152301344,"VIB","1700810649","b","2200","18700","2336300","2023-11-24T07:24:22.735Z","2023-11-24T07:24:22.735Z"
152301056,"VIB","1700810644","s","100","18700","2329400","2023-11-24T07:24:17.746Z","2023-11-24T07:24:17.746Z"
152301055,"VIB","1700810644","s","200","18700","2329400","2023-11-24T07:24:17.746Z","2023-11-24T07:24:17.746Z"
152301054,"VIB","1700810644","s","1000","18700","2329400","2023-11-24T07:24:17.746Z","2023-11-24T07:24:17.746Z"
152301053,"VIB","1700810644","s","1200","18700","2329400","2023-11-24T07:24:17.746Z","2023-11-24T07:24:17.746Z"
152301052,"VIB","1700810644","s","300","18700","2329400","2023-11-24T07:24:17.746Z","2023-11-24T07:24:17.746Z"
152301051,"VIB","1700810644","s","200","18700","2329400","2023-11-24T07:24:17.746Z","2023-11-24T07:24:17.746Z"
152301050,"VIB","1700810644","s","1700","18700","2329400","2023-11-24T07:24:17.746Z","2023-11-24T07:24:17.746Z"
152300307,"VIB","1700810628","b","100","18750","2329400","2023-11-24T07:24:02.757Z","2023-11-24T07:24:02.757Z"
152300086,"VIB","1700810622","b","1000","18750","2328300","2023-11-24T07:23:56.731Z","2023-11-24T07:23:56.731Z"
152298597,"VIB","1700810587","b","100","18750","2328200","2023-11-24T07:23:20.730Z","2023-11-24T07:23:20.730Z"
152296900,"VIB","1700810549","b","100","18750","2328200","2023-11-24T07:22:42.728Z","2023-11-24T07:22:42.728Z"
152295009,"VIB","1700810510","b","100","18750","2328000","2023-11-24T07:22:04.730Z","2023-11-24T07:22:04.730Z"
152293782,"VIB","1700810484","b","1000","18750","2327000","2023-11-24T07:21:37.754Z","2023-11-24T07:21:37.754Z"
152293264,"VIB","1700810473","b","100","18750","2326900","2023-11-24T07:21:26.753Z","2023-11-24T07:21:26.753Z"
152293138,"VIB","1700810470","s","900","18700","2326000","2023-11-24T07:21:24.725Z","2023-11-24T07:21:24.725Z"
152293117,"VIB","1700810470","b","4900","18750","2326000","2023-11-24T07:21:23.724Z","2023-11-24T07:21:23.724Z"
152293116,"VIB","1700810470","b","2000","18750","2326000","2023-11-24T07:21:23.724Z","2023-11-24T07:21:23.724Z"
152293115,"VIB","1700810470","b","500","18750","2326000","2023-11-24T07:21:23.724Z","2023-11-24T07:21:23.724Z"
152293114,"VIB","1700810470","b","1000","18750","2326000","2023-11-24T07:21:23.724Z","2023-11-24T07:21:23.724Z"
152293113,"VIB","1700810470","b","1600","18750","2326000","2023-11-24T07:21:23.724Z","2023-11-24T07:21:23.724Z"
152291362,"VIB","1700810438","b","1700","18750","2311600","2023-11-24T07:20:51.736Z","2023-11-24T07:20:51.736Z"
152291361,"VIB","1700810438","b","2000","18700","2311600","2023-11-24T07:20:51.736Z","2023-11-24T07:20:51.736Z"
152291360,"VIB","1700810438","b","700","18700","2311600","2023-11-24T07:20:51.736Z","2023-11-24T07:20:51.736Z"
152291328,"VIB","1700810437","b","100","18700","2311500","2023-11-24T07:20:50.733Z","2023-11-24T07:20:50.733Z"
