"price","change","match_qtty","side","time","total_vol"
7.8,0,100,"bu","14:59:51",1158100
7.8,0,100,"bu","14:58:01",1158000
7.8,0,100,"bu","14:56:30",1157900
7.7,-0.1,200,"sd","14:56:12",1157800
7.8,0,4000,"bu","14:55:32",1157600
7.8,0,100,"bu","14:54:38",1153600
7.7,-0.1,10000,"sd","14:54:00",1153500
7.8,0,1000,"bu","14:50:41",1143500
7.8,0,400,"bu","14:48:53",1142500
7.8,0,100,"bu","14:44:54",1142100
7.8,0,100,"bu","14:43:01",1142000
7.8,0,30000,"bu","14:42:38",1141900
7.7,-0.1,1000,"sd","14:41:33",1111900
7.8,0,100,"bu","14:41:12",1110900
7.7,-0.1,1000,"sd","14:40:20",1110800
7.8,0,1000,"bu","14:40:18",1109800
7.8,0,8900,"bu","14:40:02",1108800
7.8,0,100,"bu","14:37:26",1099900
7.7,-0.1,2800,"sd","14:36:47",1099800
7.7,-0.1,5000,"bu","14:36:46",1097000
7.7,-0.1,100,"bu","14:36:37",1092000
7.7,-0.1,400,"bu","14:36:36",1091900
7.7,-0.1,4000,"bu","14:36:35",1091500
7.7,-0.1,10200,"bu","14:36:20",1087500
7.7,-0.1,100,"bu","14:36:17",1077300
7.7,-0.1,2000,"bu","14:36:14",1077200
7.7,-0.1,10000,"bu","14:36:13",1075200
7.7,-0.1,5000,"bu","14:36:11",1065200
7.7,-0.1,1600,"bu","14:36:10",1060200
7.7,-0.1,30800,"bu","14:36:07",1058600
7.7,-0.1,1000,"bu","14:35:44",1027800
7.7,-0.1,10000,"bu","14:35:42",1026800
7.7,-0.1,80000,"bu","14:35:14",1016800
7.7,-0.1,100,"bu","14:34:52",936800
7.7,-0.1,6000,"bu","14:34:51",936700
7.7,-0.1,200,"bu","14:34:32",930700
7.7,-0.1,8600,"bu","14:34:10",930500
7.7,-0.1,5000,"bu","14:33:10",921900
7.7,-0.1,3800,"bu","14:32:29",916900
7.7,-0.1,100,"bu","14:32:16",913100
7.7,-0.1,3000,"bu","14:31:59",913000
7.7,-0.1,1000,"bu","14:31:17",910000
7.7,-0.1,300,"bu","14:30:45",909000
7.7,-0.1,2000,"bu","14:30:42",908700
7.7,-0.1,500,"bu","14:30:35",906700
7.7,-0.1,1000,"bu","14:30:24",906200
7.7,-0.1,700,"bu","14:28:58",905200
7.7,-0.1,200,"bu","14:28:54",904500
7.7,-0.1,200,"bu","14:28:41",904300
7.6,-0.2,2000,"sd","14:28:04",904100
7.6,-0.2,1800,"sd","14:27:48",902100
7.7,-0.1,100,"bu","14:27:46",900300
7.7,-0.1,100,"bu","14:27:36",900200
7.7,-0.1,5000,"bu","14:26:44",900100
7.7,-0.1,100,"bu","14:26:42",895100
7.7,-0.1,10000,"bu","14:26:41",895000
7.7,-0.1,200,"bu","14:26:21",885000
7.7,-0.1,500,"bu","14:24:55",884800
7.7,-0.1,10000,"bu","14:24:47",884300
7.7,-0.1,3000,"bu","14:24:44",874300
7.7,-0.1,10000,"bu","14:24:36",871300
7.7,-0.1,500,"bu","14:23:35",861300
7.7,-0.1,200,"bu","14:23:27",860800
7.6,-0.2,35600,"sd","14:19:30",860600
7.6,-0.2,10000,"sd","14:19:06",825000
7.6,-0.2,9000,"sd","14:18:51",815000
7.7,-0.1,3000,"bu","14:18:40",806000
7.6,-0.2,1000,"sd","14:18:13",803000
7.6,-0.2,3000,"sd","14:18:10",802000
7.6,-0.2,100,"sd","14:18:03",799000
7.6,-0.2,168000,"sd","14:17:46",798900
7.6,-0.2,100,"sd","14:17:22",630900
7.7,-0.1,100,"bu","14:14:17",630800
7.7,-0.1,500,"bu","14:14:08",630700
7.7,-0.1,800,"bu","14:08:09",630200
7.7,-0.1,1000,"bu","14:07:29",629400
7.7,-0.1,500,"bu","14:06:51",628400
7.7,-0.1,300,"bu","14:06:33",627900
7.7,-0.1,1000,"bu","14:06:29",627600
7.7,-0.1,100,"bu","14:06:06",626600
7.7,-0.1,1000,"bu","14:06:05",626500
7.7,-0.1,200,"bu","14:05:45",625500
7.7,-0.1,1000,"bu","14:05:36",625300
7.7,-0.1,1000,"bu","14:05:09",624300
7.7,-0.1,500,"bu","14:04:50",623300
7.7,-0.1,100,"bu","14:04:00",622800
7.7,-0.1,2500,"bu","14:03:03",622700
7.7,-0.1,100,"bu","14:02:02",620200
7.7,-0.1,1000,"bu","13:59:32",620100
7.6,-0.2,400,"sd","13:59:09",619100
7.6,-0.2,2600,"sd","13:58:55",618700
7.6,-0.2,300,"sd","13:57:28",616100
7.7,-0.1,100,"bu","13:57:11",615800
7.7,-0.1,500,"bu","13:56:55",615700
7.7,-0.1,1500,"bu","13:54:49",615200
7.6,-0.2,100,"sd","13:54:33",613700
7.6,-0.2,7900,"sd","13:52:11",613600
7.7,-0.1,300,"bu","13:50:48",605700
7.7,-0.1,2700,"bu","13:50:07",605400
7.7,-0.1,1000,"sd","13:47:19",602700
7.7,-0.1,5000,"sd","13:47:17",601700
7.7,-0.1,7000,"sd","13:46:56",596700
7.7,-0.1,2500,"sd","13:44:24",589700
7.7,-0.1,5000,"sd","13:40:58",587200
7.7,-0.1,200,"","13:36:46",582200
7.7,-0.1,100,"bu","13:36:41",582000
7.7,-0.1,2500,"sd","13:36:16",581900
7.7,-0.1,300,"sd","13:35:39",579400
7.7,-0.1,5000,"sd","13:35:28",579100
7.7,-0.1,12100,"sd","13:34:46",574100
7.7,-0.1,1000,"sd","13:34:15",562000
7.7,-0.1,3000,"sd","13:31:56",561000
7.8,0,100,"bu","13:30:08",558000
7.7,-0.1,5000,"sd","13:23:22",557900
7.7,-0.1,400,"sd","13:18:21",552900
7.7,-0.1,500,"sd","13:17:41",552500
7.7,-0.1,5000,"sd","13:16:18",552000
7.7,-0.1,15100,"sd","13:11:42",547000
7.7,-0.1,200,"bu","13:11:15",531900
7.7,-0.1,1000,"bu","13:10:56",531700
7.7,-0.1,100,"bu","13:08:07",530700
7.7,-0.1,600,"sd","13:07:35",530600
7.7,-0.1,5000,"sd","13:06:46",530000
7.7,-0.1,4600,"bu","13:06:06",525000
7.7,-0.1,2000,"bu","13:05:45",520400
7.7,-0.1,100,"bu","13:05:36",518400
7.7,-0.1,100,"bu","13:05:12",518300
7.7,-0.1,13200,"bu","13:05:04",518200
7.7,-0.1,100,"sd","13:04:06",505000
7.7,-0.1,2600,"sd","13:03:16",504900
7.7,-0.1,100,"sd","13:02:34",502300
7.7,-0.1,300,"sd","13:01:41",502200
7.7,-0.1,200,"sd","13:01:08",501900
7.7,-0.1,500,"sd","13:00:04",501700
7.8,0,200,"bu","13:00:03",501200
7.7,-0.1,800,"sd","13:00:01",501000
7.7,-0.1,600,"sd","11:21:21",500200
7.7,-0.1,4000,"sd","11:20:21",499600
7.7,-0.1,5000,"sd","11:12:05",495600
7.7,-0.1,5000,"sd","11:05:07",490600
7.7,-0.1,3000,"sd","11:01:57",485600
7.7,-0.1,13500,"sd","11:01:56",482600
7.7,-0.1,5000,"sd","11:01:41",469100
7.7,-0.1,500,"sd","10:59:12",464100
7.7,-0.1,5000,"sd","10:52:51",463600
7.7,-0.1,20000,"sd","10:52:37",458600
7.7,-0.1,500,"sd","10:47:21",438600
7.7,-0.1,5000,"sd","10:46:48",438100
7.7,-0.1,1000,"sd","10:41:52",433100
7.7,-0.1,300,"sd","10:41:26",432100
7.7,-0.1,9000,"sd","10:40:49",431800
7.8,0,100,"bu","10:38:55",422800
7.8,0,2000,"bu","10:33:33",422700
7.8,0,1000,"bu","10:33:00",420700
7.8,0,2000,"bu","10:32:23",419700
7.8,0,100,"bu","10:31:31",417700
7.7,-0.1,3000,"sd","10:30:58",417600
7.7,-0.1,100,"sd","10:28:41",414600
7.7,-0.1,3800,"bu","10:27:34",414500
7.7,-0.1,100,"bu","10:27:18",410700
7.7,-0.1,5000,"bu","10:27:10",410600
7.7,-0.1,100,"bu","10:27:04",405600
7.7,-0.1,200,"bu","10:26:31",405500
7.7,-0.1,2000,"bu","10:26:27",405300
7.7,-0.1,100,"bu","10:26:11",403300
7.7,-0.1,600,"sd","10:25:12",403200
7.7,-0.1,500,"sd","10:23:26",402600
7.7,-0.1,200,"bu","10:23:16",402100
7.7,-0.1,127200,"sd","10:23:01",401900
7.7,-0.1,5000,"sd","10:22:41",274700
7.7,-0.1,5000,"sd","10:22:40",269700
7.7,-0.1,10000,"sd","10:22:33",264700
7.7,-0.1,20000,"sd","10:22:22",254700
7.7,-0.1,6200,"sd","10:22:00",234700
7.7,-0.1,3000,"sd","10:20:27",228500
7.7,-0.1,100,"sd","10:18:58",225500
7.7,-0.1,2000,"sd","10:17:26",225400
7.7,-0.1,100,"sd","10:16:59",223400
7.7,-0.1,5000,"sd","10:16:40",223300
7.7,-0.1,300,"sd","10:16:26",218300
7.7,-0.1,1000,"sd","10:14:40",218000
7.7,-0.1,2000,"sd","10:14:10",217000
7.7,-0.1,2000,"sd","10:12:38",215000
7.7,-0.1,1000,"sd","10:12:12",213000
7.8,0,6000,"bu","10:10:24",212000
7.8,0,2000,"bu","10:08:18",206000
7.7,-0.1,200,"sd","10:08:14",204000
7.7,-0.1,100,"sd","10:07:40",203800
7.7,-0.1,5000,"sd","10:01:58",203700
7.7,-0.1,50000,"sd","09:59:27",198700
7.8,0,2000,"bu","09:56:36",148700
7.7,-0.1,500,"sd","09:53:00",146700
7.7,-0.1,2000,"sd","09:46:33",146200
7.8,0,500,"bu","09:41:58",144200
7.8,0,300,"bu","09:31:16",143700
7.8,0,100,"bu","09:29:01",143400
7.8,0,100,"bu","09:28:54",143300
7.8,0,100,"bu","09:28:37",143200
7.7,-0.1,3300,"sd","09:28:20",143100
7.8,0,200,"bu","09:28:19",139800
7.8,0,100,"bu","09:28:05",139600
7.8,0,300,"bu","09:27:31",139500
7.7,-0.1,100,"sd","09:27:29",139200
7.8,0,100,"bu","09:26:47",139100
7.8,0,100,"bu","09:25:54",139000
7.7,-0.1,200,"sd","09:25:51",138900
7.7,-0.1,50000,"sd","09:25:37",138700
7.8,0,100,"bu","09:23:08",88700
7.8,0,300,"bu","09:21:51",88600
7.8,0,100,"bu","09:20:56",88300
7.8,0,29100,"bu","09:18:48",88200
7.8,0,2000,"sd","09:18:47",59100
7.8,0,3000,"sd","09:17:38",57100
7.8,0,5000,"sd","09:17:23",54100
7.8,0,7000,"sd","09:16:44",49100
7.8,0,4600,"sd","09:16:34",42100
7.8,0,8000,"sd","09:16:12",37500
7.8,0,12900,"sd","09:14:52",29500
7.8,0,100,"bu","09:14:09",16600
7.8,0,1000,"bu","09:13:57",16500
7.8,0,100,"bu","09:12:48",15500
7.8,0,10000,"bu","09:12:07",15400
7.8,0,1000,"bu","09:11:54",5400
7.8,0,100,"bu","09:11:15",4400
7.8,0,1000,"bu","09:10:48",4300
7.7,-0.1,200,"sd","09:05:22",3300
7.8,0,100,"bu","09:04:40",3100
7.8,0,1000,"bu","09:03:19",3000
7.8,0,200,"bu","09:01:54",2000
7.8,0,100,"bu","09:01:35",1800
7.8,0,800,"sd","09:00:37",1700
7.8,0,100,"bu","09:00:33",900
7.8,0,500,"bu","09:00:21",800
7.8,0,100,"bu","09:00:18",300
7.8,0,200,"sd","09:00:16",200
