"price","change","match_qtty","side","time","total_vol"
9.7,-0.2,100,"bu","14:59:58",584100
9.6,-0.3,100,"sd","14:54:01",584000
9.7,-0.2,100,"bu","14:52:03",583900
9.7,-0.2,100,"bu","14:48:56",583800
9.7,-0.2,1000,"bu","14:44:55",583700
9.7,-0.2,10000,"bu","14:44:34",582700
9.6,-0.3,5000,"sd","14:42:50",572700
9.6,-0.3,200,"bu","14:35:21",567700
9.6,-0.3,4800,"sd","14:34:07",567500
9.6,-0.3,900,"bu","14:33:07",562700
9.6,-0.3,100,"bu","14:32:50",561800
9.6,-0.3,800,"bu","14:31:51",561700
9.6,-0.3,300,"bu","14:31:24",560900
9.6,-0.3,200,"sd","14:30:36",560600
9.6,-0.3,500,"bu","14:30:03",560400
9.6,-0.3,500,"bu","14:29:57",559900
9.6,-0.3,200,"bu","14:28:25",559400
9.6,-0.3,100,"bu","14:28:23",559200
9.6,-0.3,100,"bu","14:28:20",559100
9.6,-0.3,1000,"bu","14:28:07",559000
9.6,-0.3,1000,"bu","14:27:23",558000
9.6,-0.3,200,"bu","14:27:15",557000
9.6,-0.3,1400,"sd","14:26:36",556800
9.6,-0.3,600,"bu","14:26:27",555400
9.5,-0.4,20000,"sd","14:24:56",554800
9.6,-0.3,3000,"sd","14:24:54",534800
9.6,-0.3,2000,"bu","14:24:14",531800
9.6,-0.3,500,"bu","14:23:08",529800
9.5,-0.4,100,"","14:20:53",529300
9.5,-0.4,100,"bu","14:20:45",529200
9.4,-0.5,10300,"sd","14:20:43",529100
9.4,-0.5,5000,"sd","14:20:01",518800
9.4,-0.5,32100,"sd","14:19:34",513800
9.4,-0.5,21700,"sd","14:19:33",481700
9.6,-0.3,200,"bu","14:19:24",460000
9.5,-0.4,1500,"sd","14:18:30",459800
9.5,-0.4,2500,"sd","14:17:36",458300
9.5,-0.4,500,"sd","14:17:28",455800
9.5,-0.4,1000,"sd","14:17:26",455300
9.5,-0.4,500,"sd","14:17:20",454300
9.5,-0.4,5000,"sd","14:17:19",453800
9.5,-0.4,5300,"sd","14:14:09",448800
9.6,-0.3,1000,"sd","14:13:41",443500
9.6,-0.3,1800,"bu","14:12:07",442500
9.6,-0.3,100,"bu","14:11:28",440700
9.6,-0.3,4100,"sd","14:10:48",440600
9.6,-0.3,1000,"sd","14:06:02",436500
9.6,-0.3,4000,"bu","14:00:57",435500
9.6,-0.3,4000,"bu","14:00:38",431500
9.6,-0.3,100,"bu","14:00:03",427500
9.6,-0.3,1000,"bu","13:59:44",427400
9.6,-0.3,2000,"bu","13:59:35",426400
9.6,-0.3,100,"bu","13:57:54",424400
9.6,-0.3,3000,"bu","13:56:22",424300
9.6,-0.3,900,"bu","13:56:05",421300
9.6,-0.3,1100,"bu","13:52:17",420400
9.6,-0.3,8900,"sd","13:51:38",419300
9.6,-0.3,13100,"sd","13:48:02",410400
9.6,-0.3,800,"sd","13:42:12",397300
9.6,-0.3,3000,"sd","13:34:46",396500
9.6,-0.3,2000,"sd","13:30:01",393500
9.6,-0.3,600,"sd","13:25:46",391500
9.6,-0.3,6000,"bu","13:24:46",390900
9.6,-0.3,1700,"sd","13:24:01",384900
9.6,-0.3,400,"sd","13:19:25",383200
9.6,-0.3,500,"sd","13:18:04",382800
9.6,-0.3,7700,"sd","13:17:05",382300
9.6,-0.3,3100,"bu","13:16:02",374600
9.5,-0.4,5000,"sd","13:15:28",371500
9.6,-0.3,200,"bu","13:15:06",366500
9.6,-0.3,5000,"bu","13:14:09",366300
9.5,-0.4,100,"sd","13:12:43",361300
9.5,-0.4,5000,"sd","13:12:02",361200
9.5,-0.4,900,"sd","13:10:35",356200
9.5,-0.4,10000,"sd","13:08:38",355300
9.5,-0.4,4100,"sd","13:03:55",345300
9.5,-0.4,100,"sd","13:02:28",341200
9.5,-0.4,29200,"sd","13:01:59",341100
9.6,-0.3,100,"bu","13:00:04",311900
9.6,-0.3,100,"bu","13:00:02",311800
9.6,-0.3,300,"sd","13:00:01",311700
9.6,-0.3,700,"bu","11:29:54",311400
9.5,-0.4,5000,"sd","11:28:26",310700
9.6,-0.3,200,"","11:28:17",305700
9.6,-0.3,500,"sd","11:27:06",305500
9.6,-0.3,400,"","11:17:19",305000
9.6,-0.3,100,"bu","11:16:37",304600
9.6,-0.3,100,"bu","11:16:30",304500
9.6,-0.3,10000,"bu","11:16:21",304400
9.6,-0.3,1100,"bu","11:15:55",294400
9.5,-0.4,800,"sd","11:10:21",293300
9.5,-0.4,3000,"sd","11:08:32",292500
9.5,-0.4,300,"sd","11:06:56",289500
9.6,-0.3,300,"bu","11:05:36",289200
9.6,-0.3,500,"bu","10:58:32",288900
9.6,-0.3,1800,"bu","10:55:48",288400
9.6,-0.3,100,"bu","10:52:57",286600
9.6,-0.3,1000,"bu","10:52:40",286500
9.6,-0.3,1800,"bu","10:52:35",285500
9.6,-0.3,100,"bu","10:52:20",283700
9.6,-0.3,400,"bu","10:51:54",283600
9.5,-0.4,11300,"sd","10:50:01",283200
9.6,-0.3,300,"bu","10:48:11",271900
9.6,-0.3,100,"bu","10:47:56",271600
9.6,-0.3,1000,"bu","10:47:48",271500
9.6,-0.3,1500,"bu","10:43:00",270500
9.6,-0.3,2300,"bu","10:42:35",269000
9.6,-0.3,4000,"sd","10:41:53",266700
9.6,-0.3,900,"sd","10:41:33",262700
9.6,-0.3,100,"sd","10:39:07",261800
9.6,-0.3,14200,"sd","10:38:41",261700
9.6,-0.3,100,"bu","10:37:18",247500
9.6,-0.3,1000,"bu","10:37:10",247400
9.6,-0.3,100,"bu","10:37:09",246400
9.6,-0.3,200,"bu","10:35:01",246300
9.6,-0.3,1000,"bu","10:34:45",246100
9.6,-0.3,400,"bu","10:33:09",245100
9.6,-0.3,2000,"sd","10:32:39",244700
9.6,-0.3,4700,"sd","10:28:10",242700
9.6,-0.3,2000,"bu","10:27:23",238000
9.6,-0.3,100,"bu","10:27:17",236000
9.6,-0.3,100,"bu","10:26:51",235900
9.6,-0.3,3000,"bu","10:26:16",235800
9.5,-0.4,5000,"sd","10:25:11",232800
9.6,-0.3,100,"bu","10:24:44",227800
9.5,-0.4,500,"sd","10:22:40",227700
9.5,-0.4,500,"sd","10:21:56",227200
9.5,-0.4,5000,"sd","10:21:34",226700
9.5,-0.4,10000,"sd","10:20:31",221700
9.5,-0.4,10000,"sd","10:20:13",211700
9.5,-0.4,500,"sd","10:19:59",201700
9.5,-0.4,39000,"sd","10:17:30",201200
9.6,-0.3,5000,"","10:16:45",162200
9.6,-0.3,10000,"sd","10:13:52",157200
9.6,-0.3,500,"sd","10:09:46",147200
9.6,-0.3,60000,"sd","10:07:40",146700
9.7,-0.2,100,"bu","10:06:30",86700
9.7,-0.2,500,"bu","10:01:57",86600
9.7,-0.2,400,"bu","10:00:05",86100
9.7,-0.2,400,"bu","09:59:26",85700
9.7,-0.2,100,"sd","09:54:28",85300
9.7,-0.2,300,"sd","09:53:12",85200
9.7,-0.2,2000,"sd","09:52:02",84900
9.7,-0.2,200,"sd","09:49:07",82900
9.7,-0.2,2600,"sd","09:47:20",82700
9.7,-0.2,100,"bu","09:44:27",80100
9.7,-0.2,200,"bu","09:44:19",80000
9.7,-0.2,100,"bu","09:44:12",79800
9.7,-0.2,200,"","09:42:27",79700
9.7,-0.2,200,"bu","09:42:06",79500
9.7,-0.2,100,"bu","09:41:42",79300
9.7,-0.2,3100,"sd","09:41:13",79200
9.7,-0.2,5000,"sd","09:40:56",76100
9.7,-0.2,500,"sd","09:39:17",71100
9.7,-0.2,1000,"sd","09:38:53",70600
9.7,-0.2,1000,"sd","09:30:47",69600
9.7,-0.2,1800,"","09:27:36",68600
9.7,-0.2,200,"bu","09:27:09",66800
9.7,-0.2,4800,"sd","09:27:08",66600
9.7,-0.2,2000,"bu","09:26:48",61800
9.6,-0.3,100,"sd","09:26:26",59800
9.7,-0.2,100,"bu","09:26:07",59700
9.7,-0.2,3800,"bu","09:25:37",59600
9.7,-0.2,1000,"bu","09:25:19",55800
9.7,-0.2,500,"bu","09:24:05",54800
9.7,-0.2,300,"bu","09:23:53",54300
9.7,-0.2,100,"bu","09:23:31",54000
9.7,-0.2,2000,"bu","09:22:21",53900
9.7,-0.2,100,"bu","09:20:48",51900
9.7,-0.2,3000,"bu","09:19:15",51800
9.7,-0.2,3200,"sd","09:19:11",48800
9.7,-0.2,5000,"sd","09:17:34",45600
9.7,-0.2,10000,"sd","09:17:17",40600
9.8,-0.1,9000,"bu","09:16:45",30600
9.8,-0.1,300,"bu","09:16:05",21600
9.8,-0.1,400,"bu","09:13:48",21300
9.8,-0.1,100,"bu","09:12:50",20900
9.8,-0.1,3000,"bu","09:10:01",20800
9.8,-0.1,300,"bu","09:07:41",17800
9.8,-0.1,100,"bu","09:07:26",17500
9.8,-0.1,3000,"bu","09:07:10",17400
9.8,-0.1,2400,"bu","09:06:09",14400
9.8,-0.1,3000,"bu","09:05:30",12000
9.8,-0.1,3000,"bu","09:05:06",9000
9.8,-0.1,1000,"bu","09:03:32",6000
9.8,-0.1,5000,"bu","09:02:34",5000
