"price","change","match_qtty","side","time","total_vol"
23.2,0.2,29600,"","14:45:01",893600
23.1,0.1,100,"sd","14:29:58",864000
23.2,0.2,2000,"bu","14:29:56",863900
23.1,0.1,300,"sd","14:29:32",861900
23.1,0.1,1000,"bu","14:29:31",861600
23.1,0.1,4000,"bu","14:29:29",860600
23.1,0.1,100,"bu","14:29:28",856600
23.1,0.1,300,"bu","14:29:27",856500
23,0,1000,"sd","14:29:05",856200
23,0,9700,"sd","14:29:04",855200
22.9,-0.1,400,"sd","14:28:47",845500
22.9,-0.1,100,"sd","14:28:21",845100
22.9,-0.1,500,"bu","14:28:10",845000
22.9,-0.1,2100,"bu","14:28:08",844500
22.9,-0.1,200,"bu","14:27:52",842400
22.9,-0.1,700,"bu","14:27:42",842200
22.9,-0.1,1000,"bu","14:27:16",841500
22.8,-0.2,400,"sd","14:27:13",840500
22.8,-0.2,800,"sd","14:27:01",840100
22.8,-0.2,1000,"bu","14:26:59",839300
22.8,-0.2,200,"bu","14:26:57",838300
22.8,-0.2,1000,"bu","14:26:55",838100
22.8,-0.2,200,"bu","14:26:52",837100
22.8,-0.2,100,"bu","14:26:44",836900
22.7,-0.3,23400,"bu","14:26:40",836800
22.7,-0.3,1000,"bu","14:26:37",813400
22.7,-0.3,1000,"bu","14:26:36",812400
22.6,-0.4,2000,"bu","14:26:23",811400
22.5,-0.5,2300,"bu","14:26:09",809400
22.5,-0.5,1000,"bu","14:26:06",807100
22.5,-0.5,900,"bu","14:26:04",806100
22.5,-0.5,200,"bu","14:26:00",805200
22.5,-0.5,900,"bu","14:25:59",805000
22.5,-0.5,1000,"bu","14:25:55",804100
22.5,-0.5,3700,"sd","14:25:37",803100
22.5,-0.5,1500,"bu","14:25:06",799400
22.5,-0.5,100,"bu","14:25:03",797900
22.5,-0.5,100,"bu","14:24:50",797800
22.5,-0.5,4000,"bu","14:24:29",797700
22.5,-0.5,5000,"bu","14:24:25",793700
22.5,-0.5,1000,"bu","14:24:19",788700
22.5,-0.5,500,"bu","14:23:37",787700
22.5,-0.5,100,"bu","14:23:17",787200
22.5,-0.5,3000,"bu","14:23:16",787100
22.5,-0.5,300,"sd","14:22:50",784100
22.7,-0.3,400,"bu","14:22:47",783800
22.5,-0.5,1000,"sd","14:22:29",783400
22.7,-0.3,100,"bu","14:22:25",782400
22.5,-0.5,700,"sd","14:22:17",782300
22.5,-0.5,1200,"bu","14:21:18",781600
22.5,-0.5,100,"bu","14:21:08",780400
22.5,-0.5,700,"sd","14:21:02",780300
22.5,-0.5,400,"sd","14:20:58",779600
22.5,-0.5,500,"bu","14:20:52",779200
22.5,-0.5,500,"bu","14:20:29",778700
22.5,-0.5,1000,"bu","14:20:27",778200
22.5,-0.5,1100,"bu","14:19:52",777200
22.5,-0.5,2000,"bu","14:19:50",776100
22.6,-0.4,5000,"bu","14:19:20",774100
22.5,-0.5,200,"bu","14:19:16",769100
22.5,-0.5,1600,"bu","14:19:05",768900
22.5,-0.5,1000,"sd","14:19:04",767300
22.5,-0.5,1500,"sd","14:18:43",766300
22.5,-0.5,500,"sd","14:18:37",764800
22.5,-0.5,800,"bu","14:18:31",764300
22.4,-0.6,100,"bu","14:18:22",763500
22.4,-0.6,600,"bu","14:18:19",763400
22.4,-0.6,2000,"bu","14:18:14",762800
22.1,-0.9,1400,"sd","14:18:01",760800
22.1,-0.9,100,"sd","14:17:52",759400
22.1,-0.9,100,"bu","14:17:50",759300
22.1,-0.9,1300,"bu","14:17:49",759200
22.1,-0.9,1100,"bu","14:17:48",757900
22.1,-0.9,300,"bu","14:17:45",756800
22.1,-0.9,800,"bu","14:17:44",756500
22.1,-0.9,1200,"bu","14:17:43",755700
22.1,-0.9,2000,"bu","14:17:42",754500
22.1,-0.9,500,"bu","14:17:40",752500
22.1,-0.9,1000,"bu","14:17:39",752000
22.1,-0.9,5000,"bu","14:17:38",751000
22.1,-0.9,1200,"bu","14:17:37",746000
22.1,-0.9,500,"bu","14:17:36",744800
22,-1,1600,"sd","14:17:18",744300
22,-1,1000,"bu","14:17:17",742700
22,-1,400,"bu","14:17:16",741700
22,-1,100,"bu","14:17:14",741300
22,-1,300,"bu","14:17:10",741200
22,-1,100,"bu","14:17:05",740900
22,-1,1000,"bu","14:17:03",740800
22,-1,400,"bu","14:17:00",739800
22,-1,1000,"bu","14:16:49",739400
22,-1,600,"bu","14:16:44",738400
22,-1,1000,"bu","14:16:42",737800
22,-1,500,"bu","14:16:37",736800
22,-1,1000,"sd","14:16:20",736300
22,-1,200,"sd","14:16:18",735300
22,-1,100,"bu","14:16:11",735100
22,-1,900,"sd","14:16:10",735000
22,-1,500,"sd","14:16:02",734100
22,-1,100,"sd","14:16:01",733600
22,-1,2300,"sd","14:15:59",733500
22,-1,5000,"sd","14:15:55",731200
22.1,-0.9,600,"bu","14:15:54",726200
22,-1,11100,"sd","14:15:49",725600
22,-1,300,"sd","14:15:45",714500
22,-1,100,"sd","14:15:41",714200
22,-1,1300,"sd","14:15:30",714100
22.1,-0.9,500,"bu","14:15:29",712800
22,-1,700,"sd","14:15:26",712300
22,-1,1000,"sd","14:15:24",711600
22,-1,300,"sd","14:15:15",710600
22,-1,300,"sd","14:15:08",710300
22,-1,10000,"sd","14:14:57",710000
22,-1,20000,"sd","14:14:54",700000
22.1,-0.9,100,"bu","14:14:53",680000
22,-1,1000,"sd","14:14:51",679900
22,-1,16100,"sd","14:14:49",678900
22.1,-0.9,800,"bu","14:14:42",662800
22.1,-0.9,100,"bu","14:14:38",662000
22.1,-0.9,3300,"bu","14:14:34",661900
22.1,-0.9,3500,"sd","14:14:29",658600
22.1,-0.9,1000,"sd","14:14:21",655100
22.2,-0.8,100,"bu","14:14:20",654100
22.1,-0.9,500,"sd","14:14:17",654000
22.1,-0.9,5000,"sd","14:14:07",653500
22.2,-0.8,100,"bu","14:13:58",648500
22.2,-0.8,2000,"bu","14:13:56",648400
22.2,-0.8,7800,"sd","14:13:55",646400
22.5,-0.5,1000,"bu","14:13:51",638600
22.2,-0.8,500,"sd","14:13:45",637600
22.2,-0.8,300,"sd","14:13:40",637100
22.2,-0.8,5000,"sd","14:13:39",636800
22.4,-0.6,1100,"sd","14:13:32",631800
22.3,-0.7,6000,"sd","14:13:11",630700
22.4,-0.6,100,"bu","14:13:04",624700
22.4,-0.6,500,"sd","14:12:52",624600
22.4,-0.6,1000,"sd","14:12:49",624100
22.4,-0.6,12000,"sd","14:12:48",623100
22.5,-0.5,1000,"bu","14:12:46",611100
22.4,-0.6,500,"sd","14:12:35",610100
22.5,-0.5,500,"sd","14:12:34",609600
22.5,-0.5,3200,"sd","14:12:27",609100
22.6,-0.4,400,"sd","14:12:12",605900
22.6,-0.4,100,"sd","14:11:27",605500
22.5,-0.5,14300,"sd","14:11:21",605400
22.6,-0.4,1000,"sd","14:10:40",591100
22.6,-0.4,600,"sd","14:09:37",590100
22.5,-0.5,100,"sd","14:08:28",589500
22.5,-0.5,1100,"sd","14:08:21",589400
22.5,-0.5,100,"sd","14:08:17",588300
22.5,-0.5,5000,"sd","14:07:56",588200
22.6,-0.4,7000,"sd","14:06:19",583200
22.8,-0.2,100,"bu","14:06:15",576200
22.8,-0.2,200,"bu","14:05:45",576100
22.8,-0.2,1000,"sd","14:05:42",575900
22.9,-0.1,100,"bu","14:04:38",574900
22.8,-0.2,100,"sd","14:04:00",574800
22.8,-0.2,500,"bu","14:00:46",574700
22.9,-0.1,2000,"bu","14:00:17",574200
22.8,-0.2,300,"bu","14:00:12",572200
22.8,-0.2,300,"bu","13:59:46",571900
22.8,-0.2,1000,"bu","13:58:53",571600
22.8,-0.2,1000,"bu","13:57:12",570600
22.8,-0.2,100,"bu","13:57:02",569600
22.7,-0.3,100,"sd","13:56:23",569500
22.7,-0.3,400,"bu","13:56:19",569400
22.6,-0.4,600,"","13:55:33",569000
22.6,-0.4,100,"bu","13:55:20",568400
22.6,-0.4,100,"bu","13:55:14",568300
22.6,-0.4,100,"bu","13:55:08",568200
22.6,-0.4,100,"bu","13:55:02",568100
22.6,-0.4,1000,"bu","13:54:58",568000
22.6,-0.4,1000,"bu","13:54:57",567000
22.6,-0.4,2000,"bu","13:54:55",566000
22.6,-0.4,100,"bu","13:54:50",564000
22.6,-0.4,200,"bu","13:54:49",563900
22.6,-0.4,100,"bu","13:54:46",563700
22.6,-0.4,700,"sd","13:54:10",563600
22.6,-0.4,100,"sd","13:53:59",562900
22.6,-0.4,1000,"sd","13:53:31",562800
22.6,-0.4,500,"sd","13:51:33",561800
22.6,-0.4,100,"sd","13:51:00",561300
22.6,-0.4,300,"sd","13:50:44",561200
22.6,-0.4,9700,"bu","13:50:27",560900
22.7,-0.3,200,"sd","13:50:17",551200
22.7,-0.3,5000,"sd","13:50:09",551000
22.7,-0.3,300,"sd","13:49:53",546000
22.7,-0.3,200,"sd","13:49:42",545700
22.7,-0.3,1000,"sd","13:49:37",545500
22.7,-0.3,500,"sd","13:49:18",544500
22.7,-0.3,2500,"sd","13:49:08",544000
22.7,-0.3,1000,"sd","13:48:49",541500
22.7,-0.3,500,"sd","13:48:42",540500
22.7,-0.3,200,"sd","13:48:22",540000
22.7,-0.3,100,"sd","13:46:17",539800
22.7,-0.3,1000,"sd","13:42:25",539700
22.8,-0.2,500,"bu","13:41:58",538700
22.8,-0.2,3000,"sd","13:39:59",538200
22.8,-0.2,2700,"sd","13:38:41",535200
22.8,-0.2,1500,"bu","13:38:28",532500
22.8,-0.2,100,"bu","13:37:35",531000
22.8,-0.2,500,"bu","13:37:33",530900
22.8,-0.2,4400,"bu","13:36:47",530400
22.8,-0.2,1000,"bu","13:34:27",526000
22.7,-0.3,100,"sd","13:34:26",525000
22.8,-0.2,300,"bu","13:33:36",524900
22.8,-0.2,500,"bu","13:33:21",524600
22.8,-0.2,1000,"bu","13:31:15",524100
22.8,-0.2,2000,"bu","13:30:55",523100
22.8,-0.2,3100,"bu","13:30:47",521100
22.8,-0.2,900,"bu","13:29:29",518000
22.8,-0.2,500,"bu","13:28:29",517100
22.8,-0.2,5600,"bu","13:28:12",516600
22.8,-0.2,500,"sd","13:27:50",511000
23,0,100,"bu","13:27:06",510500
23,0,500,"bu","13:26:28",510400
23,0,100,"sd","13:25:29",509900
23,0,5000,"sd","13:25:04",509800
23,0,800,"sd","13:24:59",504800
23,0,4000,"sd","13:24:45",504000
23.1,0.1,3000,"bu","13:24:22",500000
23.1,0.1,300,"bu","13:23:48",497000
23,0,100,"sd","13:23:44",496700
23,0,21000,"sd","13:23:21",496600
22.8,-0.2,8000,"bu","13:22:10",475600
22.8,-0.2,900,"bu","13:22:05",467600
22.8,-0.2,1000,"bu","13:22:02",466700
22.8,-0.2,100,"bu","13:21:54",465700
22.8,-0.2,5000,"bu","13:21:46",465600
22.8,-0.2,100,"bu","13:21:43",460600
22.8,-0.2,1000,"bu","13:21:40",460500
22.8,-0.2,100,"bu","13:21:34",459500
22.8,-0.2,2000,"bu","13:21:06",459400
22.8,-0.2,1900,"sd","13:20:57",457400
22.8,-0.2,100,"bu","13:20:34",455500
22.8,-0.2,100,"bu","13:20:23",455400
22.8,-0.2,700,"bu","13:19:23",455300
22.8,-0.2,100,"bu","13:19:14",454600
22.8,-0.2,300,"bu","13:19:00",454500
22.8,-0.2,600,"bu","13:18:45",454200
22.8,-0.2,500,"bu","13:18:41",453600
22.8,-0.2,500,"bu","13:18:34",453100
22.8,-0.2,1000,"bu","13:18:16",452600
22.8,-0.2,900,"bu","13:18:06",451600
22.8,-0.2,900,"bu","13:17:44",450700
22.7,-0.3,200,"sd","13:16:44",449800
22.7,-0.3,2200,"sd","13:16:33",449600
22.7,-0.3,100,"bu","13:16:11",447400
22.7,-0.3,2000,"bu","13:16:10",447300
22.7,-0.3,10600,"sd","13:15:25",445300
22.8,-0.2,1200,"bu","13:13:58",434700
22.8,-0.2,1100,"sd","13:12:11",433500
22.8,-0.2,500,"sd","13:11:50",432400
22.8,-0.2,1000,"sd","13:11:34",431900
22.8,-0.2,500,"sd","13:11:29",430900
22.8,-0.2,1500,"bu","13:08:24",430400
22.8,-0.2,500,"bu","13:08:01",428900
22.7,-0.3,500,"sd","13:06:17",428400
22.8,-0.2,1000,"bu","13:06:03",427900
22.8,-0.2,500,"bu","13:04:59",426900
22.8,-0.2,1000,"bu","13:04:28",426400
22.7,-0.3,900,"sd","13:04:15",425400
22.8,-0.2,100,"bu","13:01:44",424500
22.9,-0.1,300,"bu","13:00:09",424400
23,0,20000,"bu","13:00:03",424100
23,0,1700,"bu","11:29:33",404100
23,0,600,"bu","11:28:01",402400
22.7,-0.3,21400,"sd","11:27:40",401800
22.8,-0.2,500,"sd","11:26:31",380400
22.8,-0.2,1000,"","11:25:01",379900
22.8,-0.2,1000,"","11:22:20",378900
22.8,-0.2,1000,"bu","11:22:10",377900
22.8,-0.2,1000,"bu","11:22:07",376900
22.8,-0.2,200,"bu","11:17:53",375900
22.8,-0.2,100,"bu","11:17:24",375700
22.8,-0.2,500,"bu","11:16:24",375600
22.8,-0.2,1000,"bu","11:15:56",375100
22.8,-0.2,1700,"bu","11:15:32",374100
22.8,-0.2,500,"bu","11:15:06",372400
22.8,-0.2,500,"bu","11:15:04",371900
22.8,-0.2,2000,"bu","11:13:35",371400
22.8,-0.2,1000,"bu","11:13:21",369400
22.8,-0.2,1000,"bu","11:11:39",368400
22.9,-0.1,500,"bu","11:07:03",367400
22.8,-0.2,2000,"bu","11:06:26",366900
22.8,-0.2,100,"bu","11:04:58",364900
22.5,-0.5,29700,"sd","11:02:33",364800
22.7,-0.3,100,"sd","11:01:28",335100
22.6,-0.4,100,"sd","10:59:45",335000
22.7,-0.3,100,"bu","10:59:29",334900
22.7,-0.3,1000,"bu","10:58:43",334800
22.7,-0.3,1100,"bu","10:57:29",333800
22.7,-0.3,5000,"sd","10:56:37",332700
22.8,-0.2,2000,"sd","10:55:22",327700
22.9,-0.1,1000,"bu","10:50:19",325700
22.9,-0.1,100,"","10:46:56",324700
22.9,-0.1,1400,"sd","10:46:27",324600
22.9,-0.1,200,"","10:42:55",323200
22.9,-0.1,200,"bu","10:42:19",323000
22.9,-0.1,500,"bu","10:42:14",322800
22.9,-0.1,100,"bu","10:40:45",322300
22.8,-0.2,5000,"sd","10:39:55",322200
23,0,1300,"bu","10:36:28",317200
23,0,500,"sd","10:35:56",315900
23,0,1000,"bu","10:35:48",315400
23,0,2000,"bu","10:35:40",314400
23,0,8000,"bu","10:35:31",312400
23,0,300,"bu","10:34:21",304400
23,0,100,"bu","10:33:34",304100
23,0,1400,"bu","10:33:02",304000
23,0,1000,"sd","10:32:43",302600
23,0,900,"sd","10:32:36",301600
23,0,5000,"sd","10:32:34",300700
23,0,5000,"sd","10:31:59",295700
23,0,1400,"sd","10:29:09",290700
23,0,1000,"bu","10:29:00",289300
23,0,300,"bu","10:28:58",288300
23,0,2000,"bu","10:28:46",288000
23,0,2000,"bu","10:28:43",286000
23,0,200,"bu","10:26:47",284000
23,0,2200,"bu","10:26:15",283800
22.9,-0.1,700,"sd","10:26:00",281600
22.9,-0.1,1000,"bu","10:25:57",280900
22.9,-0.1,300,"sd","10:25:46",279900
22.9,-0.1,2000,"","10:24:56",279600
22.9,-0.1,900,"bu","10:24:55",277600
22.9,-0.1,10000,"bu","10:24:37",276700
22.8,-0.2,1000,"sd","10:23:41",266700
22.8,-0.2,200,"bu","10:23:34",265700
22.8,-0.2,1000,"bu","10:23:33",265500
22.8,-0.2,100,"bu","10:23:22",264500
22.8,-0.2,500,"bu","10:23:09",264400
22.7,-0.3,2000,"sd","10:22:32",263900
22.7,-0.3,1000,"sd","10:21:34",261900
22.7,-0.3,500,"sd","10:21:23",260900
22.7,-0.3,100,"sd","10:20:27",260400
22.7,-0.3,700,"sd","10:20:24",260300
22.7,-0.3,1400,"sd","10:20:21",259600
22.7,-0.3,5000,"sd","10:20:11",258200
22.7,-0.3,1000,"sd","10:20:00",253200
22.8,-0.2,700,"sd","10:18:31",252200
22.8,-0.2,1500,"sd","10:18:09",251500
22.8,-0.2,10500,"sd","10:18:04",250000
22.9,-0.1,200,"bu","10:15:36",239500
22.9,-0.1,1000,"bu","10:12:43",239300
22.9,-0.1,100,"sd","10:12:38",238300
22.9,-0.1,1000,"","10:11:26",238200
22.9,-0.1,3400,"sd","10:08:30",237200
22.9,-0.1,7200,"bu","10:06:25",233800
22.8,-0.2,500,"sd","10:04:42",226600
22.9,-0.1,400,"bu","10:02:29",226100
22.9,-0.1,600,"bu","10:01:48",225700
22.9,-0.1,1000,"bu","10:01:17",225100
22.9,-0.1,1000,"bu","09:58:31",224100
22.9,-0.1,600,"sd","09:58:01",223100
23,0,5000,"bu","09:57:07",222500
23,0,10000,"bu","09:52:54",217500
22.9,-0.1,600,"bu","09:52:47",207500
22.9,-0.1,500,"sd","09:52:40",206900
22.9,-0.1,200,"sd","09:50:32",206400
22.9,-0.1,100,"bu","09:49:02",206200
22.8,-0.2,3000,"sd","09:48:04",206100
22.9,-0.1,300,"bu","09:47:27",203100
22.9,-0.1,1000,"bu","09:47:07",202800
22.9,-0.1,2300,"bu","09:47:02",201800
22.9,-0.1,100,"bu","09:46:55",199500
22.9,-0.1,1000,"bu","09:46:36",199400
22.9,-0.1,1000,"bu","09:46:25",198400
22.9,-0.1,200,"bu","09:46:13",197400
23,0,300,"bu","09:46:05",197200
23,0,600,"bu","09:45:54",196900
22.9,-0.1,900,"sd","09:42:28",196300
22.9,-0.1,200,"bu","09:41:23",195400
22.9,-0.1,1500,"sd","09:41:08",195200
23,0,5000,"bu","09:40:31",193700
22.9,-0.1,3000,"sd","09:40:13",188700
23,0,500,"bu","09:39:21",185700
23,0,100,"bu","09:38:12",185200
23,0,1700,"bu","09:33:16",185100
23,0,400,"bu","09:32:13",183400
23,0,100,"sd","09:32:01",183000
23.1,0.1,200,"bu","09:31:29",182900
23.1,0.1,1000,"sd","09:31:28",182700
23.1,0.1,1000,"sd","09:31:27",181700
23.1,0.1,400,"sd","09:31:24",180700
23.1,0.1,400,"sd","09:31:15",180300
23.1,0.1,2400,"bu","09:31:09",179900
23.1,0.1,100,"bu","09:30:54",177500
23.1,0.1,200,"bu","09:30:33",177400
23,0,3000,"sd","09:30:19",177200
23,0,100,"sd","09:29:29",174200
23,0,1000,"","09:28:37",174100
23,0,1000,"bu","09:28:33",173100
23,0,1000,"bu","09:28:30",172100
22.9,-0.1,800,"sd","09:28:06",171100
22.9,-0.1,700,"bu","09:27:58",170300
22.9,-0.1,700,"sd","09:27:27",169600
22.9,-0.1,1200,"bu","09:26:28",168900
22.7,-0.3,3500,"bu","09:26:15",167700
22.7,-0.3,1000,"bu","09:26:13",164200
22.6,-0.4,800,"bu","09:26:04",163200
22.5,-0.5,1900,"bu","09:25:40",162400
22.5,-0.5,300,"bu","09:25:38",160500
22.5,-0.5,600,"bu","09:25:37",160200
22.5,-0.5,5000,"bu","09:25:33",159600
22.5,-0.5,100,"bu","09:25:31",154600
22.4,-0.6,100,"","09:25:11",154500
22.3,-0.7,2500,"sd","09:25:07",154400
22.3,-0.7,5000,"sd","09:24:50",151900
22.3,-0.7,3600,"sd","09:24:47",146900
22.5,-0.5,100,"bu","09:24:41",143300
22.4,-0.6,400,"bu","09:24:27",143200
22.4,-0.6,200,"sd","09:24:25",142800
22.4,-0.6,400,"sd","09:24:22",142600
22.5,-0.5,100,"bu","09:24:15",142200
22.4,-0.6,500,"bu","09:24:04",142100
22.4,-0.6,800,"bu","09:23:58",141600
22.4,-0.6,300,"bu","09:23:57",140800
22.4,-0.6,200,"bu","09:23:56",140500
22.4,-0.6,200,"sd","09:23:53",140300
22.4,-0.6,900,"bu","09:23:50",140100
22.3,-0.7,2000,"sd","09:23:48",139200
22.4,-0.6,100,"bu","09:23:42",137200
22.4,-0.6,600,"sd","09:23:32",137100
22.5,-0.5,3800,"bu","09:23:30",136500
22.5,-0.5,1000,"bu","09:23:29",132700
22.4,-0.6,2700,"sd","09:23:28",131700
22.5,-0.5,4800,"sd","09:23:18",129000
22.5,-0.5,2000,"sd","09:23:16",124200
22.6,-0.4,100,"bu","09:23:14",122200
22.6,-0.4,100,"bu","09:23:13",122100
22.6,-0.4,700,"sd","09:22:55",122000
22.6,-0.4,1000,"sd","09:22:53",121300
22.6,-0.4,300,"bu","09:22:39",120300
22.5,-0.5,5000,"sd","09:22:37",120000
22.5,-0.5,5000,"sd","09:22:23",115000
22.5,-0.5,20000,"sd","09:22:14",110000
22.6,-0.4,200,"sd","09:22:13",90000
22.6,-0.4,800,"sd","09:22:10",89800
22.6,-0.4,3600,"sd","09:22:01",89000
22.7,-0.3,700,"bu","09:21:56",85400
22.7,-0.3,1500,"sd","09:21:54",84700
22.7,-0.3,300,"sd","09:21:24",83200
22.7,-0.3,2500,"sd","09:21:20",82900
22.7,-0.3,100,"sd","09:21:00",80400
23,0,2000,"sd","09:20:18",80300
23,0,1000,"sd","09:19:59",78300
23.2,0.2,1000,"bu","09:18:55",77300
23.2,0.2,100,"sd","09:18:42",76300
23.2,0.2,900,"sd","09:18:27",76200
22.6,-0.4,100,"sd","09:18:26",75300
22.6,-0.4,31000,"sd","09:18:25",75200
23.2,0.2,400,"sd","09:17:49",44200
23.2,0.2,100,"sd","09:17:33",43800
23.3,0.3,500,"bu","09:17:12",43700
23.3,0.3,100,"bu","09:17:10",43200
23.3,0.3,500,"","09:16:15",43100
23.3,0.3,700,"bu","09:15:53",42600
23.3,0.3,1200,"bu","09:15:51",41900
23.3,0.3,100,"bu","09:15:32",40700
23.2,0.2,100,"","09:14:02",40600
23.2,0.2,3200,"sd","09:13:46",40500
23.4,0.4,100,"bu","09:13:19",37300
23.3,0.3,100,"","09:12:07",37200
23.4,0.4,100,"bu","09:10:39",37100
23.5,0.5,100,"bu","09:10:09",37000
23.4,0.4,100,"sd","09:09:47",36900
23.4,0.4,4000,"sd","09:09:02",36800
23.4,0.4,900,"sd","09:08:35",32800
23.4,0.4,1000,"bu","09:07:17",31900
23.6,0.6,100,"bu","09:05:02",30900
23.6,0.6,300,"bu","09:04:40",30800
23.5,0.5,600,"bu","09:04:01",30500
23.4,0.4,1600,"","09:03:54",29900
23.4,0.4,500,"sd","09:03:46",28300
23,0,1000,"sd","09:03:21",27800
23.4,0.4,1500,"sd","09:02:54",26800
23.7,0.7,300,"bu","09:01:51",25300
23.9,0.9,300,"sd","09:01:36",25000
23.9,0.9,3200,"sd","09:01:32",24700
23.7,0.7,2700,"sd","09:01:28",21500
23.5,0.5,9600,"sd","09:01:19",18800
23.4,0.4,3800,"bu","09:01:14",9200
23,0,100,"sd","09:01:04",5400
23,0,300,"sd","09:00:49",5300
23,0,1400,"bu","09:00:44",5000
23,0,2000,"bu","09:00:31",3600
23,0,1000,"bu","09:00:30",1600
23,0,500,"bu","09:00:13",600
22.8,-0.2,100,"sd","09:00:10",100
