"price","change","match_qtty","side","time","total_vol"
13.6,-0.1,137300,"","14:45:30",3443800
13.55,-0.15,300,"bu","14:32:03",3306500
13.55,-0.15,4700,"sd","14:32:00",3306200
13.6,-0.1,4400,"bu","14:32:00",3301500
13.6,-0.1,2000,"bu","14:31:58",3297100
13.6,-0.1,200,"bu","14:31:56",3295100
13.6,-0.1,500,"bu","14:31:55",3294900
13.6,-0.1,1000,"bu","14:31:54",3294400
13.6,-0.1,5000,"bu","14:31:53",3293400
13.55,-0.15,700,"bu","14:31:52",3288400
13.55,-0.15,100,"bu","14:31:50",3287700
13.55,-0.15,300,"bu","14:31:50",3287600
13.55,-0.15,100,"bu","14:31:48",3287300
13.55,-0.15,6900,"bu","14:31:40",3287200
13.5,-0.2,33600,"bu","14:31:40",3280300
13.5,-0.2,19000,"bu","14:31:39",3246700
13.45,-0.25,900,"sd","14:31:36",3227700
13.5,-0.2,20000,"bu","14:31:35",3226800
13.5,-0.2,100,"bu","14:31:33",3206800
13.5,-0.2,4000,"bu","14:31:30",3206700
13.5,-0.2,100,"bu","14:31:29",3202700
13.5,-0.2,1500,"bu","14:31:29",3202600
13.5,-0.2,500,"bu","14:31:28",3201100
13.5,-0.2,100,"bu","14:31:27",3200600
13.5,-0.2,100,"bu","14:31:26",3200500
13.5,-0.2,1000,"bu","14:31:26",3200400
13.5,-0.2,3300,"bu","14:31:24",3199400
13.5,-0.2,5000,"bu","14:31:23",3196100
13.45,-0.25,1000,"sd","14:31:22",3191100
13.5,-0.2,500,"bu","14:31:21",3190100
13.5,-0.2,2000,"bu","14:31:19",3189600
13.5,-0.2,300,"bu","14:31:07",3187600
13.5,-0.2,1000,"bu","14:31:04",3187300
13.5,-0.2,2000,"bu","14:31:03",3186300
13.5,-0.2,1000,"bu","14:30:45",3184300
13.5,-0.2,1000,"bu","14:30:44",3183300
13.5,-0.2,100,"bu","14:30:36",3182300
13.5,-0.2,500,"bu","14:30:32",3182200
13.5,-0.2,1400,"bu","14:30:25",3181700
13.45,-0.25,500,"sd","14:30:23",3180300
13.5,-0.2,3000,"bu","14:30:00",3179800
13.5,-0.2,500,"bu","14:30:00",3176800
13.45,-0.25,1500,"bu","14:29:34",3176300
13.45,-0.25,500,"bu","14:29:24",3174800
13.45,-0.25,100,"bu","14:29:19",3174300
13.45,-0.25,500,"bu","14:29:09",3174200
13.45,-0.25,1200,"sd","14:29:08",3173700
13.45,-0.25,5000,"sd","14:29:07",3172500
13.5,-0.2,100,"bu","14:29:07",3167500
13.5,-0.2,100,"bu","14:27:53",3167400
13.5,-0.2,2000,"bu","14:27:50",3167300
13.45,-0.25,1000,"sd","14:27:50",3165300
13.5,-0.2,1000,"bu","14:27:22",3164300
13.45,-0.25,200,"sd","14:27:08",3163300
13.45,-0.25,100,"sd","14:27:07",3163100
13.45,-0.25,1200,"sd","14:27:07",3163000
13.5,-0.2,10000,"bu","14:27:07",3161800
13.4,-0.3,1000,"sd","14:27:03",3151800
13.45,-0.25,100,"sd","14:27:03",3150800
13.5,-0.2,1000,"bu","14:26:35",3150600
13.4,-0.3,500,"sd","14:26:34",3149600
13.5,-0.2,200,"bu","14:26:34",3149100
13.5,-0.2,100,"bu","14:26:25",3148900
13.5,-0.2,300,"bu","14:26:13",3148800
13.4,-0.3,1000,"bu","14:26:13",3148500
13.35,-0.35,100,"sd","14:25:59",3147500
13.3,-0.4,12000,"sd","14:25:47",3147400
13.35,-0.35,3600,"sd","14:25:47",3135400
13.4,-0.3,9900,"sd","14:25:47",3131800
13.45,-0.25,3900,"sd","14:25:47",3121900
13.5,-0.2,500,"bu","14:25:43",3118000
13.5,-0.2,3000,"sd","14:25:41",3117500
13.5,-0.2,2700,"sd","14:25:34",3114500
13.5,-0.2,400,"bu","14:25:24",3111800
13.45,-0.25,200,"bu","14:25:12",3111400
13.45,-0.25,1000,"bu","14:25:11",3111200
13.45,-0.25,100,"bu","14:25:02",3110200
13.45,-0.25,1000,"bu","14:24:43",3110100
13.45,-0.25,200,"bu","14:24:41",3109100
13.4,-0.3,2000,"sd","14:24:25",3108900
13.4,-0.3,600,"sd","14:24:23",3106900
13.4,-0.3,4600,"bu","14:24:17",3106300
13.4,-0.3,400,"bu","14:24:14",3101700
13.4,-0.3,500,"sd","14:24:12",3101300
13.4,-0.3,400,"bu","14:24:00",3100800
13.4,-0.3,100,"bu","14:23:58",3100400
13.35,-0.35,500,"sd","14:23:57",3100300
13.35,-0.35,400,"bu","14:22:16",3099800
13.3,-0.4,4000,"sd","14:22:16",3099400
13.3,-0.4,100,"sd","14:22:13",3095400
13.35,-0.35,100,"bu","14:22:11",3095300
13.35,-0.35,2000,"bu","14:22:10",3095200
13.35,-0.35,3000,"bu","14:22:08",3093200
13.35,-0.35,5100,"bu","14:22:04",3090200
13.3,-0.4,7000,"sd","14:21:52",3085100
13.35,-0.35,100,"bu","14:21:50",3078100
13.35,-0.35,400,"bu","14:21:45",3078000
13.3,-0.4,11500,"bu","14:21:25",3077600
13.2,-0.5,8900,"sd","14:21:23",3066100
13.25,-0.45,1100,"sd","14:21:23",3057200
13.25,-0.45,2300,"bu","14:21:17",3056100
13.2,-0.5,200,"sd","14:21:11",3053800
13.2,-0.5,100,"bu","14:21:05",3053600
13.2,-0.5,100,"bu","14:20:55",3053500
13.2,-0.5,2100,"bu","14:20:54",3053400
13.2,-0.5,1000,"bu","14:20:53",3051300
13.15,-0.55,200,"sd","14:20:53",3050300
13.2,-0.5,600,"bu","14:20:49",3050100
13.2,-0.5,100,"bu","14:20:46",3049500
13.2,-0.5,1000,"bu","14:20:40",3049400
13.15,-0.55,2500,"sd","14:20:38",3048400
13.15,-0.55,100,"bu","14:20:37",3045900
13.15,-0.55,100,"bu","14:20:36",3045800
13.2,-0.5,1000,"bu","14:20:36",3045700
13.1,-0.6,1400,"sd","14:20:35",3044700
13.15,-0.55,4100,"sd","14:20:35",3043300
13.2,-0.5,1000,"bu","14:20:33",3039200
13.15,-0.55,100,"sd","14:20:32",3038200
13.15,-0.55,400,"sd","14:20:31",3038100
13.2,-0.5,2000,"bu","14:20:09",3037700
13.15,-0.55,300,"sd","14:20:08",3035700
13.15,-0.55,200,"bu","14:20:03",3035400
13.15,-0.55,300,"sd","14:20:01",3035200
13.15,-0.55,2900,"bu","14:19:58",3034900
13.15,-0.55,500,"bu","14:19:56",3032000
13.1,-0.6,300,"sd","14:19:56",3031500
13.15,-0.55,200,"bu","14:19:52",3031200
13.15,-0.55,1000,"bu","14:19:51",3031000
13.15,-0.55,1000,"bu","14:19:47",3030000
13.15,-0.55,200,"bu","14:19:42",3029000
13.15,-0.55,200,"sd","14:19:38",3028800
13.1,-0.6,1900,"sd","14:19:35",3028600
13.15,-0.55,100,"sd","14:19:35",3026700
13.1,-0.6,4700,"sd","14:19:15",3026600
13.15,-0.55,300,"sd","14:19:15",3021900
13.1,-0.6,2000,"sd","14:19:13",3021600
13.2,-0.5,6100,"bu","14:19:13",3019600
13.15,-0.55,3900,"bu","14:19:13",3013500
13.15,-0.55,600,"bu","14:19:10",3009600
13.1,-0.6,5000,"sd","14:19:05",3009000
13.1,-0.6,500,"sd","14:19:04",3004000
13.1,-0.6,500,"sd","14:19:02",3003500
13.1,-0.6,100,"sd","14:18:58",3003000
13.1,-0.6,5000,"sd","14:18:50",3002900
13.1,-0.6,200,"sd","14:18:42",2997900
13.1,-0.6,500,"sd","14:18:39",2997700
13.1,-0.6,1000,"sd","14:18:33",2997200
13.1,-0.6,2000,"sd","14:18:30",2996200
13.1,-0.6,17000,"sd","14:18:29",2994200
13.15,-0.55,13000,"sd","14:18:29",2977200
13.2,-0.5,1000,"bu","14:18:27",2964200
13.2,-0.5,1000,"bu","14:18:26",2963200
13.2,-0.5,17700,"sd","14:18:25",2962200
13.2,-0.5,2000,"sd","14:18:24",2944500
13.2,-0.5,300,"sd","14:18:22",2942500
13.25,-0.45,100,"bu","14:18:22",2942200
13.2,-0.5,5500,"sd","14:18:21",2942100
13.2,-0.5,10000,"sd","14:18:12",2936600
13.25,-0.45,500,"bu","14:18:07",2926600
13.2,-0.5,5300,"sd","14:18:02",2926100
13.2,-0.5,1000,"sd","14:17:59",2920800
13.2,-0.5,10000,"sd","14:17:55",2919800
13.2,-0.5,200,"sd","14:17:50",2909800
13.2,-0.5,500,"sd","14:17:46",2909600
13.2,-0.5,500,"sd","14:17:44",2909100
13.2,-0.5,7000,"sd","14:17:36",2908600
13.2,-0.5,1000,"sd","14:17:28",2901600
13.25,-0.45,5200,"bu","14:17:26",2900600
13.2,-0.5,5000,"sd","14:17:26",2895400
13.2,-0.5,3200,"sd","14:17:24",2890400
13.25,-0.45,4900,"sd","14:17:16",2887200
13.25,-0.45,100,"sd","14:17:14",2882300
13.25,-0.45,13000,"sd","14:17:04",2882200
13.25,-0.45,800,"sd","14:16:48",2869200
13.25,-0.45,40300,"sd","14:16:46",2868400
13.25,-0.45,2100,"sd","14:16:42",2828100
13.25,-0.45,3300,"sd","14:16:28",2826000
13.3,-0.4,5600,"sd","14:16:25",2822700
13.3,-0.4,1000,"sd","14:16:25",2817100
13.3,-0.4,2500,"sd","14:16:24",2816100
13.3,-0.4,600,"sd","14:16:19",2813600
13.3,-0.4,30000,"sd","14:16:18",2813000
13.3,-0.4,2000,"sd","14:16:06",2783000
13.3,-0.4,2000,"sd","14:16:03",2781000
13.3,-0.4,5000,"sd","14:15:57",2779000
13.3,-0.4,1000,"sd","14:15:56",2774000
13.3,-0.4,400,"sd","14:15:55",2773000
13.3,-0.4,3000,"sd","14:15:53",2772600
13.35,-0.35,200,"bu","14:15:51",2769600
13.3,-0.4,1000,"sd","14:15:13",2769400
13.3,-0.4,900,"sd","14:15:04",2768400
13.35,-0.35,500,"bu","14:15:01",2767500
13.3,-0.4,10000,"sd","14:14:48",2767000
13.35,-0.35,29200,"sd","14:14:41",2757000
13.4,-0.3,1000,"bu","14:14:38",2727800
13.35,-0.35,1000,"sd","14:14:34",2726800
13.4,-0.3,2700,"sd","14:12:42",2725800
13.4,-0.3,700,"sd","14:12:40",2723100
13.4,-0.3,12600,"sd","14:12:39",2722400
13.4,-0.3,5000,"sd","14:12:14",2709800
13.4,-0.3,300,"sd","14:12:01",2704800
13.45,-0.25,1200,"sd","14:12:01",2704500
13.45,-0.25,100,"sd","14:11:48",2703300
13.45,-0.25,1300,"sd","14:11:36",2703200
13.45,-0.25,1000,"sd","14:11:30",2701900
13.5,-0.2,200,"sd","14:11:14",2700900
13.5,-0.2,800,"bu","14:10:51",2700700
13.5,-0.2,400,"sd","14:10:49",2699900
13.5,-0.2,500,"sd","14:10:44",2699500
13.5,-0.2,700,"bu","14:10:08",2699000
13.5,-0.2,500,"bu","14:10:06",2698300
13.5,-0.2,1000,"bu","14:09:58",2697800
13.45,-0.25,200,"sd","14:09:58",2696800
13.5,-0.2,400,"bu","14:09:52",2696600
13.5,-0.2,1000,"bu","14:09:27",2696200
13.4,-0.3,600,"bu","14:08:09",2695200
13.4,-0.3,4600,"sd","14:07:59",2694600
13.4,-0.3,2000,"sd","14:07:55",2690000
13.4,-0.3,800,"sd","14:07:23",2688000
13.4,-0.3,4100,"sd","14:07:14",2687200
13.4,-0.3,1900,"sd","14:07:13",2683100
13.4,-0.3,2000,"sd","14:07:05",2681200
13.4,-0.3,6400,"sd","14:06:57",2679200
13.45,-0.25,3600,"sd","14:06:26",2672800
13.45,-0.25,1000,"sd","14:05:23",2669200
13.5,-0.2,100,"bu","14:05:17",2668200
13.5,-0.2,3700,"sd","14:05:04",2668100
13.5,-0.2,1900,"sd","14:05:03",2664400
13.5,-0.2,2000,"sd","14:04:59",2662500
13.5,-0.2,100,"sd","14:04:39",2660500
13.5,-0.2,5000,"sd","14:04:24",2660400
13.5,-0.2,1000,"sd","14:04:17",2655400
13.55,-0.15,1000,"bu","14:04:15",2654400
13.55,-0.15,1000,"bu","14:03:58",2653400
13.55,-0.15,100,"bu","14:03:36",2652400
13.5,-0.2,1500,"sd","14:03:35",2652300
13.55,-0.15,5000,"bu","14:03:25",2650800
13.55,-0.15,100,"bu","14:03:04",2645800
13.55,-0.15,400,"sd","14:02:43",2645700
13.55,-0.15,15000,"sd","14:02:29",2645300
13.55,-0.15,7000,"sd","14:01:28",2630300
13.55,-0.15,7600,"bu","14:01:21",2623300
13.55,-0.15,500,"bu","14:00:47",2615700
13.55,-0.15,500,"bu","14:00:47",2615200
13.6,-0.1,400,"bu","13:58:56",2614700
13.65,-0.05,100,"bu","13:58:12",2614300
13.65,-0.05,1200,"bu","13:58:01",2614200
13.5,-0.2,200,"bu","13:57:56",2613000
13.65,-0.05,34400,"bu","13:57:40",2612800
13.6,-0.1,40900,"bu","13:57:40",2578400
13.55,-0.15,12200,"bu","13:57:40",2537500
13.5,-0.2,12500,"bu","13:57:40",2525300
13.5,-0.2,200,"bu","13:56:37",2512800
13.45,-0.25,600,"sd","13:56:32",2512600
13.45,-0.25,2000,"sd","13:56:32",2512000
13.45,-0.25,200,"bu","13:56:18",2510000
13.45,-0.25,200,"bu","13:56:17",2509800
13.45,-0.25,100,"bu","13:56:16",2509600
13.45,-0.25,2000,"bu","13:56:15",2509500
13.45,-0.25,2000,"bu","13:56:11",2507500
13.45,-0.25,5000,"bu","13:56:10",2505500
13.45,-0.25,100,"bu","13:56:09",2500500
13.45,-0.25,400,"bu","13:56:08",2500400
13.4,-0.3,16900,"bu","13:55:42",2500000
13.4,-0.3,100,"bu","13:55:41",2483100
13.35,-0.35,300,"sd","13:54:51",2483000
13.35,-0.35,600,"bu","13:54:39",2482700
13.35,-0.35,1000,"bu","13:54:38",2482100
13.35,-0.35,100,"bu","13:54:38",2481100
13.35,-0.35,500,"bu","13:54:35",2481000
13.35,-0.35,500,"bu","13:54:35",2480500
13.35,-0.35,1000,"bu","13:54:34",2480000
13.35,-0.35,2000,"bu","13:54:33",2479000
13.35,-0.35,500,"bu","13:54:32",2477000
13.3,-0.4,200,"sd","13:54:31",2476500
13.35,-0.35,100,"bu","13:54:29",2476300
13.35,-0.35,2000,"bu","13:54:27",2476200
13.35,-0.35,100,"bu","13:54:25",2474200
13.35,-0.35,200,"bu","13:54:21",2474100
13.3,-0.4,200,"sd","13:54:19",2473900
13.3,-0.4,500,"sd","13:54:17",2473700
13.3,-0.4,5000,"sd","13:54:15",2473200
13.35,-0.35,3000,"bu","13:54:14",2468200
13.3,-0.4,300,"sd","13:54:11",2465200
13.3,-0.4,11100,"sd","13:54:11",2464900
13.3,-0.4,1000,"sd","13:54:08",2453800
13.3,-0.4,900,"sd","13:54:00",2452800
13.35,-0.35,500,"bu","13:53:57",2451900
13.3,-0.4,5000,"sd","13:53:55",2451400
13.3,-0.4,22000,"sd","13:53:40",2446400
13.35,-0.35,900,"sd","13:53:37",2424400
13.35,-0.35,300,"sd","13:53:29",2423500
13.3,-0.4,1500,"sd","13:53:13",2423200
13.3,-0.4,1000,"sd","13:53:13",2421700
13.35,-0.35,3500,"sd","13:53:13",2420700
13.35,-0.35,1500,"bu","13:53:08",2417200
13.35,-0.35,500,"sd","13:53:07",2415700
13.35,-0.35,1000,"sd","13:52:44",2415200
13.35,-0.35,1000,"sd","13:52:38",2414200
13.35,-0.35,5000,"sd","13:52:34",2413200
13.35,-0.35,5000,"sd","13:52:30",2408200
13.35,-0.35,1000,"sd","13:52:22",2403200
13.4,-0.3,12600,"sd","13:52:08",2402200
13.4,-0.3,10000,"sd","13:52:00",2389600
13.4,-0.3,2300,"sd","13:51:55",2379600
13.4,-0.3,2700,"sd","13:51:54",2377300
13.4,-0.3,300,"sd","13:51:51",2374600
13.4,-0.3,100,"sd","13:51:40",2374300
13.4,-0.3,10000,"sd","13:51:38",2374200
13.4,-0.3,5000,"sd","13:51:32",2364200
13.45,-0.25,200,"bu","13:51:27",2359200
13.4,-0.3,300,"sd","13:51:27",2359000
13.4,-0.3,5000,"sd","13:51:07",2358700
13.4,-0.3,1500,"sd","13:50:59",2353700
13.4,-0.3,200,"sd","13:50:36",2352200
13.4,-0.3,12500,"sd","13:50:27",2352000
13.45,-0.25,8300,"sd","13:50:27",2339500
13.45,-0.25,500,"sd","13:50:21",2331200
13.45,-0.25,100,"sd","13:50:08",2330700
13.45,-0.25,2000,"sd","13:50:07",2330600
13.45,-0.25,1400,"sd","13:50:06",2328600
13.45,-0.25,7000,"sd","13:50:05",2327200
13.45,-0.25,1800,"sd","13:50:04",2320200
13.45,-0.25,500,"sd","13:49:59",2318400
13.45,-0.25,15000,"sd","13:49:52",2317900
13.5,-0.2,1000,"bu","13:49:49",2302900
13.45,-0.25,200,"sd","13:49:43",2301900
13.5,-0.2,100,"bu","13:49:43",2301700
13.5,-0.2,100,"bu","13:49:25",2301600
13.5,-0.2,14000,"sd","13:48:47",2301500
13.5,-0.2,1300,"sd","13:48:45",2287500
13.5,-0.2,1400,"sd","13:48:34",2286200
13.5,-0.2,9400,"sd","13:48:32",2284800
13.5,-0.2,3000,"sd","13:48:04",2275400
13.5,-0.2,5000,"sd","13:47:50",2272400
13.5,-0.2,3000,"sd","13:47:39",2267400
13.55,-0.15,100,"bu","13:46:59",2264400
13.55,-0.15,100,"bu","13:46:58",2264300
13.5,-0.2,100,"sd","13:46:48",2264200
13.5,-0.2,3000,"sd","13:46:48",2264100
13.55,-0.15,15000,"bu","13:46:31",2261100
13.5,-0.2,5000,"sd","13:46:13",2246100
13.5,-0.2,600,"bu","13:45:42",2241100
13.5,-0.2,600,"bu","13:45:37",2240500
13.5,-0.2,500,"bu","13:45:33",2239900
13.5,-0.2,28000,"bu","13:45:32",2239400
13.5,-0.2,500,"bu","13:45:15",2211400
13.5,-0.2,1000,"bu","13:44:59",2210900
13.5,-0.2,1000,"bu","13:44:26",2209900
13.5,-0.2,100,"bu","13:44:24",2208900
13.5,-0.2,200,"bu","13:44:00",2208800
13.5,-0.2,1500,"bu","13:43:59",2208600
13.5,-0.2,2000,"bu","13:43:49",2207100
13.5,-0.2,1000,"bu","13:43:36",2205100
13.5,-0.2,100,"sd","13:43:22",2204100
13.5,-0.2,2500,"sd","13:43:21",2204000
13.5,-0.2,5000,"sd","13:43:18",2201500
13.5,-0.2,1500,"sd","13:43:12",2196500
13.5,-0.2,1500,"sd","13:43:02",2195000
13.5,-0.2,5000,"sd","13:42:41",2193500
13.5,-0.2,2000,"sd","13:42:04",2188500
13.5,-0.2,5000,"sd","13:41:50",2186500
13.5,-0.2,1000,"sd","13:41:46",2181500
13.55,-0.15,1900,"bu","13:41:39",2180500
13.55,-0.15,900,"bu","13:41:37",2178600
13.55,-0.15,1200,"bu","13:41:30",2177700
13.55,-0.15,1000,"bu","13:41:02",2176500
13.5,-0.2,200,"bu","13:40:04",2175500
13.5,-0.2,300,"sd","13:39:58",2175300
13.5,-0.2,700,"bu","13:39:34",2175000
13.5,-0.2,1000,"bu","13:39:33",2174300
13.5,-0.2,1000,"bu","13:39:30",2173300
13.5,-0.2,500,"bu","13:39:06",2172300
13.5,-0.2,7300,"sd","13:39:01",2171800
13.5,-0.2,100,"sd","13:38:31",2164500
13.5,-0.2,200,"sd","13:38:28",2164400
13.5,-0.2,300,"sd","13:38:08",2164200
13.5,-0.2,1000,"sd","13:36:05",2163900
13.5,-0.2,100,"sd","13:35:56",2162900
13.5,-0.2,500,"sd","13:35:36",2162800
13.5,-0.2,1000,"sd","13:35:16",2162300
13.5,-0.2,1000,"sd","13:35:10",2161300
13.5,-0.2,2500,"sd","13:35:09",2160300
13.5,-0.2,10000,"sd","13:34:47",2157800
13.55,-0.15,200,"sd","13:34:32",2147800
13.55,-0.15,1000,"sd","13:34:30",2147600
13.55,-0.15,500,"sd","13:34:23",2146600
13.55,-0.15,1400,"sd","13:34:19",2146100
13.55,-0.15,100,"sd","13:34:18",2144700
13.55,-0.15,3900,"sd","13:33:39",2144600
13.6,-0.1,200,"bu","13:33:24",2140700
13.55,-0.15,6000,"sd","13:32:36",2140500
13.6,-0.1,1000,"bu","13:32:26",2134500
13.6,-0.1,1000,"bu","13:32:04",2133500
13.6,-0.1,200,"bu","13:32:02",2132500
13.6,-0.1,2000,"bu","13:31:43",2132300
13.6,-0.1,100,"bu","13:30:54",2130300
13.55,-0.15,100,"sd","13:30:49",2130200
13.55,-0.15,7000,"sd","13:30:23",2130100
13.6,-0.1,1000,"bu","13:30:12",2123100
13.6,-0.1,500,"bu","13:29:40",2122100
13.6,-0.1,2400,"sd","13:29:12",2121600
13.6,-0.1,1200,"sd","13:29:10",2119200
13.6,-0.1,1000,"sd","13:29:06",2118000
13.6,-0.1,3000,"sd","13:29:05",2117000
13.6,-0.1,1000,"sd","13:28:56",2114000
13.6,-0.1,1000,"sd","13:28:49",2113000
13.6,-0.1,4000,"sd","13:28:47",2112000
13.6,-0.1,200,"sd","13:28:15",2108000
13.6,-0.1,5000,"sd","13:28:08",2107800
13.6,-0.1,600,"sd","13:28:07",2102800
13.6,-0.1,1000,"sd","13:28:06",2102200
13.6,-0.1,600,"sd","13:28:02",2101200
13.6,-0.1,5000,"sd","13:27:58",2100600
13.6,-0.1,100,"sd","13:27:42",2095600
13.6,-0.1,1000,"sd","13:26:20",2095500
13.6,-0.1,2600,"sd","13:26:17",2094500
13.65,-0.05,400,"bu","13:25:47",2091900
13.65,-0.05,100,"bu","13:24:44",2091500
13.65,-0.05,500,"bu","13:24:37",2091400
13.65,-0.05,1400,"bu","13:24:25",2090900
13.6,-0.1,10000,"sd","13:23:48",2089500
13.6,-0.1,20200,"bu","13:23:40",2079500
13.6,-0.1,8000,"bu","13:23:35",2059300
13.6,-0.1,200,"bu","13:23:34",2051300
13.6,-0.1,1000,"bu","13:23:28",2051100
13.6,-0.1,1000,"bu","13:23:20",2050100
13.6,-0.1,5000,"bu","13:23:15",2049100
13.6,-0.1,100,"bu","13:22:54",2044100
13.6,-0.1,4000,"bu","13:22:53",2044000
13.6,-0.1,2000,"bu","13:22:51",2040000
13.6,-0.1,200,"bu","13:22:50",2038000
13.6,-0.1,1100,"bu","13:22:46",2037800
13.6,-0.1,500,"bu","13:22:32",2036700
13.6,-0.1,1000,"bu","13:22:19",2036200
13.55,-0.15,400,"sd","13:22:06",2035200
13.55,-0.15,100,"sd","13:20:56",2034800
13.55,-0.15,900,"bu","13:20:25",2034700
13.55,-0.15,5000,"bu","13:20:20",2033800
13.55,-0.15,400,"bu","13:20:17",2028800
13.55,-0.15,18800,"sd","13:20:03",2028400
13.6,-0.1,100,"bu","13:18:29",2009600
13.6,-0.1,500,"bu","13:18:24",2009500
13.55,-0.15,20000,"sd","13:18:17",2009000
13.6,-0.1,100,"bu","13:17:39",1989000
13.55,-0.15,400,"sd","13:17:34",1988900
13.6,-0.1,200,"bu","13:16:54",1988500
13.55,-0.15,100,"sd","13:16:05",1988300
13.6,-0.1,800,"bu","13:14:58",1988200
13.55,-0.15,23500,"sd","13:14:55",1987400
13.55,-0.15,1000,"sd","13:14:42",1963900
13.55,-0.15,100,"sd","13:14:36",1962900
13.55,-0.15,10000,"sd","13:13:08",1962800
13.55,-0.15,2200,"sd","13:12:55",1952800
13.55,-0.15,10000,"sd","13:12:35",1950600
13.55,-0.15,2000,"sd","13:12:29",1940600
13.6,-0.1,600,"bu","13:12:11",1938600
13.55,-0.15,3000,"sd","13:11:50",1938000
13.55,-0.15,700,"bu","13:11:26",1935000
13.55,-0.15,30000,"bu","13:11:13",1934300
13.5,-0.2,3800,"bu","13:10:52",1904300
13.5,-0.2,1200,"bu","13:10:51",1900500
13.5,-0.2,1400,"bu","13:10:45",1899300
13.5,-0.2,200,"bu","13:10:43",1897900
13.5,-0.2,100,"bu","13:10:35",1897700
13.5,-0.2,2300,"sd","13:10:30",1897600
13.5,-0.2,2000,"sd","13:10:14",1895300
13.5,-0.2,1700,"sd","13:09:58",1893300
13.5,-0.2,600,"sd","13:08:52",1891600
13.5,-0.2,100,"sd","13:08:11",1891000
13.5,-0.2,3000,"sd","13:08:10",1890900
13.5,-0.2,5200,"bu","13:08:06",1887900
13.45,-0.25,100,"sd","13:07:36",1882700
13.45,-0.25,100,"sd","13:07:32",1882600
13.45,-0.25,100,"sd","13:07:22",1882500
13.5,-0.2,1000,"bu","13:07:21",1882400
13.45,-0.25,1000,"sd","13:07:16",1881400
13.5,-0.2,100,"bu","13:07:15",1880400
13.5,-0.2,100,"bu","13:07:13",1880300
13.5,-0.2,3000,"bu","13:07:07",1880200
13.5,-0.2,200,"bu","13:07:04",1877200
13.5,-0.2,1000,"bu","13:06:47",1877000
13.5,-0.2,100,"bu","13:06:44",1876000
13.5,-0.2,1300,"bu","13:06:40",1875900
13.4,-0.3,59100,"sd","13:06:20",1874600
13.4,-0.3,12900,"sd","13:06:07",1815500
13.45,-0.25,3100,"sd","13:06:07",1802600
13.45,-0.25,100000,"sd","13:06:07",1799500
13.5,-0.2,30900,"sd","13:05:47",1699500
13.55,-0.15,100,"bu","13:05:08",1668600
13.5,-0.2,500,"sd","13:05:02",1668500
13.5,-0.2,300,"sd","13:04:53",1668000
13.5,-0.2,1700,"sd","13:04:39",1667700
13.5,-0.2,500,"sd","13:04:34",1666000
13.5,-0.2,66600,"sd","13:04:23",1665500
13.55,-0.15,3200,"sd","13:04:18",1598900
13.55,-0.15,2000,"sd","13:04:13",1595700
13.6,-0.1,7500,"bu","13:03:54",1593700
13.55,-0.15,2300,"sd","13:03:48",1586200
13.55,-0.15,46100,"sd","13:03:48",1583900
13.55,-0.15,1000,"sd","13:03:27",1537800
13.55,-0.15,200,"sd","13:03:16",1536800
13.55,-0.15,200,"sd","13:02:47",1536600
13.55,-0.15,3000,"sd","13:02:44",1536400
13.55,-0.15,2200,"sd","13:02:40",1533400
13.55,-0.15,300,"sd","13:02:21",1531200
13.55,-0.15,100,"sd","13:02:10",1530900
13.55,-0.15,51900,"sd","13:01:58",1530800
13.55,-0.15,200,"sd","13:01:16",1478900
13.6,-0.1,100,"bu","13:01:03",1478700
13.55,-0.15,5000,"sd","13:00:57",1478600
13.55,-0.15,1700,"sd","13:00:50",1473600
13.6,-0.1,200,"bu","13:00:50",1471900
13.6,-0.1,100,"bu","13:00:46",1471700
13.6,-0.1,1000,"bu","13:00:42",1471600
13.6,-0.1,100,"bu","13:00:41",1470600
13.6,-0.1,500,"bu","13:00:40",1470500
13.6,-0.1,5700,"sd","13:00:39",1470000
13.6,-0.1,100,"sd","13:00:37",1464300
13.65,-0.05,2000,"sd","13:00:37",1464200
13.6,-0.1,2300,"sd","13:00:37",1462200
13.6,-0.1,6000,"sd","13:00:37",1459900
13.6,-0.1,4000,"sd","13:00:36",1453900
13.6,-0.1,1900,"sd","13:00:31",1449900
13.65,-0.05,4900,"sd","13:00:31",1448000
13.65,-0.05,100,"bu","13:00:05",1443100
13.65,-0.05,100,"bu","13:00:04",1443000
13.6,-0.1,700,"bu","11:29:03",1442900
13.6,-0.1,1000,"bu","11:29:00",1442200
13.6,-0.1,1000,"bu","11:28:56",1441200
13.6,-0.1,17100,"bu","11:28:52",1440200
13.6,-0.1,65000,"bu","11:28:48",1423100
13.6,-0.1,100,"bu","11:28:44",1358100
13.6,-0.1,2000,"bu","11:28:36",1358000
13.6,-0.1,1000,"bu","11:28:19",1356000
13.6,-0.1,500,"bu","11:28:18",1355000
13.55,-0.15,1000,"sd","11:28:00",1354500
13.6,-0.1,2000,"bu","11:27:55",1353500
13.55,-0.15,1500,"sd","11:27:50",1351500
13.55,-0.15,2000,"sd","11:26:56",1350000
13.55,-0.15,1000,"sd","11:25:52",1347300
13.55,-0.15,100,"bu","11:25:17",1346300
13.55,-0.15,1900,"sd","11:24:47",1346200
13.55,-0.15,5000,"sd","11:24:19",1344300
13.55,-0.15,200,"sd","11:23:32",1339300
13.55,-0.15,5900,"bu","11:22:33",1339100
13.55,-0.15,3000,"bu","11:22:30",1333200
13.55,-0.15,5000,"bu","11:22:27",1330200
13.55,-0.15,1000,"bu","11:22:25",1325200
13.55,-0.15,500,"bu","11:22:20",1324200
13.55,-0.15,1000,"bu","11:22:16",1323700
13.55,-0.15,100,"bu","11:22:10",1322700
13.55,-0.15,1600,"bu","11:22:02",1322600
13.55,-0.15,6300,"bu","11:21:41",1321000
13.55,-0.15,100,"bu","11:20:51",1314700
13.55,-0.15,500,"bu","11:20:43",1314600
13.55,-0.15,500,"bu","11:20:33",1314100
13.55,-0.15,100,"bu","11:19:47",1313600
13.55,-0.15,9300,"bu","11:19:40",1313500
13.55,-0.15,300,"bu","11:19:32",1304200
13.5,-0.2,500,"sd","11:19:13",1303900
13.55,-0.15,100,"bu","11:19:02",1303400
13.55,-0.15,100,"bu","11:18:48",1303300
13.5,-0.2,200,"sd","11:18:19",1303200
13.55,-0.15,100,"bu","11:18:02",1303000
13.55,-0.15,100,"bu","11:17:57",1302900
13.55,-0.15,100,"bu","11:17:37",1302800
13.5,-0.2,500,"sd","11:17:18",1302700
13.55,-0.15,100,"bu","11:16:51",1302200
13.55,-0.15,2200,"bu","11:16:30",1302100
13.55,-0.15,1000,"bu","11:16:20",1299900
13.55,-0.15,100,"bu","11:16:11",1298900
13.55,-0.15,2900,"bu","11:16:06",1298800
13.55,-0.15,3000,"bu","11:16:01",1295900
13.55,-0.15,100,"bu","11:15:57",1292900
13.55,-0.15,500,"bu","11:15:55",1292800
13.55,-0.15,100,"bu","11:15:30",1292300
13.55,-0.15,5100,"bu","11:15:27",1292200
13.55,-0.15,100,"bu","11:15:12",1287100
13.55,-0.15,500,"bu","11:15:07",1287000
13.55,-0.15,5000,"bu","11:14:55",1286500
13.55,-0.15,500,"bu","11:13:53",1281500
13.55,-0.15,100,"bu","11:13:52",1281000
13.55,-0.15,500,"bu","11:13:49",1280900
13.55,-0.15,3400,"bu","11:13:37",1280400
13.5,-0.2,300,"sd","11:12:21",1277000
13.55,-0.15,200,"bu","11:12:20",1276700
13.55,-0.15,200,"bu","11:11:38",1276500
13.55,-0.15,300,"bu","11:11:28",1276300
13.5,-0.2,1000,"sd","11:10:58",1276000
13.55,-0.15,4100,"bu","11:09:39",1275000
13.55,-0.15,100,"bu","11:09:13",1270900
13.55,-0.15,100,"bu","11:09:09",1270800
13.55,-0.15,100,"bu","11:08:40",1270700
13.55,-0.15,100,"bu","11:08:29",1270600
13.55,-0.15,100,"bu","11:07:45",1270500
13.55,-0.15,4700,"bu","11:07:34",1270400
13.55,-0.15,100,"bu","11:07:13",1265700
13.5,-0.2,1000,"sd","11:06:42",1265600
13.5,-0.2,1000,"sd","11:05:56",1264600
13.5,-0.2,5000,"sd","11:05:12",1263600
13.5,-0.2,100,"sd","11:03:37",1258600
13.55,-0.15,100,"bu","11:03:26",1258500
13.55,-0.15,100,"bu","11:02:49",1258400
13.55,-0.15,2000,"bu","11:02:36",1258300
13.5,-0.2,2700,"sd","11:02:28",1256300
13.55,-0.15,5100,"bu","11:02:10",1253600
13.5,-0.2,1000,"sd","11:01:53",1248500
13.5,-0.2,1000,"sd","11:01:48",1247500
13.5,-0.2,1500,"sd","11:01:43",1246500
13.5,-0.2,100,"sd","11:01:14",1245000
13.5,-0.2,5900,"sd","11:00:50",1244900
13.5,-0.2,5000,"sd","11:00:49",1239000
13.5,-0.2,30000,"sd","11:00:29",1234000
13.55,-0.15,100,"bu","11:00:23",1204000
13.5,-0.2,13000,"sd","10:59:21",1203900
13.5,-0.2,5000,"sd","10:58:39",1190900
13.55,-0.15,100,"bu","10:58:13",1185900
13.55,-0.15,12000,"bu","10:57:42",1185800
13.5,-0.2,5000,"sd","10:57:36",1173800
13.5,-0.2,1000,"sd","10:56:08",1168800
13.55,-0.15,31600,"sd","10:55:38",1167800
13.55,-0.15,1000,"sd","10:55:19",1136200
13.55,-0.15,1300,"sd","10:54:55",1135200
13.55,-0.15,2000,"sd","10:54:54",1133900
13.6,-0.1,100,"bu","10:53:19",1131900
13.6,-0.1,500,"bu","10:53:06",1131800
13.6,-0.1,1000,"bu","10:52:56",1131300
13.6,-0.1,3000,"bu","10:52:29",1130300
13.6,-0.1,200,"bu","10:52:24",1127300
13.6,-0.1,200,"bu","10:52:16",1127100
13.6,-0.1,500,"bu","10:51:41",1126900
13.6,-0.1,200,"bu","10:50:59",1126400
13.6,-0.1,9900,"bu","10:50:48",1126200
13.55,-0.15,100,"sd","10:50:45",1116300
13.6,-0.1,1300,"bu","10:49:09",1116200
13.6,-0.1,100,"bu","10:48:46",1114900
13.6,-0.1,200,"bu","10:48:28",1114800
13.6,-0.1,100,"bu","10:48:10",1114600
13.6,-0.1,100,"bu","10:47:44",1114500
13.6,-0.1,100,"bu","10:46:32",1114400
13.6,-0.1,2000,"bu","10:45:35",1114300
13.6,-0.1,2000,"bu","10:45:27",1112300
13.6,-0.1,5000,"bu","10:45:26",1110300
13.6,-0.1,100,"bu","10:45:09",1105300
13.55,-0.15,100,"sd","10:42:31",1105200
13.55,-0.15,100,"sd","10:42:00",1105100
13.55,-0.15,500,"sd","10:41:31",1105000
13.55,-0.15,100,"sd","10:40:22",1104500
13.55,-0.15,1000,"sd","10:37:53",1104400
13.55,-0.15,3500,"sd","10:37:30",1103400
13.6,-0.1,200,"bu","10:37:30",1099900
13.6,-0.1,400,"bu","10:36:33",1099700
13.6,-0.1,200,"bu","10:36:23",1099300
13.55,-0.15,16500,"sd","10:36:23",1099100
13.6,-0.1,10000,"bu","10:36:21",1082600
13.55,-0.15,700,"sd","10:36:07",1072600
13.6,-0.1,4000,"bu","10:35:41",1071900
13.55,-0.15,5000,"sd","10:34:56",1067900
13.6,-0.1,100,"bu","10:34:53",1062900
13.6,-0.1,100,"bu","10:34:40",1062800
13.6,-0.1,1000,"bu","10:34:37",1062700
13.6,-0.1,200,"bu","10:34:27",1061700
13.6,-0.1,200,"bu","10:34:18",1061500
13.55,-0.15,300,"sd","10:31:34",1061300
13.6,-0.1,100,"bu","10:31:22",1061000
13.6,-0.1,200,"bu","10:30:08",1060900
13.55,-0.15,500,"sd","10:30:07",1060700
13.55,-0.15,2000,"sd","10:29:17",1060200
13.6,-0.1,2000,"bu","10:28:50",1058200
13.6,-0.1,7000,"bu","10:28:00",1056200
13.6,-0.1,1000,"bu","10:27:54",1049200
13.6,-0.1,900,"bu","10:27:24",1048200
13.6,-0.1,1000,"bu","10:27:08",1047300
13.6,-0.1,300,"bu","10:26:59",1046300
13.6,-0.1,100,"bu","10:26:49",1046000
13.5,-0.2,9500,"sd","10:25:54",1045900
13.55,-0.15,500,"sd","10:25:54",1036400
13.55,-0.15,500,"sd","10:25:46",1035900
13.5,-0.2,800,"sd","10:25:21",1035400
13.55,-0.15,200,"sd","10:25:21",1034600
13.5,-0.2,10800,"sd","10:24:42",1034400
13.55,-0.15,1700,"sd","10:24:42",1023600
13.55,-0.15,400,"bu","10:24:27",1021900
13.55,-0.15,20200,"bu","10:24:25",1021500
13.55,-0.15,10900,"bu","10:24:21",1001300
13.55,-0.15,3400,"bu","10:24:21",990400
13.55,-0.15,500,"bu","10:24:20",987000
13.55,-0.15,100,"bu","10:24:12",986500
13.55,-0.15,300,"bu","10:24:00",986400
13.55,-0.15,2000,"bu","10:23:43",986100
13.5,-0.2,1100,"bu","10:23:33",984100
13.5,-0.2,1200,"bu","10:23:32",983000
13.5,-0.2,200,"bu","10:23:30",981800
13.5,-0.2,100,"bu","10:23:23",981600
13.5,-0.2,1000,"bu","10:23:21",981500
13.5,-0.2,8600,"sd","10:23:18",980500
13.5,-0.2,3000,"sd","10:23:02",971900
13.5,-0.2,2000,"sd","10:22:36",968900
13.5,-0.2,100,"sd","10:22:08",966900
13.5,-0.2,100,"sd","10:21:51",966800
13.5,-0.2,1000,"sd","10:21:49",966700
13.5,-0.2,500,"sd","10:21:46",965700
13.5,-0.2,1300,"bu","10:21:35",965200
13.5,-0.2,500,"bu","10:21:26",963900
13.5,-0.2,100,"bu","10:21:16",963400
13.5,-0.2,100,"bu","10:21:06",963300
13.5,-0.2,100,"bu","10:21:05",963200
13.5,-0.2,7400,"sd","10:20:51",963100
13.5,-0.2,4200,"sd","10:20:50",955700
13.5,-0.2,3200,"sd","10:20:49",951500
13.5,-0.2,1500,"sd","10:20:48",948300
13.5,-0.2,19300,"sd","10:20:46",946800
13.5,-0.2,2100,"sd","10:20:46",927500
13.5,-0.2,8600,"sd","10:20:45",925400
13.5,-0.2,10000,"sd","10:20:21",916800
13.5,-0.2,3000,"sd","10:20:13",906800
13.5,-0.2,500,"sd","10:20:08",903800
13.55,-0.15,100,"bu","10:19:57",903300
13.55,-0.15,600,"bu","10:19:54",903200
13.55,-0.15,2000,"bu","10:19:48",902600
13.5,-0.2,45000,"sd","10:19:21",900600
13.5,-0.2,5000,"sd","10:19:12",855600
13.55,-0.15,100,"bu","10:19:05",850600
13.55,-0.15,1400,"bu","10:19:01",850500
13.55,-0.15,3000,"bu","10:18:52",849100
13.55,-0.15,200,"bu","10:18:51",846100
13.55,-0.15,100,"bu","10:18:49",845900
13.55,-0.15,100,"bu","10:18:46",845800
13.55,-0.15,500,"bu","10:18:01",845700
13.55,-0.15,3000,"bu","10:17:49",845200
13.55,-0.15,500,"bu","10:17:30",842200
13.55,-0.15,5000,"bu","10:17:23",841700
13.5,-0.2,2000,"sd","10:17:12",836700
13.55,-0.15,5100,"bu","10:16:44",834700
13.55,-0.15,300,"bu","10:16:16",829600
13.55,-0.15,100,"bu","10:15:56",829300
13.55,-0.15,100,"bu","10:15:43",829200
13.5,-0.2,200,"sd","10:15:27",829100
13.55,-0.15,500,"bu","10:15:25",828900
13.55,-0.15,100,"bu","10:15:17",828400
13.55,-0.15,1000,"bu","10:14:58",828300
13.55,-0.15,2500,"sd","10:14:45",827300
13.55,-0.15,1200,"sd","10:14:41",824800
13.55,-0.15,1600,"sd","10:14:39",823600
13.55,-0.15,4000,"sd","10:14:37",822000
13.55,-0.15,300,"sd","10:14:35",818000
13.55,-0.15,2000,"sd","10:14:27",817700
13.55,-0.15,4900,"sd","10:14:22",815700
13.55,-0.15,100,"sd","10:14:22",810800
13.55,-0.15,400,"sd","10:14:17",810700
13.55,-0.15,700,"sd","10:14:06",810300
13.55,-0.15,20000,"sd","10:13:22",809600
13.6,-0.1,100,"bu","10:13:16",789600
13.6,-0.1,1000,"bu","10:12:47",789500
13.6,-0.1,40100,"sd","10:12:29",788500
13.6,-0.1,34700,"sd","10:11:52",748400
13.6,-0.1,15300,"sd","10:11:52",713700
13.65,-0.05,1000,"bu","10:10:58",698400
13.65,-0.05,100,"bu","10:10:36",697400
13.65,-0.05,100,"bu","10:10:20",697300
13.6,-0.1,1000,"sd","10:10:01",697200
13.6,-0.1,1000,"sd","10:09:47",696200
13.65,-0.05,3000,"bu","10:09:45",695200
13.6,-0.1,200,"sd","10:09:27",692200
13.6,-0.1,400,"sd","10:08:09",692000
13.6,-0.1,500,"sd","10:08:06",691600
13.6,-0.1,10000,"sd","10:07:59",691100
13.6,-0.1,2200,"sd","10:07:19",681100
13.6,-0.1,2000,"sd","10:06:05",678900
13.6,-0.1,10000,"sd","10:05:34",676900
13.6,-0.1,800,"bu","10:04:02",666900
13.6,-0.1,1000,"bu","10:03:55",666100
13.6,-0.1,8200,"sd","10:03:47",665100
13.6,-0.1,700,"sd","10:03:18",656900
13.6,-0.1,400,"sd","10:03:15",656200
13.6,-0.1,5000,"sd","10:03:04",655800
13.6,-0.1,100,"sd","10:02:47",650800
13.6,-0.1,56800,"sd","10:01:55",650700
13.6,-0.1,3200,"sd","10:01:55",593900
13.65,-0.05,100,"bu","10:01:44",590700
13.65,-0.05,500,"bu","10:00:53",590600
13.65,-0.05,1000,"bu","10:00:08",590100
13.65,-0.05,8300,"bu","09:59:13",589100
13.6,-0.1,100,"sd","09:59:12",580800
13.6,-0.1,9700,"sd","09:59:02",580700
13.6,-0.1,1000,"sd","09:58:34",571000
13.6,-0.1,1000,"sd","09:58:11",570000
13.65,-0.05,1000,"sd","09:57:56",569000
13.6,-0.1,900,"sd","09:57:29",568000
13.6,-0.1,700,"sd","09:57:28",567100
13.7,0,51600,"bu","09:57:05",566400
13.65,-0.05,8400,"bu","09:57:05",514800
13.6,-0.1,100,"sd","09:56:57",506400
13.65,-0.05,1000,"bu","09:55:56",506300
13.65,-0.05,100,"bu","09:55:15",505300
13.65,-0.05,43000,"sd","09:55:00",505200
13.65,-0.05,800,"sd","09:54:40",462200
13.7,0,700,"bu","09:54:23",461400
13.65,-0.05,2000,"sd","09:54:21",460700
13.7,0,100,"bu","09:52:48",458700
13.7,0,100,"bu","09:52:31",458600
13.7,0,500,"bu","09:52:27",458500
13.7,0,100,"bu","09:52:23",458000
13.7,0,200,"bu","09:52:15",457900
13.7,0,500,"bu","09:52:01",457700
13.7,0,1400,"sd","09:51:54",457200
13.7,0,1000,"bu","09:51:50",455800
13.7,0,1000,"bu","09:51:16",454800
13.7,0,2000,"bu","09:50:48",453800
13.7,0,500,"bu","09:50:44",451800
13.7,0,500,"sd","09:50:43",451300
13.7,0,1000,"sd","09:49:50",450800
13.7,0,29700,"bu","09:49:28",449800
13.7,0,5000,"bu","09:49:12",420100
13.65,-0.05,100,"sd","09:48:30",415100
13.65,-0.05,200,"sd","09:48:14",415000
13.65,-0.05,1500,"sd","09:47:39",414800
13.65,-0.05,100,"sd","09:46:11",413300
13.65,-0.05,4100,"bu","09:46:03",413200
13.65,-0.05,200,"bu","09:45:55",409100
13.65,-0.05,1000,"bu","09:45:29",408900
13.65,-0.05,3700,"bu","09:45:10",407900
13.65,-0.05,500,"bu","09:45:03",404200
13.6,-0.1,1800,"sd","09:44:03",403700
13.65,-0.05,500,"bu","09:43:56",401900
13.65,-0.05,100,"bu","09:43:45",401400
13.65,-0.05,5000,"bu","09:43:30",401300
13.65,-0.05,1000,"bu","09:43:23",396300
13.65,-0.05,100,"bu","09:42:56",395300
13.65,-0.05,1400,"sd","09:41:22",395200
13.65,-0.05,500,"sd","09:41:06",393800
13.65,-0.05,500,"sd","09:41:06",393300
13.65,-0.05,1000,"sd","09:40:57",392800
13.65,-0.05,100,"sd","09:40:56",391800
13.65,-0.05,3700,"bu","09:40:41",391700
13.6,-0.1,1400,"sd","09:40:40",388000
13.6,-0.1,2000,"sd","09:40:18",386600
13.6,-0.1,1000,"sd","09:40:08",384600
13.6,-0.1,200,"sd","09:40:07",383600
13.6,-0.1,25000,"sd","09:39:40",383400
13.6,-0.1,4000,"sd","09:39:04",358400
13.65,-0.05,2000,"sd","09:39:04",354400
13.65,-0.05,300,"bu","09:38:47",352400
13.65,-0.05,400,"bu","09:38:29",352100
13.6,-0.1,300,"sd","09:38:27",351700
13.65,-0.05,1000,"bu","09:38:22",351400
13.65,-0.05,200,"bu","09:38:16",350400
13.65,-0.05,500,"bu","09:38:04",350200
13.6,-0.1,1000,"sd","09:37:47",349700
13.65,-0.05,15000,"bu","09:37:46",348700
13.65,-0.05,100,"bu","09:37:39",333700
13.6,-0.1,2000,"sd","09:37:36",333600
13.6,-0.1,200,"sd","09:37:16",331600
13.65,-0.05,500,"bu","09:36:22",331400
13.65,-0.05,8500,"sd","09:36:21",330900
13.65,-0.05,2000,"sd","09:36:19",322400
13.65,-0.05,5800,"sd","09:35:41",320400
13.65,-0.05,200,"sd","09:35:41",314600
13.65,-0.05,400,"sd","09:35:07",314400
13.65,-0.05,500,"sd","09:34:57",314000
13.65,-0.05,2400,"sd","09:34:36",313500
13.7,0,100,"bu","09:34:30",311100
13.7,0,1000,"bu","09:34:17",311000
13.7,0,200,"bu","09:34:14",310000
13.7,0,9500,"sd","09:33:15",309800
13.7,0,500,"sd","09:33:13",300300
13.7,0,5000,"sd","09:33:09",299800
13.7,0,3000,"sd","09:32:55",294800
13.75,0.05,1000,"bu","09:32:50",291800
13.75,0.05,300,"bu","09:31:43",290800
13.75,0.05,300,"bu","09:31:41",290500
13.7,0,200,"sd","09:31:41",290200
13.75,0.05,100,"bu","09:31:38",290000
13.75,0.05,400,"bu","09:31:22",289900
13.75,0.05,2000,"bu","09:31:11",289500
13.75,0.05,4100,"sd","09:30:45",287500
13.75,0.05,300,"bu","09:29:48",283400
13.75,0.05,500,"bu","09:29:44",283100
13.75,0.05,5000,"bu","09:29:44",282600
13.75,0.05,500,"bu","09:29:31",277600
13.75,0.05,500,"bu","09:29:27",277100
13.75,0.05,1000,"bu","09:29:26",276600
13.75,0.05,100,"bu","09:29:04",275600
13.75,0.05,4000,"bu","09:29:00",275500
13.75,0.05,1000,"bu","09:28:54",271500
13.75,0.05,4700,"bu","09:28:44",270500
13.75,0.05,100,"bu","09:28:32",265800
13.75,0.05,200,"bu","09:28:32",265700
13.75,0.05,100,"bu","09:28:31",265500
13.75,0.05,1100,"bu","09:28:23",265400
13.75,0.05,2000,"bu","09:28:21",264300
13.7,0,1000,"sd","09:28:09",262300
13.7,0,600,"bu","09:28:05",261300
13.7,0,200,"bu","09:28:03",260700
13.7,0,500,"bu","09:28:01",260500
13.7,0,200,"bu","09:27:58",260000
13.7,0,1000,"bu","09:27:56",259800
13.7,0,500,"bu","09:27:53",258800
13.7,0,500,"bu","09:27:49",258300
13.7,0,100,"bu","09:27:49",257800
13.7,0,5000,"bu","09:27:42",257700
13.7,0,10000,"bu","09:27:34",252700
13.7,0,1000,"bu","09:27:33",242700
13.7,0,100,"bu","09:27:29",241700
13.7,0,600,"bu","09:27:22",241600
13.7,0,100,"bu","09:27:19",241000
13.7,0,100,"bu","09:27:18",240900
13.7,0,4000,"bu","09:27:11",240800
13.7,0,400,"bu","09:27:09",236800
13.7,0,2000,"bu","09:26:58",236400
13.7,0,300,"bu","09:26:47",234400
13.7,0,200,"bu","09:26:44",234100
13.65,-0.05,700,"sd","09:26:02",233900
13.65,-0.05,10300,"bu","09:26:01",233200
13.65,-0.05,1000,"bu","09:25:59",222900
13.65,-0.05,3000,"bu","09:25:58",221900
13.65,-0.05,100,"bu","09:25:56",218900
13.65,-0.05,1000,"bu","09:25:55",218800
13.65,-0.05,500,"bu","09:25:45",217800
13.65,-0.05,2000,"bu","09:25:43",217300
13.65,-0.05,10000,"bu","09:25:35",215300
13.65,-0.05,700,"bu","09:25:33",205300
13.65,-0.05,700,"bu","09:25:30",204600
13.65,-0.05,100,"bu","09:25:23",203900
13.6,-0.1,1500,"sd","09:25:22",203800
13.6,-0.1,400,"bu","09:24:41",202300
13.6,-0.1,3000,"bu","09:24:39",201900
13.55,-0.15,2000,"sd","09:24:33",198900
13.6,-0.1,500,"bu","09:24:29",196800
13.6,-0.1,1000,"sd","09:24:03",196300
13.55,-0.15,1000,"sd","09:23:46",195300
13.6,-0.1,900,"bu","09:23:45",194300
13.6,-0.1,1000,"bu","09:23:43",193400
13.6,-0.1,4800,"bu","09:23:33",192400
13.6,-0.1,200,"bu","09:23:17",187600
13.6,-0.1,100,"bu","09:23:11",187400
13.55,-0.15,300,"sd","09:23:10",187300
13.65,-0.05,1500,"bu","09:22:40",187000
13.65,-0.05,2000,"bu","09:22:26",185500
13.6,-0.1,1000,"bu","09:22:26",183500
13.5,-0.2,5000,"sd","09:22:19",182500
13.5,-0.2,500,"sd","09:21:42",177500
13.55,-0.15,4500,"sd","09:21:42",177000
13.6,-0.1,5000,"sd","09:21:42",172500
13.5,-0.2,500,"sd","09:21:28",167500
13.65,-0.05,200,"bu","09:21:18",167000
13.65,-0.05,100,"bu","09:20:45",166800
13.5,-0.2,1000,"sd","09:20:00",166700
13.5,-0.2,1500,"sd","09:19:49",165700
13.55,-0.15,100,"sd","09:19:49",164200
13.5,-0.2,2000,"sd","09:19:39",164100
13.5,-0.2,400,"sd","09:19:31",162100
13.55,-0.15,100,"sd","09:19:31",161700
13.5,-0.2,8000,"sd","09:19:00",161600
13.5,-0.2,6800,"sd","09:18:59",153600
13.5,-0.2,9800,"sd","09:18:59",146800
13.6,-0.1,600,"sd","09:18:59",137000
13.55,-0.15,1300,"sd","09:18:58",136400
13.6,-0.1,13100,"sd","09:18:58",135100
13.65,-0.05,5600,"sd","09:18:58",122000
13.7,0,1600,"sd","09:18:58",116400
13.7,0,1000,"sd","09:18:57",114800
13.7,0,11200,"sd","09:18:47",113800
13.75,0.05,1500,"bu","09:18:39",102600
13.75,0.05,500,"bu","09:18:37",101100
13.75,0.05,1000,"bu","09:18:35",100600
13.7,0,21600,"sd","09:18:32",99600
13.75,0.05,200,"bu","09:18:26",78000
13.75,0.05,3900,"sd","09:18:18",77800
13.75,0.05,1100,"bu","09:18:14",73900
13.75,0.05,1000,"bu","09:18:09",72800
13.75,0.05,1000,"bu","09:18:07",71800
13.75,0.05,1900,"sd","09:18:03",70800
13.8,0.1,8000,"bu","09:17:59",68900
13.75,0.05,1000,"sd","09:17:57",60900
13.8,0.1,500,"bu","09:17:52",59900
13.75,0.05,800,"sd","09:17:44",59400
13.75,0.05,10000,"sd","09:17:43",58600
13.8,0.1,500,"bu","09:17:35",48600
13.8,0.1,300,"bu","09:17:30",48100
13.8,0.1,1000,"bu","09:17:23",47800
13.8,0.1,5000,"bu","09:17:21",46800
13.8,0.1,200,"bu","09:17:17",41800
13.8,0.1,100,"bu","09:17:14",41600
13.8,0.1,500,"bu","09:17:13",41500
13.8,0.1,500,"bu","09:17:09",41000
13.8,0.1,200,"bu","09:17:01",40500
13.8,0.1,18500,"sd","09:16:59",40300
13.85,0.15,1000,"bu","09:16:58",21800
13.85,0.15,200,"bu","09:16:40",20800
13.85,0.15,400,"bu","09:16:38",20600
13.85,0.15,500,"bu","09:16:34",20200
13.85,0.15,200,"bu","09:16:23",19700
13.85,0.15,400,"bu","09:16:21",19500
13.85,0.15,300,"bu","09:16:17",19100
13.85,0.15,300,"bu","09:16:17",18800
13.85,0.15,100,"bu","09:16:11",18500
13.85,0.15,3800,"sd","09:16:04",18400
13.85,0.15,2200,"bu","09:15:38",14600
13.85,0.15,300,"bu","09:15:31",12400
13.85,0.15,500,"bu","09:15:28",12100
13.8,0.1,900,"sd","09:15:11",11600
13.8,0.1,10700,"","09:15:06",10700
