"price","change","match_qtty","side","time","total_vol"
7.42,0.01,50900,"","14:45:20",440100
7.35,-0.06,100,"bu","14:31:45",389200
7.3,-0.11,300,"sd","14:31:42",389100
7.3,-0.11,3700,"bu","14:31:40",388800
7.3,-0.11,100,"bu","14:31:30",385100
7.25,-0.16,4000,"bu","14:31:27",385000
7.24,-0.17,1200,"bu","14:31:27",381000
7.23,-0.18,100,"bu","14:31:27",379800
7.23,-0.18,4900,"bu","14:31:23",379700
7.23,-0.18,3300,"bu","14:31:14",374800
7.23,-0.18,1200,"bu","14:30:02",371500
7.23,-0.18,100,"bu","14:29:36",370300
7.23,-0.18,100,"bu","14:29:20",370200
7.23,-0.18,200,"bu","14:28:57",370100
7.23,-0.18,100,"bu","14:28:22",369900
7.21,-0.2,500,"sd","14:28:19",369800
7.23,-0.18,100,"bu","14:27:21",369300
7.2,-0.21,1400,"bu","14:27:14",369200
7.2,-0.21,2000,"bu","14:27:08",367800
7.2,-0.21,100,"bu","14:26:51",365800
7.19,-0.22,5000,"sd","14:26:35",365700
7.19,-0.22,2400,"bu","14:26:18",360700
7.2,-0.21,200,"sd","14:26:12",358300
7.23,-0.18,100,"bu","14:25:50",358100
7.2,-0.21,400,"bu","14:25:50",358000
7.2,-0.21,1700,"bu","14:25:41",357600
7.1,-0.31,500,"sd","14:25:02",355900
7.1,-0.31,3000,"sd","14:24:51",355400
7.1,-0.31,1700,"sd","14:24:42",352400
7.2,-0.21,100,"bu","14:24:40",350700
7.2,-0.21,500,"bu","14:24:07",350600
7.2,-0.21,100,"bu","14:22:16",350100
7.2,-0.21,2000,"bu","14:21:37",350000
7.05,-0.36,400,"sd","14:21:22",348000
7.06,-0.35,100,"sd","14:21:22",347600
7.2,-0.21,100,"bu","14:20:11",347500
7.15,-0.26,100,"bu","14:19:56",347400
7,-0.41,14800,"sd","14:19:06",347300
7.05,-0.36,1900,"sd","14:19:06",332500
7.1,-0.31,8500,"sd","14:19:06",330600
7.15,-0.26,1800,"sd","14:19:06",319100
7.15,-0.26,2900,"sd","14:18:43",317300
7.17,-0.24,5000,"sd","14:18:43",314400
7.18,-0.23,100,"sd","14:18:43",309400
7.2,-0.21,100,"bu","14:18:11",309300
7.2,-0.21,2800,"bu","14:17:38",309200
7.2,-0.21,2000,"sd","14:17:15",306400
7.2,-0.21,2000,"sd","14:16:38",304400
7.2,-0.21,25400,"sd","14:15:55",302400
7.21,-0.2,1400,"sd","14:15:55",277000
7.22,-0.19,3200,"sd","14:15:55",275600
7.23,-0.18,5000,"sd","14:13:51",272400
7.24,-0.17,100,"sd","14:11:51",267400
7.25,-0.16,200,"bu","14:09:57",267300
7.24,-0.17,700,"bu","14:09:48",267100
7.23,-0.18,500,"sd","14:09:30",266400
7.24,-0.17,300,"sd","14:08:28",265900
7.24,-0.17,3000,"sd","14:08:11",265600
7.25,-0.16,1800,"sd","14:08:04",262600
7.25,-0.16,2000,"sd","14:07:49",260800
7.25,-0.16,800,"sd","14:07:44",258800
7.26,-0.15,100,"bu","14:07:36",258000
7.26,-0.15,500,"bu","14:07:22",257900
7.26,-0.15,700,"sd","14:07:11",257400
7.27,-0.14,300,"bu","14:06:22",256700
7.26,-0.15,2000,"sd","14:06:22",256400
7.27,-0.14,200,"sd","14:05:42",254400
7.3,-0.11,200,"bu","14:01:47",254200
7.3,-0.11,100,"bu","14:00:11",254000
7.27,-0.14,100,"bu","13:56:45",253900
7.27,-0.14,200,"bu","13:56:11",253800
7.27,-0.14,100,"bu","13:55:38",253600
7.25,-0.16,2500,"sd","13:53:10",253500
7.25,-0.16,100,"sd","13:52:34",251000
7.26,-0.15,400,"sd","13:52:34",250900
7.25,-0.16,19700,"sd","13:51:48",250500
7.26,-0.15,300,"sd","13:51:48",230800
7.26,-0.15,200,"sd","13:51:11",230500
7.26,-0.15,4300,"sd","13:49:55",230300
7.26,-0.15,300,"sd","13:48:18",226000
7.27,-0.14,100,"bu","13:48:11",225700
7.27,-0.14,1200,"bu","13:46:59",225600
7.26,-0.15,1700,"bu","13:46:27",224400
7.26,-0.15,4100,"sd","13:46:16",222700
7.27,-0.14,500,"bu","13:46:13",218600
7.27,-0.14,3800,"sd","13:45:32",218100
7.28,-0.13,2100,"sd","13:45:15",214300
7.29,-0.12,2100,"sd","13:44:11",212200
7.3,-0.11,100,"bu","13:40:31",210100
7.3,-0.11,500,"bu","13:37:44",210000
7.3,-0.11,100,"bu","13:34:12",209500
7.29,-0.12,4500,"sd","13:34:05",209400
7.3,-0.11,4100,"sd","13:33:51",204900
7.33,-0.08,600,"sd","13:33:39",200800
7.35,-0.06,100,"bu","13:26:48",200200
7.33,-0.08,2900,"bu","13:26:37",200100
7.3,-0.11,1000,"sd","13:25:35",197200
7.33,-0.08,1000,"bu","13:23:37",196200
7.33,-0.08,500,"bu","13:22:53",195200
7.33,-0.08,100,"bu","13:22:00",194700
7.3,-0.11,400,"bu","13:18:31",194600
7.3,-0.11,1200,"bu","13:18:13",194200
7.3,-0.11,5000,"bu","13:17:53",193000
7.3,-0.11,100,"bu","13:13:22",188000
7.28,-0.13,200,"sd","13:12:22",187900
7.29,-0.12,500,"bu","13:11:45",187700
7.29,-0.12,1400,"sd","13:10:56",187200
7.3,-0.11,200,"bu","13:09:14",185800
7.3,-0.11,200,"bu","13:08:28",185600
7.29,-0.12,200,"sd","13:08:24",185400
7.3,-0.11,100,"bu","13:05:25",185200
7.29,-0.12,3500,"sd","13:05:23",185100
7.29,-0.12,1500,"sd","13:02:42",181600
7.3,-0.11,200,"bu","13:00:38",180100
7.3,-0.11,100,"bu","13:00:33",179900
7.29,-0.12,1400,"sd","13:00:03",179800
7.3,-0.11,4600,"sd","13:00:03",178400
7.34,-0.07,1500,"bu","11:28:37",173800
7.34,-0.07,600,"bu","11:28:33",172300
7.34,-0.07,100,"bu","11:28:13",171700
7.34,-0.07,100,"bu","11:27:38",171600
7.3,-0.11,500,"sd","11:17:42",171500
7.31,-0.1,100,"sd","11:17:42",171000
7.34,-0.07,200,"bu","11:10:23",170900
7.31,-0.1,300,"bu","11:10:23",170700
7.3,-0.11,15000,"sd","11:10:18",170400
7.3,-0.11,300,"bu","11:06:37",155400
7.3,-0.11,1000,"bu","11:06:21",155100
7.3,-0.11,100,"bu","11:04:53",154100
7.29,-0.12,5000,"sd","11:01:54",154000
7.29,-0.12,2000,"sd","11:01:35",149000
7.28,-0.13,300,"sd","11:00:25",147000
7.3,-0.11,100,"bu","10:59:10",146700
7.31,-0.1,100,"bu","10:56:47",146600
7.3,-0.11,700,"sd","10:54:38",146500
7.3,-0.11,200,"sd","10:53:51",145800
7.3,-0.11,2700,"sd","10:53:34",145600
7.3,-0.11,300,"sd","10:53:34",142900
7.31,-0.1,300,"sd","10:51:21",142600
7.32,-0.09,100,"sd","10:50:22",142300
7.35,-0.06,100,"bu","10:41:49",142200
7.31,-0.1,100,"sd","10:38:49",142100
7.32,-0.09,1400,"sd","10:38:03",142000
7.35,-0.06,100,"bu","10:37:55",140600
7.35,-0.06,100,"bu","10:32:37",140500
7.32,-0.09,4000,"sd","10:30:19",140400
7.32,-0.09,1700,"bu","10:30:04",136400
7.32,-0.09,100,"bu","10:29:44",134700
7.3,-0.11,3100,"sd","10:24:20",134600
7.3,-0.11,3300,"bu","10:23:43",131500
7.3,-0.11,100,"bu","10:22:10",128200
7.26,-0.15,2600,"sd","10:21:40",128100
7.28,-0.13,2400,"sd","10:21:40",125500
7.28,-0.13,400,"sd","10:21:17",123100
7.28,-0.13,500,"sd","10:21:13",122700
7.28,-0.13,500,"sd","10:21:03",122200
7.29,-0.12,500,"sd","10:21:03",121700
7.3,-0.11,1600,"sd","10:20:45",121200
7.3,-0.11,1000,"sd","10:20:37",119600
7.3,-0.11,500,"sd","10:19:23",118600
7.31,-0.1,500,"sd","10:19:23",118100
7.32,-0.09,200,"sd","10:18:58",117600
7.32,-0.09,700,"sd","10:13:03",117400
7.35,-0.06,100,"bu","10:12:40",116700
7.35,-0.06,100,"bu","10:10:52",116600
7.32,-0.09,100,"bu","10:08:00",116500
7.32,-0.09,400,"sd","10:07:29",116400
7.32,-0.09,3500,"sd","10:01:51",116000
7.32,-0.09,500,"sd","10:01:16",112500
7.31,-0.1,700,"sd","09:58:16",112000
7.33,-0.08,200,"sd","09:58:03",111300
7.35,-0.06,4900,"bu","09:53:53",111100
7.3,-0.11,300,"sd","09:53:02",106200
7.35,-0.06,100,"bu","09:50:41",105900
7.3,-0.11,100,"bu","09:46:05",105800
7.3,-0.11,200,"bu","09:45:45",105700
7.3,-0.11,200,"sd","09:44:52",105500
7.3,-0.11,5400,"bu","09:44:18",105300
7.3,-0.11,4000,"bu","09:43:55",99900
7.3,-0.11,1300,"bu","09:39:50",95900
7.3,-0.11,3000,"bu","09:39:30",94600
7.3,-0.11,400,"bu","09:39:22",91600
7.3,-0.11,1200,"bu","09:38:50",91200
7.3,-0.11,100,"bu","09:37:13",90000
7.29,-0.12,5000,"sd","09:36:52",89900
7.3,-0.11,100,"bu","09:35:44",84900
7.3,-0.11,12500,"sd","09:35:21",84800
7.35,-0.06,2000,"sd","09:35:21",69300
7.38,-0.03,3000,"bu","09:33:09",67300
7.38,-0.03,200,"bu","09:32:53",64300
7.35,-0.06,5000,"sd","09:31:32",64100
7.38,-0.03,200,"bu","09:31:20",59100
7.35,-0.06,500,"sd","09:30:29",58900
7.38,-0.03,100,"bu","09:30:04",58400
7.38,-0.03,100,"sd","09:30:03",58300
7.39,-0.02,100,"bu","09:29:35",58200
7.38,-0.03,100,"bu","09:29:35",58100
7.38,-0.03,1000,"bu","09:28:56",58000
7.35,-0.06,2400,"bu","09:28:08",57000
7.35,-0.06,100,"bu","09:27:03",54600
7.3,-0.11,900,"bu","09:26:02",54500
7.29,-0.12,1500,"bu","09:25:40",53600
7.29,-0.12,5000,"bu","09:25:32",52100
7.29,-0.12,300,"bu","09:25:29",47100
7.29,-0.12,200,"bu","09:25:25",46800
7.29,-0.12,3000,"sd","09:24:55",46600
7.3,-0.11,200,"sd","09:24:34",43600
7.3,-0.11,2100,"sd","09:24:34",43400
7.3,-0.11,1500,"sd","09:24:22",41300
7.3,-0.11,8600,"sd","09:24:21",39800
7.31,-0.1,2500,"sd","09:24:21",31200
7.35,-0.06,3900,"sd","09:24:21",28700
7.39,-0.02,100,"bu","09:23:20",24800
7.36,-0.05,100,"bu","09:21:26",24700
7.36,-0.05,500,"bu","09:21:08",24600
7.36,-0.05,2300,"sd","09:20:40",24100
7.38,-0.03,5100,"sd","09:20:40",21800
7.4,-0.01,2800,"sd","09:19:21",16700
7.4,-0.01,2200,"sd","09:19:10",13900
7.4,-0.01,900,"sd","09:17:57",11700
7.41,0,2300,"bu","09:15:57",10800
7.4,-0.01,3000,"sd","09:15:49",8500
7.41,0,2000,"bu","09:15:30",5500
7.41,0,300,"bu","09:15:13",3500
7.4,-0.01,3200,"","09:15:04",3200
