"price","change","match_qtty","side","time","total_vol"
34,0.1,369600,"","14:45:30",6903800
33.95,0.05,1000,"sd","14:32:07",6534200
34,0.1,1300,"bu","14:32:07",6533200
34,0.1,4600,"bu","14:32:07",6531900
34,0.1,6500,"bu","14:32:06",6527300
33.95,0.05,1000,"sd","14:32:05",6520800
34,0.1,500,"bu","14:32:05",6519800
33.95,0.05,1500,"bu","14:32:03",6519300
34,0.1,600,"bu","14:32:02",6517800
33.95,0.05,600,"bu","14:32:02",6517200
33.95,0.05,8000,"bu","14:32:00",6516600
33.9,0,500,"sd","14:32:00",6508600
33.9,0,1000,"sd","14:31:59",6508100
33.95,0.05,200,"bu","14:31:58",6507100
33.9,0,100,"sd","14:31:58",6506900
33.9,0,100,"sd","14:31:57",6506800
33.9,0,5800,"bu","14:31:57",6506700
33.9,0,200,"bu","14:31:56",6500900
33.85,-0.05,2200,"sd","14:31:55",6500700
33.9,0,3800,"sd","14:31:55",6498500
33.95,0.05,1000,"bu","14:31:55",6494700
33.9,0,1200,"bu","14:31:55",6493700
33.9,0,3000,"bu","14:31:54",6492500
33.85,-0.05,5000,"sd","14:31:54",6489500
33.9,0,1200,"bu","14:31:54",6484500
33.9,0,3000,"bu","14:31:54",6483300
33.9,0,3700,"bu","14:31:53",6480300
33.85,-0.05,1600,"sd","14:31:52",6476600
33.9,0,4000,"bu","14:31:52",6475000
33.9,0,1100,"bu","14:31:51",6471000
33.9,0,100,"bu","14:31:50",6469900
33.85,-0.05,3300,"bu","14:31:49",6469800
33.85,-0.05,200,"bu","14:31:48",6466500
33.85,-0.05,500,"bu","14:31:48",6466300
33.85,-0.05,1000,"bu","14:31:47",6465800
33.8,-0.1,2000,"bu","14:31:46",6464800
33.75,-0.15,4400,"bu","14:31:46",6462800
33.75,-0.15,9000,"bu","14:31:45",6458400
33.75,-0.15,7000,"bu","14:31:43",6449400
33.65,-0.25,1000,"sd","14:31:41",6442400
33.7,-0.2,900,"sd","14:31:41",6441400
33.75,-0.15,200,"bu","14:31:41",6440500
33.7,-0.2,300,"bu","14:31:41",6440300
33.7,-0.2,3800,"bu","14:31:40",6440000
33.65,-0.25,3200,"bu","14:31:39",6436200
33.6,-0.3,1000,"sd","14:31:38",6433000
33.65,-0.25,10500,"bu","14:31:38",6432000
33.65,-0.25,3500,"bu","14:31:36",6421500
33.65,-0.25,1000,"bu","14:31:34",6418000
33.6,-0.3,8400,"bu","14:31:33",6417000
33.6,-0.3,300,"bu","14:31:31",6408600
33.6,-0.3,5000,"bu","14:31:30",6408300
33.55,-0.35,800,"bu","14:31:28",6403300
33.5,-0.4,1200,"bu","14:31:27",6402500
33.5,-0.4,900,"sd","14:31:26",6401300
33.5,-0.4,2900,"bu","14:31:24",6400400
33.5,-0.4,1000,"bu","14:31:23",6397500
33.5,-0.4,7500,"bu","14:31:23",6396500
33.5,-0.4,2000,"bu","14:31:21",6389000
33.5,-0.4,500,"sd","14:31:19",6387000
33.5,-0.4,600,"bu","14:31:13",6386500
33.5,-0.4,600,"bu","14:31:12",6385900
33.45,-0.45,1400,"bu","14:31:12",6385300
33.45,-0.45,1100,"bu","14:31:10",6383900
33.4,-0.5,600,"sd","14:31:06",6382800
33.5,-0.4,1200,"bu","14:31:06",6382200
33.5,-0.4,1000,"bu","14:31:05",6381000
33.5,-0.4,100,"bu","14:31:05",6380000
33.5,-0.4,900,"bu","14:31:03",6379900
33.5,-0.4,1200,"bu","14:31:03",6379000
33.5,-0.4,2900,"bu","14:31:02",6377800
33.5,-0.4,7000,"bu","14:30:59",6374900
33.4,-0.5,3000,"sd","14:30:57",6367900
33.45,-0.45,2000,"sd","14:30:57",6364900
33.5,-0.4,500,"bu","14:30:57",6362900
33.5,-0.4,1000,"bu","14:30:52",6362400
33.5,-0.4,100,"bu","14:30:51",6361400
33.5,-0.4,100,"bu","14:30:45",6361300
33.45,-0.45,1000,"sd","14:30:42",6361200
33.5,-0.4,100,"bu","14:30:40",6360200
33.5,-0.4,1500,"bu","14:30:40",6360100
33.5,-0.4,200,"bu","14:30:39",6358600
33.5,-0.4,400,"bu","14:30:27",6358400
33.4,-0.5,20000,"sd","14:30:27",6358000
33.5,-0.4,9100,"bu","14:30:27",6338000
33.45,-0.45,1200,"bu","14:30:27",6328900
33.45,-0.45,100,"bu","14:30:24",6327700
33.4,-0.5,3800,"bu","14:30:10",6327600
33.4,-0.5,2000,"bu","14:30:08",6323800
33.4,-0.5,3100,"bu","14:30:07",6321800
33.4,-0.5,100,"bu","14:30:06",6318700
33.35,-0.55,600,"bu","14:29:53",6318600
33.35,-0.55,200,"bu","14:29:51",6318000
33.35,-0.55,300,"bu","14:29:48",6317800
33.35,-0.55,300,"bu","14:29:47",6317500
33.35,-0.55,100,"bu","14:29:43",6317200
33.35,-0.55,100,"bu","14:29:40",6317100
33.3,-0.6,100,"bu","14:29:38",6317000
33.3,-0.6,5300,"bu","14:29:37",6316900
33.3,-0.6,2200,"bu","14:29:34",6311600
33.3,-0.6,100,"bu","14:29:33",6309400
33.3,-0.6,1000,"bu","14:29:27",6309300
33.3,-0.6,8000,"bu","14:29:22",6308300
33.3,-0.6,100,"bu","14:29:21",6300300
33.25,-0.65,200,"sd","14:29:20",6300200
33.3,-0.6,3700,"bu","14:29:20",6300000
33.3,-0.6,100,"bu","14:29:19",6296300
33.3,-0.6,3000,"bu","14:29:11",6296200
33.2,-0.7,30000,"sd","14:29:10",6293200
33.3,-0.6,1000,"bu","14:29:09",6263200
33.25,-0.65,3000,"sd","14:29:08",6262200
33.25,-0.65,2600,"bu","14:29:04",6259200
33.2,-0.7,1000,"sd","14:29:01",6256600
33.2,-0.7,5000,"sd","14:29:00",6255600
33.25,-0.65,2400,"bu","14:29:00",6250600
33.25,-0.65,100,"bu","14:28:59",6248200
33.25,-0.65,1000,"bu","14:28:57",6248100
33.25,-0.65,1000,"bu","14:28:54",6247100
33.25,-0.65,300,"bu","14:28:54",6246100
33.25,-0.65,1000,"bu","14:28:30",6245800
33.25,-0.65,3400,"bu","14:28:22",6244800
33.25,-0.65,400,"bu","14:28:21",6241400
33.15,-0.75,1800,"sd","14:28:19",6241000
33.2,-0.7,200,"sd","14:28:19",6239200
33.2,-0.7,100,"sd","14:28:18",6239000
33.25,-0.65,500,"sd","14:28:16",6238900
33.25,-0.65,300,"sd","14:28:15",6238400
33.25,-0.65,1200,"bu","14:28:11",6238100
33.25,-0.65,4500,"bu","14:28:10",6236900
33.2,-0.7,500,"bu","14:28:10",6232400
33.2,-0.7,200,"bu","14:28:09",6231900
33.2,-0.7,1100,"sd","14:28:08",6231700
33.25,-0.65,100,"bu","14:28:07",6230600
33.15,-0.75,4800,"sd","14:28:06",6230500
33.2,-0.7,5200,"sd","14:28:06",6225700
33.2,-0.7,4200,"sd","14:27:59",6220500
33.25,-0.65,1900,"bu","14:27:59",6216300
33.25,-0.65,2000,"bu","14:27:54",6214400
33.2,-0.7,400,"sd","14:27:54",6212400
33.2,-0.7,1000,"sd","14:27:53",6212000
33.2,-0.7,100,"sd","14:27:52",6211000
33.2,-0.7,1000,"sd","14:27:50",6210900
33.2,-0.7,15000,"sd","14:27:48",6209900
33.25,-0.65,100,"bu","14:27:48",6194900
33.25,-0.65,300,"bu","14:27:47",6194800
33.2,-0.7,100,"sd","14:27:41",6194500
33.25,-0.65,1000,"bu","14:27:39",6194400
33.2,-0.7,200,"sd","14:27:38",6193400
33.25,-0.65,500,"bu","14:27:30",6193200
33.25,-0.65,500,"bu","14:27:24",6192700
33.25,-0.65,100,"bu","14:27:22",6192200
33.25,-0.65,100,"bu","14:27:21",6192100
33.25,-0.65,12300,"sd","14:27:20",6192000
33.3,-0.6,3500,"bu","14:27:20",6179700
33.25,-0.65,200,"sd","14:27:13",6176200
33.25,-0.65,3000,"sd","14:27:09",6176000
33.3,-0.6,1000,"bu","14:27:08",6173000
33.25,-0.65,3400,"sd","14:27:07",6172000
33.25,-0.65,400,"bu","14:27:06",6168600
33.25,-0.65,600,"bu","14:27:04",6168200
33.2,-0.7,1500,"sd","14:27:04",6167600
33.25,-0.65,2000,"bu","14:27:02",6166100
33.25,-0.65,2200,"bu","14:26:58",6164100
33.2,-0.7,4000,"bu","14:26:58",6161900
33.2,-0.7,1000,"bu","14:26:44",6157900
33.15,-0.75,800,"sd","14:26:42",6156900
33.2,-0.7,100,"bu","14:26:37",6156100
33.15,-0.75,2900,"sd","14:26:35",6156000
33.2,-0.7,100,"bu","14:26:35",6153100
33.2,-0.7,1100,"bu","14:26:35",6153000
33.2,-0.7,2400,"bu","14:26:34",6151900
33.2,-0.7,1000,"bu","14:26:34",6149500
33.15,-0.75,2000,"sd","14:26:26",6148500
33.15,-0.75,2200,"sd","14:26:25",6146500
33.15,-0.75,5000,"sd","14:26:20",6144300
33.2,-0.7,200,"bu","14:26:20",6139300
33.15,-0.75,200,"sd","14:26:19",6139100
33.2,-0.7,300,"bu","14:26:19",6138900
33.15,-0.75,1000,"sd","14:26:17",6138600
33.2,-0.7,500,"bu","14:26:16",6137600
33.15,-0.75,3300,"bu","14:26:14",6137100
33.15,-0.75,4200,"sd","14:26:12",6133800
33.2,-0.7,800,"bu","14:26:12",6129600
33.15,-0.75,2800,"sd","14:26:07",6128800
33.2,-0.7,2000,"bu","14:26:05",6126000
33.15,-0.75,2100,"sd","14:26:04",6124000
33.15,-0.75,300,"sd","14:26:02",6121900
33.2,-0.7,1000,"bu","14:26:02",6121600
33.15,-0.75,300,"sd","14:26:02",6120600
33.15,-0.75,400,"sd","14:26:01",6120300
33.2,-0.7,200,"sd","14:25:59",6119900
33.2,-0.7,15400,"bu","14:25:56",6119700
33.15,-0.75,1400,"bu","14:25:56",6104300
33.1,-0.8,4000,"sd","14:25:56",6102900
33.15,-0.75,1600,"sd","14:25:55",6098900
33.2,-0.7,2200,"bu","14:25:55",6097300
33.15,-0.75,500,"bu","14:25:53",6095100
33.15,-0.75,6600,"sd","14:25:52",6094600
33.15,-0.75,700,"sd","14:25:50",6088000
33.2,-0.7,100,"bu","14:25:48",6087300
33.2,-0.7,500,"bu","14:25:46",6087200
33.15,-0.75,1200,"bu","14:25:46",6086700
33.15,-0.75,100,"sd","14:25:42",6085500
33.2,-0.7,1500,"bu","14:25:41",6085400
33.15,-0.75,4000,"sd","14:25:41",6083900
33.2,-0.7,200,"bu","14:25:41",6079900
33.2,-0.7,7500,"sd","14:25:39",6079700
33.3,-0.6,1000,"bu","14:25:37",6072200
33.3,-0.6,800,"bu","14:25:35",6071200
33.3,-0.6,2200,"sd","14:25:35",6070400
33.3,-0.6,3000,"sd","14:25:33",6068200
33.35,-0.55,400,"bu","14:25:33",6065200
33.35,-0.55,1000,"bu","14:25:30",6064800
33.35,-0.55,300,"bu","14:25:29",6063800
33.35,-0.55,400,"bu","14:25:26",6063500
33.35,-0.55,200,"bu","14:25:25",6063100
33.35,-0.55,500,"bu","14:25:22",6062900
33.35,-0.55,1000,"bu","14:25:20",6062400
33.35,-0.55,500,"bu","14:25:19",6061400
33.35,-0.55,500,"bu","14:25:19",6060900
33.2,-0.7,700,"sd","14:25:18",6060400
33.35,-0.55,1300,"sd","14:25:18",6059700
33.4,-0.5,1400,"bu","14:25:18",6058400
33.4,-0.5,2000,"bu","14:25:17",6057000
33.4,-0.5,2000,"bu","14:25:15",6055000
33.35,-0.55,1000,"sd","14:25:14",6053000
33.4,-0.5,1200,"bu","14:25:13",6052000
33.35,-0.55,200,"sd","14:25:12",6050800
33.4,-0.5,500,"bu","14:25:11",6050600
33.35,-0.55,1000,"sd","14:25:11",6050100
33.4,-0.5,500,"bu","14:25:10",6049100
33.4,-0.5,500,"bu","14:25:09",6048600
33.35,-0.55,100,"sd","14:25:08",6048100
33.4,-0.5,200,"bu","14:25:08",6048000
33.35,-0.55,1000,"sd","14:25:07",6047800
33.35,-0.55,300,"sd","14:25:05",6046800
33.35,-0.55,5000,"sd","14:25:04",6046500
33.35,-0.55,200,"sd","14:25:03",6041500
33.4,-0.5,200,"bu","14:25:02",6041300
33.35,-0.55,400,"sd","14:25:02",6041100
33.1,-0.8,1500,"sd","14:25:00",6040700
33.05,-0.85,900,"sd","14:24:55",6039200
33.35,-0.55,5100,"bu","14:24:55",6038300
33.3,-0.6,5300,"bu","14:24:55",6033200
33.2,-0.7,3100,"bu","14:24:55",6027900
33.05,-0.85,200,"sd","14:24:55",6024800
33.05,-0.85,100,"sd","14:24:51",6024600
33.2,-0.7,2900,"bu","14:24:50",6024500
33.1,-0.8,7100,"bu","14:24:50",6021600
33.05,-0.85,1000,"sd","14:24:50",6014500
33.1,-0.8,3000,"bu","14:24:50",6013500
33,-0.9,1000,"sd","14:24:48",6010500
33.05,-0.85,1000,"sd","14:24:48",6009500
33,-0.9,400,"sd","14:24:48",6008500
33.05,-0.85,1600,"sd","14:24:48",6008100
33.1,-0.8,5000,"bu","14:24:48",6006500
33.05,-0.85,3500,"bu","14:24:47",6001500
33,-0.9,200,"sd","14:24:42",5998000
33.05,-0.85,2000,"bu","14:24:42",5997800
33,-0.9,3400,"sd","14:24:41",5995800
33,-0.9,31700,"bu","14:24:40",5992400
33,-0.9,14200,"bu","14:24:40",5960700
33,-0.9,20000,"bu","14:24:39",5946500
33,-0.9,500,"bu","14:24:38",5926500
33,-0.9,14300,"bu","14:24:37",5926000
32.95,-0.95,2000,"sd","14:24:37",5911700
33,-0.9,1300,"bu","14:24:37",5909700
33,-0.9,24500,"bu","14:24:37",5908400
33,-0.9,11000,"bu","14:24:36",5883900
32.95,-0.95,2000,"sd","14:24:36",5872900
33,-0.9,20000,"bu","14:24:36",5870900
32.95,-0.95,100,"sd","14:24:33",5850900
33,-0.9,100,"bu","14:24:33",5850800
33,-0.9,500,"bu","14:24:30",5850700
33,-0.9,3000,"bu","14:24:28",5850200
33,-0.9,1500,"bu","14:24:27",5847200
32.95,-0.95,1000,"sd","14:24:27",5845700
32.95,-0.95,7700,"sd","14:24:27",5844700
33,-0.9,1500,"bu","14:24:26",5837000
33,-0.9,5100,"bu","14:24:26",5835500
32.95,-0.95,10000,"sd","14:24:25",5830400
33,-0.9,2100,"bu","14:24:24",5820400
32.95,-0.95,10200,"sd","14:24:24",5818300
33,-0.9,200,"bu","14:24:24",5808100
33,-0.9,2800,"bu","14:24:23",5807900
32.95,-0.95,1000,"sd","14:24:22",5805100
33,-0.9,6200,"bu","14:24:22",5804100
33,-0.9,3600,"bu","14:24:21",5797900
33,-0.9,400,"bu","14:24:19",5794300
33,-0.9,400,"bu","14:24:17",5793900
33,-0.9,3800,"bu","14:24:16",5793500
33,-0.9,2000,"bu","14:24:15",5789700
33,-0.9,100,"bu","14:24:14",5787700
33,-0.9,2000,"bu","14:24:11",5787600
32.95,-0.95,3900,"sd","14:24:11",5785600
33,-0.9,2300,"bu","14:24:10",5781700
33,-0.9,1100,"bu","14:24:10",5779400
32.95,-0.95,500,"sd","14:24:08",5778300
33,-0.9,100,"bu","14:24:07",5777800
32.95,-0.95,700,"sd","14:24:06",5777700
33,-0.9,100,"bu","14:24:06",5777000
33,-0.9,2000,"bu","14:24:02",5776900
32.95,-0.95,500,"sd","14:24:02",5774900
33,-0.9,1000,"bu","14:24:01",5774400
33,-0.9,100,"bu","14:23:58",5773400
32.95,-0.95,100,"bu","14:23:58",5773300
33,-0.9,800,"bu","14:23:57",5773200
32.95,-0.95,1200,"bu","14:23:57",5772400
32.95,-0.95,700,"bu","14:23:56",5771200
32.9,-1,1400,"sd","14:23:55",5770500
32.95,-0.95,200,"bu","14:23:55",5769100
32.95,-0.95,4400,"sd","14:23:54",5768900
33,-0.9,20500,"bu","14:23:54",5764500
33,-0.9,1300,"bu","14:23:52",5744000
33,-0.9,3000,"bu","14:22:28",5742700
33,-0.9,3000,"bu","14:22:27",5739700
32.9,-1,1900,"sd","14:22:26",5736700
32.95,-0.95,100,"sd","14:22:26",5734800
33,-0.9,2000,"bu","14:22:25",5734700
33,-0.9,2000,"bu","14:22:25",5732700
33,-0.9,400,"bu","14:22:24",5730700
33,-0.9,100,"bu","14:22:23",5730300
33,-0.9,200,"bu","14:22:22",5730200
33,-0.9,500,"bu","14:22:21",5730000
32.9,-1,700,"sd","14:22:21",5729500
33,-0.9,300,"bu","14:22:20",5728800
32.95,-0.95,1700,"bu","14:22:20",5728500
32.9,-1,500,"sd","14:22:19",5726800
32.95,-0.95,300,"bu","14:22:19",5726300
33,-0.9,5100,"bu","14:22:18",5726000
32.9,-1,900,"sd","14:22:17",5720900
32.95,-0.95,1100,"sd","14:22:17",5720000
33,-0.9,30000,"bu","14:22:16",5718900
33,-0.9,300,"bu","14:22:16",5688900
32.95,-0.95,100,"bu","14:22:16",5688600
32.95,-0.95,100,"bu","14:22:15",5688500
33,-0.9,2400,"bu","14:22:14",5688400
32.9,-1,900,"sd","14:22:14",5686000
32.95,-0.95,1100,"sd","14:22:14",5685100
32.95,-0.95,400,"sd","14:22:13",5684000
32.9,-1,600,"sd","14:22:13",5683600
32.95,-0.95,3000,"bu","14:22:13",5683000
32.95,-0.95,2000,"bu","14:22:13",5680000
32.95,-0.95,4900,"bu","14:22:11",5678000
32.95,-0.95,2200,"bu","14:22:09",5673100
32.95,-0.95,1000,"bu","14:22:07",5670900
32.9,-1,200,"sd","14:22:06",5669900
32.9,-1,1000,"bu","14:22:05",5669700
32.9,-1,2000,"bu","14:22:05",5668700
32.9,-1,1000,"bu","14:21:53",5666700
32.9,-1,2200,"bu","14:21:52",5665700
32.9,-1,25000,"bu","14:21:45",5663500
32.8,-1.1,100,"sd","14:21:43",5638500
32.85,-1.05,19400,"bu","14:21:43",5638400
32.8,-1.1,300,"sd","14:21:41",5619000
32.85,-1.05,5200,"bu","14:21:41",5618700
32.8,-1.1,1100,"sd","14:21:41",5613500
32.8,-1.1,3000,"sd","14:21:37",5612400
32.8,-1.1,4600,"bu","14:21:32",5609400
32.7,-1.2,1400,"sd","14:21:31",5604800
32.7,-1.2,100,"sd","14:21:30",5603400
32.8,-1.1,800,"bu","14:21:29",5603300
32.8,-1.1,300,"bu","14:21:26",5602500
32.8,-1.1,300,"bu","14:21:26",5602200
32.65,-1.25,200,"sd","14:21:25",5601900
32.7,-1.2,5000,"bu","14:21:25",5601700
32.6,-1.3,300,"sd","14:21:23",5596700
32.6,-1.3,400,"sd","14:21:23",5596400
32.65,-1.25,100,"sd","14:21:23",5596000
32.7,-1.2,1900,"bu","14:21:23",5595900
32.7,-1.2,2100,"bu","14:21:22",5594000
32.55,-1.35,1000,"bu","14:21:22",5591900
32.55,-1.35,100,"bu","14:21:21",5590900
32.5,-1.4,1000,"sd","14:21:21",5590800
32.55,-1.35,300,"bu","14:21:21",5589800
32.6,-1.3,500,"bu","14:21:21",5589500
32.6,-1.3,500,"bu","14:21:20",5589000
32.6,-1.3,1000,"bu","14:21:20",5588500
32.6,-1.3,2400,"bu","14:21:19",5587500
32.6,-1.3,500,"bu","14:21:16",5585100
32.6,-1.3,1000,"bu","14:21:16",5584600
32.6,-1.3,200,"bu","14:21:15",5583600
32.5,-1.4,500,"sd","14:21:12",5583400
32.5,-1.4,2800,"bu","14:21:11",5582900
32.5,-1.4,2000,"bu","14:21:11",5580100
32.45,-1.45,500,"sd","14:21:11",5578100
32.4,-1.5,300,"sd","14:21:08",5577600
32.5,-1.4,8000,"bu","14:21:08",5577300
32.4,-1.5,19800,"bu","14:21:08",5569300
32.4,-1.5,6300,"bu","14:21:07",5549500
32.4,-1.5,200,"bu","14:21:06",5543200
32.4,-1.5,1000,"bu","14:21:06",5543000
32.4,-1.5,5100,"bu","14:21:05",5542000
32.4,-1.5,5900,"bu","14:21:05",5536900
32.4,-1.5,30000,"bu","14:21:04",5531000
32.4,-1.5,100,"bu","14:21:03",5501000
32.4,-1.5,100,"bu","14:20:58",5500900
32.4,-1.5,2200,"bu","14:20:57",5500800
32.4,-1.5,4000,"bu","14:20:56",5498600
32.4,-1.5,5000,"bu","14:20:55",5494600
32.4,-1.5,600,"bu","14:20:54",5489600
32.35,-1.55,1500,"sd","14:20:54",5489000
32.35,-1.55,1000,"sd","14:20:54",5487500
32.4,-1.5,600,"bu","14:20:53",5486500
32.35,-1.55,300,"sd","14:20:52",5485900
32.4,-1.5,800,"bu","14:20:52",5485600
32.35,-1.55,500,"sd","14:20:51",5484800
32.4,-1.5,300,"bu","14:20:50",5484300
32.4,-1.5,1100,"bu","14:20:49",5484000
32.4,-1.5,500,"bu","14:20:47",5482900
32.35,-1.55,11000,"sd","14:20:45",5482400
32.4,-1.5,100,"bu","14:20:42",5471400
32.4,-1.5,4100,"bu","14:20:42",5471300
32.4,-1.5,1000,"bu","14:20:41",5467200
32.4,-1.5,1000,"bu","14:20:40",5466200
32.35,-1.55,100,"sd","14:20:40",5465200
32.4,-1.5,1200,"bu","14:20:40",5465100
32.35,-1.55,7000,"sd","14:20:40",5463900
32.35,-1.55,1500,"sd","14:20:39",5456900
32.4,-1.5,7000,"bu","14:20:39",5455400
32.35,-1.55,1000,"sd","14:20:38",5448400
32.4,-1.5,100,"bu","14:20:38",5447400
32.4,-1.5,300,"bu","14:20:37",5447300
32.4,-1.5,2500,"bu","14:20:36",5447000
32.4,-1.5,200,"bu","14:20:35",5444500
32.35,-1.55,9800,"sd","14:20:35",5444300
32.4,-1.5,100,"bu","14:20:35",5434500
32.4,-1.5,100,"bu","14:20:34",5434400
32.4,-1.5,1000,"bu","14:20:33",5434300
32.35,-1.55,3500,"bu","14:20:32",5433300
32.3,-1.6,1000,"sd","14:20:31",5429800
32.35,-1.55,1000,"bu","14:20:31",5428800
32.3,-1.6,500,"sd","14:20:30",5427800
32.35,-1.55,100,"bu","14:20:29",5427300
32.3,-1.6,500,"sd","14:20:28",5427200
32.35,-1.55,400,"bu","14:20:25",5426700
32.3,-1.6,1000,"sd","14:20:25",5426300
32.3,-1.6,1000,"sd","14:20:22",5425300
32.4,-1.5,100,"bu","14:20:22",5424300
32.4,-1.5,2000,"bu","14:20:14",5424200
32.3,-1.6,200,"sd","14:20:11",5422200
32.35,-1.55,1800,"sd","14:20:11",5422000
32.4,-1.5,100,"bu","14:20:11",5420200
32.4,-1.5,1000,"bu","14:20:09",5420100
32.35,-1.55,2000,"sd","14:20:07",5419100
32.35,-1.55,200,"sd","14:20:06",5417100
32.4,-1.5,20000,"bu","14:20:05",5416900
32.35,-1.55,1000,"sd","14:20:05",5396900
32.4,-1.5,1600,"bu","14:20:04",5395900
32.4,-1.5,300,"bu","14:19:58",5394300
32.3,-1.6,800,"sd","14:19:57",5394000
32.35,-1.55,200,"sd","14:19:57",5393200
32.4,-1.5,100,"bu","14:19:57",5393000
32.3,-1.6,2300,"sd","14:19:56",5392900
32.3,-1.6,300,"sd","14:19:55",5390600
32.4,-1.5,300,"bu","14:19:55",5390300
32.35,-1.55,100,"bu","14:19:55",5390000
32.3,-1.6,2000,"sd","14:19:54",5389900
32.35,-1.55,100,"sd","14:19:52",5387900
32.4,-1.5,1600,"bu","14:19:52",5387800
32.35,-1.55,1500,"sd","14:19:52",5386200
32.35,-1.55,1400,"sd","14:19:51",5384700
32.35,-1.55,200,"bu","14:19:50",5383300
32.35,-1.55,1000,"bu","14:19:49",5383100
32.2,-1.7,23600,"sd","14:19:49",5382100
32.25,-1.65,3800,"sd","14:19:49",5358500
32.3,-1.6,5600,"sd","14:19:49",5354700
32.3,-1.6,2900,"sd","14:19:47",5349100
32.35,-1.55,1000,"bu","14:19:46",5346200
32.3,-1.6,2500,"sd","14:19:46",5345200
32.35,-1.55,1100,"bu","14:19:46",5342700
32.35,-1.55,1000,"bu","14:19:45",5341600
32.3,-1.6,2100,"sd","14:19:43",5340600
32.35,-1.55,2000,"bu","14:19:43",5338500
32.35,-1.55,200,"bu","14:19:40",5336500
32.2,-1.7,3000,"sd","14:19:40",5336300
32.25,-1.65,1300,"sd","14:19:40",5333300
32.3,-1.6,1200,"sd","14:19:40",5332000
32.35,-1.55,1000,"bu","14:19:39",5330800
32.3,-1.6,400,"sd","14:19:39",5329800
32.3,-1.6,10000,"sd","14:19:38",5329400
32.35,-1.55,500,"bu","14:19:35",5319400
32.3,-1.6,200,"sd","14:19:35",5318900
32.3,-1.6,100,"bu","14:19:33",5318700
32.3,-1.6,1300,"bu","14:19:31",5318600
32.3,-1.6,900,"sd","14:19:29",5317300
32.35,-1.55,1000,"bu","14:19:28",5316400
32.3,-1.6,4000,"sd","14:19:26",5315400
32.35,-1.55,100,"bu","14:19:26",5311400
32.3,-1.6,2600,"sd","14:19:25",5311300
32.3,-1.6,15900,"sd","14:19:21",5308700
32.35,-1.55,1000,"bu","14:19:17",5292800
32.3,-1.6,400,"sd","14:19:16",5291800
32.3,-1.6,700,"sd","14:19:16",5291400
32.3,-1.6,500,"sd","14:19:15",5290700
32.3,-1.6,200,"sd","14:19:13",5290200
32.4,-1.5,500,"sd","14:19:13",5290000
32.5,-1.4,600,"bu","14:19:13",5289500
32.3,-1.6,2000,"sd","14:19:13",5288900
32.3,-1.6,1100,"sd","14:19:11",5286900
32.4,-1.5,400,"sd","14:19:11",5285800
32.3,-1.6,500,"sd","14:19:10",5285400
32.5,-1.4,300,"bu","14:19:07",5284900
32.3,-1.6,2200,"sd","14:19:06",5284600
32.3,-1.6,6900,"sd","14:19:06",5282400
32.35,-1.55,100,"sd","14:19:06",5275500
32.4,-1.5,1000,"sd","14:19:06",5275400
32.5,-1.4,500,"bu","14:19:05",5274400
32.5,-1.4,2000,"bu","14:19:04",5273900
32.3,-1.6,1900,"sd","14:19:03",5271900
32.4,-1.5,100,"sd","14:19:03",5270000
32.3,-1.6,500,"sd","14:19:03",5269900
32.3,-1.6,3000,"sd","14:19:02",5269400
32.3,-1.6,3800,"sd","14:18:59",5266400
32.5,-1.4,600,"bu","14:18:59",5262600
32.3,-1.6,6900,"sd","14:18:59",5262000
32.35,-1.55,1100,"sd","14:18:59",5255100
32.5,-1.4,600,"bu","14:18:58",5254000
32.5,-1.4,100,"bu","14:18:56",5253400
32.35,-1.55,200,"sd","14:18:56",5253300
32.4,-1.5,400,"sd","14:18:56",5253100
32.5,-1.4,100,"bu","14:18:56",5252700
32.4,-1.5,1600,"sd","14:18:54",5252600
32.45,-1.45,1000,"sd","14:18:54",5251000
32.5,-1.4,1000,"bu","14:18:53",5250000
32.5,-1.4,6700,"sd","14:18:52",5249000
32.5,-1.4,54000,"sd","14:18:51",5242300
32.6,-1.3,100,"bu","14:18:51",5188300
32.6,-1.3,1000,"bu","14:18:51",5188200
32.6,-1.3,300,"bu","14:18:50",5187200
32.6,-1.3,700,"bu","14:18:47",5186900
32.7,-1.2,300,"bu","14:18:43",5186200
32.65,-1.25,700,"bu","14:18:43",5185900
32.5,-1.4,2000,"sd","14:18:43",5185200
32.65,-1.25,100,"bu","14:18:43",5183200
32.5,-1.4,600,"sd","14:18:41",5183100
32.5,-1.4,18700,"sd","14:18:41",5182500
32.55,-1.35,6000,"sd","14:18:41",5163800
32.6,-1.3,6300,"sd","14:18:41",5157800
32.6,-1.3,1600,"sd","14:18:39",5151500
32.6,-1.3,2300,"sd","14:18:38",5149900
32.65,-1.25,100,"sd","14:18:38",5147600
32.7,-1.2,500,"bu","14:18:36",5147500
32.6,-1.3,500,"sd","14:18:34",5147000
32.7,-1.2,400,"bu","14:18:34",5146500
32.6,-1.3,800,"sd","14:18:34",5146100
32.7,-1.2,2000,"bu","14:18:34",5145300
32.6,-1.3,1000,"sd","14:18:34",5143300
32.6,-1.3,400,"sd","14:18:32",5142300
32.7,-1.2,2000,"bu","14:18:28",5141900
32.7,-1.2,300,"bu","14:18:26",5139900
32.6,-1.3,1600,"sd","14:18:26",5139600
32.7,-1.2,500,"bu","14:18:23",5138000
32.6,-1.3,2000,"sd","14:18:23",5137500
32.7,-1.2,2900,"sd","14:18:22",5135500
32.8,-1.1,100,"bu","14:18:22",5132600
32.7,-1.2,1000,"sd","14:18:21",5132500
32.7,-1.2,500,"sd","14:18:16",5131500
32.7,-1.2,600,"sd","14:18:15",5131000
32.8,-1.1,100,"bu","14:18:15",5130400
32.8,-1.1,100,"bu","14:18:14",5130300
32.6,-1.3,1000,"sd","14:18:12",5130200
32.6,-1.3,1600,"sd","14:18:09",5129200
32.8,-1.1,1000,"bu","14:18:09",5127600
32.6,-1.3,7300,"sd","14:18:09",5126600
32.6,-1.3,1200,"sd","14:18:07",5119300
32.6,-1.3,500,"sd","14:18:02",5118100
32.85,-1.05,1200,"bu","14:18:01",5117600
32.6,-1.3,3400,"sd","14:17:59",5116400
32.85,-1.05,1000,"bu","14:17:59",5113000
32.85,-1.05,200,"sd","14:17:57",5112000
32.6,-1.3,5500,"sd","14:17:56",5111800
32.8,-1.1,1800,"sd","14:17:56",5106300
32.7,-1.2,200,"bu","14:17:55",5104500
32.6,-1.3,2200,"sd","14:17:54",5104300
32.7,-1.2,15300,"sd","14:17:54",5102100
32.8,-1.1,2500,"sd","14:17:54",5086800
32.7,-1.2,500,"sd","14:17:51",5084300
32.9,-1,200,"bu","14:17:51",5083800
32.7,-1.2,3100,"sd","14:17:51",5083600
32.75,-1.15,17600,"sd","14:17:51",5080500
32.8,-1.1,26400,"sd","14:17:51",5062900
32.85,-1.05,2900,"sd","14:17:51",5036500
32.9,-1,600,"bu","14:17:45",5033600
32.85,-1.05,700,"sd","14:17:45",5033000
32.85,-1.05,1000,"sd","14:17:44",5032300
32.9,-1,1500,"bu","14:17:44",5031300
32.85,-1.05,3000,"sd","14:17:44",5029800
32.9,-1,1000,"bu","14:17:44",5026800
32.85,-1.05,100,"sd","14:17:44",5025800
32.9,-1,1000,"bu","14:17:43",5025700
32.9,-1,1200,"bu","14:17:39",5024700
32.85,-1.05,2000,"sd","14:17:39",5023500
32.85,-1.05,500,"sd","14:17:38",5021500
32.9,-1,3500,"sd","14:17:38",5021000
32.9,-1,1500,"bu","14:17:37",5017500
32.9,-1,1000,"bu","14:17:36",5016000
32.9,-1,1000,"bu","14:17:32",5015000
32.85,-1.05,10600,"sd","14:17:32",5014000
32.9,-1,1000,"bu","14:17:31",5003400
32.9,-1,100,"bu","14:17:27",5002400
32.9,-1,200,"bu","14:17:26",5002300
32.85,-1.05,500,"sd","14:17:26",5002100
32.9,-1,1000,"bu","14:17:24",5001600
32.85,-1.05,7000,"sd","14:17:24",5000600
32.85,-1.05,4800,"sd","14:17:17",4993600
32.95,-0.95,500,"bu","14:17:15",4988800
32.85,-1.05,300,"sd","14:17:14",4988300
32.9,-1,200,"sd","14:17:14",4988000
32.9,-1,1000,"bu","14:17:11",4987800
32.85,-1.05,1000,"sd","14:17:11",4986800
32.9,-1,9000,"bu","14:17:11",4985800
32.85,-1.05,5000,"sd","14:17:11",4976800
32.95,-0.95,200,"bu","14:17:09",4971800
32.95,-0.95,600,"bu","14:17:09",4971600
32.85,-1.05,69600,"sd","14:17:05",4971000
32.9,-1,21600,"sd","14:17:05",4901400
32.95,-0.95,2700,"sd","14:17:05",4879800
32.95,-0.95,2900,"sd","14:17:05",4877100
32.95,-0.95,2600,"sd","14:17:03",4874200
32.95,-0.95,4300,"sd","14:17:03",4871600
33,-0.9,100,"bu","14:17:00",4867300
32.95,-0.95,1400,"sd","14:16:57",4867200
32.9,-1,14500,"sd","14:16:56",4865800
32.95,-0.95,500,"sd","14:16:56",4851300
32.9,-1,1500,"sd","14:16:54",4850800
32.9,-1,3000,"sd","14:16:54",4849300
32.9,-1,2300,"sd","14:16:53",4846300
33,-0.9,900,"bu","14:16:52",4844000
32.95,-0.95,4100,"bu","14:16:52",4843100
32.95,-0.95,400,"bu","14:16:49",4839000
32.95,-0.95,200,"sd","14:16:48",4838600
32.95,-0.95,6500,"sd","14:16:47",4838400
33,-0.9,3000,"bu","14:16:47",4831900
32.95,-0.95,2000,"sd","14:16:45",4828900
32.95,-0.95,3100,"sd","14:16:43",4826900
33,-0.9,200,"bu","14:16:42",4823800
33,-0.9,400,"bu","14:16:38",4823600
32.95,-0.95,1200,"sd","14:16:37",4823200
33,-0.9,100,"bu","14:16:35",4822000
33,-0.9,59100,"sd","14:16:34",4821900
33,-0.9,40000,"sd","14:16:33",4762800
33,-0.9,15000,"sd","14:16:32",4722800
33,-0.9,15300,"sd","14:16:31",4707800
33,-0.9,10300,"sd","14:16:30",4692500
33,-0.9,4600,"sd","14:16:30",4682200
33,-0.9,2500,"sd","14:16:29",4677600
33,-0.9,1000,"sd","14:16:27",4675100
33,-0.9,2000,"sd","14:16:26",4674100
33.05,-0.85,1500,"bu","14:16:25",4672100
33,-0.9,2000,"sd","14:16:24",4670600
33.05,-0.85,700,"bu","14:16:24",4668600
33,-0.9,700,"sd","14:16:24",4667900
33,-0.9,5500,"sd","14:16:23",4667200
33.05,-0.85,10000,"bu","14:16:23",4661700
33,-0.9,7300,"sd","14:16:22",4651700
33.05,-0.85,41500,"sd","14:16:18",4644400
33.1,-0.8,3900,"sd","14:16:18",4602900
33.1,-0.8,27200,"bu","14:16:17",4599000
33.05,-0.85,4200,"sd","14:16:14",4571800
33.05,-0.85,500,"sd","14:16:13",4567600
33.05,-0.85,3000,"sd","14:16:12",4567100
33.1,-0.8,6000,"sd","14:16:12",4564100
33.1,-0.8,100,"sd","14:16:08",4558100
33.1,-0.8,100,"sd","14:16:03",4558000
33.1,-0.8,500,"sd","14:16:02",4557900
33.1,-0.8,5000,"sd","14:16:01",4557400
33.1,-0.8,2000,"sd","14:16:00",4552400
33.1,-0.8,1000,"sd","14:15:58",4550400
33.1,-0.8,5600,"sd","14:15:56",4549400
33.1,-0.8,1000,"sd","14:15:55",4543800
33.1,-0.8,500,"sd","14:15:53",4542800
33.1,-0.8,6500,"sd","14:15:53",4542300
33.1,-0.8,400,"sd","14:15:51",4535800
33.1,-0.8,10600,"sd","14:15:51",4535400
33.1,-0.8,2600,"sd","14:15:49",4524800
33.1,-0.8,800,"sd","14:15:48",4522200
33.1,-0.8,8200,"sd","14:15:48",4521400
33.1,-0.8,2500,"sd","14:15:47",4513200
33.1,-0.8,10700,"sd","14:15:46",4510700
33.1,-0.8,23000,"sd","14:15:45",4500000
33.1,-0.8,3000,"sd","14:15:44",4477000
33.1,-0.8,2500,"sd","14:15:43",4474000
33.1,-0.8,500,"sd","14:15:43",4470000
33.1,-0.8,1000,"sd","14:15:42",4469500
33.1,-0.8,2000,"sd","14:15:38",4468500
33.1,-0.8,2000,"sd","14:15:36",4466500
33.1,-0.8,3000,"sd","14:15:33",4464500
33.25,-0.65,100,"bu","14:15:31",4461500
33.1,-0.8,2000,"sd","14:15:31",4461400
33.1,-0.8,5000,"sd","14:15:30",4459400
33.1,-0.8,10000,"sd","14:15:30",4454400
33.1,-0.8,8000,"sd","14:15:29",4444400
33.1,-0.8,3900,"sd","14:15:22",4436400
33.3,-0.6,1500,"bu","14:15:22",4432500
33.1,-0.8,8000,"sd","14:15:19",4431000
33.1,-0.8,500,"sd","14:15:04",4423000
33.1,-0.8,1600,"sd","14:14:47",4422500
33.1,-0.8,3900,"sd","14:14:40",4420900
33.1,-0.8,1000,"sd","14:14:37",4417000
33.1,-0.8,16700,"sd","14:14:27",4416000
33.15,-0.75,26800,"sd","14:14:27",4399300
33.2,-0.7,7500,"sd","14:14:27",4372500
33.25,-0.65,1000,"bu","14:14:25",4365000
33.2,-0.7,3500,"sd","14:14:16",4364000
33.2,-0.7,1300,"sd","14:14:11",4360500
33.2,-0.7,1200,"sd","14:14:10",4359200
33.2,-0.7,300,"sd","14:14:03",4358000
33.25,-0.65,1000,"sd","14:14:03",4357700
33.3,-0.6,2000,"bu","14:13:59",4356700
33.3,-0.6,300,"bu","14:13:35",4354700
33.25,-0.65,1000,"sd","14:13:27",4354400
33.35,-0.55,600,"bu","14:12:56",4353400
33.2,-0.7,3400,"sd","14:12:52",4352800
33.25,-0.65,6700,"sd","14:12:52",4349400
33.3,-0.6,14900,"sd","14:12:52",4342700
33.3,-0.6,100,"sd","14:12:45",4327800
33.3,-0.6,6000,"sd","14:12:28",4327700
33.35,-0.55,1000,"bu","14:12:18",4321700
33.35,-0.55,200,"bu","14:12:15",4320700
33.3,-0.6,10000,"sd","14:12:06",4320500
33.3,-0.6,1000,"sd","14:12:04",4310500
33.35,-0.55,1000,"bu","14:12:04",4309500
33.3,-0.6,2800,"sd","14:12:04",4308500
33.4,-0.5,500,"bu","14:12:03",4305700
33.3,-0.6,16100,"sd","14:12:00",4305200
33.35,-0.55,13000,"sd","14:12:00",4289100
33.35,-0.55,4000,"sd","14:11:52",4276100
33.4,-0.5,100,"bu","14:11:44",4272100
33.4,-0.5,3700,"sd","14:11:43",4272000
33.4,-0.5,19000,"sd","14:11:37",4268300
33.4,-0.5,4000,"sd","14:11:31",4249300
33.45,-0.45,200,"bu","14:11:22",4245300
33.4,-0.5,1700,"sd","14:11:17",4245100
33.4,-0.5,500,"sd","14:11:14",4243400
33.45,-0.45,200,"bu","14:11:09",4242900
33.45,-0.45,1700,"sd","14:11:00",4242700
33.45,-0.45,200,"bu","14:10:55",4241000
33.45,-0.45,600,"bu","14:10:55",4240800
33.45,-0.45,100,"bu","14:10:52",4240200
33.45,-0.45,100,"bu","14:10:51",4240100
33.45,-0.45,800,"bu","14:10:50",4240000
33.45,-0.45,500,"bu","14:10:48",4239200
33.45,-0.45,1000,"bu","14:10:43",4238700
33.45,-0.45,100,"bu","14:10:39",4237700
33.45,-0.45,1000,"bu","14:10:38",4237600
33.45,-0.45,100,"bu","14:10:36",4236600
33.45,-0.45,1000,"bu","14:10:32",4236500
33.45,-0.45,2000,"bu","14:10:29",4235500
33.45,-0.45,100,"sd","14:10:21",4233500
33.5,-0.4,3000,"bu","14:10:18",4233400
33.5,-0.4,2000,"bu","14:10:08",4230400
33.4,-0.5,300,"sd","14:10:08",4228400
33.45,-0.45,1800,"bu","14:10:02",4227900
33.45,-0.45,1200,"sd","14:09:55",4226100
33.5,-0.4,700,"bu","14:09:52",4224900
33.4,-0.5,3900,"sd","14:09:39",4224200
33.45,-0.45,100,"sd","14:09:39",4220300
33.45,-0.45,500,"bu","14:09:30",4220200
33.4,-0.5,1300,"sd","14:09:09",4219700
33.45,-0.45,1700,"sd","14:09:09",4218400
33.45,-0.45,300,"sd","14:09:00",4216700
33.45,-0.45,1000,"sd","14:08:54",4216400
33.45,-0.45,2000,"bu","14:08:54",4215400
33.45,-0.45,3200,"sd","14:08:43",4213400
33.5,-0.4,2700,"bu","14:08:41",4210200
33.45,-0.45,6000,"sd","14:08:40",4207500
33.5,-0.4,1000,"bu","14:08:38",4201500
33.45,-0.45,1000,"sd","14:08:37",4200500
33.45,-0.45,400,"sd","14:08:37",4199500
33.45,-0.45,5000,"sd","14:08:33",4199100
33.45,-0.45,7900,"sd","14:08:28",4194100
33.5,-0.4,100,"bu","14:08:23",4186200
33.5,-0.4,200,"bu","14:08:16",4186100
33.45,-0.45,900,"sd","14:08:11",4185900
33.5,-0.4,500,"bu","14:08:09",4185000
33.5,-0.4,1000,"bu","14:07:49",4184500
33.5,-0.4,4100,"bu","14:07:46",4183500
33.45,-0.45,6000,"sd","14:07:46",4179400
33.45,-0.45,1200,"sd","14:07:44",4173400
33.45,-0.45,1000,"sd","14:07:38",4172200
33.45,-0.45,3000,"sd","14:07:16",4171200
33.5,-0.4,4600,"sd","14:07:14",4168200
33.4,-0.5,16500,"sd","14:07:12",4163600
33.45,-0.45,3700,"sd","14:07:12",4147100
33.5,-0.4,800,"sd","14:07:12",4143400
33.5,-0.4,300,"sd","14:07:11",4142600
33.5,-0.4,900,"bu","14:07:09",4142300
33.5,-0.4,500,"bu","14:07:00",4141400
33.45,-0.45,2300,"sd","14:06:56",4140900
33.5,-0.4,600,"sd","14:06:50",4138600
33.5,-0.4,3400,"bu","14:06:50",4138000
33.5,-0.4,1000,"bu","14:06:49",4134600
33.5,-0.4,7200,"sd","14:06:47",4133600
33.5,-0.4,40000,"sd","14:06:45",4126400
33.55,-0.35,1500,"bu","14:06:43",4086400
33.55,-0.35,1000,"bu","14:06:41",4084900
33.55,-0.35,1000,"bu","14:06:40",4083900
33.55,-0.35,100,"sd","14:06:40",4082900
33.55,-0.35,400,"bu","14:06:39",4082800
33.55,-0.35,4900,"sd","14:06:36",4082400
33.55,-0.35,1000,"sd","14:06:32",4077500
33.55,-0.35,2200,"sd","14:06:29",4076500
33.55,-0.35,2000,"sd","14:06:28",4074300
33.55,-0.35,1000,"sd","14:06:27",4072300
33.55,-0.35,3000,"sd","14:06:26",4071300
33.6,-0.3,2000,"bu","14:06:25",4068300
33.55,-0.35,5100,"sd","14:06:25",4066300
33.55,-0.35,100,"bu","14:06:19",4061200
33.55,-0.35,400,"sd","14:06:17",4061100
33.55,-0.35,100,"sd","14:06:16",4060700
33.6,-0.3,5000,"bu","14:06:15",4060600
33.55,-0.35,5000,"sd","14:06:10",4055600
33.6,-0.3,21200,"sd","14:06:09",4050600
33.6,-0.3,1000,"sd","14:06:02",4029400
33.6,-0.3,4000,"sd","14:05:54",4028400
33.65,-0.25,500,"sd","14:05:54",4024400
33.65,-0.25,2300,"sd","14:05:53",4023900
33.65,-0.25,500,"sd","14:05:51",4021600
33.65,-0.25,4000,"sd","14:05:47",4021100
33.7,-0.2,200,"bu","14:05:43",4017100
33.65,-0.25,500,"sd","14:05:42",4016900
33.65,-0.25,2100,"sd","14:05:37",4016400
33.7,-0.2,100,"bu","14:05:34",4014300
33.7,-0.2,2000,"bu","14:05:32",4014200
33.7,-0.2,1600,"bu","14:05:27",4012200
33.65,-0.25,4300,"bu","14:05:24",4010600
33.65,-0.25,300,"bu","14:05:23",4006300
33.65,-0.25,2000,"bu","14:05:22",4006000
33.65,-0.25,10000,"bu","14:05:19",4004000
33.65,-0.25,2500,"bu","14:05:17",3994000
33.6,-0.3,7200,"bu","14:05:10",3991500
33.6,-0.3,2000,"bu","14:05:08",3984300
33.6,-0.3,3000,"bu","14:05:07",3982300
33.55,-0.35,3000,"sd","14:05:06",3979300
33.6,-0.3,3000,"bu","14:05:05",3976300
33.55,-0.35,100,"sd","14:05:03",3973300
33.6,-0.3,10000,"bu","14:05:03",3973200
33.55,-0.35,3500,"bu","14:05:02",3963200
33.55,-0.35,1000,"bu","14:05:00",3959700
33.55,-0.35,16500,"sd","14:04:59",3958700
33.6,-0.3,500,"bu","14:04:58",3942200
33.55,-0.35,100,"sd","14:04:56",3941700
33.6,-0.3,6500,"bu","14:04:56",3941600
33.55,-0.35,5900,"bu","14:04:52",3935100
33.55,-0.35,1000,"bu","14:04:51",3929200
33.55,-0.35,600,"bu","14:04:50",3928200
33.55,-0.35,5000,"bu","14:04:45",3927600
33.55,-0.35,5000,"bu","14:04:45",3922600
33.5,-0.4,1000,"sd","14:04:44",3917600
33.55,-0.35,4000,"sd","14:04:42",3916600
33.55,-0.35,1000,"sd","14:04:41",3912600
33.55,-0.35,1000,"sd","14:04:33",3911600
33.55,-0.35,400,"sd","14:04:32",3910600
33.55,-0.35,1000,"sd","14:04:29",3910200
33.55,-0.35,1000,"sd","14:04:28",3909200
33.55,-0.35,2800,"sd","14:04:26",3908200
33.55,-0.35,100,"sd","14:04:23",3905400
33.55,-0.35,1500,"sd","14:04:19",3905300
33.55,-0.35,100,"sd","14:04:18",3903800
33.55,-0.35,5000,"sd","14:04:13",3903700
33.6,-0.3,600,"bu","14:04:08",3898700
33.6,-0.3,1300,"bu","14:04:03",3898100
33.6,-0.3,100,"bu","14:03:56",3896800
33.55,-0.35,5000,"sd","14:03:53",3896700
33.55,-0.35,11000,"sd","14:03:50",3891700
33.55,-0.35,500,"sd","14:03:43",3880700
33.6,-0.3,3700,"bu","14:03:42",3880200
33.6,-0.3,500,"bu","14:03:19",3876500
33.6,-0.3,1300,"sd","14:03:18",3876000
33.6,-0.3,1000,"sd","14:03:16",3874700
33.6,-0.3,2700,"bu","14:03:15",3873700
33.6,-0.3,2000,"bu","14:03:11",3871000
33.6,-0.3,300,"sd","14:03:10",3869000
33.6,-0.3,2000,"sd","14:03:07",3868700
33.6,-0.3,200,"sd","14:03:03",3866700
33.6,-0.3,100,"sd","14:03:02",3866500
33.6,-0.3,1000,"sd","14:03:01",3866400
33.6,-0.3,2500,"sd","14:02:58",3865400
33.6,-0.3,500,"sd","14:02:54",3862900
33.6,-0.3,3500,"bu","14:02:50",3862400
33.6,-0.3,6500,"sd","14:02:49",3858900
33.6,-0.3,1000,"sd","14:02:43",3852400
33.6,-0.3,2000,"sd","14:02:40",3851400
33.6,-0.3,4300,"bu","14:02:25",3849400
33.6,-0.3,100,"bu","14:02:21",3845100
33.6,-0.3,3000,"bu","14:02:19",3845000
33.6,-0.3,100,"bu","14:02:16",3842000
33.6,-0.3,300,"bu","14:02:11",3841900
33.55,-0.35,1000,"sd","14:02:09",3841600
33.6,-0.3,200,"bu","14:02:06",3840600
33.55,-0.35,500,"sd","14:01:52",3840400
33.55,-0.35,1000,"sd","14:01:39",3839900
33.55,-0.35,1900,"bu","14:01:29",3838900
33.55,-0.35,100,"bu","14:01:28",3837000
33.5,-0.4,200,"sd","14:01:26",3836900
33.55,-0.35,100,"bu","14:01:18",3836700
33.55,-0.35,500,"bu","14:01:18",3836600
33.5,-0.4,2200,"bu","14:01:09",3836100
33.5,-0.4,100,"bu","14:00:59",3833900
33.45,-0.45,500,"sd","14:00:52",3833800
33.55,-0.35,500,"bu","14:00:36",3833300
33.5,-0.4,500,"bu","14:00:36",3832800
33.5,-0.4,200,"sd","14:00:36",3832300
33.55,-0.35,100,"bu","14:00:32",3832100
33.4,-0.5,9500,"sd","14:00:27",3832000
33.5,-0.4,500,"sd","14:00:27",3822500
33.55,-0.35,100,"bu","14:00:20",3822000
33.55,-0.35,100,"sd","14:00:12",3821900
33.6,-0.3,200,"bu","14:00:11",3821800
33.6,-0.3,300,"bu","14:00:02",3821600
33.6,-0.3,300,"sd","13:59:55",3821300
33.6,-0.3,1000,"sd","13:59:47",3821000
33.65,-0.25,200,"bu","13:59:28",3820000
33.6,-0.3,300,"bu","13:59:28",3819800
33.6,-0.3,200,"bu","13:59:27",3819500
33.65,-0.25,200,"bu","13:59:21",3819300
33.6,-0.3,800,"bu","13:59:21",3819100
33.4,-0.5,2300,"sd","13:59:19",3818300
33.45,-0.45,5000,"sd","13:59:19",3816000
33.5,-0.4,2700,"sd","13:59:19",3811000
33.6,-0.3,1200,"sd","13:59:16",3808300
33.6,-0.3,2000,"sd","13:59:12",3807100
33.6,-0.3,1000,"sd","13:59:07",3805100
33.65,-0.25,5200,"sd","13:58:58",3804100
33.65,-0.25,1000,"sd","13:58:54",3798900
33.65,-0.25,1000,"sd","13:58:48",3797900
33.65,-0.25,100,"sd","13:58:46",3796900
33.65,-0.25,1000,"sd","13:58:41",3796800
33.65,-0.25,1000,"sd","13:58:37",3795800
33.65,-0.25,5900,"bu","13:58:36",3794800
33.65,-0.25,200,"bu","13:58:34",3788900
33.65,-0.25,5000,"bu","13:58:29",3788700
33.6,-0.3,100,"sd","13:58:29",3783700
33.6,-0.3,100,"sd","13:58:27",3783600
33.6,-0.3,3000,"sd","13:58:26",3783500
33.6,-0.3,300,"sd","13:58:18",3780500
33.6,-0.3,2200,"sd","13:58:18",3780200
33.6,-0.3,500,"sd","13:58:12",3777800
33.6,-0.3,2000,"sd","13:58:11",3777300
33.6,-0.3,500,"sd","13:58:09",3775300
33.65,-0.25,500,"sd","13:58:09",3774800
33.7,-0.2,100,"bu","13:58:08",3774300
33.6,-0.3,3000,"sd","13:58:02",3774200
33.7,-0.2,900,"bu","13:58:01",3771200
33.65,-0.25,100,"bu","13:58:01",3770300
33.6,-0.3,200,"bu","13:57:52",3770200
33.6,-0.3,3000,"bu","13:57:49",3770000
33.6,-0.3,500,"bu","13:57:48",3767000
33.6,-0.3,3000,"bu","13:57:46",3766500
33.6,-0.3,500,"bu","13:57:44",3763500
33.6,-0.3,2000,"bu","13:57:35",3763000
33.6,-0.3,100,"bu","13:57:34",3761000
33.6,-0.3,1100,"bu","13:57:32",3760900
33.6,-0.3,1000,"bu","13:57:31",3759800
33.6,-0.3,100,"bu","13:57:28",3758800
33.6,-0.3,45400,"bu","13:57:19",3758700
33.55,-0.35,4200,"bu","13:57:19",3713300
33.5,-0.4,400,"bu","13:57:19",3709100
33.5,-0.4,200,"bu","13:57:15",3708700
33.5,-0.4,100,"bu","13:57:14",3708500
33.4,-0.5,1700,"sd","13:57:08",3708400
33.4,-0.5,11000,"bu","13:57:01",3706700
33.4,-0.5,500,"bu","13:57:01",3695700
33.4,-0.5,1500,"bu","13:56:58",3695200
33.4,-0.5,500,"bu","13:56:57",3693700
33.4,-0.5,100,"bu","13:56:57",3693200
33.4,-0.5,500,"bu","13:56:56",3693100
33.4,-0.5,200,"bu","13:56:55",3692600
33.4,-0.5,1000,"bu","13:56:54",3692400
33.4,-0.5,2000,"bu","13:56:54",3691400
33.4,-0.5,500,"bu","13:56:53",3689400
33.4,-0.5,1000,"bu","13:56:47",3688900
33.4,-0.5,100,"bu","13:56:46",3687900
33.4,-0.5,500,"bu","13:56:45",3687800
33.4,-0.5,5600,"sd","13:56:44",3687300
33.4,-0.5,2200,"bu","13:56:34",3681700
33.4,-0.5,2500,"bu","13:56:31",3679500
33.4,-0.5,400,"bu","13:56:30",3677000
33.35,-0.55,1000,"sd","13:56:30",3676600
33.35,-0.55,300,"sd","13:56:24",3675600
33.35,-0.55,600,"bu","13:56:22",3675300
33.35,-0.55,7600,"bu","13:56:21",3674700
33.35,-0.55,100,"bu","13:56:21",3667100
33.35,-0.55,500,"bu","13:56:20",3667000
33.35,-0.55,7800,"bu","13:56:19",3666500
33.35,-0.55,200,"bu","13:56:17",3658700
33.35,-0.55,800,"bu","13:56:16",3658500
33.35,-0.55,5600,"bu","13:56:15",3657700
33.35,-0.55,2100,"bu","13:56:11",3652100
33.35,-0.55,1000,"bu","13:56:10",3650000
33.35,-0.55,5200,"bu","13:56:09",3649000
33.35,-0.55,2000,"bu","13:56:08",3643800
33.35,-0.55,2000,"bu","13:56:08",3641800
33.35,-0.55,100,"bu","13:56:07",3639800
33.35,-0.55,1000,"bu","13:56:07",3639700
33.35,-0.55,100,"bu","13:56:05",3638700
33.35,-0.55,400,"bu","13:56:04",3638600
33.35,-0.55,100,"bu","13:56:02",3638200
33.35,-0.55,200,"bu","13:56:02",3638100
33.3,-0.6,1200,"sd","13:56:00",3637900
33.3,-0.6,100,"sd","13:55:50",3636700
33.3,-0.6,200,"sd","13:55:49",3636600
33.3,-0.6,2000,"sd","13:55:47",3636400
33.3,-0.6,1100,"sd","13:55:40",3634400
33.3,-0.6,900,"bu","13:55:39",3633300
33.35,-0.55,20400,"bu","13:55:39",3632400
33.3,-0.6,14700,"bu","13:55:39",3612000
33.3,-0.6,11800,"bu","13:55:38",3597300
33.3,-0.6,100,"bu","13:55:24",3585500
33.25,-0.65,300,"sd","13:55:23",3585400
33.3,-0.6,500,"bu","13:55:23",3585100
33.25,-0.65,500,"sd","13:55:20",3584600
33.25,-0.65,1000,"sd","13:55:13",3583100
33.25,-0.65,500,"sd","13:55:04",3582100
33.3,-0.6,600,"bu","13:55:02",3581600
33.25,-0.65,1300,"sd","13:55:01",3581000
33.25,-0.65,500,"bu","13:54:51",3579700
33.25,-0.65,300,"bu","13:54:48",3579200
33.3,-0.6,1000,"bu","13:54:40",3578900
33.25,-0.65,4000,"bu","13:54:40",3577900
33.25,-0.65,1000,"sd","13:54:36",3573900
33.2,-0.7,100,"sd","13:54:33",3572900
33.1,-0.8,26000,"sd","13:54:27",3572800
33.15,-0.75,10000,"sd","13:54:27",3546800
33.2,-0.7,4400,"sd","13:54:27",3536800
33.25,-0.65,9600,"sd","13:54:27",3532400
33.25,-0.65,100,"sd","13:54:25",3522800
33.25,-0.65,600,"bu","13:54:19",3522700
33.25,-0.65,100,"bu","13:54:14",3522100
33.2,-0.7,500,"sd","13:54:14",3522000
33.25,-0.65,400,"bu","13:54:12",3521500
33.2,-0.7,100,"sd","13:54:08",3521100
33.25,-0.65,15500,"bu","13:54:07",3521000
33.25,-0.65,2900,"sd","13:54:00",3505500
33.25,-0.65,12100,"bu","13:53:55",3502600
33.2,-0.7,3900,"bu","13:53:55",3490500
33.2,-0.7,100,"bu","13:53:53",3486600
33.15,-0.75,300,"sd","13:53:37",3486500
33.15,-0.75,200,"sd","13:53:36",3486200
33.15,-0.75,4000,"bu","13:53:35",3486000
33.15,-0.75,200,"bu","13:53:34",3482000
33.15,-0.75,900,"bu","13:53:32",3481800
33.1,-0.8,600,"sd","13:53:32",3480900
33.15,-0.75,2300,"bu","13:53:29",3480300
33.1,-0.8,500,"sd","13:53:29",3478000
33.15,-0.75,2100,"bu","13:53:29",3477500
33.15,-0.75,100,"bu","13:53:28",3475400
33.15,-0.75,100,"bu","13:53:27",3475300
33.15,-0.75,1000,"bu","13:53:23",3475200
33.15,-0.75,1100,"sd","13:53:21",3474200
33.15,-0.75,600,"sd","13:53:18",3473100
33.1,-0.8,1600,"sd","13:53:17",3472500
33.15,-0.75,6200,"sd","13:53:17",3470900
33.2,-0.7,200,"sd","13:53:17",3464700
33.15,-0.75,500,"sd","13:53:15",3464500
33.15,-0.75,2700,"sd","13:53:14",3464000
33.15,-0.75,2000,"sd","13:53:13",3461300
33.15,-0.75,1000,"sd","13:53:07",3459300
33.15,-0.75,300,"sd","13:53:01",3458300
33.25,-0.65,700,"bu","13:53:01",3458000
33.2,-0.7,2300,"bu","13:53:01",3457300
33.15,-0.75,1600,"bu","13:52:59",3455000
33.15,-0.75,1000,"bu","13:52:58",3453400
33.15,-0.75,500,"bu","13:52:57",3452400
33.15,-0.75,5800,"bu","13:52:56",3451900
33.1,-0.8,700,"sd","13:52:56",3446100
33.15,-0.75,700,"bu","13:52:55",3445400
33.15,-0.75,800,"bu","13:52:54",3444700
33.15,-0.75,10100,"bu","13:52:53",3443900
33.15,-0.75,400,"bu","13:52:52",3433800
33.15,-0.75,500,"bu","13:52:51",3433400
33.15,-0.75,2300,"bu","13:52:50",3432900
33.15,-0.75,1100,"bu","13:52:49",3430600
33.15,-0.75,500,"bu","13:52:48",3429500
33.15,-0.75,1000,"bu","13:52:46",3429000
33.15,-0.75,10000,"bu","13:52:46",3428000
33.15,-0.75,2500,"bu","13:52:45",3418000
33.15,-0.75,100,"bu","13:52:45",3415500
33.15,-0.75,1200,"bu","13:52:42",3415400
33.15,-0.75,700,"bu","13:52:41",3414200
33.15,-0.75,1000,"bu","13:52:38",3413500
33.15,-0.75,200,"bu","13:52:35",3412500
33.1,-0.8,4000,"sd","13:52:35",3412300
33.15,-0.75,1000,"bu","13:52:34",3408300
33.15,-0.75,100,"bu","13:52:34",3407300
33.15,-0.75,1000,"bu","13:52:32",3407200
33.1,-0.8,700,"sd","13:52:32",3406200
33.15,-0.75,100,"bu","13:52:29",3405500
33.15,-0.75,100,"bu","13:52:27",3405400
33.15,-0.75,2000,"bu","13:52:25",3405300
33.15,-0.75,500,"bu","13:52:24",3403300
33.15,-0.75,1000,"bu","13:52:14",3402800
33.1,-0.8,2000,"sd","13:52:14",3401800
33.1,-0.8,200,"sd","13:52:12",3399800
33.15,-0.75,2000,"bu","13:52:08",3399600
33.15,-0.75,10100,"bu","13:52:05",3397600
33.1,-0.8,5000,"bu","13:51:57",3387500
33.1,-0.8,1500,"bu","13:51:57",3382500
33.1,-0.8,1000,"bu","13:51:56",3381000
33.1,-0.8,9300,"sd","13:51:53",3380000
33.1,-0.8,100,"sd","13:51:53",3370700
33.1,-0.8,200,"sd","13:51:52",3370600
33.1,-0.8,500,"sd","13:51:50",3370400
33.1,-0.8,1000,"sd","13:51:48",3369900
33.15,-0.75,100,"bu","13:51:48",3368900
33.1,-0.8,100,"sd","13:51:43",3368800
33.05,-0.85,25800,"sd","13:51:41",3368700
33.1,-0.8,4200,"sd","13:51:41",3342900
33.05,-0.85,4800,"sd","13:51:36",3338700
33.1,-0.8,200,"sd","13:51:36",3333900
33.15,-0.75,100,"bu","13:51:36",3333700
33.15,-0.75,500,"bu","13:51:31",3333600
33.1,-0.8,2200,"bu","13:51:29",3333100
33.05,-0.85,1000,"sd","13:51:28",3330900
33.05,-0.85,8000,"sd","13:51:27",3329900
33.1,-0.8,200,"bu","13:51:27",3321900
33.05,-0.85,200,"sd","13:51:27",3321700
33.05,-0.85,10300,"sd","13:51:22",3321500
33.1,-0.8,9200,"sd","13:51:22",3311200
33.1,-0.8,4400,"sd","13:51:17",3302000
33.1,-0.8,2000,"sd","13:51:17",3297600
33.1,-0.8,2000,"sd","13:51:14",3295600
33.1,-0.8,2500,"bu","13:51:12",3293600
33.1,-0.8,100,"bu","13:51:11",3291100
33.1,-0.8,13200,"bu","13:51:10",3291000
33.05,-0.85,5500,"sd","13:51:08",3277800
33.05,-0.85,3000,"sd","13:51:06",3272300
33.1,-0.8,15900,"bu","13:51:04",3269300
33.1,-0.8,1000,"bu","13:51:03",3253400
33.1,-0.8,100,"bu","13:51:02",3252400
33.05,-0.85,6000,"sd","13:51:02",3252300
33.05,-0.85,5000,"sd","13:51:01",3246300
33.05,-0.85,2000,"sd","13:51:00",3241300
33.1,-0.8,100,"bu","13:51:00",3239300
33.05,-0.85,8000,"sd","13:50:59",3239200
33.05,-0.85,3000,"sd","13:50:58",3231200
33.1,-0.8,1600,"bu","13:50:58",3228200
33.1,-0.8,1200,"bu","13:50:57",3226600
33.1,-0.8,1000,"bu","13:50:54",3225400
33.05,-0.85,100,"sd","13:50:51",3224400
33.1,-0.8,1000,"bu","13:50:50",3224300
33.05,-0.85,6000,"sd","13:50:49",3223300
33.1,-0.8,100,"bu","13:50:49",3217300
33.05,-0.85,100,"sd","13:50:48",3217200
33.1,-0.8,100,"bu","13:50:48",3217100
33.05,-0.85,6000,"sd","13:50:48",3217000
33.05,-0.85,200,"sd","13:50:47",3211000
33.1,-0.8,6500,"sd","13:50:46",3210800
33.1,-0.8,14300,"sd","13:50:45",3204300
33.1,-0.8,5300,"sd","13:50:44",3190000
33.15,-0.75,100,"bu","13:50:41",3184700
33.15,-0.75,300,"bu","13:50:36",3184600
33.1,-0.8,1600,"sd","13:50:35",3184300
33.1,-0.8,1700,"sd","13:50:35",3182700
33.15,-0.75,1000,"bu","13:50:34",3181000
33.1,-0.8,100,"sd","13:50:30",3180000
33.1,-0.8,10000,"sd","13:50:29",3179900
33.15,-0.75,1000,"bu","13:50:27",3169900
33.1,-0.8,5000,"sd","13:50:27",3168900
33.1,-0.8,100,"sd","13:50:26",3163900
33.15,-0.75,1000,"bu","13:50:23",3163800
33.15,-0.75,200,"bu","13:50:23",3162800
33.15,-0.75,100,"bu","13:50:21",3162600
33.15,-0.75,200,"bu","13:50:20",3162500
33.1,-0.8,30000,"sd","13:50:19",3162300
33.1,-0.8,2500,"sd","13:50:19",3132300
33.15,-0.75,3500,"sd","13:50:19",3129800
33.2,-0.7,1000,"sd","13:50:18",3126300
33.15,-0.75,1400,"sd","13:50:18",3125300
33.2,-0.7,3000,"bu","13:50:18",3123900
33.15,-0.75,1000,"sd","13:50:17",3120900
33.15,-0.75,1400,"bu","13:50:12",3119900
33.15,-0.75,100,"bu","13:50:11",3118500
33.1,-0.8,20000,"sd","13:50:11",3118400
33.15,-0.75,100,"bu","13:50:09",3098400
33.15,-0.75,1000,"bu","13:50:08",3098300
33.1,-0.8,300,"sd","13:50:07",3097300
33.1,-0.8,500,"sd","13:50:07",3097000
33.15,-0.75,300,"sd","13:50:06",3096500
33.1,-0.8,100,"sd","13:50:06",3096200
33.15,-0.75,900,"sd","13:50:06",3096100
33.15,-0.75,4100,"bu","13:50:05",3095200
33.1,-0.8,300,"sd","13:50:05",3091100
33.1,-0.8,1000,"sd","13:50:04",3090800
33.1,-0.8,500,"sd","13:50:03",3089800
33.1,-0.8,4800,"sd","13:50:00",3089300
33.1,-0.8,1000,"sd","13:49:57",3084500
33.15,-0.75,1100,"sd","13:49:55",3083500
33.15,-0.75,1000,"sd","13:49:55",3082400
33.15,-0.75,1400,"sd","13:49:54",3081400
33.15,-0.75,400,"sd","13:49:53",3080000
33.15,-0.75,1000,"sd","13:49:52",3079600
33.2,-0.7,2000,"bu","13:49:50",3078600
33.15,-0.75,300,"sd","13:49:49",3076600
33.15,-0.75,1800,"sd","13:49:46",3076300
33.2,-0.7,8600,"sd","13:49:45",3074500
33.25,-0.65,2000,"bu","13:49:43",3065900
33.2,-0.7,1000,"sd","13:49:43",3063900
33.2,-0.7,22700,"sd","13:49:41",3062900
33.25,-0.65,1000,"bu","13:49:40",3040200
33.25,-0.65,1000,"bu","13:49:39",3039200
33.2,-0.7,2000,"sd","13:49:38",3038200
33.2,-0.7,500,"sd","13:49:36",3036200
33.25,-0.65,200,"sd","13:49:35",3035700
33.25,-0.65,400,"sd","13:49:34",3035500
33.3,-0.6,400,"bu","13:49:34",3035100
33.3,-0.6,1000,"bu","13:49:33",3034700
33.3,-0.6,1000,"bu","13:49:30",3033700
33.25,-0.65,9000,"bu","13:49:30",3032600
33.25,-0.65,200,"bu","13:49:29",3023600
33.25,-0.65,200,"bu","13:49:28",3023400
33.2,-0.7,9200,"sd","13:49:25",3023200
33.25,-0.65,3800,"sd","13:49:25",3014000
33.25,-0.65,200,"sd","13:49:25",3010200
33.3,-0.6,1600,"sd","13:49:21",3010000
33.35,-0.55,1000,"bu","13:49:21",3008400
33.3,-0.6,1400,"bu","13:49:20",3007400
33.3,-0.6,43600,"sd","13:49:18",3006000
33.3,-0.6,36000,"sd","13:49:17",2961900
33.3,-0.6,1200,"sd","13:49:13",2925900
33.3,-0.6,1400,"sd","13:49:12",2924700
33.35,-0.55,1000,"bu","13:49:10",2923300
33.3,-0.6,300,"sd","13:49:09",2922300
33.3,-0.6,800,"sd","13:49:08",2922000
33.35,-0.55,2000,"bu","13:49:08",2921200
33.35,-0.55,300,"sd","13:49:05",2919200
33.3,-0.6,15600,"sd","13:49:02",2918900
33.35,-0.55,4400,"sd","13:49:02",2903300
33.35,-0.55,1100,"bu","13:48:58",2898900
33.3,-0.6,1500,"sd","13:48:57",2897800
33.3,-0.6,4800,"sd","13:48:54",2896300
33.35,-0.55,300,"sd","13:48:54",2891500
33.35,-0.55,700,"bu","13:48:53",2891200
33.35,-0.55,500,"bu","13:48:51",2890500
33.3,-0.6,20000,"sd","13:48:51",2890000
33.35,-0.55,3800,"sd","13:48:49",2870000
33.35,-0.55,800,"sd","13:48:46",2866200
33.4,-0.5,200,"bu","13:48:44",2865400
33.35,-0.55,1000,"sd","13:48:43",2865200
33.4,-0.5,200,"bu","13:48:43",2864200
33.35,-0.55,1000,"sd","13:48:43",2864000
33.35,-0.55,200,"sd","13:48:39",2863000
33.4,-0.5,100,"bu","13:48:39",2862800
33.35,-0.55,500,"sd","13:48:38",2862700
33.35,-0.55,500,"sd","13:48:34",2862200
33.35,-0.55,2000,"sd","13:48:33",2861700
33.35,-0.55,900,"sd","13:48:31",2859700
33.35,-0.55,2000,"sd","13:48:29",2858800
33.4,-0.5,100,"bu","13:48:24",2856800
33.35,-0.55,1000,"sd","13:48:23",2856700
33.35,-0.55,5500,"sd","13:48:22",2855700
33.35,-0.55,2500,"sd","13:48:10",2850200
33.35,-0.55,5000,"sd","13:48:09",2847700
33.4,-0.5,400,"bu","13:48:08",2842700
33.35,-0.55,2000,"sd","13:48:08",2842300
33.35,-0.55,3300,"sd","13:48:06",2840300
33.4,-0.5,1000,"bu","13:48:02",2837000
33.4,-0.5,100,"bu","13:47:56",2836000
33.4,-0.5,200,"bu","13:47:54",2835900
33.4,-0.5,1300,"sd","13:47:53",2835700
33.4,-0.5,10500,"sd","13:47:51",2834400
33.4,-0.5,7500,"sd","13:47:48",2823900
33.4,-0.5,2700,"sd","13:47:47",2816400
33.4,-0.5,1800,"sd","13:47:47",2813700
33.4,-0.5,7000,"sd","13:47:46",2811900
33.4,-0.5,16700,"sd","13:47:44",2804900
33.45,-0.45,5000,"bu","13:47:42",2788200
33.4,-0.5,2000,"sd","13:47:39",2783200
33.4,-0.5,1000,"sd","13:47:37",2781200
33.45,-0.45,100,"bu","13:47:32",2780200
33.45,-0.45,800,"bu","13:47:30",2780100
33.45,-0.45,100,"bu","13:47:26",2779300
33.4,-0.5,3000,"sd","13:47:23",2779200
33.45,-0.45,1100,"sd","13:47:19",2776200
33.45,-0.45,400,"sd","13:47:17",2775100
33.4,-0.5,1700,"sd","13:47:15",2774700
33.45,-0.45,300,"sd","13:47:15",2773000
33.45,-0.45,2600,"sd","13:47:14",2772700
33.45,-0.45,3800,"sd","13:47:13",2770100
33.45,-0.45,500,"sd","13:47:13",2766300
33.45,-0.45,1800,"sd","13:47:11",2765800
33.45,-0.45,2500,"sd","13:47:10",2764000
33.45,-0.45,600,"sd","13:47:07",2761500
33.45,-0.45,1000,"sd","13:47:06",2760900
33.45,-0.45,2000,"sd","13:47:02",2759900
33.45,-0.45,1700,"sd","13:46:59",2757900
33.45,-0.45,1800,"sd","13:46:59",2756200
33.45,-0.45,4000,"sd","13:46:56",2754400
33.5,-0.4,100,"bu","13:46:53",2750400
33.5,-0.4,100,"bu","13:46:52",2750300
33.5,-0.4,900,"bu","13:46:48",2750200
33.5,-0.4,1000,"bu","13:46:42",2749300
33.5,-0.4,12600,"sd","13:46:37",2748300
33.5,-0.4,1200,"sd","13:46:35",2735700
33.5,-0.4,500,"sd","13:46:19",2734500
33.55,-0.35,100,"bu","13:46:13",2734000
33.5,-0.4,10000,"sd","13:46:09",2733900
33.5,-0.4,100,"sd","13:46:08",2723900
33.5,-0.4,100,"sd","13:46:04",2723800
33.5,-0.4,200,"bu","13:45:54",2723700
33.5,-0.4,100,"bu","13:45:53",2723500
33.5,-0.4,3000,"bu","13:45:50",2723400
33.5,-0.4,400,"bu","13:45:42",2720400
33.5,-0.4,200,"bu","13:45:39",2720000
33.5,-0.4,600,"sd","13:45:38",2719800
33.55,-0.35,1500,"bu","13:45:37",2719200
33.5,-0.4,5000,"sd","13:45:36",2717700
33.55,-0.35,100,"bu","13:45:33",2712700
33.5,-0.4,2000,"sd","13:45:33",2712600
33.5,-0.4,3000,"sd","13:45:32",2710600
33.5,-0.4,6600,"sd","13:45:32",2707600
33.5,-0.4,5000,"sd","13:45:21",2701000
33.5,-0.4,1000,"sd","13:45:16",2696000
33.5,-0.4,10000,"sd","13:45:13",2695000
33.5,-0.4,5000,"sd","13:45:09",2685000
33.5,-0.4,200,"sd","13:45:04",2680000
33.5,-0.4,2800,"sd","13:45:04",2679800
33.55,-0.35,100,"sd","13:45:00",2677000
33.5,-0.4,7700,"sd","13:44:49",2676900
33.5,-0.4,11500,"sd","13:44:49",2669200
33.55,-0.35,800,"sd","13:44:49",2657700
33.55,-0.35,700,"bu","13:44:48",2656900
33.55,-0.35,2300,"sd","13:44:45",2656200
33.55,-0.35,1000,"sd","13:44:44",2653900
33.55,-0.35,1000,"sd","13:44:38",2652900
33.55,-0.35,300,"sd","13:44:36",2651900
33.55,-0.35,1800,"sd","13:44:33",2651600
33.55,-0.35,200,"sd","13:44:31",2649800
33.6,-0.3,100,"bu","13:44:27",2649600
33.55,-0.35,2000,"sd","13:44:27",2649500
33.55,-0.35,1500,"sd","13:44:20",2647500
33.55,-0.35,1000,"sd","13:44:15",2646000
33.55,-0.35,1000,"sd","13:44:13",2645000
33.55,-0.35,1000,"sd","13:44:11",2644000
33.55,-0.35,1000,"sd","13:44:08",2643000
33.5,-0.4,33500,"sd","13:44:00",2642000
33.55,-0.35,16500,"sd","13:44:00",2608500
33.55,-0.35,1000,"sd","13:43:59",2592000
33.55,-0.35,300,"sd","13:43:48",2591000
33.55,-0.35,200,"sd","13:43:43",2590700
33.55,-0.35,700,"bu","13:43:35",2590500
33.55,-0.35,1300,"sd","13:43:34",2589800
33.55,-0.35,3500,"sd","13:43:30",2588500
33.55,-0.35,100,"sd","13:43:26",2585000
33.55,-0.35,2000,"sd","13:43:16",2584900
33.55,-0.35,1000,"bu","13:43:12",2582900
33.55,-0.35,400,"bu","13:43:09",2581900
33.5,-0.4,20000,"sd","13:43:08",2581500
33.55,-0.35,600,"sd","13:43:05",2561500
33.55,-0.35,2400,"bu","13:43:02",2560900
33.55,-0.35,1000,"bu","13:42:59",2558500
33.55,-0.35,100,"bu","13:42:59",2557500
33.55,-0.35,400,"sd","13:42:58",2557400
33.55,-0.35,10000,"sd","13:42:57",2557000
33.55,-0.35,800,"sd","13:42:49",2547000
33.5,-0.4,41100,"sd","13:42:28",2546200
33.55,-0.35,11400,"sd","13:42:28",2505100
33.55,-0.35,700,"sd","13:42:27",2493700
33.55,-0.35,500,"sd","13:42:24",2493000
33.55,-0.35,1000,"sd","13:41:47",2492500
33.55,-0.35,500,"bu","13:41:42",2491500
33.55,-0.35,500,"bu","13:41:42",2491000
33.55,-0.35,1000,"bu","13:41:35",2490500
33.55,-0.35,1000,"sd","13:41:33",2489500
33.55,-0.35,600,"sd","13:41:31",2488500
33.55,-0.35,2000,"sd","13:41:29",2487900
33.55,-0.35,100,"sd","13:41:27",2485900
33.5,-0.4,2000,"sd","13:41:25",2485800
33.55,-0.35,28000,"sd","13:41:25",2483800
33.6,-0.3,200,"bu","13:41:17",2455800
33.55,-0.35,900,"sd","13:41:17",2455600
33.6,-0.3,300,"bu","13:41:17",2454700
33.6,-0.3,100,"bu","13:41:08",2454400
33.6,-0.3,1000,"bu","13:41:00",2454300
33.6,-0.3,100,"bu","13:40:57",2453300
33.6,-0.3,100,"bu","13:40:55",2453200
33.6,-0.3,100,"bu","13:40:35",2453100
33.55,-0.35,500,"sd","13:40:31",2453000
33.55,-0.35,1000,"sd","13:40:28",2452500
33.55,-0.35,18200,"sd","13:40:26",2451500
33.55,-0.35,1800,"sd","13:40:26",2433300
33.6,-0.3,100,"bu","13:40:17",2431500
33.6,-0.3,200,"bu","13:40:15",2431400
33.55,-0.35,5000,"sd","13:40:15",2431200
33.6,-0.3,1000,"bu","13:40:03",2426200
33.55,-0.35,20000,"sd","13:39:54",2425200
33.6,-0.3,100,"bu","13:39:53",2405200
33.6,-0.3,500,"bu","13:39:51",2405100
33.6,-0.3,200,"bu","13:39:44",2404600
33.55,-0.35,100,"sd","13:39:44",2404400
33.55,-0.35,300,"sd","13:39:07",2404300
33.55,-0.35,3000,"sd","13:39:05",2404000
33.6,-0.3,1200,"bu","13:39:00",2401000
33.55,-0.35,3000,"sd","13:38:42",2399800
33.6,-0.3,300,"bu","13:38:37",2396800
33.55,-0.35,1000,"sd","13:38:36",2396500
33.55,-0.35,400,"sd","13:38:26",2395500
33.55,-0.35,2000,"sd","13:38:25",2395100
33.55,-0.35,100,"sd","13:38:23",2393100
33.55,-0.35,100,"sd","13:38:12",2393000
33.55,-0.35,400,"bu","13:38:11",2392900
33.55,-0.35,300,"bu","13:38:09",2392500
33.55,-0.35,3000,"bu","13:38:06",2392200
33.55,-0.35,200,"bu","13:38:04",2389200
33.55,-0.35,100,"bu","13:38:04",2389000
33.55,-0.35,100,"bu","13:38:02",2388900
33.55,-0.35,600,"sd","13:37:56",2388800
33.5,-0.4,1000,"sd","13:37:49",2388200
33.5,-0.4,1000,"sd","13:37:47",2387200
33.5,-0.4,600,"sd","13:37:46",2386200
33.5,-0.4,100,"sd","13:37:43",2385600
33.5,-0.4,3800,"sd","13:37:31",2385500
33.55,-0.35,44400,"sd","13:37:31",2381700
33.55,-0.35,1800,"sd","13:37:30",2337300
33.55,-0.35,100,"sd","13:37:30",2335500
33.6,-0.3,200,"bu","13:37:28",2335400
33.6,-0.3,1000,"bu","13:37:23",2335200
33.6,-0.3,200,"bu","13:37:16",2334200
33.6,-0.3,300,"bu","13:37:00",2334000
33.6,-0.3,300,"sd","13:36:58",2333700
33.6,-0.3,500,"sd","13:36:56",2333400
33.6,-0.3,100,"sd","13:36:52",2332900
33.6,-0.3,300,"bu","13:36:47",2332800
33.6,-0.3,3200,"bu","13:36:40",2332500
33.55,-0.35,100,"sd","13:36:31",2329300
33.6,-0.3,3100,"sd","13:36:16",2329200
33.6,-0.3,500,"sd","13:36:14",2326100
33.6,-0.3,3000,"sd","13:35:59",2325600
33.6,-0.3,1200,"sd","13:35:55",2322600
33.6,-0.3,2000,"sd","13:35:52",2321400
33.6,-0.3,17000,"sd","13:35:45",2319400
33.65,-0.25,400,"bu","13:35:39",2302400
33.65,-0.25,100,"bu","13:35:32",2302000
33.6,-0.3,200,"sd","13:35:31",2301900
33.6,-0.3,2100,"sd","13:35:21",2301700
33.6,-0.3,1000,"sd","13:35:15",2299600
33.6,-0.3,1000,"sd","13:35:12",2298600
33.6,-0.3,1000,"sd","13:35:03",2297600
33.6,-0.3,300,"sd","13:35:02",2296600
33.6,-0.3,5100,"bu","13:34:59",2296300
33.6,-0.3,1200,"sd","13:34:51",2291200
33.6,-0.3,900,"sd","13:34:49",2290000
33.6,-0.3,30000,"sd","13:34:48",2289100
33.65,-0.25,100,"bu","13:34:40",2259100
33.6,-0.3,2200,"sd","13:34:38",2259000
33.65,-0.25,1000,"bu","13:34:32",2256800
33.6,-0.3,8000,"sd","13:34:27",2255800
33.6,-0.3,5100,"sd","13:34:27",2247800
33.6,-0.3,4900,"sd","13:34:26",2242700
33.6,-0.3,2000,"sd","13:34:24",2237800
33.6,-0.3,600,"sd","13:34:10",2235800
33.6,-0.3,1000,"sd","13:34:07",2235200
33.65,-0.25,1000,"bu","13:33:55",2234200
33.6,-0.3,1800,"sd","13:33:54",2233200
33.65,-0.25,300,"bu","13:33:51",2231400
33.6,-0.3,500,"sd","13:33:49",2231100
33.65,-0.25,1000,"sd","13:33:43",2230600
33.65,-0.25,1000,"bu","13:33:42",2229600
33.6,-0.3,4200,"sd","13:33:37",2228600
33.65,-0.25,1000,"bu","13:33:37",2224400
33.6,-0.3,1000,"sd","13:33:35",2223400
33.65,-0.25,6100,"sd","13:33:24",2222400
33.65,-0.25,6000,"sd","13:33:11",2216300
33.7,-0.2,3000,"bu","13:33:08",2210300
33.65,-0.25,600,"sd","13:33:04",2207300
33.7,-0.2,3000,"bu","13:32:52",2206700
33.7,-0.2,1000,"bu","13:32:48",2203700
33.7,-0.2,100,"bu","13:32:47",2202700
33.7,-0.2,100,"bu","13:32:43",2202600
33.7,-0.2,200,"bu","13:32:41",2202500
33.7,-0.2,5500,"bu","13:32:39",2202300
33.7,-0.2,2000,"bu","13:32:35",2196800
33.7,-0.2,5200,"sd","13:32:25",2194800
33.7,-0.2,500,"sd","13:32:20",2189600
33.7,-0.2,5000,"sd","13:32:15",2189100
33.7,-0.2,400,"sd","13:32:13",2184100
33.7,-0.2,7900,"bu","13:32:08",2183700
33.7,-0.2,100,"sd","13:32:04",2175800
33.7,-0.2,100,"bu","13:31:55",2175700
33.7,-0.2,100,"bu","13:31:52",2175600
33.7,-0.2,500,"sd","13:31:33",2175500
33.65,-0.25,17400,"sd","13:31:30",2175000
33.7,-0.2,12600,"sd","13:31:30",2157600
33.7,-0.2,6000,"sd","13:31:24",2145000
33.75,-0.15,600,"bu","13:31:15",2139000
33.75,-0.15,2400,"bu","13:30:56",2138400
33.7,-0.2,1500,"sd","13:30:44",2136000
33.7,-0.2,3000,"sd","13:30:37",2134500
33.7,-0.2,5000,"sd","13:30:27",2131500
33.7,-0.2,100,"sd","13:30:24",2126500
33.7,-0.2,1000,"sd","13:30:14",2126400
33.75,-0.15,200,"bu","13:29:53",2125400
33.7,-0.2,1000,"sd","13:29:51",2125200
33.7,-0.2,600,"sd","13:29:46",2124200
33.75,-0.15,1000,"bu","13:29:44",2123600
33.7,-0.2,1000,"sd","13:29:39",2122600
33.7,-0.2,800,"sd","13:29:34",2121600
33.75,-0.15,1000,"bu","13:29:18",2120800
33.7,-0.2,30000,"sd","13:29:07",2119800
33.75,-0.15,200,"bu","13:29:02",2089800
33.7,-0.2,500,"sd","13:28:58",2089600
33.75,-0.15,600,"bu","13:28:52",2089100
33.75,-0.15,500,"bu","13:28:43",2088500
33.75,-0.15,300,"bu","13:28:41",2088000
33.7,-0.2,1000,"sd","13:28:38",2087700
33.75,-0.15,200,"bu","13:28:29",2086700
33.75,-0.15,16800,"sd","13:28:12",2086500
33.75,-0.15,8200,"sd","13:28:09",2069700
33.8,-0.1,11800,"sd","13:28:09",2061500
33.8,-0.1,100,"sd","13:27:58",2049700
33.8,-0.1,2000,"sd","13:27:52",2049600
33.8,-0.1,5000,"sd","13:27:50",2047600
33.8,-0.1,400,"sd","13:27:42",2042600
33.8,-0.1,2000,"sd","13:27:41",2042200
33.85,-0.05,200,"bu","13:27:38",2040200
33.85,-0.05,500,"bu","13:27:29",2040000
33.8,-0.1,700,"sd","13:27:29",2039500
33.8,-0.1,2000,"sd","13:27:22",2038800
33.8,-0.1,500,"sd","13:27:21",2036800
33.85,-0.05,500,"bu","13:27:19",2036300
33.85,-0.05,500,"bu","13:27:18",2035800
33.8,-0.1,600,"sd","13:27:15",2035300
33.8,-0.1,1000,"bu","13:27:09",2034700
33.8,-0.1,500,"sd","13:27:07",2033700
33.85,-0.05,1100,"bu","13:27:01",2033200
33.85,-0.05,500,"bu","13:27:00",2032100
33.8,-0.1,1000,"sd","13:26:52",2031600
33.8,-0.1,500,"sd","13:26:51",2030600
33.8,-0.1,600,"bu","13:26:42",2030100
33.8,-0.1,5000,"bu","13:26:41",2029500
33.8,-0.1,2000,"sd","13:26:36",2024500
33.75,-0.15,25000,"sd","13:26:29",2022500
33.85,-0.05,700,"bu","13:26:13",1997500
33.8,-0.1,500,"bu","13:26:13",1996800
33.85,-0.05,500,"bu","13:26:09",1996300
33.75,-0.15,24600,"sd","13:26:08",1995800
33.8,-0.1,1200,"sd","13:26:08",1971200
33.8,-0.1,24200,"sd","13:26:07",1970000
33.85,-0.05,100,"bu","13:26:06",1945800
33.85,-0.05,1000,"bu","13:26:03",1945700
33.85,-0.05,1000,"bu","13:25:59",1944700
33.85,-0.05,500,"bu","13:25:53",1943700
33.85,-0.05,1000,"bu","13:25:52",1943200
33.8,-0.1,200,"sd","13:25:51",1942200
33.8,-0.1,1200,"sd","13:25:51",1942000
33.85,-0.05,2200,"sd","13:25:45",1940800
33.85,-0.05,800,"bu","13:25:42",1938600
33.8,-0.1,1700,"sd","13:25:38",1937800
33.85,-0.05,200,"bu","13:25:32",1936100
33.85,-0.05,1000,"bu","13:25:30",1935900
33.8,-0.1,200,"bu","13:24:58",1934900
33.8,-0.1,1500,"bu","13:24:53",1934700
33.8,-0.1,15000,"bu","13:24:50",1933200
33.8,-0.1,2100,"bu","13:24:47",1918200
33.8,-0.1,1000,"bu","13:24:47",1916100
33.8,-0.1,500,"bu","13:24:44",1915100
33.8,-0.1,100,"bu","13:24:42",1914600
33.8,-0.1,500,"bu","13:24:40",1914500
33.8,-0.1,600,"bu","13:24:39",1914000
33.8,-0.1,100,"bu","13:24:37",1913400
33.8,-0.1,200,"bu","13:24:35",1913300
33.8,-0.1,5000,"bu","13:24:34",1913100
33.8,-0.1,1500,"bu","13:24:32",1908100
33.75,-0.15,600,"sd","13:24:31",1906600
33.8,-0.1,16400,"bu","13:24:28",1906000
33.8,-0.1,2000,"bu","13:24:24",1889600
33.8,-0.1,2000,"bu","13:24:21",1887600
33.75,-0.15,1000,"sd","13:24:16",1885600
33.8,-0.1,200,"bu","13:24:12",1884600
33.8,-0.1,3000,"bu","13:24:09",1884400
33.8,-0.1,100,"bu","13:24:06",1881400
33.8,-0.1,100,"bu","13:24:05",1881300
33.8,-0.1,1000,"bu","13:23:55",1881200
33.8,-0.1,100,"bu","13:23:46",1880200
33.8,-0.1,11900,"sd","13:23:43",1880100
33.85,-0.05,3200,"sd","13:23:43",1868200
33.9,0,500,"bu","13:23:22",1865000
33.85,-0.05,400,"sd","13:23:10",1864500
33.85,-0.05,300,"sd","13:23:07",1864100
33.85,-0.05,400,"sd","13:22:55",1863800
33.9,0,600,"bu","13:22:38",1863400
33.9,0,700,"bu","13:22:35",1862800
33.9,0,200,"bu","13:22:29",1862100
33.9,0,1000,"bu","13:22:19",1861900
33.9,0,1000,"bu","13:22:13",1860900
33.9,0,100,"bu","13:21:56",1859900
33.9,0,2000,"bu","13:21:56",1859800
33.9,0,400,"sd","13:21:45",1857800
33.9,0,1000,"bu","13:21:41",1857400
33.75,-0.15,19100,"sd","13:21:29",1856400
33.8,-0.1,6700,"sd","13:21:29",1837300
33.85,-0.05,20800,"sd","13:21:29",1830600
33.9,0,3400,"sd","13:21:29",1809800
33.9,0,1600,"bu","13:21:26",1806400
33.9,0,500,"bu","13:21:25",1804800
33.9,0,1000,"bu","13:21:24",1804300
33.9,0,1000,"bu","13:21:17",1803300
33.9,0,200,"bu","13:21:16",1802300
33.9,0,3000,"bu","13:21:13",1802100
33.9,0,20000,"bu","13:21:08",1799100
33.9,0,3000,"bu","13:21:01",1779100
33.9,0,100,"bu","13:20:56",1776100
33.9,0,200,"bu","13:20:51",1776000
33.9,0,5000,"bu","13:20:38",1775800
33.85,-0.05,1000,"sd","13:20:17",1770800
33.9,0,500,"bu","13:19:52",1769800
33.85,-0.05,700,"bu","13:19:23",1769300
33.85,-0.05,200,"bu","13:19:22",1768600
33.85,-0.05,1000,"bu","13:19:20",1768400
33.85,-0.05,100,"bu","13:19:17",1767400
33.85,-0.05,1000,"bu","13:19:13",1767300
33.85,-0.05,200,"bu","13:19:11",1766300
33.85,-0.05,500,"bu","13:19:09",1766100
33.85,-0.05,1000,"bu","13:18:54",1765600
33.8,-0.1,4300,"bu","13:18:54",1764600
33.8,-0.1,1000,"bu","13:18:52",1760300
33.8,-0.1,900,"bu","13:18:44",1759300
33.8,-0.1,500,"bu","13:18:34",1758400
33.8,-0.1,500,"bu","13:18:30",1757900
33.8,-0.1,2000,"bu","13:18:26",1757400
33.8,-0.1,500,"bu","13:18:23",1755400
33.8,-0.1,1000,"bu","13:18:22",1754900
33.8,-0.1,2000,"bu","13:18:19",1753900
33.8,-0.1,100,"bu","13:18:14",1751900
33.8,-0.1,1300,"bu","13:18:08",1751800
33.8,-0.1,500,"bu","13:18:05",1750500
33.8,-0.1,1000,"bu","13:18:04",1750000
33.8,-0.1,100,"bu","13:18:02",1749000
33.8,-0.1,1000,"bu","13:18:01",1748900
33.8,-0.1,500,"bu","13:18:00",1747900
33.8,-0.1,100,"bu","13:17:52",1747400
33.8,-0.1,5000,"bu","13:17:51",1747300
33.8,-0.1,200,"bu","13:17:49",1742300
33.8,-0.1,2000,"bu","13:17:48",1742100
33.8,-0.1,1000,"bu","13:17:46",1740100
33.8,-0.1,200,"bu","13:17:38",1739100
33.8,-0.1,10100,"bu","13:17:34",1738900
33.8,-0.1,1000,"bu","13:17:09",1728800
33.75,-0.15,500,"bu","13:17:08",1727800
33.75,-0.15,8600,"bu","13:17:06",1727300
33.75,-0.15,500,"bu","13:17:04",1718700
33.75,-0.15,1000,"bu","13:17:03",1718200
33.75,-0.15,1000,"bu","13:17:02",1717200
33.75,-0.15,5000,"bu","13:17:02",1716200
33.75,-0.15,500,"bu","13:17:01",1711200
33.75,-0.15,500,"bu","13:16:58",1710700
33.75,-0.15,2000,"bu","13:16:57",1710200
33.75,-0.15,500,"bu","13:16:54",1708200
33.75,-0.15,300,"bu","13:16:53",1707700
33.75,-0.15,2500,"bu","13:16:50",1707400
33.75,-0.15,500,"bu","13:16:43",1704900
33.75,-0.15,300,"bu","13:16:42",1704400
33.75,-0.15,200,"bu","13:16:37",1704100
33.75,-0.15,500,"bu","13:16:35",1703900
33.7,-0.2,300,"sd","13:16:26",1703400
33.75,-0.15,500,"bu","13:16:22",1703100
33.75,-0.15,2000,"bu","13:16:17",1702600
33.7,-0.2,200,"sd","13:16:15",1700600
33.7,-0.2,200,"sd","13:16:14",1700400
33.75,-0.15,500,"bu","13:16:07",1700200
33.75,-0.15,200,"bu","13:16:03",1699700
33.75,-0.15,100,"bu","13:15:56",1699500
33.8,-0.1,1000,"bu","13:15:27",1699400
33.75,-0.15,3000,"bu","13:15:27",1698400
33.75,-0.15,7600,"sd","13:15:26",1695400
33.75,-0.15,9400,"sd","13:15:25",1687800
33.8,-0.1,2000,"bu","13:15:23",1678400
33.8,-0.1,2000,"bu","13:15:22",1676400
33.8,-0.1,700,"bu","13:15:19",1674400
33.8,-0.1,800,"bu","13:15:12",1673700
33.75,-0.15,500,"sd","13:15:03",1672900
33.8,-0.1,500,"bu","13:15:02",1672400
33.75,-0.15,2000,"sd","13:15:00",1671900
33.8,-0.1,100,"bu","13:14:47",1669900
33.8,-0.1,100,"bu","13:14:36",1669800
33.8,-0.1,100,"sd","13:14:25",1669700
33.75,-0.15,4100,"sd","13:13:57",1669600
33.8,-0.1,900,"sd","13:13:57",1665500
33.8,-0.1,5000,"sd","13:13:42",1664600
33.8,-0.1,200,"sd","13:13:37",1659600
33.8,-0.1,1500,"sd","13:13:21",1659400
33.8,-0.1,500,"sd","13:13:05",1657900
33.85,-0.05,500,"bu","13:13:00",1657400
33.85,-0.05,800,"bu","13:12:51",1656900
33.85,-0.05,100,"bu","13:12:45",1656100
33.85,-0.05,500,"bu","13:12:44",1656000
33.85,-0.05,500,"bu","13:12:31",1655500
33.85,-0.05,1000,"bu","13:12:19",1655000
33.85,-0.05,1000,"bu","13:12:00",1654000
33.85,-0.05,500,"bu","13:11:54",1653000
33.85,-0.05,1900,"sd","13:11:48",1652500
33.85,-0.05,1000,"sd","13:11:44",1650600
33.85,-0.05,300,"sd","13:10:58",1649600
33.9,0,10000,"bu","13:10:43",1649300
33.9,0,600,"bu","13:10:41",1639300
33.85,-0.05,400,"bu","13:10:41",1638700
33.85,-0.05,600,"sd","13:10:39",1638300
33.85,-0.05,500,"sd","13:10:36",1637700
33.85,-0.05,500,"sd","13:10:30",1637200
33.9,0,10000,"bu","13:10:16",1636700
33.85,-0.05,300,"sd","13:10:16",1626700
33.8,-0.1,100,"bu","13:10:04",1626400
33.8,-0.1,11100,"sd","13:10:01",1626300
33.85,-0.05,8400,"sd","13:10:01",1615200
33.85,-0.05,4000,"bu","13:09:52",1606800
33.85,-0.05,500,"bu","13:09:35",1602800
33.8,-0.1,100,"sd","13:09:33",1602300
33.8,-0.1,4500,"bu","13:09:28",1602200
33.8,-0.1,100,"bu","13:09:14",1597700
33.8,-0.1,100,"bu","13:09:12",1597600
33.75,-0.15,100,"bu","13:09:02",1597500
33.75,-0.15,5000,"bu","13:09:02",1597400
33.75,-0.15,500,"bu","13:08:59",1592400
33.75,-0.15,1000,"bu","13:08:54",1591900
33.75,-0.15,100,"bu","13:08:52",1590900
33.75,-0.15,100,"bu","13:08:50",1590800
33.75,-0.15,100,"bu","13:08:47",1590700
33.75,-0.15,4700,"sd","13:08:35",1590600
33.8,-0.1,500,"bu","13:08:35",1585900
33.75,-0.15,2000,"bu","13:08:16",1585400
33.75,-0.15,300,"bu","13:08:14",1583400
33.7,-0.2,2000,"sd","13:08:11",1583100
33.7,-0.2,5000,"sd","13:08:08",1581100
33.7,-0.2,1000,"sd","13:08:04",1576100
33.7,-0.2,19900,"bu","13:08:02",1575100
33.7,-0.2,2000,"bu","13:07:58",1555200
33.7,-0.2,2500,"bu","13:07:50",1553200
33.7,-0.2,100,"bu","13:07:49",1550700
33.7,-0.2,2000,"bu","13:07:48",1550600
33.7,-0.2,3700,"sd","13:07:47",1548600
33.7,-0.2,500,"sd","13:07:36",1544900
33.7,-0.2,500,"sd","13:07:31",1544400
33.7,-0.2,200,"sd","13:07:24",1543900
33.7,-0.2,5400,"bu","13:07:23",1543700
33.7,-0.2,10000,"bu","13:07:20",1538300
33.7,-0.2,500,"bu","13:07:13",1528300
33.7,-0.2,100,"bu","13:07:13",1527800
33.65,-0.25,6300,"sd","13:07:00",1527700
33.7,-0.2,500,"bu","13:06:57",1521400
33.7,-0.2,2000,"bu","13:06:52",1520900
33.7,-0.2,200,"sd","13:06:49",1518900
33.7,-0.2,1000,"sd","13:06:44",1518700
33.7,-0.2,400,"sd","13:06:40",1517700
33.7,-0.2,1000,"sd","13:06:36",1517300
33.7,-0.2,300,"sd","13:06:30",1516300
33.7,-0.2,8100,"bu","13:06:25",1516000
33.65,-0.25,700,"bu","13:06:16",1507900
33.65,-0.25,800,"bu","13:06:15",1507200
33.65,-0.25,100,"bu","13:06:14",1506400
33.65,-0.25,500,"bu","13:06:13",1506300
33.65,-0.25,100,"bu","13:06:12",1505800
33.65,-0.25,2000,"bu","13:06:10",1505700
33.6,-0.3,700,"sd","13:06:08",1503700
33.65,-0.25,1000,"bu","13:06:07",1503000
33.6,-0.3,1000,"sd","13:06:03",1502000
33.65,-0.25,1000,"bu","13:06:02",1501000
33.65,-0.25,100,"bu","13:06:02",1500000
33.6,-0.3,3000,"sd","13:05:57",1499900
33.65,-0.25,100,"bu","13:05:56",1496900
33.65,-0.25,10000,"bu","13:05:51",1496800
33.6,-0.3,400,"sd","13:05:51",1486800
33.6,-0.3,2300,"sd","13:05:43",1486400
33.65,-0.25,13600,"sd","13:05:18",1484100
33.7,-0.2,2000,"bu","13:05:17",1470500
33.65,-0.25,1900,"sd","13:05:17",1468500
33.65,-0.25,100,"sd","13:05:04",1466600
33.65,-0.25,400,"sd","13:04:58",1466500
33.7,-0.2,100,"bu","13:04:49",1466100
33.7,-0.2,1500,"bu","13:04:47",1466000
33.65,-0.25,7000,"sd","13:04:44",1464500
33.65,-0.25,2000,"sd","13:04:40",1457500
33.65,-0.25,300,"sd","13:04:33",1455500
33.7,-0.2,1000,"bu","13:04:33",1455200
33.7,-0.2,200,"bu","13:04:31",1454200
33.7,-0.2,200,"bu","13:04:30",1454000
33.7,-0.2,200,"bu","13:04:30",1453800
33.7,-0.2,37300,"sd","13:04:26",1453600
33.75,-0.15,1000,"sd","13:04:26",1416300
33.75,-0.15,500,"bu","13:04:22",1415300
33.75,-0.15,1000,"bu","13:03:50",1414800
33.7,-0.2,26700,"sd","13:03:02",1413800
33.75,-0.15,3300,"sd","13:03:02",1387100
33.8,-0.1,1000,"bu","13:03:00",1383800
33.75,-0.15,1300,"sd","13:02:57",1382800
33.75,-0.15,2000,"sd","13:02:45",1381500
33.75,-0.15,1000,"sd","13:02:43",1379500
33.75,-0.15,400,"sd","13:02:42",1378500
33.75,-0.15,200,"sd","13:02:29",1378100
33.8,-0.1,1000,"bu","13:02:21",1377900
33.85,-0.05,100,"bu","13:02:17",1376900
33.85,-0.05,500,"bu","13:02:13",1376800
33.85,-0.05,500,"bu","13:02:10",1376300
33.85,-0.05,1100,"bu","13:01:34",1375800
33.8,-0.1,1900,"bu","13:01:34",1374700
33.75,-0.15,500,"sd","13:01:21",1372800
33.8,-0.1,1500,"bu","13:01:18",1372300
33.8,-0.1,100,"bu","13:01:17",1370800
33.75,-0.15,1400,"sd","13:01:16",1370700
33.8,-0.1,5000,"bu","13:01:07",1369300
33.8,-0.1,3000,"bu","13:01:06",1364300
33.75,-0.15,200,"sd","13:01:01",1361300
33.8,-0.1,1000,"bu","13:00:48",1361100
33.8,-0.1,200,"bu","13:00:47",1360100
33.8,-0.1,3200,"bu","13:00:46",1359900
33.8,-0.1,500,"bu","13:00:43",1356700
33.8,-0.1,200,"bu","13:00:42",1356200
33.75,-0.15,300,"sd","13:00:42",1356000
33.75,-0.15,1500,"sd","13:00:40",1355700
33.8,-0.1,1400,"sd","13:00:39",1354200
33.85,-0.05,1300,"sd","13:00:39",1352800
33.85,-0.05,5600,"sd","13:00:38",1351500
33.85,-0.05,200,"sd","13:00:38",1345900
33.85,-0.05,100,"sd","13:00:37",1345700
33.85,-0.05,200,"bu","13:00:36",1345600
33.85,-0.05,100,"bu","13:00:33",1345400
33.8,-0.1,2900,"sd","13:00:31",1345300
33.8,-0.1,2000,"sd","13:00:28",1342400
33.8,-0.1,300,"sd","13:00:27",1340400
33.8,-0.1,15400,"sd","13:00:04",1340100
33.85,-0.05,100,"sd","13:00:04",1324700
33.85,-0.05,200,"sd","13:00:03",1324600
33.85,-0.05,300,"bu","11:29:51",1324400
33.85,-0.05,9700,"sd","11:29:39",1324100
33.9,0,5000,"bu","11:29:05",1314400
33.9,0,1100,"bu","11:28:57",1309400
33.9,0,500,"bu","11:28:48",1308300
33.9,0,100,"bu","11:28:39",1307800
33.9,0,500,"bu","11:28:21",1307700
33.9,0,5000,"bu","11:28:14",1307200
33.85,-0.05,100,"sd","11:27:17",1302200
33.85,-0.05,200,"sd","11:27:11",1302100
33.9,0,1000,"bu","11:26:17",1301900
33.9,0,300,"bu","11:26:12",1300900
33.75,-0.15,2400,"sd","11:25:56",1300600
33.8,-0.1,4600,"sd","11:25:56",1298200
33.85,-0.05,3000,"sd","11:25:56",1293600
33.9,0,500,"bu","11:25:51",1290600
33.95,0.05,4700,"bu","11:24:43",1290100
33.9,0,300,"bu","11:24:43",1285400
33.9,0,200,"sd","11:24:37",1285100
33.9,0,400,"sd","11:24:32",1284900
33.9,0,400,"bu","11:24:16",1284500
33.9,0,2000,"bu","11:24:09",1284100
33.9,0,10000,"bu","11:23:53",1282100
33.9,0,200,"bu","11:23:50",1272100
33.9,0,8700,"bu","11:23:26",1271900
33.85,-0.05,1100,"bu","11:23:26",1263200
33.85,-0.05,900,"sd","11:23:02",1262100
33.85,-0.05,100,"sd","11:23:02",1261200
33.9,0,2000,"bu","11:22:29",1261100
33.85,-0.05,200,"sd","11:22:11",1259100
33.85,-0.05,5000,"sd","11:22:00",1258900
33.85,-0.05,2000,"sd","11:20:49",1253900
33.85,-0.05,1000,"sd","11:20:06",1251900
33.85,-0.05,400,"sd","11:19:26",1250900
33.9,0,300,"bu","11:19:26",1250500
33.9,0,100,"bu","11:17:57",1250200
33.85,-0.05,1100,"sd","11:17:56",1250100
33.9,0,1900,"sd","11:17:45",1249000
33.9,0,100,"bu","11:17:43",1247100
33.9,0,4900,"sd","11:17:42",1247000
33.9,0,500,"sd","11:17:38",1242100
33.95,0.05,200,"bu","11:17:08",1241600
33.95,0.05,600,"bu","11:16:33",1241400
33.95,0.05,100,"bu","11:16:32",1240800
33.95,0.05,200,"bu","11:15:58",1240700
33.95,0.05,100,"bu","11:15:23",1240500
33.9,0,500,"sd","11:14:52",1240400
33.95,0.05,100,"bu","11:14:30",1239900
33.9,0,1000,"sd","11:14:25",1239800
33.9,0,7000,"sd","11:14:20",1238800
33.95,0.05,100,"bu","11:13:58",1231800
33.9,0,100,"sd","11:13:41",1231700
33.9,0,500,"sd","11:13:13",1231600
33.9,0,100,"sd","11:13:03",1231100
33.9,0,3600,"bu","11:12:50",1231000
33.9,0,10000,"bu","11:12:44",1227400
33.9,0,400,"bu","11:12:42",1217400
33.85,-0.05,100,"sd","11:12:39",1217000
33.9,0,500,"bu","11:12:25",1216900
33.85,-0.05,100,"sd","11:12:14",1216400
33.9,0,500,"bu","11:12:13",1216300
33.9,0,1000,"bu","11:12:04",1215800
33.9,0,100,"bu","11:11:53",1214800
33.85,-0.05,9200,"bu","11:11:32",1214700
33.85,-0.05,100,"bu","11:11:12",1205500
33.85,-0.05,10000,"bu","11:10:11",1205400
33.75,-0.15,2000,"sd","11:09:04",1195400
33.8,-0.1,1000,"sd","11:09:04",1193400
33.7,-0.2,100,"sd","11:07:55",1192400
33.7,-0.2,200,"sd","11:07:08",1192300
33.8,-0.1,800,"sd","11:07:08",1192100
33.8,-0.1,2200,"bu","11:07:06",1191300
33.8,-0.1,7800,"sd","11:06:54",1189100
33.8,-0.1,7800,"bu","11:06:31",1181300
33.8,-0.1,100,"bu","11:06:30",1173500
33.8,-0.1,100,"bu","11:06:08",1173400
33.8,-0.1,500,"bu","11:06:06",1173300
33.8,-0.1,100,"bu","11:06:05",1172800
33.7,-0.2,2000,"sd","11:04:56",1172700
33.75,-0.15,1100,"sd","11:04:56",1170700
33.75,-0.15,900,"bu","11:04:49",1169600
33.75,-0.15,100,"bu","11:04:46",1168700
33.75,-0.15,4000,"sd","11:04:06",1168600
33.75,-0.15,100,"sd","11:03:57",1164600
33.75,-0.15,200,"sd","11:03:29",1164500
33.8,-0.1,300,"bu","11:02:36",1164300
33.8,-0.1,500,"bu","11:02:35",1164000
33.8,-0.1,100,"bu","11:02:18",1163500
33.8,-0.1,1000,"bu","11:01:37",1163400
33.75,-0.15,500,"bu","11:01:20",1162400
33.75,-0.15,100,"bu","11:01:00",1161900
33.7,-0.2,1000,"sd","11:00:30",1161800
33.7,-0.2,600,"sd","11:00:22",1160800
33.7,-0.2,1000,"sd","11:00:04",1160200
33.7,-0.2,5000,"sd","10:59:38",1159200
33.75,-0.15,2900,"sd","10:59:08",1154200
33.75,-0.15,2000,"sd","10:58:33",1151300
33.75,-0.15,1000,"sd","10:57:05",1149300
33.8,-0.1,500,"bu","10:57:04",1148300
33.75,-0.15,300,"sd","10:56:55",1147800
33.75,-0.15,1000,"sd","10:56:50",1147500
33.75,-0.15,100,"sd","10:56:44",1146500
33.75,-0.15,1000,"sd","10:56:36",1146400
33.8,-0.1,300,"bu","10:56:30",1145400
33.8,-0.1,1200,"sd","10:56:02",1145100
33.8,-0.1,300,"bu","10:55:57",1143900
33.8,-0.1,100,"bu","10:55:36",1143600
33.8,-0.1,1700,"sd","10:55:34",1143500
33.8,-0.1,500,"sd","10:55:27",1141800
33.8,-0.1,2000,"sd","10:55:13",1141300
33.8,-0.1,1000,"sd","10:54:48",1139300
33.8,-0.1,1000,"sd","10:54:40",1138300
33.8,-0.1,1000,"sd","10:54:24",1137300
33.8,-0.1,5000,"sd","10:53:45",1136300
33.8,-0.1,500,"sd","10:53:37",1131300
33.8,-0.1,1000,"sd","10:53:09",1130800
33.8,-0.1,3000,"sd","10:52:52",1129800
33.85,-0.05,1000,"bu","10:52:33",1126800
33.85,-0.05,1000,"bu","10:52:31",1125800
33.85,-0.05,100,"bu","10:52:14",1124800
33.85,-0.05,100,"bu","10:51:58",1124700
33.85,-0.05,3500,"sd","10:51:27",1124600
33.85,-0.05,1000,"sd","10:50:28",1121100
33.9,0,4700,"sd","10:49:47",1120100
33.9,0,800,"sd","10:49:43",1115400
33.95,0.05,200,"bu","10:48:37",1114600
33.95,0.05,300,"bu","10:48:34",1114400
33.9,0,1000,"sd","10:48:33",1114100
33.95,0.05,600,"bu","10:48:17",1113100
33.9,0,1000,"sd","10:48:02",1112500
33.9,0,100,"sd","10:47:54",1111500
33.95,0.05,600,"bu","10:47:50",1111400
33.9,0,5000,"sd","10:47:21",1110800
33.95,0.05,500,"bu","10:46:43",1105800
33.95,0.05,200,"bu","10:46:08",1105300
33.95,0.05,1000,"bu","10:45:38",1105100
33.95,0.05,100,"bu","10:44:10",1104100
33.95,0.05,1300,"sd","10:43:23",1104000
33.95,0.05,200,"bu","10:43:22",1102700
33.95,0.05,900,"bu","10:43:09",1102500
33.95,0.05,2100,"bu","10:42:41",1101600
33.95,0.05,1100,"sd","10:42:14",1099500
34,0.1,100,"bu","10:41:31",1098400
33.95,0.05,3900,"bu","10:41:16",1098300
33.95,0.05,500,"bu","10:40:22",1094400
33.95,0.05,100,"sd","10:40:10",1093900
33.95,0.05,500,"sd","10:40:04",1093800
33.95,0.05,400,"sd","10:40:03",1093300
33.9,0,300,"sd","10:39:32",1092900
33.95,0.05,5000,"sd","10:38:34",1091600
33.95,0.05,800,"sd","10:38:29",1086600
33.95,0.05,500,"sd","10:38:22",1085800
33.95,0.05,6000,"sd","10:38:15",1085300
33.95,0.05,500,"sd","10:38:00",1079300
34,0.1,100,"bu","10:37:13",1078800
34,0.1,600,"bu","10:36:51",1078700
34,0.1,8900,"sd","10:36:41",1078100
34,0.1,100,"sd","10:36:29",1069200
34,0.1,200,"bu","10:36:11",1069100
34,0.1,100,"bu","10:35:55",1068900
34,0.1,500,"bu","10:35:51",1068800
34,0.1,5100,"bu","10:35:47",1068300
34,0.1,1000,"bu","10:35:00",1063200
34,0.1,5000,"bu","10:34:56",1062200
34,0.1,5000,"bu","10:34:47",1057200
33.95,0.05,100,"sd","10:34:42",1052200
34,0.1,1000,"bu","10:34:41",1052100
33.95,0.05,1000,"sd","10:34:28",1051100
33.95,0.05,300,"bu","10:34:25",1050100
33.95,0.05,1000,"bu","10:34:21",1049800
33.95,0.05,1700,"sd","10:34:17",1048800
33.95,0.05,400,"sd","10:34:08",1047100
33.95,0.05,200,"sd","10:33:54",1046700
33.95,0.05,2000,"sd","10:33:32",1046500
33.95,0.05,200,"sd","10:33:14",1044500
33.95,0.05,200,"sd","10:33:02",1044300
33.95,0.05,3800,"bu","10:32:52",1044100
33.95,0.05,200,"sd","10:32:29",1040300
33.95,0.05,500,"sd","10:31:56",1040100
33.95,0.05,500,"sd","10:31:25",1039600
33.95,0.05,200,"bu","10:31:19",1039100
33.95,0.05,1800,"sd","10:31:16",1038900
33.95,0.05,2400,"sd","10:31:01",1037100
33.95,0.05,100,"bu","10:30:43",1034700
33.95,0.05,400,"sd","10:30:39",1034600
33.95,0.05,1600,"bu","10:30:26",1034200
33.9,0,5000,"sd","10:29:57",1032600
33.95,0.05,500,"bu","10:29:44",1027600
33.95,0.05,200,"bu","10:29:28",1027100
33.95,0.05,100,"bu","10:29:11",1026900
33.95,0.05,800,"bu","10:28:37",1026800
33.95,0.05,100,"bu","10:28:28",1026000
33.95,0.05,500,"bu","10:28:23",1025900
33.95,0.05,200,"bu","10:28:17",1025400
33.95,0.05,1000,"bu","10:28:13",1025200
33.95,0.05,300,"bu","10:28:00",1024200
33.95,0.05,100,"bu","10:27:53",1023900
33.9,0,200,"sd","10:27:43",1023800
33.95,0.05,300,"bu","10:27:41",1023600
33.9,0,2000,"sd","10:27:36",1023300
33.95,0.05,100,"bu","10:27:36",1021300
33.95,0.05,1000,"bu","10:27:05",1021200
33.95,0.05,800,"bu","10:27:00",1020200
33.95,0.05,400,"bu","10:26:54",1019400
33.9,0,2000,"sd","10:26:21",1019000
33.9,0,500,"sd","10:26:17",1017000
33.9,0,500,"sd","10:26:06",1016500
33.9,0,700,"sd","10:25:55",1016000
33.9,0,400,"sd","10:25:27",1015300
33.9,0,8000,"bu","10:25:26",1014900
33.85,-0.05,400,"bu","10:25:11",1006900
33.85,-0.05,100,"bu","10:25:06",1006500
33.85,-0.05,1400,"bu","10:25:05",1006400
33.85,-0.05,1000,"bu","10:25:02",1005000
33.85,-0.05,1000,"bu","10:24:52",1004000
33.8,-0.1,600,"sd","10:24:41",1003000
33.8,-0.1,100,"sd","10:24:13",1002400
33.8,-0.1,1300,"bu","10:23:58",1002300
33.8,-0.1,100,"bu","10:23:54",1001000
33.8,-0.1,100,"bu","10:23:53",1000900
33.8,-0.1,500,"bu","10:23:47",1000800
33.75,-0.15,100,"bu","10:23:39",1000300
33.75,-0.15,100,"bu","10:23:39",1000200
33.75,-0.15,100,"bu","10:23:29",1000100
33.75,-0.15,200,"bu","10:23:27",1000000
33.75,-0.15,5100,"bu","10:23:16",999800
33.7,-0.2,4000,"bu","10:23:02",994700
33.7,-0.2,2000,"bu","10:22:54",990700
33.7,-0.2,500,"bu","10:22:50",988700
33.7,-0.2,1100,"bu","10:22:49",988200
33.7,-0.2,200,"bu","10:22:24",987100
33.7,-0.2,100,"bu","10:22:20",986900
33.7,-0.2,1500,"bu","10:22:14",986800
33.7,-0.2,700,"bu","10:22:11",985300
33.7,-0.2,1200,"sd","10:21:55",984600
33.7,-0.2,500,"sd","10:21:54",983400
33.7,-0.2,5000,"sd","10:21:37",982900
33.7,-0.2,1000,"sd","10:21:16",977900
33.7,-0.2,200,"sd","10:21:12",976900
33.7,-0.2,100,"sd","10:21:11",976700
33.7,-0.2,500,"sd","10:21:06",976600
33.7,-0.2,900,"sd","10:21:04",976100
33.7,-0.2,500,"sd","10:20:57",975200
33.7,-0.2,4500,"sd","10:20:54",974700
33.7,-0.2,900,"sd","10:20:50",970200
33.7,-0.2,4500,"sd","10:20:32",969300
33.7,-0.2,9000,"sd","10:20:17",964800
33.75,-0.15,100,"sd","10:20:17",955800
33.75,-0.15,200,"sd","10:20:09",955700
33.75,-0.15,5000,"sd","10:20:08",955500
33.8,-0.1,200,"sd","10:19:50",950500
33.8,-0.1,2100,"sd","10:19:49",950300
33.8,-0.1,2000,"sd","10:19:46",948200
33.8,-0.1,300,"sd","10:19:44",946200
33.8,-0.1,2000,"sd","10:19:42",945900
33.8,-0.1,1000,"sd","10:19:36",943900
33.8,-0.1,5000,"sd","10:19:30",942900
33.8,-0.1,4000,"sd","10:19:25",937900
33.8,-0.1,1000,"sd","10:19:23",933900
33.8,-0.1,300,"sd","10:19:20",932900
33.8,-0.1,600,"sd","10:19:16",932600
33.8,-0.1,800,"sd","10:19:05",932000
33.8,-0.1,400,"sd","10:18:50",931200
33.85,-0.05,100,"bu","10:18:39",930800
33.8,-0.1,1800,"sd","10:18:33",930700
33.8,-0.1,1500,"sd","10:18:28",928900
33.85,-0.05,11000,"sd","10:18:17",927400
33.85,-0.05,2000,"sd","10:18:11",916400
33.85,-0.05,500,"sd","10:18:10",914400
33.85,-0.05,2000,"sd","10:18:08",913900
33.85,-0.05,500,"sd","10:18:00",911900
33.85,-0.05,600,"sd","10:17:51",911400
33.85,-0.05,500,"sd","10:17:50",910800
33.85,-0.05,6300,"sd","10:17:40",910300
33.85,-0.05,800,"sd","10:17:29",904000
33.85,-0.05,500,"sd","10:17:25",903200
33.85,-0.05,500,"sd","10:17:24",902700
33.85,-0.05,10000,"sd","10:17:18",902200
33.85,-0.05,1400,"sd","10:17:15",892200
33.9,0,300,"bu","10:16:56",890800
33.9,0,100,"bu","10:16:53",890500
33.85,-0.05,600,"sd","10:16:51",890400
33.85,-0.05,1000,"sd","10:16:35",889800
33.9,0,500,"bu","10:16:35",888800
33.85,-0.05,1000,"sd","10:16:27",888300
33.9,0,200,"bu","10:16:22",887300
33.85,-0.05,1000,"sd","10:16:12",887100
33.9,0,1000,"bu","10:15:33",886100
33.9,0,500,"bu","10:15:09",885100
33.9,0,600,"sd","10:15:05",884600
33.9,0,1000,"sd","10:15:04",884000
33.9,0,500,"sd","10:15:00",883000
33.9,0,7000,"sd","10:14:57",882500
33.95,0.05,300,"bu","10:14:55",875500
33.9,0,1500,"sd","10:14:53",875200
33.9,0,1000,"sd","10:14:41",873700
33.9,0,2000,"sd","10:14:25",872700
33.95,0.05,100,"bu","10:14:24",870700
33.95,0.05,200,"bu","10:14:21",870600
33.95,0.05,300,"bu","10:14:02",870400
33.95,0.05,100,"bu","10:13:52",870100
33.95,0.05,400,"bu","10:13:50",870000
33.95,0.05,100,"bu","10:13:43",869600
33.9,0,2500,"sd","10:13:16",869500
33.9,0,100,"sd","10:12:38",867000
33.9,0,500,"sd","10:12:35",866900
33.9,0,200,"sd","10:12:25",866400
33.9,0,200,"sd","10:12:19",866200
33.9,0,3000,"sd","10:12:15",866000
33.9,0,200,"sd","10:12:02",863000
33.9,0,500,"sd","10:12:01",862800
33.9,0,200,"sd","10:11:53",862300
33.9,0,17000,"sd","10:11:36",862100
33.9,0,100,"sd","10:11:22",845100
33.9,0,500,"sd","10:10:04",845000
33.9,0,200,"sd","10:09:36",844500
33.95,0.05,500,"sd","10:09:06",844300
33.95,0.05,1500,"bu","10:08:53",843800
33.95,0.05,500,"bu","10:08:52",842300
33.9,0,200,"sd","10:08:39",841800
33.95,0.05,200,"sd","10:07:36",841600
33.95,0.05,600,"sd","10:07:32",841400
33.95,0.05,2700,"sd","10:07:16",840800
33.95,0.05,100,"sd","10:07:14",838100
33.95,0.05,15000,"sd","10:07:13",838000
34,0.1,100,"bu","10:07:10",823000
34,0.1,1000,"bu","10:06:49",822900
34,0.1,200,"bu","10:06:47",821900
34,0.1,5000,"bu","10:06:37",821700
34,0.1,200,"bu","10:06:31",816700
34,0.1,4000,"bu","10:06:21",816500
34,0.1,100,"bu","10:05:59",812500
34,0.1,1000,"bu","10:05:49",812400
34,0.1,5000,"bu","10:05:32",811400
33.95,0.05,200,"sd","10:05:17",806400
33.95,0.05,1000,"sd","10:05:13",806200
34,0.1,5000,"bu","10:05:06",805200
33.95,0.05,200,"sd","10:04:28",800200
33.95,0.05,200,"sd","10:04:25",800000
33.95,0.05,1200,"bu","10:04:17",799800
33.9,0,500,"sd","10:04:09",798600
34,0.1,900,"bu","10:03:56",798100
33.95,0.05,2100,"bu","10:03:56",797200
33.95,0.05,3900,"sd","10:03:55",795100
33.95,0.05,2000,"sd","10:03:54",791200
33.95,0.05,500,"sd","10:03:41",789200
33.95,0.05,200,"sd","10:03:38",788700
33.95,0.05,200,"sd","10:03:12",788500
33.95,0.05,200,"sd","10:03:09",788300
34,0.1,1700,"bu","10:03:06",788100
33.95,0.05,200,"sd","10:03:02",786400
33.95,0.05,200,"bu","10:02:57",786200
33.95,0.05,9800,"sd","10:02:33",786000
33.95,0.05,1000,"sd","10:02:00",776200
33.95,0.05,1000,"sd","10:01:51",775200
33.95,0.05,2500,"sd","10:01:37",774200
33.95,0.05,4000,"bu","10:01:12",771700
33.95,0.05,100,"bu","10:00:54",767700
33.9,0,300,"sd","10:00:42",767600
33.95,0.05,600,"sd","10:00:28",767300
34,0.1,15000,"bu","10:00:19",766700
34,0.1,200,"bu","09:59:52",751700
34,0.1,1900,"bu","09:59:47",751500
33.95,0.05,8800,"bu","09:59:36",749600
33.95,0.05,5000,"bu","09:58:53",740800
33.9,0,200,"sd","09:58:21",735800
33.9,0,200,"sd","09:58:07",735600
33.9,0,200,"sd","09:58:07",735400
33.9,0,200,"sd","09:57:51",735200
33.9,0,1500,"sd","09:57:48",735000
33.9,0,200,"sd","09:57:47",733500
33.9,0,1000,"sd","09:57:44",733300
33.9,0,500,"sd","09:57:38",732300
33.9,0,14200,"sd","09:57:23",731800
33.9,0,500,"sd","09:57:18",717600
33.9,0,4000,"sd","09:57:18",717100
33.9,0,2000,"sd","09:57:05",713100
33.9,0,100,"sd","09:57:04",711100
33.9,0,1000,"sd","09:57:01",711000
33.9,0,600,"sd","09:56:50",710000
33.9,0,500,"sd","09:56:49",709400
33.9,0,10000,"sd","09:56:46",708900
33.9,0,1000,"sd","09:56:39",698900
33.9,0,3000,"sd","09:56:35",697900
33.9,0,1000,"sd","09:56:31",694900
33.9,0,16100,"sd","09:56:27",693900
33.9,0,300,"sd","09:56:05",677800
33.9,0,1000,"sd","09:55:55",677500
33.95,0.05,500,"sd","09:55:33",676500
34,0.1,1000,"bu","09:55:07",676000
33.95,0.05,2500,"bu","09:54:57",675000
33.95,0.05,10000,"bu","09:54:53",672500
33.95,0.05,300,"bu","09:54:36",662500
33.9,0,5000,"sd","09:54:33",662200
33.9,0,2500,"sd","09:54:21",657200
33.95,0.05,200,"bu","09:54:16",654700
33.95,0.05,200,"bu","09:54:03",654500
33.95,0.05,2000,"bu","09:53:30",654300
33.95,0.05,100,"bu","09:53:21",652300
33.95,0.05,200,"bu","09:53:18",652200
33.95,0.05,100,"bu","09:52:54",652000
33.95,0.05,300,"bu","09:52:51",651900
33.95,0.05,1600,"sd","09:52:51",651600
33.95,0.05,5000,"sd","09:52:45",650000
33.95,0.05,5000,"sd","09:52:23",645000
33.95,0.05,300,"sd","09:52:09",640000
33.95,0.05,100,"sd","09:51:43",639700
33.95,0.05,2000,"sd","09:51:36",639600
33.95,0.05,100,"sd","09:51:18",637600
33.95,0.05,800,"bu","09:50:28",637500
33.95,0.05,1000,"bu","09:50:23",636700
33.95,0.05,5000,"bu","09:50:21",635700
33.95,0.05,200,"bu","09:49:52",630700
33.9,0,200,"sd","09:48:59",630500
33.95,0.05,1000,"bu","09:48:54",630300
33.9,0,300,"sd","09:48:52",629300
33.9,0,100,"sd","09:48:27",629000
33.9,0,200,"sd","09:48:27",628900
33.9,0,500,"sd","09:48:23",628700
33.95,0.05,3500,"bu","09:48:16",628200
33.95,0.05,100,"bu","09:48:07",624700
33.95,0.05,100,"sd","09:47:26",624600
33.95,0.05,1000,"sd","09:47:25",624500
33.95,0.05,100,"sd","09:47:15",623500
34,0.1,2800,"bu","09:46:51",623400
33.95,0.05,200,"sd","09:46:51",620600
34,0.1,1000,"bu","09:46:20",620400
34,0.1,300,"bu","09:46:10",619400
34,0.1,100,"bu","09:46:06",619100
34,0.1,100,"bu","09:45:54",619000
33.95,0.05,1100,"sd","09:45:54",618900
33.95,0.05,200,"sd","09:45:36",617800
34,0.1,900,"bu","09:45:15",617600
33.95,0.05,4100,"bu","09:45:14",616700
33.95,0.05,2000,"bu","09:44:52",612600
33.9,0,500,"sd","09:44:15",610600
33.9,0,1000,"sd","09:44:12",610100
33.9,0,600,"sd","09:43:53",609100
33.9,0,300,"sd","09:43:51",608500
33.9,0,200,"sd","09:43:48",608200
33.9,0,300,"sd","09:43:46",608000
33.95,0.05,300,"bu","09:43:45",607700
33.9,0,500,"sd","09:43:23",607400
33.95,0.05,100,"bu","09:43:19",606900
33.9,0,600,"sd","09:43:12",606800
33.95,0.05,500,"bu","09:43:12",606200
33.95,0.05,100,"bu","09:42:55",605700
33.95,0.05,200,"bu","09:42:52",605600
33.95,0.05,100,"bu","09:42:51",605400
33.95,0.05,2000,"bu","09:42:34",605300
33.9,0,100,"bu","09:42:09",603300
33.9,0,100,"bu","09:42:05",603200
33.9,0,100,"bu","09:42:01",603100
33.9,0,100,"bu","09:42:00",603000
33.9,0,10000,"bu","09:41:58",602900
33.9,0,1000,"bu","09:41:57",592900
33.9,0,1000,"bu","09:41:47",591900
33.9,0,300,"bu","09:41:32",590900
33.9,0,100,"bu","09:41:28",590600
33.85,-0.05,1300,"sd","09:40:22",590500
33.85,-0.05,2000,"sd","09:40:08",589200
33.85,-0.05,4200,"bu","09:39:25",587200
33.85,-0.05,2300,"bu","09:39:15",583000
33.85,-0.05,100,"bu","09:38:52",580700
33.85,-0.05,200,"bu","09:38:46",580600
33.85,-0.05,500,"bu","09:38:40",580400
33.85,-0.05,200,"bu","09:38:39",579900
33.85,-0.05,5000,"bu","09:38:23",579700
33.8,-0.1,200,"sd","09:38:09",574700
33.85,-0.05,1000,"bu","09:38:04",574500
33.8,-0.1,100,"sd","09:38:04",573500
33.8,-0.1,300,"sd","09:37:54",573400
33.8,-0.1,2300,"sd","09:37:51",573100
33.85,-0.05,300,"bu","09:37:37",570800
33.85,-0.05,500,"sd","09:37:32",570500
33.85,-0.05,500,"sd","09:37:20",570000
33.9,0,100,"bu","09:37:16",569500
33.9,0,300,"bu","09:37:00",569400
33.85,-0.05,100,"bu","09:36:57",569100
33.8,-0.1,5000,"sd","09:36:39",569000
33.8,-0.1,400,"sd","09:36:29",564000
33.85,-0.05,100,"sd","09:36:09",563600
33.9,0,2100,"sd","09:35:59",563500
33.9,0,8000,"sd","09:35:58",561400
33.9,0,5000,"sd","09:35:46",553400
33.9,0,700,"sd","09:35:39",548400
33.9,0,1700,"sd","09:35:38",547700
33.9,0,200,"sd","09:35:32",546000
33.9,0,900,"sd","09:35:27",545800
33.9,0,3000,"sd","09:34:57",544900
33.9,0,2000,"sd","09:34:54",541900
33.9,0,100,"sd","09:34:53",539900
33.9,0,1000,"sd","09:34:43",539800
33.95,0.05,500,"bu","09:34:42",538800
33.9,0,600,"sd","09:34:31",538300
33.9,0,500,"sd","09:34:28",537700
33.9,0,2500,"sd","09:34:25",537200
33.9,0,200,"sd","09:34:20",534700
33.9,0,800,"sd","09:34:15",534500
33.95,0.05,2500,"sd","09:34:12",533700
33.95,0.05,2000,"sd","09:34:11",531200
33.95,0.05,200,"sd","09:34:05",529200
33.95,0.05,5000,"sd","09:33:53",529000
34,0.1,1000,"bu","09:33:35",524000
34,0.1,300,"bu","09:33:31",523000
34,0.1,1000,"bu","09:33:20",522700
34,0.1,500,"bu","09:32:58",521700
34,0.1,100,"bu","09:32:51",521200
34,0.1,2000,"sd","09:32:49",521100
34,0.1,700,"bu","09:32:45",519100
34,0.1,1000,"bu","09:32:39",518400
34,0.1,1500,"bu","09:32:36",517400
34,0.1,17200,"sd","09:32:31",515900
34,0.1,1000,"sd","09:32:30",498700
34,0.1,400,"sd","09:32:29",497700
34,0.1,500,"sd","09:32:28",497300
34,0.1,1000,"sd","09:32:27",496800
34,0.1,100,"sd","09:32:22",495800
34,0.1,100,"sd","09:32:21",495700
34,0.1,500,"sd","09:32:17",495600
34,0.1,1200,"sd","09:32:10",495100
34,0.1,5400,"sd","09:32:09",493900
34.05,0.15,1000,"bu","09:32:08",488500
34,0.1,300,"sd","09:31:54",487500
34.05,0.15,4900,"sd","09:31:42",487200
34.05,0.15,100,"bu","09:31:38",482300
34,0.1,1100,"sd","09:31:31",482200
34.05,0.15,2200,"sd","09:31:31",481100
34.05,0.15,1000,"sd","09:31:30",478900
34.1,0.2,100,"bu","09:31:29",477900
34.05,0.15,3300,"sd","09:31:28",477800
34.05,0.15,100,"sd","09:31:26",474500
34.05,0.15,5000,"sd","09:31:23",474400
34.05,0.15,1500,"sd","09:31:17",469400
34.05,0.15,500,"sd","09:31:13",467900
34.05,0.15,500,"sd","09:31:04",467400
34.1,0.2,400,"bu","09:30:56",466900
34.05,0.15,1500,"sd","09:30:54",466500
34.05,0.15,7500,"sd","09:30:50",465000
34.1,0.2,100,"bu","09:30:35",457500
34.1,0.2,100,"bu","09:30:31",457400
34.1,0.2,500,"bu","09:30:08",457300
34.1,0.2,500,"bu","09:29:59",456800
34.1,0.2,100,"bu","09:29:58",456300
34.1,0.2,2100,"sd","09:29:57",456200
34.15,0.25,300,"bu","09:29:50",454100
34.15,0.25,800,"bu","09:29:35",453800
34.15,0.25,200,"bu","09:29:35",453000
34.15,0.25,300,"bu","09:29:32",452800
34.15,0.25,100,"bu","09:29:32",452500
34.15,0.25,3800,"bu","09:29:28",452400
34.1,0.2,100,"bu","09:29:17",446400
34.1,0.2,500,"bu","09:29:14",446300
34.05,0.15,1000,"bu","09:29:10",445800
34,0.1,1000,"sd","09:29:08",444800
34,0.1,500,"sd","09:28:47",443800
34,0.1,2700,"bu","09:28:20",443300
34,0.1,5400,"bu","09:28:20",440600
33.95,0.05,1000,"sd","09:28:20",435200
34,0.1,2000,"bu","09:28:20",434200
34,0.1,200,"bu","09:28:19",432200
34,0.1,500,"bu","09:28:10",432000
34,0.1,1000,"bu","09:28:04",431500
34,0.1,100,"bu","09:27:56",430500
34,0.1,200,"bu","09:27:54",430400
34,0.1,1000,"bu","09:27:50",430200
34,0.1,1000,"bu","09:27:45",429200
34,0.1,300,"bu","09:27:44",428200
34,0.1,1000,"bu","09:27:29",427900
34,0.1,2000,"bu","09:27:21",426900
34,0.1,600,"bu","09:27:17",424900
34,0.1,1000,"bu","09:27:13",424300
34,0.1,2600,"bu","09:27:10",423300
34,0.1,400,"bu","09:27:10",420700
34,0.1,200,"bu","09:26:58",420300
34,0.1,3000,"bu","09:26:55",420100
33.95,0.05,300,"sd","09:26:50",417100
34,0.1,1000,"bu","09:26:43",416800
33.95,0.05,600,"sd","09:26:41",415800
34,0.1,500,"bu","09:26:40",415200
33.95,0.05,100,"bu","09:26:30",414700
33.95,0.05,300,"bu","09:26:29",414600
33.95,0.05,900,"bu","09:26:21",414300
33.95,0.05,200,"bu","09:26:17",413400
33.9,0,6600,"bu","09:26:11",413200
33.7,-0.2,200,"bu","09:25:51",406600
33.7,-0.2,1000,"bu","09:25:39",406400
33.6,-0.3,500,"bu","09:25:38",405400
33.6,-0.3,4500,"sd","09:25:38",404900
33.6,-0.3,600,"bu","09:25:30",400400
33.6,-0.3,700,"bu","09:25:29",399800
33.6,-0.3,1000,"bu","09:25:27",399100
33.6,-0.3,100,"bu","09:25:26",398100
33.6,-0.3,100,"bu","09:25:22",398000
33.6,-0.3,500,"bu","09:25:15",397900
33.6,-0.3,1300,"bu","09:25:11",397400
33.6,-0.3,7300,"sd","09:25:03",396100
33.7,-0.2,1000,"bu","09:24:58",388800
33.6,-0.3,1000,"sd","09:24:51",387800
33.7,-0.2,400,"bu","09:24:44",386800
33.7,-0.2,7900,"sd","09:24:42",386400
33.7,-0.2,200,"sd","09:24:30",378500
33.8,-0.1,5000,"bu","09:24:30",378300
33.8,-0.1,10000,"bu","09:24:26",373300
33.8,-0.1,1000,"bu","09:24:21",363300
33.7,-0.2,4000,"sd","09:24:11",362300
33.7,-0.2,3800,"bu","09:24:07",358300
33.5,-0.4,400,"sd","09:24:05",354500
33.5,-0.4,4000,"sd","09:24:03",354100
33.5,-0.4,3700,"sd","09:23:55",350100
33.65,-0.25,800,"sd","09:23:55",346400
33.65,-0.25,200,"bu","09:23:52",345600
33.5,-0.4,7400,"bu","09:23:46",345400
33.5,-0.4,100,"bu","09:23:44",337500
33.5,-0.4,100,"bu","09:23:42",337400
33.5,-0.4,2000,"sd","09:23:41",337300
33.5,-0.4,1400,"sd","09:23:36",335300
33.5,-0.4,7600,"bu","09:23:35",333900
33.5,-0.4,300,"bu","09:23:30",326300
33.5,-0.4,100,"bu","09:23:29",326000
33.5,-0.4,300,"bu","09:23:23",325900
33.5,-0.4,5000,"bu","09:23:22",325600
33.4,-0.5,5000,"sd","09:23:21",320600
33.5,-0.4,500,"bu","09:23:07",315600
33.4,-0.5,1100,"bu","09:23:04",315100
33.4,-0.5,100,"bu","09:23:03",314000
33.4,-0.5,300,"bu","09:23:02",313900
33.4,-0.5,2000,"sd","09:23:01",313600
33.5,-0.4,100,"bu","09:23:00",311600
33.5,-0.4,700,"sd","09:23:00",311500
33.5,-0.4,1000,"sd","09:22:59",310800
33.4,-0.5,1000,"bu","09:22:49",309800
33.35,-0.55,600,"sd","09:22:49",308800
33.3,-0.6,100,"sd","09:22:41",308200
33.35,-0.55,800,"sd","09:22:41",308100
33.4,-0.5,100,"sd","09:22:41",307300
33.35,-0.55,100,"sd","09:22:36",307200
33.4,-0.5,3900,"sd","09:22:36",307100
33.4,-0.5,2300,"bu","09:22:32",303200
33.35,-0.55,1000,"sd","09:22:31",300900
33.4,-0.5,500,"bu","09:22:28",299900
33.4,-0.5,100,"bu","09:22:23",299400
33.4,-0.5,100,"bu","09:22:22",299300
33.4,-0.5,800,"sd","09:22:20",299200
33.4,-0.5,1200,"sd","09:22:20",298400
33.6,-0.3,500,"bu","09:22:18",297200
33.4,-0.5,7800,"sd","09:22:17",296700
33.4,-0.5,500,"sd","09:22:08",288900
33.5,-0.4,500,"sd","09:22:08",288400
33.5,-0.4,500,"sd","09:22:04",287900
33.65,-0.25,200,"sd","09:21:57",287400
33.65,-0.25,100,"sd","09:21:45",287200
33.4,-0.5,5100,"sd","09:21:39",287100
33.45,-0.45,2500,"sd","09:21:39",282000
33.5,-0.4,3600,"sd","09:21:39",279500
33.5,-0.4,7500,"sd","09:21:38",275900
33.55,-0.35,700,"sd","09:21:38",268400
33.6,-0.3,3900,"sd","09:21:38",267700
33.65,-0.25,1000,"sd","09:21:38",263800
33.7,-0.2,1700,"sd","09:21:38",262800
33.75,-0.15,200,"sd","09:21:38",261100
33.8,-0.1,500,"bu","09:21:37",260900
33.8,-0.1,500,"sd","09:21:33",260400
33.8,-0.1,200,"sd","09:21:32",259900
33.8,-0.1,300,"bu","09:21:30",259700
33.8,-0.1,3200,"sd","09:21:22",259400
33.9,0,1000,"bu","09:21:15",256200
33.8,-0.1,2000,"sd","09:21:07",255200
33.8,-0.1,2000,"sd","09:21:04",253200
33.8,-0.1,2000,"sd","09:21:03",251200
33.9,0,300,"bu","09:20:52",249200
33.9,0,1000,"bu","09:20:51",248900
33.9,0,200,"bu","09:20:50",247900
33.8,-0.1,700,"sd","09:20:49",247700
33.9,0,200,"sd","09:20:38",247000
33.9,0,700,"sd","09:20:36",246800
33.9,0,4700,"sd","09:20:35",246100
33.9,0,2000,"sd","09:20:33",241400
33.9,0,300,"sd","09:20:33",239400
33.9,0,2000,"sd","09:20:32",239100
33.9,0,900,"sd","09:20:28",237100
33.9,0,100,"sd","09:20:26",236200
33.9,0,500,"sd","09:20:15",236100
33.9,0,5000,"sd","09:20:10",235600
33.9,0,5000,"sd","09:20:07",230600
34,0.1,1500,"bu","09:20:00",225600
33.9,0,9000,"sd","09:19:49",224100
34,0.1,2000,"bu","09:19:46",215100
33.9,0,3000,"sd","09:19:46",213100
33.9,0,400,"sd","09:19:45",210100
33.9,0,600,"sd","09:19:44",209700
33.9,0,8000,"sd","09:19:31",209100
33.95,0.05,13600,"sd","09:19:31",201100
33.95,0.05,1000,"sd","09:19:26",187500
33.95,0.05,2000,"sd","09:19:24",186500
34,0.1,2000,"bu","09:19:22",184500
33.95,0.05,1000,"sd","09:19:21",182500
33.95,0.05,1000,"sd","09:19:12",181500
33.95,0.05,5900,"bu","09:19:11",180500
33.9,0,1000,"sd","09:19:08",174600
33.95,0.05,100,"bu","09:19:04",173600
33.9,0,400,"sd","09:19:02",173500
33.9,0,100,"sd","09:18:55",173100
33.9,0,2600,"sd","09:18:54",173000
33.95,0.05,7200,"sd","09:18:54",170400
34,0.1,100,"bu","09:18:53",163200
33.95,0.05,2000,"sd","09:18:43",163100
33.95,0.05,700,"sd","09:18:30",161100
34,0.1,500,"bu","09:18:27",160400
33.95,0.05,100,"sd","09:18:24",159900
34,0.1,1000,"bu","09:18:23",159800
34,0.1,100,"bu","09:18:20",158800
34,0.1,4100,"sd","09:18:19",158700
34,0.1,1900,"sd","09:18:18",154600
34,0.1,500,"sd","09:18:09",152700
34,0.1,1000,"sd","09:18:02",152200
34,0.1,800,"sd","09:17:55",151200
34,0.1,300,"bu","09:17:54",150400
33.95,0.05,1300,"sd","09:17:52",150100
33.95,0.05,2500,"sd","09:17:47",148800
34,0.1,1500,"sd","09:17:47",146300
34.05,0.15,1000,"sd","09:17:47",144800
34.05,0.15,1000,"sd","09:17:46",143800
34,0.1,1500,"bu","09:17:39",142800
34,0.1,100,"bu","09:17:38",141300
34,0.1,600,"sd","09:17:37",141200
34.05,0.15,500,"sd","09:17:33",140600
34,0.1,200,"sd","09:17:25",140100
34,0.1,8000,"sd","09:17:23",139900
34,0.1,1000,"sd","09:17:17",131900
34,0.1,1300,"sd","09:17:14",130900
34,0.1,500,"sd","09:17:12",129600
34,0.1,500,"sd","09:17:00",129100
34.15,0.25,500,"bu","09:16:59",128600
34,0.1,3500,"sd","09:16:50",128100
34.15,0.25,2000,"sd","09:16:50",124600
34.15,0.25,5300,"sd","09:16:46",122600
34.15,0.25,200,"sd","09:16:39",117300
34.15,0.25,500,"sd","09:16:31",117100
34.15,0.25,200,"sd","09:16:29",116600
34.15,0.25,100,"sd","09:16:26",116400
34.15,0.25,500,"sd","09:16:22",116300
34.2,0.3,500,"sd","09:16:22",115800
34.15,0.25,1000,"sd","09:16:01",115300
34.15,0.25,1500,"sd","09:15:56",114300
34.15,0.25,1000,"sd","09:15:32",112800
34.4,0.5,300,"sd","09:15:31",111800
34.4,0.5,700,"bu","09:15:29",111500
34.4,0.5,500,"bu","09:15:24",110800
34.4,0.5,800,"sd","09:15:21",110300
34.4,0.5,900,"sd","09:15:20",109500
34.4,0.5,1000,"sd","09:15:20",108600
34.4,0.5,107600,"","09:15:02",107600
