"price","change","match_qtty","side","time","total_vol"
26.4,0.55,1336600,"","14:45:31",26228500
26.2,0.35,1500,"bu","14:32:08",24891900
26.2,0.35,3500,"bu","14:32:08",24890400
26.2,0.35,29300,"bu","14:32:07",24886900
26.2,0.35,1100,"bu","14:32:07",24857600
26.15,0.3,150000,"sd","14:32:06",24856500
26.2,0.35,5000,"bu","14:32:06",24706500
26.2,0.35,600,"bu","14:32:05",24701500
26.2,0.35,1000,"bu","14:32:05",24700900
26.2,0.35,2000,"bu","14:32:04",24699900
26.2,0.35,8000,"bu","14:32:03",24697900
26.15,0.3,5000,"sd","14:32:03",24689900
26.2,0.35,100,"bu","14:32:02",24684900
26.15,0.3,1000,"sd","14:32:02",24684800
26.2,0.35,4000,"bu","14:32:02",24683800
26.15,0.3,100,"sd","14:32:02",24679800
26.2,0.35,8000,"bu","14:32:00",24679700
26.15,0.3,500,"sd","14:32:00",24671700
26.2,0.35,50000,"bu","14:31:59",24671200
26.15,0.3,10700,"bu","14:31:58",24621200
26.1,0.25,200,"sd","14:31:58",24610500
26.15,0.3,200,"bu","14:31:57",24610300
26.15,0.3,1500,"bu","14:31:56",24610100
26.15,0.3,11400,"bu","14:31:55",24608600
26.15,0.3,6500,"bu","14:31:54",24597200
26.1,0.25,100,"sd","14:31:54",24590700
26.15,0.3,1400,"bu","14:31:54",24590600
26.15,0.3,100,"bu","14:31:53",24589200
26.15,0.3,500,"bu","14:31:52",24589100
26.1,0.25,300,"sd","14:31:52",24588600
26.15,0.3,100500,"bu","14:31:52",24588300
26.1,0.25,300,"sd","14:31:52",24487800
26.15,0.3,8400,"bu","14:31:52",24487500
26.15,0.3,50400,"bu","14:31:51",24479100
26.1,0.25,500,"sd","14:31:51",24428700
26.15,0.3,46400,"bu","14:31:49",24418200
26.1,0.25,5000,"sd","14:31:49",24371800
26.1,0.25,600,"sd","14:31:48",24366800
26.15,0.3,300,"bu","14:31:48",24366200
26.15,0.3,1000,"bu","14:31:48",24355900
26.1,0.25,1000,"sd","14:31:47",24354900
26.15,0.3,100000,"bu","14:31:47",24353900
26.1,0.25,1400,"sd","14:31:44",24253900
26.15,0.3,1000,"bu","14:31:43",24252500
26.1,0.25,200,"sd","14:31:43",24251500
26.15,0.3,7100,"bu","14:31:42",24251300
26.1,0.25,28900,"bu","14:31:42",24244200
26.05,0.2,1500,"sd","14:31:42",24215300
26.05,0.2,100,"sd","14:31:41",24213800
26.1,0.25,3000,"bu","14:31:41",24213700
26.05,0.2,100,"sd","14:31:39",24210700
26.1,0.25,3000,"bu","14:31:39",24210600
26.1,0.25,50100,"bu","14:31:36",24207600
26.1,0.25,2000,"bu","14:31:35",24157500
26.05,0.2,20000,"sd","14:31:35",24155500
26.05,0.2,2000,"sd","14:31:33",24135500
26.1,0.25,10200,"bu","14:31:33",24133500
26.05,0.2,500,"sd","14:31:31",24123300
26.1,0.25,4900,"bu","14:31:31",24122800
26.1,0.25,36700,"bu","14:31:30",24117900
26.05,0.2,5000,"sd","14:31:30",24081200
26.1,0.25,1100,"bu","14:31:29",24076200
26.1,0.25,38000,"bu","14:31:28",24075100
26.05,0.2,800,"sd","14:31:28",24037100
26.05,0.2,2000,"sd","14:31:26",24036300
26.05,0.2,500,"sd","14:31:24",24034300
26.1,0.25,3400,"bu","14:31:24",24033800
26.05,0.2,10100,"sd","14:31:21",24030400
26.1,0.25,100000,"bu","14:31:19",24020300
26.05,0.2,1000,"sd","14:31:19",23920300
26.05,0.2,100,"sd","14:31:14",23919300
26.05,0.2,1000,"sd","14:31:13",23919200
26.05,0.2,1100,"sd","14:31:12",23918200
26.05,0.2,32100,"bu","14:31:10",23917100
26,0.15,1000,"sd","14:31:07",23885000
26.05,0.2,20500,"bu","14:31:07",23884000
26.05,0.2,700,"bu","14:31:06",23863500
26.05,0.2,63500,"bu","14:31:06",23862800
26.05,0.2,9400,"bu","14:31:05",23799300
26.05,0.2,80000,"bu","14:31:05",23789900
26,0.15,50000,"sd","14:31:04",23709900
26.05,0.2,7000,"bu","14:31:04",23659900
26,0.15,1000,"sd","14:31:01",23652900
26,0.15,100,"sd","14:31:01",23651900
26.05,0.2,100,"bu","14:30:57",23651800
26,0.15,4800,"sd","14:30:52",23651700
26,0.15,3700,"sd","14:30:50",23646900
26.05,0.2,1000,"bu","14:30:42",23643200
26,0.15,56800,"bu","14:30:42",23642200
26,0.15,39800,"bu","14:30:41",23585400
26,0.15,200,"bu","14:30:41",23545600
26,0.15,1000,"bu","14:30:39",23545400
26,0.15,300,"bu","14:30:38",23544400
26,0.15,7000,"bu","14:30:36",23544100
26,0.15,500,"bu","14:30:34",23537100
26,0.15,8500,"bu","14:30:33",23536600
26,0.15,1000,"bu","14:30:32",23528100
25.95,0.1,500,"sd","14:30:26",23527100
26,0.15,2000,"bu","14:30:24",23526600
26,0.15,5700,"bu","14:30:24",23524600
25.95,0.1,18300,"sd","14:30:24",23518900
26,0.15,59800,"bu","14:30:09",23500600
25.95,0.1,5000,"sd","14:30:05",23440800
25.95,0.1,1300,"bu","14:29:57",23435800
25.95,0.1,200,"bu","14:29:51",23434500
25.95,0.1,100,"sd","14:29:50",23434300
26,0.15,13700,"bu","14:29:48",23434200
25.95,0.1,2200,"bu","14:29:48",23420500
25.95,0.1,9800,"bu","14:29:45",23418300
25.9,0.05,400,"sd","14:29:43",23408500
25.9,0.05,4000,"sd","14:29:42",23408100
25.95,0.1,600,"bu","14:29:39",23404100
25.9,0.05,500,"sd","14:29:37",23403500
25.95,0.1,100,"bu","14:29:37",23403000
25.95,0.1,15900,"bu","14:29:34",23402900
25.95,0.1,5900,"bu","14:29:31",23387000
25.9,0.05,6500,"bu","14:29:31",23381100
25.9,0.05,600,"bu","14:29:29",23374600
25.9,0.05,200,"bu","14:29:27",23374000
25.9,0.05,1000,"bu","14:29:25",23373800
25.9,0.05,1000,"bu","14:29:24",23372800
25.9,0.05,16900,"bu","14:29:23",23371800
25.85,0,5000,"sd","14:29:23",23354900
25.9,0.05,500,"bu","14:29:23",23349900
25.9,0.05,2000,"bu","14:29:21",23349400
25.9,0.05,31200,"bu","14:29:20",23347400
25.9,0.05,500,"bu","14:29:14",23316200
25.85,0,500,"sd","14:29:14",23315700
25.9,0.05,4000,"bu","14:29:14",23315200
25.9,0.05,1200,"bu","14:29:11",23311200
25.9,0.05,12800,"sd","14:29:10",23310000
25.95,0.1,10400,"bu","14:29:10",23297200
25.95,0.1,4500,"bu","14:29:09",23286800
25.9,0.05,400,"sd","14:29:05",23282300
25.9,0.05,1000,"sd","14:29:04",23281900
25.95,0.1,12400,"bu","14:28:59",23280900
25.9,0.05,6500,"bu","14:28:56",23268500
25.9,0.05,100,"bu","14:28:55",23262000
25.9,0.05,2000,"bu","14:28:30",23261900
25.85,0,6100,"sd","14:28:28",23259900
25.9,0.05,200,"sd","14:28:24",23253800
25.9,0.05,9900,"bu","14:28:23",23253600
25.85,0,2800,"sd","14:28:22",23243700
25.85,0,4400,"sd","14:28:19",23240900
25.9,0.05,8000,"bu","14:28:18",23236500
25.9,0.05,100,"bu","14:28:18",23228500
25.9,0.05,400,"bu","14:28:11",23228400
25.85,0,20000,"sd","14:28:10",23228000
25.9,0.05,7400,"sd","14:28:09",23208000
25.9,0.05,5400,"bu","14:28:08",23200600
25.9,0.05,100,"bu","14:28:06",23195200
25.9,0.05,5000,"bu","14:28:04",23195100
25.9,0.05,1700,"bu","14:28:03",23190100
25.9,0.05,500,"bu","14:28:02",23188400
25.85,0,15900,"sd","14:27:57",23187900
25.85,0,100,"sd","14:27:57",23172000
25.9,0.05,900,"bu","14:27:54",23171900
25.9,0.05,600,"bu","14:27:53",23171000
25.9,0.05,200,"bu","14:27:50",23170400
25.9,0.05,500,"bu","14:27:46",23170200
25.9,0.05,1000,"bu","14:27:41",23169700
25.9,0.05,200,"bu","14:27:40",23168700
25.9,0.05,100,"bu","14:27:35",23168500
25.85,0,15900,"sd","14:27:21",23168400
25.9,0.05,800,"bu","14:27:20",23152500
25.9,0.05,200,"bu","14:27:20",23151700
25.9,0.05,200,"bu","14:27:14",23151500
25.9,0.05,3000,"bu","14:27:13",23151300
25.85,0,15900,"sd","14:27:12",23148300
25.9,0.05,1000,"bu","14:27:11",23132400
25.9,0.05,43500,"sd","14:27:07",23131400
25.95,0.1,100,"bu","14:27:06",23087900
25.9,0.05,1000,"sd","14:27:06",23087800
25.95,0.1,1000,"bu","14:27:05",23086800
25.95,0.1,100,"bu","14:27:04",23085800
25.9,0.05,1400,"sd","14:27:04",23085700
25.95,0.1,2400,"sd","14:27:00",23084300
25.95,0.1,200,"sd","14:26:56",23081900
25.95,0.1,2000,"sd","14:26:36",23081700
25.95,0.1,4600,"bu","14:26:35",23079700
25.95,0.1,31500,"bu","14:26:35",23075100
25.95,0.1,500,"bu","14:26:34",23043600
25.9,0.05,300,"sd","14:26:34",23043100
25.95,0.1,5000,"bu","14:26:33",23042800
25.95,0.1,2000,"bu","14:26:27",23037800
25.9,0.05,10200,"sd","14:26:27",23035800
25.9,0.05,400,"sd","14:26:27",23025600
25.95,0.1,1000,"bu","14:26:25",23025200
25.95,0.1,100,"bu","14:26:24",23024200
25.95,0.1,300,"bu","14:26:20",23024100
25.95,0.1,500,"bu","14:26:20",23023800
25.95,0.1,1000,"bu","14:26:13",23023300
25.95,0.1,2500,"bu","14:26:09",23022300
25.95,0.1,100,"bu","14:26:09",23019800
25.95,0.1,200,"bu","14:26:07",23019700
25.95,0.1,16000,"bu","14:26:05",23019500
25.95,0.1,3400,"bu","14:25:59",23003500
25.95,0.1,600,"bu","14:25:58",23000100
25.9,0.05,1000,"sd","14:25:54",22999500
25.95,0.1,9900,"bu","14:25:53",22998500
25.95,0.1,200,"bu","14:25:51",22988600
25.9,0.05,200,"sd","14:25:48",22988400
25.95,0.1,9800,"bu","14:25:47",22988200
25.95,0.1,100,"bu","14:25:46",22978400
25.9,0.05,100,"sd","14:25:45",22978300
25.95,0.1,2600,"bu","14:25:43",22978200
25.9,0.05,100,"sd","14:25:43",22975600
25.95,0.1,2000,"bu","14:25:42",22975500
25.95,0.1,2600,"bu","14:25:41",22973500
25.95,0.1,1000,"bu","14:25:39",22970900
25.9,0.05,1400,"sd","14:25:35",22969900
25.95,0.1,5000,"bu","14:25:34",22968500
25.95,0.1,500,"bu","14:25:33",22963500
25.9,0.05,500,"sd","14:25:31",22963000
26,0.15,4500,"bu","14:25:30",22962500
25.95,0.1,5500,"bu","14:25:30",22958000
25.95,0.1,2000,"bu","14:25:24",22952500
25.95,0.1,300,"bu","14:25:23",22950500
25.95,0.1,1400,"sd","14:25:21",22950200
25.95,0.1,100,"sd","14:25:19",22948800
26,0.15,1000,"bu","14:25:18",22948700
25.95,0.1,2200,"bu","14:25:18",22947700
25.95,0.1,100,"bu","14:25:16",22945500
25.95,0.1,8800,"sd","14:25:15",22945400
25.95,0.1,200,"sd","14:25:15",22936600
25.95,0.1,2100,"sd","14:25:12",22936400
25.95,0.1,300,"sd","14:25:10",22934300
25.95,0.1,24400,"bu","14:25:08",22934000
25.9,0.05,1200,"sd","14:25:06",22909600
25.95,0.1,7900,"bu","14:25:04",22908400
25.9,0.05,3100,"bu","14:25:04",22900500
25.85,0,1600,"sd","14:25:02",22897400
25.9,0.05,100,"bu","14:25:00",22895800
25.9,0.05,800,"bu","14:24:55",22895700
25.9,0.05,9800,"bu","14:24:55",22894900
25.9,0.05,4500,"bu","14:24:51",22885100
25.8,-0.05,6000,"sd","14:24:48",22880600
25.9,0.05,2500,"bu","14:24:47",22874600
25.85,0,2500,"bu","14:24:47",22872100
25.8,-0.05,5000,"sd","14:24:47",22869600
25.8,-0.05,1000,"sd","14:24:46",22864600
25.85,0,11000,"bu","14:24:45",22863600
25.85,0,100,"bu","14:24:41",22852600
25.85,0,11400,"bu","14:24:40",22852500
25.8,-0.05,17700,"bu","14:24:40",22841100
25.8,-0.05,6000,"bu","14:24:37",22823400
25.75,-0.1,200,"sd","14:24:37",22817400
25.75,-0.1,200,"sd","14:24:33",22817200
25.8,-0.05,300,"bu","14:24:33",22817000
25.75,-0.1,400,"sd","14:24:31",22816700
25.8,-0.05,11400,"bu","14:24:30",22816300
25.8,-0.05,66000,"sd","14:24:30",22804900
25.8,-0.05,12600,"sd","14:24:29",22738900
25.85,0,24800,"sd","14:24:29",22726300
25.9,0.05,1000,"bu","14:24:27",22701500
25.85,0,200,"sd","14:24:27",22700500
25.85,0,100,"sd","14:24:26",22700300
25.85,0,5000,"sd","14:24:23",22700200
25.9,0.05,1000,"bu","14:24:21",22695200
25.85,0,100,"sd","14:24:18",22694200
25.9,0.05,1000,"bu","14:24:18",22694100
25.9,0.05,4200,"bu","14:24:17",22693100
25.85,0,8800,"bu","14:24:15",22688900
25.85,0,10000,"bu","14:24:11",22680100
25.8,-0.05,200,"sd","14:24:10",22670100
25.85,0,700,"bu","14:24:09",22669900
25.8,-0.05,1200,"sd","14:24:09",22669200
25.8,-0.05,7500,"bu","14:24:06",22668000
25.8,-0.05,500,"bu","14:24:05",22660500
25.8,-0.05,3000,"bu","14:24:03",22660000
25.8,-0.05,2000,"bu","14:24:03",22657000
25.8,-0.05,15000,"bu","14:24:02",22655000
25.8,-0.05,200,"bu","14:24:01",22640000
25.8,-0.05,100,"bu","14:23:59",22639800
25.8,-0.05,60000,"bu","14:23:57",22639700
25.8,-0.05,500,"bu","14:23:56",22579700
25.75,-0.1,700,"sd","14:23:55",22579200
25.8,-0.05,1500,"bu","14:23:54",22578500
25.75,-0.1,15200,"sd","14:23:54",22577000
25.75,-0.1,100,"sd","14:23:52",22561800
25.75,-0.1,500,"sd","14:22:26",22561700
25.75,-0.1,1700,"sd","14:22:25",22561200
25.8,-0.05,200,"bu","14:22:25",22559500
25.75,-0.1,3500,"bu","14:22:24",22559300
25.75,-0.1,400,"bu","14:22:22",22555800
25.7,-0.15,5000,"sd","14:22:21",22555400
25.75,-0.1,1000,"bu","14:22:20",22550400
25.7,-0.15,700,"sd","14:22:16",22549400
25.75,-0.1,2800,"sd","14:22:16",22548700
25.75,-0.1,13000,"bu","14:22:15",22545900
25.7,-0.15,15000,"sd","14:22:15",22532900
25.7,-0.15,4600,"sd","14:22:13",22517900
25.75,-0.1,100,"bu","14:22:13",22513300
25.75,-0.1,500,"bu","14:22:13",22513200
25.7,-0.15,500,"sd","14:22:11",22512700
25.75,-0.1,1000,"bu","14:22:11",22512200
25.7,-0.15,100,"sd","14:22:11",22511200
25.75,-0.1,100,"bu","14:22:10",22511100
25.7,-0.15,20800,"sd","14:22:09",22511000
25.75,-0.1,9400,"bu","14:22:07",22490200
25.75,-0.1,5000,"bu","14:22:06",22480800
25.75,-0.1,20000,"bu","14:22:05",22475800
25.75,-0.1,15900,"bu","14:22:04",22455800
25.75,-0.1,1000,"bu","14:21:52",22439900
25.7,-0.15,45800,"bu","14:21:43",22438900
25.7,-0.15,200,"bu","14:21:42",22393100
25.7,-0.15,59300,"bu","14:21:42",22392900
25.7,-0.15,12100,"bu","14:21:41",22333600
25.7,-0.15,26400,"bu","14:21:40",22321500
25.7,-0.15,100,"bu","14:21:38",22295100
25.7,-0.15,11300,"bu","14:21:37",22295000
25.65,-0.2,2000,"sd","14:21:34",22283700
25.7,-0.15,5000,"bu","14:21:32",22281700
25.65,-0.2,4700,"sd","14:21:31",22276700
25.65,-0.2,100,"sd","14:21:29",22272000
25.65,-0.2,2500,"sd","14:21:27",22271900
25.7,-0.15,10600,"bu","14:21:26",22269400
25.65,-0.2,500,"sd","14:21:25",22258800
25.7,-0.15,100,"bu","14:21:25",22258300
25.7,-0.15,15900,"bu","14:21:24",22258200
25.65,-0.2,3300,"bu","14:21:24",22242300
25.65,-0.2,9600,"bu","14:21:23",22239000
25.65,-0.2,1000,"bu","14:21:22",22229400
25.65,-0.2,12400,"bu","14:21:21",22228400
25.65,-0.2,5000,"bu","14:21:19",22216000
25.6,-0.25,1000,"sd","14:21:19",22211000
25.65,-0.2,200,"bu","14:21:18",22210000
25.6,-0.25,500,"sd","14:21:18",22209800
25.65,-0.2,25700,"bu","14:21:16",22209300
25.65,-0.2,1000,"bu","14:21:15",22183600
25.6,-0.25,1000,"sd","14:21:15",22182600
25.65,-0.2,100,"bu","14:21:15",22181600
25.65,-0.2,10400,"bu","14:21:15",22181500
25.65,-0.2,7800,"bu","14:21:09",22171100
25.6,-0.25,300,"sd","14:21:08",22163300
25.65,-0.2,1000,"bu","14:21:07",22163000
25.6,-0.25,600,"sd","14:21:05",22162000
25.6,-0.25,1000,"sd","14:21:04",22161400
25.6,-0.25,3000,"sd","14:21:03",22160400
25.65,-0.2,11700,"bu","14:20:57",22157400
25.6,-0.25,1000,"sd","14:20:56",22145700
25.6,-0.25,5800,"bu","14:20:55",22144700
25.6,-0.25,400,"bu","14:20:54",22138900
25.6,-0.25,400,"bu","14:20:53",22138500
25.6,-0.25,4500,"sd","14:20:52",22138100
25.65,-0.2,7800,"bu","14:20:52",22133600
25.55,-0.3,2500,"bu","14:20:51",22125800
25.55,-0.3,100,"bu","14:20:50",22123300
25.6,-0.25,4500,"bu","14:20:50",22123200
25.55,-0.3,1700,"bu","14:20:50",22118700
25.55,-0.3,150800,"sd","14:20:49",22117000
25.6,-0.25,6000,"sd","14:20:46",21966200
25.6,-0.25,2000,"sd","14:20:45",21960200
25.55,-0.3,4000,"sd","14:20:45",21958200
25.6,-0.25,1000,"sd","14:20:45",21954200
25.55,-0.3,500,"sd","14:20:42",21953200
25.6,-0.25,5500,"sd","14:20:42",21952700
25.6,-0.25,200,"bu","14:20:41",21947200
25.55,-0.3,1000,"sd","14:20:41",21947000
25.6,-0.25,300,"bu","14:20:41",21946000
25.55,-0.3,26800,"sd","14:20:40",21945700
25.6,-0.25,17000,"bu","14:20:40",21918900
25.6,-0.25,6700,"bu","14:20:40",21901900
25.55,-0.3,3500,"sd","14:20:40",21895200
25.6,-0.25,300,"bu","14:20:39",21891700
25.6,-0.25,3000,"bu","14:20:37",21891400
25.55,-0.3,1000,"sd","14:20:37",21888400
25.6,-0.25,8200,"bu","14:20:37",21887400
25.55,-0.3,1900,"sd","14:20:37",21879200
25.6,-0.25,7900,"bu","14:20:36",21877300
25.6,-0.25,13000,"bu","14:20:35",21869400
25.55,-0.3,400,"sd","14:20:35",21856400
25.55,-0.3,2400,"sd","14:20:34",21856000
25.6,-0.25,100,"bu","14:20:34",21853600
25.6,-0.25,4200,"bu","14:20:33",21853500
25.6,-0.25,200,"bu","14:20:33",21849300
25.6,-0.25,1000,"bu","14:20:32",21849100
25.6,-0.25,2300,"bu","14:20:31",21848100
25.6,-0.25,49000,"sd","14:20:31",21845800
25.6,-0.25,3000,"sd","14:20:29",21796800
25.6,-0.25,50000,"sd","14:20:28",21793800
25.6,-0.25,100,"sd","14:20:26",21743800
25.65,-0.2,6500,"bu","14:20:25",21743700
25.65,-0.2,10000,"bu","14:20:25",21737200
25.6,-0.25,2000,"sd","14:20:25",21727200
25.6,-0.25,4100,"sd","14:20:23",21725200
25.65,-0.2,1000,"bu","14:20:23",21721100
25.6,-0.25,200,"sd","14:20:22",21720100
25.65,-0.2,2000,"bu","14:20:21",21719900
25.6,-0.25,2000,"sd","14:20:16",21717900
25.65,-0.2,100,"bu","14:20:16",21715900
25.6,-0.25,10000,"sd","14:20:11",21715800
25.65,-0.2,500,"bu","14:20:10",21705800
25.65,-0.2,1000,"bu","14:20:06",21705300
25.6,-0.25,300,"sd","14:20:06",21704300
25.65,-0.2,5000,"bu","14:20:05",21704000
25.6,-0.25,13200,"sd","14:20:04",21699000
25.65,-0.2,20000,"bu","14:20:00",21685800
25.6,-0.25,8000,"sd","14:19:58",21665800
25.65,-0.2,500,"bu","14:19:58",21657800
25.6,-0.25,2400,"sd","14:19:57",21657300
25.65,-0.2,500,"bu","14:19:57",21654900
25.6,-0.25,13400,"sd","14:19:57",21654400
25.6,-0.25,3000,"sd","14:19:55",21641000
25.6,-0.25,12300,"sd","14:19:54",21638000
25.6,-0.25,150700,"sd","14:19:53",21625700
25.6,-0.25,300,"sd","14:19:51",21475000
25.65,-0.2,500,"bu","14:19:51",21474700
25.6,-0.25,3200,"sd","14:19:50",21474200
25.65,-0.2,200,"bu","14:19:50",21471000
25.6,-0.25,800,"sd","14:19:49",21470800
25.65,-0.2,12000,"bu","14:19:49",21470000
25.65,-0.2,1000,"bu","14:19:47",21458000
25.6,-0.25,12000,"sd","14:19:47",21457000
25.6,-0.25,100,"sd","14:19:46",21445000
25.65,-0.2,3200,"bu","14:19:46",21444900
25.6,-0.25,4600,"sd","14:19:45",21441700
25.6,-0.25,200,"sd","14:19:43",21437100
25.65,-0.2,1000,"bu","14:19:42",21436900
25.6,-0.25,5000,"sd","14:19:42",21435900
25.65,-0.2,100,"bu","14:19:41",21430900
25.6,-0.25,4100,"sd","14:19:41",21430800
25.65,-0.2,100,"bu","14:19:41",21426700
25.65,-0.2,700,"bu","14:19:39",21426600
25.65,-0.2,800,"bu","14:19:38",21425900
25.65,-0.2,200,"bu","14:19:37",21425100
25.65,-0.2,9500,"sd","14:19:36",21424900
25.65,-0.2,2500,"sd","14:19:35",21415400
25.65,-0.2,400,"sd","14:19:31",21412900
25.65,-0.2,500,"sd","14:19:30",21412500
25.65,-0.2,1000,"sd","14:19:28",21412000
25.65,-0.2,3000,"sd","14:19:27",21411000
25.65,-0.2,10000,"sd","14:19:26",21408000
25.65,-0.2,600,"sd","14:19:25",21398000
25.65,-0.2,100,"sd","14:19:22",21397400
25.65,-0.2,24000,"sd","14:19:21",21397300
25.65,-0.2,400,"sd","14:19:16",21373300
25.65,-0.2,14700,"sd","14:19:16",21372900
25.65,-0.2,3900,"sd","14:19:15",21358200
25.65,-0.2,500,"sd","14:19:14",21354300
25.65,-0.2,4600,"sd","14:19:13",21353800
25.7,-0.15,700,"bu","14:19:13",21349200
25.65,-0.2,5000,"sd","14:19:13",21348500
25.65,-0.2,5100,"sd","14:19:11",21343500
25.65,-0.2,1000,"sd","14:19:07",21338400
25.65,-0.2,100,"sd","14:19:05",21337400
25.65,-0.2,3100,"sd","14:19:05",21337300
25.65,-0.2,1500,"sd","14:19:04",21334200
25.65,-0.2,1000,"sd","14:19:04",21332700
25.65,-0.2,1000,"sd","14:19:03",21331700
25.65,-0.2,5000,"sd","14:19:00",21330700
25.7,-0.15,11000,"bu","14:18:59",21325700
25.7,-0.15,2000,"bu","14:18:59",21314700
25.65,-0.2,1200,"sd","14:18:59",21312700
25.65,-0.2,1000,"sd","14:18:58",21311500
25.7,-0.15,100,"bu","14:18:54",21310500
25.65,-0.2,2000,"sd","14:18:52",21310400
25.65,-0.2,2000,"sd","14:18:51",21308400
25.65,-0.2,200,"sd","14:18:50",21306400
25.7,-0.15,10000,"bu","14:18:50",21306200
25.7,-0.15,100,"bu","14:18:47",21296200
25.65,-0.2,4000,"sd","14:18:47",21296100
25.7,-0.15,200,"bu","14:18:43",21292100
25.65,-0.2,5000,"sd","14:18:41",21291900
25.65,-0.2,12100,"sd","14:18:41",21286900
25.65,-0.2,5000,"sd","14:18:39",21274800
25.65,-0.2,15000,"sd","14:18:39",21269800
25.7,-0.15,700,"bu","14:18:36",21254800
25.7,-0.15,69900,"sd","14:18:35",21254100
25.7,-0.15,9800,"sd","14:18:34",21184200
25.75,-0.1,900,"bu","14:18:34",21174400
25.7,-0.15,100,"sd","14:18:34",21173500
25.7,-0.15,2100,"sd","14:18:33",21173400
25.7,-0.15,15500,"sd","14:18:32",21171300
25.7,-0.15,8500,"sd","14:18:30",21155800
25.7,-0.15,26000,"sd","14:18:29",21147300
25.7,-0.15,500,"sd","14:18:28",21121300
25.7,-0.15,10100,"sd","14:18:26",21120800
25.7,-0.15,57200,"sd","14:18:26",21110700
25.7,-0.15,38300,"sd","14:18:25",21053500
25.7,-0.15,18500,"sd","14:18:25",21015200
25.7,-0.15,2800,"sd","14:18:23",20996700
25.75,-0.1,2000,"bu","14:18:23",20993900
25.7,-0.15,8000,"sd","14:18:22",20991900
25.7,-0.15,6500,"sd","14:18:21",20983900
25.7,-0.15,3500,"sd","14:18:18",20977400
25.7,-0.15,16700,"sd","14:18:16",20973900
25.7,-0.15,50000,"sd","14:18:13",20957200
25.7,-0.15,12400,"sd","14:18:12",20907200
25.75,-0.1,100,"bu","14:18:11",20894800
25.7,-0.15,41500,"sd","14:18:09",20894700
25.7,-0.15,2000,"sd","14:18:07",20853200
25.7,-0.15,500,"sd","14:18:05",20851200
25.7,-0.15,800,"sd","14:18:01",20850700
25.7,-0.15,300,"sd","14:17:58",20849900
25.7,-0.15,50300,"sd","14:17:57",20849600
25.7,-0.15,18500,"sd","14:17:56",20799300
25.7,-0.15,9800,"sd","14:17:55",20780800
25.7,-0.15,300,"sd","14:17:51",20771000
25.7,-0.15,10000,"sd","14:17:50",20770700
25.7,-0.15,25000,"sd","14:17:50",20760700
25.75,-0.1,1000,"bu","14:17:47",20735700
25.7,-0.15,5000,"sd","14:17:47",20734700
25.7,-0.15,60000,"sd","14:17:46",20729700
25.7,-0.15,2000,"sd","14:17:46",20669700
25.7,-0.15,400,"sd","14:17:44",20667700
25.75,-0.1,400,"bu","14:17:43",20666300
25.7,-0.15,11600,"sd","14:17:42",20665900
25.7,-0.15,15900,"sd","14:17:42",20654300
25.7,-0.15,3600,"sd","14:17:41",20638400
25.7,-0.15,20000,"sd","14:17:37",20634800
25.75,-0.1,100,"bu","14:17:37",20614800
25.7,-0.15,900,"sd","14:17:35",20614700
25.7,-0.15,200,"sd","14:17:34",20613800
25.7,-0.15,10200,"sd","14:17:33",20613600
25.75,-0.1,2200,"sd","14:17:32",20603400
25.75,-0.1,10000,"sd","14:17:31",20601200
25.75,-0.1,600,"sd","14:17:29",20591200
25.75,-0.1,37300,"bu","14:17:28",20590600
25.75,-0.1,300,"sd","14:17:23",20553300
25.8,-0.05,200,"bu","14:17:18",20553000
25.75,-0.1,45900,"sd","14:17:18",20552800
25.75,-0.1,400,"sd","14:17:17",20506900
25.75,-0.1,20000,"sd","14:17:15",20506500
25.8,-0.05,38600,"bu","14:17:15",20486500
25.75,-0.1,3800,"sd","14:17:15",20447900
25.75,-0.1,8400,"sd","14:17:14",20444100
25.75,-0.1,36700,"sd","14:17:14",20435700
25.75,-0.1,300,"sd","14:17:13",20399000
25.75,-0.1,8000,"sd","14:17:11",20398700
25.75,-0.1,4000,"sd","14:17:09",20390700
25.75,-0.1,17900,"sd","14:17:08",20386700
25.75,-0.1,1200,"sd","14:17:07",20368800
25.75,-0.1,15900,"sd","14:17:05",20367600
25.75,-0.1,67600,"sd","14:17:04",20351700
25.75,-0.1,12300,"sd","14:17:02",20284100
25.75,-0.1,1000,"sd","14:16:58",20271800
25.8,-0.05,1000,"bu","14:16:57",20270800
25.75,-0.1,7500,"sd","14:16:57",20269800
25.75,-0.1,500,"sd","14:16:55",20262300
25.75,-0.1,2000,"sd","14:16:54",20261800
25.75,-0.1,10100,"sd","14:16:53",20259800
25.75,-0.1,300,"sd","14:16:53",20249700
25.75,-0.1,2000,"sd","14:16:52",20249400
25.75,-0.1,100,"sd","14:16:46",20247400
25.75,-0.1,3000,"sd","14:16:43",20247300
25.75,-0.1,2000,"sd","14:16:41",20244300
25.75,-0.1,300,"sd","14:16:38",20242300
25.75,-0.1,500,"sd","14:16:38",20242000
25.75,-0.1,200,"sd","14:16:37",20241500
25.75,-0.1,11100,"sd","14:16:36",20241300
25.75,-0.1,1000,"sd","14:16:34",20230200
25.75,-0.1,500,"sd","14:16:32",20229200
25.8,-0.05,500,"bu","14:16:31",20228700
25.75,-0.1,500,"sd","14:16:24",20228200
25.8,-0.05,5000,"bu","14:16:24",20227700
25.75,-0.1,1200,"sd","14:16:20",20222700
25.75,-0.1,100,"sd","14:16:18",20221500
25.8,-0.05,600,"bu","14:16:18",20221400
25.75,-0.1,10000,"sd","14:16:17",20220800
25.75,-0.1,1000,"sd","14:16:13",20210800
25.8,-0.05,200,"bu","14:16:13",20209800
25.8,-0.05,10900,"sd","14:15:57",20209600
25.85,0,200,"bu","14:15:56",20198700
25.8,-0.05,20000,"sd","14:15:56",20198500
25.8,-0.05,1900,"sd","14:15:55",20178500
25.8,-0.05,41400,"bu","14:15:54",20176600
25.8,-0.05,400,"bu","14:15:53",20135200
25.75,-0.1,1000,"sd","14:15:53",20134800
25.8,-0.05,89400,"sd","14:15:51",20133800
25.8,-0.05,30000,"sd","14:15:49",20044400
25.8,-0.05,3000,"sd","14:15:48",20014400
25.8,-0.05,600,"sd","14:15:47",20011400
25.8,-0.05,8100,"sd","14:15:46",20010800
25.8,-0.05,4700,"sd","14:15:43",20002700
25.8,-0.05,200,"sd","14:15:43",19998000
25.8,-0.05,9000,"sd","14:15:33",19997800
25.85,0,100000,"bu","14:15:32",19988800
25.8,-0.05,3000,"sd","14:15:31",19888800
25.85,0,1000,"bu","14:15:29",19885800
25.8,-0.05,15000,"sd","14:15:13",19884800
25.8,-0.05,60000,"sd","14:15:06",19869800
25.8,-0.05,15900,"sd","14:14:46",19809800
25.8,-0.05,500,"sd","14:14:40",19793900
25.85,0,2000,"bu","14:14:38",19793400
25.8,-0.05,11700,"sd","14:14:37",19791400
25.85,0,500,"bu","14:13:57",19779700
25.85,0,3000,"bu","14:13:48",19779200
25.85,0,200,"sd","14:13:12",19776200
25.85,0,16300,"sd","14:13:04",19776000
25.85,0,11400,"sd","14:12:48",19759700
25.85,0,5000,"sd","14:12:29",19748300
25.85,0,60000,"sd","14:12:18",19743300
25.85,0,3400,"sd","14:12:07",19683300
25.85,0,500,"sd","14:12:06",19679900
25.85,0,20000,"sd","14:12:04",19679400
25.85,0,26900,"sd","14:12:03",19659400
25.85,0,300,"sd","14:12:01",19632500
25.85,0,200,"sd","14:12:00",19632200
25.85,0,13300,"sd","14:11:56",19632000
25.85,0,22400,"sd","14:11:54",19618700
25.85,0,1000,"sd","14:11:52",19596300
25.85,0,5000,"sd","14:11:51",19595300
25.85,0,11000,"sd","14:11:47",19590300
25.85,0,1000,"sd","14:11:46",19579300
25.85,0,11100,"sd","14:11:43",19578300
25.85,0,5300,"sd","14:11:30",19567200
25.9,0.05,100,"bu","14:11:14",19561900
25.9,0.05,100,"bu","14:11:12",19561800
25.9,0.05,45000,"bu","14:11:06",19561700
25.85,0,200,"sd","14:11:00",19516700
25.85,0,300,"sd","14:10:50",19516500
25.85,0,2000,"sd","14:10:45",19516200
25.9,0.05,100,"bu","14:10:42",19514200
25.9,0.05,300,"bu","14:10:38",19514100
25.9,0.05,200,"bu","14:10:24",19513800
25.9,0.05,9800,"bu","14:10:20",19513600
25.9,0.05,3000,"bu","14:10:15",19503800
25.9,0.05,100,"bu","14:10:13",19500800
25.9,0.05,100,"bu","14:10:08",19500700
25.85,0,500,"sd","14:10:02",19500600
25.85,0,100,"sd","14:10:01",19500100
25.9,0.05,100,"bu","14:10:00",19500000
25.85,0,500,"sd","14:09:55",19499900
25.85,0,5000,"sd","14:09:53",19499400
25.85,0,14500,"sd","14:09:51",19494400
25.85,0,300,"sd","14:09:34",19479900
25.85,0,100,"sd","14:09:31",19479600
25.9,0.05,5000,"bu","14:09:30",19479500
25.85,0,300,"sd","14:09:24",19474500
25.85,0,6000,"sd","14:09:20",19474200
25.85,0,300,"sd","14:09:16",19468200
25.85,0,200,"sd","14:09:15",19467900
25.85,0,12500,"sd","14:09:15",19467700
25.85,0,1400,"sd","14:09:07",19455200
25.9,0.05,500,"bu","14:09:00",19453800
25.9,0.05,9800,"bu","14:08:52",19453300
25.9,0.05,9200,"sd","14:08:43",19443500
25.9,0.05,48800,"bu","14:08:37",19434300
25.9,0.05,100,"bu","14:08:33",19385500
25.9,0.05,100,"bu","14:08:31",19385400
25.9,0.05,100,"bu","14:08:23",19385300
25.85,0,600,"sd","14:08:23",19385200
25.9,0.05,100,"bu","14:08:21",19384600
25.9,0.05,25700,"sd","14:08:00",19384500
25.9,0.05,500,"sd","14:07:56",19358800
25.95,0.1,1000,"bu","14:07:56",19358300
25.9,0.05,70000,"sd","14:07:54",19357300
25.9,0.05,1000,"sd","14:07:47",19287300
25.95,0.1,9000,"bu","14:07:44",19286300
25.95,0.1,500,"bu","14:07:27",19277300
25.95,0.1,9800,"bu","14:07:26",19276800
25.95,0.1,800,"bu","14:07:16",19267000
25.95,0.1,10000,"bu","14:07:13",19266200
25.95,0.1,1000,"bu","14:07:10",19256200
25.95,0.1,10000,"bu","14:07:01",19255200
25.95,0.1,1000,"bu","14:06:55",19245200
25.95,0.1,200,"bu","14:06:47",19244200
25.9,0.05,10000,"sd","14:06:44",19244000
25.95,0.1,5000,"bu","14:06:44",19234000
25.95,0.1,3000,"bu","14:06:41",19229000
25.9,0.05,20000,"sd","14:06:39",19226000
25.9,0.05,600,"sd","14:06:34",19206000
25.9,0.05,400,"sd","14:06:20",19205400
25.9,0.05,17000,"sd","14:06:10",19205000
25.95,0.1,5900,"sd","14:06:07",19188000
25.95,0.1,15100,"sd","14:06:02",19182100
25.95,0.1,1000,"sd","14:05:59",19167000
25.95,0.1,10000,"sd","14:05:58",19166000
25.95,0.1,6100,"sd","14:05:56",19156000
25.95,0.1,600,"sd","14:05:55",19149900
25.95,0.1,5000,"sd","14:05:52",19149300
25.95,0.1,25000,"sd","14:05:42",19144300
25.95,0.1,21500,"bu","14:05:41",19119300
25.9,0.05,15500,"sd","14:05:27",19097800
25.95,0.1,16700,"sd","14:05:23",19082300
25.95,0.1,700,"sd","14:05:23",19065600
25.95,0.1,2000,"sd","14:05:19",19064900
25.95,0.1,2000,"sd","14:05:16",19062900
25.95,0.1,600,"sd","14:05:15",19060900
25.95,0.1,100,"sd","14:05:12",19060300
26,0.15,100,"bu","14:05:10",19060200
25.95,0.1,2000,"sd","14:05:07",19060100
25.95,0.1,1000,"sd","14:04:55",19058100
26,0.15,49300,"sd","14:04:47",19057100
26,0.15,15000,"sd","14:04:44",19007800
26,0.15,2000,"sd","14:04:42",18992800
26,0.15,500,"sd","14:04:41",18990800
26,0.15,5000,"sd","14:04:39",18990300
26,0.15,100,"sd","14:04:38",18985300
26,0.15,19000,"sd","14:04:35",18985200
26,0.15,600,"sd","14:04:34",18966200
26,0.15,100,"sd","14:04:32",18965600
26,0.15,6000,"sd","14:04:31",18965500
26,0.15,2000,"sd","14:04:19",18959500
26,0.15,700,"sd","14:04:16",18957500
26.05,0.2,700,"bu","14:04:14",18956800
26,0.15,1000,"sd","14:04:12",18956100
26,0.15,15900,"sd","14:04:09",18955100
26.05,0.2,100,"bu","14:04:07",18939200
26,0.15,100,"sd","14:04:05",18939100
26,0.15,300,"sd","14:03:58",18939000
26,0.15,5000,"sd","14:03:57",18938700
26,0.15,5000,"sd","14:03:55",18933700
26,0.15,600,"sd","14:03:53",18928700
26,0.15,1000,"sd","14:03:53",18928100
26,0.15,100,"sd","14:03:51",18927100
26,0.15,200,"sd","14:03:49",18927000
26.05,0.2,100,"bu","14:03:46",18926800
26,0.15,2000,"sd","14:03:46",18926700
26,0.15,10200,"sd","14:03:44",18924700
26,0.15,200,"sd","14:03:42",18914500
26,0.15,200,"sd","14:03:36",18914300
26,0.15,200,"sd","14:03:31",18914100
26,0.15,14400,"sd","14:03:28",18913900
26.05,0.2,300,"bu","14:03:27",18899500
26,0.15,500,"sd","14:03:23",18899200
26,0.15,2200,"sd","14:03:21",18898700
26,0.15,200,"sd","14:03:18",18896500
26,0.15,300,"sd","14:03:14",18896300
26,0.15,300,"sd","14:03:14",18896000
26,0.15,300,"sd","14:03:13",18895700
26,0.15,200,"sd","14:03:09",18895400
26,0.15,1000,"sd","14:03:02",18895200
26.05,0.2,200,"bu","14:03:01",18894200
26,0.15,200,"sd","14:02:58",18894000
26,0.15,25200,"sd","14:02:51",18893800
26.05,0.2,100,"bu","14:02:44",18868600
26,0.15,200,"sd","14:02:43",18868500
26.05,0.2,100,"bu","14:02:38",18868300
26.05,0.2,1000,"bu","14:02:37",18868200
26,0.15,100,"sd","14:02:36",18867200
26,0.15,300,"sd","14:02:34",18867100
26,0.15,300,"sd","14:02:33",18866800
26,0.15,100,"sd","14:02:32",18866500
26,0.15,100,"sd","14:02:16",18866400
26.05,0.2,100,"bu","14:02:15",18866300
26,0.15,100,"sd","14:02:08",18866200
26.05,0.2,4000,"bu","14:02:08",18866100
26,0.15,200,"sd","14:02:07",18862100
26.05,0.2,2800,"bu","14:01:49",18861900
26.05,0.2,5000,"bu","14:01:46",18859100
26.05,0.2,10000,"bu","14:01:43",18854100
26,0.15,1400,"sd","14:01:42",18844100
26.05,0.2,100,"bu","14:01:42",18842700
26.05,0.2,2000,"bu","14:01:39",18842600
26.05,0.2,200,"bu","14:01:37",18840600
26.05,0.2,9800,"bu","14:01:33",18840400
26.05,0.2,20000,"bu","14:01:30",18830600
26.05,0.2,19000,"bu","14:01:30",18810600
26.05,0.2,300,"bu","14:01:29",18791600
26,0.15,4000,"sd","14:01:24",18790300
26,0.15,2500,"sd","14:01:24",18786300
26,0.15,100,"sd","14:01:18",18783800
26.05,0.2,11000,"bu","14:01:16",18783700
26,0.15,800,"sd","14:01:13",18772700
26,0.15,1000,"bu","14:01:11",18771900
26.05,0.2,8500,"bu","14:01:07",18770900
26,0.15,9200,"bu","14:01:07",18762400
26,0.15,2000,"bu","14:01:05",18753200
26,0.15,2000,"bu","14:00:57",18751200
26,0.15,100,"bu","14:00:56",18749200
26,0.15,900,"bu","14:00:54",18749100
25.95,0.1,500,"sd","14:00:54",18748200
26,0.15,2200,"bu","14:00:54",18729900
26,0.15,10400,"bu","14:00:53",18727700
26,0.15,1000,"bu","14:00:52",18717300
26,0.15,50000,"bu","14:00:46",18716300
26,0.15,12300,"bu","14:00:46",18666300
26,0.15,1100,"bu","14:00:41",18654000
26,0.15,11400,"bu","14:00:39",18652900
26,0.15,1000,"bu","14:00:39",18641500
26,0.15,3000,"bu","14:00:36",18640500
26,0.15,11700,"bu","14:00:29",18637500
25.9,0.05,8900,"sd","14:00:22",18625800
25.95,0.1,500,"sd","14:00:22",18616900
26,0.15,10400,"bu","14:00:21",18616400
25.95,0.1,14500,"bu","14:00:20",18606000
25.9,0.05,1000,"sd","14:00:16",18591500
25.95,0.1,1000,"bu","14:00:09",18590500
25.95,0.1,9800,"bu","14:00:05",18589500
25.95,0.1,6000,"bu","14:00:04",18579700
25.95,0.1,5000,"bu","14:00:00",18573700
25.95,0.1,2000,"bu","13:59:54",18568700
25.95,0.1,100,"bu","13:59:41",18566700
25.95,0.1,200,"sd","13:59:25",18566600
25.95,0.1,100,"bu","13:59:17",18566400
25.9,0.05,700,"bu","13:59:16",18566300
25.9,0.05,100,"bu","13:59:12",18565600
25.9,0.05,4100,"bu","13:59:08",18565500
25.9,0.05,100,"bu","13:59:06",18561400
25.9,0.05,1000,"bu","13:59:04",18561300
25.9,0.05,3600,"bu","13:59:03",18560300
25.9,0.05,100,"bu","13:58:58",18556700
25.9,0.05,1000,"bu","13:58:56",18556600
25.9,0.05,100,"bu","13:58:38",18555600
25.85,0,2000,"sd","13:58:37",18555500
26,0.15,9900,"bu","13:58:37",18553500
26,0.15,100,"bu","13:58:36",18543600
25.85,0,100,"sd","13:58:36",18543500
25.85,0,20500,"sd","13:58:34",18543400
25.9,0.05,2000,"sd","13:58:34",18522900
26,0.15,73200,"bu","13:58:23",18520900
25.95,0.1,15800,"bu","13:58:23",18447700
25.9,0.05,11000,"bu","13:58:23",18431900
25.9,0.05,3000,"bu","13:58:20",18420900
25.9,0.05,2000,"bu","13:58:20",18417900
25.9,0.05,1000,"bu","13:58:11",18415900
25.9,0.05,3000,"bu","13:58:10",18414900
25.9,0.05,100,"bu","13:58:08",18411900
25.9,0.05,100,"bu","13:58:06",18411800
25.9,0.05,1000,"bu","13:58:04",18411700
25.9,0.05,1000,"bu","13:58:02",18410700
25.85,0,1000,"sd","13:58:01",18409700
25.9,0.05,10000,"bu","13:58:00",18408700
25.9,0.05,500,"bu","13:57:52",18398700
25.9,0.05,500,"bu","13:57:51",18398200
25.9,0.05,100,"bu","13:57:48",18397700
25.9,0.05,100,"bu","13:57:40",18397600
25.9,0.05,15000,"bu","13:57:37",18397500
25.85,0,1000,"sd","13:57:25",18382500
25.95,0.1,500,"bu","13:57:25",18381500
25.9,0.05,2500,"bu","13:57:25",18381000
25.9,0.05,500,"bu","13:57:23",18378500
25.85,0,20000,"sd","13:57:21",18378000
25.85,0,100,"sd","13:57:18",18358000
25.85,0,300,"sd","13:57:12",18357900
25.85,0,300,"sd","13:57:11",18357600
25.85,0,2800,"sd","13:57:11",18357300
25.9,0.05,5700,"sd","13:57:11",18354500
25.95,0.1,9800,"bu","13:57:09",18348800
25.95,0.1,200,"bu","13:57:08",18339000
25.95,0.1,9500,"bu","13:56:57",18338800
25.9,0.05,500,"bu","13:56:57",18329300
25.9,0.05,1000,"bu","13:56:53",18328800
25.9,0.05,9200,"sd","13:56:43",18327800
25.95,0.1,3200,"bu","13:56:40",18318600
25.95,0.1,900,"bu","13:56:38",18315400
25.95,0.1,100,"bu","13:56:36",18314500
25.95,0.1,600,"sd","13:56:29",18314400
25.95,0.1,11100,"sd","13:56:25",18313800
25.95,0.1,900,"sd","13:56:24",18302700
25.95,0.1,1100,"bu","13:56:18",18301800
25.95,0.1,9800,"bu","13:56:16",18300700
25.95,0.1,400,"bu","13:56:11",18290900
25.95,0.1,9200,"bu","13:56:10",18290500
25.95,0.1,300,"bu","13:56:08",18281300
25.95,0.1,100,"bu","13:56:01",18281000
26,0.15,9100,"bu","13:55:47",18280900
25.95,0.1,90900,"bu","13:55:46",18271800
25.95,0.1,9800,"bu","13:55:42",18180900
25.95,0.1,100,"bu","13:55:39",18171100
25.85,0,100,"sd","13:55:39",18171000
25.85,0,300,"sd","13:55:22",18170900
25.85,0,600,"sd","13:55:11",18170600
25.85,0,11800,"sd","13:55:05",18170000
26,0.15,4200,"bu","13:54:57",18158200
25.95,0.1,37300,"bu","13:54:57",18154000
25.9,0.05,54800,"bu","13:54:57",18116700
25.85,0,3700,"bu","13:54:57",18061900
25.85,0,6100,"bu","13:54:56",18058200
25.85,0,2000,"bu","13:54:55",18052100
25.85,0,2000,"bu","13:54:54",18050100
25.85,0,500,"bu","13:54:53",18048100
25.85,0,45000,"bu","13:54:53",18047600
25.85,0,104000,"bu","13:54:50",18002600
25.8,-0.05,17000,"sd","13:54:49",17898600
25.85,0,100,"bu","13:54:49",17881600
25.85,0,2000,"bu","13:54:46",17881500
25.85,0,400,"bu","13:54:43",17879500
25.85,0,2000,"bu","13:54:39",17879100
25.8,-0.05,4000,"sd","13:54:39",17877100
25.85,0,1000,"bu","13:54:38",17873100
25.85,0,100,"bu","13:54:37",17872100
25.85,0,200,"bu","13:54:34",17872000
25.85,0,100,"bu","13:54:34",17871800
25.8,-0.05,17300,"sd","13:54:34",17871700
25.85,0,1000,"bu","13:54:33",17854400
25.85,0,900,"bu","13:54:28",17853400
25.85,0,500,"bu","13:54:27",17852500
25.85,0,100,"bu","13:54:23",17852000
25.85,0,1500,"bu","13:54:21",17851900
25.8,-0.05,7000,"sd","13:54:18",17850400
25.85,0,2000,"bu","13:54:18",17843400
25.8,-0.05,1600,"sd","13:54:16",17841400
25.85,0,9800,"bu","13:54:14",17839800
25.85,0,300,"bu","13:54:13",17830000
25.85,0,1000,"bu","13:54:08",17829700
25.85,0,700,"bu","13:54:01",17828700
25.85,0,100,"bu","13:53:50",17828000
25.8,-0.05,21800,"sd","13:53:50",17827900
25.8,-0.05,600,"sd","13:53:50",17806100
25.8,-0.05,12000,"sd","13:53:49",17805500
25.85,0,200,"bu","13:53:48",17793500
25.85,0,200,"bu","13:53:45",17793300
25.85,0,10000,"bu","13:53:38",17793100
25.8,-0.05,500,"sd","13:53:37",17783100
25.85,0,100,"bu","13:53:36",17782600
25.85,0,100,"bu","13:53:29",17782500
25.8,-0.05,500,"sd","13:53:27",17782400
25.8,-0.05,1000,"sd","13:53:16",17781900
25.8,-0.05,600,"sd","13:53:09",17780900
25.8,-0.05,6000,"sd","13:53:01",17780300
25.85,0,100,"bu","13:52:57",17774300
25.8,-0.05,15700,"sd","13:52:54",17774200
25.85,0,2000,"bu","13:52:53",17758500
25.85,0,9800,"bu","13:52:46",17756500
25.85,0,100,"bu","13:52:45",17746700
25.8,-0.05,1000,"sd","13:52:41",17746100
25.85,0,100,"bu","13:52:36",17745100
25.8,-0.05,1000,"sd","13:52:35",17745000
25.85,0,500,"bu","13:52:35",17744000
25.8,-0.05,300,"sd","13:52:30",17743500
25.8,-0.05,300,"sd","13:52:29",17743200
25.8,-0.05,300,"sd","13:52:21",17742900
25.8,-0.05,500,"sd","13:52:15",17742600
25.8,-0.05,12100,"sd","13:52:14",17742100
25.8,-0.05,500,"sd","13:52:12",17730000
25.8,-0.05,100,"sd","13:52:04",17729500
25.8,-0.05,100,"sd","13:51:58",17729400
25.85,0,200,"bu","13:51:57",17729300
25.8,-0.05,600,"sd","13:51:57",17729100
25.8,-0.05,2400,"sd","13:51:50",17728500
25.8,-0.05,200,"sd","13:51:49",17726100
25.8,-0.05,12000,"sd","13:51:43",17725900
25.8,-0.05,5000,"sd","13:51:40",17713900
25.8,-0.05,300,"sd","13:51:39",17708900
25.85,0,100,"bu","13:51:36",17708600
25.8,-0.05,1200,"sd","13:51:23",17708500
25.8,-0.05,9500,"sd","13:51:22",17707300
25.8,-0.05,500,"sd","13:51:19",17697800
25.8,-0.05,10000,"sd","13:51:18",17697300
25.8,-0.05,500,"sd","13:51:17",17687300
25.8,-0.05,10000,"sd","13:51:15",17686800
25.8,-0.05,22200,"sd","13:51:13",17676800
25.8,-0.05,1000,"sd","13:51:11",17654600
25.85,0,100,"bu","13:51:08",17653600
25.8,-0.05,20000,"sd","13:51:07",17653500
25.8,-0.05,200,"sd","13:51:02",17633500
25.8,-0.05,5000,"sd","13:51:01",17633300
25.85,0,100,"bu","13:50:54",17628300
25.85,0,1000,"bu","13:50:49",17628200
25.85,0,200,"bu","13:50:49",17627200
25.8,-0.05,200,"sd","13:50:48",17627000
25.85,0,20000,"bu","13:50:48",17626800
25.85,0,100,"bu","13:50:45",17606800
25.85,0,1000,"bu","13:50:44",17606700
25.85,0,100,"bu","13:50:42",17605700
25.8,-0.05,2000,"sd","13:50:40",17605600
25.8,-0.05,10500,"sd","13:50:39",17603600
25.85,0,100,"bu","13:50:38",17593100
25.8,-0.05,400,"sd","13:50:38",17593000
25.8,-0.05,41500,"sd","13:50:36",17592600
25.85,0,500,"bu","13:50:30",17551100
25.8,-0.05,30700,"sd","13:50:29",17550600
25.8,-0.05,1000,"sd","13:50:27",17519900
25.85,0,100,"bu","13:50:27",17518900
25.85,0,100,"bu","13:50:24",17518800
25.8,-0.05,200,"sd","13:50:24",17518700
25.8,-0.05,3000,"sd","13:50:20",17518500
25.8,-0.05,100,"sd","13:50:19",17515500
25.8,-0.05,4700,"sd","13:50:17",17515400
25.8,-0.05,15600,"sd","13:50:16",17510700
25.8,-0.05,300,"sd","13:50:15",17495100
25.8,-0.05,10000,"sd","13:50:11",17494800
25.8,-0.05,5500,"sd","13:50:06",17484800
25.8,-0.05,300,"sd","13:50:05",17479300
25.8,-0.05,700,"sd","13:49:49",17479000
25.8,-0.05,18500,"sd","13:49:45",17478300
25.8,-0.05,2000,"sd","13:49:43",17459800
25.8,-0.05,2000,"sd","13:49:41",17457800
25.85,0,100,"bu","13:49:38",17455800
25.8,-0.05,11800,"sd","13:49:36",17455700
25.85,0,100,"bu","13:49:32",17443900
25.85,0,1000,"bu","13:49:31",17443800
25.8,-0.05,100,"sd","13:49:29",17442800
25.8,-0.05,400,"sd","13:49:22",17442700
25.8,-0.05,100,"sd","13:49:11",17442100
25.8,-0.05,400,"sd","13:49:10",17442000
25.8,-0.05,300,"sd","13:49:09",17441600
25.8,-0.05,23500,"sd","13:49:07",17441300
25.8,-0.05,8700,"sd","13:49:07",17417800
25.85,0,200,"bu","13:49:04",17409100
25.8,-0.05,500,"sd","13:49:04",17408900
25.85,0,300,"bu","13:48:57",17408400
25.8,-0.05,100,"sd","13:48:55",17408100
25.85,0,500,"bu","13:48:47",17408000
25.8,-0.05,3000,"sd","13:48:47",17407500
25.8,-0.05,1000,"sd","13:48:35",17404500
25.85,0,100,"bu","13:48:35",17403500
25.8,-0.05,100,"sd","13:48:34",17403400
25.8,-0.05,400,"sd","13:48:29",17403300
25.8,-0.05,300,"sd","13:48:28",17402900
25.8,-0.05,100,"sd","13:48:24",17402600
25.85,0,9800,"bu","13:48:22",17402500
25.85,0,2000,"bu","13:48:08",17392700
25.85,0,100,"bu","13:48:02",17390700
25.8,-0.05,200,"sd","13:48:00",17390600
25.8,-0.05,2200,"sd","13:47:44",17390400
25.85,0,5600,"sd","13:47:44",17388200
25.85,0,200,"sd","13:47:43",17382600
25.85,0,500,"sd","13:47:39",17382400
25.85,0,5000,"sd","13:47:38",17381900
25.85,0,3000,"sd","13:47:36",17376900
25.85,0,14000,"sd","13:47:34",17373900
25.85,0,2000,"sd","13:47:34",17359900
25.85,0,1000,"sd","13:47:32",17357900
25.85,0,1900,"sd","13:47:32",17356900
25.85,0,10000,"sd","13:47:30",17355000
25.85,0,3000,"sd","13:47:28",17345000
25.85,0,5000,"sd","13:47:26",17342000
25.85,0,8300,"sd","13:47:24",17337000
25.85,0,37900,"sd","13:47:22",17328700
25.85,0,2000,"sd","13:47:21",17290800
25.85,0,9900,"sd","13:47:16",17288800
25.85,0,40100,"sd","13:47:15",17278900
25.85,0,600,"sd","13:47:09",17238800
25.85,0,700,"sd","13:47:08",17238200
25.85,0,10100,"sd","13:47:03",17237500
25.85,0,100,"sd","13:46:55",17227400
25.85,0,500,"sd","13:46:55",17227300
25.85,0,100,"sd","13:46:49",17226800
25.85,0,1000,"sd","13:46:48",17226700
25.9,0.05,500,"bu","13:46:48",17225700
25.85,0,7800,"sd","13:46:48",17225200
25.85,0,700,"sd","13:46:28",17217400
25.85,0,9600,"sd","13:46:27",17216700
25.9,0.05,100,"bu","13:46:26",17207100
25.9,0.05,200,"bu","13:46:22",17207000
25.9,0.05,1100,"bu","13:46:14",17206800
25.9,0.05,1100,"sd","13:46:08",17205700
25.9,0.05,400,"bu","13:46:02",17204600
25.85,0,3000,"sd","13:46:01",17204200
25.85,0,9500,"sd","13:46:01",17201200
25.9,0.05,3300,"sd","13:45:56",17191700
25.9,0.05,400,"sd","13:45:56",17188400
25.9,0.05,42000,"sd","13:45:55",17188000
25.9,0.05,7400,"sd","13:45:51",17146000
25.9,0.05,6900,"sd","13:45:51",17138600
25.95,0.1,100,"bu","13:45:42",17131700
25.9,0.05,20000,"sd","13:45:41",17131600
25.9,0.05,10500,"sd","13:45:36",17111600
25.9,0.05,2000,"sd","13:45:32",17101100
25.95,0.1,500,"bu","13:45:32",17099100
25.95,0.1,500,"bu","13:45:26",17098600
25.9,0.05,700,"sd","13:45:07",17098100
25.9,0.05,100,"sd","13:45:04",17097400
25.9,0.05,100,"sd","13:44:52",17097300
25.95,0.1,100,"bu","13:44:46",17097200
25.95,0.1,100,"bu","13:44:44",17097100
25.95,0.1,1000,"bu","13:44:26",17097000
25.95,0.1,10000,"bu","13:44:20",17096000
25.9,0.05,1500,"sd","13:44:19",17086000
25.95,0.1,9800,"bu","13:44:13",17084500
25.95,0.1,500,"bu","13:44:11",17074700
25.95,0.1,200,"bu","13:44:02",17074200
25.95,0.1,9800,"bu","13:44:00",17074000
25.95,0.1,1500,"bu","13:43:59",17064200
25.95,0.1,500,"bu","13:43:46",17062700
25.95,0.1,400,"bu","13:43:35",17062200
25.95,0.1,18000,"bu","13:43:24",17061800
25.9,0.05,1000,"sd","13:43:22",17043800
25.95,0.1,100,"bu","13:43:21",17042800
25.95,0.1,200,"bu","13:43:21",17042700
25.95,0.1,200,"bu","13:43:18",17042500
25.9,0.05,20000,"sd","13:43:12",17042300
25.95,0.1,100,"bu","13:43:11",17022300
25.95,0.1,100,"bu","13:43:03",17022200
25.95,0.1,100,"bu","13:42:54",17022100
25.95,0.1,200,"bu","13:42:49",17022000
25.95,0.1,100,"bu","13:42:48",17021800
25.95,0.1,12000,"bu","13:42:38",17021700
25.95,0.1,100,"bu","13:42:33",17009700
25.95,0.1,500,"bu","13:42:31",17009600
25.9,0.05,700,"sd","13:42:25",17009100
25.9,0.05,8600,"sd","13:42:15",17008400
25.95,0.1,12000,"bu","13:42:12",16999800
25.9,0.05,2000,"sd","13:42:03",16987800
25.95,0.1,24000,"bu","13:41:59",16985800
25.9,0.05,7600,"sd","13:41:53",16961800
25.95,0.1,100,"bu","13:41:49",16954200
25.9,0.05,700,"sd","13:41:46",16954100
25.9,0.05,10000,"sd","13:41:43",16953400
25.9,0.05,100,"sd","13:41:35",16943400
25.9,0.05,15600,"sd","13:41:35",16943300
25.9,0.05,100,"sd","13:41:26",16927700
25.95,0.1,200,"bu","13:41:11",16927600
25.9,0.05,2000,"sd","13:41:10",16927400
25.9,0.05,3900,"sd","13:41:09",16925400
25.95,0.1,9800,"bu","13:41:03",16921500
25.95,0.1,500,"bu","13:40:58",16911700
25.95,0.1,100,"bu","13:40:56",16911200
25.95,0.1,13900,"sd","13:40:36",16911100
25.95,0.1,3400,"sd","13:40:27",16897200
25.95,0.1,700,"sd","13:40:26",16893800
25.95,0.1,20700,"sd","13:40:23",16893100
25.95,0.1,20000,"sd","13:40:16",16872400
26,0.15,100,"bu","13:40:14",16852400
26,0.15,100,"bu","13:40:03",16852300
26,0.15,1200,"bu","13:39:54",16852200
26,0.15,100,"bu","13:39:54",16851000
25.95,0.1,100,"sd","13:39:51",16850900
25.95,0.1,700,"sd","13:39:45",16850800
25.95,0.1,5000,"sd","13:39:44",16850100
25.95,0.1,500,"sd","13:39:42",16845100
25.95,0.1,17000,"sd","13:39:30",16844600
25.95,0.1,7000,"bu","13:39:23",16827600
25.95,0.1,500,"bu","13:39:15",16800600
25.95,0.1,300,"bu","13:39:12",16800100
25.95,0.1,100,"bu","13:39:10",16799800
25.95,0.1,5300,"bu","13:39:08",16799700
25.95,0.1,20300,"bu","13:39:06",16794400
25.95,0.1,10000,"bu","13:39:03",16774100
25.95,0.1,1000,"bu","13:39:02",16764100
25.95,0.1,300,"bu","13:39:00",16761100
25.95,0.1,200,"bu","13:38:59",16760800
25.95,0.1,100,"bu","13:38:56",16760600
25.95,0.1,1000,"bu","13:38:38",16760500
25.95,0.1,400,"bu","13:38:37",16759500
25.95,0.1,7800,"bu","13:38:33",16759100
25.95,0.1,3000,"bu","13:38:32",16751300
25.95,0.1,500,"bu","13:38:30",16748300
25.95,0.1,100,"bu","13:38:29",16747800
25.95,0.1,11500,"bu","13:38:28",16747700
25.95,0.1,6600,"bu","13:38:20",16736200
25.95,0.1,7800,"bu","13:38:19",16729600
25.9,0.05,1000,"sd","13:38:15",16721800
25.9,0.05,7400,"sd","13:38:11",16720800
25.95,0.1,2000,"bu","13:38:09",16713400
25.95,0.1,9800,"bu","13:38:07",16711400
25.95,0.1,5000,"bu","13:38:03",16701600
25.95,0.1,7800,"bu","13:38:01",16696600
25.9,0.05,2000,"sd","13:37:55",16688800
25.95,0.1,200,"bu","13:37:54",16686800
25.9,0.05,4600,"sd","13:37:53",16686600
25.9,0.05,1900,"sd","13:37:47",16682000
25.95,0.1,7800,"bu","13:37:45",16680100
25.9,0.05,400,"sd","13:37:45",16672300
25.9,0.05,300,"sd","13:37:45",16671900
25.9,0.05,3000,"sd","13:37:42",16671600
25.9,0.05,4800,"sd","13:37:41",16668600
25.95,0.1,100,"bu","13:37:38",16663800
25.95,0.1,1000,"bu","13:37:34",16663700
26,0.15,7800,"bu","13:37:29",16662700
25.9,0.05,4100,"sd","13:37:28",16654900
25.95,0.1,1400,"sd","13:37:28",16650800
25.95,0.1,100,"sd","13:37:26",16649400
25.95,0.1,800,"sd","13:37:25",16649300
26,0.15,500,"bu","13:37:20",16648500
25.95,0.1,500,"sd","13:37:20",16648000
25.95,0.1,6100,"sd","13:37:15",16647300
25.95,0.1,3200,"sd","13:37:11",16641200
25.95,0.1,7500,"sd","13:37:10",16638000
25.95,0.1,300,"sd","13:37:04",16630500
26,0.15,100,"bu","13:37:01",16630200
26,0.15,500,"bu","13:37:00",16630100
25.95,0.1,4700,"sd","13:36:59",16629600
25.95,0.1,100,"sd","13:36:53",16624900
25.95,0.1,5500,"sd","13:36:53",16624800
25.95,0.1,1500,"sd","13:36:52",16619300
25.95,0.1,700,"sd","13:36:51",16617800
25.95,0.1,9000,"sd","13:36:47",16617100
25.95,0.1,3000,"sd","13:36:40",16608100
25.95,0.1,700,"sd","13:36:39",16605100
25.95,0.1,16800,"sd","13:36:39",16604400
25.95,0.1,10000,"sd","13:36:35",16587600
25.95,0.1,1000,"sd","13:36:28",16577600
25.95,0.1,500,"sd","13:36:25",16576600
26,0.15,100,"bu","13:36:25",16576100
25.95,0.1,6500,"sd","13:36:24",16576000
25.95,0.1,300,"sd","13:36:23",16569500
25.95,0.1,100,"sd","13:36:21",16569200
25.95,0.1,2000,"sd","13:36:19",16569100
25.95,0.1,30000,"sd","13:36:16",16567100
25.95,0.1,600,"sd","13:36:14",16537100
25.95,0.1,9100,"sd","13:36:08",16536500
25.95,0.1,500,"sd","13:36:06",16527400
26,0.15,100,"bu","13:36:04",16526900
25.95,0.1,200,"sd","13:36:03",16526800
25.95,0.1,200,"sd","13:36:03",16526600
25.95,0.1,200,"sd","13:35:57",16526400
25.95,0.1,6000,"sd","13:35:52",16526200
25.95,0.1,8300,"sd","13:35:47",16520200
25.95,0.1,2700,"sd","13:35:43",16511900
25.95,0.1,400,"sd","13:35:43",16509200
25.95,0.1,4500,"sd","13:35:26",16508800
25.95,0.1,2000,"sd","13:35:25",16504300
26,0.15,100,"bu","13:35:25",16502300
25.95,0.1,100,"sd","13:35:22",16502200
25.95,0.1,700,"sd","13:35:20",16502100
25.95,0.1,6700,"sd","13:35:14",16501400
26,0.15,9800,"bu","13:35:11",16494700
26,0.15,100,"bu","13:35:08",16484900
25.95,0.1,10000,"sd","13:35:06",16484800
25.95,0.1,100,"sd","13:35:04",16474800
25.95,0.1,700,"sd","13:35:03",16474700
25.95,0.1,10000,"sd","13:34:57",16474000
26,0.15,4800,"bu","13:34:45",16464000
26,0.15,200,"bu","13:34:44",16459200
26,0.15,3000,"bu","13:34:43",16459000
26,0.15,2500,"bu","13:34:42",16456000
26,0.15,400,"bu","13:34:31",16453500
25.95,0.1,4700,"sd","13:34:31",16453100
26,0.15,5000,"bu","13:34:28",16448400
26,0.15,200,"bu","13:34:20",16443400
25.95,0.1,6300,"sd","13:34:20",16443200
26,0.15,100,"bu","13:34:18",16436900
26,0.15,100,"bu","13:34:10",16436800
25.95,0.1,1000,"sd","13:34:04",16436700
25.95,0.1,7200,"sd","13:34:03",16435700
26,0.15,500,"bu","13:34:00",16428500
26,0.15,3000,"bu","13:33:56",16428000
26,0.15,100,"bu","13:33:52",16425000
25.95,0.1,9400,"sd","13:33:45",16424900
25.95,0.1,300,"sd","13:33:43",16415500
25.95,0.1,400,"sd","13:33:42",16415200
25.95,0.1,3000,"sd","13:33:35",16414800
25.95,0.1,400,"sd","13:33:33",16411800
25.95,0.1,4800,"sd","13:33:29",16411400
26,0.15,300,"bu","13:33:29",16406600
25.95,0.1,8200,"sd","13:33:17",16406300
26,0.15,100,"bu","13:33:14",16398100
26,0.15,5500,"bu","13:32:58",16398000
25.95,0.1,4400,"sd","13:32:55",16392500
25.95,0.1,100,"sd","13:32:51",16388100
25.95,0.1,5500,"sd","13:32:44",16388000
26,0.15,1400,"bu","13:32:36",16382500
26,0.15,200,"bu","13:32:20",16381100
25.95,0.1,300,"sd","13:32:18",16380900
26,0.15,100,"bu","13:32:16",16380600
26,0.15,9900,"bu","13:32:16",16380500
26,0.15,5000,"bu","13:32:07",16370600
25.95,0.1,100,"sd","13:31:59",16365600
26,0.15,100,"bu","13:31:53",16365500
26,0.15,200,"bu","13:31:43",16365400
26,0.15,900,"bu","13:31:42",16365200
26,0.15,200,"bu","13:31:37",16364300
26,0.15,100,"bu","13:31:31",16364100
26,0.15,700,"bu","13:31:24",16364000
25.95,0.1,6700,"sd","13:31:24",16363300
26,0.15,5000,"bu","13:31:14",16356600
26,0.15,900,"bu","13:30:49",16351600
26,0.15,10500,"bu","13:30:48",16350700
26,0.15,100,"bu","13:30:40",16340200
26,0.15,100,"bu","13:30:37",16340100
26,0.15,16700,"sd","13:30:35",16340000
26.05,0.2,10000,"bu","13:30:31",16323300
26,0.15,2000,"sd","13:30:31",16313300
26,0.15,100,"sd","13:30:30",16311300
26,0.15,1000,"sd","13:30:29",16311200
26,0.15,1000,"sd","13:30:29",16310200
26,0.15,500,"sd","13:30:28",16309200
26,0.15,2000,"sd","13:30:27",16308700
26.05,0.2,2000,"bu","13:30:26",16306700
26,0.15,3000,"sd","13:30:22",16304700
26,0.15,700,"sd","13:30:22",16301700
26,0.15,500,"sd","13:30:20",16301000
26,0.15,1000,"sd","13:30:19",16300500
26,0.15,2900,"sd","13:30:18",16299500
26,0.15,300,"sd","13:30:11",16296600
26,0.15,300,"sd","13:30:10",16296300
26,0.15,2000,"sd","13:30:09",16296000
26,0.15,1100,"sd","13:30:06",16294000
26,0.15,100,"sd","13:29:59",16292900
26,0.15,30000,"sd","13:29:54",16292800
26,0.15,400,"sd","13:29:48",16262800
26,0.15,4100,"sd","13:29:45",16262400
26,0.15,1000,"sd","13:29:44",16258300
26,0.15,500,"sd","13:29:44",16257300
26,0.15,400,"sd","13:29:42",16256800
26,0.15,300,"sd","13:29:42",16256400
26,0.15,20000,"sd","13:29:40",16256100
26,0.15,40000,"sd","13:29:36",16236100
26.05,0.2,200,"bu","13:29:30",16196100
26,0.15,200,"sd","13:29:30",16195900
26.05,0.2,100,"bu","13:29:27",16195700
26.05,0.2,9100,"bu","13:29:20",16195600
26,0.15,1000,"sd","13:29:20",16186500
26.05,0.2,100,"bu","13:29:12",16185500
26,0.15,300,"sd","13:29:06",16185400
26.05,0.2,100,"bu","13:29:04",16185100
26,0.15,3700,"sd","13:29:01",16185000
26.05,0.2,400,"bu","13:28:40",16181300
26.05,0.2,200,"bu","13:28:39",16180900
26.05,0.2,800,"bu","13:28:36",16180700
26.05,0.2,100,"bu","13:28:25",16179900
26.05,0.2,200,"bu","13:28:24",16179800
26.05,0.2,100,"bu","13:28:14",16179600
26.05,0.2,1000,"bu","13:28:14",16179500
26.05,0.2,3000,"bu","13:28:09",16178500
26.05,0.2,100,"bu","13:28:08",16175500
26.05,0.2,500,"bu","13:28:07",16175400
26.05,0.2,2200,"sd","13:28:06",16174900
26.05,0.2,500,"sd","13:28:06",16172700
26.05,0.2,7500,"sd","13:28:05",16172200
26.05,0.2,3200,"sd","13:28:04",16164700
26.05,0.2,100,"sd","13:28:04",16161500
26.05,0.2,3500,"sd","13:28:02",16161400
26.05,0.2,20000,"sd","13:27:56",16157900
26.05,0.2,100,"sd","13:27:55",16137900
26.05,0.2,400,"sd","13:27:49",16137800
26.05,0.2,100,"sd","13:27:47",16137400
26.1,0.25,100,"bu","13:27:45",16137300
26.05,0.2,5000,"sd","13:27:42",16137200
26.05,0.2,700,"sd","13:27:41",16132200
26.05,0.2,1400,"sd","13:27:38",16131500
26.05,0.2,3200,"sd","13:27:37",16130100
26.1,0.25,100,"bu","13:27:37",16126900
26.05,0.2,400,"sd","13:27:36",16126800
26.05,0.2,15900,"sd","13:27:23",16126400
26.05,0.2,500,"sd","13:27:15",16110500
26.05,0.2,17300,"bu","13:27:15",16110000
26.05,0.2,200,"bu","13:27:10",16092700
26.05,0.2,3000,"bu","13:27:09",16092500
26.05,0.2,500,"sd","13:27:07",16089500
26.05,0.2,1900,"bu","13:27:05",16089000
26.05,0.2,9000,"bu","13:27:03",16087100
26.05,0.2,100,"bu","13:26:59",16078100
26.05,0.2,2700,"sd","13:26:56",16078000
26.05,0.2,42500,"bu","13:26:44",16075300
26.05,0.2,100,"bu","13:26:39",16032800
26.05,0.2,300,"bu","13:26:37",16032700
26.05,0.2,500,"bu","13:26:36",16032400
26.05,0.2,100,"bu","13:26:35",16031900
26.05,0.2,100,"bu","13:26:30",16031800
26.05,0.2,500,"bu","13:26:28",16031700
26.05,0.2,9000,"bu","13:26:24",16031200
26.05,0.2,5000,"bu","13:26:18",16022200
26.05,0.2,100,"bu","13:26:14",16017200
26.05,0.2,3500,"bu","13:26:13",16017100
26.05,0.2,5000,"bu","13:26:12",16013600
26.05,0.2,200,"bu","13:26:11",16008600
26.05,0.2,1000,"bu","13:26:07",16008400
26,0.15,15900,"sd","13:25:59",16007400
26.05,0.2,4100,"bu","13:25:56",15991500
26.05,0.2,5000,"bu","13:25:48",15987400
26.05,0.2,100,"bu","13:25:42",15982400
26.05,0.2,100,"bu","13:25:41",15982300
26.05,0.2,1000,"bu","13:25:39",15982200
26.05,0.2,100,"bu","13:25:37",15981200
26.05,0.2,100,"bu","13:25:32",15981100
26.05,0.2,100,"bu","13:25:13",15981000
26.05,0.2,100,"bu","13:25:11",15980900
26.05,0.2,100,"bu","13:25:10",15980800
26.05,0.2,500,"bu","13:25:06",15980700
26.05,0.2,400,"bu","13:25:02",15980200
26.05,0.2,100,"bu","13:25:01",15979800
26.05,0.2,800,"bu","13:25:00",15979700
26.05,0.2,5500,"bu","13:24:58",15978900
26.05,0.2,9100,"bu","13:24:56",15973400
26.05,0.2,100,"bu","13:24:49",15964300
26.05,0.2,5000,"bu","13:24:48",15964200
26.05,0.2,500,"bu","13:24:47",15959200
26.05,0.2,200,"bu","13:24:44",15958700
26.05,0.2,100,"bu","13:24:40",15958500
26.05,0.2,1900,"sd","13:24:39",15958400
26.1,0.25,1000,"bu","13:24:39",15956500
26.05,0.2,2000,"sd","13:24:37",15955500
26.05,0.2,1000,"sd","13:24:36",15953500
26.05,0.2,2000,"sd","13:24:36",15952500
26.05,0.2,3000,"sd","13:24:30",15950500
26.1,0.25,100,"bu","13:24:29",15947500
26.05,0.2,5000,"sd","13:24:27",15947400
26.1,0.25,700,"bu","13:24:18",15942400
26.05,0.2,5000,"sd","13:24:17",15941700
26.05,0.2,100,"sd","13:24:09",15936700
26.1,0.25,500,"bu","13:24:08",15936600
26.05,0.2,800,"sd","13:24:02",15936100
26.1,0.25,1000,"bu","13:23:59",15935300
26.1,0.25,100,"bu","13:23:55",15934300
26.1,0.25,7100,"bu","13:23:53",15934200
26.1,0.25,25300,"bu","13:23:53",15927100
26.05,0.2,100,"sd","13:23:52",15901800
26.1,0.25,100,"bu","13:23:50",15901700
26.1,0.25,13000,"bu","13:23:49",15901600
26.1,0.25,1300,"bu","13:23:46",15888600
26.05,0.2,7000,"sd","13:23:44",15887300
26.1,0.25,2000,"bu","13:23:43",15880300
26.05,0.2,100,"sd","13:23:41",15878300
26.1,0.25,9100,"bu","13:23:28",15878200
26.1,0.25,1000,"bu","13:23:25",15869100
26.1,0.25,100,"bu","13:23:15",15868100
26.05,0.2,100,"sd","13:23:11",15868000
26.05,0.2,300,"sd","13:23:08",15867900
26.05,0.2,200,"sd","13:23:07",15867600
26.1,0.25,600,"bu","13:23:04",15867400
26.1,0.25,100,"bu","13:23:03",15866800
26.1,0.25,100,"bu","13:22:54",15866700
26.1,0.25,1700,"bu","13:22:44",15866600
26.05,0.2,300,"bu","13:22:44",15864900
26.05,0.2,100,"bu","13:22:42",15864600
26.05,0.2,1300,"sd","13:22:39",15864500
26.05,0.2,5000,"sd","13:22:38",15863200
26.1,0.25,15200,"bu","13:22:33",15858200
26.05,0.2,1000,"sd","13:22:31",15843000
26.05,0.2,100,"sd","13:22:23",15842000
26.05,0.2,7000,"bu","13:22:22",15841900
26.05,0.2,3800,"sd","13:22:19",15834900
26.05,0.2,100,"sd","13:22:17",15831100
26.05,0.2,500,"sd","13:22:14",15831000
26.05,0.2,800,"bu","13:22:10",15830500
26.05,0.2,6000,"bu","13:22:09",15829700
26.05,0.2,3200,"sd","13:22:08",15823700
26.05,0.2,1300,"sd","13:22:06",15820500
26.05,0.2,500,"bu","13:22:04",15819200
26.05,0.2,28900,"bu","13:22:04",15818700
26.05,0.2,1000,"bu","13:22:03",15789800
26.05,0.2,35000,"bu","13:22:02",15788800
26.05,0.2,9100,"bu","13:22:01",15753800
26.05,0.2,600,"bu","13:21:59",15744700
26.05,0.2,800,"bu","13:21:56",15744100
26,0.15,300,"sd","13:21:50",15743300
26.05,0.2,5000,"bu","13:21:49",15743000
26.05,0.2,2000,"bu","13:21:48",15738000
26.05,0.2,2200,"bu","13:21:42",15736000
26.05,0.2,700,"bu","13:21:40",15733800
26.05,0.2,100,"bu","13:21:34",15733100
26.05,0.2,500,"bu","13:21:31",15733000
26.05,0.2,400,"bu","13:21:29",15732500
26.05,0.2,100,"bu","13:21:19",15732100
26.05,0.2,1100,"bu","13:21:15",15732000
26.05,0.2,100,"bu","13:21:03",15730900
26.05,0.2,100,"bu","13:21:03",15730800
26.05,0.2,2000,"bu","13:21:00",15730700
26.05,0.2,15900,"bu","13:20:51",15728700
26.05,0.2,700,"bu","13:20:47",15712800
26,0.15,19000,"bu","13:20:46",15712100
26,0.15,100800,"bu","13:20:44",15693100
26,0.15,2000,"bu","13:20:42",15592300
26,0.15,1200,"bu","13:20:38",15590300
26,0.15,10000,"bu","13:20:35",15589100
26,0.15,9100,"bu","13:20:33",15579100
26,0.15,1000,"bu","13:20:31",15570000
26,0.15,400,"bu","13:20:30",15569000
26,0.15,300,"bu","13:20:26",15568600
26,0.15,100,"bu","13:20:24",15568300
26,0.15,5000,"bu","13:20:19",15568200
26,0.15,5000,"bu","13:20:14",15563200
26,0.15,400,"bu","13:20:13",15558200
25.95,0.1,5000,"sd","13:20:11",15557800
25.95,0.1,300,"sd","13:20:08",15552800
26,0.15,100,"bu","13:20:08",15552500
26,0.15,100,"bu","13:20:07",15552400
25.95,0.1,1100,"sd","13:20:05",15552300
26,0.15,10000,"bu","13:19:59",15551200
26,0.15,100,"bu","13:19:49",15541200
26,0.15,1400,"bu","13:19:36",15541100
26,0.15,8000,"bu","13:19:33",15539700
26,0.15,1000,"bu","13:19:29",15531700
26,0.15,500,"bu","13:19:28",15530700
26,0.15,500,"bu","13:19:23",15530200
26,0.15,169600,"bu","13:19:20",15529700
26,0.15,48700,"bu","13:19:19",15360100
26,0.15,100,"bu","13:19:17",15311400
26,0.15,100,"bu","13:19:12",15311300
26,0.15,9100,"bu","13:19:06",15311200
26,0.15,5000,"bu","13:19:02",15302100
26,0.15,1000,"bu","13:18:48",15297100
26,0.15,500,"bu","13:18:46",15296100
26,0.15,100,"bu","13:18:23",15295600
25.95,0.1,700,"sd","13:18:18",15295500
25.95,0.1,300,"sd","13:18:16",15294800
25.95,0.1,300,"sd","13:18:04",15294500
25.95,0.1,1000,"sd","13:18:01",15294200
25.95,0.1,1000,"sd","13:17:58",15293200
25.95,0.1,8900,"sd","13:17:43",15292200
25.95,0.1,36100,"sd","13:17:43",15283300
25.95,0.1,1000,"sd","13:17:41",15247200
25.95,0.1,700,"sd","13:17:37",15246200
25.95,0.1,4000,"sd","13:17:30",15245500
26,0.15,100,"bu","13:17:21",15241500
26,0.15,1000,"bu","13:17:18",15241400
25.95,0.1,800,"sd","13:17:14",15240400
26,0.15,100,"bu","13:17:13",15239600
26,0.15,1000,"bu","13:17:08",15239500
26,0.15,5000,"bu","13:17:07",15238500
25.95,0.1,2000,"sd","13:17:04",15233500
26,0.15,500,"bu","13:17:01",15231500
25.95,0.1,1000,"sd","13:17:01",15231000
25.95,0.1,700,"sd","13:16:57",15230000
26,0.15,6800,"bu","13:16:57",15229300
25.95,0.1,1000,"bu","13:16:57",15222500
25.95,0.1,3000,"bu","13:16:53",15221500
25.95,0.1,30000,"bu","13:16:48",15218500
25.95,0.1,10000,"bu","13:16:42",15188500
25.95,0.1,7800,"bu","13:16:42",15178500
25.9,0.05,1000,"sd","13:16:36",15170700
25.95,0.1,100,"bu","13:16:35",15169700
25.95,0.1,7900,"bu","13:16:27",15169600
25.95,0.1,200,"bu","13:16:26",15161700
25.9,0.05,700,"sd","13:16:17",15161500
25.9,0.05,100,"sd","13:16:16",15160800
25.9,0.05,900,"sd","13:15:47",15160700
25.95,0.1,2000,"bu","13:15:47",15159800
25.95,0.1,100,"bu","13:15:43",15157800
25.95,0.1,11100,"bu","13:15:38",15157700
25.95,0.1,100,"bu","13:15:31",15146600
25.9,0.05,20000,"sd","13:15:30",15146500
25.95,0.1,8500,"bu","13:15:27",15126500
25.9,0.05,100,"sd","13:15:24",15118000
25.9,0.05,20000,"sd","13:15:23",15117900
25.95,0.1,100,"bu","13:15:20",15097900
25.95,0.1,1000,"bu","13:15:17",15097800
25.95,0.1,1100,"bu","13:15:13",15096800
25.95,0.1,500,"bu","13:15:05",15095700
25.95,0.1,13000,"sd","13:14:53",15095200
25.95,0.1,4300,"bu","13:14:51",15082200
25.95,0.1,1800,"bu","13:14:48",15077900
25.95,0.1,9100,"bu","13:14:41",15076100
25.95,0.1,100,"bu","13:14:27",15067000
25.95,0.1,2000,"bu","13:14:20",15066900
25.95,0.1,500,"bu","13:14:20",15064900
25.95,0.1,100,"bu","13:14:13",15064400
25.95,0.1,500,"bu","13:14:06",15064300
25.9,0.05,100,"sd","13:14:04",15063800
25.95,0.1,100,"bu","13:13:57",15063700
25.95,0.1,1700,"sd","13:13:51",15063600
25.95,0.1,2000,"sd","13:13:40",15061900
25.95,0.1,100,"sd","13:13:39",15059900
25.95,0.1,700,"sd","13:13:36",15059800
25.95,0.1,6300,"bu","13:13:13",15059100
25.95,0.1,1000,"bu","13:13:07",15052800
25.95,0.1,100,"bu","13:13:05",15051800
25.95,0.1,300,"bu","13:13:04",15051700
25.95,0.1,300,"sd","13:12:56",15051400
25.95,0.1,1000,"sd","13:12:55",15051100
25.95,0.1,4000,"sd","13:12:53",15050100
25.95,0.1,2000,"sd","13:12:50",15046100
26,0.15,100,"bu","13:12:46",15044100
25.95,0.1,2500,"bu","13:12:44",15044000
25.95,0.1,600,"bu","13:12:35",15041500
25.9,0.05,200,"sd","13:12:27",15040900
25.95,0.1,6000,"bu","13:12:25",15040700
25.9,0.05,2000,"sd","13:12:20",15034700
25.95,0.1,1000,"bu","13:12:10",15032700
25.95,0.1,100,"bu","13:11:51",15031700
25.95,0.1,9100,"bu","13:11:45",15031600
25.95,0.1,300,"bu","13:11:42",15022500
25.95,0.1,300,"bu","13:11:38",15022200
25.9,0.05,700,"sd","13:11:34",15021900
25.9,0.05,1000,"sd","13:11:29",15021200
25.95,0.1,100,"bu","13:11:29",15020200
25.95,0.1,100,"bu","13:11:27",15020100
25.95,0.1,1000,"bu","13:11:14",15020000
25.9,0.05,400,"sd","13:10:55",15019000
25.9,0.05,300,"sd","13:10:54",15018600
25.9,0.05,800,"sd","13:10:51",15018300
25.95,0.1,3000,"bu","13:10:50",15017500
25.95,0.1,5500,"sd","13:10:45",15014500
25.95,0.1,1700,"sd","13:10:39",15009000
25.95,0.1,3300,"sd","13:10:27",15007300
25.95,0.1,5000,"sd","13:10:24",15004000
25.95,0.1,100,"sd","13:10:20",14999000
25.95,0.1,12000,"sd","13:10:16",14998900
25.95,0.1,2000,"sd","13:10:15",14986900
25.95,0.1,700,"sd","13:10:14",14984900
25.95,0.1,100,"sd","13:10:12",14984200
25.95,0.1,100,"sd","13:10:10",14984100
25.95,0.1,5000,"sd","13:10:01",14984000
25.95,0.1,1500,"sd","13:09:56",14979000
25.95,0.1,4100,"sd","13:09:52",14977500
26,0.15,100,"bu","13:09:51",14973400
26,0.15,2000,"bu","13:09:50",14973300
25.95,0.1,100,"sd","13:09:49",14971300
25.95,0.1,800,"sd","13:09:46",14971200
25.95,0.1,2000,"sd","13:09:44",14970400
25.95,0.1,2000,"sd","13:09:43",14968400
25.95,0.1,11000,"sd","13:09:41",14966400
25.95,0.1,2000,"sd","13:09:35",14955400
25.95,0.1,700,"sd","13:09:34",14953400
25.95,0.1,200,"sd","13:09:29",14952700
25.95,0.1,100,"sd","13:09:20",14952500
25.95,0.1,5000,"sd","13:09:11",14952400
26,0.15,100,"bu","13:09:07",14947400
26,0.15,5700,"bu","13:09:07",14947300
26,0.15,1500,"bu","13:09:02",14941600
26,0.15,100,"bu","13:08:56",14940100
25.95,0.1,700,"sd","13:08:53",14940000
25.95,0.1,100,"sd","13:08:50",14939300
25.95,0.1,400,"sd","13:08:45",14939200
26,0.15,1000,"bu","13:08:34",14938800
26,0.15,300,"bu","13:08:30",14937800
26,0.15,100,"bu","13:08:28",14937500
26,0.15,3000,"bu","13:08:27",14937400
26,0.15,100,"bu","13:08:19",14934400
25.95,0.1,69600,"bu","13:08:14",14934300
25.95,0.1,146000,"bu","13:08:14",14864700
25.95,0.1,3000,"bu","13:08:13",14718700
25.95,0.1,100,"bu","13:08:13",14715700
25.95,0.1,100,"bu","13:08:11",14715600
25.95,0.1,32000,"bu","13:08:10",14715500
25.95,0.1,2000,"bu","13:08:05",14683500
25.9,0.05,300,"sd","13:08:01",14681500
25.95,0.1,10000,"bu","13:07:54",14681200
25.9,0.05,500,"sd","13:07:52",14671200
25.95,0.1,100000,"bu","13:07:38",14670700
25.95,0.1,9000,"bu","13:07:22",14570700
25.95,0.1,100,"bu","13:07:21",14561700
25.95,0.1,100,"bu","13:07:18",14561600
25.95,0.1,100,"bu","13:07:11",14561500
25.9,0.05,500,"sd","13:07:07",14561400
25.95,0.1,500,"bu","13:06:54",14560900
25.95,0.1,100,"bu","13:06:53",14560400
25.9,0.05,2000,"sd","13:06:47",14560300
25.95,0.1,100,"bu","13:06:43",14558300
25.9,0.05,100,"sd","13:06:41",14558200
25.9,0.05,2000,"sd","13:06:31",14558100
25.9,0.05,1000,"sd","13:06:30",14556100
25.9,0.05,200,"sd","13:06:28",14555100
25.95,0.1,100,"bu","13:06:24",14554900
25.9,0.05,300,"sd","13:06:23",14554800
25.9,0.05,2000,"sd","13:06:22",14554500
25.9,0.05,15000,"sd","13:06:14",14552500
25.9,0.05,700,"sd","13:06:13",14537500
25.9,0.05,300,"sd","13:05:55",14536800
25.9,0.05,144200,"bu","13:05:53",14536500
25.9,0.05,7000,"bu","13:05:47",14392300
25.9,0.05,10600,"bu","13:05:45",14385300
25.9,0.05,200,"bu","13:05:41",14374700
25.85,0,1700,"sd","13:05:32",14374500
25.9,0.05,100,"bu","13:05:30",14372800
25.9,0.05,16000,"bu","13:05:23",14372700
25.85,0,900,"sd","13:05:23",14356700
25.9,0.05,400,"bu","13:05:16",14355800
25.85,0,3000,"sd","13:05:13",14355400
25.85,0,20000,"sd","13:05:06",14352400
25.85,0,100,"sd","13:04:56",14332400
25.85,0,200,"sd","13:04:54",14332300
25.85,0,700,"sd","13:04:53",14332100
25.85,0,1900,"sd","13:04:47",14331400
25.9,0.05,500,"bu","13:04:46",14329500
25.85,0,500,"sd","13:04:45",14329000
25.9,0.05,100,"bu","13:04:37",14328500
25.9,0.05,100,"bu","13:04:36",14328400
25.9,0.05,9100,"bu","13:04:26",14328300
25.9,0.05,1200,"bu","13:04:23",14319200
25.9,0.05,100,"bu","13:04:22",14318000
25.85,0,100,"sd","13:04:20",14317900
25.9,0.05,500,"bu","13:04:09",14317800
25.9,0.05,300,"bu","13:03:55",14317300
25.9,0.05,100,"bu","13:03:55",14317000
25.9,0.05,100,"bu","13:03:54",14316900
25.9,0.05,100,"bu","13:03:42",14316800
25.9,0.05,9700,"bu","13:03:39",14316700
25.9,0.05,15900,"bu","13:03:38",14307000
25.9,0.05,200,"bu","13:03:35",14291100
25.9,0.05,46000,"bu","13:03:23",14290900
25.85,0,300,"sd","13:03:23",14244900
25.85,0,100,"sd","13:03:20",14244600
25.9,0.05,500,"bu","13:03:15",14244500
25.85,0,200,"sd","13:03:15",14244000
25.9,0.05,100,"bu","13:03:13",14243800
25.9,0.05,9100,"bu","13:02:58",14243700
25.9,0.05,100,"bu","13:02:47",14234600
25.85,0,100,"sd","13:02:42",14234500
25.85,0,25000,"sd","13:02:31",14234400
25.9,0.05,7400,"bu","13:02:31",14209400
25.9,0.05,100,"bu","13:02:28",14202000
25.9,0.05,15900,"bu","13:02:25",14201900
25.9,0.05,200,"bu","13:02:19",14186000
25.85,0,100,"sd","13:02:15",14185800
25.85,0,700,"sd","13:02:12",14185700
25.85,0,300,"sd","13:02:06",14185000
25.9,0.05,1000,"bu","13:01:57",14184700
25.9,0.05,15900,"bu","13:01:54",14183700
25.9,0.05,100,"bu","13:01:53",14167800
25.9,0.05,100,"bu","13:01:46",14167700
25.9,0.05,4000,"bu","13:01:44",14167600
25.9,0.05,4000,"bu","13:01:42",14163600
25.9,0.05,100,"bu","13:01:35",14159600
25.9,0.05,9100,"bu","13:01:30",14159500
25.9,0.05,1000,"bu","13:01:13",14150400
25.9,0.05,200,"bu","13:01:05",14149400
25.9,0.05,100,"bu","13:01:03",14149200
25.9,0.05,100,"bu","13:01:00",14149100
25.9,0.05,5300,"bu","13:00:53",14149000
25.9,0.05,5300,"bu","13:00:48",14143700
25.85,0,2000,"sd","13:00:46",14138400
25.9,0.05,1500,"bu","13:00:46",14136400
25.85,0,1500,"sd","13:00:46",14134900
25.9,0.05,200,"bu","13:00:46",14133400
25.85,0,100,"sd","13:00:46",14133200
25.85,0,5900,"sd","13:00:45",14133100
25.85,0,500,"sd","13:00:43",14127200
25.85,0,6200,"sd","13:00:42",14126700
25.85,0,10200,"sd","13:00:41",14120500
25.9,0.05,2000,"bu","13:00:40",14110300
25.85,0,5000,"sd","13:00:40",14108300
25.85,0,24700,"sd","13:00:39",14103300
25.9,0.05,1000,"bu","13:00:39",14078600
25.85,0,36900,"sd","13:00:38",14077600
25.85,0,50000,"sd","13:00:38",14040700
25.9,0.05,1000,"bu","13:00:38",13990700
25.85,0,2500,"sd","13:00:37",13989700
25.9,0.05,600,"bu","13:00:37",13987200
25.85,0,2800,"sd","13:00:37",13986600
25.9,0.05,2000,"bu","13:00:31",13983800
25.85,0,100,"sd","13:00:28",13981800
25.85,0,100,"sd","13:00:25",13981700
25.9,0.05,100,"bu","13:00:16",13981600
25.9,0.05,200,"bu","13:00:05",13981500
25.85,0,500,"sd","13:00:04",13981300
25.9,0.05,200,"bu","13:00:04",13980800
25.85,0,4600,"sd","13:00:03",13980600
25.85,0,100,"sd","11:29:41",13976000
25.85,0,500,"sd","11:29:36",13975900
25.9,0.05,2000,"bu","11:29:32",13975400
25.85,0,700,"sd","11:29:31",13973400
25.85,0,100,"sd","11:29:29",13972700
25.9,0.05,400,"bu","11:29:24",13972600
25.85,0,2000,"sd","11:29:24",13972200
25.9,0.05,200,"bu","11:29:22",13970200
25.9,0.05,200,"bu","11:29:17",13970000
25.9,0.05,200,"bu","11:29:03",13969800
25.9,0.05,5000,"bu","11:29:00",13969600
25.9,0.05,20000,"bu","11:28:52",13964600
25.9,0.05,9000,"bu","11:28:35",13944600
25.9,0.05,7800,"bu","11:28:31",13935600
25.9,0.05,7800,"bu","11:28:15",13927800
25.85,0,11000,"sd","11:28:13",13920000
25.9,0.05,2000,"bu","11:28:10",13909000
25.85,0,500,"sd","11:28:05",13906300
25.85,0,2700,"sd","11:28:02",13905800
25.9,0.05,7800,"bu","11:27:53",13903100
25.85,0,1000,"sd","11:27:49",13895300
25.9,0.05,2200,"bu","11:27:47",13894300
25.85,0,1200,"sd","11:27:42",13892100
25.85,0,1000,"sd","11:27:39",13890900
25.9,0.05,19100,"bu","11:27:36",13889900
25.9,0.05,4800,"bu","11:27:30",13870800
25.9,0.05,4200,"bu","11:27:24",13866000
25.9,0.05,7800,"bu","11:27:23",13861800
25.85,0,17500,"bu","11:27:16",13854000
25.85,0,300,"bu","11:27:11",13836500
25.85,0,52000,"bu","11:27:09",13836200
25.85,0,16800,"bu","11:27:07",13784200
25.85,0,20000,"bu","11:26:58",13767400
25.85,0,1000,"bu","11:26:54",13747400
25.85,0,7900,"bu","11:26:46",13746400
25.85,0,1000,"bu","11:26:43",13738500
25.8,-0.05,2000,"sd","11:26:38",13737500
25.8,-0.05,700,"sd","11:26:27",13735500
25.8,-0.05,400,"sd","11:26:24",13734800
25.8,-0.05,50000,"sd","11:26:16",13734400
25.8,-0.05,100,"sd","11:26:12",13684400
25.8,-0.05,700,"sd","11:26:10",13684300
25.8,-0.05,700,"sd","11:25:54",13683600
25.8,-0.05,5100,"bu","11:25:48",13682900
25.8,-0.05,2700,"bu","11:25:45",13677800
25.8,-0.05,1000,"bu","11:25:41",13675100
25.8,-0.05,9800,"bu","11:25:40",13674100
25.8,-0.05,500,"bu","11:25:35",13664300
25.8,-0.05,100,"bu","11:25:34",13663800
25.8,-0.05,2000,"bu","11:25:33",13663700
25.8,-0.05,6700,"sd","11:25:31",13661700
25.8,-0.05,1200,"sd","11:25:29",13655000
25.8,-0.05,300,"sd","11:25:17",13653800
25.8,-0.05,1000,"sd","11:25:14",13653500
25.8,-0.05,20000,"bu","11:25:08",13652500
25.8,-0.05,100,"bu","11:25:06",13632500
25.8,-0.05,1100,"bu","11:25:03",13632400
25.8,-0.05,1100,"bu","11:25:02",13631300
25.8,-0.05,500,"bu","11:25:00",13630200
25.8,-0.05,22000,"bu","11:24:58",13629700
25.8,-0.05,100,"bu","11:24:55",13607700
25.8,-0.05,5000,"bu","11:24:50",13607600
25.8,-0.05,100,"bu","11:24:46",13602600
25.8,-0.05,5000,"bu","11:24:45",13602500
25.8,-0.05,300,"bu","11:24:44",13597500
25.8,-0.05,300,"bu","11:24:43",13597200
25.8,-0.05,1000,"bu","11:24:37",13596900
25.8,-0.05,700,"bu","11:24:36",13595900
25.8,-0.05,100,"bu","11:24:28",13595200
25.8,-0.05,2000,"bu","11:24:14",13595100
25.8,-0.05,100,"bu","11:24:14",13593100
25.8,-0.05,4900,"bu","11:24:13",13593000
25.8,-0.05,9400,"bu","11:24:11",13588100
25.8,-0.05,2000,"bu","11:24:10",13578700
25.8,-0.05,500,"bu","11:24:08",13576700
25.8,-0.05,300,"bu","11:24:02",13576200
25.8,-0.05,300,"bu","11:23:58",13575900
25.8,-0.05,100,"bu","11:23:56",13575600
25.75,-0.1,10100,"sd","11:23:53",13575500
25.8,-0.05,1000,"bu","11:23:48",13565400
25.8,-0.05,100,"bu","11:23:47",13564400
25.8,-0.05,7800,"bu","11:23:44",13564300
25.75,-0.1,100,"sd","11:23:37",13556500
25.75,-0.1,100,"sd","11:23:37",13556400
25.75,-0.1,100,"sd","11:23:36",13556300
25.8,-0.05,2000,"bu","11:23:31",13556200
25.8,-0.05,7800,"bu","11:23:30",13554200
25.8,-0.05,100,"bu","11:23:27",13546400
25.8,-0.05,1000,"bu","11:23:26",13546300
25.8,-0.05,200,"bu","11:23:25",13545300
25.75,-0.1,100,"sd","11:23:11",13545100
25.8,-0.05,1000,"bu","11:22:59",13545000
25.8,-0.05,100,"bu","11:22:55",13544000
25.8,-0.05,500,"bu","11:22:53",13543900
25.8,-0.05,500,"bu","11:22:45",13543400
25.8,-0.05,9400,"bu","11:22:43",13542900
25.8,-0.05,100,"bu","11:22:42",13533500
25.8,-0.05,100,"bu","11:22:41",13533400
25.8,-0.05,5600,"sd","11:22:36",13533300
25.8,-0.05,4500,"sd","11:22:36",13527700
25.8,-0.05,7400,"sd","11:22:34",13523200
25.8,-0.05,600,"sd","11:22:29",13515800
25.8,-0.05,10800,"sd","11:22:27",13515200
25.8,-0.05,700,"sd","11:22:08",13504400
25.8,-0.05,1000,"sd","11:22:02",13503700
25.8,-0.05,500,"sd","11:21:45",13502700
25.8,-0.05,4600,"bu","11:21:40",13502200
25.8,-0.05,1400,"sd","11:21:37",13497600
25.8,-0.05,20000,"sd","11:21:36",13496200
25.8,-0.05,100,"sd","11:21:30",13476200
25.85,0,200,"bu","11:21:28",13476100
25.85,0,100,"bu","11:21:22",13475900
25.85,0,9500,"bu","11:21:15",13475800
25.85,0,100,"bu","11:21:12",13466300
25.8,-0.05,1700,"bu","11:21:06",13466200
25.8,-0.05,22000,"bu","11:21:05",13464500
25.8,-0.05,7800,"bu","11:21:04",13442500
25.8,-0.05,2000,"bu","11:20:54",13434700
25.8,-0.05,32000,"bu","11:20:54",13432700
25.8,-0.05,100,"bu","11:20:52",13400700
25.8,-0.05,7800,"bu","11:20:50",13400600
25.75,-0.1,300,"sd","11:20:50",13392800
25.8,-0.05,100,"bu","11:20:50",13392500
25.75,-0.1,300,"sd","11:20:49",13392400
25.8,-0.05,200,"bu","11:20:48",13392100
25.8,-0.05,500,"bu","11:20:43",13391900
25.8,-0.05,100,"bu","11:20:40",13391400
25.8,-0.05,8300,"bu","11:20:39",13391300
25.8,-0.05,500,"bu","11:20:36",13383000
25.8,-0.05,7800,"bu","11:20:35",13382500
25.8,-0.05,100,"bu","11:20:34",13374700
25.8,-0.05,1000,"bu","11:20:33",13374600
25.8,-0.05,200,"bu","11:20:30",13373600
25.75,-0.1,600,"sd","11:20:29",13373400
25.8,-0.05,100,"bu","11:20:28",13372800
25.8,-0.05,600,"bu","11:20:23",13372700
25.8,-0.05,10400,"bu","11:20:22",13372100
25.8,-0.05,7800,"bu","11:20:19",13361700
25.8,-0.05,100,"bu","11:20:17",13353900
25.8,-0.05,1000,"bu","11:20:09",13353800
25.8,-0.05,8500,"bu","11:20:06",13352800
25.8,-0.05,7800,"bu","11:20:04",13344300
25.75,-0.1,100,"sd","11:19:37",13336500
25.8,-0.05,1000,"bu","11:19:34",13336400
25.8,-0.05,100,"bu","11:19:20",13335400
25.75,-0.1,2000,"sd","11:19:15",13335300
25.8,-0.05,1000,"bu","11:19:15",13333300
25.8,-0.05,500,"bu","11:19:03",13332300
25.8,-0.05,1000,"bu","11:18:54",13331800
25.8,-0.05,500,"bu","11:18:52",13330800
25.8,-0.05,200,"bu","11:18:50",13330300
25.8,-0.05,300,"bu","11:18:38",13330100
25.8,-0.05,1000,"bu","11:18:28",13329800
25.8,-0.05,10000,"bu","11:18:27",13328700
25.8,-0.05,1500,"bu","11:18:24",13318700
25.8,-0.05,100,"bu","11:18:20",13317200
25.8,-0.05,9400,"bu","11:18:19",13317100
25.8,-0.05,3000,"bu","11:18:13",13307700
25.8,-0.05,500,"bu","11:18:09",13304700
25.8,-0.05,10000,"bu","11:18:08",13304200
25.8,-0.05,2400,"bu","11:17:39",13294200
25.8,-0.05,100,"bu","11:17:38",13291800
25.8,-0.05,100,"bu","11:17:30",13291700
25.75,-0.1,100,"sd","11:17:28",13291600
25.75,-0.1,700,"sd","11:17:26",13291500
25.75,-0.1,3000,"sd","11:17:20",13290800
25.8,-0.05,200,"bu","11:17:12",13287800
25.8,-0.05,100,"bu","11:17:05",13287600
25.8,-0.05,9400,"bu","11:16:52",13287500
25.8,-0.05,300,"bu","11:16:51",13278100
25.75,-0.1,1000,"sd","11:16:51",13277800
25.8,-0.05,2000,"bu","11:16:42",13276800
25.8,-0.05,200,"bu","11:16:41",13274800
25.8,-0.05,500,"bu","11:16:33",13274600
25.8,-0.05,1000,"bu","11:16:31",13274100
25.8,-0.05,300,"bu","11:16:27",13273100
25.8,-0.05,100,"bu","11:16:25",13272800
25.8,-0.05,5000,"bu","11:16:18",13272700
25.8,-0.05,100,"bu","11:16:17",13267700
25.8,-0.05,10000,"bu","11:16:15",13267600
25.8,-0.05,200,"bu","11:16:06",13257600
25.8,-0.05,500,"bu","11:15:56",13257400
25.8,-0.05,200,"bu","11:15:53",13256900
25.8,-0.05,300,"bu","11:15:51",13256700
25.8,-0.05,200,"bu","11:15:49",13256400
25.8,-0.05,100,"bu","11:15:44",13256200
25.8,-0.05,100,"bu","11:15:38",13256100
25.8,-0.05,300,"bu","11:15:33",13256000
25.8,-0.05,500,"bu","11:15:28",13255700
25.8,-0.05,9500,"bu","11:15:24",13255200
25.8,-0.05,500,"bu","11:15:22",13245700
25.8,-0.05,100,"bu","11:15:19",13245200
25.8,-0.05,5000,"bu","11:15:14",13245100
25.8,-0.05,200,"bu","11:15:10",13240100
25.8,-0.05,3000,"bu","11:15:10",13239900
25.8,-0.05,300,"bu","11:15:06",13236900
25.8,-0.05,100,"bu","11:15:05",13236600
25.8,-0.05,200,"bu","11:15:04",13236500
25.8,-0.05,5000,"bu","11:15:02",13236300
25.8,-0.05,10000,"bu","11:14:57",13231300
25.75,-0.1,4500,"sd","11:14:45",13221300
25.8,-0.05,100,"bu","11:14:43",13216800
25.8,-0.05,100,"bu","11:14:28",13216700
25.8,-0.05,400,"bu","11:14:25",13216600
25.8,-0.05,500,"bu","11:14:21",13216200
25.8,-0.05,1000,"bu","11:14:11",13215700
25.8,-0.05,100,"bu","11:14:09",13214700
25.8,-0.05,6200,"bu","11:14:08",13214600
25.8,-0.05,500,"bu","11:14:07",13208400
25.8,-0.05,17000,"bu","11:14:06",13207900
25.8,-0.05,1000,"bu","11:14:03",13190900
25.8,-0.05,100,"bu","11:13:56",13189900
25.8,-0.05,9400,"bu","11:13:56",13189800
25.8,-0.05,4000,"bu","11:13:55",13180400
25.8,-0.05,1000,"bu","11:13:53",13176400
25.8,-0.05,700,"bu","11:13:52",13175400
25.8,-0.05,500,"bu","11:13:50",13174700
25.8,-0.05,200,"bu","11:13:48",13174200
25.8,-0.05,100,"bu","11:13:47",13174000
25.8,-0.05,10000,"bu","11:13:44",13173900
25.8,-0.05,100,"bu","11:13:41",13163900
25.8,-0.05,6000,"bu","11:13:34",13163800
25.8,-0.05,400,"bu","11:13:33",13157800
25.8,-0.05,500,"bu","11:13:25",13157400
25.8,-0.05,500,"bu","11:13:23",13156900
25.8,-0.05,500,"bu","11:13:17",13156400
25.8,-0.05,1000,"bu","11:13:16",13155900
25.8,-0.05,100,"bu","11:13:13",13154900
25.8,-0.05,15000,"bu","11:13:07",13154800
25.8,-0.05,100,"bu","11:13:03",13139800
25.8,-0.05,100,"bu","11:12:59",13139700
25.8,-0.05,500,"bu","11:12:52",13139600
25.8,-0.05,2000,"bu","11:12:50",13139100
25.8,-0.05,100,"bu","11:12:40",13137100
25.8,-0.05,2000,"bu","11:12:35",13137000
25.8,-0.05,9400,"bu","11:12:28",13135000
25.8,-0.05,100,"bu","11:12:27",13125600
25.8,-0.05,100,"bu","11:12:25",13125500
25.8,-0.05,600,"bu","11:12:23",13125400
25.8,-0.05,200,"bu","11:12:20",13124800
25.8,-0.05,1100,"bu","11:12:18",13124600
25.8,-0.05,5000,"bu","11:12:17",13123500
25.8,-0.05,1100,"bu","11:12:13",13118500
25.8,-0.05,100,"bu","11:12:06",13117400
25.8,-0.05,4000,"bu","11:12:05",13117300
25.8,-0.05,500,"bu","11:12:01",13113300
25.8,-0.05,1000,"bu","11:11:59",13112800
25.8,-0.05,1000,"bu","11:11:56",13111800
25.8,-0.05,2000,"bu","11:11:50",13110800
25.8,-0.05,4800,"sd","11:11:47",13108800
25.85,0,100,"bu","11:11:46",13104000
25.85,0,100,"bu","11:11:45",13103900
25.8,-0.05,5800,"bu","11:11:28",13103800
25.8,-0.05,1000,"bu","11:11:25",13098000
25.8,-0.05,5000,"bu","11:11:24",13097000
25.8,-0.05,25000,"bu","11:11:23",13092000
25.8,-0.05,200,"bu","11:11:21",13067000
25.8,-0.05,300,"bu","11:11:19",13066800
25.8,-0.05,200,"bu","11:11:17",13066500
25.8,-0.05,5000,"bu","11:11:15",13066300
25.8,-0.05,200,"bu","11:11:14",13061300
25.8,-0.05,500,"bu","11:11:12",13059600
25.8,-0.05,100,"bu","11:11:09",13059100
25.8,-0.05,1000,"bu","11:11:01",13059000
25.8,-0.05,8400,"bu","11:11:00",13058000
25.8,-0.05,200,"bu","11:10:58",13049600
25.8,-0.05,1100,"bu","11:10:56",13049400
25.8,-0.05,100,"bu","11:10:56",13048300
25.8,-0.05,200,"bu","11:10:53",13048200
25.8,-0.05,2000,"bu","11:10:53",13048000
25.8,-0.05,5300,"bu","11:10:51",13046000
25.8,-0.05,300,"bu","11:10:50",13040700
25.8,-0.05,10300,"bu","11:10:48",13040400
25.8,-0.05,500,"bu","11:10:36",13030100
25.8,-0.05,100,"bu","11:10:35",13029600
25.8,-0.05,1000,"bu","11:10:31",13029500
25.8,-0.05,100,"bu","11:10:29",13028500
25.8,-0.05,200,"bu","11:10:27",13028400
25.75,-0.1,20000,"sd","11:10:24",13028200
25.8,-0.05,5300,"bu","11:10:23",13008200
25.8,-0.05,100,"bu","11:10:21",13002900
25.8,-0.05,20000,"bu","11:10:15",13002800
25.8,-0.05,2000,"bu","11:10:14",12982800
25.8,-0.05,100,"bu","11:10:03",12980800
25.8,-0.05,500,"bu","11:09:48",12980700
25.75,-0.1,100,"sd","11:09:37",12980200
25.8,-0.05,100,"bu","11:09:37",12980100
25.8,-0.05,100,"bu","11:09:34",12980000
25.8,-0.05,9700,"bu","11:09:32",12979900
25.8,-0.05,200,"bu","11:09:28",12970200
25.75,-0.1,1500,"sd","11:09:23",12970000
25.8,-0.05,100,"bu","11:09:22",12968500
25.8,-0.05,100,"bu","11:09:17",12968400
25.8,-0.05,100,"bu","11:09:16",12968300
25.8,-0.05,100,"bu","11:09:15",12968200
25.8,-0.05,1000,"bu","11:09:05",12968100
25.8,-0.05,1000,"bu","11:09:01",12967100
25.8,-0.05,100,"bu","11:08:59",12966100
25.8,-0.05,1100,"bu","11:08:56",12966000
25.8,-0.05,200,"bu","11:08:53",12964900
25.8,-0.05,100,"bu","11:08:48",12964700
25.8,-0.05,1000,"bu","11:08:46",12964600
25.8,-0.05,100,"bu","11:08:32",12963600
25.8,-0.05,300,"bu","11:08:11",12963500
25.75,-0.1,15000,"sd","11:08:10",12963200
25.8,-0.05,100,"bu","11:08:06",12948200
25.75,-0.1,1000,"sd","11:08:06",12948100
25.75,-0.1,700,"sd","11:08:03",12947100
25.75,-0.1,5000,"sd","11:08:00",12946400
25.8,-0.05,1000,"bu","11:07:59",12941400
25.8,-0.05,300,"bu","11:07:57",12940400
25.8,-0.05,5300,"bu","11:07:53",12940100
25.8,-0.05,500,"bu","11:07:47",12934800
25.8,-0.05,1000,"bu","11:07:42",12934300
25.75,-0.1,1000,"sd","11:07:31",12933300
25.8,-0.05,600,"bu","11:07:23",12932300
25.8,-0.05,1000,"bu","11:07:22",12931700
25.8,-0.05,100,"bu","11:07:16",12930700
25.8,-0.05,200,"bu","11:07:13",12930600
25.8,-0.05,1100,"bu","11:07:12",12930400
25.8,-0.05,100,"bu","11:07:08",12929300
25.8,-0.05,200,"bu","11:07:00",12929200
25.8,-0.05,17600,"sd","11:06:52",12929000
25.8,-0.05,200,"sd","11:06:50",12911400
25.8,-0.05,2200,"sd","11:06:49",12911200
25.75,-0.1,5700,"sd","11:06:43",12909000
25.75,-0.1,6200,"sd","11:06:42",12903300
25.8,-0.05,58100,"sd","11:06:42",12897100
25.8,-0.05,700,"sd","11:06:42",12839000
25.8,-0.05,2900,"sd","11:06:37",12838300
25.8,-0.05,47100,"sd","11:06:37",12835400
25.8,-0.05,500,"sd","11:06:31",12788300
25.8,-0.05,100,"sd","11:06:30",12787800
25.8,-0.05,200,"sd","11:06:21",12787700
25.8,-0.05,1700,"bu","11:06:16",12787500
25.8,-0.05,100,"bu","11:06:13",12785800
25.8,-0.05,10000,"bu","11:06:12",12785700
25.8,-0.05,700,"bu","11:06:10",12775700
25.8,-0.05,100,"bu","11:06:07",12774700
25.8,-0.05,5500,"bu","11:06:06",12774600
25.8,-0.05,50000,"bu","11:06:03",12769100
25.8,-0.05,300,"bu","11:06:00",12719100
25.8,-0.05,1000,"bu","11:05:56",12718800
25.8,-0.05,200,"bu","11:05:53",12717800
25.8,-0.05,200,"bu","11:05:52",12717600
25.8,-0.05,1100,"bu","11:05:52",12717400
25.8,-0.05,1000,"bu","11:05:46",12716300
25.8,-0.05,100,"bu","11:05:43",12715300
25.8,-0.05,3000,"bu","11:05:41",12715200
25.8,-0.05,1000,"bu","11:05:37",12712200
25.8,-0.05,5000,"bu","11:05:36",12711200
25.8,-0.05,100,"bu","11:05:35",12706200
25.75,-0.1,200,"sd","11:05:34",12706100
25.8,-0.05,100,"bu","11:05:34",12705900
25.8,-0.05,10000,"bu","11:05:30",12705800
25.8,-0.05,200,"bu","11:05:27",12695800
25.8,-0.05,100,"bu","11:05:25",12695600
25.8,-0.05,1000,"bu","11:05:24",12695500
25.75,-0.1,5000,"sd","11:05:22",12694500
25.8,-0.05,22000,"bu","11:05:20",12689500
25.8,-0.05,200,"bu","11:05:19",12667500
25.8,-0.05,1000,"bu","11:05:15",12667300
25.8,-0.05,100,"bu","11:05:12",12666300
25.8,-0.05,9500,"bu","11:05:09",12666200
25.8,-0.05,1000,"bu","11:05:08",12656700
25.8,-0.05,500,"bu","11:05:07",12655700
25.8,-0.05,1500,"bu","11:04:58",12655200
25.8,-0.05,100,"bu","11:04:54",12653700
25.8,-0.05,100,"bu","11:04:53",12653600
25.8,-0.05,100,"bu","11:04:49",12653500
25.8,-0.05,5300,"bu","11:04:40",12653400
25.75,-0.1,3000,"sd","11:04:39",12648100
25.75,-0.1,200,"sd","11:04:37",12645100
25.8,-0.05,100,"bu","11:04:36",12644900
25.8,-0.05,5300,"bu","11:04:34",12644800
25.75,-0.1,37200,"sd","11:04:14",12639500
25.8,-0.05,200,"bu","11:04:13",12602300
25.75,-0.1,500,"sd","11:04:12",12602100
25.8,-0.05,1100,"bu","11:04:11",12601600
25.75,-0.1,5700,"sd","11:04:01",12600500
25.75,-0.1,100,"sd","11:03:59",12594800
25.75,-0.1,300,"sd","11:03:53",12594700
25.75,-0.1,3000,"sd","11:03:47",12594400
25.8,-0.05,400,"bu","11:03:44",12591400
25.8,-0.05,100,"bu","11:03:44",12591000
25.75,-0.1,1200,"sd","11:03:39",12590900
25.75,-0.1,3000,"sd","11:03:33",12589700
25.75,-0.1,5000,"sd","11:03:29",12586700
25.8,-0.05,7500,"bu","11:03:25",12581700
25.75,-0.1,700,"sd","11:03:21",12574200
25.8,-0.05,100,"bu","11:03:20",12573500
25.75,-0.1,500,"sd","11:03:19",12573400
25.75,-0.1,2000,"sd","11:03:17",12572900
25.8,-0.05,100,"bu","11:03:17",12570900
25.75,-0.1,500,"sd","11:03:13",12570800
25.8,-0.05,10000,"bu","11:03:07",12570300
25.8,-0.05,700,"bu","11:03:05",12560300
25.8,-0.05,100,"bu","11:02:49",12559600
25.75,-0.1,200,"sd","11:02:43",12559500
25.8,-0.05,400,"bu","11:02:43",12559300
25.8,-0.05,200,"bu","11:02:39",12558900
25.8,-0.05,100,"bu","11:02:35",12558700
25.75,-0.1,5000,"sd","11:02:28",12558600
25.8,-0.05,5000,"bu","11:02:16",12553600
25.8,-0.05,400,"bu","11:02:14",12548600
25.8,-0.05,9500,"bu","11:02:14",12548200
25.8,-0.05,100,"bu","11:02:13",12538700
25.8,-0.05,4100,"bu","11:02:02",12538600
25.8,-0.05,1000,"bu","11:01:59",12534500
25.75,-0.1,1000,"sd","11:01:58",12533500
25.75,-0.1,1000,"sd","11:01:53",12532500
25.8,-0.05,3800,"bu","11:01:47",12531500
25.75,-0.1,500,"sd","11:01:47",12527700
25.75,-0.1,500,"sd","11:01:38",12527200
25.8,-0.05,10000,"bu","11:01:35",12526700
25.8,-0.05,1000,"bu","11:01:35",12516700
25.75,-0.1,10000,"sd","11:01:30",12515700
25.8,-0.05,100,"bu","11:01:12",12505700
25.8,-0.05,14000,"bu","11:01:05",12505600
25.75,-0.1,800,"sd","11:01:00",12491600
25.75,-0.1,2000,"sd","11:00:44",12490800
25.75,-0.1,400,"sd","11:00:40",12488800
25.75,-0.1,300,"sd","11:00:40",12488400
25.75,-0.1,100,"sd","11:00:22",12488100
25.75,-0.1,400,"sd","11:00:17",12488000
25.8,-0.05,1200,"bu","11:00:12",12487600
25.8,-0.05,100,"bu","11:00:07",12486400
25.8,-0.05,1000,"bu","11:00:02",12486300
25.75,-0.1,700,"sd","11:00:00",12485300
25.75,-0.1,200,"sd","10:59:58",12484600
25.8,-0.05,1000,"bu","10:59:49",12484400
25.8,-0.05,200,"bu","10:59:40",12483400
25.8,-0.05,100,"bu","10:59:38",12483200
25.8,-0.05,800,"sd","10:59:33",12483100
25.8,-0.05,1200,"bu","10:59:31",12482300
25.8,-0.05,5000,"bu","10:59:24",12481100
25.8,-0.05,300,"bu","10:59:21",12476100
25.8,-0.05,1200,"sd","10:59:19",12475800
25.8,-0.05,9500,"bu","10:59:17",12474600
25.8,-0.05,100,"bu","10:59:16",12465100
25.8,-0.05,100,"bu","10:59:13",12465000
25.8,-0.05,200,"bu","10:59:11",12464900
25.8,-0.05,3100,"sd","10:59:04",12464700
25.8,-0.05,50000,"sd","10:59:00",12461600
25.8,-0.05,1000,"sd","10:58:59",12411600
25.8,-0.05,10000,"sd","10:58:54",12410600
25.8,-0.05,2000,"sd","10:58:37",12400600
25.8,-0.05,100000,"sd","10:58:32",12398600
25.8,-0.05,100,"sd","10:58:28",12298600
25.8,-0.05,1500,"sd","10:58:26",12298500
25.85,0,200,"bu","10:58:23",12297000
25.8,-0.05,24600,"sd","10:58:21",12296800
25.8,-0.05,75400,"sd","10:58:20",12272200
25.8,-0.05,12700,"sd","10:58:16",12196800
25.8,-0.05,12300,"sd","10:58:16",12184100
25.8,-0.05,5000,"sd","10:58:14",12171800
25.8,-0.05,2800,"sd","10:58:00",12166800
25.85,0,9700,"bu","10:57:49",12164000
25.85,0,100,"bu","10:57:36",12154300
25.8,-0.05,5000,"sd","10:57:34",12154200
25.85,0,5000,"bu","10:57:30",12149200
25.8,-0.05,5000,"sd","10:57:28",12144200
25.8,-0.05,1700,"sd","10:57:12",12139200
25.8,-0.05,10000,"sd","10:56:58",12137500
25.85,0,1000,"bu","10:56:41",12127500
25.8,-0.05,100,"sd","10:56:30",12126500
25.8,-0.05,500,"sd","10:56:29",12126400
25.8,-0.05,500,"sd","10:56:13",12125900
25.85,0,800,"bu","10:56:09",12125400
25.8,-0.05,3000,"sd","10:55:53",12124600
25.85,0,400,"bu","10:55:52",12121600
25.85,0,100,"bu","10:55:38",12121200
25.85,0,100,"bu","10:55:35",12121100
25.85,0,31400,"sd","10:55:22",12121000
25.85,0,500,"sd","10:55:17",12089600
25.85,0,1000,"sd","10:55:16",12089100
25.85,0,1500,"sd","10:55:16",12088100
25.85,0,2500,"sd","10:55:14",12086600
25.85,0,2000,"sd","10:55:13",12084100
25.85,0,5000,"sd","10:55:12",12082100
25.85,0,1000,"sd","10:55:10",12077100
25.9,0.05,100,"bu","10:55:06",12076100
25.85,0,5000,"sd","10:55:06",12076000
25.85,0,2000,"sd","10:55:05",12071000
25.85,0,100000,"sd","10:55:02",12069000
25.85,0,5000,"sd","10:54:58",11969000
25.85,0,1500,"sd","10:54:57",11964000
25.85,0,4500,"sd","10:54:43",11962500
25.85,0,500,"sd","10:54:42",11958000
25.85,0,1000,"sd","10:54:35",11957500
25.85,0,4000,"sd","10:54:30",11956500
25.85,0,1000,"sd","10:54:25",11952500
25.9,0.05,100,"bu","10:54:17",11951500
25.85,0,1000,"sd","10:54:17",11951400
25.85,0,50000,"sd","10:54:14",11950400
25.9,0.05,900,"bu","10:53:59",11900400
25.85,0,300,"sd","10:53:51",11899500
25.85,0,400,"sd","10:53:37",11899200
25.9,0.05,200,"bu","10:53:32",11898800
25.85,0,1000,"sd","10:53:23",11898600
25.9,0.05,10000,"bu","10:53:19",11897600
25.85,0,40000,"sd","10:53:13",11887600
25.85,0,100,"sd","10:53:08",11847600
25.85,0,10000,"sd","10:53:06",11847500
25.85,0,1700,"sd","10:53:04",11837500
25.9,0.05,1600,"bu","10:53:02",11835800
25.85,0,2100,"sd","10:53:02",11834200
25.85,0,300,"sd","10:52:41",11832100
25.85,0,300,"sd","10:52:35",11831800
25.85,0,5000,"sd","10:52:26",11831500
25.85,0,20000,"sd","10:52:14",11826500
25.85,0,2400,"sd","10:51:56",11806500
25.9,0.05,200,"bu","10:51:54",11804100
25.85,0,10000,"sd","10:51:44",11803900
25.85,0,200,"sd","10:51:42",11793900
25.85,0,2000,"sd","10:51:32",11793700
25.9,0.05,100,"bu","10:51:18",11791700
25.85,0,300,"sd","10:51:17",11791600
25.85,0,300,"sd","10:51:07",11791300
25.9,0.05,1000,"bu","10:51:02",11791000
25.85,0,300,"sd","10:50:49",11790000
25.85,0,100,"sd","10:50:38",11789700
25.85,0,300,"sd","10:50:34",11789600
25.9,0.05,200,"bu","10:50:33",11789300
25.85,0,300,"sd","10:50:26",11789100
25.9,0.05,200,"bu","10:50:14",11788800
25.85,0,10000,"sd","10:49:56",11788600
25.85,0,400,"sd","10:49:55",11778600
25.85,0,50000,"sd","10:49:35",11778200
25.85,0,2500,"sd","10:49:32",11728200
25.85,0,5000,"sd","10:49:22",11725700
25.85,0,1000,"sd","10:49:20",11720700
25.9,0.05,100,"bu","10:49:04",11719700
25.9,0.05,100,"bu","10:49:02",11719600
25.85,0,1000,"sd","10:48:55",11719500
25.9,0.05,600,"bu","10:48:48",11718500
25.9,0.05,600,"bu","10:48:41",11717900
25.9,0.05,300,"bu","10:48:38",11717300
25.9,0.05,300,"bu","10:48:37",11717000
25.85,0,200,"sd","10:48:21",11716700
25.9,0.05,100,"bu","10:48:20",11716500
25.85,0,100,"sd","10:48:12",11716400
25.85,0,10000,"sd","10:48:07",11716300
25.9,0.05,200,"bu","10:48:03",11706300
25.85,0,200,"sd","10:47:50",11706100
25.9,0.05,15000,"bu","10:47:47",11705900
25.85,0,100,"sd","10:47:33",11690900
25.9,0.05,1500,"bu","10:47:25",11690800
25.9,0.05,200,"bu","10:47:22",11689300
25.9,0.05,40000,"bu","10:47:16",11689100
25.85,0,300,"sd","10:47:16",11649100
25.9,0.05,700,"bu","10:47:13",11648800
25.9,0.05,200,"bu","10:47:01",11648100
25.9,0.05,10000,"bu","10:46:42",11647900
25.85,0,30000,"sd","10:46:24",11637900
25.85,0,10000,"sd","10:46:17",11607900
25.9,0.05,9700,"bu","10:46:06",11597900
25.9,0.05,10600,"bu","10:45:55",11588200
25.85,0,100,"sd","10:45:48",11577600
25.9,0.05,100,"bu","10:45:21",11577500
25.85,0,7400,"bu","10:45:16",11577400
25.85,0,100,"bu","10:45:15",11570000
25.85,0,400,"bu","10:45:13",11569900
25.85,0,500,"bu","10:45:11",11569500
25.85,0,100000,"bu","10:45:09",11569000
25.85,0,200,"bu","10:45:08",11469000
25.85,0,200,"bu","10:45:02",11468800
25.85,0,100,"bu","10:44:58",11468600
25.85,0,100,"bu","10:44:53",11468500
25.85,0,200,"bu","10:44:52",11468400
25.85,0,100,"bu","10:44:49",11468200
25.85,0,200,"bu","10:44:47",11468100
25.85,0,1100,"bu","10:44:46",11467900
25.85,0,1000,"bu","10:44:43",11466800
25.85,0,2200,"bu","10:44:43",11465800
25.85,0,2000,"bu","10:44:38",11463600
25.85,0,9700,"bu","10:44:38",11461600
25.85,0,700,"bu","10:44:34",11451900
25.85,0,500,"bu","10:44:25",11451200
25.85,0,300,"bu","10:44:21",11450700
25.85,0,500,"bu","10:44:15",11450400
25.85,0,200,"bu","10:44:08",11449900
25.8,-0.05,1000,"sd","10:44:05",11449700
25.85,0,600,"bu","10:44:00",11448700
25.85,0,3000,"bu","10:43:46",11448100
25.85,0,1600,"bu","10:43:45",11445100
25.85,0,200,"bu","10:43:44",11443500
25.8,-0.05,600,"sd","10:43:43",11443300
25.85,0,100,"bu","10:43:26",11442700
25.8,-0.05,100,"sd","10:43:06",11442600
25.85,0,100,"bu","10:43:04",11442500
25.8,-0.05,900,"sd","10:42:59",11442400
25.85,0,20000,"bu","10:42:48",11441500
25.85,0,1000,"bu","10:42:30",11421500
25.85,0,100,"bu","10:42:28",11420500
25.8,-0.05,200,"sd","10:42:28",11420400
25.85,0,21000,"bu","10:42:22",11420200
25.85,0,3000,"bu","10:42:15",11399200
25.85,0,100,"bu","10:42:13",11396200
25.85,0,500,"bu","10:42:12",11396100
25.85,0,2000,"bu","10:42:05",11395600
25.8,-0.05,40000,"sd","10:42:02",11393600
25.85,0,3400,"bu","10:42:00",11353600
25.85,0,300,"bu","10:41:59",11350200
25.85,0,9600,"bu","10:41:43",11349900
25.85,0,2000,"bu","10:41:39",11340300
25.85,0,100,"bu","10:41:28",11338300
25.85,0,1100,"bu","10:41:26",11338200
25.85,0,400,"bu","10:41:20",11337100
25.85,0,16900,"sd","10:41:14",11336700
25.85,0,33100,"bu","10:41:11",11319800
25.85,0,5000,"bu","10:41:09",11286700
25.85,0,100,"bu","10:41:07",11281700
25.85,0,5300,"bu","10:41:03",11281600
25.85,0,1000,"bu","10:41:01",11276300
25.85,0,1000,"bu","10:41:00",11275300
25.8,-0.05,4300,"sd","10:40:57",11274300
25.85,0,2000,"bu","10:40:57",11270000
25.85,0,100,"bu","10:40:56",11268000
25.85,0,5000,"bu","10:40:53",11267900
25.85,0,1000,"bu","10:40:44",11262900
25.85,0,300,"bu","10:40:35",11261900
25.85,0,300,"bu","10:40:33",11261600
25.85,0,800,"sd","10:40:25",11261300
25.85,0,1000,"bu","10:40:19",11260500
25.85,0,16000,"sd","10:40:18",11259500
25.85,0,500,"sd","10:40:17",11243500
25.85,0,5100,"bu","10:40:14",11243000
25.85,0,1100,"bu","10:40:14",11237900
25.85,0,500,"bu","10:40:06",11236800
25.8,-0.05,500,"sd","10:39:56",11236300
25.85,0,3000,"bu","10:39:53",11235800
25.85,0,100,"bu","10:39:44",11232800
25.85,0,42500,"sd","10:39:43",11232700
25.85,0,20000,"sd","10:39:40",11190200
25.85,0,500,"sd","10:39:38",11170200
25.9,0.05,500,"bu","10:39:27",11169700
25.9,0.05,100,"bu","10:39:25",11169200
25.9,0.05,200,"bu","10:39:17",11169100
25.85,0,4000,"sd","10:39:07",11168900
25.85,0,500,"sd","10:38:56",11164900
25.9,0.05,20000,"bu","10:38:48",11164400
25.85,0,300,"sd","10:38:47",11144400
25.85,0,3000,"sd","10:38:42",11144100
25.85,0,500,"sd","10:38:37",11141100
25.85,0,1000,"sd","10:38:31",11140600
25.85,0,1200,"sd","10:38:27",11139600
25.85,0,5000,"sd","10:38:05",11138400
25.85,0,1000,"sd","10:37:55",11133400
25.85,0,43300,"sd","10:37:49",11132400
25.85,0,6700,"sd","10:37:48",11089100
25.85,0,100,"sd","10:37:44",11082400
25.85,0,400,"sd","10:37:43",11082300
25.85,0,500,"sd","10:37:39",11081900
25.85,0,200,"sd","10:37:37",11081400
25.85,0,500,"sd","10:37:34",11081200
25.9,0.05,9700,"bu","10:37:19",11080700
25.9,0.05,100,"bu","10:37:11",11071000
25.9,0.05,200,"bu","10:37:10",11070900
25.9,0.05,500,"bu","10:36:57",11070700
25.85,0,300,"sd","10:36:56",11070200
25.85,0,1700,"sd","10:36:54",11069900
25.9,0.05,2000,"bu","10:36:51",11068200
25.9,0.05,300,"bu","10:36:45",11066200
25.9,0.05,500,"bu","10:36:26",11065900
25.9,0.05,1000,"bu","10:36:21",11065400
25.85,0,3000,"sd","10:36:13",11064400
25.9,0.05,100,"bu","10:36:11",11061400
25.9,0.05,6500,"bu","10:35:59",11061300
25.9,0.05,400,"bu","10:35:58",11054800
25.9,0.05,200,"bu","10:35:54",11054400
25.9,0.05,9700,"bu","10:35:51",11054200
25.9,0.05,1000,"bu","10:35:50",11044500
25.9,0.05,900,"bu","10:35:42",11043500
25.9,0.05,400,"bu","10:35:39",11042600
25.9,0.05,4000,"bu","10:35:32",11042200
25.9,0.05,200,"bu","10:35:28",11038200
25.85,0,2000,"sd","10:35:28",11038000
25.9,0.05,500,"bu","10:35:09",11036000
25.9,0.05,200,"bu","10:34:46",11035500
25.85,0,200,"sd","10:34:36",11035300
25.85,0,100,"sd","10:34:34",11035100
25.85,0,100,"sd","10:34:07",11035000
25.85,0,20000,"sd","10:33:51",11034900
25.9,0.05,100,"bu","10:33:45",11014900
25.85,0,100,"sd","10:33:43",11014800
25.9,0.05,700,"bu","10:33:42",11014700
25.85,0,100,"sd","10:33:36",11014000
25.85,0,500,"sd","10:33:33",11013900
25.85,0,3100,"sd","10:33:29",11013400
25.85,0,16900,"sd","10:33:29",11010300
25.85,0,30000,"sd","10:33:19",10993400
25.9,0.05,4000,"bu","10:33:17",10963400
25.85,0,100,"sd","10:33:06",10959400
25.9,0.05,100,"bu","10:33:04",10959300
25.9,0.05,200,"bu","10:33:00",10959200
25.85,0,5000,"sd","10:32:58",10959000
25.9,0.05,100,"bu","10:32:58",10954000
25.9,0.05,9700,"bu","10:32:56",10953900
25.9,0.05,100,"bu","10:32:43",10944200
25.9,0.05,200,"bu","10:32:35",10944100
25.9,0.05,10000,"bu","10:32:32",10943900
25.9,0.05,100,"bu","10:32:23",10933900
25.85,0,500,"sd","10:32:18",10933800
25.9,0.05,1000,"bu","10:32:17",10933300
25.9,0.05,500,"bu","10:32:11",10932300
25.85,0,50000,"sd","10:32:02",10931800
25.9,0.05,100,"bu","10:31:56",10881800
25.9,0.05,2000,"bu","10:31:55",10881700
25.85,0,20000,"sd","10:31:55",10879700
25.9,0.05,100,"bu","10:31:54",10859700
25.9,0.05,400,"bu","10:31:47",10859600
25.9,0.05,200,"bu","10:31:46",10859200
25.9,0.05,5300,"bu","10:31:28",10859000
25.9,0.05,9700,"bu","10:31:28",10853700
25.9,0.05,600,"bu","10:31:25",10844000
25.9,0.05,1000,"bu","10:31:24",10843400
25.85,0,1600,"sd","10:31:24",10842400
25.9,0.05,5300,"bu","10:31:21",10840800
25.9,0.05,1000,"bu","10:31:18",10835500
25.9,0.05,5400,"bu","10:31:12",10834500
25.85,0,2000,"sd","10:31:06",10829100
25.9,0.05,100,"bu","10:31:02",10827100
25.9,0.05,5300,"bu","10:31:01",10827000
25.9,0.05,100,"bu","10:30:58",10821700
25.85,0,700,"sd","10:30:55",10821600
25.9,0.05,5300,"bu","10:30:51",10820900
25.9,0.05,5300,"bu","10:30:45",10815600
25.9,0.05,100,"bu","10:30:43",10810300
25.85,0,200,"sd","10:30:28",10810200
25.9,0.05,2000,"bu","10:30:27",10810000
25.85,0,3000,"sd","10:30:22",10808000
25.85,0,11000,"sd","10:30:20",10805000
25.85,0,39000,"sd","10:30:20",10794000
25.85,0,2600,"sd","10:30:19",10755000
25.85,0,7100,"sd","10:30:15",10752400
25.9,0.05,400,"bu","10:30:15",10745300
25.85,0,5900,"sd","10:30:12",10744900
25.85,0,2800,"sd","10:30:08",10739000
25.9,0.05,9700,"bu","10:30:00",10736200
25.9,0.05,500,"bu","10:29:57",10726500
25.9,0.05,1000,"bu","10:29:56",10726000
25.85,0,5200,"sd","10:29:51",10725000
25.9,0.05,1000,"bu","10:29:48",10719800
25.85,0,4200,"sd","10:29:34",10718800
25.85,0,100,"sd","10:29:33",10714600
25.9,0.05,200,"bu","10:29:32",10714500
25.85,0,2100,"sd","10:29:26",10714300
25.85,0,10100,"sd","10:29:21",10712200
25.9,0.05,100,"bu","10:29:16",10702100
25.9,0.05,500,"bu","10:29:08",10702000
25.9,0.05,100,"bu","10:29:01",10701500
25.85,0,900,"sd","10:28:50",10701400
25.9,0.05,200,"bu","10:28:50",10700500
25.85,0,100,"sd","10:28:48",10700300
25.85,0,9700,"sd","10:28:47",10700200
25.9,0.05,800,"bu","10:28:38",10690500
25.85,0,300,"sd","10:28:37",10689700
25.85,0,5300,"sd","10:28:15",10689400
25.9,0.05,100,"bu","10:28:14",10684100
25.9,0.05,1000,"bu","10:28:11",10684000
25.85,0,400,"sd","10:28:09",10683000
25.9,0.05,1000,"bu","10:28:00",10682600
25.85,0,2800,"sd","10:27:58",10681600
25.85,0,3500,"sd","10:27:49",10678800
25.85,0,100,"sd","10:27:44",10675300
25.85,0,200,"sd","10:27:39",10675100
25.85,0,5200,"sd","10:27:38",10674900
25.9,0.05,100,"bu","10:27:36",10669700
25.85,0,4900,"sd","10:27:21",10669600
25.85,0,10000,"sd","10:27:20",10664700
25.85,0,700,"sd","10:27:16",10654700
25.85,0,10900,"sd","10:27:15",10654000
25.85,0,39100,"sd","10:27:14",10643100
25.85,0,1000,"sd","10:27:09",10604000
25.85,0,34900,"sd","10:27:05",10603000
25.9,0.05,9600,"bu","10:27:04",10568100
25.9,0.05,200,"bu","10:27:01",10558500
25.85,0,4700,"sd","10:26:49",10558300
25.9,0.05,100,"bu","10:26:43",10553600
25.9,0.05,10000,"bu","10:26:42",10553500
25.9,0.05,40000,"bu","10:26:40",10543500
25.9,0.05,100,"bu","10:26:27",10503500
25.9,0.05,100,"bu","10:26:17",10503400
25.85,0,300,"sd","10:26:17",10503300
25.85,0,600,"sd","10:25:59",10503000
25.85,0,100,"sd","10:25:56",10502400
25.85,0,700,"sd","10:25:54",10502300
25.9,0.05,8000,"bu","10:25:50",10501600
25.85,0,29400,"bu","10:25:45",10492500
25.85,0,3000,"bu","10:25:43",10463100
25.85,0,10100,"bu","10:25:41",10460100
25.85,0,5600,"bu","10:25:39",10450000
25.85,0,9700,"bu","10:25:36",10444400
25.85,0,100000,"bu","10:25:31",10434700
25.8,-0.05,3000,"sd","10:25:29",10334700
25.85,0,700,"bu","10:25:28",10331700
25.85,0,1000,"bu","10:25:27",10331000
25.85,0,10000,"bu","10:25:23",10330000
25.85,0,100,"bu","10:25:19",10320000
25.8,-0.05,15400,"sd","10:25:19",10319900
25.85,0,1000,"bu","10:25:16",10304500
25.85,0,15000,"bu","10:25:06",10303500
25.8,-0.05,200,"sd","10:24:42",10288500
25.85,0,3000,"bu","10:24:41",10288300
25.85,0,100,"bu","10:24:38",10285300
25.85,0,5000,"bu","10:24:36",10285200
25.8,-0.05,4400,"sd","10:24:28",10280200
25.8,-0.05,200,"sd","10:24:25",10275800
25.85,0,600,"bu","10:24:20",10275600
25.85,0,1000,"bu","10:24:16",10275000
25.8,-0.05,4800,"sd","10:24:15",10274000
25.85,0,200,"bu","10:24:13",10269200
25.85,0,9700,"bu","10:24:09",10269000
25.85,0,1000,"bu","10:24:06",10259300
25.85,0,1000,"bu","10:24:04",10258300
25.8,-0.05,2800,"sd","10:23:59",10257300
25.8,-0.05,5200,"sd","10:23:55",10254500
25.8,-0.05,100,"sd","10:23:54",10249300
25.8,-0.05,2100,"sd","10:23:53",10249200
25.8,-0.05,3300,"sd","10:23:50",10247100
25.8,-0.05,400,"sd","10:23:41",10243800
25.8,-0.05,3500,"sd","10:23:39",10243400
25.85,0,200,"bu","10:23:39",10239900
25.8,-0.05,200,"sd","10:23:37",10239700
