"price","change","match_qtty","side","time","total_vol"
17.6,0.6,2230500,"","14:45:31",47248500
17.45,0.45,10000,"sd","14:32:08",45018000
17.5,0.5,16500,"bu","14:32:07",45008000
17.45,0.45,20200,"bu","14:32:07",44991500
17.45,0.45,206800,"bu","14:32:06",44971300
17.45,0.45,1100,"bu","14:32:06",44764500
17.4,0.4,100,"sd","14:32:05",44763400
17.45,0.45,8000,"bu","14:32:05",44763300
17.45,0.45,500,"bu","14:32:04",44755300
17.45,0.45,10000,"bu","14:32:03",44754800
17.4,0.4,400,"sd","14:32:03",44744800
17.45,0.45,300,"bu","14:32:03",44744400
17.45,0.45,800,"bu","14:32:02",44744100
17.4,0.4,1000,"sd","14:32:02",44743300
17.45,0.45,400,"bu","14:32:02",44742300
17.4,0.4,2000,"sd","14:32:02",44741900
17.45,0.45,5000,"bu","14:32:01",44739900
17.4,0.4,500,"sd","14:32:00",44734900
17.45,0.45,300,"bu","14:32:00",44734400
17.4,0.4,500,"sd","14:32:00",44734100
17.45,0.45,9000,"bu","14:32:00",44733600
17.45,0.45,25000,"bu","14:32:00",44724600
17.45,0.45,500,"bu","14:31:59",44699600
17.45,0.45,11000,"bu","14:31:58",44699100
17.4,0.4,6000,"sd","14:31:58",44688100
17.45,0.45,2100,"bu","14:31:58",44682100
17.45,0.45,3000,"bu","14:31:58",44680000
17.45,0.45,1000,"bu","14:31:57",44677000
17.45,0.45,8000,"bu","14:31:56",44676000
17.45,0.45,300,"bu","14:31:55",44668000
17.4,0.4,200,"sd","14:31:55",44667700
17.45,0.45,18000,"bu","14:31:55",44667500
17.45,0.45,64600,"sd","14:31:54",44649500
17.45,0.45,1100,"sd","14:31:53",44584900
17.45,0.45,1100,"sd","14:31:52",44583800
17.45,0.45,3100,"sd","14:31:52",44582700
17.45,0.45,72400,"bu","14:31:51",44579600
17.45,0.45,3800,"bu","14:31:50",44507200
17.45,0.45,15300,"bu","14:31:49",44503400
17.4,0.4,2000,"sd","14:31:49",44488100
17.45,0.45,3000,"bu","14:31:49",44486100
17.4,0.4,500,"sd","14:31:49",44483100
17.45,0.45,500,"bu","14:31:49",44482600
17.45,0.45,300,"bu","14:31:49",44482100
17.45,0.45,10500,"bu","14:31:48",44481800
17.45,0.45,47100,"bu","14:31:48",44470300
17.45,0.45,14100,"bu","14:31:47",44423200
17.45,0.45,3000,"bu","14:31:46",44409100
17.4,0.4,1000,"sd","14:31:46",44406100
17.45,0.45,29000,"bu","14:31:46",44405100
17.45,0.45,2000,"bu","14:31:46",44376100
17.45,0.45,17700,"bu","14:31:45",44374100
17.45,0.45,2900,"bu","14:31:44",44356400
17.45,0.45,30000,"bu","14:31:43",44353500
17.45,0.45,51600,"bu","14:31:42",44323500
17.45,0.45,201000,"bu","14:31:41",44271900
17.45,0.45,3400,"bu","14:31:40",44070900
17.45,0.45,10000,"bu","14:31:39",44067500
17.4,0.4,4000,"sd","14:31:39",44057500
17.45,0.45,400,"bu","14:31:39",44053500
17.45,0.45,1400,"bu","14:31:38",44053100
17.4,0.4,100,"sd","14:31:38",44051700
17.45,0.45,4000,"bu","14:31:36",44051600
17.4,0.4,300,"sd","14:31:36",44047600
17.45,0.45,600,"bu","14:31:35",44047300
17.45,0.45,100000,"bu","14:31:35",44036700
17.4,0.4,300,"sd","14:31:35",43936700
17.4,0.4,65600,"sd","14:31:34",43936400
17.4,0.4,2000,"sd","14:31:33",43870800
17.45,0.45,2100,"bu","14:31:33",43868800
17.45,0.45,1800,"bu","14:31:33",43860800
17.4,0.4,8600,"bu","14:31:33",43859000
17.4,0.4,40000,"bu","14:31:31",43850400
17.4,0.4,14000,"bu","14:31:31",43810400
17.35,0.35,5900,"sd","14:31:30",43796400
17.4,0.4,44600,"sd","14:31:30",43790500
17.4,0.4,5800,"sd","14:31:29",43745900
17.4,0.4,12000,"sd","14:31:29",43740100
17.4,0.4,248900,"bu","14:31:28",43728100
17.35,0.35,5400,"sd","14:31:27",43479200
17.4,0.4,200,"bu","14:31:27",43473800
17.35,0.35,1400,"sd","14:31:27",43473600
17.4,0.4,1000,"bu","14:31:27",43472200
17.35,0.35,2000,"sd","14:31:27",43471200
17.4,0.4,3100,"bu","14:31:26",43469200
17.35,0.35,4000,"sd","14:31:26",43466100
17.4,0.4,1500,"bu","14:31:25",43462100
17.35,0.35,200,"sd","14:31:24",43460600
17.4,0.4,22200,"bu","14:31:24",43460400
17.4,0.4,5000,"bu","14:31:23",43438200
17.35,0.35,1000,"sd","14:31:21",43433200
17.35,0.35,400,"sd","14:31:21",43432200
17.35,0.35,1000,"sd","14:31:20",43431800
17.4,0.4,200,"bu","14:31:20",43430800
17.35,0.35,2000,"sd","14:31:19",43430600
17.4,0.4,200,"bu","14:31:19",43428600
17.35,0.35,37000,"bu","14:31:18",43428400
17.35,0.35,100,"bu","14:31:18",43391400
17.35,0.35,700,"bu","14:31:15",43391300
17.3,0.3,300,"sd","14:31:15",43390600
17.35,0.35,17000,"bu","14:31:14",43390300
17.35,0.35,6000,"bu","14:31:13",43373300
17.3,0.3,10000,"sd","14:31:12",43367300
17.35,0.35,1000,"bu","14:31:12",43357300
17.3,0.3,1000,"sd","14:31:12",43356300
17.35,0.35,50000,"bu","14:31:12",43355300
17.35,0.35,1000,"bu","14:31:10",43305300
17.3,0.3,36100,"sd","14:31:07",43304300
17.35,0.35,6000,"bu","14:31:07",43268200
17.3,0.3,2100,"sd","14:31:06",43262200
17.3,0.3,188400,"bu","14:31:05",43260100
17.3,0.3,10000,"bu","14:31:04",43071700
17.25,0.25,200,"sd","14:31:04",43061700
17.3,0.3,62500,"bu","14:31:04",43061500
17.3,0.3,500,"bu","14:31:03",42999000
17.25,0.25,1000,"sd","14:31:03",42998500
17.3,0.3,10000,"bu","14:31:03",42997500
17.3,0.3,30000,"bu","14:31:01",42987000
17.25,0.25,1000,"sd","14:30:59",42957000
17.3,0.3,50000,"bu","14:30:57",42956000
17.3,0.3,1500,"bu","14:30:55",42906000
17.25,0.25,6500,"bu","14:30:44",42904500
17.25,0.25,369600,"bu","14:30:44",42898000
17.25,0.25,20000,"bu","14:30:42",42528400
17.25,0.25,5000,"bu","14:30:41",42508400
17.25,0.25,1400,"bu","14:30:40",42503400
17.2,0.2,100,"sd","14:30:39",42502000
17.25,0.25,15000,"bu","14:30:38",42501900
17.2,0.2,100,"sd","14:30:35",42486900
17.2,0.2,100,"sd","14:30:34",42486800
17.2,0.2,500,"sd","14:30:34",42486700
17.25,0.25,30000,"bu","14:30:33",42486200
17.25,0.25,5000,"bu","14:30:32",42456200
17.25,0.25,10000,"bu","14:30:31",42451200
17.2,0.2,3000,"sd","14:30:28",42441200
17.25,0.25,15000,"bu","14:30:28",42438200
17.2,0.2,14600,"sd","14:30:26",42423200
17.25,0.25,1000,"bu","14:30:26",42408600
17.2,0.2,400,"sd","14:30:25",42407600
17.25,0.25,2000,"bu","14:30:23",42407200
17.2,0.2,500,"sd","14:30:23",42405200
17.2,0.2,10000,"sd","14:30:22",42404700
17.25,0.25,300,"bu","14:30:10",42394700
17.25,0.25,20000,"bu","14:30:07",42394400
17.2,0.2,181000,"bu","14:30:07",42374400
17.15,0.15,1000,"sd","14:30:06",42193400
17.2,0.2,8300,"bu","14:30:06",42192400
17.2,0.2,600,"bu","14:30:04",42184100
17.2,0.2,6000,"bu","14:30:03",42183500
17.2,0.2,3800,"bu","14:30:02",42177500
17.2,0.2,15000,"bu","14:30:00",42173700
17.2,0.2,3000,"bu","14:30:00",42158700
17.2,0.2,50000,"bu","14:29:58",42155700
17.2,0.2,103100,"bu","14:29:57",42105700
17.2,0.2,114000,"bu","14:29:51",42002600
17.15,0.15,500,"sd","14:29:50",41888600
17.15,0.15,1000,"sd","14:29:46",41888100
17.2,0.2,500,"bu","14:29:46",41887100
17.2,0.2,100,"bu","14:29:46",41886600
17.2,0.2,1000,"bu","14:29:43",41886500
17.2,0.2,100,"bu","14:29:42",41885500
17.15,0.15,3000,"sd","14:29:42",41885400
17.15,0.15,400,"sd","14:29:39",41882400
17.2,0.2,2000,"bu","14:29:38",41882000
17.2,0.2,20000,"bu","14:29:37",41880000
17.2,0.2,200,"bu","14:29:35",41860000
17.15,0.15,2000,"sd","14:29:33",41859800
17.2,0.2,3000,"bu","14:29:32",41857800
17.15,0.15,100,"sd","14:29:26",41854800
17.15,0.15,3200,"sd","14:29:23",41854700
17.15,0.15,100,"sd","14:29:22",41851500
17.15,0.15,100,"sd","14:29:22",41851400
17.15,0.15,600,"sd","14:29:20",41851300
17.15,0.15,2000,"sd","14:29:18",41850700
17.15,0.15,11000,"sd","14:29:11",41848700
17.15,0.15,5000,"sd","14:29:07",41837700
17.15,0.15,500,"sd","14:29:05",41832700
17.15,0.15,6000,"sd","14:29:04",41832200
17.15,0.15,10000,"sd","14:29:01",41826200
17.15,0.15,31300,"bu","14:28:57",41816200
17.15,0.15,20000,"bu","14:28:57",41784900
17.15,0.15,2200,"bu","14:28:55",41764900
17.15,0.15,900,"bu","14:28:54",41762700
17.1,0.1,2500,"sd","14:28:30",41761800
17.15,0.15,900,"bu","14:28:30",41759300
17.15,0.15,150200,"bu","14:28:30",41758400
17.1,0.1,800,"sd","14:28:30",41608200
17.15,0.15,10000,"bu","14:28:26",41607400
17.15,0.15,400,"bu","14:28:24",41597400
17.15,0.15,100,"bu","14:28:24",41597000
17.15,0.15,150000,"bu","14:28:21",41596900
17.15,0.15,1000,"bu","14:28:20",41446900
17.15,0.15,100000,"bu","14:28:13",41445900
17.15,0.15,10900,"bu","14:28:10",41345900
17.1,0.1,500,"sd","14:28:09",41335000
17.15,0.15,30000,"bu","14:28:06",41334500
17.1,0.1,1300,"sd","14:28:06",41304500
17.1,0.1,200,"sd","14:28:04",41303200
17.15,0.15,200,"bu","14:28:03",41303000
17.1,0.1,5000,"sd","14:28:02",41302800
17.1,0.1,1200,"sd","14:27:59",41297800
17.15,0.15,3200,"bu","14:27:57",41296600
17.1,0.1,5000,"sd","14:27:57",41293400
17.15,0.15,200,"bu","14:27:51",41288400
17.15,0.15,2000,"bu","14:27:49",41288200
17.15,0.15,300,"bu","14:27:38",41286200
17.1,0.1,200,"sd","14:27:34",41285900
17.1,0.1,1500,"sd","14:27:32",41285700
17.15,0.15,1000,"bu","14:27:22",41284200
17.1,0.1,8900,"sd","14:27:21",41283200
17.1,0.1,1000,"sd","14:27:21",41274300
17.15,0.15,1000,"bu","14:27:20",41273300
17.15,0.15,1000,"bu","14:27:14",41272300
17.1,0.1,30000,"sd","14:27:09",41271300
17.15,0.15,100,"bu","14:27:07",41241300
17.15,0.15,700,"bu","14:27:07",41241200
17.15,0.15,10000,"bu","14:27:06",41240500
17.15,0.15,200,"bu","14:27:05",41230500
17.15,0.15,600,"bu","14:27:04",41230300
17.15,0.15,2000,"bu","14:27:03",41229700
17.15,0.15,100,"bu","14:26:59",41226700
17.1,0.1,100,"sd","14:26:58",41226600
17.1,0.1,1500,"sd","14:26:44",41226500
17.1,0.1,300,"sd","14:26:43",41225000
17.15,0.15,2500,"bu","14:26:35",41224700
17.15,0.15,2000,"bu","14:26:33",41222200
17.1,0.1,20000,"sd","14:26:33",41220200
17.1,0.1,4300,"sd","14:26:32",41200200
17.1,0.1,4500,"sd","14:26:31",41195900
17.15,0.15,2000,"bu","14:26:31",41191400
17.15,0.15,100,"bu","14:26:27",41189400
17.15,0.15,9000,"bu","14:26:27",41189300
17.1,0.1,100,"sd","14:26:27",41180300
17.1,0.1,100,"sd","14:26:26",41180200
17.1,0.1,500,"sd","14:26:26",41180100
17.1,0.1,100,"sd","14:26:25",41179600
17.15,0.15,14000,"bu","14:26:25",41179500
17.15,0.15,200,"bu","14:26:20",41165500
17.1,0.1,2000,"sd","14:26:20",41165300
17.1,0.1,500,"sd","14:26:19",41163300
17.1,0.1,200,"sd","14:26:16",41162800
17.15,0.15,2000,"bu","14:26:16",41162600
17.15,0.15,1000,"bu","14:26:14",41160600
17.1,0.1,500,"sd","14:26:14",41159600
17.15,0.15,500,"bu","14:26:14",41159100
17.1,0.1,200,"sd","14:26:14",41158600
17.15,0.15,100,"bu","14:26:13",41158400
17.15,0.15,700,"bu","14:26:12",41158300
17.1,0.1,13500,"sd","14:26:10",41157600
17.15,0.15,700,"bu","14:26:08",41144100
17.15,0.15,200,"bu","14:26:05",41143400
17.1,0.1,100,"sd","14:26:05",41143200
17.15,0.15,1900,"bu","14:26:05",41143100
17.15,0.15,1000,"bu","14:26:04",41141200
17.15,0.15,1000,"bu","14:26:02",41140200
17.15,0.15,46200,"sd","14:26:01",41139200
17.15,0.15,9000,"sd","14:25:59",41093000
17.15,0.15,300,"sd","14:25:57",41084000
17.15,0.15,11600,"bu","14:25:56",41083700
17.15,0.15,7800,"sd","14:25:55",41072100
17.15,0.15,103100,"bu","14:25:54",41064300
17.15,0.15,1000,"bu","14:25:53",40961200
17.1,0.1,500,"sd","14:25:52",40960200
17.15,0.15,1200,"bu","14:25:52",40959700
17.1,0.1,500,"sd","14:25:51",40958500
17.15,0.15,1000,"bu","14:25:50",40958000
17.15,0.15,3500,"bu","14:25:49",40957000
17.1,0.1,800,"sd","14:25:46",40953500
17.15,0.15,4600,"bu","14:25:46",40952700
17.1,0.1,200,"sd","14:25:46",40948100
17.15,0.15,100000,"bu","14:25:46",40947900
17.1,0.1,800,"sd","14:25:43",40847900
17.1,0.1,300,"sd","14:25:42",40847100
17.15,0.15,55000,"bu","14:25:39",40846800
17.1,0.1,5500,"sd","14:25:39",40791800
17.15,0.15,2000,"bu","14:25:39",40786300
17.1,0.1,200,"sd","14:25:38",40784300
17.1,0.1,1000,"sd","14:25:35",40784100
17.1,0.1,1600,"sd","14:25:35",40783100
17.15,0.15,1500,"bu","14:25:35",40781500
17.1,0.1,400,"sd","14:25:33",40780000
17.15,0.15,5000,"bu","14:25:33",40779600
17.15,0.15,700,"bu","14:25:32",40774600
17.1,0.1,400,"sd","14:25:29",40773900
17.1,0.1,100,"sd","14:25:27",40773500
17.15,0.15,100000,"bu","14:25:26",40773400
17.1,0.1,3100,"sd","14:25:25",40673400
17.15,0.15,10700,"bu","14:25:25",40670300
17.1,0.1,2000,"sd","14:25:24",40659600
17.15,0.15,2000,"bu","14:25:22",40657600
17.1,0.1,15000,"sd","14:25:21",40655600
17.15,0.15,200,"bu","14:25:21",40640600
17.15,0.15,8000,"bu","14:25:20",40640400
17.1,0.1,500,"sd","14:25:19",40632400
17.15,0.15,59100,"sd","14:25:19",40631900
17.15,0.15,140900,"bu","14:25:18",40572800
17.15,0.15,5000,"bu","14:25:15",40431900
17.1,0.1,4000,"sd","14:25:15",40426900
17.15,0.15,300,"bu","14:25:14",40422900
17.15,0.15,10100,"bu","14:25:12",40422600
17.1,0.1,1000,"sd","14:25:11",40412500
17.15,0.15,1000,"bu","14:25:11",40411500
17.1,0.1,5000,"sd","14:25:11",40410500
17.15,0.15,900,"bu","14:25:10",40405500
17.1,0.1,1100,"sd","14:25:10",40404600
17.15,0.15,100000,"bu","14:25:10",40403500
17.15,0.15,400,"bu","14:25:08",40303500
17.15,0.15,500,"bu","14:25:08",40303100
17.15,0.15,1000,"bu","14:25:07",40302600
17.1,0.1,300,"sd","14:25:07",40301600
17.15,0.15,1000,"bu","14:25:07",40301300
17.1,0.1,100,"sd","14:25:07",40300300
17.1,0.1,11000,"sd","14:25:06",40300200
17.1,0.1,500,"sd","14:25:06",40289200
17.1,0.1,25000,"sd","14:25:03",40288700
17.1,0.1,70000,"sd","14:25:01",40263700
17.15,0.15,1000,"bu","14:24:51",40193700
17.1,0.1,2000,"sd","14:24:51",40192700
17.1,0.1,800,"sd","14:24:50",40190700
17.15,0.15,20000,"bu","14:24:49",40189900
17.1,0.1,4000,"sd","14:24:49",40169900
17.1,0.1,47700,"bu","14:24:47",40165900
17.05,0.05,20000,"sd","14:24:47",40118200
17.1,0.1,200,"bu","14:24:47",40098200
17.1,0.1,100,"bu","14:24:47",40098000
17.1,0.1,5000,"bu","14:24:46",40097900
17.1,0.1,12000,"bu","14:24:46",40092900
17.1,0.1,46700,"sd","14:24:45",40080900
17.15,0.15,600,"bu","14:24:43",40034200
17.1,0.1,104500,"sd","14:24:42",40033600
17.1,0.1,3400,"sd","14:24:40",39929100
17.1,0.1,200,"sd","14:24:40",39925700
17.1,0.1,300,"sd","14:24:38",39925500
17.15,0.15,100,"bu","14:24:38",39925200
17.1,0.1,6300,"sd","14:24:38",39925100
17.1,0.1,17000,"sd","14:24:37",39918800
17.1,0.1,13000,"sd","14:24:37",39901800
17.1,0.1,3000,"sd","14:24:36",39888800
17.1,0.1,17100,"bu","14:24:36",39885800
17.1,0.1,2000,"bu","14:24:33",39868700
17.1,0.1,4200,"bu","14:24:31",39866700
17.1,0.1,5000,"bu","14:24:30",39862500
17.05,0.05,3000,"sd","14:24:29",39857500
17.1,0.1,5600,"bu","14:24:29",39854500
17.05,0.05,5000,"sd","14:24:28",39848900
17.1,0.1,5000,"bu","14:24:27",39843900
17.05,0.05,20000,"sd","14:24:27",39838900
17.1,0.1,1000,"bu","14:24:27",39818900
17.1,0.1,20000,"bu","14:24:26",39817900
17.05,0.05,30000,"sd","14:24:26",39797900
17.1,0.1,215000,"bu","14:24:24",39767900
17.05,0.05,500,"sd","14:24:24",39552900
17.1,0.1,500,"bu","14:24:23",39552400
17.1,0.1,5000,"bu","14:24:22",39551900
17.05,0.05,100,"sd","14:24:22",39546900
17.1,0.1,300,"bu","14:24:22",39546800
17.05,0.05,5000,"sd","14:24:20",39546500
17.05,0.05,200,"sd","14:24:19",39541500
17.1,0.1,100,"bu","14:24:19",39541300
17.1,0.1,200,"bu","14:24:17",39541200
17.1,0.1,1000,"bu","14:24:16",39541000
17.05,0.05,2000,"sd","14:24:16",39540000
17.1,0.1,3100,"bu","14:24:16",39538000
17.05,0.05,2100,"sd","14:24:16",39534900
17.1,0.1,100,"bu","14:24:16",39532800
17.05,0.05,10000,"sd","14:24:15",39532700
17.1,0.1,5000,"bu","14:24:15",39522700
17.1,0.1,20000,"bu","14:24:14",39517700
17.05,0.05,200,"sd","14:24:11",39497700
17.1,0.1,2000,"bu","14:24:10",39497500
17.05,0.05,1800,"sd","14:24:10",39495500
17.1,0.1,16000,"bu","14:24:08",39493700
17.1,0.1,200,"bu","14:24:07",39477700
17.1,0.1,7800,"bu","14:24:06",39477500
17.1,0.1,500,"bu","14:24:05",39469700
17.05,0.05,500,"sd","14:24:03",39469200
17.1,0.1,5500,"bu","14:24:03",39468700
17.1,0.1,1200,"bu","14:24:01",39463200
17.05,0.05,400,"sd","14:23:59",39462000
17.1,0.1,2500,"bu","14:23:58",39461600
17.1,0.1,100,"bu","14:23:57",39459100
17.1,0.1,2000,"sd","14:23:56",39459000
17.1,0.1,18000,"bu","14:23:55",39457000
17.1,0.1,6500,"bu","14:23:54",39439000
17.05,0.05,10000,"sd","14:23:54",39432500
17.1,0.1,8000,"bu","14:23:51",39422500
17.05,0.05,400,"sd","14:23:51",39414500
17.05,0.05,19600,"sd","14:22:51",39414100
17.1,0.1,14000,"bu","14:22:26",39394500
17.05,0.05,7500,"sd","14:22:26",39380500
17.05,0.05,800,"sd","14:22:25",39373000
17.1,0.1,200,"bu","14:22:24",39372200
17.05,0.05,10000,"sd","14:22:21",39372000
17.1,0.1,10000,"bu","14:22:21",39362000
17.05,0.05,300,"sd","14:22:20",39352000
17.05,0.05,3000,"sd","14:22:19",39351700
17.1,0.1,17900,"bu","14:22:18",39348700
17.1,0.1,1000,"bu","14:22:16",39330800
17.05,0.05,100,"sd","14:22:16",39329800
17.1,0.1,29000,"bu","14:22:16",39329700
17.05,0.05,100,"sd","14:22:14",39300700
17.1,0.1,300,"bu","14:22:14",39300600
17.05,0.05,200,"sd","14:22:13",39300300
17.1,0.1,7000,"bu","14:22:13",39300100
17.05,0.05,100,"sd","14:22:10",39293100
17.05,0.05,3000,"sd","14:22:07",39293000
17.05,0.05,31000,"sd","14:22:06",39289400
17.1,0.1,500,"bu","14:22:05",39258400
17.05,0.05,100,"sd","14:22:05",39257900
17.1,0.1,3000,"bu","14:22:03",39257800
17.05,0.05,500,"sd","14:21:52",39254800
17.05,0.05,46000,"bu","14:21:51",39254300
17,0,10000,"sd","14:21:51",39208300
17.05,0.05,1000,"bu","14:21:50",39198300
17.05,0.05,2000,"bu","14:21:44",39197300
17.05,0.05,500,"bu","14:21:43",39195300
17,0,100,"sd","14:21:43",39194800
17.05,0.05,1100,"bu","14:21:43",39194700
17.05,0.05,1000,"bu","14:21:42",39193600
17,0,2000,"sd","14:21:41",39192600
17,0,600,"sd","14:21:40",39190600
17.05,0.05,1000,"bu","14:21:38",39190000
17,0,1100,"sd","14:21:37",39189000
17,0,400,"sd","14:21:35",39187900
17.05,0.05,900,"bu","14:21:35",39187500
17.05,0.05,1000,"bu","14:21:35",39186600
17,0,1000,"sd","14:21:27",39185600
17.05,0.05,51000,"bu","14:21:27",39184600
17,0,3200,"sd","14:21:26",39133600
17.05,0.05,1000,"bu","14:21:25",39130400
17,0,10500,"sd","14:21:25",39129400
17,0,1000,"sd","14:21:24",39118900
17,0,100,"sd","14:21:23",39117900
17,0,300,"sd","14:21:22",39117800
17,0,1700,"sd","14:21:21",39117500
17,0,131200,"bu","14:21:21",39115600
17,0,1500,"bu","14:21:19",38984400
17,0,1000,"bu","14:21:18",38982900
17,0,29200,"bu","14:21:17",38981900
17,0,10000,"bu","14:21:16",38952700
16.95,-0.05,1300,"sd","14:21:15",38942700
16.95,-0.05,3000,"sd","14:21:12",38941400
17,0,2000,"bu","14:21:11",38938400
16.95,-0.05,1000,"sd","14:21:11",38936400
17,0,1000,"bu","14:21:11",38935400
16.95,-0.05,25000,"bu","14:21:07",38934400
16.95,-0.05,6800,"bu","14:21:06",38909400
16.9,-0.1,1000,"sd","14:21:06",38902600
16.95,-0.05,3800,"bu","14:21:04",38901600
16.9,-0.1,500,"sd","14:20:58",38897800
16.9,-0.1,5000,"sd","14:20:57",38897300
16.9,-0.1,2500,"sd","14:20:56",38892300
16.9,-0.1,3100,"sd","14:20:55",38889800
16.9,-0.1,2000,"sd","14:20:54",38886700
16.9,-0.1,240400,"bu","14:20:53",38884700
16.85,-0.15,500,"sd","14:20:52",38644300
16.85,-0.15,700,"sd","14:20:51",38643800
16.85,-0.15,4200,"sd","14:20:50",38643100
16.9,-0.1,5000,"bu","14:20:50",38638900
16.85,-0.15,500,"sd","14:20:49",38633900
16.9,-0.1,3000,"bu","14:20:48",38633400
16.85,-0.15,500,"sd","14:20:48",38630400
16.9,-0.1,100,"bu","14:20:47",38629900
16.85,-0.15,11300,"sd","14:20:46",38629800
16.85,-0.15,300,"sd","14:20:45",38618500
16.85,-0.15,2300,"sd","14:20:40",38618200
16.9,-0.1,200,"bu","14:20:40",38615900
16.9,-0.1,2000,"bu","14:20:40",38615700
16.85,-0.15,10000,"sd","14:20:40",38613700
16.9,-0.1,400,"bu","14:20:40",38603700
16.9,-0.1,100,"bu","14:20:39",38603300
16.85,-0.15,3000,"sd","14:20:39",38603200
16.85,-0.15,6200,"sd","14:20:38",38600200
16.9,-0.1,500,"bu","14:20:37",38594000
16.85,-0.15,3000,"sd","14:20:37",38593500
16.9,-0.1,24000,"bu","14:20:37",38590500
16.85,-0.15,5000,"sd","14:20:37",38566500
16.9,-0.1,600,"bu","14:20:37",38561500
16.9,-0.1,100300,"bu","14:20:36",38560900
16.85,-0.15,282000,"sd","14:20:36",38460600
16.85,-0.15,10000,"sd","14:20:36",38178600
16.85,-0.15,1200,"sd","14:20:35",38168600
16.85,-0.15,8900,"sd","14:20:35",38167400
16.85,-0.15,73300,"sd","14:20:34",38158500
16.9,-0.1,2000,"bu","14:20:34",38085200
16.9,-0.1,2000,"bu","14:20:33",38083200
16.85,-0.15,10600,"sd","14:20:33",38081200
16.85,-0.15,4200,"sd","14:20:33",38070600
16.85,-0.15,5400,"sd","14:20:32",38066400
16.85,-0.15,2000,"sd","14:20:31",38061000
16.85,-0.15,4100,"sd","14:20:31",38059000
16.9,-0.1,2000,"bu","14:20:30",38054900
16.85,-0.15,24000,"bu","14:20:30",38052900
16.85,-0.15,1000,"bu","14:20:30",38028900
16.85,-0.15,600,"bu","14:20:29",38027900
16.85,-0.15,5000,"bu","14:20:25",38027300
16.85,-0.15,3100,"sd","14:20:25",38022300
16.85,-0.15,1000,"sd","14:20:23",38019200
16.85,-0.15,7000,"sd","14:20:22",38018200
16.85,-0.15,1000,"sd","14:20:21",38011200
16.85,-0.15,4800,"sd","14:20:21",38010200
16.85,-0.15,100,"sd","14:20:17",38005400
16.85,-0.15,3000,"sd","14:20:16",38005300
16.85,-0.15,5200,"sd","14:20:16",38002300
16.85,-0.15,21500,"sd","14:20:11",37997100
16.9,-0.1,20000,"bu","14:20:11",37975600
16.85,-0.15,14700,"sd","14:20:11",37955600
16.85,-0.15,900,"sd","14:20:09",37940900
16.9,-0.1,1000,"bu","14:20:09",37940000
16.85,-0.15,9100,"sd","14:20:09",37939000
16.85,-0.15,4500,"sd","14:20:08",37929900
16.85,-0.15,95000,"sd","14:20:05",37925400
16.85,-0.15,15200,"sd","14:20:04",37830400
16.9,-0.1,50000,"bu","14:20:03",37815200
16.85,-0.15,600,"sd","14:20:03",37765200
16.85,-0.15,4000,"sd","14:20:02",37764600
16.85,-0.15,5200,"sd","14:19:59",37760600
16.9,-0.1,200,"bu","14:19:58",37755400
16.85,-0.15,7000,"sd","14:19:58",37755200
16.9,-0.1,2000,"bu","14:19:58",37748200
16.85,-0.15,35100,"sd","14:19:58",37746200
16.9,-0.1,300,"bu","14:19:58",37711100
16.85,-0.15,2000,"sd","14:19:57",37710800
16.85,-0.15,6300,"sd","14:19:56",37708800
16.85,-0.15,244800,"bu","14:19:55",37702500
16.8,-0.2,2700,"sd","14:19:54",37457700
16.8,-0.2,500,"sd","14:19:52",37455000
16.8,-0.2,10700,"sd","14:19:51",37454500
16.85,-0.15,100,"bu","14:19:50",37443800
16.8,-0.2,3400,"sd","14:19:50",37443700
16.8,-0.2,25600,"sd","14:19:49",37440300
16.8,-0.2,1000,"sd","14:19:47",37414700
16.85,-0.15,400,"bu","14:19:46",37413700
16.8,-0.2,60500,"sd","14:19:46",37413300
16.85,-0.15,500,"bu","14:19:46",37352800
16.8,-0.2,43700,"sd","14:19:45",37352300
16.8,-0.2,55200,"sd","14:19:44",37308600
16.8,-0.2,9000,"sd","14:19:43",37253400
16.8,-0.2,28100,"bu","14:19:42",37244400
16.75,-0.25,900,"sd","14:19:42",37216300
16.8,-0.2,500,"bu","14:19:41",37215400
16.8,-0.2,500,"bu","14:19:41",37214900
16.75,-0.25,500,"sd","14:19:41",37214400
16.8,-0.2,2500,"bu","14:19:41",37213900
16.8,-0.2,5000,"bu","14:19:40",37211400
16.8,-0.2,20100,"bu","14:19:38",37206400
16.8,-0.2,700,"bu","14:19:37",37185700
16.8,-0.2,5000,"bu","14:19:36",37185000
16.8,-0.2,15000,"bu","14:19:35",37180000
16.8,-0.2,3900,"bu","14:19:33",37165000
16.75,-0.25,2500,"sd","14:19:32",37161100
16.8,-0.2,7500,"bu","14:19:32",37158600
16.75,-0.25,800,"sd","14:19:31",37151100
16.8,-0.2,500,"bu","14:19:30",37150300
16.8,-0.2,5000,"bu","14:19:29",37149800
16.75,-0.25,20000,"sd","14:19:29",37144800
16.8,-0.2,30200,"bu","14:19:29",37124800
16.75,-0.25,200,"sd","14:19:27",37094600
16.8,-0.2,500,"bu","14:19:26",37094400
16.75,-0.25,1000,"sd","14:19:25",37093900
16.8,-0.2,2500,"bu","14:19:25",37092900
16.75,-0.25,300,"sd","14:19:25",37090400
16.8,-0.2,74600,"bu","14:19:25",37090100
16.8,-0.2,28400,"bu","14:19:24",37015500
16.75,-0.25,1100,"sd","14:19:21",36987100
16.75,-0.25,200,"sd","14:19:20",36986000
16.8,-0.2,10000,"bu","14:19:20",36985800
16.75,-0.25,10000,"sd","14:19:17",36975800
16.8,-0.2,10000,"bu","14:19:17",36965800
16.75,-0.25,5000,"sd","14:19:17",36955800
16.75,-0.25,10300,"sd","14:19:16",36950800
16.75,-0.25,2700,"sd","14:19:16",36940500
16.8,-0.2,500,"bu","14:19:16",36937800
16.75,-0.25,6000,"sd","14:19:15",36937300
16.8,-0.2,25100,"bu","14:19:13",36931300
16.75,-0.25,14000,"sd","14:19:12",36906200
16.75,-0.25,17500,"sd","14:19:10",36892200
16.8,-0.2,100,"bu","14:19:07",36874700
16.8,-0.2,3800,"bu","14:19:06",36874600
16.75,-0.25,11000,"sd","14:19:06",36870800
16.8,-0.2,50000,"bu","14:19:06",36859800
16.75,-0.25,14800,"sd","14:19:06",36809800
16.75,-0.25,30000,"sd","14:19:05",36795000
16.75,-0.25,7000,"sd","14:19:04",36764000
16.8,-0.2,10000,"bu","14:19:04",36757000
16.8,-0.2,21000,"bu","14:19:03",36747000
16.8,-0.2,400,"bu","14:19:02",36726000
16.75,-0.25,9000,"sd","14:19:02",36725600
16.75,-0.25,1000,"sd","14:19:00",36716600
16.8,-0.2,10000,"bu","14:19:00",36715600
16.75,-0.25,5000,"sd","14:18:59",36705600
16.8,-0.2,13000,"bu","14:18:58",36700600
16.75,-0.25,1000,"sd","14:18:56",36687600
16.8,-0.2,2100,"bu","14:18:54",36686600
16.75,-0.25,2100,"sd","14:18:54",36684500
16.8,-0.2,100,"bu","14:18:54",36682400
16.75,-0.25,1000,"sd","14:18:53",36682300
16.8,-0.2,200,"bu","14:18:51",36681300
16.8,-0.2,90200,"sd","14:18:50",36681100
16.85,-0.15,10000,"bu","14:18:50",36590900
16.8,-0.2,31100,"sd","14:18:47",36580900
16.8,-0.2,11000,"sd","14:18:47",36549800
16.8,-0.2,9700,"sd","14:18:45",36538800
16.8,-0.2,34500,"sd","14:18:43",36529100
16.8,-0.2,6600,"sd","14:18:43",36494600
16.8,-0.2,87000,"sd","14:18:42",36488000
16.85,-0.15,16000,"bu","14:18:41",36401000
16.8,-0.2,100,"sd","14:18:41",36385000
16.8,-0.2,10200,"sd","14:18:38",36384900
16.8,-0.2,97500,"sd","14:18:37",36374700
16.85,-0.15,1000,"bu","14:18:36",36277200
16.8,-0.2,27900,"sd","14:18:35",36276200
16.8,-0.2,94800,"sd","14:18:34",36248300
16.85,-0.15,1000,"bu","14:18:34",36153500
16.8,-0.2,15300,"sd","14:18:34",36152500
16.8,-0.2,3600,"sd","14:18:33",36137200
16.85,-0.15,200,"bu","14:18:32",36133600
16.8,-0.2,100,"sd","14:18:31",36133400
16.8,-0.2,6300,"sd","14:18:30",36133300
16.8,-0.2,5500,"sd","14:18:29",36127000
16.8,-0.2,100,"sd","14:18:28",36120500
16.8,-0.2,10000,"sd","14:18:27",36120400
16.8,-0.2,11400,"sd","14:18:26",36110400
16.8,-0.2,15000,"sd","14:18:26",36099000
16.8,-0.2,20900,"sd","14:18:25",36084000
16.85,-0.15,100,"bu","14:18:24",36063100
16.8,-0.2,92800,"sd","14:18:24",36063000
16.8,-0.2,132200,"sd","14:18:24",35970200
16.8,-0.2,600,"sd","14:18:23",35838000
16.8,-0.2,20100,"sd","14:18:22",35837400
16.85,-0.15,5000,"bu","14:18:22",35817300
16.8,-0.2,1000,"sd","14:18:22",35812300
16.8,-0.2,37100,"sd","14:18:21",35811300
16.85,-0.15,11000,"bu","14:18:21",35774200
16.8,-0.2,100,"sd","14:18:20",35763200
16.8,-0.2,4000,"sd","14:18:18",35763100
16.85,-0.15,1500,"bu","14:18:18",35759100
16.85,-0.15,2000,"bu","14:18:16",35757600
16.8,-0.2,5000,"sd","14:18:15",35755600
16.8,-0.2,100,"sd","14:18:14",35750600
16.8,-0.2,4000,"sd","14:18:11",35750500
16.8,-0.2,11300,"sd","14:18:09",35746500
16.85,-0.15,100,"bu","14:18:07",35735200
16.85,-0.15,1000,"bu","14:18:05",35735100
16.85,-0.15,10000,"bu","14:18:03",35734100
16.85,-0.15,500,"bu","14:18:02",35724100
16.8,-0.2,1200,"sd","14:18:02",35723600
16.85,-0.15,500,"bu","14:18:02",35722400
16.8,-0.2,3000,"sd","14:18:02",35721900
16.85,-0.15,1000,"bu","14:18:01",35718900
16.85,-0.15,4000,"bu","14:17:59",35717900
16.8,-0.2,100,"sd","14:17:58",35713900
16.85,-0.15,600,"bu","14:17:58",35713800
16.8,-0.2,1000,"sd","14:17:58",35713200
16.8,-0.2,9000,"sd","14:17:57",35712200
16.85,-0.15,4200,"bu","14:17:56",35703200
16.8,-0.2,15000,"sd","14:17:55",35699000
16.85,-0.15,1800,"bu","14:17:55",35684000
16.8,-0.2,5200,"sd","14:17:51",35682200
16.85,-0.15,10200,"bu","14:17:51",35677000
16.8,-0.2,2000,"sd","14:17:51",35666800
16.85,-0.15,1000,"bu","14:17:50",35664800
16.8,-0.2,500,"sd","14:17:46",35663800
16.85,-0.15,100,"bu","14:17:46",35663300
16.85,-0.15,100,"bu","14:17:45",35663200
16.8,-0.2,4000,"sd","14:17:45",35663100
16.85,-0.15,700,"bu","14:17:45",35659100
16.85,-0.15,1000,"bu","14:17:44",35658400
16.8,-0.2,800,"sd","14:17:44",35657400
16.85,-0.15,2200,"bu","14:17:44",35656600
16.85,-0.15,1000,"bu","14:17:43",35654400
16.8,-0.2,9700,"sd","14:17:43",35653400
16.85,-0.15,7300,"sd","14:17:43",35643700
16.85,-0.15,14800,"sd","14:17:42",35636400
16.85,-0.15,500,"sd","14:17:41",35621600
16.85,-0.15,1900,"sd","14:17:41",35621100
16.85,-0.15,2000,"sd","14:17:39",35619200
16.85,-0.15,26000,"sd","14:17:39",35617200
16.85,-0.15,8000,"sd","14:17:38",35591200
16.85,-0.15,1000,"sd","14:17:37",35583200
16.85,-0.15,16200,"bu","14:17:37",35582200
16.8,-0.2,255000,"sd","14:17:37",35566000
16.8,-0.2,500,"sd","14:17:36",35311000
16.85,-0.15,10400,"bu","14:17:36",35310500
16.85,-0.15,15000,"bu","14:17:33",35300100
16.85,-0.15,700,"bu","14:17:32",35285100
16.85,-0.15,5000,"bu","14:17:31",35284400
16.8,-0.2,1000,"sd","14:17:29",35279400
16.85,-0.15,500,"bu","14:17:28",35278400
16.85,-0.15,1000,"bu","14:17:27",35274700
16.85,-0.15,1000,"bu","14:17:26",35273700
16.85,-0.15,11000,"bu","14:17:26",35272700
16.8,-0.2,5000,"sd","14:17:26",35261700
16.8,-0.2,400,"sd","14:17:25",35256700
16.85,-0.15,9500,"sd","14:17:24",35256300
16.85,-0.15,49200,"sd","14:17:18",35246800
16.85,-0.15,6000,"sd","14:17:16",35197600
16.85,-0.15,3500,"sd","14:17:15",35191600
16.85,-0.15,1000,"sd","14:17:14",35188100
16.85,-0.15,1600,"sd","14:17:14",35187100
16.85,-0.15,16300,"sd","14:17:12",35185500
16.85,-0.15,6800,"sd","14:17:11",35169200
16.85,-0.15,6300,"sd","14:17:11",35162000
16.85,-0.15,8900,"bu","14:17:10",35155700
16.8,-0.2,20500,"sd","14:17:09",35146800
16.85,-0.15,500,"bu","14:17:09",35126300
16.85,-0.15,8500,"bu","14:17:07",35125800
16.8,-0.2,1000,"sd","14:17:07",35117300
16.85,-0.15,500,"bu","14:17:07",35116300
16.8,-0.2,5000,"sd","14:17:05",35115800
16.8,-0.2,10000,"sd","14:17:04",35110800
16.85,-0.15,1000,"bu","14:17:03",35100800
16.8,-0.2,5000,"sd","14:17:03",35099800
16.85,-0.15,300,"bu","14:17:02",35094800
16.8,-0.2,200,"sd","14:17:02",35094500
16.85,-0.15,100,"bu","14:17:02",35094300
16.85,-0.15,5100,"bu","14:17:01",35094200
16.8,-0.2,20000,"sd","14:17:00",35089100
16.85,-0.15,2000,"bu","14:17:00",35069100
16.85,-0.15,50000,"bu","14:17:00",35067100
16.85,-0.15,2000,"bu","14:16:59",35017100
16.8,-0.2,1800,"sd","14:16:59",35015100
16.85,-0.15,5500,"bu","14:16:59",35013300
16.8,-0.2,5000,"sd","14:16:59",35007800
16.85,-0.15,3200,"bu","14:16:58",35002800
16.85,-0.15,2000,"bu","14:16:57",34999600
16.85,-0.15,2000,"bu","14:16:57",34997600
16.85,-0.15,11000,"bu","14:16:56",34995600
16.85,-0.15,3000,"bu","14:16:56",34984600
16.85,-0.15,10000,"bu","14:16:55",34981600
16.85,-0.15,2500,"bu","14:16:54",34971600
16.85,-0.15,57300,"sd","14:16:54",34969100
16.85,-0.15,2500,"sd","14:16:53",34911800
16.9,-0.1,25000,"bu","14:16:52",34909200
16.85,-0.15,67500,"sd","14:16:52",34884200
16.85,-0.15,20000,"sd","14:16:50",34816700
16.85,-0.15,3200,"sd","14:16:49",34796700
16.85,-0.15,4000,"sd","14:16:48",34793500
16.85,-0.15,9500,"sd","14:16:47",34789500
16.9,-0.1,100,"bu","14:16:47",34780000
16.85,-0.15,20900,"sd","14:16:47",34779900
16.85,-0.15,8000,"sd","14:16:46",34759000
16.85,-0.15,4000,"sd","14:16:43",34751000
16.9,-0.1,1000,"bu","14:16:43",34747000
16.85,-0.15,3700,"sd","14:16:43",34746000
16.85,-0.15,2900,"sd","14:16:42",34742300
16.9,-0.1,2000,"bu","14:16:42",34739400
16.85,-0.15,3000,"sd","14:16:42",34737400
16.85,-0.15,15000,"sd","14:16:41",34734400
16.85,-0.15,100,"sd","14:16:39",34719400
16.9,-0.1,500,"bu","14:16:34",34719300
16.85,-0.15,102000,"sd","14:16:34",34718800
16.9,-0.1,5000,"bu","14:16:30",34616800
16.9,-0.1,1000,"bu","14:16:29",34611800
16.85,-0.15,14900,"sd","14:16:29",34610800
16.85,-0.15,15700,"sd","14:16:28",34595900
16.9,-0.1,10000,"bu","14:16:25",34580200
16.85,-0.15,5000,"sd","14:16:25",34570200
16.9,-0.1,51000,"bu","14:16:23",34565200
16.85,-0.15,3000,"sd","14:16:23",34514200
16.9,-0.1,1000,"bu","14:16:22",34511200
16.85,-0.15,3500,"sd","14:16:20",34510200
16.9,-0.1,500,"bu","14:16:19",34506700
16.85,-0.15,2900,"sd","14:16:19",34506200
16.85,-0.15,500,"sd","14:16:18",34503300
16.9,-0.1,48700,"sd","14:16:17",34502800
16.9,-0.1,500500,"sd","14:16:14",34454100
16.9,-0.1,5000,"sd","14:16:13",33953600
16.9,-0.1,4500,"sd","14:16:12",33948600
16.9,-0.1,10000,"sd","14:16:06",33944100
16.9,-0.1,2000,"sd","14:16:03",33934100
16.9,-0.1,400,"sd","14:16:02",33932100
16.95,-0.05,200,"bu","14:16:01",33931700
16.9,-0.1,5000,"sd","14:16:00",33931500
16.9,-0.1,3000,"sd","14:16:00",33926500
16.95,-0.05,4500,"bu","14:15:58",33923500
16.9,-0.1,9000,"sd","14:15:58",33919000
16.9,-0.1,2000,"sd","14:15:57",33910000
16.95,-0.05,1000,"bu","14:15:56",33908000
16.9,-0.1,1500,"sd","14:15:56",33907000
16.95,-0.05,1500,"bu","14:15:55",33905500
16.9,-0.1,3100,"sd","14:15:54",33904000
16.9,-0.1,3500,"sd","14:15:53",33900900
16.95,-0.05,1000,"bu","14:15:53",33897400
16.9,-0.1,500,"sd","14:15:53",33896400
16.95,-0.05,500,"bu","14:15:53",33895900
16.9,-0.1,3000,"sd","14:15:52",33895400
16.9,-0.1,30000,"sd","14:15:52",33892400
16.9,-0.1,200,"sd","14:15:49",33862300
16.9,-0.1,1000,"sd","14:15:46",33862100
16.9,-0.1,4500,"sd","14:15:46",33861100
16.95,-0.05,26500,"sd","14:15:45",33856600
16.95,-0.05,3600,"sd","14:15:44",33830100
16.95,-0.05,23400,"sd","14:15:43",33826500
16.95,-0.05,4700,"sd","14:15:43",33803100
16.95,-0.05,14300,"sd","14:15:41",33798400
16.95,-0.05,19300,"sd","14:15:38",33784100
16.95,-0.05,30000,"sd","14:15:36",33764800
16.95,-0.05,6800,"sd","14:15:34",33734800
16.95,-0.05,10000,"sd","14:15:34",33728000
16.95,-0.05,51400,"sd","14:15:33",33718000
16.95,-0.05,10000,"sd","14:15:22",33666600
16.95,-0.05,3100,"sd","14:15:15",33656600
16.95,-0.05,100,"sd","14:15:13",33653500
16.95,-0.05,2000,"sd","14:15:11",33653400
16.95,-0.05,160000,"sd","14:15:04",33651400
16.95,-0.05,20800,"sd","14:15:03",33491400
16.95,-0.05,2000,"sd","14:14:58",33470600
16.95,-0.05,91000,"sd","14:14:51",33468600
16.95,-0.05,10000,"sd","14:14:44",33377600
16.95,-0.05,600,"sd","14:14:40",33367600
17,0,1000,"bu","14:14:34",33367000
16.95,-0.05,7000,"sd","14:14:28",33366000
17,0,200,"bu","14:14:28",33359000
16.95,-0.05,4000,"sd","14:14:10",33358800
16.95,-0.05,26200,"sd","14:14:01",33354800
17,0,500,"bu","14:13:56",33328600
16.95,-0.05,10000,"sd","14:13:29",33328100
17,0,3000,"bu","14:13:25",33318100
16.95,-0.05,14000,"sd","14:13:21",33315100
17,0,1000,"bu","14:12:58",33301100
17,0,500,"bu","14:12:56",33300100
16.95,-0.05,1000,"sd","14:12:48",33299600
16.95,-0.05,1000,"sd","14:12:43",33298600
17,0,500,"bu","14:12:29",33297600
17,0,20000,"bu","14:12:21",33297100
17,0,700,"bu","14:12:15",33277100
17,0,500,"bu","14:11:50",33276400
17,0,3000,"bu","14:11:49",33275900
16.95,-0.05,300,"sd","14:11:49",33272900
16.95,-0.05,219800,"sd","14:11:45",33272600
16.95,-0.05,5000,"sd","14:11:44",33052800
17,0,10000,"bu","14:11:43",33047800
17,0,5000,"bu","14:11:40",33037800
17,0,200,"bu","14:11:36",33032800
17,0,2000,"bu","14:11:36",33032600
16.95,-0.05,5500,"sd","14:11:36",33030600
16.95,-0.05,100,"sd","14:11:33",33025100
17,0,6000,"sd","14:11:30",33025000
17,0,15900,"sd","14:11:28",33019000
17,0,66800,"sd","14:11:27",33003100
17,0,500,"sd","14:11:26",32936300
17,0,7500,"sd","14:11:25",32935800
17,0,4000,"sd","14:11:25",32928300
17.05,0.05,400,"bu","14:11:25",32924300
17,0,100000,"sd","14:11:23",32923900
17,0,1100,"sd","14:11:23",32823900
17,0,3900,"sd","14:11:22",32822800
17,0,10600,"sd","14:11:21",32818900
17,0,100000,"sd","14:11:19",32808300
17,0,3000,"sd","14:11:18",32708300
17,0,30400,"sd","14:11:16",32705300
17,0,87300,"sd","14:11:15",32674900
17,0,100,"sd","14:11:15",32587600
17,0,5000,"sd","14:11:12",32587500
17,0,100,"sd","14:11:11",32582500
17.05,0.05,200,"bu","14:11:11",32582400
17.05,0.05,50000,"bu","14:11:09",32582200
17,0,15000,"sd","14:11:05",32532200
17.05,0.05,10000,"bu","14:11:02",32517200
17,0,10000,"sd","14:10:56",32507200
17.05,0.05,91100,"sd","14:10:55",32497200
17.05,0.05,4000,"sd","14:10:54",32406100
17.05,0.05,4000,"sd","14:10:52",32402100
17.05,0.05,300000,"sd","14:10:50",32398100
17.1,0.1,16000,"bu","14:10:49",32098100
17.05,0.05,100,"sd","14:10:48",32082100
17.05,0.05,100,"sd","14:10:45",32082000
17.05,0.05,300,"sd","14:10:40",32081900
17.05,0.05,200,"sd","14:10:39",32081600
17.05,0.05,500,"sd","14:10:35",32081400
17.05,0.05,500,"sd","14:10:33",32080900
17.05,0.05,500,"sd","14:10:31",32080400
17.05,0.05,10400,"sd","14:10:29",32079900
17.05,0.05,5000,"sd","14:10:29",32069500
17.05,0.05,1000,"sd","14:10:23",32064500
17.05,0.05,2100,"sd","14:10:09",32063500
17.05,0.05,1200,"sd","14:10:05",32061400
17.1,0.1,5000,"bu","14:10:05",32060200
17.05,0.05,3000,"sd","14:10:03",32055200
17.05,0.05,2000,"sd","14:10:01",32052200
17.1,0.1,100,"bu","14:10:01",32050200
17.05,0.05,1000,"sd","14:09:58",32050100
17.1,0.1,10000,"bu","14:09:55",32049100
17.05,0.05,100,"sd","14:09:52",32039100
17.1,0.1,5000,"bu","14:09:51",32039000
17.05,0.05,1000,"sd","14:09:49",32034000
17.1,0.1,2900,"bu","14:09:48",32033000
17.1,0.1,200,"bu","14:09:46",32030100
17.1,0.1,4000,"bu","14:09:42",32029900
17.05,0.05,4000,"sd","14:09:39",32025900
17.1,0.1,200,"bu","14:09:32",32021900
17.1,0.1,500,"bu","14:09:28",32021700
17.1,0.1,1000,"bu","14:09:25",32021200
17.1,0.1,900,"bu","14:09:13",32020200
17.1,0.1,3300,"bu","14:09:11",32019300
17.1,0.1,100,"bu","14:08:55",32016000
17.05,0.05,500,"sd","14:08:49",32015900
17.05,0.05,20000,"sd","14:08:47",32015400
17.1,0.1,100,"bu","14:08:41",31995400
17.05,0.05,2000,"sd","14:08:39",31995300
17.05,0.05,2000,"sd","14:08:37",31993300
17.05,0.05,600,"sd","14:08:36",31991300
17.1,0.1,10000,"bu","14:08:35",31990700
17.1,0.1,200,"bu","14:08:29",31980700
17.05,0.05,100,"sd","14:08:21",31980500
17.1,0.1,100,"bu","14:08:16",31980400
17.1,0.1,300,"bu","14:08:15",31980300
17.1,0.1,1000,"bu","14:08:13",31980000
17.1,0.1,3100,"bu","14:08:09",31979000
17.1,0.1,5000,"bu","14:08:07",31975900
17.05,0.05,6600,"sd","14:08:05",31970900
17.05,0.05,20000,"sd","14:08:04",31964300
17.1,0.1,1000,"bu","14:08:04",31944300
17.1,0.1,2100,"bu","14:08:01",31943300
17.1,0.1,500,"bu","14:07:59",31941200
17.05,0.05,1900,"sd","14:07:57",31940700
17.1,0.1,9000,"bu","14:07:56",31938800
17.05,0.05,50000,"sd","14:07:51",31929800
17.1,0.1,500,"bu","14:07:51",31879800
17.05,0.05,300,"sd","14:07:46",31879300
17.1,0.1,1500,"bu","14:07:42",31879000
17.05,0.05,20000,"sd","14:07:41",31877500
17.1,0.1,400,"bu","14:07:36",31857500
17.05,0.05,500,"sd","14:07:35",31857100
17.05,0.05,1800,"sd","14:07:29",31856600
17.05,0.05,200,"sd","14:07:28",31854800
17.1,0.1,3000,"bu","14:07:28",31854600
17.1,0.1,5000,"bu","14:07:27",31851600
17.05,0.05,4000,"sd","14:07:18",31846600
17.05,0.05,1500,"sd","14:07:14",31842600
17.1,0.1,2300,"bu","14:07:05",31841100
17.1,0.1,4000,"sd","14:06:57",31838800
17.1,0.1,7600,"sd","14:06:55",31834800
17.1,0.1,1000,"sd","14:06:53",31827200
17.1,0.1,6000,"sd","14:06:52",31826200
17.1,0.1,300,"sd","14:06:51",31820200
17.1,0.1,6500,"sd","14:06:49",31819900
17.1,0.1,10000,"sd","14:06:48",31813400
17.15,0.15,1000,"bu","14:06:43",31803400
17.1,0.1,286800,"sd","14:06:41",31802400
17.15,0.15,122600,"sd","14:06:41",31515600
17.15,0.15,1000,"sd","14:06:40",31393000
17.15,0.15,7000,"sd","14:06:40",31392000
17.15,0.15,2100,"sd","14:06:39",31385000
17.15,0.15,62900,"sd","14:06:39",31382900
17.15,0.15,43400,"sd","14:06:38",31320000
17.15,0.15,5200,"sd","14:06:37",31276600
17.15,0.15,30000,"sd","14:06:36",31271400
17.15,0.15,3000,"sd","14:06:34",31241400
17.15,0.15,200,"sd","14:06:34",31238400
17.15,0.15,500,"sd","14:06:33",31238200
17.15,0.15,21500,"sd","14:06:28",31237700
17.15,0.15,10000,"sd","14:06:26",31216200
17.15,0.15,3600,"sd","14:06:25",31206200
17.15,0.15,18700,"sd","14:06:23",31202600
17.15,0.15,700,"sd","14:06:18",31183900
17.15,0.15,5100,"sd","14:06:13",31183200
17.2,0.2,17400,"bu","14:06:13",31178100
17.2,0.2,500,"bu","14:06:03",31160700
17.15,0.15,1000,"sd","14:06:02",31160200
17.15,0.15,1000,"sd","14:06:01",31159200
17.2,0.2,2000,"bu","14:05:59",31158200
17.15,0.15,300,"sd","14:05:57",31156200
17.15,0.15,300,"sd","14:05:56",31155900
17.2,0.2,1300,"bu","14:05:56",31155600
17.15,0.15,1000,"sd","14:05:55",31154300
17.15,0.15,400,"sd","14:05:53",31153300
17.15,0.15,100,"sd","14:05:50",31152900
17.15,0.15,5000,"sd","14:05:47",31152800
17.2,0.2,100,"bu","14:05:46",31147800
17.15,0.15,5000,"sd","14:05:45",31147700
17.2,0.2,2000,"bu","14:05:45",31142700
17.15,0.15,2000,"sd","14:05:45",31140700
17.15,0.15,500,"sd","14:05:44",31138700
17.15,0.15,800,"sd","14:05:42",31138200
17.2,0.2,100,"bu","14:05:42",31137400
17.15,0.15,5100,"sd","14:05:37",31137300
17.15,0.15,7000,"sd","14:05:36",31132200
17.15,0.15,5000,"sd","14:05:32",31125200
17.15,0.15,1000,"sd","14:05:29",31120200
17.2,0.2,20000,"bu","14:05:23",31119200
17.15,0.15,3000,"sd","14:05:20",31099200
17.2,0.2,2000,"bu","14:05:18",31096200
17.2,0.2,600,"bu","14:05:16",31094200
17.2,0.2,26000,"bu","14:05:09",31093600
17.2,0.2,500,"bu","14:05:09",31067600
17.15,0.15,2000,"sd","14:05:06",31067100
17.15,0.15,300,"sd","14:05:05",31065100
17.2,0.2,400,"bu","14:05:03",31064800
17.15,0.15,100,"sd","14:05:03",31064400
17.2,0.2,100,"bu","14:05:03",31064300
17.2,0.2,4000,"bu","14:05:00",31064200
17.2,0.2,1000,"bu","14:04:59",31060200
17.15,0.15,2000,"sd","14:04:56",31059200
17.15,0.15,1000,"sd","14:04:55",31057200
17.2,0.2,1000,"bu","14:04:52",31056200
17.2,0.2,100000,"bu","14:04:48",31055200
17.2,0.2,100,"bu","14:04:47",30955200
17.2,0.2,500,"bu","14:04:46",30955100
17.2,0.2,5000,"bu","14:04:36",30954600
17.2,0.2,1000,"bu","14:04:34",30949600
17.15,0.15,700,"sd","14:04:33",30948600
17.2,0.2,1000,"bu","14:04:29",30947900
17.2,0.2,100,"bu","14:04:22",30946900
17.15,0.15,3000,"sd","14:04:19",30946800
17.2,0.2,10000,"bu","14:04:13",30943800
17.15,0.15,200,"sd","14:04:13",30933800
17.2,0.2,100000,"bu","14:04:11",30933600
17.2,0.2,100,"bu","14:03:56",30833600
17.2,0.2,500,"bu","14:03:53",30833500
17.2,0.2,500,"bu","14:03:50",30833000
17.15,0.15,2000,"sd","14:03:48",30832500
17.2,0.2,500,"bu","14:03:44",30830500
17.2,0.2,1300,"bu","14:03:43",30830000
17.2,0.2,5000,"bu","14:03:42",30828700
17.15,0.15,2100,"sd","14:03:41",30823700
17.2,0.2,1000,"bu","14:03:40",30821600
17.2,0.2,100,"bu","14:03:38",30820600
17.2,0.2,5000,"bu","14:03:37",30820500
17.2,0.2,1000,"bu","14:03:34",30815500
17.2,0.2,1000,"bu","14:03:33",30814500
17.2,0.2,400,"bu","14:03:30",30813500
17.2,0.2,700,"bu","14:03:30",30813100
17.15,0.15,700,"sd","14:03:30",30812400
17.2,0.2,10000,"bu","14:03:26",30811700
17.2,0.2,10000,"bu","14:03:23",30801700
17.2,0.2,1000,"bu","14:03:22",30791700
17.15,0.15,2100,"sd","14:03:18",30790700
17.15,0.15,600,"sd","14:03:14",30788600
17.15,0.15,5000,"sd","14:03:09",30788000
17.2,0.2,2600,"bu","14:03:04",30783000
17.15,0.15,100,"sd","14:03:02",30780400
17.15,0.15,10000,"sd","14:02:57",30780300
17.15,0.15,1000,"sd","14:02:48",30770300
17.2,0.2,500,"bu","14:02:45",30769300
17.15,0.15,2000,"sd","14:02:45",30768800
17.2,0.2,100,"bu","14:02:44",30766800
17.15,0.15,2300,"sd","14:02:38",30766700
17.2,0.2,100,"bu","14:02:36",30764400
17.15,0.15,4900,"sd","14:02:36",30764300
17.15,0.15,1500,"sd","14:02:35",30759400
17.15,0.15,2500,"sd","14:02:33",30757900
17.15,0.15,3000,"sd","14:02:30",30755400
17.15,0.15,52900,"bu","14:02:23",30752400
17.15,0.15,22000,"bu","14:02:22",30699500
17.15,0.15,1800,"bu","14:02:21",30677500
17.15,0.15,800,"bu","14:02:19",30675700
17.15,0.15,100,"bu","14:02:18",30674900
17.15,0.15,74000,"bu","14:02:17",30674800
17.1,0.1,1000,"sd","14:02:16",30600800
17.15,0.15,1000,"bu","14:02:14",30599800
17.15,0.15,100,"bu","14:02:10",30598800
17.1,0.1,1000,"sd","14:02:10",30598700
17.15,0.15,14000,"bu","14:02:09",30597700
17.15,0.15,20200,"bu","14:02:07",30583700
17.15,0.15,20000,"bu","14:02:05",30563500
17.15,0.15,1500,"bu","14:02:03",30543500
17.15,0.15,200,"bu","14:02:00",30542000
17.15,0.15,11000,"bu","14:01:59",30541800
17.15,0.15,20300,"bu","14:01:58",30530800
17.15,0.15,500,"bu","14:01:56",30510200
17.15,0.15,2000,"bu","14:01:54",30509700
17.15,0.15,700,"bu","14:01:52",30507700
17.15,0.15,15000,"bu","14:01:50",30507000
17.15,0.15,2500,"bu","14:01:49",30492000
17.15,0.15,2000,"bu","14:01:48",30489500
17.15,0.15,200,"bu","14:01:46",30487500
17.15,0.15,200,"bu","14:01:44",30487300
17.15,0.15,19000,"bu","14:01:44",30487100
17.15,0.15,5300,"bu","14:01:43",30468100
17.15,0.15,1000,"bu","14:01:42",30462800
17.15,0.15,500,"bu","14:01:41",30461800
17.15,0.15,5000,"bu","14:01:40",30461300
17.1,0.1,20000,"sd","14:01:40",30456300
17.15,0.15,1000,"bu","14:01:40",30436300
17.15,0.15,600,"bu","14:01:39",30435300
17.15,0.15,5000,"bu","14:01:37",30434700
17.15,0.15,1100,"bu","14:01:37",30429700
17.1,0.1,7200,"sd","14:01:36",30428600
17.15,0.15,20000,"bu","14:01:36",30421400
17.15,0.15,1000,"bu","14:01:35",30401400
17.15,0.15,100,"bu","14:01:33",30400400
17.15,0.15,100,"bu","14:01:33",30400300
17.15,0.15,10000,"bu","14:01:32",30400200
17.15,0.15,1000,"bu","14:01:31",30390200
17.15,0.15,3200,"bu","14:01:31",30389200
17.15,0.15,2000,"bu","14:01:30",30386000
17.15,0.15,2100,"bu","14:01:29",30384000
17.1,0.1,2000,"sd","14:01:29",30381900
17.15,0.15,1000,"bu","14:01:27",30379900
17.15,0.15,3000,"bu","14:01:26",30378900
17.15,0.15,5000,"bu","14:01:25",30375900
17.15,0.15,500,"bu","14:01:24",30370900
17.15,0.15,1000,"bu","14:01:24",30370400
17.15,0.15,5000,"bu","14:01:22",30369400
17.15,0.15,1000,"bu","14:01:20",30364400
17.15,0.15,4000,"bu","14:01:19",30363400
17.15,0.15,2100,"bu","14:01:18",30359400
17.15,0.15,100,"bu","14:01:18",30357300
17.15,0.15,500,"bu","14:01:17",30357200
17.15,0.15,5900,"bu","14:01:16",30356700
17.15,0.15,200,"bu","14:01:14",30350800
17.15,0.15,1600,"bu","14:01:11",30350600
17.15,0.15,30000,"bu","14:01:07",30349000
17.15,0.15,100,"bu","14:01:04",30319000
17.15,0.15,5000,"bu","14:01:01",30318900
17.15,0.15,3000,"bu","14:00:59",30313900
17.15,0.15,30000,"bu","14:00:50",30310900
17.15,0.15,10000,"bu","14:00:47",30280900
17.1,0.1,400,"sd","14:00:41",30270900
17.15,0.15,200,"bu","14:00:41",30270500
17.1,0.1,400,"sd","14:00:41",30270300
17.15,0.15,2200,"bu","14:00:34",30268900
17.15,0.15,2000,"bu","14:00:30",30266700
17.15,0.15,100,"bu","14:00:29",30264700
17.15,0.15,2000,"bu","14:00:25",30264600
17.15,0.15,1000,"bu","14:00:21",30262600
17.15,0.15,400,"bu","14:00:19",30261600
17.15,0.15,100,"bu","14:00:14",30261200
17.15,0.15,100,"bu","14:00:11",30261100
17.15,0.15,100,"bu","14:00:09",30261000
17.15,0.15,92900,"sd","14:00:06",30260900
17.15,0.15,5000,"sd","14:00:04",30168000
17.15,0.15,200,"sd","14:00:03",30163000
17.15,0.15,2000,"sd","14:00:02",30162800
17.2,0.2,1000,"bu","14:00:00",30160800
17.15,0.15,30000,"sd","13:59:57",30159800
17.15,0.15,2000,"sd","13:59:56",30129800
17.2,0.2,1500,"bu","13:59:51",30127800
17.15,0.15,1000,"sd","13:59:50",30126300
17.15,0.15,100,"sd","13:59:49",30125300
17.2,0.2,2000,"bu","13:59:49",30125200
17.15,0.15,10800,"sd","13:59:47",30123200
17.15,0.15,100,"sd","13:59:40",30112400
17.15,0.15,100,"sd","13:59:33",30112300
17.15,0.15,2000,"sd","13:59:32",30112200
17.15,0.15,1300,"sd","13:59:24",30107900
17.15,0.15,2000,"sd","13:59:22",30106600
17.15,0.15,5000,"sd","13:59:21",30104600
17.15,0.15,500,"sd","13:59:17",30099600
17.15,0.15,100,"sd","13:59:12",30099100
17.15,0.15,400,"sd","13:59:10",30099000
17.15,0.15,138000,"bu","13:59:09",30098600
17.1,0.1,100,"sd","13:59:03",29960600
17.1,0.1,1000,"sd","13:59:01",29960500
17.15,0.15,10000,"bu","13:58:56",29959500
17.1,0.1,5000,"sd","13:58:54",29949500
17.15,0.15,100,"bu","13:58:53",29944500
17.1,0.1,5500,"sd","13:58:49",29944400
17.15,0.15,3300,"bu","13:58:49",29938900
17.1,0.1,100,"sd","13:58:48",29935600
17.1,0.1,700,"sd","13:58:47",29935500
17.15,0.15,300,"bu","13:58:44",29934800
17.1,0.1,2000,"sd","13:58:43",29934500
17.1,0.1,1000,"sd","13:58:43",29932500
17.15,0.15,900,"bu","13:58:41",29931500
17.15,0.15,5000,"bu","13:58:41",29930600
17.15,0.15,10000,"bu","13:58:40",29925600
17.15,0.15,5000,"bu","13:58:33",29915600
17.15,0.15,3000,"bu","13:58:25",29910600
17.1,0.1,9000,"sd","13:58:22",29907600
17.15,0.15,100,"bu","13:58:22",29898600
17.15,0.15,500,"bu","13:58:20",29898500
17.15,0.15,31100,"sd","13:58:18",29898000
17.15,0.15,2700,"sd","13:58:16",29866900
17.2,0.2,3900,"bu","13:58:12",29864200
17.15,0.15,42000,"sd","13:58:11",29860300
17.15,0.15,100,"sd","13:58:10",29818300
17.15,0.15,1000,"sd","13:58:06",29818200
17.2,0.2,400,"bu","13:58:05",29817200
17.2,0.2,100,"bu","13:58:01",29816800
17.15,0.15,1000,"sd","13:58:01",29816700
17.2,0.2,100,"bu","13:57:50",29815700
17.2,0.2,40600,"sd","13:57:45",29815600
17.2,0.2,5000,"sd","13:57:42",29775000
17.2,0.2,1000,"sd","13:57:41",29770000
17.2,0.2,2100,"sd","13:57:40",29769000
17.2,0.2,6000,"sd","13:57:39",29766900
17.2,0.2,100000,"sd","13:57:38",29760900
17.25,0.25,700,"bu","13:57:33",29660900
17.25,0.25,1000,"bu","13:57:32",29660200
17.2,0.2,100,"sd","13:57:32",29659200
17.2,0.2,800,"sd","13:57:29",29659100
17.25,0.25,500,"bu","13:57:28",29658300
17.25,0.25,500,"bu","13:57:28",29657800
17.2,0.2,2000,"sd","13:57:26",29657300
17.25,0.25,3000,"bu","13:57:23",29655300
17.2,0.2,5000,"sd","13:57:23",29652300
17.25,0.25,2000,"bu","13:57:17",29647300
17.25,0.25,3400,"bu","13:57:17",29645300
17.25,0.25,900,"bu","13:57:14",29641900
17.25,0.25,100,"bu","13:57:14",29641000
17.25,0.25,1100,"bu","13:57:12",29640900
17.25,0.25,22000,"bu","13:57:11",29639800
17.2,0.2,1000,"sd","13:57:07",29617800
17.25,0.25,1000,"bu","13:57:06",29616800
17.25,0.25,10000,"bu","13:57:05",29615800
17.25,0.25,5000,"bu","13:57:04",29605800
17.25,0.25,15000,"bu","13:57:04",29600800
17.25,0.25,100,"bu","13:57:03",29585800
17.2,0.2,3000,"sd","13:57:03",29585700
17.25,0.25,7500,"bu","13:57:03",29582700
17.25,0.25,2000,"bu","13:57:00",29575200
17.2,0.2,2000,"sd","13:57:00",29573200
17.25,0.25,3000,"bu","13:57:00",29571200
17.25,0.25,1000,"bu","13:56:54",29568200
17.2,0.2,2000,"sd","13:56:54",29567200
17.25,0.25,100,"bu","13:56:53",29565200
17.3,0.3,16600,"bu","13:56:52",29565100
17.25,0.25,38400,"bu","13:56:52",29548500
17.25,0.25,2000,"bu","13:56:50",29510100
17.2,0.2,1000,"sd","13:56:48",29508100
17.25,0.25,2000,"bu","13:56:47",29507100
17.2,0.2,2000,"sd","13:56:44",29505100
17.25,0.25,41100,"bu","13:56:42",29503100
17.2,0.2,100,"sd","13:56:40",29462000
17.25,0.25,1000,"bu","13:56:40",29461900
17.25,0.25,20000,"bu","13:56:38",29460900
17.25,0.25,20700,"bu","13:56:37",29440900
17.25,0.25,500,"bu","13:56:36",29420200
17.2,0.2,100,"sd","13:56:35",29419700
17.25,0.25,1000,"bu","13:56:35",29419600
17.25,0.25,3000,"bu","13:56:31",29418600
17.2,0.2,500,"sd","13:56:31",29415600
17.25,0.25,3600,"bu","13:56:30",29415100
17.25,0.25,1000,"bu","13:56:29",29411500
17.2,0.2,300,"sd","13:56:29",29410500
17.25,0.25,58000,"bu","13:56:24",29410200
17.2,0.2,100,"sd","13:56:24",29352200
17.2,0.2,50000,"sd","13:56:23",29352100
17.2,0.2,100000,"sd","13:56:23",29302100
17.2,0.2,300,"sd","13:56:21",29202100
17.2,0.2,200,"sd","13:56:21",29201800
17.2,0.2,1500,"sd","13:56:20",29201600
17.2,0.2,2000,"sd","13:56:18",29200100
17.25,0.25,28000,"bu","13:56:16",29198100
17.2,0.2,300,"bu","13:56:13",29170100
17.2,0.2,50000,"bu","13:56:13",29169800
17.2,0.2,2500,"bu","13:56:12",29119800
17.2,0.2,2700,"bu","13:56:12",29117300
17.2,0.2,500,"bu","13:56:11",29114600
17.2,0.2,3500,"bu","13:56:11",29114100
17.2,0.2,11200,"bu","13:56:10",29110600
17.2,0.2,1000,"bu","13:56:09",29099400
17.2,0.2,3000,"bu","13:56:09",29098400
17.2,0.2,10000,"bu","13:56:08",29095400
17.2,0.2,10000,"bu","13:56:07",29085400
17.2,0.2,2600,"bu","13:56:05",29075400
17.2,0.2,10000,"bu","13:56:04",29072800
17.2,0.2,10000,"bu","13:56:04",29062800
17.15,0.15,100,"sd","13:56:03",29052800
17.2,0.2,265800,"bu","13:56:02",29052700
17.15,0.15,8100,"sd","13:56:02",28786900
17.15,0.15,100,"sd","13:56:00",28778800
17.15,0.15,1600,"bu","13:55:56",28778700
17.15,0.15,50500,"bu","13:55:55",28777100
17.15,0.15,100,"bu","13:55:54",28726600
17.15,0.15,200,"bu","13:55:54",28726500
17.15,0.15,100300,"bu","13:55:52",28726300
17.1,0.1,500,"sd","13:55:50",28626000
17.1,0.1,1000,"sd","13:55:49",28625500
17.1,0.1,100,"sd","13:55:46",28624500
17.15,0.15,800,"bu","13:55:45",28624400
17.15,0.15,100,"bu","13:55:44",28623600
17.1,0.1,2000,"sd","13:55:43",28623500
17.1,0.1,42600,"bu","13:55:41",28621500
17.1,0.1,88300,"bu","13:55:40",28578900
17.1,0.1,10100,"bu","13:55:39",28490600
17.05,0.05,400,"sd","13:55:39",28480500
17.1,0.1,38600,"bu","13:55:39",28480100
17.05,0.05,4000,"sd","13:55:38",28441500
17.1,0.1,50000,"bu","13:55:27",28437500
17.1,0.1,5000,"bu","13:55:26",28387500
17.05,0.05,2000,"sd","13:55:24",28382500
17.05,0.05,41200,"bu","13:55:22",28380500
17.05,0.05,213100,"bu","13:55:21",28339300
17.05,0.05,48000,"bu","13:55:20",28126200
17.05,0.05,16800,"bu","13:55:19",28078200
17.05,0.05,13600,"bu","13:55:18",28061400
17.05,0.05,20000,"bu","13:55:17",28047800
17.05,0.05,500,"bu","13:55:17",28027800
17.05,0.05,4100,"bu","13:55:16",28027300
17.05,0.05,90000,"bu","13:55:15",28023200
17.05,0.05,15600,"bu","13:55:14",27933200
17.05,0.05,6500,"bu","13:55:13",27917600
17.05,0.05,202700,"bu","13:55:12",27911100
17.05,0.05,5200,"bu","13:55:11",27708400
17.05,0.05,15900,"bu","13:55:10",27703200
17,0,200,"sd","13:55:10",27687300
17.05,0.05,2700,"bu","13:55:09",27687100
17.05,0.05,3400,"bu","13:55:08",27684400
17,0,500,"sd","13:55:01",27681000
17.05,0.05,2000,"bu","13:55:01",27680500
17.05,0.05,5000,"bu","13:54:59",27678500
17.05,0.05,2500,"bu","13:54:58",27673500
17.05,0.05,5000,"bu","13:54:57",27671000
17.05,0.05,500,"bu","13:54:57",27666000
17,0,1000,"sd","13:54:57",27665500
17,0,3000,"sd","13:54:55",27664500
17.05,0.05,2900,"bu","13:54:55",27661500
17.05,0.05,6000,"bu","13:54:53",27658600
17,0,500,"sd","13:54:53",27652600
17.05,0.05,10000,"bu","13:54:52",27652100
17.05,0.05,100000,"bu","13:54:50",27642100
17,0,1200,"sd","13:54:48",27542100
17,0,20100,"sd","13:54:44",27540900
17.05,0.05,5000,"bu","13:54:43",27520800
17,0,3000,"sd","13:54:43",27515800
17,0,500,"sd","13:54:42",27512800
17,0,1000,"sd","13:54:41",27512300
17,0,43400,"bu","13:54:37",27511300
17,0,69200,"bu","13:54:37",27467900
17,0,3400,"bu","13:54:36",27398700
17,0,1000,"bu","13:54:35",27395300
17,0,79300,"bu","13:54:34",27394300
17,0,18100,"bu","13:54:33",27315000
16.95,-0.05,5000,"sd","13:54:33",27296900
17,0,3000,"bu","13:54:31",27291900
17,0,27000,"bu","13:54:30",27288900
17,0,50200,"bu","13:54:29",27261900
17,0,100,"bu","13:54:28",27211700
16.95,-0.05,1100,"sd","13:54:28",27211600
16.95,-0.05,28900,"sd","13:54:28",27210500
17,0,1000,"bu","13:54:28",27181600
17,0,20000,"bu","13:54:27",27180600
17,0,200,"bu","13:54:27",27160600
17,0,11000,"bu","13:54:25",27160400
16.95,-0.05,3000,"sd","13:54:25",27149400
17,0,5700,"bu","13:54:25",27146400
16.95,-0.05,5000,"sd","13:54:25",27140700
17,0,1000,"bu","13:54:24",27135700
17,0,5000,"bu","13:54:19",27134700
17,0,100000,"bu","13:54:18",27129700
16.95,-0.05,100,"sd","13:54:15",27029700
16.95,-0.05,500,"sd","13:54:14",27029600
17,0,3000,"bu","13:54:09",27029100
16.95,-0.05,4000,"sd","13:54:08",27026100
16.95,-0.05,6800,"sd","13:53:59",27022100
16.95,-0.05,1000,"sd","13:53:52",27015300
17,0,1000,"bu","13:53:52",27014300
17,0,200,"bu","13:53:48",27013300
17,0,100,"bu","13:53:48",27013100
16.95,-0.05,2000,"sd","13:53:46",27013000
17,0,3000,"bu","13:53:44",27011000
16.95,-0.05,500,"sd","13:53:43",27008000
17,0,500,"bu","13:53:41",27007500
16.95,-0.05,2000,"sd","13:53:41",27007000
16.95,-0.05,10900,"sd","13:53:40",27005000
17,0,1500,"bu","13:53:37",26994100
17,0,8000,"bu","13:53:36",26992600
16.95,-0.05,10000,"sd","13:53:35",26984600
17,0,200,"bu","13:53:35",26974600
17,0,300,"bu","13:53:32",26974400
16.95,-0.05,17800,"sd","13:53:32",26974100
16.95,-0.05,3000,"sd","13:53:29",26956300
16.95,-0.05,300,"sd","13:53:28",26953300
16.95,-0.05,2000,"sd","13:53:20",26953000
16.95,-0.05,1000,"sd","13:53:17",26951000
17,0,1900,"bu","13:53:11",26950000
17,0,500,"bu","13:53:09",26948100
16.95,-0.05,500,"sd","13:53:07",26947600
17,0,1000,"bu","13:53:07",26947100
16.95,-0.05,1000,"sd","13:53:07",26946100
16.95,-0.05,200,"sd","13:53:03",26945100
17,0,10500,"bu","13:53:01",26944900
16.95,-0.05,5000,"sd","13:52:59",26934400
17,0,10000,"bu","13:52:58",26929400
16.95,-0.05,2500,"sd","13:52:57",26919400
16.95,-0.05,10000,"sd","13:52:54",26916900
16.95,-0.05,3000,"sd","13:52:53",26906900
16.95,-0.05,900,"sd","13:52:52",26903900
16.95,-0.05,2500,"sd","13:52:52",26903000
16.95,-0.05,9700,"sd","13:52:51",26900500
16.95,-0.05,500,"sd","13:52:50",26890800
16.95,-0.05,100,"sd","13:52:45",26890300
16.95,-0.05,1000,"sd","13:52:44",26890200
16.95,-0.05,8400,"sd","13:52:42",26889200
16.95,-0.05,900,"sd","13:52:40",26880800
16.95,-0.05,500,"sd","13:52:38",26879900
17,0,100,"bu","13:52:36",26879400
16.95,-0.05,1100,"sd","13:52:35",26879300
16.95,-0.05,4000,"sd","13:52:34",26878200
16.95,-0.05,6100,"sd","13:52:29",26874200
16.95,-0.05,5000,"sd","13:52:28",26868100
16.95,-0.05,500,"sd","13:52:28",26863100
17,0,5000,"bu","13:52:27",26862600
16.95,-0.05,200,"sd","13:52:27",26857600
16.95,-0.05,4100,"sd","13:52:26",26857400
16.95,-0.05,400,"sd","13:52:24",26853300
16.95,-0.05,3000,"sd","13:52:22",26852900
16.95,-0.05,5500,"sd","13:52:19",26849900
16.95,-0.05,24000,"sd","13:52:17",26844400
16.95,-0.05,1000,"sd","13:52:16",26820400
16.95,-0.05,400,"sd","13:52:13",26819400
16.95,-0.05,2000,"sd","13:52:12",26819000
16.95,-0.05,10000,"sd","13:52:09",26817000
16.95,-0.05,100,"sd","13:52:05",26807000
16.95,-0.05,1000,"sd","13:52:04",26806900
16.95,-0.05,16200,"bu","13:52:00",26805900
16.95,-0.05,13200,"bu","13:51:59",26789700
16.95,-0.05,10000,"bu","13:51:59",26776500
16.9,-0.1,700,"sd","13:51:56",26766000
16.95,-0.05,50000,"bu","13:51:55",26765300
16.9,-0.1,5000,"sd","13:51:53",26715300
16.9,-0.1,1000,"sd","13:51:53",26710300
16.95,-0.05,300,"bu","13:51:52",26709300
16.9,-0.1,900,"sd","13:51:51",26709000
16.9,-0.1,1000,"sd","13:51:49",26708100
16.9,-0.1,200,"sd","13:51:48",26707100
16.9,-0.1,200,"sd","13:51:46",26706900
16.9,-0.1,2500,"sd","13:51:45",26706700
16.9,-0.1,49000,"bu","13:51:44",26704200
16.9,-0.1,400,"bu","13:51:42",26655200
16.85,-0.15,1000,"sd","13:51:41",26654800
16.9,-0.1,500,"bu","13:51:40",26653800
16.9,-0.1,100,"bu","13:51:40",26653300
16.9,-0.1,11100,"bu","13:51:38",26653200
16.9,-0.1,7000,"bu","13:51:36",26642100
16.9,-0.1,2000,"bu","13:51:34",26635100
16.9,-0.1,100000,"bu","13:51:33",26633100
16.85,-0.15,8500,"sd","13:51:32",26533100
16.85,-0.15,10000,"sd","13:51:32",26524600
16.85,-0.15,2300,"sd","13:51:31",26514600
16.9,-0.1,10000,"bu","13:51:30",26512300
16.85,-0.15,18000,"sd","13:51:29",26502300
16.85,-0.15,2500,"sd","13:51:28",26484300
16.9,-0.1,100,"bu","13:51:28",26481800
16.85,-0.15,1100,"sd","13:51:28",26481700
16.85,-0.15,3300,"sd","13:51:27",26480600
16.85,-0.15,100,"sd","13:51:23",26477300
16.9,-0.1,26000,"bu","13:51:22",26477200
16.85,-0.15,2000,"sd","13:51:22",26451200
16.9,-0.1,1000,"bu","13:51:22",26449200
16.85,-0.15,16900,"sd","13:51:18",26448200
16.85,-0.15,700,"sd","13:51:16",26431300
16.9,-0.1,10000,"bu","13:51:16",26430600
16.85,-0.15,400,"sd","13:51:16",26420600
16.85,-0.15,500,"sd","13:51:14",26420200
16.85,-0.15,500,"sd","13:51:12",26419700
16.85,-0.15,29200,"sd","13:51:11",26419200
16.85,-0.15,10900,"bu","13:51:10",26390000
16.8,-0.2,6300,"sd","13:51:10",26379100
16.85,-0.15,2100,"bu","13:51:10",26372800
16.85,-0.15,200,"bu","13:51:09",26370700
16.85,-0.15,3600,"bu","13:51:08",26370500
16.85,-0.15,10200,"bu","13:51:07",26366900
16.8,-0.2,6000,"sd","13:51:07",26356700
16.85,-0.15,200,"bu","13:51:04",26350700
16.85,-0.15,11800,"bu","13:51:03",26350500
16.8,-0.2,1000,"sd","13:51:02",26338700
16.85,-0.15,2000,"bu","13:51:02",26337700
16.85,-0.15,100000,"bu","13:51:01",26335700
16.8,-0.2,9000,"sd","13:50:58",26235700
16.85,-0.15,2000,"bu","13:50:58",26226700
16.8,-0.2,2000,"sd","13:50:58",26224700
16.8,-0.2,1500,"sd","13:50:57",26222700
16.8,-0.2,500,"sd","13:50:54",26221200
16.85,-0.15,100,"bu","13:50:53",26220700
16.8,-0.2,1200,"sd","13:50:53",26220600
16.8,-0.2,500,"sd","13:50:52",26219400
16.85,-0.15,100,"bu","13:50:51",26218900
16.8,-0.2,9200,"sd","13:50:50",26218800
16.8,-0.2,20000,"sd","13:50:49",26209600
16.85,-0.15,500,"bu","13:50:49",26189600
16.8,-0.2,3300,"sd","13:50:47",26189100
16.8,-0.2,3000,"sd","13:50:45",26185800
16.85,-0.15,100,"bu","13:50:45",26182800
16.85,-0.15,5000,"bu","13:50:44",26182700
16.8,-0.2,3500,"sd","13:50:42",26177700
16.85,-0.15,10000,"bu","13:50:42",26174200
16.8,-0.2,500,"sd","13:50:42",26164200
16.8,-0.2,3000,"sd","13:50:41",26163700
16.85,-0.15,1600,"bu","13:50:40",26160700
16.85,-0.15,1400,"bu","13:50:39",26159100
16.8,-0.2,12000,"sd","13:50:39",26157700
16.8,-0.2,2100,"sd","13:50:38",26145700
16.85,-0.15,3300,"bu","13:50:38",26143600
16.8,-0.2,2200,"sd","13:50:36",26140300
16.85,-0.15,2800,"bu","13:50:36",26138100
16.85,-0.15,5000,"bu","13:50:35",26135300
16.85,-0.15,100,"bu","13:50:35",26130300
16.8,-0.2,100,"sd","13:50:30",26130200
16.85,-0.15,100,"bu","13:50:29",26130100
16.85,-0.15,5100,"bu","13:50:27",26130000
16.8,-0.2,500,"sd","13:50:27",26124900
16.8,-0.2,14000,"sd","13:50:26",26124400
16.8,-0.2,2000,"sd","13:50:26",26110400
16.85,-0.15,1100,"bu","13:50:26",26108400
16.85,-0.15,11700,"sd","13:50:25",26107300
16.85,-0.15,32200,"sd","13:50:24",26095600
16.85,-0.15,17300,"sd","13:50:23",26063400
16.85,-0.15,10000,"sd","13:50:23",26046100
16.85,-0.15,5000,"sd","13:50:21",26036100
16.85,-0.15,27000,"sd","13:50:20",26031100
16.85,-0.15,4000,"sd","13:50:19",26004100
16.9,-0.1,100,"bu","13:50:18",26000100
16.85,-0.15,93000,"sd","13:50:17",26000000
16.85,-0.15,7000,"sd","13:50:16",25907000
16.9,-0.1,100,"bu","13:50:15",25900000
16.85,-0.15,32100,"sd","13:50:14",25899900
16.85,-0.15,500,"sd","13:50:13",25867800
16.85,-0.15,100,"sd","13:50:13",25867300
16.9,-0.1,1000,"bu","13:50:13",25867200
16.85,-0.15,200,"sd","13:50:13",25866200
16.85,-0.15,1000,"sd","13:50:12",25866000
16.9,-0.1,6300,"bu","13:50:08",25865000
16.85,-0.15,15000,"sd","13:50:07",25858700
16.9,-0.1,50000,"bu","13:50:07",25843700
16.85,-0.15,200900,"sd","13:50:07",25793700
16.85,-0.15,300,"sd","13:50:06",25592800
16.9,-0.1,100,"bu","13:50:06",25592500
16.9,-0.1,1000,"bu","13:50:05",25592400
16.9,-0.1,2000,"bu","13:50:04",25591400
16.85,-0.15,150000,"sd","13:50:04",25589400
16.9,-0.1,100,"bu","13:50:04",25439400
16.85,-0.15,3000,"sd","13:50:04",25439300
16.85,-0.15,20000,"sd","13:49:55",25436300
16.85,-0.15,1200,"sd","13:49:52",25416300
16.85,-0.15,4600,"sd","13:49:51",25415100
16.85,-0.15,2100,"sd","13:49:51",25410500
16.9,-0.1,181900,"sd","13:49:50",25408400
16.9,-0.1,50400,"sd","13:49:50",25226500
16.9,-0.1,8700,"sd","13:49:49",25176100
16.95,-0.05,1900,"bu","13:49:49",25167400
16.9,-0.1,500,"sd","13:49:48",25165500
16.9,-0.1,100,"sd","13:49:47",25165000
16.9,-0.1,69000,"sd","13:49:45",25164900
16.9,-0.1,10000,"sd","13:49:45",25095900
16.9,-0.1,21600,"sd","13:49:43",25085900
16.9,-0.1,500,"sd","13:49:43",25064300
16.9,-0.1,1000,"sd","13:49:42",25063800
16.9,-0.1,5000,"sd","13:49:42",25062800
16.9,-0.1,194400,"sd","13:49:41",25057800
16.9,-0.1,7800,"sd","13:49:40",24863400
16.9,-0.1,2000,"sd","13:49:39",24855600
16.95,-0.05,100,"bu","13:49:39",24853600
16.9,-0.1,1000,"sd","13:49:39",24853500
16.9,-0.1,900,"sd","13:49:36",24852500
16.9,-0.1,3200,"sd","13:49:34",24851600
16.9,-0.1,4800,"sd","13:49:33",24848400
16.9,-0.1,100,"sd","13:49:32",24843600
16.9,-0.1,3000,"sd","13:49:32",24843500
16.9,-0.1,500,"sd","13:49:31",24840500
16.9,-0.1,200,"sd","13:49:30",24840000
16.9,-0.1,1000,"sd","13:49:29",24839800
16.9,-0.1,5600,"sd","13:49:25",24838800
16.9,-0.1,400,"sd","13:49:22",24833200
16.9,-0.1,200,"sd","13:49:21",24832800
16.9,-0.1,10000,"sd","13:49:19",24832600
16.9,-0.1,1400,"sd","13:49:18",24822600
16.9,-0.1,5000,"sd","13:49:16",24821200
16.9,-0.1,1000,"sd","13:49:11",24816200
16.95,-0.05,600,"bu","13:49:11",24815200
16.9,-0.1,3000,"sd","13:49:11",24814600
16.9,-0.1,5000,"sd","13:49:10",24811600
16.95,-0.05,300,"bu","13:49:10",24806600
16.9,-0.1,3000,"sd","13:49:03",24806300
16.95,-0.05,100,"bu","13:49:02",24803300
16.95,-0.05,100,"bu","13:49:01",24803200
16.9,-0.1,200,"sd","13:48:59",24803100
16.95,-0.05,50000,"bu","13:48:54",24802900
16.9,-0.1,3000,"sd","13:48:45",24752900
16.95,-0.05,100,"bu","13:48:44",24749900
16.95,-0.05,26300,"sd","13:48:37",24749800
16.95,-0.05,23400,"sd","13:48:36",24723500
16.95,-0.05,1000,"sd","13:48:35",24700100
16.95,-0.05,5100,"sd","13:48:34",24699100
16.95,-0.05,50000,"sd","13:48:34",24694000
16.95,-0.05,200,"sd","13:48:32",24644000
16.95,-0.05,50000,"sd","13:48:32",24643800
16.95,-0.05,2000,"sd","13:48:30",24593800
16.95,-0.05,16000,"sd","13:48:28",24591800
16.95,-0.05,12000,"sd","13:48:27",24575800
16.95,-0.05,200,"sd","13:48:26",24563800
16.95,-0.05,10400,"sd","13:48:22",24563600
16.95,-0.05,1000,"sd","13:48:20",24553200
16.95,-0.05,400,"sd","13:48:16",24552200
16.95,-0.05,6000,"sd","13:48:14",24551800
16.95,-0.05,5000,"sd","13:48:10",24545800
16.95,-0.05,500,"sd","13:48:09",24540800
16.95,-0.05,4000,"sd","13:48:07",24540300
16.95,-0.05,500,"sd","13:48:06",24536300
16.95,-0.05,1100,"sd","13:48:06",24535800
16.95,-0.05,3000,"sd","13:48:04",24534700
16.95,-0.05,10000,"sd","13:48:02",24531700
16.95,-0.05,1500,"sd","13:48:01",24521700
16.95,-0.05,500,"sd","13:48:00",24520200
16.95,-0.05,1000,"sd","13:47:59",24519700
16.95,-0.05,2500,"sd","13:47:59",24518700
16.95,-0.05,1000,"sd","13:47:58",24516200
16.95,-0.05,3000,"sd","13:47:57",24515200
16.95,-0.05,6000,"sd","13:47:57",24512200
16.95,-0.05,10000,"sd","13:47:56",24506200
16.95,-0.05,10000,"sd","13:47:52",24496200
16.95,-0.05,2500,"sd","13:47:52",24486200
16.95,-0.05,10000,"sd","13:47:50",24483700
16.95,-0.05,1000,"sd","13:47:47",24473700
16.95,-0.05,10000,"sd","13:47:46",24472700
16.95,-0.05,1500,"sd","13:47:46",24462700
16.95,-0.05,5600,"sd","13:47:44",24461200
16.95,-0.05,18000,"sd","13:47:43",24455600
16.95,-0.05,1000,"sd","13:47:42",24437600
16.95,-0.05,2000,"sd","13:47:41",24436600
16.95,-0.05,25000,"sd","13:47:40",24434600
16.95,-0.05,1500,"sd","13:47:37",24409600
16.95,-0.05,10000,"sd","13:47:34",24408100
16.95,-0.05,65800,"bu","13:47:34",24398100
16.95,-0.05,1000,"bu","13:47:33",24332300
16.9,-0.1,1000,"sd","13:47:32",24331300
16.95,-0.05,3000,"bu","13:47:32",24330300
16.9,-0.1,37400,"sd","13:47:30",24327300
16.95,-0.05,100,"bu","13:47:30",24289900
16.9,-0.1,2000,"sd","13:47:29",24289800
16.95,-0.05,2400,"bu","13:47:29",24287800
16.9,-0.1,76300,"sd","13:47:26",24285400
16.95,-0.05,500,"bu","13:47:24",24209100
16.9,-0.1,4000,"sd","13:47:23",24208600
16.9,-0.1,29700,"sd","13:47:22",24204600
16.9,-0.1,10000,"sd","13:47:22",24174900
16.95,-0.05,5000,"bu","13:47:21",24164900
16.9,-0.1,2000,"sd","13:47:21",24159900
16.9,-0.1,1000,"sd","13:47:20",24157900
16.9,-0.1,3600,"sd","13:47:19",24156900
16.9,-0.1,14000,"sd","13:47:18",24153300
16.9,-0.1,10000,"sd","13:47:15",24139300
16.9,-0.1,2500,"sd","13:47:14",24129300
16.9,-0.1,50200,"sd","13:47:13",24126800
16.9,-0.1,100,"sd","13:47:13",24076600
16.9,-0.1,4100,"sd","13:47:11",24076500
16.9,-0.1,200,"sd","13:47:08",24072400
16.9,-0.1,21000,"sd","13:47:04",24072200
16.9,-0.1,200,"sd","13:47:01",24051200
16.9,-0.1,500,"sd","13:46:59",24051000
16.95,-0.05,100,"bu","13:46:59",24050500
16.9,-0.1,5200,"sd","13:46:58",24050400
16.9,-0.1,1000,"sd","13:46:58",24045200
16.95,-0.05,1500,"sd","13:46:55",24044200
16.95,-0.05,124400,"sd","13:46:54",24042700
16.95,-0.05,3000,"sd","13:46:53",23918300
16.95,-0.05,32200,"sd","13:46:52",23915300
16.95,-0.05,111600,"sd","13:46:51",23883100
16.95,-0.05,6700,"sd","13:46:49",23771500
16.95,-0.05,35800,"sd","13:46:48",23764800
16.95,-0.05,17000,"sd","13:46:43",23729000
17,0,800,"bu","13:46:43",23712000
16.95,-0.05,5000,"sd","13:46:41",23711200
16.95,-0.05,30000,"sd","13:46:40",23706200
17,0,352200,"sd","13:46:38",23676200
17,0,115400,"sd","13:46:37",23324000
17,0,1200,"sd","13:46:35",23208600
17,0,150000,"sd","13:46:33",23207400
17,0,200,"sd","13:46:32",23057400
17,0,32000,"sd","13:46:31",23057200
17,0,1000,"sd","13:46:28",23025200
17,0,400,"sd","13:46:27",23024200
17,0,56000,"sd","13:46:19",23023800
17,0,3000,"sd","13:46:15",22967800
17,0,800,"sd","13:46:14",22964800
17,0,50000,"sd","13:46:08",22964000
17.05,0.05,200,"bu","13:46:07",22914000
17,0,400,"sd","13:46:06",22913800
17,0,1000,"sd","13:46:00",22913400
17.05,0.05,200,"bu","13:45:59",22912400
17.05,0.05,8300,"bu","13:45:54",22912200
17.05,0.05,100,"bu","13:45:47",22903900
17.05,0.05,5000,"bu","13:45:46",22903800
17.05,0.05,418500,"sd","13:45:43",22898800
17.1,0.1,1000,"bu","13:45:34",22480300
17.05,0.05,700,"sd","13:45:32",22479300
17.1,0.1,2000,"bu","13:45:02",22478600
17.1,0.1,100,"bu","13:44:58",22476600
17.1,0.1,100,"bu","13:44:41",22476500
17.1,0.1,200,"bu","13:44:33",22476400
17.1,0.1,1000,"bu","13:44:32",22476200
17.1,0.1,1400,"bu","13:44:25",22475200
17.05,0.05,200,"sd","13:44:22",22473800
17.1,0.1,2000,"bu","13:44:18",22473600
17.1,0.1,500,"bu","13:44:09",22471600
17.1,0.1,800,"bu","13:44:02",22471100
17.1,0.1,5000,"bu","13:44:00",22470300
17.1,0.1,1800,"bu","13:43:49",22465300
17.1,0.1,5800,"bu","13:43:47",22463500
17.1,0.1,500,"bu","13:43:43",22457700
17.1,0.1,10000,"bu","13:43:41",22457200
17.1,0.1,200,"bu","13:43:35",22447200
17.1,0.1,5000,"bu","13:43:31",22447000
17.1,0.1,17000,"bu","13:43:25",22442000
17.1,0.1,1000,"bu","13:43:20",22425000
17.1,0.1,800,"bu","13:43:19",22424000
17.1,0.1,8000,"sd","13:43:17",22423200
17.1,0.1,700,"sd","13:43:14",22415200
17.1,0.1,400,"bu","13:43:13",22414500
17.1,0.1,100,"bu","13:43:10",22414100
17.1,0.1,20000,"bu","13:43:08",22414000
17.1,0.1,10100,"bu","13:43:01",22394000
17.1,0.1,200,"bu","13:42:54",22383900
17.1,0.1,20000,"bu","13:42:51",22383700
17.1,0.1,1000,"bu","13:42:50",22363700
17.1,0.1,20000,"bu","13:42:45",22362700
17.1,0.1,100,"bu","13:42:45",22342700
17.1,0.1,2000,"bu","13:42:34",22342600
17.1,0.1,100,"bu","13:42:30",22340600
17.1,0.1,500,"bu","13:42:24",22340500
17.1,0.1,1500,"sd","13:42:23",22340000
17.1,0.1,500,"sd","13:42:20",22338500
17.1,0.1,5000,"sd","13:42:19",22338000
17.1,0.1,100,"sd","13:42:17",22333000
17.1,0.1,2000,"sd","13:42:15",22332900
17.15,0.15,5000,"bu","13:42:14",22330900
17.1,0.1,10000,"sd","13:42:09",22325900
17.1,0.1,7800,"bu","13:42:03",22315900
17.1,0.1,200,"bu","13:41:58",22308100
17.1,0.1,500,"bu","13:41:57",22307900
17.1,0.1,500,"bu","13:41:51",22307400
17.1,0.1,1000,"bu","13:41:45",22306900
17.1,0.1,5000,"bu","13:41:43",22305900
17.1,0.1,10000,"bu","13:41:36",22300900
17.05,0.05,100,"sd","13:41:33",22290900
17.1,0.1,200,"bu","13:41:27",22290800
17.1,0.1,5000,"bu","13:41:24",22290600
17.1,0.1,7000,"bu","13:41:22",22285600
17.1,0.1,2000,"bu","13:41:20",22278600
17.1,0.1,4700,"sd","13:41:17",22276600
17.15,0.15,400,"bu","13:41:17",22271900
17.1,0.1,200,"sd","13:41:16",22271500
17.1,0.1,14200,"bu","13:41:07",22271300
17.1,0.1,85800,"sd","13:41:06",22257100
17.1,0.1,800,"sd","13:40:55",22171300
17.1,0.1,1000,"sd","13:40:54",22170500
17.1,0.1,5000,"sd","13:40:52",22169500
17.1,0.1,1500,"sd","13:40:46",22164500
17.1,0.1,2000,"sd","13:40:40",22163000
17.1,0.1,200,"sd","13:40:36",22161000
17.1,0.1,2500,"sd","13:40:35",22160800
17.15,0.15,100,"bu","13:40:34",22158300
17.1,0.1,200,"sd","13:40:28",22158200
17.1,0.1,1000,"sd","13:40:23",22158000
17.1,0.1,100,"sd","13:40:17",22157000
17.1,0.1,20000,"sd","13:40:16",22156900
17.1,0.1,4600,"bu","13:40:16",22136900
17.1,0.1,1000,"bu","13:40:12",22132300
17.1,0.1,2000,"bu","13:40:12",22131300
17.1,0.1,20000,"bu","13:40:08",22125300
17.1,0.1,5000,"bu","13:40:07",22105300
17.1,0.1,1500,"bu","13:40:02",22100300
17.1,0.1,1100,"bu","13:40:01",22098800
17.1,0.1,400,"bu","13:40:00",22097700
17.1,0.1,15000,"bu","13:39:51",22097300
17.1,0.1,500,"bu","13:39:49",22082300
17.1,0.1,61000,"bu","13:39:46",22081800
17.1,0.1,50000,"bu","13:39:38",22020800
17.1,0.1,1000,"bu","13:39:32",21970800
17.1,0.1,20000,"bu","13:39:28",21969800
17.1,0.1,30000,"bu","13:39:20",21949800
17.1,0.1,1000,"bu","13:39:16",21919800
17.1,0.1,9000,"bu","13:39:15",21918800
17.1,0.1,1100,"bu","13:39:03",21909800
17.05,0.05,30000,"sd","13:38:57",21908700
17.1,0.1,1000,"bu","13:38:56",21878700
17.1,0.1,9700,"bu","13:38:55",21877700
17.1,0.1,100,"bu","13:38:52",21860700
17.05,0.05,3400,"sd","13:38:52",21860600
17.1,0.1,3000,"bu","13:38:51",21857200
17.1,0.1,20000,"bu","13:38:51",21854200
17.1,0.1,500,"bu","13:38:48",21834200
17.1,0.1,500,"bu","13:38:42",21833700
17.1,0.1,40000,"bu","13:38:37",21833200
17.1,0.1,200,"bu","13:38:35",21793200
17.1,0.1,10000,"bu","13:38:28",21793000
17.1,0.1,15000,"bu","13:38:22",21783000
17.1,0.1,500,"bu","13:38:19",21768000
17.05,0.05,1000,"sd","13:38:15",21767500
17.05,0.05,300,"sd","13:38:10",21766500
17.05,0.05,2000,"sd","13:38:09",21766200
17.05,0.05,5500,"sd","13:38:04",21764200
17.05,0.05,3300,"sd","13:38:02",21758700
17.05,0.05,3200,"sd","13:37:58",21755400
17.05,0.05,200,"sd","13:37:53",21752200
17.05,0.05,200,"sd","13:37:48",21752000
17.05,0.05,1000,"sd","13:37:36",21751800
17.1,0.1,300,"bu","13:37:36",21750800
17.05,0.05,1200,"sd","13:37:34",21750500
17.05,0.05,500,"sd","13:37:32",21749300
17.05,0.05,400,"sd","13:37:31",21748800
17.05,0.05,10300,"bu","13:37:29",21748400
17.05,0.05,100,"bu","13:37:28",21738100
17.05,0.05,10600,"sd","13:37:22",21738000
17.05,0.05,1700,"sd","13:37:21",21727400
17.05,0.05,8500,"sd","13:37:20",21725700
17.05,0.05,4500,"sd","13:37:16",21717200
17.05,0.05,1500,"sd","13:37:14",21712700
17.05,0.05,1000,"sd","13:37:13",21711200
17.05,0.05,10000,"sd","13:37:12",21710200
17.05,0.05,2000,"sd","13:37:11",21700200
17.05,0.05,5000,"sd","13:37:07",21698200
17.05,0.05,700,"sd","13:37:03",21693200
17.05,0.05,2000,"sd","13:37:01",21692500
17.05,0.05,900,"sd","13:37:00",21690500
17.05,0.05,2000,"sd","13:36:58",21689600
17.05,0.05,191900,"bu","13:36:56",21687600
17,0,1400,"sd","13:36:50",21495700
17,0,1000,"sd","13:36:47",21494300
17,0,300,"sd","13:36:42",21493300
17,0,600,"sd","13:36:39",21493000
17,0,4000,"sd","13:36:39",21492400
17,0,2500,"sd","13:36:38",21488400
17,0,300,"sd","13:36:34",21485900
17,0,500,"sd","13:36:27",21485600
17,0,500,"sd","13:36:26",21485100
17,0,500,"sd","13:36:21",21484600
17.05,0.05,3000,"bu","13:36:18",21484100
17,0,200,"sd","13:36:18",21481100
17,0,5000,"sd","13:36:13",21480900
17,0,3000,"sd","13:36:08",21475900
17,0,200,"sd","13:36:03",21472900
17.05,0.05,20000,"bu","13:36:01",21472700
17,0,14800,"sd","13:36:00",21452700
17,0,300,"sd","13:35:59",21437900
17.05,0.05,98300,"sd","13:35:58",21437600
17.05,0.05,17800,"sd","13:35:57",21339300
17.05,0.05,2200,"sd","13:35:56",21321500
17.05,0.05,10000,"sd","13:35:55",21319300
17.05,0.05,500,"sd","13:35:54",21309300
17.05,0.05,3000,"sd","13:35:51",21308800
17.05,0.05,5000,"sd","13:35:50",21305800
17.05,0.05,100,"sd","13:35:49",21300800
17.05,0.05,6700,"sd","13:35:48",21300700
17.05,0.05,18600,"sd","13:35:47",21294000
17.05,0.05,100,"sd","13:35:46",21275400
17.05,0.05,11100,"sd","13:35:45",21275300
17.05,0.05,100,"sd","13:35:44",21264200
17.05,0.05,13700,"sd","13:35:42",21264100
17.05,0.05,500,"sd","13:35:41",21250400
17.05,0.05,3000,"sd","13:35:41",21249900
17.05,0.05,1000,"sd","13:35:40",21246900
17.05,0.05,3400,"sd","13:35:39",21245900
17.05,0.05,500,"sd","13:35:36",21242500
17.05,0.05,3000,"sd","13:35:33",21242000
17.05,0.05,9900,"sd","13:35:32",21239000
17.05,0.05,1000,"sd","13:35:32",21229100
17.05,0.05,5000,"sd","13:35:31",21228100
17.05,0.05,200,"sd","13:35:30",21223100
17.05,0.05,1100,"sd","13:35:29",21222900
17.05,0.05,1000,"sd","13:35:28",21221800
17.05,0.05,5400,"sd","13:35:27",21220800
17.05,0.05,10000,"sd","13:35:26",21215400
17.05,0.05,12300,"sd","13:35:25",21205400
17.05,0.05,2000,"sd","13:35:23",21193100
17.05,0.05,40000,"sd","13:35:15",21191100
17.05,0.05,400,"sd","13:35:14",21151100
17.05,0.05,22700,"sd","13:35:13",21150700
17.1,0.1,100,"bu","13:35:13",21128000
17.05,0.05,200,"sd","13:35:12",21127900
17.1,0.1,1000,"bu","13:35:12",21127700
17.05,0.05,1600,"sd","13:35:10",21126700
17.05,0.05,5000,"sd","13:35:09",21125100
17.05,0.05,9000,"sd","13:35:08",21120100
17.05,0.05,900,"sd","13:35:07",21111100
17.05,0.05,13100,"sd","13:35:07",21110200
17.05,0.05,500,"sd","13:34:58",21097100
17.05,0.05,9000,"sd","13:34:54",21096600
17.05,0.05,4000,"sd","13:34:54",21087600
17.05,0.05,5000,"sd","13:34:49",21083600
17.05,0.05,5000,"sd","13:34:47",21078600
17.05,0.05,800,"sd","13:34:46",21073600
17.05,0.05,141900,"sd","13:34:45",21072800
17.1,0.1,100,"bu","13:34:45",20930900
17.05,0.05,5000,"sd","13:34:45",20930800
17.05,0.05,7400,"sd","13:34:41",20925800
17.05,0.05,100,"sd","13:34:34",20918400
17.05,0.05,10000,"sd","13:34:29",20918300
17.05,0.05,500,"sd","13:34:27",20908300
17.1,0.1,100,"bu","13:34:23",20907800
17.05,0.05,3200,"sd","13:34:22",20907700
17.1,0.1,500,"bu","13:34:21",20904500
17.05,0.05,100,"sd","13:34:19",20904000
17.1,0.1,100,"bu","13:34:14",20903900
17.05,0.05,300,"sd","13:34:13",20903800
17.1,0.1,3000,"bu","13:34:12",20903500
17.05,0.05,900,"sd","13:34:06",20900500
17.1,0.1,100,"bu","13:34:05",20899600
17.1,0.1,200,"bu","13:33:58",20899500
17.05,0.05,200,"sd","13:33:37",20899300
17.05,0.05,1000,"sd","13:33:35",20899100
17.05,0.05,300,"sd","13:33:34",20898100
17.05,0.05,100,"sd","13:33:32",20897800
17.05,0.05,10000,"sd","13:33:32",20897700
17.05,0.05,200,"sd","13:33:30",20887700
17.05,0.05,1000,"sd","13:33:28",20887500
17.05,0.05,10000,"sd","13:33:18",20886500
17.1,0.1,1000,"bu","13:33:17",20876500
17.05,0.05,700,"sd","13:33:12",20875500
17.1,0.1,500,"bu","13:33:03",20874800
17.1,0.1,4500,"bu","13:32:46",20874300
17.1,0.1,29000,"bu","13:32:46",20869800
17.05,0.05,1300,"sd","13:32:45",20840800
17.1,0.1,9000,"bu","13:32:37",20839500
17.1,0.1,100,"bu","13:32:31",20830500
17.1,0.1,500,"bu","13:32:29",20830400
17.1,0.1,5000,"bu","13:32:25",20829900
17.05,0.05,3900,"sd","13:32:20",20824900
17.1,0.1,9900,"sd","13:32:19",20821000
17.1,0.1,1000,"sd","13:32:16",20811100
17.1,0.1,500,"sd","13:32:08",20810100
17.1,0.1,18300,"bu","13:32:07",20809600
17.05,0.05,100,"sd","13:32:07",20791300
17.1,0.1,5800,"bu","13:32:03",20791200
17.1,0.1,1200,"bu","13:32:03",20785400
17.05,0.05,5700,"sd","13:32:01",20784200
17.1,0.1,400,"bu","13:31:56",20778500
17.1,0.1,9000,"sd","13:31:55",20778100
17.1,0.1,500,"sd","13:31:53",20769100
17.1,0.1,100,"sd","13:31:50",20768600
17.1,0.1,400,"bu","13:31:47",20768500
17.1,0.1,600,"sd","13:31:44",20768100
17.1,0.1,400,"bu","13:31:43",20767500
17.1,0.1,1200,"bu","13:31:42",20767100
17.1,0.1,6900,"sd","13:31:37",20765900
17.1,0.1,9100,"bu","13:31:28",20759000
17.05,0.05,14500,"sd","13:31:23",20749900
17.1,0.1,5500,"sd","13:31:23",20735400
17.1,0.1,5000,"sd","13:31:17",20729900
17.1,0.1,5000,"sd","13:31:16",20724900
17.1,0.1,3700,"sd","13:31:14",20719900
17.1,0.1,300,"sd","13:31:12",20716200
17.1,0.1,900,"sd","13:31:08",20715900
17.1,0.1,200,"sd","13:31:07",20715000
17.1,0.1,500,"sd","13:31:04",20714800
17.1,0.1,16900,"bu","13:31:02",20714300
17.1,0.1,200,"bu","13:31:00",20697400
17.1,0.1,500,"bu","13:30:59",20697200
17.1,0.1,200,"bu","13:30:53",20696700
17.1,0.1,3500,"sd","13:30:45",20696500
17.1,0.1,8800,"sd","13:30:38",20693000
17.1,0.1,3900,"bu","13:30:37",20684200
17.1,0.1,1600,"sd","13:30:31",20680300
17.1,0.1,700,"sd","13:30:27",20678700
17.1,0.1,7700,"bu","13:30:24",20678000
17.1,0.1,500,"bu","13:30:23",20670300
17.1,0.1,5700,"bu","13:30:17",20669800
17.1,0.1,10300,"sd","13:30:09",20664100
17.1,0.1,7200,"sd","13:30:06",20653800
17.1,0.1,100,"sd","13:30:04",20646600
17.1,0.1,600,"sd","13:30:00",20646500
17.1,0.1,5400,"sd","13:30:00",20645900
17.1,0.1,300,"sd","13:29:59",20640500
17.1,0.1,1000,"sd","13:29:58",20640200
17.1,0.1,2400,"sd","13:29:54",20639200
17.1,0.1,500,"sd","13:29:52",20636800
17.1,0.1,3800,"sd","13:29:51",20636300
17.1,0.1,1600,"sd","13:29:51",20632500
17.1,0.1,17600,"sd","13:29:48",20630900
17.1,0.1,20000,"sd","13:29:44",20613300
17.1,0.1,1000,"sd","13:29:42",20593300
17.1,0.1,500,"sd","13:29:42",20592300
17.1,0.1,5000,"sd","13:29:40",20591800
17.1,0.1,11000,"sd","13:29:36",20586800
17.1,0.1,2000,"sd","13:29:33",20575800
17.1,0.1,1000,"sd","13:29:27",20573800
17.15,0.15,2200,"bu","13:29:26",20572800
17.1,0.1,10000,"sd","13:29:26",20570600
17.1,0.1,500,"sd","13:29:23",20560600
17.1,0.1,2000,"sd","13:29:12",20560100
17.1,0.1,1300,"sd","13:29:11",20558100
17.1,0.1,500,"sd","13:29:09",20556800
17.1,0.1,300,"sd","13:29:06",20556300
17.1,0.1,1000,"sd","13:29:05",20556000
17.1,0.1,700,"sd","13:29:04",20555000
17.1,0.1,800,"sd","13:29:01",20554300
17.1,0.1,28900,"bu","13:28:59",20553500
17.1,0.1,18300,"bu","13:28:58",20524600
17.1,0.1,35000,"bu","13:28:50",20506300
17.1,0.1,3000,"bu","13:28:49",20471300
17.1,0.1,10400,"sd","13:28:41",20468300
17.1,0.1,500,"sd","13:28:39",20457900
17.1,0.1,90000,"sd","13:28:38",20457400
17.1,0.1,10000,"sd","13:28:37",20367400
17.1,0.1,1000,"sd","13:28:34",20357400
17.1,0.1,800,"sd","13:28:33",20356400
17.1,0.1,2000,"sd","13:28:31",20355600
17.15,0.15,300,"bu","13:28:29",20353600
17.1,0.1,2000,"sd","13:28:29",20353300
17.1,0.1,600,"sd","13:28:25",20351300
17.15,0.15,2000,"bu","13:28:21",20350700
17.15,0.15,100,"bu","13:28:19",20348700
17.1,0.1,100,"sd","13:28:17",20348600
17.1,0.1,20000,"sd","13:28:16",20348500
17.15,0.15,37300,"sd","13:28:15",20328500
17.15,0.15,200000,"sd","13:28:14",20291200
17.15,0.15,400,"sd","13:28:13",20091200
17.15,0.15,100,"sd","13:28:11",20090800
17.15,0.15,500,"sd","13:28:10",20090700
17.2,0.2,300,"bu","13:28:07",20090200
17.15,0.15,1000,"sd","13:28:06",20089900
17.15,0.15,5000,"sd","13:28:06",20088900
17.15,0.15,5000,"sd","13:28:01",20083900
17.15,0.15,1000,"sd","13:28:00",20078900
17.15,0.15,100,"sd","13:27:59",20077900
17.15,0.15,1000,"sd","13:27:58",20077800
17.15,0.15,5000,"sd","13:27:53",20076800
17.15,0.15,300,"sd","13:27:48",20071800
17.15,0.15,300,"sd","13:27:46",20071500
17.2,0.2,3000,"bu","13:27:45",20071200
17.2,0.2,400,"bu","13:27:41",20068200
17.2,0.2,40000,"bu","13:27:39",20067800
17.15,0.15,1000,"sd","13:27:38",20027800
17.2,0.2,32000,"bu","13:27:31",20026800
17.15,0.15,10000,"sd","13:27:24",19994800
17.2,0.2,50000,"bu","13:27:22",19984800
17.15,0.15,500,"sd","13:27:20",19934800
17.2,0.2,4000,"bu","13:27:19",19934300
17.2,0.2,1000,"bu","13:27:16",19930300
17.2,0.2,5000,"bu","13:27:10",19929300
17.2,0.2,500,"bu","13:27:09",19924300
17.15,0.15,7600,"sd","13:27:06",19923800
17.2,0.2,400,"bu","13:26:58",19916200
17.2,0.2,200,"bu","13:26:57",19915800
17.2,0.2,100,"bu","13:26:51",19915600
17.2,0.2,4000,"bu","13:26:48",19915500
17.2,0.2,1500,"bu","13:26:42",19911500
17.2,0.2,200,"bu","13:26:41",19910000
17.2,0.2,500,"bu","13:26:39",19909800
17.2,0.2,100,"bu","13:26:37",19909300
17.2,0.2,1000,"bu","13:26:34",19909200
17.2,0.2,31100,"sd","13:26:33",19908200
17.2,0.2,200,"sd","13:26:32",19877100
17.2,0.2,200,"sd","13:26:30",19876900
17.2,0.2,50000,"sd","13:26:28",19876700
17.2,0.2,126300,"bu","13:26:28",19826700
17.15,0.15,1000,"sd","13:26:28",19700400
17.2,0.2,2000,"bu","13:26:22",19699400
17.2,0.2,100,"bu","13:26:17",19697400
17.15,0.15,1000,"sd","13:26:16",19697300
17.2,0.2,500,"bu","13:26:14",19696300
17.2,0.2,2500,"bu","13:26:10",19695800
17.2,0.2,3000,"bu","13:26:09",19693300
17.2,0.2,5000,"bu","13:26:07",19690300
17.2,0.2,3300,"bu","13:26:06",19685300
17.2,0.2,5000,"bu","13:25:59",19682000
17.2,0.2,100,"bu","13:25:56",19677000
17.2,0.2,500,"bu","13:25:53",19676900
17.2,0.2,1000,"bu","13:25:50",19676400
17.2,0.2,100,"bu","13:25:49",19675400
17.2,0.2,12000,"bu","13:25:46",19675300
17.2,0.2,100,"bu","13:25:42",19663300
17.2,0.2,3000,"bu","13:25:37",19663200
17.2,0.2,10000,"bu","13:25:36",19660200
17.2,0.2,30300,"bu","13:25:35",19650200
17.2,0.2,900,"bu","13:25:31",19619900
17.2,0.2,3000,"bu","13:25:29",19589000
17.2,0.2,500,"bu","13:25:27",19586000
17.2,0.2,100,"bu","13:25:25",19585500
17.2,0.2,200,"bu","13:25:24",19585400
17.2,0.2,1000,"bu","13:25:23",19585200
17.2,0.2,200,"bu","13:25:21",19584200
17.2,0.2,17500,"bu","13:25:18",19584000
17.2,0.2,1000,"bu","13:25:16",19566500
17.2,0.2,1000,"bu","13:25:15",19565500
17.2,0.2,9000,"bu","13:25:13",19564500
17.2,0.2,400,"bu","13:25:12",19555500
17.2,0.2,8100,"bu","13:25:10",19555100
17.2,0.2,900,"bu","13:25:06",19547000
17.2,0.2,2000,"bu","13:25:02",19546100
17.2,0.2,500,"bu","13:25:01",19544100
17.2,0.2,2000,"bu","13:24:58",19543600
17.2,0.2,900,"bu","13:24:57",19541600
17.2,0.2,2800,"bu","13:24:56",19540700
17.2,0.2,1200,"bu","13:24:53",19537900
17.2,0.2,100,"bu","13:24:52",19536700
17.2,0.2,30000,"bu","13:24:48",19536600
17.2,0.2,6600,"bu","13:24:48",19506600
17.2,0.2,800,"bu","13:24:47",19500000
17.2,0.2,100,"bu","13:24:44",19499200
17.2,0.2,4000,"bu","13:24:42",19499100
17.2,0.2,500,"bu","13:24:39",19495100
17.2,0.2,2100,"bu","13:24:38",19494600
17.2,0.2,45800,"sd","13:24:37",19492500
17.2,0.2,10000,"sd","13:24:36",19446700
17.2,0.2,900,"sd","13:24:31",19436700
17.2,0.2,500,"sd","13:24:30",19435800
17.2,0.2,1000,"sd","13:24:28",19435300
17.25,0.25,200,"bu","13:24:26",19434300
17.2,0.2,500,"sd","13:24:26",19434100
17.2,0.2,13900,"bu","13:24:25",19433600
17.2,0.2,3000,"bu","13:24:23",19419700
17.2,0.2,6200,"bu","13:24:22",19416700
17.2,0.2,5000,"bu","13:24:21",19410500
17.2,0.2,4100,"bu","13:24:19",19405500
17.2,0.2,700,"bu","13:24:18",19401400
17.2,0.2,10000,"bu","13:24:17",19400700
17.2,0.2,11700,"bu","13:24:16",19390700
17.2,0.2,800,"bu","13:24:13",19379000
17.2,0.2,10200,"bu","13:24:12",19378200
17.2,0.2,20300,"bu","13:24:09",19368000
17.2,0.2,300,"bu","13:24:08",19347700
17.2,0.2,25000,"bu","13:24:07",19347400
17.2,0.2,100000,"bu","13:24:03",19322400
17.2,0.2,700,"bu","13:23:59",19222400
17.2,0.2,100,"bu","13:23:58",19221700
17.2,0.2,1000,"bu","13:23:57",19221600
17.2,0.2,1100,"bu","13:23:54",19220600
17.2,0.2,1000,"bu","13:23:53",19219500
17.2,0.2,1000,"bu","13:23:52",19218500
17.2,0.2,300,"bu","13:23:49",19217500
17.2,0.2,2000,"bu","13:23:48",19217200
17.2,0.2,12800,"sd","13:23:46",19215200
17.2,0.2,45000,"sd","13:23:44",19202400
17.2,0.2,42300,"bu","13:23:43",19157400
17.2,0.2,2200,"bu","13:23:42",19115100
17.2,0.2,73700,"sd","13:23:41",19112900
17.2,0.2,3000,"sd","13:23:39",19039200
17.2,0.2,10000,"sd","13:23:37",19036200
17.25,0.25,1000,"bu","13:23:36",19026200
17.2,0.2,5700,"sd","13:23:32",19025200
17.2,0.2,2000,"sd","13:23:28",19019500
17.25,0.25,30000,"bu","13:23:26",19017500
17.2,0.2,900,"sd","13:23:26",18987500
17.2,0.2,1600,"sd","13:23:25",18986600
17.2,0.2,50000,"sd","13:23:24",18985000
17.2,0.2,200,"sd","13:23:21",18935000
17.2,0.2,3000,"sd","13:23:17",18934800
17.2,0.2,500,"sd","13:23:16",18931800
17.2,0.2,300,"sd","13:23:12",18931300
17.2,0.2,100,"sd","13:23:10",18931000
17.2,0.2,200,"sd","13:23:07",18930900
17.25,0.25,500,"bu","13:23:07",18930700
17.2,0.2,700,"sd","13:23:05",18930200
17.2,0.2,1000,"sd","13:23:04",18929500
17.2,0.2,20100,"sd","13:23:03",18928500
17.2,0.2,211700,"bu","13:23:01",18908400
17.2,0.2,5000,"bu","13:22:54",18696700
17.15,0.15,2000,"sd","13:22:53",18691700
17.2,0.2,1700,"bu","13:22:52",18689700
17.15,0.15,500,"sd","13:22:50",18688000
17.15,0.15,30000,"sd","13:22:42",18687500
17.15,0.15,1200,"sd","13:22:38",18657500
17.15,0.15,3000,"sd","13:22:33",18656300
17.15,0.15,2000,"sd","13:22:24",18653300
17.2,0.2,200,"bu","13:22:22",18651300
17.2,0.2,10000,"bu","13:22:21",18651100
17.15,0.15,28100,"sd","13:22:20",18641100
17.15,0.15,38500,"sd","13:22:14",18613000
17.2,0.2,8000,"bu","13:22:14",18574500
17.15,0.15,10000,"sd","13:22:07",18566500
17.2,0.2,15000,"bu","13:22:02",18556500
17.15,0.15,1000,"sd","13:22:00",18541500
17.15,0.15,10000,"sd","13:21:54",18540500
17.15,0.15,1000,"sd","13:21:52",18530500
17.15,0.15,5000,"sd","13:21:47",18529500
17.2,0.2,15000,"bu","13:21:44",18524500
17.2,0.2,8000,"bu","13:21:43",18509500
17.2,0.2,4000,"bu","13:21:43",18501500
17.2,0.2,2000,"bu","13:21:42",18497500
17.15,0.15,82300,"sd","13:21:39",18495500
17.2,0.2,1000,"bu","13:21:39",18413200
17.2,0.2,10000,"bu","13:21:37",18412200
17.2,0.2,100,"bu","13:21:34",18402200
17.15,0.15,4500,"sd","13:21:29",18402100
17.2,0.2,4800,"bu","13:21:29",18397600
17.2,0.2,1000,"bu","13:21:27",18392800
17.2,0.2,100,"bu","13:21:25",18391800
17.2,0.2,4000,"bu","13:21:24",18391700
17.2,0.2,400,"bu","13:21:23",18387700
17.2,0.2,1000,"bu","13:21:22",18387300
17.2,0.2,10000,"bu","13:21:21",18386300
17.2,0.2,800,"bu","13:21:17",18376300
17.2,0.2,100,"bu","13:21:11",18375500
17.15,0.15,300,"sd","13:21:10",18375400
17.2,0.2,1000,"bu","13:21:08",18375100
17.2,0.2,8000,"bu","13:21:03",18374100
17.15,0.15,1000,"sd","13:20:59",18366100
17.2,0.2,700,"bu","13:20:58",18365100
17.2,0.2,500,"bu","13:20:56",18364400
17.15,0.15,400,"sd","13:20:56",18363900
17.15,0.15,1000,"sd","13:20:53",18363500
17.15,0.15,1600,"sd","13:20:51",18362500
17.15,0.15,200,"sd","13:20:49",18360900
17.2,0.2,300,"bu","13:20:47",18360700
17.15,0.15,500,"sd","13:20:45",18360400
17.15,0.15,2000,"sd","13:20:43",18359900
17.15,0.15,5000,"sd","13:20:41",18357900
17.15,0.15,4200,"sd","13:20:38",18352900
17.2,0.2,1300,"bu","13:20:38",18348700
17.15,0.15,7000,"sd","13:20:31",18347400
17.15,0.15,15000,"sd","13:20:30",18340400
17.15,0.15,100,"sd","13:20:27",18325400
17.15,0.15,2000,"sd","13:20:23",18325300
17.2,0.2,200,"bu","13:20:22",18323300
17.15,0.15,2500,"sd","13:20:17",18323100
17.2,0.2,3400,"bu","13:20:17",18320600
17.2,0.2,100,"bu","13:20:12",18317200
17.2,0.2,200,"bu","13:20:08",18317100
17.2,0.2,2800,"bu","13:20:02",18316900
17.2,0.2,41200,"bu","13:20:01",18314100
17.15,0.15,200,"sd","13:19:55",18272900
17.15,0.15,200,"sd","13:19:37",18272700
17.15,0.15,100,"sd","13:19:31",18272500
17.15,0.15,9600,"bu","13:19:30",18272400
17.1,0.1,1000,"sd","13:19:30",18262800
17.15,0.15,11000,"bu","13:19:30",18261800
17.15,0.15,2000,"bu","13:19:28",18250800
17.1,0.1,1000,"sd","13:19:20",18248800
17.15,0.15,350000,"bu","13:19:19",18247800
17.1,0.1,1100,"sd","13:19:12",17897800
17.15,0.15,2000,"bu","13:19:09",17896700
17.15,0.15,100,"bu","13:19:07",17894700
17.1,0.1,100,"sd","13:19:05",17894600
17.1,0.1,1800,"sd","13:19:02",17894500
17.1,0.1,4000,"sd","13:19:02",17892700
17.1,0.1,200,"sd","13:18:54",17888700
17.1,0.1,5000,"sd","13:18:53",17888500
17.1,0.1,300,"sd","13:18:49",17883500
17.1,0.1,40000,"sd","13:18:48",17883200
17.1,0.1,1000,"sd","13:18:30",17843200
17.15,0.15,20000,"bu","13:18:23",17842200
17.1,0.1,10000,"sd","13:18:23",17822200
17.1,0.1,500,"sd","13:18:20",17812200
17.1,0.1,2500,"sd","13:18:18",17811700
17.05,0.05,2500,"sd","13:18:08",17809200
17.1,0.1,100,"sd","13:18:08",17806700
17.1,0.1,1000,"bu","13:18:07",17806600
17.1,0.1,100,"bu","13:18:04",17805600
17.05,0.05,100,"sd","13:18:04",17805500
17.1,0.1,52000,"bu","13:18:04",17805400
17.1,0.1,100,"bu","13:18:04",17753400
17.1,0.1,1000,"bu","13:18:03",17753300
17.1,0.1,5100,"bu","13:18:02",17752300
17.1,0.1,15000,"bu","13:18:00",17747200
17.1,0.1,11500,"bu","13:17:58",17732200
17.1,0.1,200,"bu","13:17:57",17720700
17.1,0.1,1000,"bu","13:17:55",17720500
17.1,0.1,11000,"bu","13:17:53",17719500
17.1,0.1,8300,"bu","13:17:52",17708500
17.1,0.1,100,"bu","13:17:51",17700200
17.1,0.1,200,"bu","13:17:48",17700100
17.1,0.1,100000,"bu","13:17:47",17699900
17.1,0.1,3000,"bu","13:17:46",17599900
17.1,0.1,50000,"bu","13:17:41",17596900
17.1,0.1,100,"bu","13:17:37",17546900
17.05,0.05,1800,"sd","13:17:34",17546800
17.1,0.1,300,"bu","13:17:31",17545000
17.1,0.1,100,"bu","13:17:27",17544700
17.1,0.1,5000,"bu","13:17:24",17544600
17.1,0.1,100,"bu","13:17:20",17539600
17.05,0.05,400,"sd","13:17:16",17539500
17.1,0.1,200,"bu","13:17:14",17539100
17.1,0.1,100,"bu","13:17:09",17538900
17.1,0.1,1000,"bu","13:17:01",17538800
17.1,0.1,200,"bu","13:16:54",17537800
17.1,0.1,200,"bu","13:16:49",17537600
17.1,0.1,10000,"bu","13:16:40",17537400
17.1,0.1,3000,"bu","13:16:39",17527400
17.05,0.05,1000,"sd","13:16:30",17524400
17.05,0.05,200,"sd","13:16:28",17523400
17.1,0.1,200,"bu","13:16:27",17523200
17.05,0.05,10000,"sd","13:16:24",17523000
17.1,0.1,500,"bu","13:16:21",17513000
17.1,0.1,400,"bu","13:16:19",17512500
17.1,0.1,14000,"bu","13:16:17",17512100
17.1,0.1,1000,"bu","13:16:15",17498100
17.05,0.05,1000,"sd","13:16:12",17497100
17.1,0.1,200,"bu","13:15:57",17496100
17.05,0.05,10000,"sd","13:15:55",17495900
17.05,0.05,1000,"sd","13:15:54",17485900
17.1,0.1,200,"bu","13:15:50",17484900
17.1,0.1,100,"bu","13:15:48",17484700
17.05,0.05,100,"sd","13:15:47",17484600
17.05,0.05,200,"sd","13:15:34",17484500
17.05,0.05,100,"sd","13:15:20",17484300
17.05,0.05,200,"sd","13:15:18",17484200
17.1,0.1,200,"bu","13:15:13",17484000
17.1,0.1,500,"bu","13:15:08",17483800
17.05,0.05,32000,"sd","13:15:08",17483300
17.1,0.1,100,"bu","13:14:54",17451300
17.05,0.05,1000,"sd","13:14:51",17451200
17.05,0.05,500,"sd","13:14:46",17450200
17.1,0.1,10000,"bu","13:14:43",17449700
17.1,0.1,500,"bu","13:14:42",17439700
17.1,0.1,5100,"bu","13:14:39",17439200
17.1,0.1,500,"bu","13:14:17",17434100
17.1,0.1,300,"bu","13:14:08",17433600
17.05,0.05,500,"sd","13:13:59",17433300
17.05,0.05,500,"sd","13:13:57",17432800
17.05,0.05,10000,"sd","13:13:51",17432300
17.05,0.05,800,"sd","13:13:47",17422300
17.05,0.05,100,"sd","13:13:39",17421500
17.05,0.05,20000,"sd","13:13:35",17421400
17.05,0.05,100,"sd","13:13:33",17401400
17.05,0.05,500,"sd","13:13:27",17401300
17.05,0.05,16800,"sd","13:13:16",17400800
17.1,0.1,5200,"bu","13:13:07",17384000
17.1,0.1,700,"bu","13:13:05",17378800
17.1,0.1,1000,"bu","13:12:58",17378100
17.1,0.1,1000,"bu","13:12:57",17377100
17.05,0.05,300,"sd","13:12:57",17376100
17.1,0.1,20000,"bu","13:12:53",17375800
17.1,0.1,5000,"bu","13:12:46",17355800
17.05,0.05,600,"sd","13:12:44",17350800
17.1,0.1,25000,"bu","13:12:35",17350200
17.05,0.05,1000,"sd","13:12:29",17325200
17.1,0.1,100,"bu","13:12:27",17324200
17.1,0.1,2000,"bu","13:12:24",17324100
17.1,0.1,1800,"bu","13:12:20",17322100
17.1,0.1,45300,"sd","13:12:15",17320300
17.1,0.1,5000,"sd","13:12:12",17275000
17.15,0.15,2000,"bu","13:12:10",17270000
17.1,0.1,5000,"sd","13:12:01",17268000
17.1,0.1,200,"sd","13:11:59",17263000
17.1,0.1,400,"sd","13:11:53",17262800
17.1,0.1,2000,"sd","13:11:52",17262400
17.1,0.1,6600,"bu","13:11:49",17260400
17.1,0.1,2000,"bu","13:11:49",17253800
17.05,0.05,200,"sd","13:11:45",17251800
17.1,0.1,1000,"bu","13:11:44",17251600
17.1,0.1,10000,"bu","13:11:44",17250600
17.1,0.1,17100,"sd","13:11:43",17240600
17.1,0.1,1000,"sd","13:11:42",17223500
17.1,0.1,500,"sd","13:11:42",17222500
17.1,0.1,1000,"sd","13:11:39",17222000
17.1,0.1,7200,"bu","13:11:38",17221000
17.1,0.1,1000,"bu","13:11:33",17213800
17.1,0.1,100,"bu","13:11:32",17212800
17.1,0.1,10000,"bu","13:11:31",17212700
17.1,0.1,10000,"bu","13:11:29",17202700
17.05,0.05,100,"sd","13:11:25",17192700
17.1,0.1,2000,"bu","13:11:25",17192600
17.1,0.1,100000,"bu","13:11:19",17190600
17.1,0.1,4000,"bu","13:11:10",17090600
17.1,0.1,200,"bu","13:11:08",17086600
17.1,0.1,1400,"bu","13:11:07",17086400
17.1,0.1,100,"bu","13:11:06",17085000
17.1,0.1,1000,"bu","13:11:01",17084900
17.05,0.05,100,"sd","13:11:01",17083900
17.1,0.1,1300,"bu","13:10:54",17083800
17.05,0.05,2000,"sd","13:10:47",17082500
17.1,0.1,100,"bu","13:10:46",17080500
17.1,0.1,100,"bu","13:10:42",17080400
17.05,0.05,100,"sd","13:10:41",17080300
17.1,0.1,5000,"bu","13:10:34",17080200
17.1,0.1,3900,"bu","13:10:19",17075200
17.1,0.1,100,"bu","13:10:16",17071300
17.1,0.1,100900,"sd","13:10:12",17071200
17.1,0.1,500,"sd","13:10:07",16970300
17.1,0.1,500,"sd","13:10:02",16969800
17.15,0.15,5000,"bu","13:09:59",16969300
17.1,0.1,3000,"sd","13:09:56",16964300
17.1,0.1,1000,"sd","13:09:54",16961300
17.1,0.1,2000,"sd","13:09:49",16960300
17.1,0.1,300,"sd","13:09:45",16958300
17.1,0.1,300,"sd","13:09:40",16958000
17.1,0.1,1000,"sd","13:09:38",16957700
17.1,0.1,6000,"sd","13:09:34",16956700
17.1,0.1,1500,"sd","13:09:31",16950700
17.1,0.1,32900,"bu","13:09:28",16949200
17.1,0.1,2000,"bu","13:09:25",16916300
17.1,0.1,1000,"bu","13:09:24",16914300
17.1,0.1,200,"bu","13:09:22",16913300
17.1,0.1,1500,"bu","13:09:17",16913100
17.1,0.1,500,"bu","13:09:16",16911600
17.1,0.1,300,"bu","13:09:15",16911100
17.1,0.1,15000,"bu","13:09:15",16910800
17.1,0.1,1000,"bu","13:09:14",16895800
17.1,0.1,5000,"bu","13:09:12",16894800
17.1,0.1,20000,"bu","13:09:11",16889800
17.1,0.1,1400,"bu","13:09:08",16869800
17.1,0.1,2700,"bu","13:09:05",16868400
17.1,0.1,300,"bu","13:09:04",16865700
17.1,0.1,200,"bu","13:09:02",16865400
17.1,0.1,3700,"bu","13:09:01",16865200
17.1,0.1,200,"bu","13:09:00",16861500
17.1,0.1,90000,"bu","13:08:58",16861300
17.1,0.1,1700,"bu","13:08:54",16771300
17.1,0.1,400,"bu","13:08:53",16769600
17.05,0.05,3000,"sd","13:08:53",16769200
17.1,0.1,6800,"bu","13:08:53",16766200
17.05,0.05,3000,"sd","13:08:50",16759400
17.1,0.1,2000,"bu","13:08:49",16756400
17.1,0.1,1000,"bu","13:08:45",16754400
17.05,0.05,1500,"sd","13:08:44",16753400
17.1,0.1,37500,"bu","13:08:39",16751900
17.1,0.1,12500,"bu","13:08:38",16714400
17.1,0.1,5400,"bu","13:08:36",16701900
17.05,0.05,500,"sd","13:08:27",16696500
17.05,0.05,100,"sd","13:08:27",16696000
17.05,0.05,400,"sd","13:08:25",16695900
17.05,0.05,2300,"sd","13:08:24",16695500
17.05,0.05,1000,"sd","13:08:22",16693200
17.05,0.05,100,"sd","13:08:20",16692200
17.05,0.05,128600,"bu","13:08:19",16692100
17.05,0.05,100,"bu","13:08:16",16563500
17.05,0.05,78200,"sd","13:08:06",16563400
17.05,0.05,400,"sd","13:08:01",16485200
17.05,0.05,500,"sd","13:07:59",16484800
17.05,0.05,20000,"sd","13:07:55",16484300
17.05,0.05,20000,"sd","13:07:53",16464300
17.05,0.05,15000,"sd","13:07:47",16444300
17.1,0.1,1000,"bu","13:07:47",16429300
17.1,0.1,400,"bu","13:07:40",16428300
17.1,0.1,200,"bu","13:07:34",16427900
17.1,0.1,4000,"bu","13:07:32",16427700
17.05,0.05,10000,"sd","13:07:30",16423700
17.1,0.1,500,"bu","13:07:27",16413700
17.1,0.1,500,"bu","13:07:21",16413200
17.05,0.05,6600,"sd","13:07:18",16412700
17.05,0.05,10000,"sd","13:07:16",16406100
17.05,0.05,100,"sd","13:07:07",16396100
17.05,0.05,300,"sd","13:06:59",16396000
17.05,0.05,1500,"sd","13:06:53",16395700
17.05,0.05,10000,"sd","13:06:39",16394200
17.1,0.1,100,"bu","13:06:36",16384200
17.05,0.05,14400,"bu","13:06:33",16384100
17.05,0.05,2200,"bu","13:06:32",16369700
17.05,0.05,5900,"bu","13:06:32",16367500
17.05,0.05,13000,"bu","13:06:31",16361600
17.05,0.05,600,"bu","13:06:30",16348600
17.05,0.05,5000,"bu","13:06:29",16348000
17.05,0.05,200,"bu","13:06:28",16343000
17,0,2000,"sd","13:06:28",16342800
17.05,0.05,100,"bu","13:06:27",16340800
17.05,0.05,50000,"bu","13:06:22",16340700
17.05,0.05,100,"bu","13:06:22",16290700
17,0,1000,"sd","13:06:18",16290600
17.05,0.05,100,"bu","13:06:14",16289600
17,0,1000,"sd","13:06:12",16289500
17,0,700,"sd","13:06:11",16288500
17,0,700,"sd","13:06:11",16287800
17.05,0.05,5000,"bu","13:06:07",16287100
17,0,1000,"sd","13:06:06",16282100
17,0,3000,"sd","13:06:04",16281100
17,0,4700,"sd","13:06:02",16278100
17,0,3700,"sd","13:06:02",16273400
17,0,500,"sd","13:06:00",16269700
17,0,7000,"sd","13:05:58",16269200
17,0,200,"sd","13:05:58",16262200
17,0,179200,"bu","13:05:57",16262000
17,0,500,"bu","13:05:47",16082800
16.95,-0.05,500,"sd","13:05:45",16082300
17,0,500,"bu","13:05:41",16081800
16.95,-0.05,500,"sd","13:05:41",16081300
16.95,-0.05,2400,"sd","13:05:37",16080800
17,0,400,"bu","13:05:29",16078400
17,0,1000,"bu","13:05:28",16078000
16.95,-0.05,10000,"sd","13:05:24",16077000
17,0,7400,"bu","13:05:24",16067000
17,0,200,"bu","13:05:23",16059600
16.95,-0.05,89000,"sd","13:05:23",16059400
17,0,3000,"bu","13:05:23",15970400
17,0,900,"bu","13:05:13",15967400
17,0,16800,"bu","13:05:10",15966500
17,0,2000,"bu","13:05:09",15949700
17,0,1000,"bu","13:05:07",15947700
17,0,400,"bu","13:05:06",15946700
17,0,288800,"sd","13:05:04",15946300
17,0,5000,"sd","13:04:56",15657500
17,0,14000,"sd","13:04:49",15652500
17.05,0.05,300,"bu","13:04:42",15638500
17,0,500,"sd","13:04:40",15638200
17,0,100,"sd","13:04:38",15637700
17,0,100,"sd","13:04:35",15637600
17,0,4800,"sd","13:04:32",15637500
17,0,1100,"sd","13:04:30",15632700
17,0,1800,"sd","13:04:21",15631600
17,0,10000,"sd","13:04:21",15629800
17,0,1000,"sd","13:04:19",15619800
17.05,0.05,10000,"bu","13:04:19",15618800
17,0,8000,"sd","13:04:18",15608800
17,0,100000,"sd","13:04:15",15600800
17,0,1000,"sd","13:04:14",15500800
17,0,2000,"sd","13:04:11",15499800
17,0,2000,"sd","13:04:07",15497800
17,0,2000,"sd","13:04:03",15495800
17,0,2000,"sd","13:03:51",15493800
17,0,1000,"sd","13:03:47",15491800
17,0,500,"sd","13:03:44",15490800
17,0,3400,"sd","13:03:42",15490300
17,0,500,"sd","13:03:34",15486900
17,0,200,"sd","13:03:30",15486400
17,0,10000,"sd","13:03:30",15486200
17,0,300,"sd","13:03:29",15476200
17,0,4000,"sd","13:03:28",15475900
17,0,200,"sd","13:03:27",15471900
17,0,300,"sd","13:03:25",15471700
17,0,500,"sd","13:03:23",15471400
17.05,0.05,500,"bu","13:03:22",15470900
17,0,5800,"sd","13:03:21",15470400
17,0,2000,"sd","13:03:13",15464600
17,0,4000,"sd","13:03:10",15462600
17.05,0.05,500,"bu","13:03:09",15458600
17,0,5000,"sd","13:03:06",15458100
17,0,1000,"sd","13:03:04",15453100
17,0,3000,"sd","13:03:00",15452100
17,0,100,"sd","13:02:56",15449100
17,0,5000,"sd","13:02:52",15449000
17,0,1000,"sd","13:02:51",15444000
17,0,3200,"sd","13:02:49",15443000
17,0,5000,"sd","13:02:47",15439800
17.05,0.05,10000,"bu","13:02:46",15434800
17,0,15200,"sd","13:02:43",15424800
17,0,1000,"sd","13:02:42",15409600
17,0,300,"sd","13:02:38",15408600
17,0,600,"sd","13:02:36",15408300
17,0,2000,"sd","13:02:31",15407700
17.05,0.05,2000,"bu","13:02:24",15405700
17,0,1000,"sd","13:02:23",15403700
17.05,0.05,5000,"bu","13:02:18",15402700
17,0,100,"sd","13:02:17",15397700
