"price","change","match_qtty","side","time","total_vol"
52,1.2,106700,"","14:45:32",1222400
51.5,0.7,1300,"sd","14:32:07",1115700
51.6,0.8,1000,"bu","14:32:05",1114400
51.6,0.8,3200,"sd","14:32:03",1113400
51.7,0.9,300,"bu","14:32:03",1110200
51.6,0.8,500,"sd","14:32:02",1109900
51.7,0.9,700,"bu","14:32:00",1109400
51.7,0.9,300,"bu","14:31:58",1108700
51.6,0.8,300,"bu","14:31:55",1108400
51.6,0.8,1200,"bu","14:31:55",1108100
51.6,0.8,700,"bu","14:31:48",1106900
51.6,0.8,1200,"bu","14:31:41",1106200
51.5,0.7,100,"sd","14:31:40",1105000
51.5,0.7,100,"bu","14:31:38",1104900
51.4,0.6,5000,"sd","14:31:38",1104800
51.5,0.7,4000,"bu","14:31:36",1099800
51.4,0.6,200,"sd","14:31:35",1095800
51.5,0.7,39000,"bu","14:31:34",1095600
51.4,0.6,300,"sd","14:31:33",1056600
51.4,0.6,100,"sd","14:31:30",1056300
51.4,0.6,1900,"bu","14:31:28",1056200
51.4,0.6,5000,"bu","14:31:26",1054300
51.4,0.6,100,"bu","14:31:23",1049300
51.3,0.5,200,"sd","14:31:22",1049200
51.3,0.5,500,"sd","14:31:19",1049000
51.3,0.5,1100,"bu","14:31:18",1048500
51.3,0.5,300,"bu","14:31:14",1047400
51.3,0.5,300,"bu","14:31:10",1047100
51.3,0.5,100,"bu","14:31:10",1046800
51.3,0.5,100,"bu","14:31:06",1046700
51.3,0.5,500,"bu","14:31:03",1046600
51.2,0.4,700,"bu","14:30:51",1046100
51.2,0.4,200,"bu","14:30:38",1045400
51.2,0.4,1000,"bu","14:30:34",1045200
51.2,0.4,100,"bu","14:30:31",1044200
51.1,0.3,200,"bu","14:30:28",1044100
51.1,0.3,400,"bu","14:30:24",1043900
51,0.2,100,"bu","14:30:24",1043500
50.9,0.1,100,"bu","14:30:06",1043400
50.9,0.1,4900,"bu","14:29:47",1043300
50.8,0,100,"bu","14:29:47",1038400
50.8,0,500,"bu","14:29:35",1038300
50.7,-0.1,100,"sd","14:29:34",1037800
50.8,0,400,"sd","14:29:22",1037700
50.8,0,2000,"bu","14:29:12",1037300
50.7,-0.1,1600,"bu","14:29:12",1035300
50.6,-0.2,1000,"bu","14:29:12",1033700
50.6,-0.2,300,"sd","14:29:10",1032700
50.6,-0.2,800,"bu","14:29:04",1032400
50.6,-0.2,500,"bu","14:28:59",1031600
50.5,-0.3,500,"sd","14:28:55",1031100
50.6,-0.2,200,"bu","14:28:28",1030600
50.5,-0.3,1000,"sd","14:28:22",1030400
50.5,-0.3,500,"bu","14:28:13",1029400
50.5,-0.3,2000,"bu","14:28:00",1028900
50.5,-0.3,100,"bu","14:27:48",1026900
50.5,-0.3,400,"bu","14:27:32",1026800
50.4,-0.4,100,"bu","14:27:32",1026400
50.5,-0.3,100,"bu","14:27:10",1026300
50.3,-0.5,1700,"bu","14:27:08",1026200
50.3,-0.5,300,"bu","14:27:06",1024500
50.2,-0.6,2000,"sd","14:26:39",1024200
50.3,-0.5,1000,"sd","14:26:39",1022200
50.3,-0.5,1000,"bu","14:26:27",1021200
50.3,-0.5,1700,"bu","14:26:19",1020200
50.2,-0.6,2000,"sd","14:26:11",1018500
50.3,-0.5,100,"bu","14:25:39",1016500
50.3,-0.5,100,"bu","14:25:36",1016400
50.3,-0.5,100,"bu","14:25:34",1016300
50.2,-0.6,1000,"sd","14:25:25",1016200
50.2,-0.6,500,"sd","14:25:24",1015200
50.2,-0.6,100,"sd","14:25:14",1014700
50.2,-0.6,1000,"bu","14:25:08",1014600
50.2,-0.6,800,"bu","14:25:03",1013600
50.2,-0.6,200,"sd","14:24:47",1012800
50.2,-0.6,500,"sd","14:24:45",1012600
50.2,-0.6,400,"sd","14:24:37",1012100
50.3,-0.5,1000,"bu","14:24:31",1011700
50.3,-0.5,300,"bu","14:24:22",1010700
50.3,-0.5,2600,"bu","14:24:14",1010400
50.2,-0.6,500,"bu","14:24:14",1007800
50.2,-0.6,100,"bu","14:24:09",1007300
50.1,-0.7,1500,"sd","14:24:05",1007200
50.1,-0.7,100,"bu","14:24:02",1005700
50.1,-0.7,100,"bu","14:23:56",1005600
50.1,-0.7,200,"bu","14:22:28",1005500
50,-0.8,4500,"bu","14:22:16",1005300
50,-0.8,100,"bu","14:22:13",1000800
50,-0.8,2000,"bu","14:22:11",1000700
50,-0.8,1800,"bu","14:22:07",998700
49.9,-0.9,200,"bu","14:22:07",996900
49.9,-0.9,1100,"bu","14:22:05",996700
49.9,-0.9,100,"bu","14:21:53",995600
49.9,-0.9,100,"bu","14:21:45",995500
49.5,-1.3,4600,"sd","14:21:41",995400
49.6,-1.2,100,"sd","14:21:41",990800
49.7,-1.1,300,"sd","14:21:41",990700
49.6,-1.2,300,"bu","14:21:24",990400
49.6,-1.2,300,"bu","14:21:23",990100
49.6,-1.2,2000,"bu","14:21:22",989800
49.5,-1.3,500,"sd","14:21:22",987800
49.6,-1.2,200,"bu","14:21:21",987300
49.6,-1.2,200,"bu","14:21:18",987100
49.6,-1.2,400,"bu","14:21:11",986900
49.4,-1.4,600,"sd","14:21:05",986500
49.5,-1.3,100,"sd","14:21:05",985900
49.6,-1.2,200,"bu","14:21:05",985800
49.6,-1.2,400,"bu","14:20:56",985600
49.5,-1.3,1200,"bu","14:20:56",985200
49.4,-1.4,400,"bu","14:20:56",984000
49.4,-1.4,1200,"bu","14:20:56",983600
49.3,-1.5,1500,"sd","14:20:55",982400
49.4,-1.4,100,"bu","14:20:52",980900
49.4,-1.4,5000,"bu","14:20:49",980800
49.4,-1.4,1000,"bu","14:20:46",975700
49.4,-1.4,100,"bu","14:20:40",974700
49.4,-1.4,100,"bu","14:20:38",974600
49.3,-1.5,100,"sd","14:20:34",974500
49.4,-1.4,100,"bu","14:20:33",974400
49.3,-1.5,1900,"bu","14:20:33",974300
49.3,-1.5,100,"bu","14:20:30",972400
49.4,-1.4,300,"bu","14:20:25",972300
49.15,-1.65,1000,"sd","14:20:11",972000
49.4,-1.4,100,"bu","14:19:54",971000
49.1,-1.7,3000,"sd","14:19:49",970900
49.2,-1.6,1500,"sd","14:19:49",967900
49.25,-1.55,500,"sd","14:19:49",966400
49.3,-1.5,1000,"sd","14:19:46",965900
49.4,-1.4,100,"bu","14:19:45",964900
49.4,-1.4,100,"bu","14:19:35",964800
49.3,-1.5,100,"sd","14:19:33",964700
49.3,-1.5,2000,"sd","14:19:26",964600
49.5,-1.3,1000,"bu","14:19:21",962600
49.3,-1.5,3600,"sd","14:19:15",961600
49.4,-1.4,1400,"sd","14:19:15",958000
49.5,-1.3,1000,"bu","14:19:13",956600
49.5,-1.3,3700,"sd","14:19:07",955600
49.5,-1.3,600,"sd","14:19:04",951900
49.6,-1.2,100,"bu","14:19:01",951300
49.5,-1.3,1500,"sd","14:18:59",951200
49.6,-1.2,100,"bu","14:18:54",949700
49.5,-1.3,200,"sd","14:18:47",949600
49.5,-1.3,1500,"sd","14:18:47",949400
49.5,-1.3,10000,"sd","14:18:43",947900
49.5,-1.3,3100,"sd","14:18:33",937900
49.6,-1.2,400,"bu","14:18:30",934800
49.6,-1.2,500,"bu","14:18:25",934400
49.6,-1.2,500,"bu","14:18:23",933900
49.6,-1.2,100,"bu","14:18:16",933400
49.5,-1.3,2000,"sd","14:18:14",933300
49.5,-1.3,2000,"sd","14:18:05",931300
49.5,-1.3,2700,"sd","14:18:01",929300
49.5,-1.3,3500,"sd","14:17:59",926600
49.5,-1.3,500,"sd","14:17:57",923100
49.5,-1.3,200,"sd","14:17:56",922600
49.5,-1.3,2000,"sd","14:17:45",922400
49.5,-1.3,5700,"sd","14:17:43",920400
49.6,-1.2,500,"sd","14:17:43",914700
49.7,-1.1,100,"bu","14:17:42",914200
49.7,-1.1,200,"bu","14:17:40",914100
49.5,-1.3,1000,"sd","14:17:38",913900
49.6,-1.2,600,"sd","14:17:38",912900
49.7,-1.1,100,"bu","14:17:28",912300
49.7,-1.1,2000,"bu","14:17:26",912200
49.5,-1.3,1200,"sd","14:17:18",910200
49.7,-1.1,100,"bu","14:17:17",909000
49.5,-1.3,2000,"sd","14:17:14",908900
49.7,-1.1,100,"bu","14:17:08",906900
49.7,-1.1,100,"bu","14:17:03",906800
49.7,-1.1,100,"bu","14:17:00",906700
49.5,-1.3,500,"sd","14:16:59",906600
49.7,-1.1,100,"bu","14:16:59",906100
49.6,-1.2,100,"bu","14:16:59",906000
49.5,-1.3,11000,"sd","14:16:57",905900
49.6,-1.2,10600,"sd","14:16:57",894900
49.6,-1.2,1000,"sd","14:16:57",884300
49.7,-1.1,1000,"bu","14:16:56",883300
49.7,-1.1,200,"bu","14:16:54",882300
49.6,-1.2,100,"sd","14:16:46",882100
49.7,-1.1,200,"bu","14:16:43",882000
49.7,-1.1,4700,"sd","14:16:42",881800
49.75,-1.05,100,"sd","14:16:42",877100
49.8,-1,2300,"sd","14:16:42",877000
49.8,-1,400,"sd","14:16:34",874700
49.8,-1,300,"sd","14:16:30",874300
49.8,-1,100,"sd","14:16:25",874000
49.9,-0.9,100,"bu","14:16:24",873900
49.8,-1,500,"sd","14:16:18",873800
49.9,-0.9,300,"sd","14:16:18",873300
49.9,-0.9,300,"sd","14:16:18",873000
49.95,-0.85,100,"bu","14:16:14",872700
49.9,-0.9,200,"sd","14:16:14",872600
49.9,-0.9,1500,"sd","14:16:07",872400
49.95,-0.85,600,"bu","14:15:58",870900
49.95,-0.85,100,"bu","14:15:56",870300
49.9,-0.9,100,"sd","14:15:56",870200
49.9,-0.9,100,"sd","14:15:55",870100
49.95,-0.85,2100,"sd","14:15:53",870000
49.95,-0.85,400,"sd","14:15:47",867900
50,-0.8,3300,"sd","14:15:32",867500
50,-0.8,15000,"sd","14:15:25",864200
50,-0.8,10000,"sd","14:15:04",849200
50,-0.8,1000,"sd","14:15:01",839200
50,-0.8,1500,"sd","14:14:17",838200
50,-0.8,1500,"sd","14:13:48",836700
50,-0.8,5000,"sd","14:13:44",835200
50.1,-0.7,2000,"sd","14:13:44",830200
50.1,-0.7,200,"sd","14:13:41",828200
50.1,-0.7,12500,"sd","14:13:04",828000
50.1,-0.7,100,"sd","14:12:53",815500
50.1,-0.7,2500,"sd","14:12:52",815400
50.1,-0.7,400,"sd","14:12:23",812900
50.2,-0.6,10000,"bu","14:12:08",812500
50.1,-0.7,200,"sd","14:12:06",802500
50.2,-0.6,8100,"sd","14:11:42",802300
50.3,-0.5,3100,"sd","14:11:42",794200
50.3,-0.5,900,"sd","14:11:31",791100
50.5,-0.3,100,"bu","14:11:03",790200
50.3,-0.5,200,"sd","14:10:46",790100
50.3,-0.5,200,"sd","14:10:32",789900
50.3,-0.5,100,"sd","14:09:19",789700
50.3,-0.5,300,"sd","14:08:38",789600
50.3,-0.5,100,"sd","14:07:56",789300
50.3,-0.5,500,"bu","14:07:49",789200
50.3,-0.5,100,"bu","14:07:41",788700
50.3,-0.5,500,"bu","14:07:37",788600
50.3,-0.5,500,"bu","14:07:16",788100
50.3,-0.5,1000,"bu","14:06:47",787600
50.3,-0.5,100,"sd","14:06:42",786600
50.3,-0.5,300,"sd","14:06:32",786500
50.3,-0.5,200,"sd","14:06:27",786200
50.3,-0.5,1900,"sd","14:06:22",786000
50.3,-0.5,3100,"sd","14:06:21",784100
50.4,-0.4,1200,"sd","14:06:14",781000
50.5,-0.3,900,"sd","14:05:35",779800
50.6,-0.2,400,"bu","14:04:57",778900
50.6,-0.2,200,"sd","14:04:41",778500
50.7,-0.1,500,"bu","14:02:58",778300
50.7,-0.1,700,"bu","14:02:47",777800
50.6,-0.2,1200,"sd","14:02:47",777100
50.6,-0.2,1000,"sd","14:02:31",775900
50.6,-0.2,300,"bu","14:01:16",774900
50.6,-0.2,500,"sd","14:00:53",774600
50.6,-0.2,600,"sd","14:00:41",774100
50.6,-0.2,700,"bu","14:00:34",773500
50.6,-0.2,300,"sd","14:00:27",772800
50.7,-0.1,500,"bu","13:59:22",772500
50.7,-0.1,500,"bu","13:59:03",772000
50.7,-0.1,1300,"sd","13:59:01",771500
50.8,0,400,"bu","13:58:15",770200
50.8,0,400,"bu","13:58:03",769800
50.8,0,100,"bu","13:57:28",769400
50.8,0,500,"bu","13:57:23",769300
50.8,0,1000,"bu","13:57:02",768800
50.8,0,200,"bu","13:56:30",767800
50.7,-0.1,400,"bu","13:56:12",767600
50.6,-0.2,300,"bu","13:56:12",767200
50.4,-0.4,1600,"bu","13:55:46",766900
50.3,-0.5,300,"sd","13:55:16",765300
50.3,-0.5,400,"sd","13:54:30",765000
50.4,-0.4,400,"bu","13:54:11",764600
50.2,-0.6,500,"sd","13:53:32",764200
50.2,-0.6,300,"sd","13:53:29",763700
50.2,-0.6,300,"sd","13:53:17",763400
50.2,-0.6,400,"bu","13:52:48",763100
50.2,-0.6,2000,"bu","13:52:46",762700
50.2,-0.6,1000,"bu","13:52:39",760700
50.2,-0.6,100,"bu","13:52:34",759700
50.2,-0.6,1000,"bu","13:52:30",759600
50.2,-0.6,200,"bu","13:52:19",758600
50.2,-0.6,200,"bu","13:52:16",758400
50.2,-0.6,100,"bu","13:52:14",758200
50.2,-0.6,100,"bu","13:52:09",758100
50.2,-0.6,100,"bu","13:52:08",758000
50.2,-0.6,500,"bu","13:52:01",757900
50.2,-0.6,200,"bu","13:51:38",757400
50.2,-0.6,500,"bu","13:51:35",757200
50.2,-0.6,800,"bu","13:51:32",756700
50.1,-0.7,500,"sd","13:51:29",755900
50.2,-0.6,500,"bu","13:51:27",755400
50.2,-0.6,1000,"bu","13:51:19",754900
50.2,-0.6,500,"bu","13:51:19",753900
50.1,-0.7,800,"sd","13:51:17",753400
50.1,-0.7,100,"sd","13:50:54",752600
50.1,-0.7,5000,"sd","13:50:41",752500
50.1,-0.7,100,"sd","13:50:36",747500
50.1,-0.7,4000,"sd","13:50:35",747400
50.2,-0.6,6200,"sd","13:50:16",743400
50.2,-0.6,2800,"sd","13:50:15",737200
50.2,-0.6,5000,"sd","13:50:14",734400
50.2,-0.6,1400,"sd","13:49:48",729400
50.3,-0.5,5200,"sd","13:49:35",728000
50.3,-0.5,2000,"sd","13:48:59",722800
50.3,-0.5,500,"sd","13:48:46",720800
50.3,-0.5,1200,"sd","13:48:30",720300
50.3,-0.5,1700,"sd","13:48:25",719100
50.4,-0.4,100,"bu","13:48:19",717400
50.4,-0.4,1100,"sd","13:48:16",717300
50.5,-0.3,100,"sd","13:48:16",716200
50.5,-0.3,500,"sd","13:48:06",716100
50.5,-0.3,600,"sd","13:47:36",715600
50.5,-0.3,1100,"sd","13:47:23",715000
50.6,-0.2,1900,"sd","13:47:23",713900
50.7,-0.1,2000,"sd","13:46:39",712000
50.8,0,100,"bu","13:45:32",710000
50.8,0,1000,"bu","13:45:18",709900
50.7,-0.1,500,"bu","13:44:50",708900
50.7,-0.1,200,"bu","13:44:04",708400
50.7,-0.1,200,"bu","13:44:00",708200
50.7,-0.1,1100,"bu","13:43:49",708000
50.6,-0.2,500,"sd","13:43:45",706900
50.7,-0.1,200,"bu","13:43:44",706400
50.7,-0.1,1900,"bu","13:42:46",706200
50.6,-0.2,100,"bu","13:42:45",704300
50.6,-0.2,300,"bu","13:42:40",704200
50.6,-0.2,600,"bu","13:42:27",703900
50.6,-0.2,100,"bu","13:42:25",703300
50.6,-0.2,200,"bu","13:42:12",703200
50.6,-0.2,2700,"sd","13:41:42",703000
50.6,-0.2,500,"sd","13:41:24",700300
50.6,-0.2,400,"sd","13:40:02",699800
50.6,-0.2,300,"sd","13:39:54",699400
50.7,-0.1,100,"bu","13:39:09",699100
50.7,-0.1,100,"bu","13:39:09",699000
50.7,-0.1,200,"bu","13:38:50",698900
50.7,-0.1,100,"bu","13:37:48",698700
50.7,-0.1,100,"bu","13:35:45",698600
50.2,-0.6,2100,"sd","13:35:08",698500
50.3,-0.5,12400,"sd","13:35:08",696400
50.4,-0.4,7400,"sd","13:35:08",684000
50.5,-0.3,5100,"sd","13:35:08",676600
50.6,-0.2,3000,"sd","13:35:08",671500
50.6,-0.2,3400,"bu","13:34:16",668500
50.6,-0.2,300,"bu","13:34:11",665100
50.6,-0.2,200,"bu","13:33:52",664800
50.6,-0.2,100,"bu","13:33:25",664600
50.6,-0.2,200,"bu","13:33:15",664500
50.6,-0.2,300,"bu","13:33:11",664300
50.6,-0.2,500,"sd","13:32:58",664000
50.6,-0.2,1500,"sd","13:32:10",663500
50.8,0,1000,"bu","13:31:14",662000
50.7,-0.1,500,"sd","13:31:02",661000
50.7,-0.1,500,"sd","13:30:42",660500
50.7,-0.1,1000,"sd","13:30:00",660000
50.8,0,200,"bu","13:29:59",659000
50.8,0,100,"bu","13:29:52",658800
50.8,0,1000,"bu","13:29:18",658700
50.8,0,1000,"bu","13:28:59",657700
50.8,0,500,"bu","13:28:33",656700
50.8,0,1000,"bu","13:28:25",656200
50.8,0,300,"bu","13:27:18",655200
50.8,0,100,"bu","13:27:05",654900
50.8,0,800,"sd","13:26:57",654800
50.8,0,2000,"sd","13:26:50",654000
50.9,0.1,600,"sd","13:25:45",652000
51,0.2,900,"bu","13:25:42",651400
51,0.2,100,"bu","13:25:26",650500
51,0.2,1000,"bu","13:25:11",650400
51.1,0.3,100,"sd","13:24:37",649400
50.8,0,100,"sd","13:24:26",649300
50.8,0,6000,"sd","13:24:15",649200
51,0.2,1600,"sd","13:24:06",643200
51.1,0.3,1000,"bu","13:23:43",641600
51.2,0.4,1000,"bu","13:23:32",640600
51.2,0.4,300,"sd","13:22:59",639600
51.2,0.4,500,"sd","13:22:59",639300
51.2,0.4,100,"sd","13:22:49",638800
51.2,0.4,500,"sd","13:22:44",638700
51.2,0.4,500,"sd","13:22:38",638200
51.2,0.4,100,"sd","13:22:32",637700
51.2,0.4,1200,"sd","13:22:20",637600
51.4,0.6,100,"bu","13:21:29",636400
51.4,0.6,1300,"bu","13:21:20",636300
51.3,0.5,700,"bu","13:21:20",635000
51.3,0.5,500,"bu","13:21:00",634300
51.3,0.5,200,"bu","13:21:00",633800
51.3,0.5,1000,"bu","13:20:56",633600
51.2,0.4,4300,"bu","13:20:38",632600
51.1,0.3,8000,"bu","13:20:27",628300
51.1,0.3,2400,"bu","13:20:10",620300
51,0.2,17600,"bu","13:20:10",617900
50.8,0,2000,"sd","13:19:59",600300
51,0.2,1000,"bu","13:19:51",598300
51,0.2,500,"bu","13:18:47",597300
50.9,0.1,1700,"bu","13:18:47",596800
50.6,-0.2,100,"sd","13:18:45",595100
50.8,0,4800,"sd","13:18:42",595000
50.9,0.1,200,"bu","13:18:41",590200
50.9,0.1,500,"bu","13:18:39",590000
50.8,0,1500,"bu","13:18:05",589500
50.8,0,200,"bu","13:18:01",588000
50.8,0,300,"bu","13:17:52",587800
50.8,0,10000,"bu","13:17:45",587500
50.7,-0.1,100,"sd","13:17:18",577500
50.7,-0.1,7700,"bu","13:17:16",577400
50.5,-0.3,3700,"bu","13:17:16",569700
50.5,-0.3,500,"bu","13:17:14",566000
50.5,-0.3,200,"bu","13:17:02",565500
50.5,-0.3,100,"bu","13:16:44",565300
50.5,-0.3,5300,"sd","13:16:40",565200
50.6,-0.2,200,"sd","13:16:40",559900
50.6,-0.2,100,"sd","13:16:39",559700
50.6,-0.2,3000,"sd","13:14:48",559600
50.6,-0.2,400,"bu","13:14:08",556600
50.6,-0.2,600,"sd","13:14:04",556200
50.6,-0.2,200,"sd","13:13:27",555600
50.7,-0.1,100,"bu","13:12:09",555400
50.6,-0.2,600,"sd","13:11:46",555300
50.7,-0.1,100,"bu","13:11:41",554700
50.7,-0.1,100,"bu","13:11:32",554600
50.7,-0.1,800,"bu","13:11:22",554500
50.7,-0.1,300,"sd","13:11:15",553700
50.7,-0.1,800,"bu","13:10:30",553400
50.7,-0.1,200,"sd","13:10:27",552600
50.6,-0.2,500,"sd","13:09:43",552400
50.6,-0.2,100,"sd","13:08:35",551900
50.6,-0.2,100,"sd","13:07:37",551800
50.6,-0.2,100,"sd","13:07:26",551700
50.6,-0.2,2600,"bu","13:06:46",551600
50.5,-0.3,600,"sd","13:06:07",549000
50.5,-0.3,100,"sd","13:04:42",548400
50.5,-0.3,100,"sd","13:04:38",548300
50.5,-0.3,2300,"sd","13:04:05",548200
50.6,-0.2,200,"bu","13:03:01",545900
50.6,-0.2,7300,"sd","13:02:48",545700
50.6,-0.2,300,"sd","13:02:46",538400
50.6,-0.2,200,"sd","13:02:37",538100
50.6,-0.2,13200,"sd","13:02:24",537900
50.7,-0.1,100,"sd","13:02:24",524700
50.7,-0.1,200,"sd","13:02:22",524600
50.7,-0.1,100,"bu","13:00:47",524400
50.7,-0.1,3500,"bu","13:00:45",524300
50.7,-0.1,100,"sd","13:00:44",520800
50.7,-0.1,100,"sd","13:00:37",520700
50.8,0,200,"bu","11:27:58",520600
50.8,0,100,"bu","11:26:04",520400
50.8,0,100,"sd","11:25:54",520300
50.8,0,600,"sd","11:25:51",520200
50.8,0,6400,"bu","11:25:05",519600
50.7,-0.1,1500,"bu","11:25:05",513200
50.6,-0.2,1400,"bu","11:25:05",511700
50.6,-0.2,200,"bu","11:24:46",510300
50.6,-0.2,300,"bu","11:24:43",510100
50.5,-0.3,100,"sd","11:24:15",509800
50.5,-0.3,100,"sd","11:24:09",509700
50.6,-0.2,100,"bu","11:23:51",509600
50.5,-0.3,100,"bu","11:22:35",509500
50.5,-0.3,100,"bu","11:22:06",509400
50.5,-0.3,3000,"bu","11:20:08",509300
50.5,-0.3,100,"bu","11:20:03",506300
50.5,-0.3,2000,"bu","11:19:38",506200
50.4,-0.4,1000,"bu","11:19:22",504200
50.4,-0.4,500,"bu","11:19:05",503200
50.4,-0.4,200,"bu","11:18:49",502700
50.4,-0.4,3500,"sd","11:18:41",502500
50.4,-0.4,900,"sd","11:17:36",499000
50.5,-0.3,200,"sd","11:15:58",498100
50.5,-0.3,100,"bu","11:15:33",497900
50.5,-0.3,100,"bu","11:15:01",497800
50.6,-0.2,200,"bu","11:14:14",497700
50.6,-0.2,200,"bu","11:12:53",497500
50.4,-0.4,300,"bu","11:10:30",497300
50.4,-0.4,100,"bu","11:09:59",497000
50.4,-0.4,200,"bu","11:09:42",496900
50.3,-0.5,100,"sd","11:09:34",496700
50.4,-0.4,100,"bu","11:09:13",496600
50.4,-0.4,100,"sd","11:07:51",496500
50.4,-0.4,200,"sd","11:07:14",496400
50.3,-0.5,1000,"sd","11:05:08",496200
50.3,-0.5,300,"sd","11:04:10",495200
50.3,-0.5,1000,"sd","11:03:59",494900
50.4,-0.4,200,"sd","11:03:53",493900
50.5,-0.3,100,"sd","11:03:53",493700
50.3,-0.5,6400,"sd","10:57:03",493600
50.4,-0.4,5900,"sd","10:57:03",487200
50.4,-0.4,3000,"sd","10:55:38",481300
50.5,-0.3,100,"bu","10:55:23",478300
50.5,-0.3,9900,"sd","10:55:16",478200
50.5,-0.3,100,"sd","10:55:01",468300
50.6,-0.2,100,"sd","10:55:01",468200
50.4,-0.4,3000,"sd","10:51:16",468100
50.5,-0.3,4200,"sd","10:51:16",465100
50.6,-0.2,800,"sd","10:51:16",460900
50.7,-0.1,600,"sd","10:51:00",460100
50.8,0,100,"bu","10:48:40",459500
50.8,0,100,"bu","10:46:47",459400
50.8,0,100,"bu","10:45:56",459300
50.8,0,500,"bu","10:42:33",459200
50.8,0,1300,"sd","10:42:22",458700
50.8,0,2300,"sd","10:39:55",457400
50.8,0,8100,"sd","10:39:35",455100
50.9,0.1,2000,"bu","10:38:34",447000
50.9,0.1,300,"bu","10:38:27",445000
50.9,0.1,100,"bu","10:38:16",444700
50.9,0.1,5000,"bu","10:38:05",444600
50.9,0.1,100,"bu","10:37:49",439600
50.9,0.1,100,"bu","10:37:38",439500
50.9,0.1,500,"bu","10:37:22",439400
50.9,0.1,500,"bu","10:37:12",438900
50.8,0,100,"sd","10:36:31",438400
50.9,0.1,100,"bu","10:36:12",438300
50.8,0,400,"bu","10:35:36",438200
50.8,0,3000,"bu","10:35:21",437800
50.8,0,100,"bu","10:33:46",434800
50.8,0,200,"sd","10:33:16",434700
50.8,0,200,"bu","10:32:57",434500
50.9,0.1,500,"bu","10:32:43",434300
50.9,0.1,3000,"bu","10:32:28",433800
50.9,0.1,500,"bu","10:31:54",430800
50.9,0.1,1000,"bu","10:31:43",430300
50.7,-0.1,200,"sd","10:30:37",429300
50.8,0,800,"sd","10:30:10",429100
50.8,0,400,"sd","10:29:10",428300
50.8,0,300,"sd","10:28:40",427900
50.9,0.1,500,"bu","10:28:30",427600
50.8,0,300,"sd","10:28:20",427100
50.8,0,100,"bu","10:28:11",426800
50.8,0,5000,"bu","10:28:08",426700
50.8,0,100,"bu","10:28:04",421700
50.8,0,1000,"bu","10:28:01",421600
50.8,0,100,"bu","10:27:47",420600
50.8,0,1000,"bu","10:27:38",420500
50.8,0,100,"bu","10:27:37",419500
50.8,0,2000,"bu","10:27:31",419400
50.8,0,200,"bu","10:27:20",417400
50.8,0,1000,"bu","10:27:15",417200
50.8,0,1800,"bu","10:27:14",416200
50.8,0,1000,"bu","10:27:11",414400
50.8,0,500,"bu","10:27:08",413400
50.8,0,100,"bu","10:27:06",412900
50.8,0,500,"bu","10:26:53",412800
50.8,0,4000,"bu","10:26:51",412300
50.8,0,2000,"bu","10:26:47",408300
50.8,0,700,"bu","10:26:36",406300
50.7,-0.1,1300,"bu","10:26:36",405600
50.7,-0.1,10000,"bu","10:26:34",404300
50.7,-0.1,500,"bu","10:26:31",394300
50.7,-0.1,200,"bu","10:26:26",393800
50.7,-0.1,1000,"bu","10:26:17",393600
50.6,-0.2,1000,"bu","10:26:03",392600
50.6,-0.2,500,"bu","10:25:59",391600
50.5,-0.3,100,"bu","10:25:38",391100
50.5,-0.3,500,"bu","10:25:37",391000
50.4,-0.4,200,"bu","10:25:08",390500
50.4,-0.4,500,"bu","10:24:59",390300
50.4,-0.4,3000,"bu","10:24:35",389800
50.3,-0.5,3400,"bu","10:24:14",386800
50.2,-0.6,500,"sd","10:24:04",383400
50.2,-0.6,1000,"bu","10:23:58",382900
50.2,-0.6,200,"bu","10:23:57",381900
50.2,-0.6,1000,"bu","10:23:54",381700
50.2,-0.6,3000,"bu","10:23:51",380700
50.2,-0.6,300,"bu","10:23:50",377700
50.2,-0.6,600,"bu","10:23:45",377400
50.2,-0.6,8500,"bu","10:23:43",376800
50.2,-0.6,1500,"bu","10:23:42",368300
50.1,-0.7,1800,"sd","10:22:43",366800
50.1,-0.7,1000,"sd","10:22:32",365000
50.1,-0.7,3000,"sd","10:22:18",364000
50.2,-0.6,500,"bu","10:21:51",361000
50.2,-0.6,300,"bu","10:21:19",360500
50.2,-0.6,5000,"sd","10:21:16",360200
50.2,-0.6,11800,"sd","10:21:05",355200
50.2,-0.6,2000,"sd","10:20:58",343400
50.3,-0.5,1000,"bu","10:20:57",341400
50.3,-0.5,5600,"sd","10:20:21",340400
50.4,-0.4,800,"sd","10:19:32",334800
50.4,-0.4,3000,"sd","10:19:23",334000
50.5,-0.3,200,"bu","10:19:19",331000
50.5,-0.3,1000,"sd","10:18:41",330800
50.5,-0.3,800,"sd","10:18:22",329800
50.5,-0.3,800,"sd","10:17:59",329000
50.5,-0.3,7600,"bu","10:17:27",328200
50.5,-0.3,100,"sd","10:16:48",320600
50.5,-0.3,200,"sd","10:16:16",320500
50.5,-0.3,6500,"sd","10:15:53",320300
50.5,-0.3,200,"sd","10:14:38",313800
50.5,-0.3,2000,"sd","10:14:32",313600
50.5,-0.3,3000,"sd","10:14:27",311600
50.5,-0.3,2300,"sd","10:14:19",308600
50.6,-0.2,700,"sd","10:13:28",306300
50.7,-0.1,100,"bu","10:13:19",305600
50.6,-0.2,200,"sd","10:12:21",305500
50.7,-0.1,200,"bu","10:11:59",305300
50.7,-0.1,100,"bu","10:11:45",305100
50.7,-0.1,100,"bu","10:11:18",305000
50.8,0,200,"bu","10:10:09",304900
50.8,0,100,"bu","10:10:01",304700
50.8,0,500,"bu","10:10:00",304600
50.8,0,500,"bu","10:09:22",304100
50.8,0,14000,"bu","10:08:16",303600
50.7,-0.1,11000,"bu","10:08:16",289600
50.6,-0.2,500,"sd","10:07:38",278600
50.6,-0.2,200,"sd","10:07:01",278100
50.6,-0.2,9200,"bu","10:06:15",277900
50.5,-0.3,100,"sd","10:05:22",268700
50.5,-0.3,1000,"sd","10:04:45",268600
50.5,-0.3,100,"sd","10:04:20",267600
50.5,-0.3,100,"sd","10:03:53",267500
50.5,-0.3,500,"sd","10:03:13",267400
50.5,-0.3,700,"bu","10:03:12",266900
50.5,-0.3,1000,"bu","10:02:51",266200
50.5,-0.3,1600,"bu","10:02:43",265200
50.5,-0.3,100,"sd","10:02:29",263600
50.5,-0.3,1000,"sd","10:01:55",263500
50.5,-0.3,900,"bu","10:01:46",262500
50.5,-0.3,200,"bu","10:01:00",261600
50.5,-0.3,400,"sd","10:00:17",261400
50.5,-0.3,1400,"sd","10:00:02",261000
50.5,-0.3,500,"sd","09:59:59",259600
50.5,-0.3,800,"sd","09:59:12",259100
50.5,-0.3,8100,"bu","09:58:50",258300
50.4,-0.4,2000,"sd","09:58:41",250200
50.4,-0.4,1500,"sd","09:57:39",248200
50.4,-0.4,200,"sd","09:57:31",246700
50.4,-0.4,1000,"sd","09:57:22",246500
50.4,-0.4,600,"sd","09:57:04",245500
50.4,-0.4,1800,"sd","09:56:28",244900
50.5,-0.3,200,"sd","09:56:28",243100
50.5,-0.3,100,"bu","09:55:46",242900
50.5,-0.3,200,"bu","09:55:37",242800
50.5,-0.3,100,"bu","09:55:07",242600
50.4,-0.4,300,"sd","09:55:07",242500
50.5,-0.3,400,"sd","09:54:50",242200
50.5,-0.3,1000,"sd","09:54:44",241800
50.5,-0.3,1100,"sd","09:54:26",240800
50.5,-0.3,5900,"sd","09:54:25",239700
50.5,-0.3,800,"sd","09:53:14",233800
50.6,-0.2,200,"sd","09:53:14",233000
50.6,-0.2,700,"sd","09:53:12",232800
50.6,-0.2,800,"bu","09:52:03",232100
50.6,-0.2,1200,"sd","09:51:52",231300
50.7,-0.1,100,"bu","09:51:51",230100
50.7,-0.1,200,"bu","09:51:22",230000
50.6,-0.2,300,"bu","09:50:32",229800
50.6,-0.2,100,"bu","09:50:23",229500
50.6,-0.2,3000,"bu","09:50:11",229400
50.6,-0.2,100,"bu","09:49:48",226400
50.6,-0.2,1500,"sd","09:49:11",226300
50.7,-0.1,3000,"bu","09:48:47",224800
50.7,-0.1,100,"bu","09:48:26",221800
50.7,-0.1,200,"bu","09:48:22",221700
50.7,-0.1,2000,"bu","09:48:12",221500
50.7,-0.1,1000,"bu","09:47:48",219500
50.7,-0.1,200,"bu","09:47:33",218500
50.7,-0.1,200,"bu","09:47:17",218300
50.7,-0.1,100,"bu","09:47:14",218100
50.7,-0.1,200,"bu","09:47:04",218000
50.7,-0.1,1000,"bu","09:47:02",217800
50.7,-0.1,300,"bu","09:46:59",216800
50.7,-0.1,500,"bu","09:46:51",216500
50.7,-0.1,1500,"bu","09:46:48",216000
50.7,-0.1,200,"bu","09:46:45",214500
50.7,-0.1,3000,"bu","09:46:43",214300
50.7,-0.1,500,"bu","09:45:55",211300
50.6,-0.2,200,"sd","09:45:10",210800
50.6,-0.2,100,"sd","09:44:55",210600
50.7,-0.1,100,"bu","09:44:54",210500
50.6,-0.2,100,"sd","09:44:14",210400
50.6,-0.2,1000,"sd","09:44:10",210300
50.6,-0.2,700,"bu","09:43:15",209300
50.6,-0.2,500,"bu","09:43:09",208600
50.6,-0.2,100,"bu","09:42:43",208100
50.6,-0.2,1700,"sd","09:41:52",208000
50.6,-0.2,2300,"bu","09:41:29",206300
50.5,-0.3,1000,"sd","09:41:13",204000
50.5,-0.3,1000,"sd","09:40:59",203000
50.6,-0.2,1000,"bu","09:40:54",202000
50.6,-0.2,100,"bu","09:40:08",201000
50.5,-0.3,500,"sd","09:39:28",200900
50.5,-0.3,300,"sd","09:39:22",200400
50.5,-0.3,200,"sd","09:39:21",200100
50.5,-0.3,300,"bu","09:38:34",199900
50.5,-0.3,1700,"sd","09:38:23",199600
50.5,-0.3,200,"sd","09:38:15",197900
50.5,-0.3,1000,"sd","09:38:14",197700
50.5,-0.3,4000,"sd","09:38:04",196700
50.5,-0.3,500,"sd","09:37:59",192700
50.5,-0.3,3000,"sd","09:37:46",192200
50.5,-0.3,300,"sd","09:37:36",189200
50.5,-0.3,3600,"bu","09:37:34",188900
50.5,-0.3,10000,"bu","09:37:05",185300
50.3,-0.5,1000,"sd","09:37:02",175300
50.3,-0.5,900,"sd","09:36:47",174300
50.5,-0.3,2000,"bu","09:36:46",173400
50.3,-0.5,300,"sd","09:36:23",171400
50.4,-0.4,2700,"sd","09:36:23",171100
50.4,-0.4,200,"sd","09:36:10",168400
50.5,-0.3,1300,"sd","09:36:00",168200
50.5,-0.3,100,"sd","09:35:50",166900
50.5,-0.3,3000,"sd","09:35:46",166800
50.6,-0.2,200,"bu","09:35:32",163800
50.5,-0.3,5800,"bu","09:35:19",163600
50.4,-0.4,100,"sd","09:35:05",157800
50.5,-0.3,100,"bu","09:33:55",157700
50.5,-0.3,6400,"sd","09:33:50",157600
50.5,-0.3,1500,"sd","09:33:41",151200
50.6,-0.2,100,"bu","09:33:32",149700
50.6,-0.2,200,"bu","09:33:22",149600
50.6,-0.2,100,"bu","09:32:59",149400
50.6,-0.2,200,"bu","09:32:56",149300
50.6,-0.2,500,"bu","09:32:32",149100
50.6,-0.2,200,"sd","09:32:16",148600
50.6,-0.2,2000,"sd","09:32:09",148400
50.6,-0.2,1000,"sd","09:32:02",146400
50.6,-0.2,2100,"sd","09:31:59",145400
50.7,-0.1,200,"bu","09:31:42",143300
50.7,-0.1,500,"bu","09:31:33",143100
50.7,-0.1,200,"bu","09:31:27",142600
50.7,-0.1,500,"bu","09:31:16",142400
50.7,-0.1,100,"bu","09:31:02",141900
50.7,-0.1,1000,"bu","09:31:00",141800
50.7,-0.1,100,"sd","09:30:59",140800
50.7,-0.1,1400,"sd","09:30:58",140700
50.7,-0.1,300,"sd","09:30:57",139300
50.7,-0.1,100,"bu","09:30:45",139000
50.7,-0.1,4000,"bu","09:30:41",138900
50.7,-0.1,1000,"bu","09:30:34",134900
50.7,-0.1,100,"bu","09:30:24",133900
50.7,-0.1,1000,"bu","09:30:14",133800
50.7,-0.1,100,"bu","09:30:11",132800
50.7,-0.1,400,"bu","09:30:08",132700
50.7,-0.1,100,"bu","09:29:57",132300
50.7,-0.1,200,"bu","09:29:55",132200
50.7,-0.1,2000,"bu","09:29:50",132000
50.7,-0.1,100,"bu","09:29:45",130000
50.7,-0.1,500,"bu","09:29:45",129900
50.7,-0.1,500,"bu","09:29:32",129400
50.6,-0.2,300,"sd","09:29:17",128900
50.6,-0.2,3000,"sd","09:28:27",128600
50.8,0,200,"bu","09:28:23",125600
50.8,0,300,"bu","09:28:16",125400
50.8,0,4800,"bu","09:27:58",125100
50.7,-0.1,200,"bu","09:27:58",120300
50.7,-0.1,500,"bu","09:27:56",120100
50.7,-0.1,100,"bu","09:27:55",119600
50.6,-0.2,100,"sd","09:27:52",119500
50.7,-0.1,100,"bu","09:27:52",119400
50.7,-0.1,100,"bu","09:27:28",119300
50.7,-0.1,900,"bu","09:27:13",119200
50.8,0,100,"bu","09:27:02",118300
50.7,-0.1,100,"sd","09:27:01",118200
50.8,0,200,"bu","09:26:56",118100
50.7,-0.1,1000,"bu","09:26:36",117900
50.6,-0.2,7700,"bu","09:26:35",116900
50.6,-0.2,300,"bu","09:26:34",109200
50.6,-0.2,300,"bu","09:26:30",108900
50.6,-0.2,500,"bu","09:26:19",108600
50.5,-0.3,300,"sd","09:25:59",108100
50.5,-0.3,1500,"sd","09:25:49",107800
50.4,-0.4,6700,"bu","09:25:49",106300
50.3,-0.5,2600,"bu","09:25:43",99600
50.2,-0.6,300,"bu","09:25:31",97000
50.2,-0.6,100,"bu","09:25:30",96700
50.2,-0.6,100,"bu","09:25:06",96600
50.2,-0.6,2300,"sd","09:25:02",96500
50.2,-0.6,100,"sd","09:24:41",94200
50.3,-0.5,100,"bu","09:24:41",94100
50.3,-0.5,500,"bu","09:24:40",94000
50.2,-0.6,300,"sd","09:24:38",93500
50.2,-0.6,1000,"sd","09:24:37",93200
50.1,-0.7,700,"sd","09:24:16",92200
50.2,-0.6,1100,"sd","09:24:16",91500
50.3,-0.5,3100,"bu","09:24:00",90400
50.2,-0.6,1400,"bu","09:24:00",87300
50.2,-0.6,100,"bu","09:23:56",85900
50.2,-0.6,300,"bu","09:23:49",85800
50.2,-0.6,500,"bu","09:23:36",85500
50.2,-0.6,2000,"sd","09:23:34",85000
50.3,-0.5,2000,"sd","09:22:50",83000
50.1,-0.7,500,"sd","09:22:34",81000
50.1,-0.7,9900,"sd","09:22:33",80500
50.2,-0.6,4700,"sd","09:22:33",70600
50.3,-0.5,1700,"sd","09:22:33",65900
50.3,-0.5,700,"sd","09:22:32",64200
50.3,-0.5,200,"sd","09:22:26",63500
50.3,-0.5,1000,"sd","09:22:21",63300
50.3,-0.5,400,"sd","09:22:11",62300
50.3,-0.5,500,"sd","09:22:05",61900
50.3,-0.5,1500,"sd","09:22:04",61400
50.3,-0.5,200,"sd","09:21:44",59900
50.4,-0.4,1800,"sd","09:21:44",59700
50.4,-0.4,100,"sd","09:21:30",57900
50.4,-0.4,500,"sd","09:21:16",57800
50.4,-0.4,800,"bu","09:21:13",57300
50.4,-0.4,4000,"bu","09:21:04",56500
50.4,-0.4,100,"bu","09:20:58",52500
50.4,-0.4,200,"bu","09:20:55",52400
50.4,-0.4,100,"bu","09:20:34",52200
50.4,-0.4,100,"bu","09:20:19",52100
50.4,-0.4,100,"bu","09:20:14",52000
50.4,-0.4,1500,"bu","09:20:07",51900
50.4,-0.4,300,"bu","09:19:52",50400
50.4,-0.4,100,"bu","09:19:49",50100
50.4,-0.4,500,"sd","09:19:48",50000
50.4,-0.4,100,"sd","09:19:46",49500
50.4,-0.4,1000,"sd","09:19:42",49400
50.4,-0.4,1400,"sd","09:19:33",48400
50.5,-0.3,600,"sd","09:19:33",47000
50.4,-0.4,800,"sd","09:18:53",46400
50.5,-0.3,200,"sd","09:18:53",45600
50.6,-0.2,4100,"bu","09:18:43",45400
50.5,-0.3,5900,"bu","09:18:43",41300
50.4,-0.4,200,"sd","09:18:38",35400
50.4,-0.4,300,"sd","09:18:37",35200
50.4,-0.4,100,"sd","09:18:37",34900
50.5,-0.3,900,"sd","09:18:37",34800
50.5,-0.3,100,"bu","09:18:33",33900
50.5,-0.3,900,"bu","09:18:29",33800
50.5,-0.3,100,"bu","09:18:27",32900
50.5,-0.3,200,"bu","09:18:18",32800
50.5,-0.3,700,"bu","09:18:06",32600
50.5,-0.3,1200,"sd","09:18:03",31900
50.6,-0.2,100,"bu","09:18:02",30700
50.6,-0.2,400,"bu","09:17:52",30600
50.6,-0.2,2000,"bu","09:17:49",30200
50.6,-0.2,100,"bu","09:17:44",28200
50.6,-0.2,5200,"bu","09:17:43",28100
50.5,-0.3,9200,"sd","09:17:43",22900
50.5,-0.3,1000,"sd","09:17:42",13700
50.6,-0.2,100,"bu","09:17:33",12700
50.6,-0.2,200,"sd","09:17:21",12600
50.6,-0.2,500,"sd","09:17:16",12400
50.6,-0.2,200,"sd","09:17:11",11900
50.9,0.1,100,"bu","09:17:08",11700
50.6,-0.2,500,"sd","09:17:08",11600
50.7,-0.1,1000,"sd","09:17:08",11100
50.9,0.1,100,"bu","09:17:03",10100
50.8,0,600,"sd","09:17:01",10000
50.9,0.1,1300,"sd","09:16:43",9400
51,0.2,200,"bu","09:16:17",8100
51,0.2,200,"bu","09:16:15",7900
51.1,0.3,200,"sd","09:15:54",7700
51,0.2,100,"bu","09:15:31",7500
51,0.2,600,"bu","09:15:29",7400
51,0.2,100,"bu","09:15:26",6800
50.9,0.1,6700,"","09:15:10",6700
