"price","change","match_qtty","side","time","total_vol"
18.8,0,191000,"","14:45:31",2657900
18.75,-0.05,600,"bu","14:32:07",2466900
18.75,-0.05,1200,"sd","14:32:06",2466300
18.75,-0.05,2000,"bu","14:32:03",2465100
18.75,-0.05,5000,"bu","14:31:59",2463100
18.75,-0.05,3000,"sd","14:31:58",2458100
18.75,-0.05,500,"sd","14:31:50",2455100
18.75,-0.05,14900,"bu","14:31:44",2454600
18.75,-0.05,100,"bu","14:31:42",2439700
18.75,-0.05,1000,"bu","14:31:41",2439600
18.75,-0.05,2900,"bu","14:31:40",2438600
18.75,-0.05,1100,"sd","14:31:38",2435700
18.75,-0.05,18900,"bu","14:31:35",2434600
18.75,-0.05,100,"bu","14:31:31",2415700
18.75,-0.05,5000,"bu","14:31:29",2415600
18.75,-0.05,100,"bu","14:31:28",2410600
18.75,-0.05,900,"bu","14:31:22",2410500
18.75,-0.05,100,"sd","14:31:01",2409600
18.8,0,500,"bu","14:31:01",2409500
18.8,0,3900,"bu","14:30:07",2409000
18.8,0,6900,"bu","14:29:49",2405100
18.8,0,3900,"bu","14:29:46",2398200
18.8,0,4500,"bu","14:29:34",2394300
18.75,-0.05,2400,"bu","14:29:34",2389800
18.75,-0.05,100,"bu","14:29:33",2387400
18.75,-0.05,4900,"bu","14:29:31",2387300
18.75,-0.05,6900,"bu","14:29:24",2382400
18.75,-0.05,4300,"bu","14:29:21",2375500
18.7,-0.1,4100,"bu","14:29:11",2371100
18.7,-0.1,2000,"bu","14:29:09",2367000
18.7,-0.1,4900,"bu","14:29:00",2365000
18.7,-0.1,5000,"bu","14:28:54",2360100
18.6,-0.2,3700,"sd","14:28:26",2355100
18.65,-0.15,1300,"sd","14:28:26",2351400
18.6,-0.2,1400,"sd","14:27:57",2350100
18.65,-0.15,5500,"sd","14:27:57",2348700
18.65,-0.15,4100,"sd","14:27:22",2343200
18.7,-0.1,2800,"sd","14:27:22",2339100
18.7,-0.1,2200,"bu","14:27:20",2336300
18.7,-0.1,4700,"sd","14:27:13",2334100
18.75,-0.05,100,"bu","14:27:06",2329400
18.75,-0.05,1000,"bu","14:27:05",2329300
18.75,-0.05,100,"bu","14:26:27",2328300
18.75,-0.05,100,"bu","14:26:08",2328200
18.75,-0.05,100,"bu","14:25:46",2328100
18.75,-0.05,1000,"bu","14:25:33",2328000
18.75,-0.05,100,"bu","14:25:25",2327000
18.7,-0.1,900,"sd","14:25:24",2326900
18.75,-0.05,10000,"bu","14:25:24",2326000
18.75,-0.05,1700,"bu","14:25:06",2316000
18.7,-0.1,2700,"bu","14:25:06",2314300
18.7,-0.1,100,"bu","14:25:06",2311600
18.7,-0.1,500,"bu","14:25:02",2311500
18.7,-0.1,100,"bu","14:25:00",2311000
18.7,-0.1,1700,"bu","14:24:56",2310900
18.7,-0.1,2000,"bu","14:24:47",2309200
18.65,-0.15,300,"sd","14:24:47",2307200
18.7,-0.1,100,"bu","14:24:45",2306900
18.7,-0.1,4500,"bu","14:24:40",2306800
18.7,-0.1,4200,"bu","14:24:30",2302300
18.6,-0.2,100,"sd","14:24:20",2298100
18.65,-0.15,200,"sd","14:24:20",2298000
18.7,-0.1,100,"bu","14:24:17",2297800
18.6,-0.2,200,"sd","14:24:06",2297700
18.7,-0.1,100,"bu","14:23:56",2297500
18.6,-0.2,600,"sd","14:22:28",2297400
18.6,-0.2,5200,"sd","14:22:10",2296800
18.7,-0.1,5000,"bu","14:22:10",2291600
18.7,-0.1,100,"bu","14:22:05",2286600
18.7,-0.1,4900,"bu","14:22:04",2286500
18.65,-0.15,2000,"bu","14:22:04",2281600
18.7,-0.1,1800,"bu","14:21:41",2279600
18.65,-0.15,2300,"bu","14:21:41",2277800
18.55,-0.25,3000,"sd","14:21:32",2275500
18.6,-0.2,600,"sd","14:21:31",2272500
18.65,-0.15,6900,"bu","14:21:25",2271900
18.65,-0.15,5000,"bu","14:21:21",2265000
18.55,-0.25,3100,"sd","14:21:11",2260000
18.6,-0.2,700,"sd","14:21:11",2256900
18.65,-0.15,3400,"bu","14:21:11",2256200
18.55,-0.25,5300,"sd","14:20:57",2252800
18.6,-0.2,1000,"sd","14:20:57",2247500
18.65,-0.15,3100,"bu","14:20:54",2246500
18.6,-0.2,1500,"bu","14:20:54",2243400
18.6,-0.2,3400,"bu","14:20:53",2241900
18.6,-0.2,500,"bu","14:20:49",2238500
18.6,-0.2,1000,"bu","14:20:47",2238000
18.6,-0.2,100,"bu","14:20:46",2237000
18.6,-0.2,3400,"bu","14:20:36",2236900
18.55,-0.25,300,"sd","14:20:05",2233500
18.6,-0.2,100,"bu","14:19:54",2233200
18.6,-0.2,300,"bu","14:19:51",2233100
18.6,-0.2,1700,"bu","14:19:49",2232800
18.6,-0.2,2900,"sd","14:19:43",2231100
18.65,-0.15,100,"bu","14:19:42",2228200
18.6,-0.2,2000,"sd","14:19:38",2228100
18.65,-0.15,100,"bu","14:19:35",2226100
18.6,-0.2,500,"sd","14:19:24",2226000
18.6,-0.2,1000,"sd","14:18:59",2225500
18.65,-0.15,200,"bu","14:18:59",2224500
18.6,-0.2,100,"sd","14:18:59",2224300
18.6,-0.2,100,"bu","14:18:58",2224200
18.55,-0.25,3900,"sd","14:18:47",2224100
18.6,-0.2,100,"sd","14:18:47",2220200
18.55,-0.25,1800,"sd","14:18:45",2220100
18.6,-0.2,100,"bu","14:18:45",2218300
18.55,-0.25,1000,"sd","14:18:39",2218200
18.55,-0.25,4800,"sd","14:18:33",2217200
18.6,-0.2,200,"sd","14:18:33",2212400
18.6,-0.2,400,"sd","14:18:23",2212200
18.55,-0.25,1100,"sd","14:18:11",2211800
18.6,-0.2,3800,"sd","14:18:11",2210700
18.6,-0.2,100,"sd","14:18:09",2206900
18.6,-0.2,1000,"sd","14:18:06",2206800
18.6,-0.2,4400,"sd","14:18:03",2205800
18.6,-0.2,6900,"sd","14:17:57",2201400
18.6,-0.2,10000,"sd","14:17:56",2194500
18.6,-0.2,3800,"sd","14:17:51",2184500
18.6,-0.2,5000,"sd","14:17:50",2180700
18.7,-0.1,100,"bu","14:17:45",2175700
18.6,-0.2,11600,"sd","14:17:43",2175600
18.6,-0.2,17000,"sd","14:17:42",2164000
18.6,-0.2,2000,"sd","14:17:38",2147000
18.6,-0.2,17200,"sd","14:17:33",2145000
18.7,-0.1,100,"bu","14:17:31",2127800
18.6,-0.2,300,"sd","14:17:27",2127700
18.6,-0.2,1000,"sd","14:17:18",2127400
18.6,-0.2,2900,"sd","14:17:15",2126400
18.6,-0.2,3400,"sd","14:17:05",2122400
18.65,-0.15,3500,"sd","14:17:05",2119000
18.6,-0.2,1500,"sd","14:17:02",2115500
18.6,-0.2,400,"sd","14:17:01",2114000
18.65,-0.15,4500,"sd","14:17:01",2113600
18.65,-0.15,5000,"sd","14:16:57",2109100
18.65,-0.15,1000,"sd","14:16:52",2104100
18.65,-0.15,4000,"sd","14:16:52",2103100
18.7,-0.1,500,"bu","14:16:51",2099100
18.65,-0.15,4400,"sd","14:16:34",2098600
18.7,-0.1,100,"bu","14:16:25",2094200
18.65,-0.15,10000,"sd","14:16:12",2094100
18.65,-0.15,6900,"sd","14:16:06",2084100
18.65,-0.15,10600,"sd","14:15:58",2077200
18.65,-0.15,5000,"sd","14:15:55",2066600
18.65,-0.15,20000,"sd","14:15:53",2061600
18.65,-0.15,6900,"sd","14:14:51",2041600
18.65,-0.15,8900,"sd","14:14:34",2034700
18.65,-0.15,4600,"sd","14:13:56",2025800
18.65,-0.15,35000,"sd","14:13:48",2021200
18.7,-0.1,500,"sd","14:13:02",1986200
18.7,-0.1,15600,"sd","14:13:00",1985700
18.75,-0.05,100,"bu","14:12:39",1970100
18.7,-0.1,5500,"sd","14:12:23",1970000
18.7,-0.1,3800,"sd","14:12:06",1964500
18.7,-0.1,6900,"sd","14:12:04",1960700
18.7,-0.1,4400,"sd","14:12:03",1953800
18.7,-0.1,3400,"sd","14:12:00",1949400
18.7,-0.1,400,"sd","14:11:58",1946000
18.75,-0.05,1500,"bu","14:11:56",1945600
18.7,-0.1,3600,"sd","14:11:52",1944100
18.7,-0.1,24400,"sd","14:11:43",1940500
18.7,-0.1,400,"sd","14:11:36",1916100
18.75,-0.05,100,"bu","14:11:32",1915700
18.7,-0.1,2100,"sd","14:11:31",1915600
18.7,-0.1,10000,"sd","14:11:27",1913500
18.7,-0.1,8200,"sd","14:11:15",1903500
18.7,-0.1,1200,"sd","14:11:12",1895300
18.75,-0.05,100,"bu","14:11:00",1894100
18.7,-0.1,400,"sd","14:10:43",1894000
18.75,-0.05,100,"bu","14:10:27",1893600
18.75,-0.05,100,"bu","14:09:53",1893500
18.7,-0.1,3600,"sd","14:09:52",1893400
18.7,-0.1,400,"sd","14:09:47",1889800
18.75,-0.05,100,"bu","14:09:20",1889400
18.7,-0.1,3200,"sd","14:09:15",1889300
18.7,-0.1,500,"sd","14:08:55",1886100
18.75,-0.05,100,"bu","14:08:47",1885600
18.7,-0.1,7700,"sd","14:08:42",1885500
18.75,-0.05,100,"bu","14:08:15",1877800
18.7,-0.1,400,"sd","14:08:01",1877700
18.75,-0.05,100,"bu","14:07:42",1877300
18.7,-0.1,3700,"sd","14:07:24",1877200
18.7,-0.1,400,"sd","14:07:15",1873500
18.75,-0.05,100,"bu","14:07:10",1873100
18.7,-0.1,3600,"sd","14:06:47",1873000
18.75,-0.05,100,"bu","14:06:38",1869400
18.75,-0.05,100,"bu","14:06:34",1869300
18.7,-0.1,400,"sd","14:06:21",1869200
18.7,-0.1,100,"sd","14:06:20",1868800
18.7,-0.1,4300,"sd","14:06:10",1868700
18.75,-0.05,500,"bu","14:05:55",1864400
18.75,-0.05,4500,"sd","14:05:42",1863900
18.8,0,100,"bu","14:05:42",1859400
18.8,0,100,"bu","14:05:33",1859300
18.75,-0.05,400,"sd","14:05:31",1859200
18.75,-0.05,3800,"sd","14:05:27",1858800
18.8,0,100,"bu","14:05:02",1855000
18.75,-0.05,1400,"bu","14:04:48",1854900
18.75,-0.05,100,"bu","14:04:29",1853500
18.7,-0.1,3800,"sd","14:04:10",1853400
18.75,-0.05,200,"sd","14:04:10",1849600
18.7,-0.1,100,"sd","14:03:58",1849400
18.7,-0.1,300,"sd","14:03:56",1849300
18.7,-0.1,3500,"sd","14:03:28",1849000
18.75,-0.05,100,"sd","14:03:28",1845500
18.8,0,100,"bu","14:03:26",1845400
18.75,-0.05,400,"sd","14:03:10",1845300
18.75,-0.05,5000,"sd","14:02:45",1844900
18.75,-0.05,5000,"sd","14:02:23",1839900
18.8,0,100,"bu","14:02:23",1834900
18.75,-0.05,400,"sd","14:02:21",1834800
18.8,0,100,"bu","14:01:52",1834400
18.75,-0.05,2200,"sd","14:01:47",1834300
18.75,-0.05,400,"sd","14:01:36",1832100
18.75,-0.05,1800,"sd","14:01:24",1831700
18.8,0,100,"bu","14:01:20",1829900
18.8,0,100,"bu","14:01:19",1829800
18.8,0,4400,"bu","14:01:15",1829700
18.75,-0.05,1200,"sd","14:01:07",1825300
18.8,0,4900,"bu","14:01:05",1824100
18.8,0,4200,"bu","14:00:56",1819200
18.75,-0.05,3100,"sd","14:00:54",1815000
18.75,-0.05,400,"sd","14:00:53",1811900
18.75,-0.05,18300,"bu","14:00:48",1811500
18.75,-0.05,4800,"bu","14:00:47",1793200
18.75,-0.05,4600,"bu","14:00:39",1788400
18.75,-0.05,4600,"bu","14:00:29",1783800
18.7,-0.1,2300,"sd","14:00:22",1779200
18.75,-0.05,4100,"bu","14:00:19",1776900
18.75,-0.05,100,"bu","14:00:17",1772800
18.75,-0.05,2400,"bu","14:00:07",1772700
18.7,-0.1,300,"sd","14:00:00",1770300
18.75,-0.05,1000,"bu","14:00:00",1770000
18.7,-0.1,3200,"sd","13:59:59",1769000
18.7,-0.1,400,"sd","13:59:58",1765800
18.75,-0.05,400,"bu","13:59:56",1765400
18.75,-0.05,100,"bu","13:59:47",1765000
18.7,-0.1,5000,"sd","13:59:26",1764900
18.75,-0.05,100,"bu","13:59:16",1759900
18.7,-0.1,400,"sd","13:59:10",1759800
18.75,-0.05,100,"bu","13:58:43",1759400
18.7,-0.1,5700,"sd","13:58:35",1759300
18.7,-0.1,300,"sd","13:58:22",1753600
18.75,-0.05,100,"bu","13:58:12",1753300
18.75,-0.05,100,"bu","13:57:54",1753200
18.75,-0.05,100,"bu","13:57:41",1753100
18.7,-0.1,400,"sd","13:57:38",1753000
18.7,-0.1,2600,"sd","13:57:37",1752600
18.75,-0.05,200,"bu","13:57:27",1750000
18.7,-0.1,2100,"sd","13:57:11",1749800
18.75,-0.05,100,"bu","13:57:11",1747700
18.7,-0.1,2000,"sd","13:57:10",1747600
18.7,-0.1,400,"sd","13:56:50",1745600
18.7,-0.1,2300,"sd","13:56:49",1745200
18.75,-0.05,100,"bu","13:56:39",1742900
18.7,-0.1,2800,"sd","13:56:29",1742800
18.75,-0.05,3900,"bu","13:56:21",1740000
18.75,-0.05,3600,"bu","13:56:09",1736100
18.75,-0.05,100,"bu","13:56:08",1732500
18.7,-0.1,300,"sd","13:56:07",1732400
18.7,-0.1,2700,"sd","13:56:00",1732100
18.75,-0.05,100,"bu","13:55:41",1729400
18.7,-0.1,2900,"sd","13:55:39",1729300
18.75,-0.05,500,"bu","13:55:09",1726400
18.7,-0.1,500,"sd","13:55:08",1725900
18.75,-0.05,100,"bu","13:55:07",1725400
18.7,-0.1,2900,"sd","13:55:05",1725300
18.7,-0.1,10000,"sd","13:55:01",1722400
18.75,-0.05,100,"bu","13:54:37",1712400
18.7,-0.1,4300,"sd","13:54:34",1712300
18.7,-0.1,1000,"sd","13:54:25",1708000
18.7,-0.1,400,"sd","13:54:15",1707000
18.75,-0.05,100,"bu","13:54:05",1706600
18.7,-0.1,200,"sd","13:54:01",1706500
18.7,-0.1,5500,"sd","13:53:50",1706300
18.75,-0.05,100,"bu","13:53:35",1700800
18.7,-0.1,300,"sd","13:53:27",1700700
18.75,-0.05,100,"bu","13:53:07",1700400
18.7,-0.1,20000,"sd","13:53:07",1700300
18.75,-0.05,1000,"bu","13:53:01",1680300
18.7,-0.1,3900,"sd","13:52:54",1679300
18.7,-0.1,200,"sd","13:52:51",1675400
18.7,-0.1,7700,"sd","13:52:49",1675200
18.7,-0.1,400,"sd","13:52:39",1667500
18.75,-0.05,100,"bu","13:52:34",1667100
18.75,-0.05,4000,"bu","13:52:29",1667000
18.7,-0.1,11000,"sd","13:52:19",1663000
18.7,-0.1,3000,"sd","13:52:14",1652000
18.7,-0.1,1000,"sd","13:52:12",1649000
18.7,-0.1,3000,"sd","13:52:11",1648000
18.75,-0.05,100,"bu","13:52:04",1645000
18.7,-0.1,400,"sd","13:51:55",1644900
18.7,-0.1,1000,"sd","13:51:44",1644500
18.7,-0.1,3000,"sd","13:51:43",1643500
18.75,-0.05,100,"bu","13:51:35",1640500
18.75,-0.05,100,"bu","13:51:27",1640400
18.7,-0.1,1000,"sd","13:51:27",1640300
18.7,-0.1,5600,"sd","13:51:13",1639300
18.7,-0.1,400,"sd","13:51:03",1633700
18.75,-0.05,100,"bu","13:51:03",1633300
18.75,-0.05,100,"bu","13:50:36",1633200
18.7,-0.1,2000,"sd","13:50:27",1633100
18.7,-0.1,300,"sd","13:50:20",1631100
18.7,-0.1,3900,"sd","13:50:16",1630800
18.7,-0.1,100,"sd","13:50:09",1626900
18.75,-0.05,100,"bu","13:50:05",1626800
18.7,-0.1,200,"sd","13:49:45",1626700
18.7,-0.1,2900,"sd","13:49:37",1626500
18.7,-0.1,500,"sd","13:49:34",1623600
18.75,-0.05,100,"bu","13:49:33",1623100
18.75,-0.05,100,"bu","13:49:03",1623000
18.7,-0.1,300,"sd","13:48:43",1622900
18.75,-0.05,100,"bu","13:48:39",1622600
18.7,-0.1,39900,"sd","13:48:34",1622500
18.75,-0.05,100,"bu","13:48:33",1582600
18.7,-0.1,2000,"sd","13:48:12",1582500
18.75,-0.05,100,"bu","13:48:02",1580500
18.7,-0.1,400,"sd","13:47:58",1580400
18.75,-0.05,500,"bu","13:47:52",1580000
18.7,-0.1,2100,"sd","13:47:25",1579500
18.7,-0.1,200,"sd","13:47:11",1577200
18.75,-0.05,200,"sd","13:47:11",1577000
18.8,0,100,"bu","13:47:03",1576800
18.7,-0.1,700,"sd","13:47:03",1576700
18.75,-0.05,1100,"sd","13:47:03",1576000
18.7,-0.1,1900,"sd","13:46:48",1574900
18.8,0,100,"bu","13:46:33",1573000
18.7,-0.1,1800,"sd","13:46:27",1572900
18.75,-0.05,1000,"sd","13:46:27",1571100
18.7,-0.1,500,"sd","13:46:01",1570100
18.75,-0.05,1900,"sd","13:46:01",1569600
18.8,0,700,"bu","13:45:51",1567700
18.8,0,3000,"bu","13:45:37",1567000
18.75,-0.05,2600,"sd","13:45:37",1564000
18.75,-0.05,400,"sd","13:45:35",1561400
18.8,0,100,"bu","13:45:33",1561000
18.75,-0.05,1000,"sd","13:45:13",1560900
18.75,-0.05,6900,"sd","13:45:10",1559900
18.8,0,100,"bu","13:45:04",1553000
18.8,0,1500,"bu","13:45:01",1552900
18.8,0,300,"bu","13:44:48",1551400
18.75,-0.05,400,"sd","13:44:43",1551100
18.8,0,100,"bu","13:44:34",1550700
18.75,-0.05,1000,"sd","13:44:30",1550600
18.8,0,100,"bu","13:44:06",1549600
18.75,-0.05,6400,"sd","13:44:00",1549500
18.75,-0.05,400,"sd","13:43:49",1543100
18.8,0,100,"bu","13:43:35",1542700
18.8,0,100,"bu","13:43:06",1542600
18.75,-0.05,400,"sd","13:43:03",1542500
18.75,-0.05,3800,"sd","13:42:55",1542100
18.8,0,100,"bu","13:42:50",1538300
18.8,0,100,"bu","13:42:36",1538200
18.7,-0.1,10000,"sd","13:42:17",1538100
18.7,-0.1,2200,"sd","13:42:15",1528100
18.7,-0.1,200,"sd","13:42:12",1525900
18.75,-0.05,200,"sd","13:42:12",1525700
18.8,0,100,"bu","13:42:07",1525500
18.7,-0.1,1900,"sd","13:41:53",1525400
18.7,-0.1,2000,"sd","13:41:48",1523500
18.8,0,100,"bu","13:41:37",1521500
18.7,-0.1,3900,"sd","13:41:34",1521400
18.7,-0.1,400,"sd","13:41:26",1517500
18.8,0,100,"bu","13:41:08",1517100
18.7,-0.1,3100,"sd","13:40:55",1517000
18.7,-0.1,2000,"sd","13:40:35",1513900
18.7,-0.1,500,"sd","13:40:31",1511900
18.7,-0.1,3900,"sd","13:40:23",1511400
18.75,-0.05,1200,"sd","13:40:23",1507500
18.8,0,100,"bu","13:40:10",1506300
18.7,-0.1,300,"sd","13:39:41",1506200
18.7,-0.1,3300,"sd","13:39:30",1505900
18.75,-0.05,1000,"sd","13:39:30",1502600
18.75,-0.05,100,"bu","13:39:03",1501600
18.75,-0.05,3900,"sd","13:38:59",1501500
18.75,-0.05,400,"sd","13:38:56",1497600
18.75,-0.05,3500,"sd","13:38:47",1497200
18.8,0,100,"bu","13:38:41",1493700
18.8,0,3400,"bu","13:38:32",1493600
18.75,-0.05,20000,"sd","13:38:26",1490200
18.75,-0.05,1000,"sd","13:38:18",1470200
18.8,0,3400,"bu","13:38:16",1469200
18.8,0,100,"bu","13:38:12",1465800
18.75,-0.05,300,"sd","13:38:11",1463900
18.8,0,3400,"bu","13:38:03",1463600
18.75,-0.05,1200,"sd","13:37:53",1460200
18.75,-0.05,2000,"sd","13:37:49",1459000
18.8,0,3400,"bu","13:37:45",1457000
18.8,0,100,"bu","13:37:43",1453600
18.75,-0.05,1200,"sd","13:37:42",1453500
18.75,-0.05,1000,"sd","13:37:35",1452300
18.8,0,3400,"bu","13:37:29",1451300
18.75,-0.05,1400,"sd","13:37:29",1447900
18.75,-0.05,500,"sd","13:37:25",1446500
18.75,-0.05,1500,"sd","13:37:15",1446000
18.8,0,100,"bu","13:37:13",1444500
18.8,0,300,"bu","13:37:13",1444400
18.75,-0.05,1200,"sd","13:37:00",1444100
18.75,-0.05,2200,"sd","13:36:47",1442900
18.8,0,100,"bu","13:36:44",1440700
18.75,-0.05,100,"sd","13:36:43",1440600
18.75,-0.05,300,"sd","13:36:38",1440500
18.75,-0.05,1500,"sd","13:36:24",1440200
18.8,0,100,"bu","13:36:16",1438700
18.8,0,2600,"bu","13:36:13",1438600
18.75,-0.05,2200,"sd","13:36:08",1436000
18.75,-0.05,1000,"sd","13:36:07",1433800
18.75,-0.05,500,"sd","13:35:49",1432800
18.75,-0.05,2100,"sd","13:35:47",1432300
18.8,0,100,"bu","13:35:46",1430200
18.75,-0.05,1100,"sd","13:35:25",1430100
18.8,0,100,"bu","13:35:17",1429000
18.75,-0.05,1700,"sd","13:35:14",1428900
18.75,-0.05,2500,"sd","13:34:57",1427200
18.75,-0.05,400,"sd","13:34:54",1424700
18.8,0,100,"bu","13:34:48",1424300
18.75,-0.05,1100,"sd","13:34:31",1424200
18.75,-0.05,1600,"sd","13:34:19",1423100
18.8,0,100,"bu","13:34:19",1421500
18.75,-0.05,1800,"sd","13:34:03",1421400
18.75,-0.05,400,"sd","13:34:01",1419600
18.8,0,100,"bu","13:33:49",1419200
18.75,-0.05,1600,"sd","13:33:45",1419100
18.75,-0.05,1200,"sd","13:33:29",1417500
18.8,0,100,"bu","13:33:21",1416300
18.75,-0.05,2100,"sd","13:33:17",1416200
18.75,-0.05,400,"sd","13:33:14",1414100
18.75,-0.05,1100,"sd","13:32:55",1413700
18.8,0,100,"bu","13:32:52",1412600
18.75,-0.05,1300,"sd","13:32:44",1412500
18.8,0,100,"bu","13:32:25",1411200
18.75,-0.05,400,"sd","13:32:25",1411100
18.8,0,100,"bu","13:32:22",1410700
18.8,0,100,"bu","13:31:53",1410600
18.75,-0.05,400,"sd","13:31:35",1410500
18.8,0,100,"bu","13:31:25",1410100
18.75,-0.05,20000,"sd","13:30:57",1410000
18.8,0,100,"bu","13:30:56",1390000
18.75,-0.05,300,"sd","13:30:47",1389900
18.8,0,100,"bu","13:30:27",1389600
18.75,-0.05,400,"sd","13:30:02",1389500
18.8,0,100,"bu","13:29:58",1389100
18.8,0,11300,"bu","13:29:51",1389000
18.8,0,100,"bu","13:29:30",1377700
18.75,-0.05,400,"sd","13:29:16",1377600
18.8,0,100,"bu","13:29:02",1377200
18.8,0,2000,"bu","13:28:43",1377100
18.8,0,100,"bu","13:28:32",1375100
18.75,-0.05,400,"sd","13:28:29",1375000
18.8,0,100,"bu","13:28:04",1374600
18.75,-0.05,600,"sd","13:27:50",1374500
18.75,-0.05,400,"sd","13:27:39",1373900
18.8,0,100,"bu","13:27:37",1373500
18.75,-0.05,6900,"sd","13:27:23",1373400
18.8,0,100,"bu","13:27:08",1366500
18.75,-0.05,400,"sd","13:26:46",1366400
18.85,0.05,100,"bu","13:26:39",1366000
18.85,0.05,100,"bu","13:26:22",1365900
18.75,-0.05,5800,"sd","13:25:59",1365800
18.8,0,500,"sd","13:25:54",1358900
18.85,0.05,500,"bu","13:25:43",1358400
18.85,0.05,100,"bu","13:25:42",1357900
18.8,0,500,"sd","13:25:39",1357800
18.85,0.05,100,"bu","13:25:13",1357300
18.8,0,400,"sd","13:25:03",1357200
18.8,0,2800,"bu","13:24:57",1356800
18.8,0,100,"bu","13:24:55",1354000
18.8,0,100,"bu","13:24:44",1353900
18.85,0.05,100,"bu","13:24:16",1353800
18.75,-0.05,300,"sd","13:24:09",1353700
18.8,0,100,"sd","13:24:09",1353400
18.8,0,100,"bu","13:23:53",1353300
18.8,0,19000,"bu","13:23:49",1353200
18.8,0,100,"bu","13:23:48",1334200
18.8,0,100,"bu","13:23:19",1334100
18.75,-0.05,500,"sd","13:23:16",1334000
18.8,0,200,"bu","13:22:54",1333500
18.8,0,100,"bu","13:22:50",1333300
18.8,0,7500,"bu","13:22:42",1333200
18.8,0,100,"bu","13:22:23",1325700
18.75,-0.05,400,"sd","13:22:21",1325600
18.8,0,2600,"bu","13:22:13",1325200
18.8,0,200,"bu","13:22:12",1322600
18.8,0,1000,"bu","13:22:08",1322400
18.8,0,100,"bu","13:21:54",1321400
18.75,-0.05,400,"sd","13:21:29",1321300
18.8,0,100,"bu","13:21:26",1320900
18.8,0,5000,"bu","13:21:24",1320800
18.8,0,26100,"bu","13:20:57",1315800
18.75,-0.05,500,"sd","13:20:34",1289700
18.8,0,100,"bu","13:20:30",1289200
18.8,0,100,"bu","13:20:01",1289100
18.75,-0.05,300,"sd","13:19:41",1289000
18.8,0,100,"bu","13:19:33",1288700
18.8,0,100,"bu","13:19:06",1288600
18.8,0,100,"bu","13:18:56",1288500
18.75,-0.05,400,"sd","13:18:54",1288400
18.8,0,100,"bu","13:18:37",1288000
18.8,0,100,"bu","13:18:08",1287900
18.75,-0.05,400,"sd","13:18:07",1287800
18.75,-0.05,100,"sd","13:17:59",1287400
18.8,0,100,"bu","13:17:40",1287300
18.75,-0.05,400,"sd","13:17:16",1287200
18.8,0,100,"bu","13:17:12",1286800
18.8,0,4400,"bu","13:17:04",1286700
18.8,0,3400,"bu","13:16:57",1282300
18.8,0,100,"bu","13:16:44",1278900
18.8,0,3400,"bu","13:16:43",1278800
18.8,0,1700,"bu","13:16:31",1275400
18.75,-0.05,400,"sd","13:16:30",1273700
18.8,0,3400,"bu","13:16:26",1273300
18.8,0,200,"bu","13:16:15",1269900
18.75,-0.05,17200,"bu","13:15:46",1269700
18.7,-0.1,300,"sd","13:15:46",1252500
18.75,-0.05,5000,"bu","13:15:42",1252200
18.75,-0.05,4400,"bu","13:15:35",1247200
18.75,-0.05,3400,"bu","13:15:30",1242800
18.75,-0.05,100,"bu","13:15:19",1239400
18.75,-0.05,1000,"bu","13:15:05",1239300
18.7,-0.1,500,"sd","13:15:00",1238300
18.75,-0.05,100,"bu","13:14:51",1237800
18.75,-0.05,200,"bu","13:14:50",1237700
18.75,-0.05,100,"bu","13:14:49",1237500
18.75,-0.05,18600,"sd","13:14:16",1237400
18.75,-0.05,300,"sd","13:14:08",1218800
18.8,0,100,"bu","13:13:55",1218500
18.8,0,100,"bu","13:13:28",1218400
18.75,-0.05,400,"sd","13:13:23",1218300
18.8,0,1400,"sd","13:12:57",1217900
18.8,0,400,"sd","13:12:37",1216500
18.85,0.05,100,"bu","13:12:31",1216100
18.8,0,5000,"sd","13:12:15",1216000
18.85,0.05,100,"bu","13:12:03",1211000
18.85,0.05,100,"bu","13:12:03",1210900
18.8,0,300,"sd","13:11:51",1210800
18.85,0.05,100,"bu","13:11:35",1210500
18.8,0,100,"sd","13:11:27",1210400
18.85,0.05,100,"bu","13:11:07",1210300
18.8,0,400,"sd","13:11:05",1210200
18.85,0.05,1000,"bu","13:11:04",1209800
18.8,0,100,"sd","13:10:41",1208800
18.85,0.05,100,"bu","13:10:40",1208700
18.8,0,3000,"sd","13:10:19",1208600
18.8,0,1000,"sd","13:10:18",1205600
18.8,0,400,"sd","13:10:16",1204600
18.85,0.05,100,"bu","13:10:12",1204200
18.85,0.05,10000,"bu","13:10:07",1204100
18.85,0.05,100,"bu","13:09:45",1194100
18.8,0,400,"sd","13:09:28",1194000
18.85,0.05,100,"bu","13:09:17",1193600
18.85,0.05,100,"bu","13:08:49",1193500
18.8,0,400,"sd","13:08:44",1193400
18.85,0.05,100,"bu","13:08:21",1193000
18.8,0,200,"sd","13:08:06",1192900
18.8,0,300,"sd","13:07:54",1192700
18.85,0.05,100,"bu","13:07:53",1192400
18.85,0.05,100,"bu","13:07:26",1192300
18.8,0,500,"sd","13:07:11",1192200
18.85,0.05,100,"bu","13:06:58",1191700
18.85,0.05,100,"bu","13:06:30",1191600
18.8,0,300,"sd","13:06:19",1191500
18.8,0,100,"sd","13:06:08",1191200
18.85,0.05,100,"bu","13:06:02",1191100
18.8,0,200,"sd","13:05:42",1191000
18.85,0.05,100,"bu","13:05:35",1190800
18.8,0,500,"sd","13:05:34",1190700
18.85,0.05,6900,"bu","13:05:23",1190200
18.85,0.05,100,"bu","13:05:07",1183300
18.8,0,1200,"sd","13:05:01",1183200
18.85,0.05,100,"bu","13:04:39",1182000
18.8,0,400,"sd","13:04:39",1181900
18.85,0.05,100,"bu","13:04:12",1181500
18.85,0.05,100,"bu","13:03:44",1181400
18.85,0.05,6900,"bu","13:03:38",1180900
18.85,0.05,100,"bu","13:03:17",1174000
18.8,0,400,"sd","13:02:57",1173900
18.85,0.05,100,"bu","13:02:49",1173500
18.8,0,1400,"sd","13:02:28",1173400
18.8,0,5200,"bu","13:02:25",1172000
18.8,0,100,"bu","13:02:22",1166800
18.7,-0.1,300,"sd","13:02:09",1166700
18.8,0,2000,"bu","13:01:57",1166400
18.8,0,100,"bu","13:01:54",1164400
18.8,0,6900,"bu","13:01:54",1164300
18.8,0,200,"bu","13:01:43",1157400
18.8,0,100,"bu","13:01:27",1157200
18.7,-0.1,500,"sd","13:01:25",1157100
18.8,0,500,"bu","13:00:46",1156600
18.7,-0.1,600,"sd","13:00:46",1156100
18.7,-0.1,3500,"sd","13:00:45",1155500
18.75,-0.05,1700,"sd","13:00:45",1152000
18.75,-0.05,100,"sd","13:00:40",1150300
18.8,0,100,"bu","13:00:39",1150200
18.75,-0.05,1200,"sd","13:00:38",1150100
18.8,0,200,"sd","13:00:38",1148900
18.8,0,1000,"bu","13:00:32",1148700
18.75,-0.05,200,"sd","13:00:12",1147700
18.7,-0.1,300,"sd","11:29:12",1147500
18.75,-0.05,200,"sd","11:29:12",1147200
18.85,0.05,4400,"bu","11:28:54",1147000
18.85,0.05,3400,"bu","11:28:33",1142600
18.85,0.05,1000,"bu","11:28:28",1139200
18.75,-0.05,400,"sd","11:28:18",1138200
18.85,0.05,600,"bu","11:28:17",1137800
18.8,0,100,"bu","11:28:07",1134400
18.8,0,3400,"bu","11:27:52",1134300
18.8,0,900,"bu","11:27:46",1130900
18.8,0,4500,"bu","11:27:38",1130000
18.8,0,3400,"bu","11:27:37",1125500
18.8,0,1900,"bu","11:27:28",1122100
18.75,-0.05,400,"sd","11:27:25",1120200
18.8,0,3400,"bu","11:27:21",1119800
18.8,0,100,"bu","11:27:11",1116400
18.8,0,3400,"bu","11:27:07",1116300
18.8,0,4400,"bu","11:27:00",1112900
18.8,0,3400,"bu","11:26:49",1108500
18.75,-0.05,400,"sd","11:26:30",1105100
18.8,0,100,"bu","11:26:14",1104700
18.7,-0.1,400,"sd","11:25:44",1104600
18.8,0,200,"bu","11:25:33",1104200
18.8,0,100,"bu","11:25:18",1104000
18.8,0,200,"bu","11:25:02",1103900
18.7,-0.1,300,"sd","11:25:00",1103700
18.8,0,100,"bu","11:24:21",1103400
18.7,-0.1,200,"sd","11:24:15",1103300
18.75,-0.05,200,"sd","11:24:15",1103100
18.8,0,4400,"bu","11:23:53",1102900
18.8,0,3400,"bu","11:23:48",1098500
18.75,-0.05,300,"bu","11:23:39",1095100
18.75,-0.05,3400,"bu","11:23:30",1094800
18.7,-0.1,400,"sd","11:23:28",1091400
18.75,-0.05,100,"bu","11:23:25",1091000
18.75,-0.05,200,"bu","11:23:24",1090900
18.75,-0.05,5800,"bu","11:23:23",1090700
18.75,-0.05,100,"bu","11:23:04",1084900
18.7,-0.1,1000,"sd","11:22:45",1084800
18.7,-0.1,400,"sd","11:22:40",1083800
18.75,-0.05,100,"bu","11:22:29",1083400
18.7,-0.1,300,"sd","11:21:53",1083300
18.8,0,100,"bu","11:21:33",1083000
18.7,-0.1,400,"sd","11:21:08",1082900
18.8,0,3400,"bu","11:21:05",1082500
18.8,0,3400,"bu","11:20:51",1079100
18.8,0,100,"bu","11:20:38",1075700
18.8,0,3400,"bu","11:20:34",1075600
18.7,-0.1,400,"sd","11:20:24",1072200
18.8,0,4100,"bu","11:20:23",1071800
18.8,0,3400,"bu","11:20:20",1067700
18.8,0,500,"bu","11:20:04",1064300
18.75,-0.05,2900,"bu","11:20:04",1063800
18.75,-0.05,100,"bu","11:19:41",1060900
18.7,-0.1,300,"sd","11:19:40",1060800
18.7,-0.1,3000,"sd","11:19:19",1060500
18.75,-0.05,1800,"bu","11:18:53",1057500
18.75,-0.05,100,"bu","11:18:44",1055700
18.7,-0.1,300,"sd","11:18:10",1055600
18.7,-0.1,400,"sd","11:17:25",1055300
18.75,-0.05,7500,"sd","11:17:22",1054900
18.8,0,100,"bu","11:16:52",1047400
18.75,-0.05,400,"sd","11:16:38",1047300
18.75,-0.05,3500,"sd","11:16:14",1046900
18.75,-0.05,7200,"bu","11:15:59",1043400
18.75,-0.05,100,"bu","11:15:56",1036200
18.7,-0.1,400,"sd","11:15:52",1036100
18.7,-0.1,5000,"sd","11:15:33",1035700
18.7,-0.1,300,"sd","11:15:07",1030700
18.75,-0.05,100,"bu","11:15:00",1030400
18.75,-0.05,1800,"bu","11:14:41",1030300
18.7,-0.1,10000,"sd","11:14:36",1028500
18.7,-0.1,400,"sd","11:14:20",1018500
18.75,-0.05,100,"bu","11:14:04",1018100
18.75,-0.05,100,"bu","11:13:43",1018000
18.7,-0.1,400,"sd","11:13:37",1017900
18.75,-0.05,2000,"bu","11:13:14",1017500
18.75,-0.05,100,"bu","11:13:08",1015500
18.7,-0.1,300,"sd","11:12:51",1015400
18.75,-0.05,100,"bu","11:12:13",1015100
18.75,-0.05,2000,"bu","11:12:08",1015000
18.7,-0.1,400,"sd","11:12:07",1013000
18.7,-0.1,400,"sd","11:11:19",1012600
18.75,-0.05,100,"bu","11:11:17",1012200
18.7,-0.1,300,"sd","11:10:35",1012100
18.7,-0.1,100,"sd","11:10:30",1011800
18.7,-0.1,400,"sd","11:09:49",1011700
18.75,-0.05,1600,"sd","11:09:36",1011300
18.75,-0.05,100,"sd","11:09:20",1009700
18.75,-0.05,1000,"sd","11:09:06",1009600
18.75,-0.05,400,"sd","11:09:04",1008600
18.75,-0.05,1000,"sd","11:08:30",1008200
18.8,0,100,"bu","11:08:28",1007200
18.75,-0.05,300,"sd","11:08:20",1007100
18.75,-0.05,27800,"bu","11:08:12",1006800
18.7,-0.1,400,"sd","11:07:34",979000
18.75,-0.05,100,"bu","11:07:33",978600
18.7,-0.1,10000,"sd","11:06:55",978500
18.7,-0.1,400,"sd","11:06:48",968500
18.7,-0.1,3000,"sd","11:06:38",968100
18.75,-0.05,100,"bu","11:06:38",965100
18.7,-0.1,1000,"sd","11:06:11",965000
18.7,-0.1,400,"sd","11:05:56",964000
18.75,-0.05,100,"bu","11:05:42",963600
18.7,-0.1,300,"sd","11:05:12",963500
18.75,-0.05,4400,"bu","11:05:09",963200
18.75,-0.05,100,"bu","11:04:45",958800
18.75,-0.05,300,"bu","11:04:39",958700
18.7,-0.1,100,"sd","11:04:33",958400
18.7,-0.1,500,"sd","11:04:27",958300
18.7,-0.1,1000,"sd","11:03:51",957800
18.75,-0.05,100,"bu","11:03:50",956800
18.7,-0.1,300,"sd","11:03:36",956700
18.75,-0.05,100,"bu","11:02:54",956400
18.7,-0.1,400,"sd","11:02:51",956300
18.7,-0.1,5000,"sd","11:02:32",955900
18.7,-0.1,400,"sd","11:02:02",950900
18.75,-0.05,100,"bu","11:01:59",950500
18.7,-0.1,3000,"sd","11:01:58",950400
18.7,-0.1,300,"sd","11:01:19",947400
18.75,-0.05,100,"bu","11:01:03",947100
18.7,-0.1,400,"sd","11:00:35",947000
18.75,-0.05,100,"bu","11:00:08",946600
18.7,-0.1,300,"sd","10:59:53",946500
18.75,-0.05,100,"bu","10:59:44",946200
18.75,-0.05,5000,"bu","10:59:25",946100
18.75,-0.05,100,"bu","10:59:12",941100
18.7,-0.1,400,"sd","10:59:08",941000
18.7,-0.1,400,"sd","10:58:19",940600
18.75,-0.05,100,"bu","10:58:17",940200
18.7,-0.1,2000,"sd","10:57:45",940100
18.7,-0.1,300,"sd","10:57:36",938100
18.75,-0.05,100,"bu","10:57:21",937800
18.7,-0.1,400,"sd","10:56:52",937700
18.7,-0.1,300,"sd","10:56:22",937300
18.7,-0.1,400,"sd","10:56:06",937000
18.75,-0.05,2500,"sd","10:55:42",936600
18.8,0,100,"bu","10:55:30",934100
18.8,0,100,"bu","10:55:28",934000
18.75,-0.05,100,"sd","10:55:21",933900
18.75,-0.05,300,"sd","10:55:21",933800
18.75,-0.05,400,"sd","10:54:35",933500
18.8,0,100,"bu","10:54:35",933100
18.75,-0.05,400,"sd","10:53:52",933000
18.8,0,100,"bu","10:53:40",932600
18.75,-0.05,1000,"sd","10:53:36",932500
18.75,-0.05,4700,"sd","10:53:16",931500
18.75,-0.05,300,"sd","10:53:06",926800
18.8,0,100,"bu","10:52:44",926500
18.75,-0.05,400,"sd","10:52:22",926400
18.8,0,100,"bu","10:51:49",926000
18.75,-0.05,400,"sd","10:51:38",925900
18.8,0,100,"bu","10:51:34",925500
18.8,0,500,"bu","10:51:12",925400
18.8,0,100,"bu","10:50:54",924900
18.75,-0.05,300,"sd","10:50:50",924800
18.75,-0.05,500,"sd","10:50:03",924500
18.8,0,100,"bu","10:49:58",924000
18.75,-0.05,200,"sd","10:49:53",923900
18.75,-0.05,4000,"sd","10:49:44",923700
18.75,-0.05,1000,"sd","10:49:17",919700
18.75,-0.05,300,"sd","10:49:09",918700
18.8,0,100,"bu","10:49:03",918400
18.75,-0.05,400,"sd","10:48:26",918300
18.75,-0.05,2000,"sd","10:48:12",917900
18.8,0,100,"bu","10:48:08",915900
18.75,-0.05,300,"sd","10:47:40",915800
18.8,0,500,"bu","10:47:40",915500
18.8,0,100,"bu","10:47:12",915000
18.75,-0.05,400,"sd","10:46:58",914900
18.8,0,100,"bu","10:46:17",914500
18.75,-0.05,400,"sd","10:46:12",914400
18.75,-0.05,300,"sd","10:45:29",914000
18.8,0,100,"bu","10:45:23",913700
18.75,-0.05,400,"sd","10:44:44",913600
18.75,-0.05,2600,"sd","10:44:42",913200
18.8,0,100,"bu","10:44:28",910600
18.75,-0.05,400,"sd","10:44:00",910500
18.8,0,100,"bu","10:43:32",910100
18.75,-0.05,300,"sd","10:43:14",910000
18.8,0,100,"bu","10:42:37",909700
18.75,-0.05,400,"sd","10:42:28",909600
18.75,-0.05,400,"sd","10:41:42",909200
18.75,-0.05,5000,"sd","10:41:13",908800
18.75,-0.05,300,"sd","10:40:56",903800
18.75,-0.05,5000,"sd","10:40:23",903500
18.75,-0.05,400,"sd","10:40:09",898500
18.75,-0.05,1000,"sd","10:40:07",898100
18.8,0,100,"bu","10:39:53",897100
18.75,-0.05,2000,"sd","10:39:26",897000
18.75,-0.05,400,"sd","10:39:21",895000
18.8,0,100,"bu","10:38:57",894600
18.75,-0.05,1500,"sd","10:38:43",894500
18.75,-0.05,300,"sd","10:38:38",893000
18.8,0,100,"bu","10:38:02",892700
18.75,-0.05,400,"sd","10:37:53",892600
18.75,-0.05,1000,"sd","10:37:18",892200
18.8,0,100,"bu","10:37:08",891200
18.75,-0.05,500,"sd","10:37:07",891100
18.8,0,100,"bu","10:36:12",890600
18.8,0,200,"bu","10:35:34",890200
18.75,-0.05,400,"sd","10:35:29",890000
18.8,0,4400,"bu","10:35:27",889600
18.8,0,100,"bu","10:35:17",885200
18.75,-0.05,400,"sd","10:34:44",885100
18.8,0,100,"bu","10:34:23",884700
18.75,-0.05,400,"sd","10:33:56",884600
18.8,0,100,"bu","10:33:28",884200
18.8,0,5000,"bu","10:33:27",884100
18.75,-0.05,400,"sd","10:33:07",879100
18.8,0,100,"bu","10:33:00",878700
18.8,0,100,"bu","10:32:46",878600
18.8,0,100,"bu","10:32:33",878500
18.75,-0.05,300,"sd","10:32:19",878400
18.8,0,100,"bu","10:31:38",878100
18.75,-0.05,400,"sd","10:31:36",878000
18.75,-0.05,900,"sd","10:31:15",877600
18.75,-0.05,300,"sd","10:30:52",876700
18.8,0,100,"bu","10:30:43",876400
18.75,-0.05,200,"sd","10:30:33",876300
18.7,-0.1,400,"sd","10:30:08",876100
18.7,-0.1,1000,"sd","10:30:05",875700
18.7,-0.1,1000,"sd","10:29:51",874700
18.8,0,100,"bu","10:29:49",873700
18.7,-0.1,300,"sd","10:29:24",873600
18.8,0,100,"bu","10:28:54",873300
18.7,-0.1,100,"sd","10:28:41",873200
18.75,-0.05,300,"sd","10:28:41",873100
18.75,-0.05,400,"bu","10:28:01",872800
18.75,-0.05,100,"bu","10:28:00",872400
18.75,-0.05,200,"bu","10:27:47",872300
18.75,-0.05,1000,"bu","10:27:45",872100
18.75,-0.05,100,"bu","10:27:33",871100
18.75,-0.05,1000,"bu","10:27:18",871000
18.75,-0.05,20000,"bu","10:27:10",870000
18.75,-0.05,100,"bu","10:27:05",850000
18.7,-0.1,400,"sd","10:27:04",849900
18.7,-0.1,300,"sd","10:26:20",849500
18.8,0,100,"bu","10:26:11",849200
18.7,-0.1,400,"sd","10:25:31",849100
18.7,-0.1,900,"sd","10:25:26",848700
18.7,-0.1,13000,"sd","10:25:15",847700
18.7,-0.1,400,"sd","10:24:46",834700
18.75,-0.05,1000,"bu","10:24:24",834300
18.75,-0.05,200,"bu","10:24:12",833300
18.75,-0.05,800,"sd","10:24:06",833100
18.75,-0.05,400,"sd","10:23:58",832300
18.8,0,100,"bu","10:23:26",831900
18.75,-0.05,600,"bu","10:23:17",831800
18.75,-0.05,4600,"bu","10:23:08",831200
18.75,-0.05,500,"bu","10:23:05",826600
18.75,-0.05,1000,"bu","10:23:02",826100
18.75,-0.05,3600,"bu","10:22:58",825100
18.75,-0.05,2400,"bu","10:22:46",821500
18.7,-0.1,3000,"sd","10:22:43",819100
18.7,-0.1,1000,"sd","10:22:33",816100
18.75,-0.05,100,"bu","10:22:32",815100
18.7,-0.1,400,"sd","10:22:32",815000
18.7,-0.1,500,"sd","10:22:29",814600
18.7,-0.1,1000,"sd","10:22:19",814100
18.75,-0.05,200,"bu","10:22:08",813100
18.75,-0.05,1000,"bu","10:21:58",812900
18.75,-0.05,100,"bu","10:21:50",811900
18.75,-0.05,100,"bu","10:21:37",811800
18.7,-0.1,300,"sd","10:21:34",811700
18.7,-0.1,5100,"sd","10:20:54",811400
18.7,-0.1,400,"sd","10:20:49",806300
18.75,-0.05,500,"bu","10:20:46",805900
18.75,-0.05,100,"bu","10:20:43",805400
18.7,-0.1,400,"sd","10:20:02",805300
18.75,-0.05,500,"bu","10:19:49",804900
18.75,-0.05,100,"bu","10:19:48",804400
18.7,-0.1,100,"sd","10:19:42",804300
18.7,-0.1,400,"sd","10:19:13",804200
18.7,-0.1,4500,"sd","10:18:55",803800
18.75,-0.05,100,"bu","10:18:54",799300
18.7,-0.1,300,"sd","10:18:51",799200
18.7,-0.1,50000,"sd","10:18:29",798900
18.7,-0.1,400,"sd","10:18:25",748900
18.75,-0.05,500,"bu","10:18:00",748500
18.7,-0.1,100,"sd","10:18:00",748000
18.7,-0.1,300,"sd","10:17:40",747900
18.75,-0.05,2500,"sd","10:17:36",747600
18.75,-0.05,500,"sd","10:17:05",745100
18.8,0,100,"bu","10:17:05",744600
18.75,-0.05,5000,"sd","10:17:04",744500
18.75,-0.05,1500,"sd","10:16:56",739500
18.75,-0.05,500,"sd","10:16:53",738000
18.75,-0.05,200,"sd","10:16:44",737500
18.7,-0.1,9800,"sd","10:16:05",737300
18.75,-0.05,100,"sd","10:16:05",727500
18.75,-0.05,400,"sd","10:15:59",727400
18.75,-0.05,100,"bu","10:15:24",727000
18.75,-0.05,500,"bu","10:15:18",726900
18.75,-0.05,4300,"sd","10:15:17",726400
18.8,0,100,"bu","10:15:16",722100
18.75,-0.05,300,"sd","10:15:10",722000
18.75,-0.05,4000,"sd","10:15:01",721700
18.75,-0.05,12000,"sd","10:14:29",717700
18.75,-0.05,500,"sd","10:14:25",705700
18.75,-0.05,4000,"sd","10:14:24",705200
18.8,0,100,"bu","10:14:22",701200
18.75,-0.05,100,"sd","10:14:08",701100
18.75,-0.05,300,"sd","10:13:32",701000
18.8,0,100,"bu","10:13:28",700700
18.75,-0.05,16000,"sd","10:13:28",700600
18.75,-0.05,500,"sd","10:13:08",684600
18.75,-0.05,400,"sd","10:12:49",684100
18.8,0,100,"bu","10:12:34",683700
18.75,-0.05,3000,"sd","10:12:30",683600
18.8,0,200,"bu","10:12:29",680600
18.8,0,1000,"bu","10:12:21",680400
18.8,0,500,"bu","10:12:02",679400
18.75,-0.05,400,"sd","10:11:58",678900
18.8,0,100,"bu","10:11:39",678500
18.75,-0.05,400,"sd","10:11:14",678400
18.8,0,15000,"bu","10:11:13",678000
18.8,0,100,"bu","10:10:45",663000
18.75,-0.05,400,"sd","10:10:20",662900
18.8,0,100,"bu","10:09:51",662500
18.75,-0.05,400,"sd","10:09:36",662400
18.8,0,100,"bu","10:08:57",662000
18.75,-0.05,300,"sd","10:08:47",661900
18.75,-0.05,1000,"sd","10:08:10",661600
18.75,-0.05,400,"sd","10:08:04",660600
18.8,0,100,"bu","10:08:03",660200
18.75,-0.05,400,"sd","10:07:15",660100
18.8,0,100,"bu","10:07:08",659700
18.8,0,2000,"bu","10:06:44",659600
18.75,-0.05,400,"sd","10:06:31",657600
18.8,0,100,"bu","10:06:14",657200
18.75,-0.05,300,"sd","10:05:44",657100
18.8,0,100,"bu","10:05:18",656800
18.8,0,2900,"sd","10:05:17",656700
18.85,0.05,100,"bu","10:05:15",653800
18.8,0,400,"sd","10:04:58",653700
18.8,0,1000,"sd","10:04:52",653300
18.85,0.05,100,"bu","10:04:25",652300
18.8,0,400,"sd","10:04:14",652200
18.85,0.05,100,"bu","10:03:31",651800
18.8,0,300,"sd","10:03:31",651700
18.8,0,9900,"sd","10:03:29",651400
18.8,0,700,"sd","10:02:53",641500
18.8,0,300,"sd","10:02:47",640800
18.85,0.05,100,"bu","10:02:38",640500
18.8,0,300,"sd","10:02:21",640400
18.8,0,14000,"sd","10:01:51",640100
18.85,0.05,100,"bu","10:01:43",626100
18.85,0.05,100,"bu","10:00:49",626000
18.85,0.05,100,"bu","09:59:56",625900
18.8,0,400,"sd","09:59:43",625800
18.8,0,12000,"sd","09:59:15",625400
18.8,0,600,"sd","09:59:12",613400
18.8,0,5000,"sd","09:59:07",612800
18.85,0.05,100,"bu","09:59:01",607800
18.8,0,100,"sd","09:58:46",607700
18.8,0,60000,"sd","09:58:43",607600
18.8,0,20000,"sd","09:58:40",547600
18.8,0,3000,"sd","09:58:29",527600
18.85,0.05,100,"bu","09:58:08",524600
18.8,0,5000,"sd","09:57:32",524500
18.8,0,3700,"sd","09:57:24",519500
18.8,0,30000,"sd","09:57:19",515800
18.8,0,5000,"sd","09:57:17",485800
18.85,0.05,100,"bu","09:57:15",480800
18.8,0,5000,"sd","09:57:12",480700
18.8,0,5000,"sd","09:57:09",475700
18.8,0,10000,"sd","09:57:08",470700
18.8,0,10000,"sd","09:56:56",460700
18.8,0,14000,"sd","09:56:41",450700
18.85,0.05,100,"bu","09:56:20",436700
18.85,0.05,500,"bu","09:56:09",436600
18.85,0.05,500,"bu","09:55:50",436100
18.85,0.05,100,"bu","09:55:26",435600
18.85,0.05,100,"bu","09:54:33",435500
18.8,0,10000,"sd","09:54:12",435400
18.85,0.05,100,"bu","09:53:38",425400
18.8,0,5500,"sd","09:52:55",425300
18.85,0.05,100,"bu","09:52:44",419800
18.85,0.05,1000,"bu","09:52:07",419700
18.85,0.05,100,"bu","09:51:51",418700
18.85,0.05,100,"bu","09:51:33",418600
18.85,0.05,100,"bu","09:51:04",418500
18.85,0.05,100,"bu","09:50:57",418400
18.85,0.05,400,"bu","09:50:30",418300
18.85,0.05,100,"bu","09:50:03",417900
18.8,0,10000,"sd","09:49:50",417800
18.85,0.05,100,"bu","09:49:11",407800
18.85,0.05,100,"bu","09:48:15",407700
18.85,0.05,1000,"bu","09:47:35",407600
18.85,0.05,100,"bu","09:47:21",406600
18.85,0.05,20000,"bu","09:47:09",406500
18.85,0.05,10000,"bu","09:46:49",386500
18.85,0.05,100,"bu","09:46:29",376500
18.85,0.05,500,"bu","09:46:01",376400
18.85,0.05,500,"bu","09:45:52",375900
18.85,0.05,700,"bu","09:45:40",375400
18.85,0.05,100,"bu","09:45:34",374700
18.85,0.05,500,"bu","09:44:55",374600
18.85,0.05,100,"bu","09:44:40",374100
18.85,0.05,100,"bu","09:44:32",374000
18.8,0,100,"sd","09:44:00",373900
18.85,0.05,1500,"bu","09:43:59",373800
18.85,0.05,200,"bu","09:43:20",372300
18.85,0.05,100,"bu","09:43:11",372100
18.8,0,5000,"sd","09:42:23",372000
18.8,0,1000,"sd","09:41:58",367000
18.8,0,2500,"sd","09:41:35",366000
18.8,0,1000,"sd","09:41:35",363500
18.8,0,500,"sd","09:40:43",362500
18.8,0,2000,"sd","09:40:26",362000
18.8,0,4000,"sd","09:40:01",360000
18.8,0,2000,"sd","09:39:48",356000
18.85,0.05,100,"bu","09:39:48",354000
18.8,0,400,"sd","09:39:19",353900
18.8,0,6400,"sd","09:38:30",353500
18.8,0,5000,"sd","09:38:08",347100
18.85,0.05,100,"bu","09:38:06",342100
18.85,0.05,100,"bu","09:37:46",342000
18.8,0,200,"sd","09:37:40",341900
18.85,0.05,10000,"bu","09:37:33",341700
18.85,0.05,15000,"bu","09:35:05",331700
18.85,0.05,2500,"bu","09:34:44",316700
18.8,0,1000,"sd","09:34:05",314200
18.8,0,2000,"sd","09:34:03",313200
18.8,0,2000,"sd","09:33:48",311200
18.8,0,200,"sd","09:33:41",309200
18.8,0,3000,"sd","09:33:08",309000
18.8,0,200,"sd","09:32:52",306000
18.85,0.05,100,"bu","09:32:50",305800
18.8,0,200,"sd","09:32:43",305700
18.85,0.05,300,"bu","09:32:23",305500
18.85,0.05,200,"bu","09:31:52",305200
18.85,0.05,100,"bu","09:31:36",305000
18.8,0,63500,"bu","09:31:17",304900
18.8,0,200,"bu","09:31:15",241400
18.8,0,5000,"bu","09:30:09",241200
18.8,0,100,"bu","09:29:28",236200
18.75,-0.05,300,"sd","09:29:22",236100
18.75,-0.05,4000,"sd","09:29:16",235800
18.75,-0.05,500,"bu","09:28:37",231800
18.75,-0.05,1000,"bu","09:28:36",231300
18.75,-0.05,1000,"bu","09:28:32",230300
18.75,-0.05,7000,"bu","09:28:31",229300
18.75,-0.05,2000,"bu","09:28:28",222300
18.75,-0.05,3000,"bu","09:28:27",220300
18.75,-0.05,200,"bu","09:28:25",217300
18.75,-0.05,100,"bu","09:28:12",217100
18.75,-0.05,200,"bu","09:28:08",217000
18.75,-0.05,3000,"bu","09:27:59",216800
18.75,-0.05,100,"bu","09:27:57",213800
18.75,-0.05,3000,"bu","09:27:53",213700
18.75,-0.05,1000,"bu","09:27:50",210700
18.75,-0.05,2000,"bu","09:27:47",209700
18.75,-0.05,100,"bu","09:27:41",207700
18.75,-0.05,1000,"bu","09:27:41",207600
18.75,-0.05,100,"bu","09:27:33",206600
18.7,-0.1,200,"sd","09:27:16",206500
18.7,-0.1,200,"sd","09:27:15",206300
18.7,-0.1,200,"sd","09:26:58",206100
18.7,-0.1,100,"bu","09:26:42",205900
18.7,-0.1,500,"bu","09:26:33",205800
18.7,-0.1,100,"bu","09:26:31",205300
18.7,-0.1,1000,"bu","09:26:27",205200
18.7,-0.1,200,"bu","09:26:21",204200
18.7,-0.1,200,"bu","09:26:19",204000
18.7,-0.1,100,"bu","09:26:11",203800
18.7,-0.1,100,"bu","09:25:56",203700
18.7,-0.1,100,"bu","09:25:44",203600
18.7,-0.1,100,"bu","09:25:44",203500
18.7,-0.1,2000,"bu","09:25:43",203400
18.65,-0.15,500,"sd","09:25:41",201400
18.7,-0.1,4900,"bu","09:25:39",200900
18.7,-0.1,4300,"bu","09:25:26",196000
18.7,-0.1,100,"bu","09:25:23",191700
18.7,-0.1,1000,"bu","09:25:21",191600
18.7,-0.1,2000,"bu","09:25:06",190600
18.65,-0.15,9000,"sd","09:25:03",188600
18.65,-0.15,100,"sd","09:25:01",179600
18.65,-0.15,5000,"sd","09:24:23",179500
18.65,-0.15,3000,"sd","09:24:01",174500
18.7,-0.1,2000,"bu","09:23:13",171500
18.65,-0.15,800,"sd","09:23:13",169500
18.65,-0.15,500,"sd","09:23:05",168700
18.7,-0.1,100,"bu","09:22:56",168200
18.65,-0.15,200,"sd","09:22:43",168100
18.65,-0.15,200,"bu","09:22:21",167900
18.65,-0.15,1800,"sd","09:22:19",167700
18.65,-0.15,500,"sd","09:22:04",165900
18.75,-0.05,200,"bu","09:21:51",165400
18.75,-0.05,800,"bu","09:21:39",165200
18.75,-0.05,100,"bu","09:21:38",164400
18.65,-0.15,1400,"sd","09:21:37",164300
18.7,-0.1,40000,"sd","09:21:36",162600
18.75,-0.05,1000,"bu","09:21:35",122600
18.75,-0.05,300,"bu","09:21:23",121600
18.75,-0.05,900,"sd","09:21:22",121300
18.75,-0.05,1900,"sd","09:21:18",120400
18.75,-0.05,3000,"sd","09:21:17",118500
18.75,-0.05,5000,"sd","09:21:13",115500
18.75,-0.05,100,"sd","09:21:10",110500
18.75,-0.05,15000,"sd","09:20:56",110400
18.8,0,300,"bu","09:20:47",95400
18.8,0,1000,"bu","09:20:38",95100
18.8,0,100,"bu","09:20:18",94100
18.8,0,500,"bu","09:20:07",94000
18.8,0,700,"bu","09:20:00",93500
18.8,0,500,"sd","09:19:53",92800
18.8,0,5000,"sd","09:19:52",92300
18.8,0,1500,"sd","09:19:49",87300
18.8,0,5000,"sd","09:19:27",85800
18.8,0,2000,"sd","09:19:19",80800
18.85,0.05,1000,"bu","09:19:12",78800
18.8,0,3800,"sd","09:19:10",77800
18.85,0.05,1000,"bu","09:18:58",74000
18.8,0,10000,"sd","09:18:58",73000
18.85,0.05,1000,"sd","09:18:37",63000
18.9,0.1,300,"bu","09:18:33",62000
18.9,0.1,1000,"bu","09:18:25",61700
18.9,0.1,200,"bu","09:18:05",60700
18.8,0,500,"sd","09:17:42",60500
18.9,0.1,1000,"bu","09:17:32",60000
18.9,0.1,3000,"bu","09:16:59",59000
18.8,0,1000,"sd","09:15:41",56000
18.8,0,14000,"bu","09:15:12",55000
18.8,0,800,"bu","09:15:11",41000
18.8,0,100,"bu","09:15:11",40200
18.8,0,40100,"","09:15:10",40100
