"symbol","time","price","change","vol","total","side"
"DBC","14:45:03",23.95,-0.05,374900,6597500,
"DBC","14:30:02",23.7,-0.3,5000,6222600,"S"
"DBC","14:29:58",23.65,-0.35,2000,6217600,"B"
"DBC","14:29:55",23.65,-0.35,200,6215600,"B"
"DBC","14:29:52",23.65,-0.35,500,6215400,"B"
"DBC","14:29:52",23.7,-0.3,300,6214900,"S"
"DBC","14:29:45",23.65,-0.35,2000,6214600,"B"
"DBC","14:29:43",23.7,-0.3,7000,6212600,"S"
"DBC","14:29:43",23.65,-0.35,1000,6205600,"B"
"DBC","14:29:29",23.7,-0.3,100,6204600,"S"
"DBC","14:29:27",23.7,-0.3,2000,6204500,"S"
"DBC","14:29:24",23.65,-0.35,10000,6202500,"B"
"DBC","14:29:23",23.65,-0.35,400,6192500,"B"
"DBC","14:29:19",23.7,-0.3,500,6192100,"S"
"DBC","14:29:14",23.7,-0.3,100,6191600,"S"
"DBC","14:29:04",23.7,-0.3,1000,6191500,"S"
"DBC","14:28:59",23.65,-0.35,500,6190500,"S"
"DBC","14:28:53",23.65,-0.35,1500,6190000,"B"
"DBC","14:28:53",23.7,-0.3,100,6188500,"S"
"DBC","14:28:48",23.7,-0.3,2000,6188400,"S"
"DBC","14:28:34",23.7,-0.3,500,6186400,"S"
"DBC","14:28:33",23.7,-0.3,2000,6185900,"S"
"DBC","14:28:31",23.7,-0.3,300,6183900,"S"
"DBC","14:28:30",23.6,-0.4,11000,6183600,"B"
"DBC","14:28:26",23.7,-0.3,1000,6172600,"S"
"DBC","14:28:13",23.7,-0.3,500,6171600,"S"
"DBC","14:28:02",23.6,-0.4,15700,6171100,"B"
"DBC","14:28:02",23.65,-0.35,6700,6155400,"B"
"DBC","14:28:02",23.7,-0.3,12600,6148700,"B"
"DBC","14:27:57",23.75,-0.25,100,6136100,"S"
"DBC","14:27:55",23.7,-0.3,1000,6136000,"B"
"DBC","14:27:31",23.8,-0.2,1600,6135000,"S"
"DBC","14:27:31",23.75,-0.25,1400,6133400,"S"
"DBC","14:27:27",23.75,-0.25,300,6132000,"S"
"DBC","14:27:26",23.75,-0.25,100,6131700,"S"
"DBC","14:27:26",23.7,-0.3,10000,6131600,"B"
"DBC","14:27:19",23.75,-0.25,19400,6121600,"B"
"DBC","14:27:12",23.8,-0.2,2000,6102200,"S"
"DBC","14:27:11",23.8,-0.2,5000,6100200,"S"
"DBC","14:27:00",23.8,-0.2,100,6095200,"S"
"DBC","14:26:47",23.8,-0.2,100,6095100,"S"
"DBC","14:26:36",23.75,-0.25,2000,6095000,"B"
"DBC","14:26:31",23.75,-0.25,100,6093000,"S"
"DBC","14:26:10",23.7,-0.3,4800,6092900,"S"
"DBC","14:26:10",23.7,-0.3,1000,6088100,"S"
"DBC","14:26:07",23.7,-0.3,100,6087100,"S"
"DBC","14:25:57",23.7,-0.3,700,6087000,"S"
"DBC","14:25:56",23.7,-0.3,1500,6086300,"S"
"DBC","14:25:46",23.6,-0.4,11000,6084800,"S"
"DBC","14:25:45",23.6,-0.4,1000,6073800,"S"
"DBC","14:25:44",23.6,-0.4,1400,6072800,"S"
"DBC","14:25:43",23.6,-0.4,200,6071400,"S"
"DBC","14:25:42",23.6,-0.4,300,6071200,"S"
"DBC","14:25:40",23.6,-0.4,3200,6070900,"B"
"DBC","14:25:37",23.6,-0.4,2700,6067700,"S"
"DBC","14:25:36",23.6,-0.4,100,6065000,"S"
"DBC","14:25:32",23.6,-0.4,10000,6064900,"S"
"DBC","14:25:28",23.6,-0.4,2000,6054900,"S"
"DBC","14:25:25",23.55,-0.45,1000,6052900,"B"
"DBC","14:25:24",23.55,-0.45,700,6051900,"B"
"DBC","14:25:21",23.6,-0.4,10000,6051200,"S"
"DBC","14:25:18",23.5,-0.5,13100,6041200,"B"
"DBC","14:25:18",23.55,-0.45,1000,6028100,"B"
"DBC","14:25:16",23.6,-0.4,3300,6027100,"S"
"DBC","14:25:16",23.55,-0.45,1700,6023800,"S"
"DBC","14:25:15",23.55,-0.45,50000,6022100,"S"
"DBC","14:25:14",23.5,-0.5,500,5972100,"B"
"DBC","14:25:13",23.55,-0.45,2300,5971600,"S"
"DBC","14:25:13",23.55,-0.45,1500,5969300,"S"
"DBC","14:25:08",23.5,-0.5,600,5967800,"B"
"DBC","14:25:05",23.5,-0.5,2000,5967200,"B"
"DBC","14:25:02",23.5,-0.5,5800,5965200,"S"
"DBC","14:25:02",23.5,-0.5,100,5959400,"S"
"DBC","14:25:01",23.5,-0.5,15000,5959300,"S"
"DBC","14:25:00",23.5,-0.5,2100,5944300,"S"
"DBC","14:24:59",23.5,-0.5,200,5942200,"S"
"DBC","14:24:59",23.5,-0.5,5000,5942000,"S"
"DBC","14:24:58",23.45,-0.55,1000,5937000,"B"
"DBC","14:24:58",23.45,-0.55,1000,5936000,"B"
"DBC","14:24:56",23.5,-0.5,2000,5935000,"S"
"DBC","14:24:55",23.5,-0.5,300,5933000,"S"
"DBC","14:24:53",23.5,-0.5,5000,5932700,"S"
"DBC","14:24:52",23.5,-0.5,5300,5927700,"B"
"DBC","14:24:52",23.55,-0.45,2000,5922400,"S"
"DBC","14:24:52",23.5,-0.5,300,5920400,"B"
"DBC","14:24:50",23.55,-0.45,2000,5920100,"S"
"DBC","14:24:50",23.5,-0.5,4500,5918100,"S"
"DBC","14:24:49",23.5,-0.5,3000,5913600,"S"
"DBC","14:24:48",23.5,-0.5,300,5910600,"S"
"DBC","14:24:46",23.5,-0.5,18900,5910300,"B"
"DBC","14:24:46",23.55,-0.45,1000,5891400,"S"
"DBC","14:24:43",23.55,-0.45,100,5890400,"S"
"DBC","14:24:43",23.5,-0.5,10000,5890300,"B"
"DBC","14:24:43",23.55,-0.45,100,5880300,"S"
"DBC","14:24:40",23.55,-0.45,1000,5880200,"S"
"DBC","14:24:37",23.5,-0.5,1000,5879200,"B"
"DBC","14:24:36",23.55,-0.45,30000,5878200,"S"
"DBC","14:24:34",23.5,-0.5,10000,5848200,"B"
"DBC","14:24:34",23.55,-0.45,1000,5838200,"S"
"DBC","14:24:32",23.55,-0.45,400,5837200,"S"
"DBC","14:24:31",23.55,-0.45,800,5836800,"S"
"DBC","14:24:31",23.55,-0.45,100,5836000,"S"
"DBC","14:24:28",23.55,-0.45,4500,5835900,"B"
"DBC","14:24:27",23.5,-0.5,300,5831400,"B"
"DBC","14:24:27",23.55,-0.45,200,5831100,"B"
"DBC","14:24:26",23.5,-0.5,6900,5830900,"B"
"DBC","14:24:26",23.55,-0.45,3100,5824000,"B"
"DBC","14:24:25",23.55,-0.45,6900,5820900,"S"
"DBC","14:24:24",23.5,-0.5,18000,5814000,"B"
"DBC","14:24:23",23.55,-0.45,100,5796000,"S"
"DBC","14:24:22",23.5,-0.5,100,5795900,"B"
"DBC","14:24:20",23.5,-0.5,30000,5795800,"B"
"DBC","14:24:19",23.5,-0.5,100,5765800,"B"
"DBC","14:24:19",23.55,-0.45,4500,5765700,"S"
"DBC","14:24:18",23.55,-0.45,1000,5761200,"S"
"DBC","14:24:18",23.5,-0.5,104000,5760200,"B"
"DBC","14:24:17",23.55,-0.45,1000,5656200,"S"
"DBC","14:24:16",23.55,-0.45,500,5655200,"S"
"DBC","14:24:16",23.5,-0.5,30000,5654700,"B"
"DBC","14:24:16",23.55,-0.45,3000,5624700,"S"
"DBC","14:24:15",23.5,-0.5,100,5621700,"B"
"DBC","14:24:15",23.5,-0.5,2000,5621600,"B"
"DBC","14:24:14",23.5,-0.5,300,5619600,"B"
"DBC","14:24:14",23.55,-0.45,500,5619300,"S"
"DBC","14:24:10",23.55,-0.45,100,5618800,"S"
"DBC","14:24:08",23.55,-0.45,4500,5618700,"S"
"DBC","14:24:04",23.55,-0.45,100,5614200,"S"
"DBC","14:24:04",23.55,-0.45,1600,5614100,"B"
"DBC","14:24:02",23.55,-0.45,3000,5612500,"B"
"DBC","14:23:56",23.55,-0.45,300,5609500,"B"
"DBC","14:23:56",23.55,-0.45,400,5609200,"B"
"DBC","14:23:55",23.6,-0.4,100,5608800,"S"
"DBC","14:23:52",23.6,-0.4,100,5608700,"S"
"DBC","14:23:52",23.6,-0.4,15000,5608600,"S"
"DBC","14:23:50",23.6,-0.4,100,5593600,"S"
"DBC","14:23:47",23.6,-0.4,1200,5593500,"S"
"DBC","14:23:46",23.6,-0.4,20600,5592300,"B"
"DBC","14:23:45",23.6,-0.4,20000,5571700,"B"
"DBC","14:23:45",23.6,-0.4,800,5551700,"B"
"DBC","14:23:44",23.6,-0.4,100,5550900,"B"
"DBC","14:23:43",23.6,-0.4,9000,5550800,"B"
"DBC","14:23:42",23.6,-0.4,2600,5541800,"B"
"DBC","14:23:42",23.6,-0.4,1100,5539200,"B"
"DBC","14:23:41",23.6,-0.4,200,5538100,"B"
"DBC","14:23:37",23.6,-0.4,12500,5537900,"B"
"DBC","14:23:35",23.6,-0.4,22900,5525400,"B"
"DBC","14:23:33",23.6,-0.4,14700,5502500,"B"
"DBC","14:23:31",23.65,-0.35,1000,5487800,"S"
"DBC","14:23:28",23.6,-0.4,15000,5486800,"B"
"DBC","14:23:25",23.65,-0.35,100,5471800,"S"
"DBC","14:23:24",23.65,-0.35,100,5471700,"S"
"DBC","14:23:24",23.6,-0.4,100,5471600,"B"
"DBC","14:23:20",23.65,-0.35,100,5471500,"S"
"DBC","14:23:15",23.65,-0.35,300,5471400,"S"
"DBC","14:23:14",23.6,-0.4,10000,5471100,"B"
"DBC","14:23:08",23.65,-0.35,3000,5461100,"S"
"DBC","14:23:03",23.6,-0.4,3000,5458100,"B"
"DBC","14:23:02",23.6,-0.4,5300,5455100,"B"
"DBC","14:22:58",23.65,-0.35,8000,5449800,"S"
"DBC","14:22:57",23.65,-0.35,3000,5441800,"S"
"DBC","14:22:50",23.65,-0.35,200,5438800,"S"
"DBC","14:22:48",23.65,-0.35,100,5438600,"S"
"DBC","14:22:47",23.65,-0.35,10000,5438500,"B"
"DBC","14:22:43",23.65,-0.35,110000,5428500,"B"
"DBC","14:22:37",23.7,-0.3,500,5318500,"S"
"DBC","14:22:36",23.65,-0.35,2000,5318000,"B"
"DBC","14:22:31",23.7,-0.3,500,5316000,"S"
"DBC","14:22:31",23.7,-0.3,1500,5315500,"S"
"DBC","14:22:28",23.65,-0.35,100,5314000,"B"
"DBC","14:22:26",23.7,-0.3,5000,5313900,"S"
"DBC","14:22:24",23.7,-0.3,8600,5308900,"S"
"DBC","14:22:21",23.7,-0.3,100,5300300,"S"
"DBC","14:22:19",23.65,-0.35,2000,5300200,"B"
"DBC","14:22:17",23.65,-0.35,200,5298200,"B"
"DBC","14:22:14",23.7,-0.3,1400,5298000,"B"
"DBC","14:22:12",23.7,-0.3,300,5296600,"S"
"DBC","14:22:10",23.7,-0.3,200,5296300,"S"
"DBC","14:22:08",23.7,-0.3,500,5296100,"S"
"DBC","14:22:07",23.7,-0.3,1000,5295600,"S"
"DBC","14:22:03",23.65,-0.35,2500,5294600,"B"
"DBC","14:22:02",23.65,-0.35,1600,5292100,"B"
"DBC","14:22:01",23.7,-0.3,4000,5287100,"B"
"DBC","14:21:55",23.7,-0.3,500,5283100,"S"
"DBC","14:21:50",23.65,-0.35,400,5282600,"B"
"DBC","14:21:45",23.65,-0.35,6000,5282200,"B"
"DBC","14:21:45",23.65,-0.35,5000,5276200,"B"
"DBC","14:21:39",23.7,-0.3,500,5271200,"S"
"DBC","14:21:38",23.7,-0.3,2300,5270700,"B"
"DBC","14:21:35",23.7,-0.3,400,5268400,"B"
"DBC","14:21:27",23.7,-0.3,1000,5268000,"S"
"DBC","14:21:21",23.7,-0.3,3300,5267000,"B"
"DBC","14:21:18",23.7,-0.3,500,5263700,"B"
"DBC","14:21:17",23.7,-0.3,1000,5263200,"B"
"DBC","14:21:10",23.7,-0.3,300,5262200,"B"
"DBC","14:21:05",23.7,-0.3,20000,5261900,"B"
"DBC","14:20:57",23.7,-0.3,9100,5241900,"B"
"DBC","14:20:57",23.75,-0.25,300,5232800,"B"
"DBC","14:20:41",23.7,-0.3,1100,5232500,"B"
"DBC","14:20:39",23.7,-0.3,1500,5231400,"B"
"DBC","14:20:34",23.7,-0.3,2400,5229900,"B"
"DBC","14:20:34",23.75,-0.25,27600,5227500,"B"
"DBC","14:20:26",23.75,-0.25,2000,5199900,"B"
"DBC","14:20:22",23.8,-0.2,3100,5197900,"B"
"DBC","14:20:15",23.85,-0.15,5500,5194800,"S"
"DBC","14:20:15",23.8,-0.2,3000,5189300,"B"
"DBC","14:20:14",23.8,-0.2,100,5186300,"B"
"DBC","14:20:12",23.8,-0.2,5500,5186200,"B"
"DBC","14:20:10",23.8,-0.2,25000,5180700,"B"
"DBC","14:20:05",23.8,-0.2,3000,5155700,"B"
"DBC","14:20:00",23.8,-0.2,600,5152700,"B"
"DBC","14:19:50",23.85,-0.15,3200,5152100,"B"
"DBC","14:19:44",23.85,-0.15,100,5148900,"B"
"DBC","14:19:42",23.85,-0.15,1900,5148800,"S"
"DBC","14:19:36",23.85,-0.15,500,5146900,"S"
"DBC","14:19:28",23.85,-0.15,3000,5146400,"S"
"DBC","14:19:26",23.85,-0.15,5000,5143400,"S"
"DBC","14:19:24",23.8,-0.2,300,5138400,"B"
"DBC","14:19:12",23.8,-0.2,100,5138100,"B"
"DBC","14:19:02",23.8,-0.2,5200,5138000,"S"
"DBC","14:18:57",23.8,-0.2,10000,5132800,"S"
"DBC","14:18:53",23.8,-0.2,100,5122800,"S"
"DBC","14:18:44",23.8,-0.2,200,5122700,"S"
"DBC","14:18:35",23.75,-0.25,500,5122500,"B"
"DBC","14:18:29",23.75,-0.25,100,5122000,"B"
"DBC","14:18:28",23.75,-0.25,2000,5121900,"B"
"DBC","14:18:18",23.75,-0.25,1000,5119900,"B"
"DBC","14:18:13",23.75,-0.25,1500,5118900,"B"
"DBC","14:18:12",23.75,-0.25,15100,5117400,"S"
"DBC","14:18:09",23.75,-0.25,100,5102300,"S"
"DBC","14:18:08",23.75,-0.25,100,5102200,"S"
"DBC","14:18:05",23.75,-0.25,7000,5102100,"S"
"DBC","14:18:02",23.75,-0.25,500,5095100,"S"
"DBC","14:18:00",23.75,-0.25,300,5094600,"S"
"DBC","14:17:49",23.75,-0.25,5100,5094300,"S"
"DBC","14:17:44",23.75,-0.25,100,5089200,"S"
"DBC","14:17:43",23.75,-0.25,200,5089100,"S"
"DBC","14:17:42",23.7,-0.3,400,5088900,"B"
"DBC","14:17:38",23.75,-0.25,4400,5088500,"S"
"DBC","14:17:36",23.75,-0.25,1000,5084100,"S"
"DBC","14:17:33",23.75,-0.25,3000,5083100,"S"
"DBC","14:17:30",23.75,-0.25,200,5080100,"S"
"DBC","14:17:28",23.75,-0.25,2000,5079900,"S"
"DBC","14:17:27",23.7,-0.3,100,5077900,"B"
"DBC","14:17:26",23.75,-0.25,3700,5077800,"B"
"DBC","14:17:21",23.75,-0.25,500,5074100,"B"
"DBC","14:17:21",23.75,-0.25,700,5073600,"S"
"DBC","14:17:11",23.8,-0.2,1000,5072900,"S"
"DBC","14:17:06",23.7,-0.3,5000,5071900,"B"
"DBC","14:17:02",23.7,-0.3,48000,5066900,"B"
"DBC","14:17:02",23.75,-0.25,2000,5018900,"B"
"DBC","14:17:00",23.75,-0.25,200,5016900,"B"
"DBC","14:16:57",23.75,-0.25,3800,5016700,"S"
"DBC","14:16:55",23.75,-0.25,2000,5012900,"S"
"DBC","14:16:51",23.75,-0.25,100,5010900,"S"
"DBC","14:16:48",23.75,-0.25,700,5010800,"S"
"DBC","14:16:47",23.7,-0.3,200,5010100,"B"
"DBC","14:16:47",23.75,-0.25,4700,5009900,"B"
"DBC","14:16:46",23.75,-0.25,3000,5005200,"B"
"DBC","14:16:43",23.75,-0.25,500,5002200,"B"
"DBC","14:16:41",23.8,-0.2,1000,5001700,"S"
"DBC","14:16:36",23.8,-0.2,200,5000700,"S"
"DBC","14:16:32",23.8,-0.2,1000,5000500,"S"
"DBC","14:16:29",23.8,-0.2,2000,4999500,"S"
"DBC","14:16:28",23.75,-0.25,35000,4997500,"B"
"DBC","14:16:23",23.75,-0.25,20000,4962500,"B"
"DBC","14:16:23",23.75,-0.25,4000,4942500,"B"
"DBC","14:16:21",23.8,-0.2,100,4938500,"S"
"DBC","14:16:19",23.8,-0.2,300,4938400,"S"
"DBC","14:16:17",23.75,-0.25,7000,4938100,"B"
"DBC","14:16:15",23.75,-0.25,100,4931100,"B"
"DBC","14:16:15",23.8,-0.2,10000,4931000,"S"
"DBC","14:16:12",23.75,-0.25,1800,4921000,"B"
"DBC","14:16:05",23.75,-0.25,1000,4919200,"B"
"DBC","14:15:55",23.8,-0.2,117000,4918200,"B"
"DBC","14:15:50",23.85,-0.15,200,4801200,"S"
"DBC","14:15:32",23.85,-0.15,100,4801000,"S"
"DBC","14:15:32",23.8,-0.2,400,4800900,"B"
"DBC","14:15:27",23.85,-0.15,100,4800500,"S"
"DBC","14:15:20",23.85,-0.15,94200,4800400,"B"
"DBC","14:15:12",23.85,-0.15,30000,4706200,"B"
"DBC","14:15:06",23.85,-0.15,500,4676200,"B"
"DBC","14:14:40",23.9,-0.1,10000,4675700,"B"
"DBC","14:14:39",23.9,-0.1,30000,4665700,"B"
"DBC","14:14:38",23.9,-0.1,300,4635700,"B"
"DBC","14:14:36",23.9,-0.1,20000,4635400,"B"
"DBC","14:14:30",23.9,-0.1,30000,4615400,"B"
"DBC","14:14:14",23.95,-0.05,3200,4585400,"B"
"DBC","14:14:13",23.95,-0.05,5000,4582200,"B"
"DBC","14:14:07",23.95,-0.05,1000,4577200,"B"
"DBC","14:14:06",23.95,-0.05,500,4576200,"B"
"DBC","14:14:02",23.95,-0.05,1000,4575700,"B"
"DBC","14:13:52",23.95,-0.05,2000,4574700,"B"
"DBC","14:13:50",23.95,-0.05,1000,4572700,"B"
"DBC","14:13:47",23.95,-0.05,2000,4571700,"B"
"DBC","14:13:18",23.95,-0.05,4400,4569700,"B"
"DBC","14:13:00",23.95,-0.05,20000,4565300,"B"
"DBC","14:12:50",23.95,-0.05,100,4545300,"B"
"DBC","14:12:47",23.95,-0.05,800,4545200,"B"
"DBC","14:12:07",24,0,2000,4544400,"S"
"DBC","14:11:45",24,0,600,4542400,"S"
"DBC","14:11:45",24,0,3300,4541800,"S"
"DBC","14:11:41",24,0,200,4538500,"S"
"DBC","14:11:29",24,0,3000,4538300,"S"
"DBC","14:10:46",23.95,-0.05,100,4535300,"B"
"DBC","14:10:18",24,0,7300,4535200,"B"
"DBC","14:10:12",24,0,70000,4527900,"B"
"DBC","14:09:43",24.05,0.05,100,4457900,"S"
"DBC","14:09:27",24,0,100,4457800,"B"
"DBC","14:08:56",24,0,500,4457700,"B"
"DBC","14:08:50",24,0,100,4457200,"B"
"DBC","14:08:47",24,0,3000,4457100,"B"
"DBC","14:08:37",24,0,19300,4454100,"S"
"DBC","14:08:32",24,0,100,4434800,"S"
"DBC","14:07:58",24,0,15000,4434700,"S"
"DBC","14:07:33",24,0,4100,4419700,"S"
"DBC","14:07:23",24,0,1000,4415600,"S"
"DBC","14:07:10",24,0,300,4414600,"S"
"DBC","14:07:06",24,0,7300,4414300,"S"
"DBC","14:07:04",24,0,1000,4407000,"S"
"DBC","14:06:55",24,0,1000,4406000,"S"
"DBC","14:06:47",24,0,3000,4405000,"S"
"DBC","14:06:38",24,0,100,4402000,"S"
"DBC","14:06:03",24,0,200,4401900,"S"
"DBC","14:06:01",24,0,2800,4401700,"S"
"DBC","14:05:36",24,0,3500,4398900,"S"
"DBC","14:05:23",24,0,400,4395400,"S"
"DBC","14:04:51",24,0,44900,4395000,"B"
"DBC","14:04:39",24,0,10000,4350100,"B"
"DBC","14:04:38",24.05,0.05,100,4340100,"S"
"DBC","14:04:17",24.05,0.05,10000,4340000,"S"
"DBC","14:04:12",24.05,0.05,500,4330000,"S"
"DBC","14:03:51",24.05,0.05,200,4329500,"S"
"DBC","14:03:41",24.05,0.05,2000,4329300,"S"
"DBC","14:03:30",24.05,0.05,97700,4327300,"B"
"DBC","14:03:26",24.1,0.1,200,4229600,"S"
"DBC","14:02:50",24.1,0.1,35200,4229400,"B"
"DBC","14:02:43",24.1,0.1,10000,4194200,"B"
"DBC","14:02:36",24.15,0.15,200,4184200,"S"
"DBC","14:02:25",24.15,0.15,5000,4184000,"S"
"DBC","14:02:24",24.15,0.15,500,4179000,"S"
"DBC","14:01:48",24.15,0.15,1500,4178500,"S"
"DBC","14:01:42",24.1,0.1,4300,4177000,"B"
"DBC","14:01:34",24.15,0.15,2500,4172700,"S"
"DBC","14:01:27",24.1,0.1,1000,4170200,"B"
"DBC","14:01:17",24.1,0.1,2300,4169200,"B"
"DBC","14:01:12",24.1,0.1,400,4166900,"B"
"DBC","14:01:09",24.1,0.1,2000,4166500,"S"
"DBC","14:01:08",24.1,0.1,5000,4164500,"S"
"DBC","14:01:07",24.1,0.1,2000,4159500,"S"
"DBC","14:01:04",24.1,0.1,5000,4157500,"S"
"DBC","14:01:02",24.1,0.1,1200,4152500,"S"
"DBC","14:01:01",24.1,0.1,200,4151300,"S"
"DBC","14:00:59",24.1,0.1,4000,4151100,"S"
"DBC","14:00:58",24.1,0.1,3000,4147100,"S"
"DBC","14:00:54",24.1,0.1,4300,4144100,"S"
"DBC","14:00:47",24.1,0.1,500,4139800,"S"
"DBC","14:00:45",24.1,0.1,1000,4139300,"S"
"DBC","14:00:41",24.1,0.1,20000,4138300,"S"
"DBC","14:00:41",24.1,0.1,1800,4118300,"S"
"DBC","14:00:40",24.1,0.1,200,4116500,"S"
"DBC","14:00:39",24.1,0.1,1000,4116300,"S"
"DBC","14:00:39",24.1,0.1,100,4115300,"S"
"DBC","14:00:34",24.1,0.1,5000,4115200,"S"
"DBC","14:00:30",24.1,0.1,500,4110200,"S"
"DBC","14:00:29",24.1,0.1,4000,4109700,"S"
"DBC","14:00:17",24.1,0.1,100,4105700,"S"
"DBC","14:00:15",24.1,0.1,1000,4105600,"S"
"DBC","14:00:13",24.1,0.1,5000,4104600,"S"
"DBC","14:00:09",24.1,0.1,100,4099600,"S"
"DBC","14:00:08",24.05,0.05,12000,4099500,"B"
"DBC","14:00:00",24.1,0.1,10000,4087500,"S"
"DBC","13:59:58",24.05,0.05,500,4077500,"B"
"DBC","13:59:56",24.1,0.1,10000,4077000,"S"
"DBC","13:59:53",24.1,0.1,400,4067000,"S"
"DBC","13:59:50",24.1,0.1,500,4066600,"S"
"DBC","13:59:10",24.05,0.05,65000,4066100,"S"
"DBC","13:59:06",24.05,0.05,500,4001100,"S"
"DBC","13:59:04",24,0,100,4000600,"B"
"DBC","13:58:56",24,0,500,4000500,"B"
"DBC","13:58:33",24,0,1000,4000000,"B"
"DBC","13:58:30",24,0,300,3999000,"B"
"DBC","13:57:55",24,0,1000,3998700,"B"
"DBC","13:57:37",24,0,4000,3997700,"B"
"DBC","13:57:33",24,0,4200,3993700,"B"
"DBC","13:57:08",24,0,3000,3989500,"B"
"DBC","13:57:07",24,0,3400,3986500,"S"
"DBC","13:57:00",24,0,3900,3983100,"S"
"DBC","13:56:57",24,0,5000,3979200,"S"
"DBC","13:56:45",24,0,100,3974200,"S"
"DBC","13:56:43",24,0,3000,3974100,"S"
"DBC","13:56:42",24,0,20000,3971100,"S"
"DBC","13:56:27",24,0,3400,3951100,"S"
"DBC","13:56:27",24,0,11400,3947700,"S"
"DBC","13:56:17",23.95,-0.05,100,3936300,"B"
"DBC","13:55:57",23.95,-0.05,5500,3936200,"B"
"DBC","13:55:18",23.95,-0.05,200,3930700,"B"
"DBC","13:55:11",23.95,-0.05,5000,3930500,"B"
"DBC","13:54:51",23.95,-0.05,1000,3925500,"B"
"DBC","13:54:44",23.95,-0.05,1000,3924500,"B"
"DBC","13:54:27",23.95,-0.05,2000,3923500,"B"
"DBC","13:54:05",23.95,-0.05,33900,3921500,"B"
"DBC","13:54:03",23.95,-0.05,500,3887600,"B"
"DBC","13:53:46",23.95,-0.05,100,3887100,"B"
"DBC","13:52:10",23.95,-0.05,1000,3887000,"B"
"DBC","13:51:16",23.95,-0.05,500,3886000,"B"
"DBC","13:51:05",23.95,-0.05,5000,3885500,"B"
"DBC","13:50:43",24,0,1200,3880500,"S"
"DBC","13:50:27",24,0,2000,3879300,"S"
"DBC","13:50:27",23.95,-0.05,5000,3877300,"B"
"DBC","13:50:16",23.95,-0.05,1000,3872300,"B"
"DBC","13:50:13",24,0,1000,3871300,"S"
"DBC","13:50:02",24,0,11400,3870300,"S"
"DBC","13:49:47",24,0,700,3858900,"S"
"DBC","13:49:44",24,0,800,3858200,"S"
"DBC","13:49:43",24,0,200,3857400,"S"
"DBC","13:48:54",24,0,16000,3857200,"S"
"DBC","13:48:46",23.95,-0.05,100,3841200,"B"
"DBC","13:48:20",23.95,-0.05,100,3841100,"B"
"DBC","13:48:02",23.95,-0.05,2000,3841000,"B"
"DBC","13:46:56",23.95,-0.05,400,3839000,"B"
"DBC","13:46:20",23.95,-0.05,10000,3838600,"B"
"DBC","13:46:19",24,0,3000,3828600,"S"
"DBC","13:45:50",24,0,3000,3825600,"S"
"DBC","13:45:44",23.95,-0.05,1500,3822600,"B"
"DBC","13:45:28",23.95,-0.05,8200,3821100,"S"
"DBC","13:45:18",23.9,-0.1,100,3812900,"B"
"DBC","13:45:00",23.9,-0.1,100,3812800,"B"
"DBC","13:44:50",23.9,-0.1,2000,3812700,"B"
"DBC","13:44:12",23.95,-0.05,100,3810700,"S"
"DBC","13:44:09",23.95,-0.05,20200,3810600,"B"
"DBC","13:43:57",23.95,-0.05,2000,3790400,"B"
"DBC","13:43:57",23.95,-0.05,400,3788400,"B"
"DBC","13:43:33",23.95,-0.05,300,3788000,"B"
"DBC","13:42:47",24,0,1000,3787700,"S"
"DBC","13:42:45",24,0,3000,3786700,"S"
"DBC","13:42:19",24,0,7900,3783700,"B"
"DBC","13:42:14",24,0,100,3775800,"B"
"DBC","13:42:13",24,0,9900,3775700,"B"
"DBC","13:42:11",24,0,800,3765800,"B"
"DBC","13:42:08",24,0,400,3765000,"B"
"DBC","13:42:04",24,0,1900,3764600,"B"
"DBC","13:42:00",24,0,5000,3762700,"B"
"DBC","13:41:49",24,0,200,3757700,"B"
"DBC","13:41:39",24,0,500,3757500,"B"
"DBC","13:41:32",24,0,1600,3757000,"B"
"DBC","13:41:26",24,0,500,3755400,"B"
"DBC","13:41:19",24,0,500,3754900,"B"
"DBC","13:41:03",24.05,0.05,1800,3754400,"B"
"DBC","13:41:02",24.05,0.05,9000,3752600,"B"
"DBC","13:41:01",24.05,0.05,200,3743600,"B"
"DBC","13:40:52",24.05,0.05,1000,3743400,"B"
"DBC","13:40:51",24.05,0.05,1000,3742400,"B"
"DBC","13:40:51",24.05,0.05,500,3741400,"B"
"DBC","13:40:46",24.05,0.05,2500,3740900,"B"
"DBC","13:40:41",24.05,0.05,500,3738400,"B"
"DBC","13:40:40",24.1,0.1,500,3737900,"S"
"DBC","13:40:39",24.05,0.05,3000,3737400,"B"
"DBC","13:40:34",24.05,0.05,1000,3734400,"B"
"DBC","13:40:33",24.05,0.05,1000,3733400,"B"
"DBC","13:40:30",24.05,0.05,10000,3732400,"B"
"DBC","13:39:57",24.05,0.05,200,3722400,"B"
"DBC","13:39:52",24.05,0.05,10000,3722200,"B"
"DBC","13:39:45",24.1,0.1,2000,3712200,"S"
"DBC","13:39:41",24.05,0.05,1000,3710200,"B"
"DBC","13:39:37",24.05,0.05,500,3709200,"B"
"DBC","13:39:29",24.1,0.1,1000,3708700,"S"
"DBC","13:39:21",24.1,0.1,2000,3707700,"S"
"DBC","13:39:14",24.1,0.1,2500,3705700,"S"
"DBC","13:39:04",24.1,0.1,10000,3703200,"S"
"DBC","13:38:57",24.1,0.1,100,3693200,"S"
"DBC","13:38:44",24.1,0.1,200,3693100,"S"
"DBC","13:38:24",24.1,0.1,500,3692900,"S"
"DBC","13:38:22",24.1,0.1,5000,3692400,"S"
"DBC","13:38:04",24.1,0.1,300,3687400,"S"
"DBC","13:38:02",24.1,0.1,400,3687100,"S"
"DBC","13:37:53",24.1,0.1,1000,3686700,"S"
"DBC","13:37:51",24.05,0.05,2000,3685700,"S"
"DBC","13:37:47",24.05,0.05,20000,3683700,"S"
"DBC","13:37:33",24.05,0.05,1000,3663700,"S"
"DBC","13:37:11",24,0,500,3662700,"B"
"DBC","13:36:58",24,0,200,3662200,"B"
"DBC","13:36:49",24,0,83200,3662000,"S"
"DBC","13:36:36",24,0,5000,3578800,"S"
"DBC","13:36:24",24,0,4000,3573800,"S"
"DBC","13:36:20",23.95,-0.05,6400,3569800,"S"
"DBC","13:36:14",23.95,-0.05,10000,3563400,"S"
"DBC","13:36:11",23.95,-0.05,3600,3553400,"S"
"DBC","13:36:10",23.95,-0.05,200,3549800,"S"
"DBC","13:36:03",23.95,-0.05,2000,3549600,"S"
"DBC","13:35:55",23.95,-0.05,5000,3547600,"S"
"DBC","13:35:46",23.95,-0.05,5000,3542600,"S"
"DBC","13:35:08",23.95,-0.05,3500,3537600,"S"
"DBC","13:35:06",23.9,-0.1,1000,3534100,"B"
"DBC","13:34:54",23.9,-0.1,2000,3533100,"B"
"DBC","13:34:46",23.95,-0.05,500,3531100,"S"
"DBC","13:34:12",23.95,-0.05,100,3530600,"S"
"DBC","13:33:54",23.9,-0.1,500,3530500,"B"
"DBC","13:33:49",23.9,-0.1,7400,3530000,"B"
"DBC","13:33:21",23.9,-0.1,1400,3522600,"B"
"DBC","13:32:55",23.95,-0.05,5000,3521200,"S"
"DBC","13:32:40",23.9,-0.1,6100,3516200,"B"
"DBC","13:32:25",23.9,-0.1,400,3510100,"B"
"DBC","13:32:24",23.9,-0.1,100,3509700,"B"
"DBC","13:32:12",23.9,-0.1,600,3509600,"B"
"DBC","13:32:03",23.9,-0.1,800,3509000,"B"
"DBC","13:31:50",23.9,-0.1,100,3508200,"B"
"DBC","13:31:33",23.9,-0.1,10700,3508100,"B"
"DBC","13:31:23",23.9,-0.1,1000,3497400,"B"
"DBC","13:30:15",23.95,-0.05,3000,3496400,"S"
"DBC","13:30:06",23.95,-0.05,300,3493400,"S"
"DBC","13:30:00",23.95,-0.05,400,3493100,"S"
"DBC","13:29:47",23.95,-0.05,1000,3492700,"S"
"DBC","13:29:43",23.95,-0.05,100,3491700,"S"
"DBC","13:29:33",23.95,-0.05,10000,3491600,"S"
"DBC","13:29:09",23.95,-0.05,1000,3481600,"S"
"DBC","13:28:59",23.95,-0.05,500,3480600,"S"
"DBC","13:28:42",23.95,-0.05,1600,3480100,"S"
"DBC","13:28:31",23.95,-0.05,100,3478500,"S"
"DBC","13:28:24",23.95,-0.05,700,3478400,"S"
"DBC","13:28:22",23.95,-0.05,1000,3477700,"S"
"DBC","13:28:02",23.95,-0.05,5000,3476700,"S"
"DBC","13:27:57",23.95,-0.05,1000,3471700,"S"
"DBC","13:27:10",23.95,-0.05,2500,3470700,"S"
"DBC","13:27:07",23.95,-0.05,1000,3468200,"S"
"DBC","13:27:05",23.9,-0.1,900,3467200,"B"
"DBC","13:26:47",23.9,-0.1,21500,3466300,"B"
"DBC","13:26:44",23.9,-0.1,1700,3444800,"B"
"DBC","13:26:12",23.9,-0.1,10000,3443100,"B"
"DBC","13:26:00",23.95,-0.05,2500,3433100,"B"
"DBC","13:25:57",23.95,-0.05,1000,3430600,"B"
"DBC","13:25:53",23.95,-0.05,100,3429600,"B"
"DBC","13:25:47",23.95,-0.05,200,3429500,"B"
"DBC","13:25:16",23.95,-0.05,2800,3429300,"B"
"DBC","13:25:06",23.95,-0.05,300,3426500,"B"
"DBC","13:25:05",23.95,-0.05,300,3426200,"B"
"DBC","13:24:52",23.95,-0.05,200,3425900,"B"
"DBC","13:24:26",23.95,-0.05,100,3425700,"B"
"DBC","13:23:40",23.95,-0.05,200,3425600,"B"
"DBC","13:23:39",23.95,-0.05,500,3425400,"B"
"DBC","13:23:04",23.95,-0.05,100,3424900,"S"
"DBC","13:22:42",23.95,-0.05,100,3424800,"S"
"DBC","13:22:39",23.95,-0.05,800,3424700,"B"
"DBC","13:22:05",23.95,-0.05,3300,3423900,"S"
"DBC","13:21:59",23.95,-0.05,1000,3420600,"S"
"DBC","13:21:52",23.95,-0.05,200,3419600,"S"
"DBC","13:21:48",23.95,-0.05,5000,3419400,"S"
"DBC","13:21:40",23.9,-0.1,5000,3414400,"B"
"DBC","13:21:11",23.9,-0.1,28800,3409400,"B"
"DBC","13:21:03",23.95,-0.05,2200,3380600,"S"
"DBC","13:21:02",23.95,-0.05,5000,3378400,"S"
"DBC","13:19:27",23.9,-0.1,100,3373400,"B"
"DBC","13:19:22",23.95,-0.05,4000,3373300,"S"
"DBC","13:19:20",23.9,-0.1,1000,3369300,"B"
"DBC","13:19:19",23.95,-0.05,100,3368300,"S"
"DBC","13:18:50",23.9,-0.1,2100,3368200,"B"
"DBC","13:18:36",23.9,-0.1,500,3366100,"B"
"DBC","13:18:25",23.95,-0.05,300,3365600,"S"
"DBC","13:18:22",23.9,-0.1,300,3365300,"B"
"DBC","13:18:20",23.9,-0.1,2000,3365000,"B"
"DBC","13:18:09",23.9,-0.1,16000,3363000,"B"
"DBC","13:17:35",23.95,-0.05,600,3347000,"S"
"DBC","13:17:00",23.95,-0.05,1000,3346400,"S"
"DBC","13:16:54",23.95,-0.05,100,3345400,"S"
"DBC","13:16:48",23.9,-0.1,15000,3345300,"B"
"DBC","13:16:46",23.95,-0.05,100,3330300,"S"
"DBC","13:16:33",23.9,-0.1,200,3330200,"B"
"DBC","13:16:27",23.95,-0.05,100,3330000,"S"
"DBC","13:16:26",23.95,-0.05,1000,3329900,"S"
"DBC","13:16:21",23.95,-0.05,200,3328900,"S"
"DBC","13:16:03",23.9,-0.1,300,3328700,"B"
"DBC","13:16:02",23.9,-0.1,9000,3328400,"B"
"DBC","13:16:00",23.9,-0.1,6000,3319400,"B"
"DBC","13:15:25",23.9,-0.1,300,3313400,"B"
"DBC","13:15:21",23.9,-0.1,300,3313100,"B"
"DBC","13:15:08",23.9,-0.1,1300,3312800,"B"
"DBC","13:15:00",23.95,-0.05,1000,3311500,"S"
"DBC","13:14:28",23.95,-0.05,100,3310500,"S"
"DBC","13:11:29",23.95,-0.05,2600,3310400,"B"
"DBC","13:11:25",23.95,-0.05,100,3307800,"B"
"DBC","13:11:24",23.95,-0.05,1100,3307700,"B"
"DBC","13:11:19",23.95,-0.05,3400,3306600,"B"
"DBC","13:11:16",23.95,-0.05,3000,3303200,"B"
"DBC","13:11:10",23.95,-0.05,300,3300200,"B"
"DBC","13:11:06",23.95,-0.05,100,3299900,"B"
"DBC","13:10:52",23.95,-0.05,10000,3299800,"B"
"DBC","13:10:36",24,0,1000,3289800,"S"
"DBC","13:09:52",24,0,100,3288800,"S"
"DBC","13:09:51",24,0,2000,3288700,"S"
"DBC","13:09:49",23.95,-0.05,2000,3286700,"B"
"DBC","13:09:09",24,0,4100,3284700,"B"
"DBC","13:09:04",24,0,1000,3280600,"B"
"DBC","13:09:03",24,0,8900,3279600,"B"
"DBC","13:08:48",24,0,1000,3270700,"B"
"DBC","13:08:38",24,0,100,3269700,"B"
"DBC","13:08:25",24,0,1000,3269600,"B"
"DBC","13:08:23",24,0,100,3268600,"B"
"DBC","13:08:14",24,0,500,3268500,"B"
"DBC","13:08:00",24,0,100,3268000,"B"
"DBC","13:07:56",24,0,200,3267900,"B"
"DBC","13:07:51",24,0,1000,3267700,"B"
"DBC","13:07:50",24,0,1800,3266700,"B"
"DBC","13:07:46",24,0,700,3264900,"B"
"DBC","13:07:40",24,0,1000,3264200,"B"
"DBC","13:07:18",24,0,1000,3263200,"S"
"DBC","13:07:15",24,0,5000,3262200,"S"
"DBC","13:07:09",24,0,20000,3257200,"S"
"DBC","13:06:53",24,0,100,3237200,"S"
"DBC","13:06:40",24,0,100,3237100,"S"
"DBC","13:06:36",23.95,-0.05,600,3237000,"B"
"DBC","13:06:28",23.95,-0.05,100,3236400,"B"
"DBC","13:06:19",23.95,-0.05,200,3236300,"B"
"DBC","13:06:17",23.95,-0.05,5000,3236100,"B"
"DBC","13:05:38",23.95,-0.05,12000,3231100,"B"
"DBC","13:05:24",23.95,-0.05,4100,3219100,"B"
"DBC","13:05:24",24,0,1900,3215000,"B"
"DBC","13:05:13",24,0,6200,3213100,"S"
"DBC","13:05:13",24,0,91900,3206900,"S"
"DBC","13:05:04",23.95,-0.05,4200,3115000,"S"
"DBC","13:05:03",23.95,-0.05,100,3110800,"S"
"DBC","13:04:49",23.95,-0.05,600,3110700,"S"
"DBC","13:04:39",23.95,-0.05,2000,3110100,"S"
"DBC","13:04:36",23.95,-0.05,1000,3108100,"S"
"DBC","13:04:32",23.95,-0.05,2700,3107100,"S"
"DBC","13:04:30",23.95,-0.05,1000,3104400,"S"
"DBC","13:04:28",23.95,-0.05,10000,3103400,"S"
"DBC","13:04:14",23.95,-0.05,4000,3093400,"S"
"DBC","13:03:50",23.95,-0.05,5000,3089400,"S"
"DBC","13:03:34",23.95,-0.05,4000,3084400,"S"
"DBC","13:03:08",23.9,-0.1,100,3080400,"B"
"DBC","13:02:41",23.9,-0.1,3000,3080300,"B"
"DBC","13:02:39",23.9,-0.1,3100,3077300,"S"
"DBC","13:02:36",23.9,-0.1,1000,3074200,"S"
"DBC","13:01:56",23.9,-0.1,400,3073200,"B"
"DBC","13:01:54",23.9,-0.1,200,3072800,"B"
"DBC","13:01:47",23.9,-0.1,100,3072600,"B"
"DBC","13:01:41",23.9,-0.1,600,3072500,"B"
"DBC","13:01:27",23.9,-0.1,1200,3071900,"B"
"DBC","13:01:26",23.9,-0.1,3000,3070700,"B"
"DBC","13:01:12",23.9,-0.1,10200,3067700,"S"
"DBC","13:00:50",23.9,-0.1,10800,3057500,"B"
"DBC","13:00:30",23.9,-0.1,500,3046700,"B"
"DBC","13:00:21",23.9,-0.1,1100,3046200,"B"
"DBC","13:00:19",23.9,-0.1,9900,3045100,"B"
"DBC","13:00:18",23.95,-0.05,800,3035200,"S"
"DBC","13:00:17",23.95,-0.05,500,3034400,"S"
"DBC","13:00:16",23.9,-0.1,200,3033900,"B"
"DBC","13:00:12",23.9,-0.1,200,3033700,"B"
"DBC","13:00:10",23.9,-0.1,1200,3033500,"B"
"DBC","13:00:09",23.95,-0.05,100,3032300,"S"
"DBC","13:00:06",23.9,-0.1,100,3032200,"B"
"DBC","13:00:04",23.95,-0.05,1700,3032100,"S"
"DBC","11:30:03",23.95,-0.05,1700,3029400,"S"
"DBC","11:28:54",23.9,-0.1,1600,3027700,"B"
"DBC","11:27:39",23.9,-0.1,2000,3026100,"B"
"DBC","11:26:47",23.95,-0.05,5000,3024100,"S"
"DBC","11:26:47",23.95,-0.05,100,3019100,"S"
"DBC","11:26:02",23.95,-0.05,5000,3019000,"S"
"DBC","11:25:46",23.95,-0.05,2200,3014000,"B"
"DBC","11:25:27",23.95,-0.05,1500,3011800,"B"
"DBC","11:24:57",23.95,-0.05,1000,3010300,"B"
"DBC","11:24:53",23.95,-0.05,3000,3009300,"B"
"DBC","11:24:52",23.95,-0.05,1000,3006300,"B"
"DBC","11:24:28",23.95,-0.05,10000,3005300,"B"
"DBC","11:23:58",23.95,-0.05,900,2995300,"B"
"DBC","11:23:36",23.95,-0.05,100,2994400,"B"
"DBC","11:22:53",23.95,-0.05,200,2994300,"B"
"DBC","11:21:48",24,0,100,2994100,"S"
"DBC","11:21:11",24,0,2000,2994000,"S"
"DBC","11:20:23",24,0,2000,2992000,"S"
"DBC","11:20:11",24,0,1000,2990000,"S"
"DBC","11:20:06",24,0,700,2989000,"S"
"DBC","11:19:32",24,0,200,2988300,"S"
"DBC","11:19:19",23.95,-0.05,4300,2988100,"S"
"DBC","11:19:11",23.95,-0.05,7400,2983800,"S"
"DBC","11:19:06",23.9,-0.1,5100,2976400,"S"
"DBC","11:18:56",23.9,-0.1,500,2971300,"S"
"DBC","11:18:53",23.9,-0.1,1500,2970800,"S"
"DBC","11:18:52",23.9,-0.1,200,2969300,"S"
"DBC","11:18:46",23.9,-0.1,500,2969100,"S"
"DBC","11:18:33",23.9,-0.1,2300,2968600,"B"
"DBC","11:18:27",23.95,-0.05,30000,2966300,"S"
"DBC","11:18:26",23.9,-0.1,2700,2936300,"S"
"DBC","11:18:24",23.9,-0.1,4000,2933600,"S"
"DBC","11:18:14",23.9,-0.1,23300,2929600,"B"
"DBC","11:18:13",23.9,-0.1,600,2906300,"B"
"DBC","11:17:18",23.9,-0.1,100,2905700,"B"
"DBC","11:16:43",23.9,-0.1,200,2905600,"B"
"DBC","11:16:04",23.9,-0.1,200,2905400,"B"
"DBC","11:15:31",23.9,-0.1,2000,2905200,"B"
"DBC","11:14:47",23.9,-0.1,7400,2903200,"S"
"DBC","11:14:45",23.9,-0.1,1000,2895800,"S"
"DBC","11:14:44",23.9,-0.1,1000,2894800,"S"
"DBC","11:14:34",23.9,-0.1,100,2893800,"S"
"DBC","11:13:39",23.9,-0.1,1600,2893700,"S"
"DBC","11:13:02",23.9,-0.1,300,2892100,"S"
"DBC","11:12:56",23.9,-0.1,8600,2891800,"B"
"DBC","11:12:46",23.9,-0.1,30000,2883200,"B"
"DBC","11:12:36",23.9,-0.1,1100,2853200,"B"
"DBC","11:11:41",23.95,-0.05,100,2852100,"S"
"DBC","11:11:30",23.95,-0.05,2000,2852000,"S"
"DBC","11:11:26",23.95,-0.05,2400,2850000,"S"
"DBC","11:11:18",23.95,-0.05,2000,2847600,"S"
"DBC","11:11:00",23.95,-0.05,500,2845600,"S"
"DBC","11:10:40",23.95,-0.05,10000,2845100,"S"
"DBC","11:07:59",23.9,-0.1,1000,2835100,"B"
"DBC","11:06:36",23.9,-0.1,1000,2834100,"B"
"DBC","11:06:05",23.9,-0.1,1000,2833100,"B"
"DBC","11:05:39",23.9,-0.1,1000,2832100,"B"
"DBC","11:05:37",23.9,-0.1,2500,2831100,"B"
"DBC","11:05:14",23.9,-0.1,1000,2828600,"B"
"DBC","11:04:57",23.9,-0.1,7700,2827600,"B"
"DBC","11:03:58",23.9,-0.1,300,2819900,"B"
"DBC","11:03:47",23.9,-0.1,400,2819600,"B"
"DBC","11:02:54",23.9,-0.1,100,2819200,"B"
"DBC","11:02:01",23.9,-0.1,2000,2819100,"B"
"DBC","11:00:00",23.9,-0.1,15300,2817100,"S"
"DBC","10:59:01",23.85,-0.15,36000,2801800,"B"
"DBC","10:58:54",23.9,-0.1,7200,2765800,"B"
"DBC","10:58:28",23.9,-0.1,1500,2758600,"B"
"DBC","10:57:47",23.9,-0.1,5000,2757100,"B"
"DBC","10:56:43",23.9,-0.1,4400,2752100,"B"
"DBC","10:55:50",23.95,-0.05,8400,2747700,"S"
"DBC","10:55:46",23.9,-0.1,50000,2739300,"B"
"DBC","10:55:21",23.9,-0.1,500,2689300,"B"
"DBC","10:54:33",23.9,-0.1,2000,2688800,"B"
"DBC","10:54:19",23.9,-0.1,100,2686800,"B"
"DBC","10:54:14",23.95,-0.05,2000,2686700,"S"
"DBC","10:53:17",23.9,-0.1,400,2684700,"B"
"DBC","10:52:20",23.9,-0.1,5000,2684300,"B"
"DBC","10:51:53",23.9,-0.1,1000,2679300,"B"
"DBC","10:51:20",23.9,-0.1,7900,2678300,"B"
"DBC","10:50:25",23.9,-0.1,2500,2670400,"B"
"DBC","10:50:05",23.9,-0.1,1400,2667900,"B"
"DBC","10:48:32",23.9,-0.1,200,2666500,"B"
"DBC","10:47:36",23.95,-0.05,9400,2666300,"S"
"DBC","10:47:28",23.9,-0.1,600,2656900,"B"
"DBC","10:46:50",23.9,-0.1,7400,2656300,"S"
"DBC","10:46:46",23.9,-0.1,600,2648900,"S"
"DBC","10:46:18",23.9,-0.1,1000,2648300,"S"
"DBC","10:46:13",23.9,-0.1,7000,2647300,"S"
"DBC","10:45:53",23.9,-0.1,13000,2640300,"B"
"DBC","10:45:28",23.9,-0.1,400,2627300,"B"
"DBC","10:45:03",23.9,-0.1,300,2626900,"B"
"DBC","10:44:27",23.95,-0.05,5000,2626600,"S"
"DBC","10:43:54",23.9,-0.1,2100,2621600,"B"
"DBC","10:43:46",23.9,-0.1,10000,2619500,"B"
"DBC","10:43:38",23.9,-0.1,2900,2609500,"B"
"DBC","10:43:22",23.9,-0.1,700,2606600,"B"
"DBC","10:41:30",23.95,-0.05,22800,2605900,"B"
"DBC","10:41:16",23.95,-0.05,27000,2583100,"B"
"DBC","10:40:43",24,0,300,2556100,"S"
"DBC","10:40:20",24,0,800,2555800,"S"
"DBC","10:40:00",24,0,500,2555000,"S"
"DBC","10:39:25",24,0,300,2554500,"S"
"DBC","10:39:18",24,0,3000,2554200,"S"
"DBC","10:39:05",24,0,2600,2551200,"S"
"DBC","10:35:20",24,0,1000,2548600,"S"
"DBC","10:34:31",24,0,6800,2547600,"S"
"DBC","10:31:38",24,0,100,2540800,"S"
"DBC","10:31:23",24,0,30900,2540700,"S"
"DBC","10:31:20",24,0,5000,2509800,"S"
"DBC","10:31:13",24,0,900,2504800,"B"
"DBC","10:31:05",24,0,100,2503900,"B"
"DBC","10:30:52",24,0,500,2503800,"B"
"DBC","10:30:44",24,0,2000,2503300,"B"
"DBC","10:30:26",24,0,100,2501300,"B"
"DBC","10:29:55",24,0,800,2501200,"B"
"DBC","10:29:53",24,0,200,2500400,"B"
"DBC","10:29:46",24,0,5000,2500200,"B"
"DBC","10:29:40",24,0,900,2495200,"S"
"DBC","10:29:39",23.95,-0.05,4100,2494300,"B"
"DBC","10:29:39",24,0,9100,2490200,"B"
"DBC","10:29:30",24,0,200,2481100,"B"
"DBC","10:29:22",24,0,1000,2480900,"B"
"DBC","10:27:47",24,0,1000,2479900,"B"
"DBC","10:27:30",24,0,800,2478900,"S"
"DBC","10:27:19",24,0,1700,2478100,"B"
"DBC","10:27:11",24,0,400,2476400,"B"
"DBC","10:27:08",24,0,2500,2476000,"B"
"DBC","10:27:01",24,0,35400,2473500,"S"
"DBC","10:26:32",23.95,-0.05,2000,2438100,"B"
"DBC","10:26:25",24,0,100,2436100,"S"
"DBC","10:25:31",24,0,500,2436000,"S"
"DBC","10:24:54",24,0,3400,2435500,"S"
"DBC","10:24:40",24,0,5000,2432100,"S"
"DBC","10:24:18",24,0,14900,2427100,"B"
"DBC","10:24:10",24,0,200,2412200,"B"
"DBC","10:24:10",24,0,4800,2412000,"B"
"DBC","10:24:06",24,0,1000,2407200,"B"
"DBC","10:24:02",24,0,6100,2406200,"B"
"DBC","10:23:59",24,0,2000,2400100,"B"
"DBC","10:23:55",24,0,1600,2398100,"B"
"DBC","10:23:52",24,0,15000,2396500,"B"
"DBC","10:23:45",24,0,100,2381500,"B"
"DBC","10:23:26",24,0,23900,2381400,"B"
"DBC","10:22:52",24.05,0.05,800,2357500,"B"
"DBC","10:22:49",24.05,0.05,2900,2356700,"B"
"DBC","10:22:45",24.05,0.05,5000,2353800,"B"
"DBC","10:22:31",24.05,0.05,200,2348800,"S"
"DBC","10:22:05",24.05,0.05,105000,2348600,"B"
"DBC","10:22:04",24.05,0.05,1700,2243600,"B"
"DBC","10:22:00",24.1,0.1,30000,2241900,"S"
"DBC","10:21:52",24.1,0.1,48400,2211900,"B"
"DBC","10:21:29",24.1,0.1,10200,2163500,"B"
"DBC","10:20:47",24.1,0.1,1000,2153300,"B"
"DBC","10:20:42",24.15,0.15,1600,2152300,"S"
"DBC","10:20:40",24.15,0.15,4900,2150700,"S"
"DBC","10:20:22",24.15,0.15,100,2145800,"S"
"DBC","10:20:13",24.15,0.15,1800,2145700,"B"
"DBC","10:20:07",24.15,0.15,200,2143900,"S"
"DBC","10:20:06",24.2,0.2,10000,2143700,"S"
"DBC","10:20:02",24.2,0.2,7000,2133700,"S"
"DBC","10:20:02",24.15,0.15,3000,2126700,"S"
"DBC","10:19:57",24.15,0.15,10000,2123700,"S"
"DBC","10:19:53",24.15,0.15,4000,2113700,"S"
"DBC","10:19:51",24.15,0.15,100,2109700,"S"
"DBC","10:19:37",24.15,0.15,1200,2109600,"S"
"DBC","10:19:32",24.15,0.15,1000,2108400,"S"
"DBC","10:19:31",24.15,0.15,1000,2107400,"S"
"DBC","10:19:04",24.15,0.15,1100,2106400,"S"
"DBC","10:18:56",24.15,0.15,100,2105300,"S"
"DBC","10:18:52",24.15,0.15,5000,2105200,"S"
"DBC","10:18:19",24.1,0.1,41500,2100200,"S"
"DBC","10:18:19",24.1,0.1,10000,2058700,"S"
"DBC","10:18:18",24.1,0.1,4000,2048700,"S"
"DBC","10:18:09",24.1,0.1,4100,2044700,"S"
"DBC","10:18:08",24.1,0.1,5000,2040600,"S"
"DBC","10:18:00",24.1,0.1,100,2035600,"S"
"DBC","10:17:54",24.1,0.1,32000,2035500,"S"
"DBC","10:17:47",24.1,0.1,500,2003500,"S"
"DBC","10:17:36",24.1,0.1,800,2003000,"S"
"DBC","10:17:24",24.1,0.1,200,2002200,"S"
"DBC","10:16:52",24.05,0.05,400,2002000,"S"
"DBC","10:16:33",24.05,0.05,2000,2001600,"S"
"DBC","10:16:25",24,0,6500,1999600,"S"
"DBC","10:16:23",24,0,23000,1993100,"S"
"DBC","10:16:21",24,0,2100,1970100,"S"
"DBC","10:16:19",24,0,2000,1968000,"S"
"DBC","10:16:18",24,0,1000,1966000,"S"
"DBC","10:16:07",24,0,20000,1965000,"S"
"DBC","10:14:59",23.95,-0.05,500,1945000,"S"
"DBC","10:14:56",23.95,-0.05,100,1944500,"S"
"DBC","10:14:52",23.95,-0.05,2000,1944400,"S"
"DBC","10:14:51",23.95,-0.05,200,1942400,"S"
"DBC","10:14:49",23.95,-0.05,3200,1942200,"S"
"DBC","10:14:46",23.95,-0.05,500,1939000,"S"
"DBC","10:14:45",23.95,-0.05,300,1938500,"S"
"DBC","10:14:42",23.95,-0.05,200,1938200,"B"
"DBC","10:14:41",23.95,-0.05,2000,1938000,"B"
"DBC","10:14:39",23.95,-0.05,2800,1936000,"S"
"DBC","10:14:35",23.95,-0.05,3000,1933200,"S"
"DBC","10:14:34",23.95,-0.05,1500,1930200,"S"
"DBC","10:14:29",23.95,-0.05,28900,1928700,"S"
"DBC","10:13:43",23.95,-0.05,1000,1899800,"S"
"DBC","10:13:33",23.9,-0.1,700,1898800,"B"
"DBC","10:12:57",23.9,-0.1,20000,1898100,"B"
"DBC","10:12:46",23.9,-0.1,400,1878100,"S"
"DBC","10:12:44",23.9,-0.1,20000,1877700,"S"
"DBC","10:12:36",23.85,-0.15,300,1857700,"B"
"DBC","10:12:23",23.9,-0.1,1000,1857400,"S"
"DBC","10:12:10",23.9,-0.1,200,1856400,"S"
"DBC","10:12:10",23.9,-0.1,400,1856200,"S"
"DBC","10:12:04",23.85,-0.15,500,1855800,"B"
"DBC","10:11:15",23.85,-0.15,11400,1855300,"B"
"DBC","10:11:14",23.9,-0.1,500,1843900,"S"
"DBC","10:10:56",23.9,-0.1,5000,1843400,"S"
"DBC","10:10:22",23.85,-0.15,1000,1838400,"B"
"DBC","10:10:20",23.9,-0.1,200,1837400,"S"
"DBC","10:10:09",23.9,-0.1,100,1837200,"S"
"DBC","10:09:43",23.9,-0.1,5000,1837100,"S"
"DBC","10:08:37",23.9,-0.1,2000,1832100,"S"
"DBC","10:08:24",23.85,-0.15,500,1830100,"B"
"DBC","10:07:14",23.9,-0.1,11800,1829600,"S"
"DBC","10:06:54",23.9,-0.1,2700,1817800,"S"
"DBC","10:05:51",23.85,-0.15,400,1815100,"B"
"DBC","10:05:42",23.85,-0.15,5900,1814700,"S"
"DBC","10:05:17",23.85,-0.15,200,1808800,"S"
"DBC","10:05:14",23.85,-0.15,700,1808600,"S"
"DBC","10:04:57",23.85,-0.15,6300,1807900,"S"
"DBC","10:04:55",23.8,-0.2,500,1801600,"B"
"DBC","10:04:20",23.85,-0.15,2500,1801100,"B"
"DBC","10:04:12",23.85,-0.15,2000,1798600,"B"
"DBC","10:04:10",23.85,-0.15,100,1796600,"B"
"DBC","10:03:41",23.85,-0.15,5600,1796500,"B"
"DBC","10:03:31",23.85,-0.15,200,1790900,"B"
"DBC","10:03:25",23.85,-0.15,1000,1790700,"B"
"DBC","10:03:16",23.85,-0.15,1500,1789700,"B"
"DBC","10:03:09",23.85,-0.15,1000,1788200,"B"
"DBC","10:03:08",23.9,-0.1,1000,1787200,"S"
"DBC","10:03:06",23.85,-0.15,100,1786200,"S"
"DBC","10:03:01",23.8,-0.2,100,1786100,"B"
"DBC","10:02:32",23.8,-0.2,600,1786000,"B"
"DBC","10:02:28",23.8,-0.2,400,1785400,"B"
"DBC","10:01:44",23.85,-0.15,300,1785000,"S"
"DBC","10:01:39",23.85,-0.15,19200,1784700,"B"
"DBC","10:01:33",23.85,-0.15,5000,1765500,"B"
"DBC","10:01:11",23.9,-0.1,11700,1760500,"B"
"DBC","10:01:10",23.9,-0.1,8300,1748800,"B"
"DBC","10:01:07",23.9,-0.1,1500,1740500,"B"
"DBC","10:01:07",23.9,-0.1,300,1739000,"B"
"DBC","10:00:23",23.95,-0.05,800,1738700,"B"
"DBC","10:00:06",23.95,-0.05,4200,1737900,"S"
"DBC","09:59:53",23.95,-0.05,11600,1733700,"S"
"DBC","09:59:51",23.9,-0.1,1000,1722100,"B"
"DBC","09:58:52",23.9,-0.1,80000,1721100,"B"
"DBC","09:58:38",23.95,-0.05,400,1641100,"S"
"DBC","09:58:11",23.9,-0.1,1000,1640700,"B"
"DBC","09:57:31",23.9,-0.1,8800,1639700,"B"
"DBC","09:57:28",23.95,-0.05,1000,1630900,"S"
"DBC","09:56:58",23.95,-0.05,100,1629900,"S"
"DBC","09:56:46",23.95,-0.05,500,1629800,"S"
"DBC","09:56:30",23.95,-0.05,500,1629300,"S"
"DBC","09:56:28",23.95,-0.05,600,1628800,"S"
"DBC","09:56:04",23.95,-0.05,10000,1628200,"S"
"DBC","09:55:49",23.9,-0.1,100,1618200,"B"
"DBC","09:55:28",23.95,-0.05,20000,1618100,"S"
"DBC","09:54:05",23.95,-0.05,1000,1598100,"S"
"DBC","09:53:43",23.9,-0.1,1000,1597100,"B"
"DBC","09:53:20",23.9,-0.1,2100,1596100,"B"
"DBC","09:52:59",23.95,-0.05,100,1594000,"S"
"DBC","09:52:53",23.9,-0.1,7500,1593900,"B"
"DBC","09:52:37",23.95,-0.05,100,1586400,"S"
"DBC","09:52:19",23.95,-0.05,2000,1586300,"S"
"DBC","09:52:18",23.95,-0.05,400,1584300,"S"
"DBC","09:52:14",23.9,-0.1,400,1583900,"B"
"DBC","09:51:47",23.95,-0.05,19100,1583500,"B"
"DBC","09:51:36",24,0,3000,1564400,"S"
"DBC","09:51:24",24,0,10000,1561400,"S"
"DBC","09:51:16",23.95,-0.05,200,1551400,"B"
"DBC","09:51:02",24,0,17700,1551200,"B"
"DBC","09:50:55",24.05,0.05,5000,1533500,"S"
"DBC","09:50:26",24,0,200,1528500,"B"
"DBC","09:50:10",24,0,100,1528300,"B"
"DBC","09:49:49",24,0,10000,1528200,"B"
"DBC","09:49:17",24,0,2600,1518200,"B"
"DBC","09:49:00",24.05,0.05,1000,1515600,"S"
"DBC","09:48:28",24,0,1000,1514600,"B"
"DBC","09:48:24",24.05,0.05,9800,1513600,"S"
"DBC","09:48:10",24,0,1600,1503800,"B"
"DBC","09:48:06",24,0,200,1502200,"B"
"DBC","09:48:01",24,0,2400,1502000,"S"
"DBC","09:48:00",24,0,2700,1499600,"S"
"DBC","09:47:57",24,0,3000,1496900,"S"
"DBC","09:47:36",24,0,3500,1493900,"S"
"DBC","09:47:00",23.95,-0.05,4700,1490400,"B"
"DBC","09:47:00",24,0,7700,1485700,"B"
"DBC","09:46:48",24,0,500,1478000,"B"
"DBC","09:46:28",24,0,500,1477500,"B"
"DBC","09:46:25",24,0,15300,1477000,"S"
"DBC","09:46:23",24,0,300,1461700,"S"
"DBC","09:46:19",24,0,500,1461400,"S"
"DBC","09:46:16",24,0,5000,1460900,"S"
"DBC","09:46:15",24,0,100,1455900,"S"
"DBC","09:45:54",24,0,26500,1455800,"S"
"DBC","09:45:52",24,0,1000,1429300,"S"
"DBC","09:45:45",24,0,500,1428300,"S"
"DBC","09:45:44",24,0,1000,1427800,"S"
"DBC","09:45:42",24,0,1000,1426800,"S"
"DBC","09:45:40",24,0,5000,1425800,"S"
"DBC","09:45:30",24,0,5000,1420800,"S"
"DBC","09:45:28",24,0,20000,1415800,"S"
"DBC","09:45:27",24,0,1500,1395800,"S"
"DBC","09:45:26",24,0,1000,1394300,"S"
"DBC","09:45:19",24,0,5000,1393300,"S"
"DBC","09:45:14",24,0,10000,1388300,"S"
"DBC","09:45:08",24,0,10000,1378300,"S"
"DBC","09:44:52",23.95,-0.05,10000,1368300,"B"
"DBC","09:44:43",24,0,16200,1358300,"S"
"DBC","09:44:42",24,0,23800,1342100,"S"
"DBC","09:44:30",23.95,-0.05,100,1318300,"B"
"DBC","09:44:17",23.95,-0.05,5000,1318200,"B"
"DBC","09:44:16",23.95,-0.05,500,1313200,"B"
"DBC","09:44:12",24,0,2000,1312700,"S"
"DBC","09:44:09",24,0,30000,1310700,"S"
"DBC","09:44:04",24,0,100,1280700,"S"
"DBC","09:44:01",24,0,1000,1280600,"S"
"DBC","09:43:36",24,0,10000,1279600,"S"
"DBC","09:43:28",23.95,-0.05,10000,1269600,"B"
"DBC","09:43:28",24,0,30000,1259600,"S"
"DBC","09:43:23",24,0,800,1229600,"S"
"DBC","09:43:17",23.95,-0.05,1000,1228800,"B"
"DBC","09:42:59",24,0,100,1227800,"S"
"DBC","09:42:58",24,0,1200,1227700,"S"
"DBC","09:42:57",24,0,500,1226500,"S"
"DBC","09:42:53",24,0,500,1226000,"S"
"DBC","09:42:32",24,0,1400,1225500,"S"
"DBC","09:42:22",23.95,-0.05,100,1224100,"B"
"DBC","09:41:59",23.9,-0.1,900,1224000,"B"
"DBC","09:41:59",23.95,-0.05,1100,1223100,"B"
"DBC","09:41:56",23.95,-0.05,14900,1222000,"S"
"DBC","09:41:55",23.95,-0.05,500,1207100,"S"
"DBC","09:41:42",23.95,-0.05,10000,1206600,"S"
"DBC","09:41:03",23.9,-0.1,2000,1196600,"B"
"DBC","09:40:59",23.9,-0.1,300,1194600,"B"
"DBC","09:40:30",23.9,-0.1,1200,1194300,"B"
"DBC","09:40:00",23.9,-0.1,3800,1193100,"S"
"DBC","09:39:43",23.9,-0.1,1700,1189300,"B"
"DBC","09:39:38",23.9,-0.1,2000,1187600,"S"
"DBC","09:39:28",23.85,-0.15,10000,1185600,"B"
"DBC","09:39:22",23.9,-0.1,9000,1175600,"S"
"DBC","09:39:22",23.9,-0.1,1000,1166600,"S"
"DBC","09:39:15",23.9,-0.1,600,1165600,"S"
"DBC","09:39:14",23.9,-0.1,1700,1165000,"S"
"DBC","09:39:14",23.85,-0.15,1000,1163300,"B"
"DBC","09:38:54",23.85,-0.15,4800,1162300,"B"
"DBC","09:38:53",23.85,-0.15,10000,1157500,"B"
"DBC","09:38:41",23.9,-0.1,2000,1147500,"S"
"DBC","09:38:00",23.85,-0.15,200,1145500,"S"
"DBC","09:37:56",23.85,-0.15,4800,1145300,"B"
"DBC","09:37:53",23.9,-0.1,5000,1140500,"S"
"DBC","09:37:45",23.85,-0.15,100,1135500,"B"
"DBC","09:37:44",23.85,-0.15,8000,1135400,"B"
"DBC","09:37:44",23.85,-0.15,300,1127400,"B"
"DBC","09:37:34",23.85,-0.15,100,1127100,"B"
"DBC","09:37:27",23.85,-0.15,600,1127000,"B"
"DBC","09:37:22",23.85,-0.15,3000,1126400,"B"
"DBC","09:37:16",23.85,-0.15,100,1123400,"S"
"DBC","09:37:09",23.8,-0.2,7600,1123300,"B"
"DBC","09:37:09",23.85,-0.15,6900,1115700,"B"
"DBC","09:37:06",23.85,-0.15,100,1108800,"B"
"DBC","09:37:05",23.85,-0.15,100,1108700,"B"
"DBC","09:37:02",23.85,-0.15,900,1108600,"S"
"DBC","09:36:57",23.85,-0.15,4100,1107700,"B"
"DBC","09:36:43",23.85,-0.15,15000,1103600,"B"
"DBC","09:36:17",23.9,-0.1,6100,1088600,"S"
"DBC","09:36:14",23.9,-0.1,500,1082500,"S"
"DBC","09:36:05",23.9,-0.1,500,1082000,"S"
"DBC","09:35:48",23.9,-0.1,100,1081500,"S"
"DBC","09:35:47",23.85,-0.15,2000,1081400,"B"
"DBC","09:35:45",23.85,-0.15,200,1079400,"B"
"DBC","09:35:42",23.85,-0.15,200,1079200,"B"
"DBC","09:35:17",23.85,-0.15,100,1079000,"B"
"DBC","09:35:15",23.85,-0.15,2000,1078900,"B"
"DBC","09:35:06",23.85,-0.15,5000,1076900,"B"
"DBC","09:35:04",23.85,-0.15,4400,1071900,"B"
"DBC","09:34:53",23.85,-0.15,200,1067500,"B"
"DBC","09:34:48",23.85,-0.15,500,1067300,"B"
"DBC","09:34:47",23.85,-0.15,500,1066800,"B"
"DBC","09:34:42",23.85,-0.15,100,1066300,"B"
"DBC","09:34:37",23.85,-0.15,1100,1066200,"B"
"DBC","09:34:33",23.9,-0.1,1000,1065100,"S"
"DBC","09:34:22",23.85,-0.15,6000,1064100,"B"
"DBC","09:34:10",23.85,-0.15,1000,1058100,"B"
"DBC","09:34:00",23.85,-0.15,200,1057100,"B"
"DBC","09:33:40",23.85,-0.15,100,1056900,"B"
"DBC","09:33:33",23.9,-0.1,6800,1056800,"S"
"DBC","09:33:27",23.85,-0.15,200,1050000,"B"
"DBC","09:33:19",23.85,-0.15,3000,1049800,"B"
"DBC","09:33:11",23.9,-0.1,7000,1046800,"B"
"DBC","09:33:09",23.9,-0.1,1000,1039800,"B"
"DBC","09:32:57",23.9,-0.1,1400,1038800,"B"
"DBC","09:32:56",23.9,-0.1,300,1037400,"B"
"DBC","09:32:55",23.9,-0.1,1000,1037100,"B"
"DBC","09:32:52",23.9,-0.1,3500,1036100,"B"
"DBC","09:32:44",23.95,-0.05,6200,1032600,"B"
"DBC","09:32:43",23.95,-0.05,4800,1026400,"B"
"DBC","09:32:37",23.95,-0.05,500,1021600,"B"
"DBC","09:32:35",23.95,-0.05,2000,1021100,"B"
"DBC","09:32:34",23.95,-0.05,100,1019100,"B"
"DBC","09:32:32",23.95,-0.05,1000,1019000,"B"
"DBC","09:32:32",23.95,-0.05,400,1018000,"B"
"DBC","09:32:31",23.95,-0.05,1500,1017600,"B"
"DBC","09:32:28",23.95,-0.05,1000,1016100,"B"
"DBC","09:32:28",23.95,-0.05,200,1015100,"B"
"DBC","09:32:26",23.95,-0.05,30500,1014900,"B"
"DBC","09:32:24",23.95,-0.05,18600,984400,"B"
"DBC","09:32:05",23.95,-0.05,10000,965800,"B"
"DBC","09:31:32",24,0,500,955800,"S"
"DBC","09:31:31",24,0,1400,955300,"B"
"DBC","09:31:25",24,0,5000,953900,"B"
"DBC","09:31:21",24,0,10000,948900,"B"
"DBC","09:31:07",24,0,1000,938900,"B"
"DBC","09:30:59",24,0,100,937900,"B"
"DBC","09:30:56",24,0,400,937800,"B"
"DBC","09:30:36",24,0,4000,937400,"B"
"DBC","09:30:32",24,0,1000,933400,"B"
"DBC","09:30:25",24,0,200,932400,"B"
"DBC","09:30:23",24,0,1000,932200,"B"
"DBC","09:30:18",24.05,0.05,9600,931200,"S"
"DBC","09:30:18",24,0,4400,921600,"S"
"DBC","09:30:15",24,0,5000,917200,"S"
"DBC","09:30:12",24,0,2700,912200,"B"
"DBC","09:30:07",24,0,100,909500,"B"
"DBC","09:30:05",24,0,3800,909400,"S"
"DBC","09:29:58",24,0,1600,905600,"B"
"DBC","09:29:56",24,0,100,904000,"B"
"DBC","09:29:47",24,0,30000,903900,"B"
"DBC","09:29:43",24,0,1000,873900,"B"
"DBC","09:29:38",24.05,0.05,900,872900,"S"
"DBC","09:29:22",24.05,0.05,2000,872000,"S"
"DBC","09:29:18",24,0,200,870000,"B"
"DBC","09:29:15",24,0,2000,869800,"B"
"DBC","09:29:01",24.05,0.05,1500,867800,"S"
"DBC","09:28:59",24,0,200,866300,"B"
"DBC","09:28:51",24.05,0.05,13000,866100,"B"
"DBC","09:28:45",24.05,0.05,20000,853100,"B"
"DBC","09:28:41",24.1,0.1,2200,833100,"S"
"DBC","09:28:34",24.1,0.1,500,830900,"S"
"DBC","09:28:31",24.1,0.1,300,830400,"S"
"DBC","09:28:30",24.1,0.1,94000,830100,"B"
"DBC","09:28:28",24.15,0.15,10000,736100,"S"
"DBC","09:28:14",24.15,0.15,26600,726100,"B"
"DBC","09:27:59",24.2,0.2,400,699500,"S"
"DBC","09:27:53",24.2,0.2,2000,699100,"S"
"DBC","09:27:50",24.2,0.2,5000,697100,"S"
"DBC","09:27:44",24.2,0.2,200,692100,"S"
"DBC","09:27:34",24.2,0.2,10000,691900,"S"
"DBC","09:27:25",24.2,0.2,2000,681900,"S"
"DBC","09:27:23",24.15,0.15,100,679900,"B"
"DBC","09:27:22",24.15,0.15,100,679800,"B"
"DBC","09:27:21",24.2,0.2,1000,679700,"S"
"DBC","09:27:21",24.15,0.15,5000,678700,"B"
"DBC","09:27:16",24.2,0.2,900,673700,"S"
"DBC","09:27:11",24.2,0.2,1000,672800,"S"
"DBC","09:27:03",24.2,0.2,4100,671800,"S"
"DBC","09:26:57",24.2,0.2,500,667700,"S"
"DBC","09:26:56",24.2,0.2,1000,667200,"S"
"DBC","09:26:39",24.2,0.2,1000,666200,"S"
"DBC","09:26:30",24.15,0.15,100,665200,"B"
"DBC","09:26:24",24.15,0.15,100,665100,"S"
"DBC","09:26:21",24.15,0.15,100,665000,"S"
"DBC","09:26:19",24.15,0.15,800,664900,"B"
"DBC","09:26:17",24.15,0.15,200,664100,"S"
"DBC","09:26:16",24.15,0.15,500,663900,"S"
"DBC","09:26:12",24.15,0.15,500,663400,"S"
"DBC","09:26:11",24.15,0.15,400,662900,"S"
"DBC","09:26:09",24.15,0.15,1000,662500,"S"
"DBC","09:26:02",24.15,0.15,5000,661500,"S"
"DBC","09:25:57",24.1,0.1,700,656500,"S"
"DBC","09:25:51",24.1,0.1,300,655800,"S"
"DBC","09:25:47",24.1,0.1,100,655500,"S"
"DBC","09:25:46",24.1,0.1,400,655400,"S"
"DBC","09:25:45",24.1,0.1,2000,655000,"S"
"DBC","09:25:33",24.1,0.1,29800,653000,"S"
"DBC","09:25:27",24,0,10300,623000,"S"
"DBC","09:25:26",24,0,1000,612700,"S"
"DBC","09:25:25",24,0,4000,611700,"S"
"DBC","09:25:25",24,0,5000,607700,"S"
"DBC","09:25:24",24,0,200,602700,"S"
"DBC","09:25:23",24,0,9500,602500,"S"
"DBC","09:25:22",24,0,10000,593000,"S"
"DBC","09:25:18",24,0,60000,583000,"S"
"DBC","09:25:17",24,0,24600,523000,"S"
"DBC","09:25:12",24,0,500,498400,"S"
"DBC","09:25:09",24,0,17400,497900,"S"
"DBC","09:25:08",24,0,3600,480500,"S"
"DBC","09:25:00",24,0,4300,476900,"S"
"DBC","09:24:57",24,0,500,472600,"S"
"DBC","09:24:55",24,0,10000,472100,"S"
"DBC","09:24:52",24,0,400,462100,"S"
"DBC","09:24:44",24,0,1200,461700,"S"
"DBC","09:24:39",24,0,100,460500,"S"
"DBC","09:24:37",24,0,600,460400,"S"
"DBC","09:24:33",23.95,-0.05,100,459800,"B"
"DBC","09:24:31",24,0,10000,459700,"S"
"DBC","09:24:21",24,0,3000,449700,"S"
"DBC","09:24:17",24,0,3000,446700,"S"
"DBC","09:24:16",24,0,100,443700,"S"
"DBC","09:24:14",24,0,100,443600,"S"
"DBC","09:24:10",24,0,1000,443500,"S"
"DBC","09:24:10",23.95,-0.05,500,442500,"B"
"DBC","09:24:04",24,0,4000,442000,"S"
"DBC","09:24:03",24,0,1500,438000,"S"
"DBC","09:24:01",23.95,-0.05,100,436500,"B"
"DBC","09:24:00",24,0,1000,436400,"S"
"DBC","09:23:38",23.95,-0.05,1000,435400,"B"
"DBC","09:23:26",24,0,5000,434400,"S"
"DBC","09:23:17",23.95,-0.05,200,429400,"S"
"DBC","09:23:14",23.95,-0.05,20000,429200,"S"
"DBC","09:23:11",23.95,-0.05,200,409200,"S"
"DBC","09:22:59",23.95,-0.05,100,409000,"S"
"DBC","09:22:48",23.9,-0.1,29800,408900,"S"
"DBC","09:22:47",23.9,-0.1,900,379100,"S"
"DBC","09:22:46",23.9,-0.1,100,378200,"S"
"DBC","09:22:44",23.9,-0.1,100,378100,"S"
"DBC","09:22:39",23.85,-0.15,300,378000,"B"
"DBC","09:22:37",23.9,-0.1,1000,377700,"S"
"DBC","09:22:36",23.9,-0.1,33000,376700,"S"
"DBC","09:22:27",23.9,-0.1,100,343700,"S"
"DBC","09:22:26",23.85,-0.15,3000,343600,"B"
"DBC","09:22:21",23.9,-0.1,2000,340600,"S"
"DBC","09:22:18",23.85,-0.15,3500,338600,"S"
"DBC","09:22:18",23.8,-0.2,100,335100,"S"
"DBC","09:22:14",23.8,-0.2,700,333700,"S"
"DBC","09:22:13",23.8,-0.2,36800,333000,"B"
"DBC","09:22:09",23.8,-0.2,3200,296200,"B"
"DBC","09:22:07",23.8,-0.2,100,293000,"B"
"DBC","09:22:06",23.85,-0.15,100,292900,"S"
"DBC","09:22:02",23.8,-0.2,1300,292800,"B"
"DBC","09:21:58",23.8,-0.2,100,291500,"B"
"DBC","09:21:57",23.75,-0.25,2800,291400,"B"
"DBC","09:21:57",23.8,-0.2,10000,288600,"S"
"DBC","09:21:56",23.8,-0.2,600,278600,"S"
"DBC","09:21:44",23.8,-0.2,300,278000,"B"
"DBC","09:21:43",23.8,-0.2,200,277700,"S"
"DBC","09:21:41",23.8,-0.2,300,277500,"B"
"DBC","09:21:38",23.8,-0.2,700,277200,"S"
"DBC","09:21:36",23.75,-0.25,1500,276500,"B"
"DBC","09:21:02",23.8,-0.2,500,275000,"S"
"DBC","09:21:02",23.75,-0.25,1500,274500,"S"
"DBC","09:20:37",23.7,-0.3,3000,273000,"B"
"DBC","09:20:33",23.7,-0.3,2000,270000,"B"
"DBC","09:20:23",23.7,-0.3,1400,268000,"B"
"DBC","09:20:23",23.8,-0.2,600,266600,"B"
"DBC","09:20:21",23.8,-0.2,2400,266000,"S"
"DBC","09:20:05",23.8,-0.2,900,263600,"S"
"DBC","09:20:02",23.7,-0.3,5000,262700,"B"
"DBC","09:20:00",23.8,-0.2,2800,257700,"S"
"DBC","09:19:51",23.7,-0.3,500,254900,"B"
"DBC","09:19:48",23.7,-0.3,20000,254400,"B"
"DBC","09:19:45",23.7,-0.3,2000,234400,"B"
"DBC","09:19:44",23.8,-0.2,100,232400,"S"
"DBC","09:19:38",23.7,-0.3,1000,232300,"B"
"DBC","09:19:32",23.7,-0.3,100,231300,"B"
"DBC","09:19:28",23.7,-0.3,5000,231200,"B"
"DBC","09:19:28",23.7,-0.3,100,226200,"B"
"DBC","09:19:21",23.7,-0.3,2000,226100,"B"
"DBC","09:19:17",23.7,-0.3,1200,224100,"B"
"DBC","09:19:17",23.75,-0.25,300,222900,"B"
"DBC","09:19:10",23.7,-0.3,3000,222600,"B"
"DBC","09:19:09",23.7,-0.3,2000,219600,"B"
"DBC","09:19:00",23.7,-0.3,8700,217600,"S"
"DBC","09:18:58",23.7,-0.3,10000,208900,"S"
"DBC","09:18:57",23.7,-0.3,1300,198900,"B"
"DBC","09:18:54",23.7,-0.3,3000,197600,"B"
"DBC","09:18:52",23.7,-0.3,7100,194600,"S"
"DBC","09:18:51",23.7,-0.3,1000,187500,"S"
"DBC","09:18:49",23.7,-0.3,200,186500,"S"
"DBC","09:18:42",23.7,-0.3,5000,186300,"S"
"DBC","09:18:39",23.65,-0.35,1000,181300,"B"
"DBC","09:18:33",23.7,-0.3,3000,180300,"S"
"DBC","09:18:33",23.7,-0.3,500,177300,"S"
"DBC","09:18:32",23.7,-0.3,100,176800,"S"
"DBC","09:18:28",23.7,-0.3,100,176700,"S"
"DBC","09:18:25",23.7,-0.3,18900,176600,"B"
"DBC","09:18:25",23.75,-0.25,600,157700,"B"
"DBC","09:18:19",23.75,-0.25,400,157100,"B"
"DBC","09:18:13",23.7,-0.3,4500,156700,"B"
"DBC","09:18:05",23.7,-0.3,100,152200,"B"
"DBC","09:18:05",23.75,-0.25,100,152100,"B"
"DBC","09:17:58",23.7,-0.3,1500,152000,"B"
"DBC","09:17:49",23.7,-0.3,200,150500,"B"
"DBC","09:17:44",23.7,-0.3,900,150300,"B"
"DBC","09:17:44",23.7,-0.3,1000,149400,"B"
"DBC","09:17:34",23.7,-0.3,400,148400,"B"
"DBC","09:17:30",23.7,-0.3,1000,148000,"B"
"DBC","09:17:30",23.75,-0.25,1000,147000,"B"
"DBC","09:17:29",23.75,-0.25,200,146000,"S"
"DBC","09:17:18",23.7,-0.3,2000,145800,"B"
"DBC","09:17:13",23.7,-0.3,900,143800,"B"
"DBC","09:17:04",23.7,-0.3,400,142900,"B"
"DBC","09:17:03",23.7,-0.3,500,142500,"B"
"DBC","09:16:44",23.7,-0.3,2900,142000,"B"
"DBC","09:16:34",23.7,-0.3,2000,139100,"B"
"DBC","09:16:32",23.7,-0.3,4800,137100,"B"
"DBC","09:16:28",23.7,-0.3,300,132300,"B"
"DBC","09:16:09",23.7,-0.3,4300,132000,"B"
"DBC","09:16:07",23.9,-0.1,5000,127700,"S"
"DBC","09:15:44",23.7,-0.3,3600,122700,"B"
"DBC","09:15:44",23.85,-0.15,1400,119100,"B"
"DBC","09:15:38",23.9,-0.1,600,117700,"S"
"DBC","09:15:34",23.85,-0.15,1000,117100,"S"
"DBC","09:15:26",23.85,-0.15,2000,116100,"S"
"DBC","09:15:26",23.7,-0.3,2000,114100,"S"
"DBC","09:15:10",23.6,-0.4,4000,112100,"B"
"DBC","09:15:03",23.6,-0.4,108100,108100,
