"symbol","time","price","change","vol","total","side"
"NHH","14:45:05",20.15,-1.5,17700,1273500,
"NHH","14:30:02",20.15,-1.5,1000,1255800,"S"
"NHH","14:30:01",20.15,-1.5,100,1254800,"S"
"NHH","14:30:01",20.15,-1.5,5000,1254700,"S"
"NHH","14:29:58",20.15,-1.5,3000,1249700,"S"
"NHH","14:29:51",20.15,-1.5,6900,1246700,"S"
"NHH","14:29:46",20.15,-1.5,300,1239800,"S"
"NHH","14:29:45",20.15,-1.5,5000,1239500,"S"
"NHH","14:29:40",20.15,-1.5,1000,1234500,"S"
"NHH","14:29:39",20.15,-1.5,100,1233500,"S"
"NHH","14:29:38",20.15,-1.5,1500,1233400,"S"
"NHH","14:29:35",20.15,-1.5,200,1231900,"S"
"NHH","14:29:34",20.15,-1.5,100,1231700,"S"
"NHH","14:29:26",20.15,-1.5,1300,1231600,"S"
"NHH","14:29:20",20.15,-1.5,200,1230300,"S"
"NHH","14:29:19",20.15,-1.5,1600,1230100,"S"
"NHH","14:29:17",20.15,-1.5,500,1228500,"S"
"NHH","14:29:16",20.15,-1.5,100,1228000,"S"
"NHH","14:29:11",20.15,-1.5,100,1227900,"S"
"NHH","14:29:10",20.15,-1.5,400,1227800,"S"
"NHH","14:29:05",20.15,-1.5,1600,1227400,"S"
"NHH","14:29:03",20.15,-1.5,100,1225800,"S"
"NHH","14:29:02",20.15,-1.5,300,1225700,"S"
"NHH","14:29:01",20.15,-1.5,16200,1225400,"B"
"NHH","14:29:01",20.2,-1.45,2000,1209200,"B"
"NHH","14:28:49",20.2,-1.45,3700,1207200,"B"
"NHH","14:28:49",20.25,-1.4,1000,1203500,"B"
"NHH","14:28:49",20.3,-1.35,200,1202500,"B"
"NHH","14:28:48",20.3,-1.35,1500,1202300,"B"
"NHH","14:28:42",20.4,-1.25,700,1200800,"S"
"NHH","14:28:36",20.4,-1.25,500,1200100,"B"
"NHH","14:28:28",20.5,-1.15,400,1199600,"S"
"NHH","14:28:25",20.5,-1.15,100,1199200,"S"
"NHH","14:28:17",20.5,-1.15,300,1199100,"S"
"NHH","14:28:03",20.3,-1.35,600,1198800,"B"
"NHH","14:28:03",20.35,-1.3,1000,1198200,"B"
"NHH","14:28:03",20.4,-1.25,3300,1197200,"B"
"NHH","14:27:49",20.6,-1.05,1800,1193900,"S"
"NHH","14:27:44",20.6,-1.05,1000,1192100,"S"
"NHH","14:27:26",20.6,-1.05,400,1191100,"S"
"NHH","14:27:26",20.55,-1.1,500,1190700,"S"
"NHH","14:27:20",20.5,-1.15,600,1190200,"S"
"NHH","14:27:20",20.45,-1.2,1000,1189600,"S"
"NHH","14:27:13",20.4,-1.25,4000,1188600,"B"
"NHH","14:27:11",20.4,-1.25,4500,1184600,"B"
"NHH","14:27:11",20.45,-1.2,400,1180100,"B"
"NHH","14:27:09",20.45,-1.2,4600,1179700,"S"
"NHH","14:27:06",20.45,-1.2,100,1175100,"S"
"NHH","14:26:53",20.45,-1.2,1900,1175000,"S"
"NHH","14:26:51",20.4,-1.25,1000,1173100,"B"
"NHH","14:26:48",20.4,-1.25,100,1172100,"B"
"NHH","14:26:42",20.4,-1.25,500,1172000,"B"
"NHH","14:26:37",20.4,-1.25,100,1171500,"S"
"NHH","14:26:34",20.4,-1.25,3400,1171400,"S"
"NHH","14:26:16",20.4,-1.25,1500,1168000,"S"
"NHH","14:26:14",20.2,-1.45,300,1166500,"S"
"NHH","14:26:13",20.2,-1.45,1000,1166200,"S"
"NHH","14:26:08",20.15,-1.5,100,1165200,"B"
"NHH","14:25:59",20.15,-1.5,2000,1165100,"S"
"NHH","14:25:58",20.15,-1.5,2100,1163100,"S"
"NHH","14:25:57",20.15,-1.5,4000,1161000,"S"
"NHH","14:25:55",20.15,-1.5,5900,1157000,"S"
"NHH","14:25:52",20.15,-1.5,100,1151100,"S"
"NHH","14:25:50",20.15,-1.5,600,1151000,"S"
"NHH","14:25:49",20.15,-1.5,1200,1150400,"S"
"NHH","14:25:47",20.15,-1.5,10100,1149200,"S"
"NHH","14:25:46",20.15,-1.5,1000,1139100,"S"
"NHH","14:25:45",20.15,-1.5,1000,1138100,"S"
"NHH","14:25:44",20.15,-1.5,1000,1137100,"S"
"NHH","14:25:42",20.15,-1.5,2100,1136100,"S"
"NHH","14:25:40",20.15,-1.5,2900,1134000,"S"
"NHH","14:25:39",20.15,-1.5,2000,1131100,"S"
"NHH","14:25:36",20.15,-1.5,200,1129100,"S"
"NHH","14:25:33",20.15,-1.5,10000,1128900,"S"
"NHH","14:25:32",20.15,-1.5,1000,1118900,"S"
"NHH","14:25:31",20.15,-1.5,100,1117900,"S"
"NHH","14:25:20",20.15,-1.5,1000,1117800,"S"
"NHH","14:25:18",20.15,-1.5,200,1116800,"S"
"NHH","14:25:17",20.15,-1.5,2000,1116600,"S"
"NHH","14:25:12",20.15,-1.5,300,1114600,"S"
"NHH","14:25:06",20.15,-1.5,1000,1114300,"S"
"NHH","14:25:04",20.15,-1.5,5200,1113300,"S"
"NHH","14:25:00",20.15,-1.5,300,1108100,"S"
"NHH","14:24:59",20.15,-1.5,200,1107800,"S"
"NHH","14:24:58",20.15,-1.5,1700,1107600,"S"
"NHH","14:24:58",20.15,-1.5,100,1105900,"S"
"NHH","14:24:56",20.15,-1.5,8100,1105800,"S"
"NHH","14:24:49",20.15,-1.5,500,1097700,"S"
"NHH","14:24:40",20.15,-1.5,2100,1097200,"S"
"NHH","14:24:39",20.15,-1.5,100,1095100,"S"
"NHH","14:24:38",20.15,-1.5,100,1095000,"S"
"NHH","14:24:37",20.15,-1.5,200,1094900,"S"
"NHH","14:24:32",20.15,-1.5,4700,1094700,"B"
"NHH","14:24:31",20.15,-1.5,10000,1090000,"B"
"NHH","14:24:25",20.2,-1.45,1000,1080000,"S"
"NHH","14:24:22",20.2,-1.45,7700,1079000,"B"
"NHH","14:24:14",20.2,-1.45,100,1071300,"B"
"NHH","14:24:04",20.25,-1.4,300,1071200,"S"
"NHH","14:23:57",20.25,-1.4,2200,1070900,"B"
"NHH","14:23:19",20.25,-1.4,3600,1068700,"B"
"NHH","14:23:19",20.3,-1.35,1300,1065100,"B"
"NHH","14:23:15",20.3,-1.35,800,1063800,"B"
"NHH","14:23:07",20.3,-1.35,300,1063000,"B"
"NHH","14:22:52",20.3,-1.35,3000,1062700,"B"
"NHH","14:22:46",20.35,-1.3,2000,1059700,"B"
"NHH","14:22:35",20.35,-1.3,1700,1057700,"B"
"NHH","14:22:28",20.35,-1.3,800,1056000,"B"
"NHH","14:22:28",20.35,-1.3,1500,1055200,"B"
"NHH","14:22:28",20.4,-1.25,3400,1053700,"B"
"NHH","14:21:41",20.5,-1.15,9500,1050300,"B"
"NHH","14:21:25",20.5,-1.15,4900,1040800,"B"
"NHH","14:20:53",20.5,-1.15,200,1035900,"B"
"NHH","14:20:34",20.5,-1.15,1900,1035700,"B"
"NHH","14:20:34",20.6,-1.05,3000,1033800,"B"
"NHH","14:20:26",20.5,-1.15,600,1030800,"B"
"NHH","14:20:26",20.6,-1.05,4400,1030200,"B"
"NHH","14:20:15",20.65,-1,900,1025800,"B"
"NHH","14:20:13",20.65,-1,100,1024900,"B"
"NHH","14:19:40",20.6,-1.05,4900,1024800,"B"
"NHH","14:19:40",20.65,-1,100,1019900,"B"
"NHH","14:19:20",20.7,-0.95,4000,1019800,"B"
"NHH","14:19:07",20.7,-0.95,1100,1015800,"S"
"NHH","14:19:02",20.6,-1.05,400,1014700,"B"
"NHH","14:19:01",20.6,-1.05,200,1014300,"B"
"NHH","14:18:59",20.6,-1.05,800,1014100,"B"
"NHH","14:18:47",20.6,-1.05,800,1013300,"B"
"NHH","14:18:40",20.6,-1.05,1400,1012500,"B"
"NHH","14:18:27",20.6,-1.05,100,1011100,"B"
"NHH","14:18:12",20.7,-0.95,1300,1011000,"S"
"NHH","14:18:09",20.7,-0.95,100,1009700,"S"
"NHH","14:18:09",20.6,-1.05,900,1009600,"B"
"NHH","14:18:06",20.7,-0.95,500,1008600,"B"
"NHH","14:18:04",20.7,-0.95,800,1008100,"B"
"NHH","14:17:58",20.7,-0.95,2000,1007300,"B"
"NHH","14:17:55",20.7,-0.95,800,1005300,"B"
"NHH","14:17:51",20.7,-0.95,2000,1004500,"B"
"NHH","14:17:39",20.7,-0.95,300,1002500,"B"
"NHH","14:17:34",20.7,-0.95,200,1002200,"B"
"NHH","14:17:27",20.7,-0.95,1700,1002000,"B"
"NHH","14:17:23",20.7,-0.95,2300,1000300,"B"
"NHH","14:17:14",20.75,-0.9,4300,998000,"B"
"NHH","14:17:05",20.75,-0.9,300,993700,"B"
"NHH","14:17:05",20.8,-0.85,100,993400,"S"
"NHH","14:16:59",20.8,-0.85,8400,993300,"B"
"NHH","14:16:45",20.8,-0.85,9300,984900,"B"
"NHH","14:16:26",20.85,-0.8,2600,975600,"B"
"NHH","14:16:04",20.85,-0.8,2500,973000,"B"
"NHH","14:15:27",20.9,-0.75,100,970500,"S"
"NHH","14:14:32",20.9,-0.75,1300,970400,"B"
"NHH","14:13:44",20.9,-0.75,1200,969100,"S"
"NHH","14:13:44",20.85,-0.8,2500,967900,"S"
"NHH","14:13:22",20.85,-0.8,27500,965400,"B"
"NHH","14:13:18",20.9,-0.75,2000,937900,"S"
"NHH","14:12:18",20.9,-0.75,500,935900,"S"
"NHH","14:12:17",20.9,-0.75,1400,935400,"B"
"NHH","14:09:58",20.9,-0.75,100,934000,"S"
"NHH","14:09:35",20.9,-0.75,100,933900,"S"
"NHH","14:09:32",20.9,-0.75,100,933800,"S"
"NHH","14:09:26",20.9,-0.75,9700,933700,"B"
"NHH","14:08:30",20.95,-0.7,4400,924000,"B"
"NHH","14:08:06",20.95,-0.7,20000,919600,"B"
"NHH","14:06:04",21,-0.65,100,899600,"S"
"NHH","14:05:54",21,-0.65,1200,899500,"S"
"NHH","14:05:31",20.95,-0.7,200,898300,"B"
"NHH","14:04:44",21,-0.65,1200,898100,"S"
"NHH","14:04:33",21,-0.65,700,896900,"S"
"NHH","14:04:33",21,-0.65,200,896200,"S"
"NHH","14:04:21",21,-0.65,3800,896000,"S"
"NHH","14:04:09",21,-0.65,2800,892200,"S"
"NHH","14:04:04",21,-0.65,100,889400,"S"
"NHH","14:03:54",21,-0.65,900,889300,"S"
"NHH","14:03:47",21,-0.65,2000,888400,"S"
"NHH","14:03:41",21,-0.65,1900,886400,"S"
"NHH","14:03:28",20.95,-0.7,4400,884500,"S"
"NHH","14:02:18",20.9,-0.75,1400,880100,"B"
"NHH","14:02:00",20.9,-0.75,100,878700,"S"
"NHH","14:01:53",20.9,-0.75,1500,878600,"B"
"NHH","14:00:56",20.9,-0.75,5000,877100,"B"
"NHH","14:00:50",20.9,-0.75,5500,872100,"B"
"NHH","14:00:35",20.9,-0.75,500,866600,"S"
"NHH","14:00:14",20.95,-0.7,200,866100,"S"
"NHH","14:00:14",20.9,-0.75,800,865900,"S"
"NHH","14:00:11",20.9,-0.75,5800,865100,"B"
"NHH","13:58:17",20.9,-0.75,1100,859300,"S"
"NHH","13:58:16",20.9,-0.75,100,858200,"S"
"NHH","13:58:15",20.9,-0.75,2000,858100,"S"
"NHH","13:58:11",20.9,-0.75,3000,856100,"S"
"NHH","13:57:50",20.9,-0.75,3800,853100,"B"
"NHH","13:57:22",20.9,-0.75,1400,849300,"S"
"NHH","13:57:08",20.9,-0.75,300,847900,"S"
"NHH","13:57:03",20.9,-0.75,500,847600,"S"
"NHH","13:56:17",20.9,-0.75,100,847100,"S"
"NHH","13:55:44",20.9,-0.75,100,847000,"S"
"NHH","13:55:38",20.9,-0.75,300,846900,"S"
"NHH","13:54:56",20.9,-0.75,500,846600,"S"
"NHH","13:54:53",20.9,-0.75,2300,846100,"B"
"NHH","13:54:23",20.9,-0.75,900,843800,"S"
"NHH","13:53:01",20.9,-0.75,1000,842900,"S"
"NHH","13:52:20",20.9,-0.75,500,841900,"S"
"NHH","13:52:09",20.9,-0.75,1000,841400,"S"
"NHH","13:52:07",20.9,-0.75,7500,840400,"B"
"NHH","13:52:04",20.9,-0.75,2500,832900,"B"
"NHH","13:51:38",20.9,-0.75,100,830400,"B"
"NHH","13:49:34",21,-0.65,100,830300,"S"
"NHH","13:49:22",21,-0.65,100,830200,"S"
"NHH","13:49:20",21,-0.65,200,830100,"B"
"NHH","13:49:19",21,-0.65,6600,829900,"B"
"NHH","13:48:42",21.1,-0.55,2000,823300,"S"
"NHH","13:48:18",21.1,-0.55,400,821300,"S"
"NHH","13:45:24",21.1,-0.55,1100,820900,"B"
"NHH","13:45:19",21.1,-0.55,4000,819800,"B"
"NHH","13:45:01",21.3,-0.35,3100,815800,"S"
"NHH","13:45:01",21.2,-0.45,400,812700,"S"
"NHH","13:45:00",21.2,-0.45,100,812300,"B"
"NHH","13:43:35",21.2,-0.45,200,812200,"B"
"NHH","13:43:20",21.2,-0.45,900,812000,"S"
"NHH","13:43:16",21.2,-0.45,2000,811100,"S"
"NHH","13:42:22",21.15,-0.5,100,809100,"S"
"NHH","13:41:55",21.15,-0.5,3000,809000,"S"
"NHH","13:41:02",21.15,-0.5,100,806000,"S"
"NHH","13:41:00",21.15,-0.5,100,805900,"S"
"NHH","13:40:41",21.15,-0.5,1900,805800,"B"
"NHH","13:40:20",21.55,-0.1,100,803900,"S"
"NHH","13:40:03",21.55,-0.1,300,803800,"S"
"NHH","13:40:03",21.5,-0.15,200,803500,"S"
"NHH","13:39:57",21.5,-0.15,4400,803300,"S"
"NHH","13:39:57",21.45,-0.2,600,798900,"S"
"NHH","13:39:54",21.45,-0.2,5000,798300,"S"
"NHH","13:39:45",21.45,-0.2,100,793300,"S"
"NHH","13:39:45",21.4,-0.25,3200,793200,"S"
"NHH","13:39:45",21.35,-0.3,4200,790000,"S"
"NHH","13:39:45",21.3,-0.35,2500,785800,"S"
"NHH","13:39:39",21.3,-0.35,3500,783300,"S"
"NHH","13:39:39",21.25,-0.4,3300,779800,"S"
"NHH","13:39:39",21.2,-0.45,3200,776500,"S"
"NHH","13:39:21",21.15,-0.5,1100,773300,"S"
"NHH","13:39:16",21.15,-0.5,3800,772200,"S"
"NHH","13:38:55",21.1,-0.55,7800,768400,"S"
"NHH","13:38:35",21,-0.65,1500,760600,"S"
"NHH","13:38:13",21,-0.65,300,759100,"S"
"NHH","13:38:11",20.9,-0.75,13100,758800,"B"
"NHH","13:37:15",21,-0.65,2200,745700,"B"
"NHH","13:36:13",21.1,-0.55,400,743500,"S"
"NHH","13:35:41",21.1,-0.55,1600,743100,"B"
"NHH","13:34:37",21.1,-0.55,3500,741500,"S"
"NHH","13:33:51",21,-0.65,1800,738000,"S"
"NHH","13:32:43",21,-0.65,3000,736200,"S"
"NHH","13:32:38",21,-0.65,1200,733200,"S"
"NHH","13:30:45",21,-0.65,800,732000,"S"
"NHH","13:30:19",20.9,-0.75,700,731200,"S"
"NHH","13:30:15",20.9,-0.75,2000,730500,"S"
"NHH","13:30:04",20.9,-0.75,200,728500,"S"
"NHH","13:29:34",20.9,-0.75,5000,728300,"B"
"NHH","13:29:33",20.9,-0.75,2100,723300,"B"
"NHH","13:28:47",21,-0.65,100,721200,"B"
"NHH","13:27:37",21.15,-0.5,100,721100,"S"
"NHH","13:27:37",21.1,-0.55,1900,721000,"S"
"NHH","13:26:10",21.15,-0.5,500,719100,"S"
"NHH","13:26:10",21.1,-0.55,200,718600,"S"
"NHH","13:24:57",21.1,-0.55,3000,718400,"S"
"NHH","13:24:37",21,-0.65,700,715400,"S"
"NHH","13:24:32",20.9,-0.75,9900,714700,"B"
"NHH","13:24:17",21,-0.65,800,704700,"S"
"NHH","13:23:16",21,-0.65,1000,703900,"S"
"NHH","13:23:05",20.9,-0.75,10000,702900,"B"
"NHH","13:22:44",21,-0.65,1800,692900,"S"
"NHH","13:22:38",21,-0.65,2500,691100,"S"
"NHH","13:20:51",21,-0.65,1100,688600,"S"
"NHH","13:20:51",20.95,-0.7,100,687500,"S"
"NHH","13:20:50",20.95,-0.7,1000,687400,"S"
"NHH","13:20:32",20.95,-0.7,3900,686400,"B"
"NHH","13:19:59",20.95,-0.7,3200,682500,"S"
"NHH","13:18:58",20.95,-0.7,2000,679300,"S"
"NHH","13:17:31",20.95,-0.7,100,677300,"S"
"NHH","13:17:19",20.95,-0.7,1700,677200,"B"
"NHH","13:16:59",20.95,-0.7,10000,675500,"B"
"NHH","13:16:43",21,-0.65,1000,665500,"S"
"NHH","13:16:37",21,-0.65,1000,664500,"S"
"NHH","13:16:29",21,-0.65,4400,663500,"B"
"NHH","13:16:17",21,-0.65,5000,659100,"B"
"NHH","13:15:57",21,-0.65,2000,654100,"S"
"NHH","13:15:07",21,-0.65,2000,652100,"S"
"NHH","13:14:23",21.1,-0.55,3000,650100,"S"
"NHH","13:13:53",21.1,-0.55,100,647100,"S"
"NHH","13:13:48",21,-0.65,100,647000,"S"
"NHH","13:13:42",21,-0.65,2000,646900,"S"
"NHH","13:13:35",21,-0.65,1000,644900,"S"
"NHH","13:13:19",21,-0.65,2000,643900,"B"
"NHH","13:13:10",21.15,-0.5,400,641900,"S"
"NHH","13:12:46",21.15,-0.5,700,641500,"S"
"NHH","13:12:46",21.1,-0.55,3900,640800,"S"
"NHH","13:12:46",21.05,-0.6,400,636900,"S"
"NHH","13:12:40",21,-0.65,2000,636500,"B"
"NHH","13:12:07",21,-0.65,600,634500,"S"
"NHH","13:11:58",21,-0.65,2000,633900,"S"
"NHH","13:11:22",21,-0.65,5000,631900,"S"
"NHH","13:10:27",21,-0.65,9900,626900,"B"
"NHH","13:10:21",21.05,-0.6,900,617000,"S"
"NHH","13:09:26",21.05,-0.6,2800,616100,"S"
"NHH","13:09:14",21,-0.65,3500,613300,"S"
"NHH","13:08:45",21,-0.65,100,609800,"S"
"NHH","13:08:40",21,-0.65,100,609700,"S"
"NHH","13:08:28",21,-0.65,200,609600,"S"
"NHH","13:07:57",21,-0.65,300,609400,"S"
"NHH","13:07:43",21,-0.65,10000,609100,"S"
"NHH","13:07:35",21,-0.65,3600,599100,"S"
"NHH","13:03:39",20.95,-0.7,300,595500,"S"
"NHH","13:03:31",20.95,-0.7,5500,595200,"S"
"NHH","13:03:07",20.9,-0.75,700,589700,"S"
"NHH","13:03:04",20.9,-0.75,200,589000,"S"
"NHH","13:02:55",20.9,-0.75,3000,588800,"S"
"NHH","13:02:07",20.9,-0.75,1000,585800,"B"
"NHH","13:00:51",20.95,-0.7,1400,584800,"S"
"NHH","13:00:51",20.9,-0.75,1600,583400,"S"
"NHH","13:00:43",20.9,-0.75,900,581800,"B"
"NHH","13:00:12",20.9,-0.75,300,580900,"B"
"NHH","13:00:05",20.9,-0.75,100,580600,"S"
"NHH","13:00:04",20.85,-0.8,900,580500,"B"
"NHH","11:29:47",20.85,-0.8,2000,579600,"B"
"NHH","11:29:22",20.9,-0.75,400,577600,"B"
"NHH","11:29:11",20.9,-0.75,500,577200,"B"
"NHH","11:27:54",20.9,-0.75,500,576700,"B"
"NHH","11:26:28",20.9,-0.75,200,576200,"S"
"NHH","11:26:12",20.9,-0.75,800,576000,"B"
"NHH","11:26:10",20.9,-0.75,600,575200,"B"
"NHH","11:25:09",20.9,-0.75,100,574600,"S"
"NHH","11:24:51",20.9,-0.75,3000,574500,"S"
"NHH","11:24:29",20.9,-0.75,300,571500,"S"
"NHH","11:24:06",20.9,-0.75,100,571200,"S"
"NHH","11:23:20",20.9,-0.75,200,571100,"S"
"NHH","11:23:07",20.9,-0.75,600,570900,"S"
"NHH","11:23:00",20.9,-0.75,3200,570300,"B"
"NHH","11:22:54",20.95,-0.7,7900,567100,"B"
"NHH","11:22:26",21,-0.65,100,559200,"S"
"NHH","11:21:46",21,-0.65,1000,559100,"B"
"NHH","11:21:32",21,-0.65,1000,558100,"S"
"NHH","11:21:23",21,-0.65,3000,557100,"S"
"NHH","11:21:10",21,-0.65,3000,554100,"S"
"NHH","11:20:57",20.95,-0.7,5300,551100,"S"
"NHH","11:20:31",20.9,-0.75,2800,545800,"S"
"NHH","11:19:49",20.9,-0.75,100,543000,"S"
"NHH","11:19:18",20.9,-0.75,1000,542900,"S"
"NHH","11:19:16",20.9,-0.75,200,541900,"S"
"NHH","11:18:56",20.9,-0.75,100,541700,"S"
"NHH","11:18:39",20.9,-0.75,100,541600,"S"
"NHH","11:16:49",20.9,-0.75,100,541500,"S"
"NHH","11:15:53",20.9,-0.75,200,541400,"S"
"NHH","11:15:52",20.9,-0.75,300,541200,"S"
"NHH","11:15:48",20.9,-0.75,500,540900,"S"
"NHH","11:14:35",20.9,-0.75,600,540400,"S"
"NHH","11:13:19",20.9,-0.75,600,539800,"S"
"NHH","11:13:14",20.9,-0.75,100,539200,"S"
"NHH","11:12:02",20.9,-0.75,900,539100,"S"
"NHH","11:11:11",20.9,-0.75,300,538200,"S"
"NHH","11:10:38",20.9,-0.75,2000,537900,"S"
"NHH","11:09:25",20.9,-0.75,200,535900,"S"
"NHH","11:09:21",20.9,-0.75,8500,535700,"B"
"NHH","11:09:17",20.95,-0.7,200,527200,"S"
"NHH","11:09:15",20.95,-0.7,200,527000,"S"
"NHH","11:08:58",20.95,-0.7,2000,526800,"B"
"NHH","11:08:54",20.95,-0.7,6000,524800,"B"
"NHH","11:08:39",20.95,-0.7,7000,518800,"B"
"NHH","11:08:20",21,-0.65,12200,511800,"B"
"NHH","11:08:14",21,-0.65,10000,499600,"B"
"NHH","11:08:13",21.05,-0.6,500,489600,"S"
"NHH","11:08:09",21.05,-0.6,600,489100,"S"
"NHH","11:07:58",21,-0.65,8000,488500,"B"
"NHH","11:07:44",21,-0.65,100,480500,"B"
"NHH","11:07:23",21.05,-0.6,1000,480400,"S"
"NHH","11:06:49",21.05,-0.6,1700,479400,"B"
"NHH","11:06:40",21.05,-0.6,6000,477700,"B"
"NHH","11:06:35",21.1,-0.55,100,471700,"S"
"NHH","11:05:10",21.1,-0.55,13000,471600,"B"
"NHH","11:01:34",21.15,-0.5,500,458600,"S"
"NHH","11:00:28",21.15,-0.5,500,458100,"S"
"NHH","10:56:43",21.15,-0.5,200,457600,"B"
"NHH","10:56:23",21.15,-0.5,3800,457400,"B"
"NHH","10:54:57",21.2,-0.45,2200,453600,"B"
"NHH","10:54:26",21.2,-0.45,1900,451400,"S"
"NHH","10:54:01",21.2,-0.45,1800,449500,"S"
"NHH","10:51:22",21.15,-0.5,1800,447700,"S"
"NHH","10:48:52",21.15,-0.5,900,445900,"S"
"NHH","10:46:42",21.1,-0.55,3000,445000,"B"
"NHH","10:46:25",21.1,-0.55,2000,442000,"B"
"NHH","10:45:53",21.15,-0.5,2200,440000,"B"
"NHH","10:45:48",21.15,-0.5,10000,437800,"B"
"NHH","10:45:34",21.15,-0.5,3000,427800,"B"
"NHH","10:44:10",21.15,-0.5,500,424800,"B"
"NHH","10:41:45",21.2,-0.45,200,424300,"S"
"NHH","10:41:13",21.2,-0.45,2600,424100,"S"
"NHH","10:40:35",21.2,-0.45,200,421500,"S"
"NHH","10:34:36",21.2,-0.45,500,421300,"S"
"NHH","10:34:21",21.2,-0.45,2000,420800,"S"
"NHH","10:34:20",21.2,-0.45,1000,418800,"S"
"NHH","10:32:41",21.2,-0.45,700,417800,"B"
"NHH","10:32:26",21.2,-0.45,1000,417100,"B"
"NHH","10:31:52",21.2,-0.45,500,416100,"B"
"NHH","10:31:15",21.2,-0.45,3400,415600,"S"
"NHH","10:27:21",21.2,-0.45,300,412200,"B"
"NHH","10:27:09",21.2,-0.45,3000,411900,"B"
"NHH","10:25:00",21.25,-0.4,2800,408900,"B"
"NHH","10:23:33",21.25,-0.4,1100,406100,"S"
"NHH","10:21:41",21.25,-0.4,1500,405000,"S"
"NHH","10:20:39",21.25,-0.4,600,403500,"S"
"NHH","10:20:37",21.25,-0.4,1300,402900,"S"
"NHH","10:19:25",21.2,-0.45,3200,401600,"S"
"NHH","10:18:13",21.2,-0.45,400,398400,"S"
"NHH","10:17:56",21.2,-0.45,600,398000,"S"
"NHH","10:17:48",21.2,-0.45,1200,397400,"S"
"NHH","10:16:51",21.2,-0.45,1000,396200,"S"
"NHH","10:16:44",21.15,-0.5,2400,395200,"S"
"NHH","10:16:03",21.15,-0.5,500,392800,"B"
"NHH","10:15:56",21.15,-0.5,2900,392300,"B"
"NHH","10:15:55",21.15,-0.5,100,389400,"B"
"NHH","10:15:11",21.2,-0.45,600,389300,"S"
"NHH","10:13:22",21.15,-0.5,1500,388700,"S"
"NHH","10:12:44",21.15,-0.5,3500,387200,"B"
"NHH","10:11:35",21.2,-0.45,1000,383700,"S"
"NHH","10:10:11",21.15,-0.5,1700,382700,"S"
"NHH","10:09:42",21.15,-0.5,2900,381000,"B"
"NHH","10:09:42",21.2,-0.45,400,378100,"B"
"NHH","10:08:01",21.2,-0.45,1000,377700,"S"
"NHH","10:03:18",21.2,-0.45,200,376700,"S"
"NHH","10:02:58",21.15,-0.5,1100,376500,"B"
"NHH","10:02:01",21.2,-0.45,900,375400,"S"
"NHH","10:01:24",21.2,-0.45,500,374500,"S"
"NHH","10:00:03",21.2,-0.45,9600,374000,"B"
"NHH","09:59:42",21.2,-0.45,1900,364400,"B"
"NHH","09:58:54",21.3,-0.35,100,362500,"S"
"NHH","09:58:45",21.3,-0.35,3400,362400,"B"
"NHH","09:58:40",21.3,-0.35,4100,359000,"B"
"NHH","09:58:11",21.4,-0.25,100,354900,"B"
"NHH","09:58:07",21.4,-0.25,5000,354800,"B"
"NHH","09:56:25",21.5,-0.15,10000,349800,"S"
"NHH","09:55:46",21.5,-0.15,6000,339800,"S"
"NHH","09:55:20",21.5,-0.15,100,333800,"S"
"NHH","09:54:53",21.5,-0.15,1200,333700,"S"
"NHH","09:54:53",21.45,-0.2,3800,332500,"S"
"NHH","09:54:32",21.45,-0.2,8100,328700,"S"
"NHH","09:54:24",21.4,-0.25,2200,320600,"S"
"NHH","09:53:48",21.3,-0.35,100,318400,"B"
"NHH","09:53:39",21.3,-0.35,400,318300,"B"
"NHH","09:52:44",21.3,-0.35,2800,317900,"S"
"NHH","09:52:17",21.2,-0.45,500,315100,"B"
"NHH","09:52:16",21.3,-0.35,300,314600,"S"
"NHH","09:51:04",21.3,-0.35,2300,314300,"S"
"NHH","09:50:34",21.2,-0.45,100,312000,"B"
"NHH","09:49:52",21.3,-0.35,200,311900,"S"
"NHH","09:49:17",21.3,-0.35,500,311700,"S"
"NHH","09:48:41",21.3,-0.35,2000,311200,"S"
"NHH","09:48:38",21.3,-0.35,600,309200,"S"
"NHH","09:48:34",21.3,-0.35,1200,308600,"S"
"NHH","09:48:25",21.3,-0.35,900,307400,"S"
"NHH","09:47:52",21.2,-0.45,2900,306500,"S"
"NHH","09:47:35",21.2,-0.45,800,303600,"S"
"NHH","09:46:51",21.2,-0.45,500,302800,"S"
"NHH","09:46:10",21.2,-0.45,400,302300,"S"
"NHH","09:46:07",21.2,-0.45,500,301900,"S"
"NHH","09:45:42",21.2,-0.45,1600,301400,"S"
"NHH","09:45:42",21.15,-0.5,3400,299800,"S"
"NHH","09:45:30",21.15,-0.5,500,296400,"S"
"NHH","09:45:19",21.1,-0.55,1600,295900,"S"
"NHH","09:45:16",21.1,-0.55,200,294300,"S"
"NHH","09:45:09",21.1,-0.55,1200,294100,"S"
"NHH","09:45:03",21.1,-0.55,900,292900,"S"
"NHH","09:43:55",21.1,-0.55,200,292000,"S"
"NHH","09:43:55",21.1,-0.55,500,291800,"S"
"NHH","09:43:47",21.1,-0.55,900,291300,"S"
"NHH","09:43:24",21.1,-0.55,200,290400,"S"
"NHH","09:42:41",21.1,-0.55,200,290200,"S"
"NHH","09:42:30",21.1,-0.55,1500,290000,"S"
"NHH","09:42:15",21.1,-0.55,200,288500,"S"
"NHH","09:41:54",21.1,-0.55,100,288300,"S"
"NHH","09:41:50",21.1,-0.55,1000,288200,"S"
"NHH","09:40:12",21.1,-0.55,3100,287200,"B"
"NHH","09:40:07",21.1,-0.55,8000,284100,"B"
"NHH","09:39:29",21.15,-0.5,1100,276100,"B"
"NHH","09:39:19",21.15,-0.5,7800,275000,"B"
"NHH","09:39:19",21.2,-0.45,2200,267200,"B"
"NHH","09:38:09",21.3,-0.35,600,265000,"S"
"NHH","09:38:09",21.25,-0.4,1600,264400,"S"
"NHH","09:38:09",21.2,-0.45,3000,262800,"S"
"NHH","09:36:13",21.25,-0.4,1500,259800,"B"
"NHH","09:36:09",21.4,-0.25,1000,258300,"S"
"NHH","09:36:01",21.4,-0.25,800,257300,"B"
"NHH","09:35:46",21.4,-0.25,5200,256500,"S"
"NHH","09:35:46",21.35,-0.3,8500,251300,"S"
"NHH","09:35:46",21.3,-0.35,500,242800,"S"
"NHH","09:35:37",21.25,-0.4,5000,242300,"B"
"NHH","09:35:25",21.3,-0.35,2600,237300,"B"
"NHH","09:35:24",21.35,-0.3,10000,234700,"S"
"NHH","09:35:11",21.3,-0.35,1400,224700,"S"
"NHH","09:35:04",21.3,-0.35,8500,223300,"S"
"NHH","09:34:27",21.25,-0.4,15000,214800,"S"
"NHH","09:34:27",21.2,-0.45,8500,199800,"S"
"NHH","09:34:18",21.15,-0.5,3700,191300,"S"
"NHH","09:33:21",21.15,-0.5,3800,187600,"S"
"NHH","09:33:09",21.1,-0.55,3800,183800,"S"
"NHH","09:33:00",21.1,-0.55,5000,180000,"S"
"NHH","09:32:49",21.05,-0.6,4700,175000,"S"
"NHH","09:32:42",21.05,-0.6,100,170300,"S"
"NHH","09:32:41",21.05,-0.6,2000,170200,"S"
"NHH","09:32:34",21.05,-0.6,7000,168200,"S"
"NHH","09:32:25",21,-0.65,700,161200,"B"
"NHH","09:32:17",21.05,-0.6,5000,160500,"S"
"NHH","09:32:08",21,-0.65,3400,155500,"S"
"NHH","09:31:27",20.95,-0.7,100,152100,"B"
"NHH","09:30:53",21,-0.65,1600,152000,"B"
"NHH","09:29:18",21,-0.65,4900,150400,"S"
"NHH","09:29:11",20.95,-0.7,4200,145500,"S"
"NHH","09:29:06",20.95,-0.7,2300,141300,"B"
"NHH","09:29:00",20.95,-0.7,10000,139000,"B"
"NHH","09:28:40",20.95,-0.7,300,129000,"B"
"NHH","09:27:46",21,-0.65,500,128700,"S"
"NHH","09:26:54",21,-0.65,1000,128200,"S"
"NHH","09:26:23",21,-0.65,500,127200,"B"
"NHH","09:26:14",21,-0.65,3900,126700,"B"
"NHH","09:26:02",21,-0.65,3600,122800,"S"
"NHH","09:25:54",21,-0.65,100,119200,"S"
"NHH","09:25:18",21,-0.65,100,119100,"S"
"NHH","09:25:11",21,-0.65,500,119000,"S"
"NHH","09:24:00",21,-0.65,3900,118500,"B"
"NHH","09:23:53",21,-0.65,3300,114600,"B"
"NHH","09:23:26",21,-0.65,200,111300,"B"
"NHH","09:23:21",21,-0.65,1200,111100,"S"
"NHH","09:23:18",21,-0.65,3000,109900,"S"
"NHH","09:23:03",21,-0.65,100,106900,"S"
"NHH","09:22:58",21,-0.65,300,106800,"S"
"NHH","09:22:56",21,-0.65,1000,106500,"S"
"NHH","09:22:30",21,-0.65,500,105500,"S"
"NHH","09:22:21",21,-0.65,100,105000,"S"
"NHH","09:21:46",21,-0.65,4300,104900,"B"
"NHH","09:21:31",21,-0.65,500,100600,"B"
"NHH","09:21:28",21,-0.65,200,100100,"B"
"NHH","09:21:12",21,-0.65,3200,99900,"S"
"NHH","09:20:30",20.95,-0.7,200,96700,"B"
"NHH","09:19:31",21,-0.65,200,96500,"S"
"NHH","09:18:37",21,-0.65,500,96300,"S"
"NHH","09:18:12",21,-0.65,2000,95800,"S"
"NHH","09:17:58",21,-0.65,2000,93800,"B"
"NHH","09:17:18",21,-0.65,2400,91800,"S"
"NHH","09:16:32",21,-0.65,700,89400,"S"
"NHH","09:15:40",21,-0.65,7900,88700,"B"
"NHH","09:15:34",21,-0.65,16500,80800,"B"
"NHH","09:15:33",21.05,-0.6,100,64300,"S"
"NHH","09:15:26",21,-0.65,15000,64200,"B"
"NHH","09:15:07",21.1,-0.55,1500,49200,"B"
"NHH","09:15:05",21.1,-0.55,47700,47700,
