"symbol","time","price","change","vol","total","side"
"VCI","14:45:03",41.25,0.95,287000,6642000,
"VCI","14:30:03",41.3,1,500,6355000,"S"
"VCI","14:30:02",41.25,0.95,400,6354500,"B"
"VCI","14:29:58",41.25,0.95,1300,6354100,"S"
"VCI","14:29:57",41.25,0.95,8900,6352800,"S"
"VCI","14:29:56",41.25,0.95,9300,6343900,"S"
"VCI","14:29:55",41.2,0.9,100,6334600,"B"
"VCI","14:29:53",41.25,0.95,6000,6334500,"S"
"VCI","14:29:50",41.25,0.95,500,6328500,"S"
"VCI","14:29:49",41.25,0.95,500,6328000,"S"
"VCI","14:29:46",41.25,0.95,1000,6327500,"S"
"VCI","14:29:36",41.25,0.95,500,6326500,"S"
"VCI","14:29:35",41.2,0.9,100,6326000,"B"
"VCI","14:29:32",41.25,0.95,1000,6325900,"S"
"VCI","14:29:31",41.2,0.9,1000,6324900,"B"
"VCI","14:29:25",41.25,0.95,500,6323900,"S"
"VCI","14:29:24",41.2,0.9,500,6323400,"B"
"VCI","14:29:23",41.2,0.9,1000,6322900,"B"
"VCI","14:29:23",41.2,0.9,1000,6321900,"B"
"VCI","14:29:22",41.2,0.9,300,6320900,"B"
"VCI","14:29:21",41.2,0.9,200,6320600,"B"
"VCI","14:29:10",41.2,0.9,500,6320400,"B"
"VCI","14:29:09",41.2,0.9,2000,6319900,"B"
"VCI","14:29:07",41.2,0.9,100,6317900,"B"
"VCI","14:29:05",41.2,0.9,600,6317800,"B"
"VCI","14:29:01",41.2,0.9,200,6317200,"B"
"VCI","14:29:00",41.2,0.9,4200,6317000,"S"
"VCI","14:29:00",41.15,0.85,3500,6312800,"S"
"VCI","14:29:00",41.1,0.8,14700,6309300,"S"
"VCI","14:28:56",41.1,0.8,100,6294600,"S"
"VCI","14:28:53",41.1,0.8,200,6294500,"S"
"VCI","14:28:52",41.05,0.75,300,6294300,"B"
"VCI","14:28:40",41.1,0.8,1700,6294000,"S"
"VCI","14:28:40",41.05,0.75,200,6292300,"B"
"VCI","14:28:33",41.05,0.75,400,6292100,"B"
"VCI","14:28:31",41.1,0.8,100,6291700,"S"
"VCI","14:28:26",41.05,0.75,1100,6291600,"B"
"VCI","14:28:17",41.1,0.8,2000,6290500,"S"
"VCI","14:28:13",41.05,0.75,100,6288500,"B"
"VCI","14:28:09",41.05,0.75,1000,6288400,"S"
"VCI","14:28:07",41,0.7,10000,6287400,"B"
"VCI","14:28:06",41,0.7,600,6277400,"B"
"VCI","14:28:05",41,0.7,600,6276800,"B"
"VCI","14:28:04",41,0.7,1500,6276200,"B"
"VCI","14:27:56",41,0.7,2800,6274700,"S"
"VCI","14:27:54",41,0.7,500,6271900,"S"
"VCI","14:27:49",41,0.7,1000,6271400,"S"
"VCI","14:27:44",41,0.7,2000,6270400,"S"
"VCI","14:27:41",41,0.7,300,6268400,"S"
"VCI","14:27:41",40.95,0.65,1700,6268100,"S"
"VCI","14:27:37",40.95,0.65,2300,6266400,"B"
"VCI","14:27:36",41,0.7,1000,6264100,"S"
"VCI","14:27:34",41,0.7,100,6263100,"S"
"VCI","14:27:29",41,0.7,2500,6263000,"S"
"VCI","14:27:26",40.95,0.65,100,6260500,"B"
"VCI","14:27:26",41,0.7,5000,6260400,"S"
"VCI","14:27:20",41,0.7,500,6255400,"S"
"VCI","14:27:14",41,0.7,10000,6254900,"S"
"VCI","14:27:02",41,0.7,29400,6244900,"B"
"VCI","14:26:58",41.1,0.8,1000,6215500,"S"
"VCI","14:26:56",41.1,0.8,1400,6214500,"S"
"VCI","14:26:56",41.05,0.75,600,6213100,"S"
"VCI","14:26:55",41.05,0.75,400,6212500,"B"
"VCI","14:26:54",41.1,0.8,2000,6212100,"S"
"VCI","14:26:43",41.1,0.8,2000,6210100,"S"
"VCI","14:26:40",41.1,0.8,1000,6208100,"S"
"VCI","14:26:40",41.05,0.75,100,6207100,"S"
"VCI","14:26:40",41,0.7,100,6207000,"B"
"VCI","14:26:38",41.05,0.75,500,6206900,"S"
"VCI","14:26:35",41.1,0.8,1700,6206400,"S"
"VCI","14:26:31",41.05,0.75,200,6204700,"B"
"VCI","14:26:19",41.1,0.8,1300,6204500,"S"
"VCI","14:26:15",41,0.7,600,6203200,"B"
"VCI","14:26:12",41,0.7,200,6202600,"B"
"VCI","14:26:12",41.05,0.75,1000,6202400,"B"
"VCI","14:26:05",41,0.7,2100,6201400,"B"
"VCI","14:26:05",41.05,0.75,2900,6199300,"B"
"VCI","14:26:02",41.05,0.75,3200,6196400,"S"
"VCI","14:25:57",41.05,0.75,20000,6193200,"S"
"VCI","14:25:52",41,0.7,100,6173200,"B"
"VCI","14:25:49",41.05,0.75,7000,6173100,"S"
"VCI","14:25:49",41,0.7,600,6166100,"B"
"VCI","14:25:44",41,0.7,1100,6165500,"S"
"VCI","14:25:43",41,0.7,3000,6164400,"S"
"VCI","14:25:41",41,0.7,5000,6161400,"S"
"VCI","14:25:40",41,0.7,300,6156400,"S"
"VCI","14:25:39",41,0.7,5000,6156100,"S"
"VCI","14:25:38",41,0.7,1500,6151100,"S"
"VCI","14:25:31",41,0.7,100,6149600,"S"
"VCI","14:25:30",41,0.7,200,6149500,"S"
"VCI","14:25:29",40.95,0.65,6000,6149300,"S"
"VCI","14:25:28",40.95,0.65,3000,6143300,"S"
"VCI","14:25:22",40.95,0.65,2000,6140300,"S"
"VCI","14:25:21",40.95,0.65,2000,6138300,"S"
"VCI","14:25:16",40.9,0.6,300,6136300,"B"
"VCI","14:25:13",40.9,0.6,800,6136000,"B"
"VCI","14:25:11",40.95,0.65,5300,6135200,"S"
"VCI","14:25:10",40.95,0.65,1000,6129900,"S"
"VCI","14:25:05",40.9,0.6,100,6128900,"B"
"VCI","14:25:03",40.9,0.6,2800,6128800,"S"
"VCI","14:25:02",40.9,0.6,300,6126000,"S"
"VCI","14:25:02",40.9,0.6,2000,6125700,"S"
"VCI","14:24:52",40.9,0.6,500,6123700,"S"
"VCI","14:24:50",40.9,0.6,5000,6123200,"S"
"VCI","14:24:48",40.9,0.6,6400,6118200,"B"
"VCI","14:24:46",40.95,0.65,1000,6111800,"S"
"VCI","14:24:44",40.95,0.65,2000,6110800,"S"
"VCI","14:24:39",40.95,0.65,1600,6108800,"S"
"VCI","14:24:33",41,0.7,1000,6107200,"S"
"VCI","14:24:31",41,0.7,5000,6106200,"S"
"VCI","14:24:31",40.9,0.6,1000,6101200,"B"
"VCI","14:24:29",40.95,0.65,10000,6100200,"S"
"VCI","14:24:25",40.95,0.65,3000,6090200,"S"
"VCI","14:24:21",40.9,0.6,100,6087200,"B"
"VCI","14:24:19",40.9,0.6,100,6087100,"B"
"VCI","14:24:14",40.95,0.65,2500,6087000,"S"
"VCI","14:24:14",40.95,0.65,3000,6084500,"S"
"VCI","14:24:09",40.95,0.65,700,6081500,"S"
"VCI","14:24:07",40.95,0.65,1000,6080800,"S"
"VCI","14:24:05",40.95,0.65,10000,6079800,"B"
"VCI","14:24:05",40.95,0.65,5100,6069800,"B"
"VCI","14:24:03",40.95,0.65,500,6064700,"B"
"VCI","14:24:00",41,0.7,1000,6064200,"S"
"VCI","14:23:59",40.95,0.65,100,6063200,"B"
"VCI","14:23:58",40.95,0.65,1300,6063100,"S"
"VCI","14:23:57",40.95,0.65,700,6061800,"S"
"VCI","14:23:55",40.95,0.65,1000,6061100,"S"
"VCI","14:23:51",40.95,0.65,500,6060100,"S"
"VCI","14:23:47",40.95,0.65,4000,6059600,"S"
"VCI","14:23:44",40.9,0.6,100,6055600,"S"
"VCI","14:23:43",40.85,0.55,500,6055500,"B"
"VCI","14:23:42",40.9,0.6,30500,6055000,"S"
"VCI","14:23:34",40.9,0.6,2400,6024500,"S"
"VCI","14:23:34",40.85,0.55,3100,6022100,"S"
"VCI","14:23:31",40.8,0.5,100,6019000,"B"
"VCI","14:23:27",40.8,0.5,2400,6018900,"S"
"VCI","14:23:23",40.7,0.4,7000,6016500,"B"
"VCI","14:23:21",40.7,0.4,500,6009500,"B"
"VCI","14:23:16",40.7,0.4,100,6009000,"B"
"VCI","14:23:12",40.7,0.4,1100,6008900,"S"
"VCI","14:23:11",40.7,0.4,100,6007800,"S"
"VCI","14:23:08",40.65,0.35,1000,6007700,"B"
"VCI","14:23:03",40.65,0.35,1300,6006700,"S"
"VCI","14:22:56",40.6,0.3,2000,6005400,"B"
"VCI","14:22:56",40.6,0.3,400,6003400,"B"
"VCI","14:22:53",40.65,0.35,300,6003000,"S"
"VCI","14:22:52",40.6,0.3,1200,6002700,"B"
"VCI","14:22:48",40.6,0.3,1000,6001500,"B"
"VCI","14:22:46",40.6,0.3,100,6000500,"B"
"VCI","14:22:39",40.6,0.3,100,6000400,"B"
"VCI","14:22:38",40.6,0.3,100,6000300,"B"
"VCI","14:22:38",40.65,0.35,500,6000200,"S"
"VCI","14:22:36",40.6,0.3,300,5999700,"B"
"VCI","14:22:33",40.6,0.3,200,5999400,"B"
"VCI","14:22:33",40.65,0.35,500,5999200,"S"
"VCI","14:22:32",40.6,0.3,100,5998700,"B"
"VCI","14:22:27",40.6,0.3,4000,5998600,"B"
"VCI","14:22:26",40.6,0.3,100,5994600,"B"
"VCI","14:22:25",40.65,0.35,200,5994500,"S"
"VCI","14:22:24",40.6,0.3,300,5994300,"B"
"VCI","14:22:20",40.65,0.35,1000,5994000,"S"
"VCI","14:22:20",40.6,0.3,100,5993000,"B"
"VCI","14:22:14",40.6,0.3,100,5992900,"B"
"VCI","14:22:07",40.6,0.3,100,5992800,"B"
"VCI","14:22:01",40.6,0.3,100,5992700,"B"
"VCI","14:21:59",40.6,0.3,6700,5992600,"B"
"VCI","14:21:59",40.65,0.35,3300,5985900,"B"
"VCI","14:21:58",40.65,0.35,200,5982600,"B"
"VCI","14:21:57",40.65,0.35,1000,5982400,"B"
"VCI","14:21:55",40.65,0.35,100,5981400,"B"
"VCI","14:21:48",40.7,0.4,5000,5981300,"S"
"VCI","14:21:44",40.65,0.35,100,5976200,"B"
"VCI","14:21:42",40.65,0.35,2100,5976100,"B"
"VCI","14:21:38",40.7,0.4,100,5974000,"S"
"VCI","14:21:36",40.65,0.35,100,5973900,"B"
"VCI","14:21:30",40.65,0.35,3600,5973800,"B"
"VCI","14:21:30",40.7,0.4,1400,5970200,"B"
"VCI","14:21:29",40.7,0.4,300,5968800,"B"
"VCI","14:21:26",40.7,0.4,1000,5968500,"B"
"VCI","14:21:24",40.7,0.4,5400,5967500,"B"
"VCI","14:21:23",40.7,0.4,5200,5962100,"B"
"VCI","14:21:21",40.7,0.4,200,5956900,"B"
"VCI","14:21:17",40.7,0.4,200,5956700,"B"
"VCI","14:21:11",40.7,0.4,100,5956500,"B"
"VCI","14:21:10",40.75,0.45,1900,5956400,"B"
"VCI","14:21:05",40.75,0.45,100,5954500,"B"
"VCI","14:21:04",40.8,0.5,500,5954400,"S"
"VCI","14:21:04",40.75,0.45,200,5953900,"B"
"VCI","14:21:00",40.75,0.45,2000,5953700,"B"
"VCI","14:20:59",40.75,0.45,5000,5951700,"B"
"VCI","14:20:59",40.75,0.45,700,5946700,"B"
"VCI","14:20:58",40.75,0.45,200,5946000,"B"
"VCI","14:20:55",40.8,0.5,5000,5945800,"S"
"VCI","14:20:52",40.75,0.45,200,5940800,"B"
"VCI","14:20:47",40.8,0.5,500,5940600,"S"
"VCI","14:20:45",40.8,0.5,14900,5940100,"B"
"VCI","14:20:45",40.8,0.5,200,5925200,"B"
"VCI","14:20:44",40.8,0.5,2700,5925000,"B"
"VCI","14:20:39",40.8,0.5,200,5922300,"B"
"VCI","14:20:35",40.85,0.55,7800,5922100,"S"
"VCI","14:20:33",40.8,0.5,200,5914300,"B"
"VCI","14:20:30",40.8,0.5,400,5914100,"B"
"VCI","14:20:29",40.85,0.55,7100,5913700,"B"
"VCI","14:20:27",40.85,0.55,700,5906600,"B"
"VCI","14:20:25",40.85,0.55,5000,5905900,"B"
"VCI","14:20:24",40.85,0.55,1600,5900900,"B"
"VCI","14:20:23",40.85,0.55,9000,5899300,"B"
"VCI","14:20:22",40.9,0.6,200,5890300,"S"
"VCI","14:20:21",40.85,0.55,600,5890100,"B"
"VCI","14:20:20",40.85,0.55,200,5889500,"B"
"VCI","14:20:14",40.85,0.55,200,5889300,"B"
"VCI","14:20:12",40.9,0.6,8100,5889100,"B"
"VCI","14:20:08",40.9,0.6,200,5881000,"B"
"VCI","14:20:01",40.95,0.65,3200,5880800,"B"
"VCI","14:20:00",40.95,0.65,700,5877600,"B"
"VCI","14:19:55",40.95,0.65,200,5876900,"B"
"VCI","14:19:53",40.95,0.65,2000,5876700,"B"
"VCI","14:19:52",40.95,0.65,5000,5874700,"B"
"VCI","14:19:50",41,0.7,1000,5869700,"S"
"VCI","14:19:49",40.95,0.65,2000,5868700,"B"
"VCI","14:19:49",40.95,0.65,200,5866700,"B"
"VCI","14:19:43",40.95,0.65,200,5866500,"B"
"VCI","14:19:40",40.95,0.65,200,5866300,"B"
"VCI","14:19:37",40.95,0.65,100,5866100,"B"
"VCI","14:19:36",40.95,0.65,200,5866000,"B"
"VCI","14:19:30",40.95,0.65,200,5865800,"B"
"VCI","14:19:27",40.95,0.65,100,5865600,"B"
"VCI","14:18:54",41,0.7,1000,5865500,"S"
"VCI","14:18:52",40.95,0.65,300,5864500,"B"
"VCI","14:18:51",40.95,0.65,100,5864200,"B"
"VCI","14:18:34",40.95,0.65,1000,5864100,"B"
"VCI","14:18:33",41,0.7,500,5863100,"S"
"VCI","14:18:26",41,0.7,1000,5862600,"S"
"VCI","14:18:25",40.95,0.65,9000,5861600,"B"
"VCI","14:18:22",40.95,0.65,500,5852600,"B"
"VCI","14:18:21",40.95,0.65,300,5852100,"B"
"VCI","14:18:16",40.95,0.65,3000,5851800,"B"
"VCI","14:18:12",40.95,0.65,100,5848800,"B"
"VCI","14:18:05",40.95,0.65,2000,5848700,"B"
"VCI","14:18:03",40.95,0.65,200,5846700,"B"
"VCI","14:17:54",40.95,0.65,9100,5846500,"B"
"VCI","14:17:48",40.95,0.65,100,5837400,"B"
"VCI","14:17:31",41,0.7,200,5837300,"S"
"VCI","14:17:29",41,0.7,1200,5837100,"S"
"VCI","14:17:27",41,0.7,20000,5835900,"S"
"VCI","14:17:25",41,0.7,700,5815900,"B"
"VCI","14:17:17",41,0.7,200,5815200,"B"
"VCI","14:17:15",41,0.7,9100,5815000,"S"
"VCI","14:17:05",40.95,0.65,700,5805900,"B"
"VCI","14:17:02",40.95,0.65,9400,5805200,"S"
"VCI","14:16:52",40.95,0.65,1000,5795800,"B"
"VCI","14:16:51",40.95,0.65,4000,5794800,"B"
"VCI","14:16:36",41,0.7,5000,5790800,"S"
"VCI","14:16:33",40.95,0.65,1000,5785800,"B"
"VCI","14:16:30",40.95,0.65,100,5784800,"B"
"VCI","14:16:17",41,0.7,9800,5784700,"B"
"VCI","14:16:16",41,0.7,100,5774900,"B"
"VCI","14:16:13",41,0.7,200,5774800,"B"
"VCI","14:16:10",41,0.7,5300,5774600,"B"
"VCI","14:16:10",41.05,0.75,4700,5769300,"B"
"VCI","14:16:07",41.05,0.75,700,5764600,"B"
"VCI","14:16:02",41.05,0.75,3000,5763900,"B"
"VCI","14:16:00",41.05,0.75,1600,5760900,"S"
"VCI","14:15:56",41.05,0.75,1300,5759300,"B"
"VCI","14:15:48",41.05,0.75,200,5758000,"B"
"VCI","14:15:44",41.05,0.75,2000,5757800,"B"
"VCI","14:15:42",41.05,0.75,800,5755800,"B"
"VCI","14:15:40",41.05,0.75,2000,5755000,"B"
"VCI","14:15:38",41.05,0.75,14700,5753000,"B"
"VCI","14:15:31",41,0.7,8700,5738300,"B"
"VCI","14:15:31",41.05,0.75,1000,5729600,"B"
"VCI","14:15:31",41.05,0.75,300,5728600,"B"
"VCI","14:15:26",41.05,0.75,200,5728300,"B"
"VCI","14:15:21",41.1,0.8,16400,5728100,"B"
"VCI","14:15:20",41.1,0.8,100,5711700,"B"
"VCI","14:15:11",41.1,0.8,500,5711600,"B"
"VCI","14:15:08",41.15,0.85,1000,5711100,"S"
"VCI","14:15:06",41.1,0.8,100,5710100,"B"
"VCI","14:15:05",41.1,0.8,2700,5710000,"B"
"VCI","14:15:04",41.1,0.8,1000,5707300,"B"
"VCI","14:15:01",41.1,0.8,400,5706300,"B"
"VCI","14:14:54",41.15,0.85,100,5705900,"S"
"VCI","14:14:51",41.15,0.85,2000,5705800,"S"
"VCI","14:14:44",41.15,0.85,1900,5703800,"B"
"VCI","14:14:39",41.2,0.9,300,5701900,"B"
"VCI","14:14:20",41.25,0.95,500,5701600,"B"
"VCI","14:14:19",41.15,0.85,5800,5701100,"B"
"VCI","14:14:19",41.2,0.9,15700,5695300,"B"
"VCI","14:14:19",41.25,0.95,8500,5679600,"B"
"VCI","14:14:17",41.25,0.95,400,5671100,"B"
"VCI","14:14:17",41.3,1,100,5670700,"S"
"VCI","14:14:08",41.3,1,100,5670600,"S"
"VCI","14:14:07",41.25,0.95,1000,5670500,"B"
"VCI","14:14:00",41.3,1,13100,5669500,"B"
"VCI","14:13:59",41.35,1.05,600,5656400,"S"
"VCI","14:13:45",41.3,1,5600,5655800,"S"
"VCI","14:13:42",41.25,0.95,21100,5648900,"B"
"VCI","14:13:31",41.3,1,10000,5627800,"S"
"VCI","14:13:23",41.25,0.95,100,5617800,"B"
"VCI","14:13:13",41.3,1,200,5617700,"S"
"VCI","14:13:12",41.25,0.95,1000,5617500,"B"
"VCI","14:13:02",41.3,1,1800,5616500,"S"
"VCI","14:12:57",41.25,0.95,13300,5614700,"S"
"VCI","14:12:56",41.2,0.9,100,5601400,"B"
"VCI","14:12:55",41.2,0.9,500,5601300,"B"
"VCI","14:12:52",41.2,0.9,600,5600800,"B"
"VCI","14:12:51",41.2,0.9,2800,5600200,"S"
"VCI","14:12:50",41.2,0.9,5800,5597400,"S"
"VCI","14:12:46",41.2,0.9,5000,5591600,"S"
"VCI","14:12:41",41.2,0.9,200,5586600,"S"
"VCI","14:12:25",41.2,0.9,100,5586400,"S"
"VCI","14:12:19",41.2,0.9,5000,5586300,"S"
"VCI","14:12:19",41.15,0.85,5000,5581300,"B"
"VCI","14:12:15",41.15,0.85,100,5576300,"B"
"VCI","14:12:08",41.15,0.85,2000,5576200,"B"
"VCI","14:12:04",41.15,0.85,400,5574200,"B"
"VCI","14:12:00",41.15,0.85,300,5573800,"B"
"VCI","14:11:48",41.15,0.85,1000,5573500,"B"
"VCI","14:11:37",41.15,0.85,1000,5572500,"B"
"VCI","14:11:03",41.15,0.85,100,5571500,"B"
"VCI","14:10:59",41.15,0.85,3600,5571400,"S"
"VCI","14:10:57",41.15,0.85,100,5567800,"S"
"VCI","14:10:53",41.15,0.85,4900,5567700,"S"
"VCI","14:10:49",41.15,0.85,300,5562800,"S"
"VCI","14:10:49",41.1,0.8,600,5562500,"B"
"VCI","14:10:46",41.1,0.8,5000,5561900,"B"
"VCI","14:10:44",41.15,0.85,3000,5556900,"S"
"VCI","14:10:40",41.15,0.85,100,5553900,"S"
"VCI","14:10:21",41.2,0.9,300,5553800,"S"
"VCI","14:10:21",41.15,0.85,500,5553500,"S"
"VCI","14:10:20",41.15,0.85,300,5553000,"S"
"VCI","14:10:05",41.15,0.85,100,5552700,"B"
"VCI","14:10:04",41.15,0.85,300,5552600,"B"
"VCI","14:09:58",41.15,0.85,1700,5552300,"S"
"VCI","14:09:57",41.15,0.85,8300,5550600,"B"
"VCI","14:09:54",41.15,0.85,9700,5542300,"S"
"VCI","14:09:38",41.15,0.85,4200,5532600,"S"
"VCI","14:09:37",41.15,0.85,1100,5528400,"B"
"VCI","14:09:20",41.2,0.9,4300,5527300,"B"
"VCI","14:09:15",41.2,0.9,600,5523000,"S"
"VCI","14:09:15",41.15,0.85,400,5522400,"B"
"VCI","14:09:15",41.2,0.9,1600,5522000,"S"
"VCI","14:09:10",41.15,0.85,5400,5520400,"B"
"VCI","14:09:00",41.2,0.9,3300,5515000,"S"
"VCI","14:08:58",41.2,0.9,200,5511700,"S"
"VCI","14:08:56",41.2,0.9,5000,5511500,"S"
"VCI","14:08:35",41.2,0.9,3700,5506500,"B"
"VCI","14:08:31",41.25,0.95,500,5502800,"S"
"VCI","14:08:27",41.25,0.95,8000,5502300,"B"
"VCI","14:08:25",41.25,0.95,100,5494300,"B"
"VCI","14:08:19",41.25,0.95,3000,5494200,"B"
"VCI","14:08:17",41.3,1,500,5491200,"S"
"VCI","14:08:05",41.3,1,200,5490700,"S"
"VCI","14:07:56",41.3,1,5400,5490500,"B"
"VCI","14:07:56",41.35,1.05,400,5485100,"S"
"VCI","14:07:55",41.3,1,300,5484700,"B"
"VCI","14:07:42",41.35,1.05,1300,5484400,"B"
"VCI","14:07:42",41.35,1.05,1000,5483100,"B"
"VCI","14:07:41",41.35,1.05,2100,5482100,"S"
"VCI","14:07:29",41.35,1.05,400,5480000,"B"
"VCI","14:07:25",41.35,1.05,500,5479600,"S"
"VCI","14:07:09",41.35,1.05,10300,5479100,"B"
"VCI","14:07:01",41.35,1.05,1000,5468800,"B"
"VCI","14:07:00",41.35,1.05,1000,5467800,"B"
"VCI","14:06:51",41.35,1.05,400,5466800,"B"
"VCI","14:06:49",41.35,1.05,1000,5466400,"B"
"VCI","14:06:42",41.35,1.05,200,5465400,"B"
"VCI","14:06:33",41.35,1.05,100,5465200,"B"
"VCI","14:06:31",41.35,1.05,1200,5465100,"B"
"VCI","14:06:22",41.35,1.05,200,5463900,"B"
"VCI","14:06:21",41.35,1.05,600,5463700,"B"
"VCI","14:06:16",41.35,1.05,9300,5463100,"S"
"VCI","14:06:13",41.35,1.05,3000,5453800,"S"
"VCI","14:06:09",41.3,1,800,5450800,"B"
"VCI","14:06:07",41.3,1,3000,5450000,"B"
"VCI","14:06:00",41.3,1,800,5447000,"B"
"VCI","14:05:49",41.3,1,600,5446200,"B"
"VCI","14:05:47",41.3,1,500,5445600,"B"
"VCI","14:05:46",41.3,1,500,5445100,"B"
"VCI","14:05:43",41.3,1,300,5444600,"B"
"VCI","14:05:38",41.3,1,1000,5444300,"B"
"VCI","14:05:36",41.3,1,1200,5443300,"B"
"VCI","14:05:30",41.3,1,900,5442100,"S"
"VCI","14:05:25",41.3,1,4200,5441200,"B"
"VCI","14:05:22",41.3,1,2000,5437000,"B"
"VCI","14:05:22",41.3,1,600,5435000,"B"
"VCI","14:05:21",41.3,1,100,5434400,"B"
"VCI","14:05:18",41.3,1,2300,5434300,"B"
"VCI","14:05:09",41.3,1,100,5432000,"B"
"VCI","14:05:08",41.3,1,500,5431900,"B"
"VCI","14:05:02",41.3,1,1000,5431400,"B"
"VCI","14:04:56",41.3,1,100,5430400,"B"
"VCI","14:04:54",41.3,1,500,5430300,"B"
"VCI","14:04:50",41.3,1,100,5429800,"B"
"VCI","14:04:47",41.3,1,200,5429700,"B"
"VCI","14:04:46",41.35,1.05,3000,5429500,"S"
"VCI","14:04:38",41.35,1.05,4600,5426500,"B"
"VCI","14:04:29",41.35,1.05,2000,5421900,"B"
"VCI","14:04:16",41.4,1.1,18000,5419900,"B"
"VCI","14:04:16",41.45,1.15,1000,5401900,"S"
"VCI","14:04:08",41.4,1.1,600,5400900,"B"
"VCI","14:04:07",41.4,1.1,1000,5400300,"B"
"VCI","14:04:07",41.45,1.15,600,5399300,"S"
"VCI","14:04:04",41.4,1.1,100,5398700,"B"
"VCI","14:04:03",41.4,1.1,1600,5398600,"B"
"VCI","14:03:59",41.4,1.1,200,5397000,"B"
"VCI","14:03:55",41.4,1.1,100,5396800,"B"
"VCI","14:03:55",41.4,1.1,400,5396700,"B"
"VCI","14:03:48",41.45,1.15,1800,5396300,"S"
"VCI","14:03:45",41.4,1.1,1500,5394500,"B"
"VCI","14:03:43",41.45,1.15,1000,5393000,"S"
"VCI","14:03:41",41.4,1.1,500,5392000,"B"
"VCI","14:03:40",41.45,1.15,10500,5391500,"S"
"VCI","14:03:36",41.4,1.1,1500,5381000,"B"
"VCI","14:03:30",41.4,1.1,100,5379500,"B"
"VCI","14:03:28",41.4,1.1,700,5379400,"B"
"VCI","14:03:20",41.4,1.1,100,5378700,"B"
"VCI","14:03:19",41.4,1.1,200,5378600,"S"
"VCI","14:03:19",41.4,1.1,4300,5378400,"B"
"VCI","14:03:17",41.4,1.1,200,5374100,"B"
"VCI","14:03:17",41.4,1.1,2000,5373900,"B"
"VCI","14:03:16",41.4,1.1,300,5371900,"B"
"VCI","14:03:15",41.4,1.1,100,5371600,"B"
"VCI","14:03:14",41.4,1.1,500,5371500,"B"
"VCI","14:03:13",41.4,1.1,200,5371000,"B"
"VCI","14:03:13",41.4,1.1,300,5370800,"B"
"VCI","14:03:10",41.45,1.15,100,5370500,"S"
"VCI","14:03:08",41.4,1.1,400,5370400,"B"
"VCI","14:03:08",41.4,1.1,100,5370000,"B"
"VCI","14:03:06",41.4,1.1,200,5369900,"B"
"VCI","14:03:04",41.4,1.1,100,5369700,"B"
"VCI","14:03:03",41.4,1.1,100,5369600,"B"
"VCI","14:03:00",41.4,1.1,3800,5369500,"S"
"VCI","14:02:54",41.4,1.1,2500,5365700,"S"
"VCI","14:02:41",41.4,1.1,400,5363200,"B"
"VCI","14:02:40",41.4,1.1,1000,5362800,"B"
"VCI","14:02:38",41.4,1.1,1100,5361800,"B"
"VCI","14:02:36",41.4,1.1,300,5360700,"B"
"VCI","14:02:31",41.45,1.15,700,5360400,"S"
"VCI","14:02:31",41.4,1.1,1300,5359700,"S"
"VCI","14:02:25",41.4,1.1,1000,5358400,"S"
"VCI","14:02:21",41.4,1.1,1000,5357400,"S"
"VCI","14:02:17",41.4,1.1,6800,5356400,"B"
"VCI","14:02:15",41.45,1.15,2500,5349600,"S"
"VCI","14:02:10",41.45,1.15,1400,5347100,"B"
"VCI","14:02:06",41.45,1.15,1800,5345700,"S"
"VCI","14:02:05",41.45,1.15,8200,5343900,"B"
"VCI","14:02:05",41.45,1.15,6500,5335700,"B"
"VCI","14:02:04",41.45,1.15,1000,5329200,"B"
"VCI","14:01:55",41.45,1.15,100,5328200,"B"
"VCI","14:01:48",41.45,1.15,300,5327900,"B"
"VCI","14:01:45",41.5,1.2,4300,5327600,"S"
"VCI","14:01:41",41.45,1.15,1000,5323300,"B"
"VCI","14:01:39",41.5,1.2,100,5322300,"S"
"VCI","14:01:38",41.5,1.2,5000,5322200,"S"
"VCI","14:01:37",41.5,1.2,500,5317200,"S"
"VCI","14:01:37",41.5,1.2,2000,5316700,"S"
"VCI","14:01:36",41.5,1.2,1500,5314700,"S"
"VCI","14:01:35",41.5,1.2,500,5313200,"S"
"VCI","14:01:34",41.5,1.2,5000,5312700,"S"
"VCI","14:01:27",41.5,1.2,300,5307700,"S"
"VCI","14:01:18",41.5,1.2,3500,5307400,"S"
"VCI","14:01:14",41.5,1.2,1000,5303900,"S"
"VCI","14:01:13",41.5,1.2,4600,5302900,"B"
"VCI","14:01:13",41.5,1.2,6000,5298300,"B"
"VCI","14:01:12",41.5,1.2,1000,5292300,"B"
"VCI","14:01:12",41.55,1.25,300,5291300,"S"
"VCI","14:01:08",41.5,1.2,5400,5291000,"B"
"VCI","14:01:06",41.5,1.2,5000,5285600,"B"
"VCI","14:01:01",41.55,1.25,100,5280600,"S"
"VCI","14:00:56",41.5,1.2,5400,5280500,"B"
"VCI","14:00:55",41.5,1.2,5400,5275100,"B"
"VCI","14:00:54",41.55,1.25,100,5269700,"S"
"VCI","14:00:53",41.55,1.25,11500,5269600,"B"
"VCI","14:00:53",41.6,1.3,20000,5258100,"S"
"VCI","14:00:52",41.6,1.3,100,5238100,"S"
"VCI","14:00:45",41.6,1.3,2000,5238000,"S"
"VCI","14:00:43",41.6,1.3,100,5236000,"S"
"VCI","14:00:42",41.6,1.3,10000,5235900,"S"
"VCI","14:00:37",41.5,1.2,10000,5225900,"B"
"VCI","14:00:36",41.6,1.3,9400,5215900,"S"
"VCI","14:00:36",41.55,1.25,600,5206500,"S"
"VCI","14:00:34",41.55,1.25,5000,5205900,"S"
"VCI","14:00:34",41.5,1.2,100,5200900,"B"
"VCI","14:00:31",41.55,1.25,200,5200800,"S"
"VCI","14:00:26",41.5,1.2,100,5200600,"B"
"VCI","14:00:25",41.55,1.25,10000,5200500,"S"
"VCI","14:00:25",41.5,1.2,9000,5190500,"S"
"VCI","14:00:24",41.5,1.2,63700,5181500,"S"
"VCI","14:00:24",41.5,1.2,10200,5117800,"S"
"VCI","14:00:23",41.5,1.2,4200,5107600,"S"
"VCI","14:00:21",41.5,1.2,14000,5103400,"S"
"VCI","14:00:20",41.5,1.2,500,5089400,"S"
"VCI","14:00:18",41.5,1.2,10000,5087800,"S"
"VCI","14:00:16",41.5,1.2,9500,5077800,"S"
"VCI","14:00:16",41.5,1.2,500,5068300,"S"
"VCI","14:00:15",41.5,1.2,5000,5067800,"S"
"VCI","14:00:14",41.5,1.2,1200,5062800,"S"
"VCI","14:00:10",41.5,1.2,8600,5061600,"S"
"VCI","14:00:06",41.5,1.2,10000,5053000,"S"
"VCI","14:00:05",41.45,1.15,100,5043000,"B"
"VCI","14:00:05",41.5,1.2,3400,5042900,"S"
"VCI","14:00:03",41.5,1.2,2000,5039500,"S"
"VCI","14:00:02",41.45,1.15,500,5037500,"B"
"VCI","14:00:00",41.5,1.2,22000,5037000,"S"
"VCI","13:59:57",41.45,1.15,100,5015000,"B"
"VCI","13:59:54",41.5,1.2,900,5014900,"S"
"VCI","13:59:51",41.45,1.15,900,5014000,"B"
"VCI","13:59:49",41.45,1.15,500,5013100,"B"
"VCI","13:59:48",41.5,1.2,200,5012600,"S"
"VCI","13:59:47",41.45,1.15,100,5012400,"B"
"VCI","13:59:45",41.5,1.2,2700,5012300,"S"
"VCI","13:59:40",41.45,1.15,2700,5009600,"S"
"VCI","13:59:39",41.45,1.15,300,5006900,"B"
"VCI","13:59:39",41.45,1.15,1000,5006600,"B"
"VCI","13:59:38",41.45,1.15,8700,5005600,"S"
"VCI","13:59:37",41.45,1.15,100,4996900,"S"
"VCI","13:59:36",41.45,1.15,1000,4996800,"S"
"VCI","13:59:35",41.45,1.15,5000,4995800,"S"
"VCI","13:59:34",41.45,1.15,500,4990800,"S"
"VCI","13:59:33",41.45,1.15,2100,4990300,"S"
"VCI","13:59:32",41.45,1.15,300,4988200,"S"
"VCI","13:59:31",41.45,1.15,21600,4987900,"S"
"VCI","13:59:30",41.4,1.1,100,4966300,"B"
"VCI","13:59:28",41.45,1.15,100,4966200,"S"
"VCI","13:59:24",41.4,1.1,100,4966100,"B"
"VCI","13:59:22",41.4,1.1,1700,4966000,"S"
"VCI","13:59:20",41.4,1.1,5000,4964300,"S"
"VCI","13:59:20",41.35,1.05,200,4959300,"B"
"VCI","13:59:19",41.4,1.1,2000,4959100,"S"
"VCI","13:59:19",41.35,1.05,200,4957100,"B"
"VCI","13:59:18",41.4,1.1,5000,4956900,"S"
"VCI","13:59:16",41.35,1.05,1000,4951900,"B"
"VCI","13:59:15",41.35,1.05,200,4950900,"B"
"VCI","13:59:15",41.4,1.1,10000,4950700,"S"
"VCI","13:59:11",41.35,1.05,5200,4940700,"S"
"VCI","13:59:10",41.35,1.05,100,4935500,"S"
"VCI","13:59:09",41.35,1.05,1000,4935400,"S"
"VCI","13:59:08",41.35,1.05,1800,4934400,"S"
"VCI","13:59:04",41.3,1,200,4932600,"B"
"VCI","13:59:04",41.35,1.05,5000,4932400,"S"
"VCI","13:59:00",41.35,1.05,10000,4927400,"S"
"VCI","13:59:00",41.3,1,5000,4917400,"S"
"VCI","13:58:59",41.3,1,8300,4912400,"S"
"VCI","13:58:57",41.3,1,3000,4904100,"S"
"VCI","13:58:56",41.3,1,2200,4901100,"S"
"VCI","13:58:55",41.25,0.95,600,4898900,"B"
"VCI","13:58:55",41.3,1,5000,4898300,"S"
"VCI","13:58:54",41.3,1,2500,4893300,"S"
"VCI","13:58:53",41.3,1,5000,4890800,"S"
"VCI","13:58:50",41.3,1,3000,4885800,"S"
"VCI","13:58:47",41.3,1,2500,4882800,"S"
"VCI","13:58:45",41.25,0.95,100,4880300,"B"
"VCI","13:58:45",41.3,1,20000,4880200,"S"
"VCI","13:58:41",41.25,0.95,200,4860200,"B"
"VCI","13:58:40",41.25,0.95,5000,4860000,"B"
"VCI","13:58:36",41.25,0.95,600,4855000,"B"
"VCI","13:58:35",41.25,0.95,100,4854400,"B"
"VCI","13:58:34",41.25,0.95,12300,4854300,"S"
"VCI","13:58:33",41.2,0.9,1000,4842000,"B"
"VCI","13:58:32",41.25,0.95,400,4841000,"S"
"VCI","13:58:29",41.2,0.9,600,4840600,"B"
"VCI","13:58:29",41.25,0.95,20000,4840000,"S"
"VCI","13:58:28",41.25,0.95,3000,4820000,"S"
"VCI","13:58:25",41.2,0.9,1600,4817000,"S"
"VCI","13:58:22",41.2,0.9,1000,4815400,"S"
"VCI","13:58:21",41.2,0.9,12200,4814400,"S"
"VCI","13:58:18",41.2,0.9,6000,4802200,"S"
"VCI","13:58:16",41.2,0.9,100,4796200,"S"
"VCI","13:58:13",41.15,0.85,10000,4796100,"B"
"VCI","13:58:13",41.2,0.9,200,4786100,"S"
"VCI","13:58:11",41.2,0.9,1100,4785900,"S"
"VCI","13:58:09",41.2,0.9,21000,4784800,"S"
"VCI","13:58:06",41.15,0.85,200,4763800,"B"
"VCI","13:58:06",41.1,0.8,6400,4763600,"B"
"VCI","13:58:06",41.15,0.85,3600,4757200,"B"
"VCI","13:58:05",41.2,0.9,5000,4753600,"S"
"VCI","13:58:05",41.2,0.9,2000,4748600,"S"
"VCI","13:58:04",41.15,0.85,600,4746600,"B"
"VCI","13:58:02",41.15,0.85,1400,4746000,"S"
"VCI","13:57:59",41.15,0.85,100,4744600,"S"
"VCI","13:57:59",41.15,0.85,4200,4744500,"S"
"VCI","13:57:58",41.15,0.85,5000,4740300,"S"
"VCI","13:57:57",41.15,0.85,4000,4735300,"S"
"VCI","13:57:57",41.1,0.8,10000,4731300,"B"
"VCI","13:57:56",41.15,0.85,1000,4721300,"S"
"VCI","13:57:56",41.15,0.85,22000,4720300,"S"
"VCI","13:57:55",41.15,0.85,500,4698300,"S"
"VCI","13:57:54",41.15,0.85,500,4697800,"S"
"VCI","13:57:54",41.15,0.85,3300,4697300,"S"
"VCI","13:57:52",41.15,0.85,200,4694000,"S"
"VCI","13:57:52",41.15,0.85,200,4693800,"S"
"VCI","13:57:44",41.15,0.85,4700,4693600,"S"
"VCI","13:57:43",41.15,0.85,100,4688900,"S"
"VCI","13:57:38",41.1,0.8,800,4688800,"S"
"VCI","13:57:37",41.1,0.8,29800,4688000,"S"
"VCI","13:57:35",41.05,0.75,1000,4658200,"B"
"VCI","13:57:34",41.1,0.8,800,4657200,"S"
"VCI","13:57:32",41.1,0.8,1400,4656400,"S"
"VCI","13:57:27",41.1,0.8,200,4655000,"S"
"VCI","13:57:23",41.1,0.8,4000,4654800,"S"
"VCI","13:57:23",41.1,0.8,10000,4650800,"S"
"VCI","13:57:14",41.1,0.8,100,4640800,"S"
"VCI","13:57:12",41.05,0.75,200,4640700,"S"
"VCI","13:57:12",41,0.7,600,4640500,"B"
"VCI","13:57:10",41.05,0.75,5000,4639900,"S"
"VCI","13:57:08",41.05,0.75,6000,4634900,"S"
"VCI","13:57:06",41.05,0.75,1500,4628900,"S"
"VCI","13:57:06",41,0.7,20000,4627400,"B"
"VCI","13:57:04",41.05,0.75,5000,4607400,"S"
"VCI","13:57:03",41.05,0.75,3000,4602400,"S"
"VCI","13:57:01",41,0.7,3500,4599400,"B"
"VCI","13:57:01",41.05,0.75,20000,4595900,"S"
"VCI","13:57:00",41.05,0.75,1000,4575900,"S"
"VCI","13:56:56",41.05,0.75,300,4574900,"S"
"VCI","13:56:49",41,0.7,1000,4574600,"B"
"VCI","13:56:49",41,0.7,1300,4573600,"S"
"VCI","13:56:47",41,0.7,10000,4572300,"S"
"VCI","13:56:47",41,0.7,1000,4562300,"S"
"VCI","13:56:46",40.95,0.65,600,4561300,"B"
"VCI","13:56:46",41,0.7,1000,4560700,"S"
"VCI","13:56:44",41,0.7,27800,4559700,"S"
"VCI","13:56:43",41,0.7,4000,4531900,"S"
"VCI","13:56:42",41,0.7,200,4527900,"S"
"VCI","13:56:41",41,0.7,5000,4527700,"S"
"VCI","13:56:40",41,0.7,600,4522700,"S"
"VCI","13:56:39",41,0.7,14300,4522100,"S"
"VCI","13:56:35",41,0.7,20000,4507800,"S"
"VCI","13:56:31",41,0.7,12400,4487800,"S"
"VCI","13:56:31",40.95,0.65,7400,4475400,"B"
"VCI","13:56:21",40.95,0.65,600,4468000,"B"
"VCI","13:56:16",41,0.7,1000,4467400,"S"
"VCI","13:56:13",41,0.7,1500,4466400,"S"
"VCI","13:56:13",40.95,0.65,3500,4464900,"S"
"VCI","13:56:12",40.9,0.6,100,4461400,"B"
"VCI","13:56:05",40.95,0.65,500,4461300,"B"
"VCI","13:55:55",41,0.7,9900,4460800,"S"
"VCI","13:55:55",40.95,0.65,100,4450900,"S"
"VCI","13:55:55",40.9,0.6,600,4450800,"B"
"VCI","13:55:53",41,0.7,100,4450200,"S"
"VCI","13:55:53",40.95,0.65,9900,4450100,"S"
"VCI","13:55:43",40.95,0.65,1000,4440200,"S"
"VCI","13:55:42",40.95,0.65,6400,4439200,"B"
"VCI","13:55:36",40.95,0.65,1100,4432800,"B"
"VCI","13:55:33",40.95,0.65,200,4431700,"B"
"VCI","13:55:29",40.95,0.65,600,4431500,"B"
"VCI","13:55:23",40.95,0.65,1000,4430900,"B"
"VCI","13:55:23",40.95,0.65,2000,4429900,"B"
"VCI","13:55:17",40.95,0.65,500,4427900,"B"
"VCI","13:55:16",40.95,0.65,1400,4427400,"B"
"VCI","13:55:07",40.95,0.65,900,4426000,"B"
"VCI","13:55:03",40.95,0.65,500,4425100,"B"
"VCI","13:54:57",40.95,0.65,200,4424600,"B"
"VCI","13:54:45",40.95,0.65,500,4424400,"S"
"VCI","13:54:43",40.95,0.65,13000,4423900,"S"
"VCI","13:54:32",40.95,0.65,500,4410900,"S"
"VCI","13:54:28",40.9,0.6,100,4410400,"B"
"VCI","13:54:24",40.95,0.65,300,4410300,"S"
"VCI","13:54:22",40.95,0.65,800,4410000,"S"
"VCI","13:54:08",40.95,0.65,100,4409200,"S"
"VCI","13:53:56",40.9,0.6,100,4409100,"B"
"VCI","13:53:43",40.9,0.6,100,4409000,"B"
"VCI","13:53:38",41,0.7,500,4408900,"S"
"VCI","13:53:34",40.9,0.6,5000,4408400,"B"
"VCI","13:53:25",41,0.7,5000,4403400,"S"
"VCI","13:53:25",40.95,0.65,5000,4398400,"S"
"VCI","13:53:17",40.9,0.6,5700,4393400,"B"
"VCI","13:52:58",41,0.7,2200,4387700,"S"
"VCI","13:52:58",40.95,0.65,2800,4385500,"S"
"VCI","13:52:56",40.9,0.6,500,4382700,"B"
"VCI","13:52:46",40.95,0.65,2000,4382200,"B"
"VCI","13:52:39",40.9,0.6,3000,4380200,"B"
"VCI","13:52:22",40.95,0.65,3700,4370200,"B"
"VCI","13:52:11",40.95,0.65,100,4366500,"B"
"VCI","13:52:07",41,0.7,2800,4366400,"B"
"VCI","13:52:01",41,0.7,500,4363600,"B"
"VCI","13:51:59",41,0.7,600,4363100,"B"
"VCI","13:51:57",41,0.7,5000,4362500,"B"
"VCI","13:51:53",41,0.7,2000,4357500,"B"
"VCI","13:51:45",41,0.7,1000,4355500,"B"
"VCI","13:51:42",41.05,0.75,2000,4354500,"S"
"VCI","13:51:39",41.05,0.75,5000,4352500,"S"
"VCI","13:51:34",41,0.7,500,4347500,"B"
"VCI","13:51:32",41,0.7,1000,4347000,"B"
"VCI","13:51:30",41,0.7,1000,4346000,"S"
"VCI","13:51:28",41.05,0.75,4800,4345000,"S"
"VCI","13:51:28",41,0.7,15200,4340200,"S"
"VCI","13:51:24",40.95,0.65,100,4325000,"B"
"VCI","13:51:11",40.95,0.65,200,4324900,"B"
"VCI","13:50:55",40.95,0.65,500,4324700,"B"
"VCI","13:50:45",41,0.7,10000,4324200,"S"
"VCI","13:50:34",41,0.7,5000,4314200,"S"
"VCI","13:50:30",40.95,0.65,600,4309200,"B"
"VCI","13:50:26",40.95,0.65,9600,4308600,"B"
"VCI","13:50:25",40.95,0.65,600,4299000,"B"
"VCI","13:50:09",40.95,0.65,1000,4298400,"B"
"VCI","13:50:04",40.95,0.65,200,4297400,"B"
"VCI","13:49:59",41,0.7,1000,4297200,"S"
"VCI","13:49:56",40.95,0.65,100,4296200,"B"
"VCI","13:49:54",40.95,0.65,1000,4296100,"B"
"VCI","13:49:53",40.95,0.65,200,4295100,"B"
"VCI","13:49:45",40.95,0.65,300,4294900,"B"
"VCI","13:49:44",40.95,0.65,100,4294600,"B"
"VCI","13:49:41",40.95,0.65,100,4294500,"B"
"VCI","13:49:35",40.95,0.65,300,4294400,"B"
"VCI","13:49:24",40.95,0.65,100,4294100,"B"
"VCI","13:49:19",41,0.7,100,4294000,"S"
"VCI","13:48:39",40.95,0.65,500,4293900,"B"
"VCI","13:48:34",40.95,0.65,1000,4293400,"B"
"VCI","13:48:27",41,0.7,2000,4292400,"B"
"VCI","13:48:23",41,0.7,100,4290400,"B"
"VCI","13:48:21",41,0.7,400,4290300,"B"
"VCI","13:48:18",41,0.7,3000,4289900,"B"
"VCI","13:48:12",41,0.7,100,4286900,"B"
"VCI","13:47:58",41,0.7,300,4286800,"B"
"VCI","13:47:53",41,0.7,6100,4286500,"B"
"VCI","13:47:39",41.05,0.75,7700,4280400,"B"
"VCI","13:47:38",41.05,0.75,1100,4272700,"B"
"VCI","13:47:36",41.05,0.75,5700,4271600,"B"
"VCI","13:47:32",41.05,0.75,3500,4265900,"B"
"VCI","13:47:31",41.05,0.75,400,4262400,"B"
"VCI","13:47:28",41.05,0.75,1000,4262000,"B"
"VCI","13:47:16",41.05,0.75,2300,4261000,"B"
"VCI","13:47:02",41.1,0.8,1000,4258700,"S"
"VCI","13:46:59",41.05,0.75,100,4257700,"B"
"VCI","13:46:58",41.05,0.75,100,4257600,"B"
"VCI","13:46:56",41.1,0.8,1600,4257500,"S"
"VCI","13:46:55",41.05,0.75,300,4255900,"B"
"VCI","13:46:52",41.05,0.75,100,4255600,"B"
"VCI","13:46:50",41.05,0.75,100,4255500,"B"
"VCI","13:46:42",41,0.7,300,4255400,"B"
"VCI","13:46:41",41,0.7,19300,4255100,"B"
"VCI","13:46:41",41.05,0.75,700,4235800,"B"
"VCI","13:46:37",41.1,0.8,12000,4235100,"S"
"VCI","13:46:37",41.05,0.75,5000,4223100,"S"
"VCI","13:46:35",41,0.7,300,4218100,"B"
"VCI","13:46:27",41,0.7,2600,4217800,"S"
"VCI","13:46:27",41,0.7,7000,4215200,"S"
"VCI","13:46:24",41,0.7,200,4208200,"S"
"VCI","13:46:19",41,0.7,10000,4208000,"S"
"VCI","13:46:14",41,0.7,3000,4198000,"S"
"VCI","13:46:11",40.95,0.65,2600,4195000,"S"
"VCI","13:46:10",40.9,0.6,300,4192400,"B"
"VCI","13:46:08",40.9,0.6,100,4192100,"B"
"VCI","13:45:55",40.9,0.6,18600,4192000,"S"
"VCI","13:45:46",40.9,0.6,8000,4173400,"S"
"VCI","13:45:42",40.85,0.55,5000,4165400,"B"
"VCI","13:45:32",40.85,0.55,100,4160400,"S"
"VCI","13:45:30",40.85,0.55,1000,4160300,"S"
"VCI","13:45:29",40.8,0.5,1000,4159300,"B"
"VCI","13:45:25",40.85,0.55,7900,4158300,"S"
"VCI","13:45:24",40.85,0.55,7700,4150400,"S"
"VCI","13:45:18",40.85,0.55,1800,4142700,"S"
"VCI","13:45:15",40.85,0.55,500,4140900,"B"
"VCI","13:45:12",40.85,0.55,2000,4140400,"B"
"VCI","13:45:04",40.85,0.55,2900,4138400,"S"
"VCI","13:45:03",40.85,0.55,2100,4135500,"B"
"VCI","13:44:58",40.85,0.55,5000,4133400,"B"
"VCI","13:44:55",40.9,0.6,500,4128400,"S"
"VCI","13:44:53",40.85,0.55,4500,4127900,"B"
"VCI","13:44:53",40.85,0.55,5000,4123400,"B"
"VCI","13:44:50",40.85,0.55,700,4118400,"B"
"VCI","13:44:49",40.85,0.55,3000,4117700,"B"
"VCI","13:44:48",40.85,0.55,600,4114700,"B"
"VCI","13:44:46",40.9,0.6,100,4114100,"S"
"VCI","13:44:46",40.85,0.55,200,4114000,"B"
"VCI","13:44:37",40.85,0.55,300,4113800,"B"
"VCI","13:44:33",40.9,0.6,400,4113500,"S"
"VCI","13:44:28",40.9,0.6,200,4113100,"S"
"VCI","13:43:56",40.85,0.55,400,4112900,"B"
"VCI","13:43:53",40.9,0.6,2000,4112500,"S"
"VCI","13:43:50",40.85,0.55,100,4110500,"B"
"VCI","13:43:43",40.85,0.55,900,4110400,"B"
"VCI","13:43:35",40.9,0.6,2000,4109500,"S"
"VCI","13:43:33",40.85,0.55,2000,4107500,"B"
"VCI","13:43:32",40.85,0.55,600,4105500,"B"
"VCI","13:43:27",40.85,0.55,100,4104900,"B"
"VCI","13:43:16",40.9,0.6,400,4104800,"S"
"VCI","13:43:12",40.85,0.55,200,4104400,"B"
"VCI","13:43:10",40.85,0.55,200,4104200,"B"
"VCI","13:43:09",40.85,0.55,5000,4104000,"B"
"VCI","13:42:57",40.9,0.6,100,4099000,"S"
"VCI","13:42:43",40.9,0.6,200,4098900,"S"
"VCI","13:42:40",40.9,0.6,100,4098700,"B"
"VCI","13:42:38",40.9,0.6,100,4098600,"B"
"VCI","13:42:35",40.9,0.6,800,4098500,"S"
"VCI","13:42:32",40.9,0.6,100,4097700,"S"
"VCI","13:42:28",40.9,0.6,2100,4097600,"B"
"VCI","13:42:25",40.9,0.6,300,4095500,"B"
"VCI","13:42:23",40.9,0.6,100,4095200,"S"
"VCI","13:42:17",40.85,0.55,900,4095100,"B"
"VCI","13:42:16",40.9,0.6,200,4094200,"B"
"VCI","13:42:10",40.9,0.6,100,4094000,"S"
"VCI","13:42:08",40.9,0.6,300,4093900,"S"
"VCI","13:42:03",40.9,0.6,7000,4093600,"S"
"VCI","13:41:56",40.9,0.6,100,4086600,"S"
"VCI","13:41:50",40.9,0.6,300,4086500,"B"
"VCI","13:41:47",40.9,0.6,100,4086200,"B"
"VCI","13:41:42",40.9,0.6,700,4086100,"B"
"VCI","13:41:41",40.9,0.6,1000,4085400,"B"
"VCI","13:41:36",40.9,0.6,300,4084400,"B"
"VCI","13:41:34",40.9,0.6,200,4084100,"B"
"VCI","13:41:33",40.9,0.6,100,4083900,"B"
"VCI","13:41:32",40.9,0.6,200,4083800,"B"
"VCI","13:41:26",40.9,0.6,100,4083600,"B"
"VCI","13:41:21",40.9,0.6,100,4083500,"B"
"VCI","13:41:16",40.95,0.65,900,4083400,"S"
"VCI","13:41:10",40.95,0.65,2000,4082500,"B"
"VCI","13:41:09",41,0.7,2000,4080500,"S"
"VCI","13:41:08",40.95,0.65,500,4078500,"B"
"VCI","13:41:06",41,0.7,900,4078000,"S"
"VCI","13:41:05",40.95,0.65,700,4077100,"B"
"VCI","13:41:04",40.95,0.65,1000,4076400,"B"
"VCI","13:41:03",41,0.7,400,4075400,"S"
"VCI","13:40:57",41,0.7,400,4075000,"B"
"VCI","13:40:54",41,0.7,5400,4074600,"B"
"VCI","13:40:53",41,0.7,500,4069200,"B"
"VCI","13:40:39",41.1,0.8,10400,4068700,"B"
"VCI","13:40:33",41.1,0.8,100,4058300,"B"
"VCI","13:40:32",41.1,0.8,300,4058200,"B"
"VCI","13:40:30",41.1,0.8,100,4057900,"B"
"VCI","13:40:29",41.1,0.8,900,4057800,"B"
"VCI","13:40:28",41.1,0.8,600,4056900,"S"
"VCI","13:40:27",41.1,0.8,500,4056300,"S"
"VCI","13:40:17",41.1,0.8,100,4055800,"S"
"VCI","13:40:13",41.1,0.8,29000,4055700,"B"
"VCI","13:40:11",41.15,0.85,2000,4026700,"B"
"VCI","13:40:10",41.15,0.85,100,4024700,"B"
"VCI","13:40:09",41.15,0.85,100,4024600,"B"
"VCI","13:40:08",41.15,0.85,3800,4024500,"S"
"VCI","13:40:05",41.1,0.8,400,4020700,"B"
"VCI","13:39:52",41.15,0.85,2000,4020300,"S"
"VCI","13:39:51",41.15,0.85,1200,4018300,"B"
"VCI","13:39:47",41.15,0.85,900,4017100,"S"
"VCI","13:39:44",41.1,0.8,100,4016200,"B"
"VCI","13:39:44",41.15,0.85,200,4016100,"B"
"VCI","13:39:41",41.15,0.85,10000,4015900,"B"
"VCI","13:39:38",41.2,0.9,9800,4005900,"S"
"VCI","13:39:37",41.2,0.9,3000,3996100,"S"
"VCI","13:39:31",41.2,0.9,6800,3993100,"S"
"VCI","13:39:16",41.2,0.9,300,3986300,"S"
"VCI","13:39:15",41.15,0.85,2600,3986000,"S"
"VCI","13:39:14",41.15,0.85,3000,3983400,"S"
"VCI","13:39:12",41.15,0.85,3000,3980400,"S"
"VCI","13:39:04",41.15,0.85,4800,3977400,"B"
"VCI","13:39:02",41.15,0.85,1000,3972600,"B"
"VCI","13:39:02",41.15,0.85,1500,3971600,"B"
"VCI","13:38:58",41.15,0.85,2000,3970100,"B"
"VCI","13:38:47",41.2,0.9,1200,3968100,"S"
"VCI","13:38:47",41.15,0.85,100,3966900,"B"
"VCI","13:38:41",41.2,0.9,3000,3966800,"S"
"VCI","13:38:36",41.2,0.9,2500,3963800,"B"
"VCI","13:38:33",41.2,0.9,100,3961300,"B"
"VCI","13:38:30",41.2,0.9,900,3961200,"B"
"VCI","13:38:25",41.2,0.9,500,3960300,"B"
"VCI","13:38:25",41.2,0.9,1000,3959800,"B"
"VCI","13:38:19",41.25,0.95,2500,3958800,"S"
"VCI","13:38:17",41.2,0.9,900,3956300,"S"
"VCI","13:38:15",41.2,0.9,100,3955400,"S"
"VCI","13:38:13",41.25,0.95,4500,3955300,"S"
"VCI","13:38:13",41.2,0.9,500,3950800,"S"
"VCI","13:38:12",41.2,0.9,500,3950300,"B"
"VCI","13:38:09",41.2,0.9,100,3949800,"B"
"VCI","13:38:08",41.25,0.95,2000,3949700,"S"
"VCI","13:38:06",41.2,0.9,100,3947700,"B"
"VCI","13:38:05",41.2,0.9,900,3947600,"B"
"VCI","13:38:03",41.2,0.9,600,3946700,"S"
"VCI","13:37:44",41.1,0.8,1000,3946100,"B"
"VCI","13:37:44",41.2,0.9,5200,3945100,"S"
"VCI","13:37:44",41.15,0.85,100,3939900,"S"
"VCI","13:37:40",41,0.7,400,3939800,"S"
"VCI","13:37:39",41.2,0.9,18100,3939400,"S"
"VCI","13:37:39",41.15,0.85,6000,3921300,"S"
"VCI","13:37:39",41.1,0.8,6300,3915300,"S"
"VCI","13:37:39",41.05,0.75,4900,3909000,"S"
"VCI","13:37:39",41,0.7,87700,3904100,"S"
"VCI","13:37:37",41,0.7,800,3816400,"S"
"VCI","13:37:36",41,0.7,30000,3815600,"S"
"VCI","13:37:35",41,0.7,500,3785600,"S"
"VCI","13:37:34",41,0.7,800,3785100,"S"
"VCI","13:37:31",40.95,0.65,100,3784300,"B"
"VCI","13:37:23",40.95,0.65,16100,3784200,"S"
"VCI","13:37:23",40.9,0.6,1000,3768100,"B"
"VCI","13:37:22",40.95,0.65,500,3767100,"S"
"VCI","13:37:17",40.95,0.65,5000,3766600,"S"
"VCI","13:37:13",40.9,0.6,1000,3761600,"B"
"VCI","13:37:10",40.95,0.65,400,3760600,"S"
"VCI","13:37:06",40.95,0.65,300,3760200,"S"
"VCI","13:37:04",40.95,0.65,2300,3759900,"S"
"VCI","13:37:01",40.95,0.65,300,3757600,"S"
"VCI","13:36:58",40.95,0.65,200,3757300,"S"
"VCI","13:36:55",40.9,0.6,500,3757100,"B"
"VCI","13:36:51",40.9,0.6,2100,3756600,"S"
"VCI","13:36:48",40.9,0.6,5800,3754500,"S"
"VCI","13:36:47",40.9,0.6,5600,3748700,"S"
"VCI","13:36:46",40.9,0.6,12200,3743100,"S"
"VCI","13:36:45",40.9,0.6,1000,3730900,"S"
"VCI","13:36:42",40.9,0.6,15000,3729900,"S"
"VCI","13:36:41",40.9,0.6,2000,3714900,"S"
"VCI","13:36:37",40.85,0.55,1500,3712900,"S"
"VCI","13:36:37",40.85,0.55,3000,3711400,"S"
"VCI","13:36:36",40.85,0.55,5100,3708400,"S"
"VCI","13:36:36",40.85,0.55,100,3703300,"S"
"VCI","13:36:34",40.85,0.55,2000,3703200,"S"
"VCI","13:36:33",40.85,0.55,2000,3701200,"S"
"VCI","13:36:32",40.85,0.55,500,3699200,"S"
"VCI","13:36:30",40.85,0.55,16600,3698700,"S"
"VCI","13:36:29",40.85,0.55,700,3682100,"S"
"VCI","13:36:29",40.85,0.55,10000,3681400,"S"
"VCI","13:36:28",40.85,0.55,100,3671400,"S"
"VCI","13:36:27",40.85,0.55,200,3671300,"S"
"VCI","13:36:26",40.85,0.55,2000,3671100,"S"
"VCI","13:36:17",40.8,0.5,1100,3669100,"S"
"VCI","13:36:16",40.8,0.5,31100,3668000,"S"
"VCI","13:36:15",40.8,0.5,400,3636900,"S"
"VCI","13:36:13",40.8,0.5,11000,3636500,"S"
"VCI","13:36:11",40.8,0.5,1000,3625500,"S"
"VCI","13:36:10",40.8,0.5,1000,3624500,"S"
"VCI","13:36:02",40.8,0.5,2000,3623500,"S"
"VCI","13:36:00",40.7,0.4,2000,3621500,"B"
"VCI","13:36:00",40.75,0.45,2000,3619500,"B"
"VCI","13:36:00",40.75,0.45,1000,3617500,"S"
"VCI","13:35:58",40.75,0.45,2000,3616500,"S"
"VCI","13:35:58",40.75,0.45,1500,3614500,"S"
"VCI","13:35:57",40.75,0.45,6500,3613000,"S"
"VCI","13:35:56",40.75,0.45,30000,3606500,"S"
"VCI","13:35:54",40.75,0.45,2000,3576500,"S"
"VCI","13:35:53",40.75,0.45,2000,3574500,"S"
"VCI","13:35:52",40.75,0.45,3200,3572500,"S"
"VCI","13:35:51",40.75,0.45,6100,3569300,"S"
"VCI","13:35:44",40.7,0.4,200,3563200,"B"
"VCI","13:35:43",40.7,0.4,800,3563000,"S"
"VCI","13:35:42",40.7,0.4,2000,3562200,"S"
"VCI","13:35:42",40.65,0.35,100,3560200,"B"
"VCI","13:35:41",40.7,0.4,5000,3560100,"S"
"VCI","13:35:28",40.65,0.35,100,3555100,"S"
"VCI","13:35:23",40.65,0.35,1900,3555000,"B"
"VCI","13:35:19",40.7,0.4,9300,3553100,"S"
"VCI","13:35:14",40.65,0.35,1600,3543800,"S"
"VCI","13:35:13",40.65,0.35,2000,3542200,"S"
"VCI","13:35:10",40.65,0.35,5600,3540200,"S"
"VCI","13:35:06",40.65,0.35,300,3534600,"S"
"VCI","13:35:02",40.65,0.35,100,3534300,"S"
"VCI","13:34:57",40.65,0.35,500,3534200,"S"
"VCI","13:34:55",40.65,0.35,400,3533700,"S"
"VCI","13:34:43",40.65,0.35,100,3533300,"S"
"VCI","13:34:35",40.65,0.35,1000,3533200,"S"
"VCI","13:34:25",40.65,0.35,500,3532200,"S"
"VCI","13:34:14",40.6,0.3,6100,3531700,"B"
"VCI","13:34:14",40.65,0.35,3900,3525600,"B"
"VCI","13:34:03",40.65,0.35,1200,3521700,"S"
"VCI","13:33:58",40.65,0.35,1000,3520500,"S"
"VCI","13:33:57",40.65,0.35,2600,3519500,"S"
"VCI","13:33:45",40.65,0.35,2100,3516900,"B"
"VCI","13:33:34",40.65,0.35,200,3514800,"B"
"VCI","13:33:29",40.65,0.35,100,3514600,"B"
"VCI","13:33:27",40.65,0.35,600,3514500,"S"
"VCI","13:33:23",40.65,0.35,600,3513900,"S"
"VCI","13:33:14",40.65,0.35,6000,3513300,"S"
"VCI","13:33:08",40.65,0.35,5000,3507300,"S"
"VCI","13:33:02",40.65,0.35,500,3502300,"S"
"VCI","13:32:47",40.65,0.35,200,3501800,"S"
"VCI","13:32:32",40.65,0.35,200,3501600,"S"
"VCI","13:32:26",40.65,0.35,500,3501400,"S"
"VCI","13:32:04",40.65,0.35,4100,3500900,"B"
"VCI","13:32:00",40.65,0.35,100,3496800,"B"
"VCI","13:31:16",40.7,0.4,2000,3496700,"S"
"VCI","13:30:49",40.7,0.4,100,3494700,"S"
"VCI","13:30:44",40.7,0.4,1800,3494600,"B"
"VCI","13:30:39",40.7,0.4,200,3492800,"B"
"VCI","13:30:37",40.7,0.4,5000,3492600,"B"
"VCI","13:30:36",40.7,0.4,500,3487600,"B"
"VCI","13:30:29",40.7,0.4,1000,3487100,"B"
"VCI","13:30:21",40.7,0.4,200,3486100,"B"
"VCI","13:30:18",40.7,0.4,300,3485900,"B"
"VCI","13:30:00",40.75,0.45,500,3485600,"S"
"VCI","13:29:56",40.7,0.4,600,3485100,"B"
"VCI","13:29:52",40.7,0.4,3000,3484500,"B"
"VCI","13:29:47",40.7,0.4,100,3481500,"B"
"VCI","13:29:37",40.75,0.45,100,3481400,"S"
"VCI","13:29:34",40.7,0.4,1000,3481300,"B"
"VCI","13:29:02",40.75,0.45,1000,3480300,"S"
"VCI","13:28:45",40.7,0.4,300,3479300,"B"
"VCI","13:28:34",40.7,0.4,3000,3479000,"B"
"VCI","13:28:27",40.7,0.4,500,3476000,"B"
"VCI","13:28:18",40.7,0.4,500,3475500,"B"
"VCI","13:28:07",40.7,0.4,1300,3475000,"B"
"VCI","13:28:04",40.7,0.4,500,3473700,"B"
"VCI","13:28:01",40.7,0.4,3000,3473200,"B"
"VCI","13:27:51",40.7,0.4,1000,3470200,"B"
"VCI","13:27:48",40.7,0.4,300,3469200,"B"
"VCI","13:27:46",40.7,0.4,100,3468900,"B"
"VCI","13:27:37",40.7,0.4,800,3468800,"S"
"VCI","13:27:30",40.65,0.35,100,3468000,"B"
"VCI","13:27:28",40.7,0.4,1800,3467900,"S"
"VCI","13:27:05",40.7,0.4,100,3466100,"B"
"VCI","13:26:03",40.65,0.35,1300,3466000,"B"
"VCI","13:25:54",40.65,0.35,600,3464700,"B"
"VCI","13:25:33",40.65,0.35,200,3464100,"B"
"VCI","13:25:12",40.65,0.35,100,3463900,"B"
"VCI","13:25:08",40.7,0.4,100,3463800,"S"
"VCI","13:25:03",40.65,0.35,8100,3463700,"B"
"VCI","13:25:01",40.65,0.35,1500,3455600,"B"
"VCI","13:24:57",40.65,0.35,3600,3454100,"B"
"VCI","13:24:57",40.7,0.4,1500,3450500,"B"
"VCI","13:24:52",40.7,0.4,400,3449000,"S"
"VCI","13:24:52",40.65,0.35,100,3448600,"B"
"VCI","13:24:48",40.7,0.4,300,3448500,"S"
"VCI","13:24:35",40.7,0.4,5900,3448200,"S"
"VCI","13:24:09",40.65,0.35,500,3442300,"B"
"VCI","13:24:03",40.65,0.35,100,3441800,"B"
"VCI","13:23:59",40.65,0.35,1500,3441700,"B"
"VCI","13:23:57",40.65,0.35,200,3440200,"B"
"VCI","13:23:52",40.65,0.35,100,3440000,"B"
"VCI","13:23:35",40.65,0.35,100,3439900,"B"
"VCI","13:22:57",40.65,0.35,1500,3439800,"B"
"VCI","13:22:42",40.7,0.4,1700,3438300,"B"
"VCI","13:22:37",40.75,0.45,18600,3436600,"S"
"VCI","13:22:24",40.7,0.4,100,3418000,"B"
"VCI","13:22:21",40.7,0.4,200,3417900,"B"
"VCI","13:22:17",40.7,0.4,500,3417700,"B"
"VCI","13:22:03",40.7,0.4,5800,3417200,"B"
"VCI","13:22:02",40.7,0.4,100,3411400,"B"
"VCI","13:21:55",40.7,0.4,1500,3411300,"B"
"VCI","13:21:51",40.7,0.4,500,3409800,"B"
"VCI","13:21:46",40.7,0.4,1800,3409300,"S"
"VCI","13:21:40",40.7,0.4,2400,3407500,"S"
"VCI","13:21:28",40.7,0.4,2000,3405100,"S"
"VCI","13:21:20",40.65,0.35,100,3403100,"B"
"VCI","13:20:58",40.7,0.4,500,3403000,"S"
"VCI","13:20:56",40.7,0.4,300,3402500,"S"
"VCI","13:20:53",40.65,0.35,1500,3402200,"B"
"VCI","13:20:53",40.7,0.4,100,3400700,"S"
"VCI","13:20:39",40.7,0.4,4500,3400600,"S"
"VCI","13:20:27",40.7,0.4,1000,3396100,"S"
"VCI","13:20:27",40.65,0.35,500,3395100,"B"
"VCI","13:20:06",40.65,0.35,20000,3394600,"B"
"VCI","13:19:51",40.65,0.35,1500,3374600,"B"
"VCI","13:19:42",40.65,0.35,5000,3373100,"S"
"VCI","13:19:40",40.65,0.35,400,3368100,"S"
"VCI","13:19:30",40.6,0.3,100,3367700,"B"
"VCI","13:19:26",40.6,0.3,100,3367600,"B"
"VCI","13:19:23",40.6,0.3,7000,3367500,"B"
"VCI","13:19:22",40.65,0.35,400,3360500,"S"
"VCI","13:19:18",40.65,0.35,100,3360100,"S"
"VCI","13:19:09",40.6,0.3,1700,3360000,"B"
"VCI","13:19:02",40.6,0.3,100,3358300,"B"
"VCI","13:19:02",40.65,0.35,500,3358200,"S"
"VCI","13:18:52",40.6,0.3,1000,3357700,"B"
"VCI","13:18:49",40.6,0.3,1500,3356700,"B"
"VCI","13:18:46",40.65,0.35,2000,3355200,"S"
"VCI","13:18:40",40.65,0.35,200,3353200,"B"
"VCI","13:18:38",40.65,0.35,1500,3353000,"B"
"VCI","13:18:31",40.65,0.35,100,3351500,"B"
"VCI","13:18:31",40.65,0.35,200,3351400,"B"
"VCI","13:18:31",40.7,0.4,200,3351200,"S"
"VCI","13:18:27",40.65,0.35,1000,3351000,"B"
"VCI","13:18:25",40.7,0.4,100,3350000,"S"
"VCI","13:18:22",40.65,0.35,2000,3349900,"B"
"VCI","13:18:21",40.7,0.4,1000,3347900,"S"
"VCI","13:18:13",40.65,0.35,1000,3346900,"B"
"VCI","13:18:02",40.65,0.35,100,3345900,"B"
"VCI","13:17:58",40.65,0.35,4000,3345800,"B"
"VCI","13:17:47",40.65,0.35,1500,3341800,"B"
"VCI","13:17:36",40.65,0.35,1000,3340300,"B"
"VCI","13:17:32",40.65,0.35,200,3339300,"B"
"VCI","13:17:32",40.7,0.4,100,3339100,"S"
"VCI","13:17:25",40.65,0.35,100,3339000,"B"
"VCI","13:17:18",40.7,0.4,4400,3338900,"S"
"VCI","13:17:17",40.7,0.4,1000,3334500,"S"
"VCI","13:17:08",40.65,0.35,300,3333500,"B"
"VCI","13:16:49",40.7,0.4,4500,3333200,"S"
"VCI","13:16:48",40.65,0.35,1200,3328700,"B"
"VCI","13:16:45",40.65,0.35,1500,3327500,"B"
"VCI","13:16:38",40.65,0.35,400,3326000,"B"
"VCI","13:16:21",40.65,0.35,500,3325600,"B"
"VCI","13:16:19",40.65,0.35,500,3325100,"B"
"VCI","13:16:01",40.65,0.35,200,3324600,"B"
"VCI","13:15:55",40.65,0.35,200,3324400,"B"
"VCI","13:15:52",40.65,0.35,2300,3324200,"S"
"VCI","13:15:43",40.6,0.3,1500,3321900,"B"
"VCI","13:15:40",40.65,0.35,600,3320400,"S"
"VCI","13:15:40",40.65,0.35,500,3319800,"S"
"VCI","13:15:37",40.65,0.35,2700,3319300,"S"
"VCI","13:15:15",40.65,0.35,300,3316600,"S"
"VCI","13:15:05",40.6,0.3,900,3316300,"S"
"VCI","13:15:04",40.6,0.3,3000,3315400,"S"
"VCI","13:15:04",40.5,0.2,100,3312400,"B"
"VCI","13:14:50",40.6,0.3,3000,3312300,"S"
"VCI","13:14:41",40.5,0.2,1500,3309300,"B"
"VCI","13:14:21",40.5,0.2,500,3307800,"B"
"VCI","13:14:20",40.5,0.2,200,3307300,"B"
"VCI","13:14:02",40.5,0.2,2000,3307100,"B"
"VCI","13:13:59",40.5,0.2,500,3305100,"B"
"VCI","13:13:51",40.5,0.2,500,3304600,"B"
"VCI","13:13:47",40.5,0.2,2000,3304100,"B"
"VCI","13:13:39",40.5,0.2,1500,3302100,"B"
"VCI","13:13:35",40.5,0.2,100,3300600,"B"
"VCI","13:13:13",40.4,0.1,100,3300500,"B"
"VCI","13:13:11",40.4,0.1,1000,3300400,"B"
"VCI","13:13:07",40.4,0.1,400,3299400,"S"
"VCI","13:12:49",40.4,0.1,1000,3299000,"S"
"VCI","13:12:46",40.4,0.1,2600,3298000,"B"
"VCI","13:12:44",40.4,0.1,200,3295400,"B"
"VCI","13:12:40",40.4,0.1,100,3295200,"B"
"VCI","13:12:37",40.4,0.1,1500,3295100,"B"
"VCI","13:12:29",40.4,0.1,2000,3293600,"B"
"VCI","13:12:21",40.4,0.1,100,3291600,"B"
"VCI","13:12:02",40.4,0.1,300,3291500,"B"
"VCI","13:11:41",40.35,0.05,200,3291200,"S"
"VCI","13:11:40",40.35,0.05,300,3291000,"S"
"VCI","13:11:35",40.35,0.05,1000,3290700,"B"
"VCI","13:11:32",40.3,0,900,3289700,"B"
"VCI","13:11:32",40.35,0.05,600,3288800,"B"
"VCI","13:11:16",40.25,-0.05,47100,3288200,"B"
"VCI","13:11:16",40.35,0.05,5400,3186600,"B"
"VCI","13:11:10",40.35,0.05,100,3181200,"B"
"VCI","13:11:08",40.6,0.3,200,3181100,"B"
"VCI","13:10:50",40.3,0,17500,3180900,"B"
"VCI","13:10:50",40.35,0.05,8000,3163400,"B"
"VCI","13:10:50",40.4,0.1,12000,3155400,"B"
"VCI","13:10:50",40.45,0.15,3200,3143400,"B"
"VCI","13:10:50",40.6,0.3,14300,3140200,"B"
"VCI","13:10:50",40.6,0.3,1000,3125900,"B"
"VCI","13:10:36",40.6,0.3,300,3124900,"B"
"VCI","13:10:34",40.6,0.3,1400,3124600,"S"
"VCI","13:10:33",40.6,0.3,100,3123200,"B"
"VCI","13:10:24",40.6,0.3,400,3123100,"B"
"VCI","13:09:32",40.4,0.1,300,3122700,"B"
"VCI","13:09:27",40.4,0.1,5000,3122400,"B"
"VCI","13:09:27",40.45,0.15,100,3117400,"B"
"VCI","13:09:27",40.5,0.2,11000,3117300,"B"
"VCI","13:09:27",40.6,0.3,6700,3106300,"B"
"VCI","13:09:27",40.7,0.4,22200,3099600,"B"
"VCI","13:09:24",40.7,0.4,1000,3077400,"B"
"VCI","13:09:12",40.7,0.4,2500,3076400,"B"
"VCI","13:09:10",40.75,0.45,100,3073900,"S"
"VCI","13:08:54",40.7,0.4,100,3073800,"B"
"VCI","13:08:36",40.7,0.4,100,3073700,"B"
"VCI","13:08:30",40.7,0.4,2000,3073600,"B"
"VCI","13:08:25",40.7,0.4,100,3071600,"B"
"VCI","13:08:15",40.7,0.4,200,3071500,"B"
"VCI","13:08:04",40.7,0.4,3000,3071300,"B"
"VCI","13:08:03",40.75,0.45,400,3068300,"S"
"VCI","13:07:58",40.7,0.4,200,3067900,"B"
"VCI","13:07:47",40.7,0.4,400,3067700,"B"
"VCI","13:07:38",40.75,0.45,1100,3067300,"B"
"VCI","13:07:28",40.75,0.45,2500,3066200,"B"
"VCI","13:07:15",40.75,0.45,100,3063700,"B"
"VCI","13:07:11",40.8,0.5,2000,3063600,"B"
"VCI","13:06:55",40.8,0.5,1000,3061600,"B"
"VCI","13:06:34",40.75,0.45,3500,3060600,"B"
"VCI","13:06:34",40.8,0.5,1500,3057100,"B"
"VCI","13:06:32",40.8,0.5,200,3055600,"B"
"VCI","13:06:24",40.8,0.5,700,3055400,"S"
"VCI","13:06:19",40.8,0.5,3100,3054700,"S"
"VCI","13:06:15",40.8,0.5,300,3051600,"S"
"VCI","13:06:05",40.8,0.5,3000,3051300,"S"
"VCI","13:05:59",40.8,0.5,1000,3048300,"S"
"VCI","13:05:58",40.8,0.5,1000,3047300,"S"
"VCI","13:05:57",40.8,0.5,500,3046300,"S"
"VCI","13:05:51",40.8,0.5,2800,3045800,"S"
"VCI","13:05:47",40.8,0.5,1000,3043000,"S"
"VCI","13:05:43",40.75,0.45,2500,3042000,"B"
"VCI","13:05:42",40.75,0.45,1500,3039500,"B"
"VCI","13:05:41",40.8,0.5,5000,3038000,"S"
"VCI","13:05:38",40.8,0.5,700,3033000,"S"
"VCI","13:05:32",40.8,0.5,5000,3032300,"S"
"VCI","13:05:22",40.75,0.45,1000,3027300,"B"
"VCI","13:05:20",40.8,0.5,11900,3026300,"S"
"VCI","13:05:16",40.8,0.5,200,3014400,"S"
"VCI","13:05:14",40.8,0.5,500,3014200,"S"
"VCI","13:05:11",40.8,0.5,300,3013700,"S"
"VCI","13:05:10",40.8,0.5,100,3013400,"S"
"VCI","13:05:04",40.8,0.5,10000,3013300,"S"
"VCI","13:05:01",40.75,0.45,100,3003300,"B"
"VCI","13:05:01",40.8,0.5,7000,3003200,"S"
"VCI","13:04:58",40.8,0.5,1000,2996200,"S"
"VCI","13:04:52",40.8,0.5,2000,2995200,"S"
"VCI","13:04:46",40.75,0.45,1000,2993200,"B"
"VCI","13:04:44",40.75,0.45,100,2992200,"B"
"VCI","13:04:34",40.75,0.45,300,2992100,"B"
"VCI","13:04:23",40.75,0.45,400,2991800,"B"
"VCI","13:04:13",40.75,0.45,500,2991400,"B"
"VCI","13:04:10",40.8,0.5,2000,2990900,"S"
"VCI","13:04:03",40.75,0.45,5000,2988900,"B"
"VCI","13:03:58",40.75,0.45,2500,2983900,"B"
"VCI","13:03:49",40.75,0.45,100,2981400,"B"
"VCI","13:03:40",40.75,0.45,300,2981300,"B"
"VCI","13:03:35",40.75,0.45,7900,2981000,"S"
"VCI","13:03:21",40.7,0.4,3500,2973100,"S"
"VCI","13:03:18",40.7,0.4,1500,2969600,"B"
"VCI","13:02:49",40.7,0.4,900,2968100,"S"
"VCI","13:02:47",40.6,0.3,1000,2967200,"B"
"VCI","13:02:45",40.6,0.3,100,2966200,"B"
"VCI","13:02:30",40.6,0.3,400,2966100,"S"
"VCI","13:02:27",40.6,0.3,200,2965700,"S"
"VCI","13:02:23",40.6,0.3,400,2965500,"S"
"VCI","13:02:18",40.55,0.25,1100,2965100,"B"
"VCI","13:02:15",40.55,0.25,2500,2964000,"B"
"VCI","13:02:13",40.6,0.3,10000,2961500,"S"
"VCI","13:02:07",40.6,0.3,200,2951500,"S"
"VCI","13:01:38",40.6,0.3,300,2951300,"S"
"VCI","13:01:35",40.6,0.3,2700,2951000,"B"
"VCI","13:01:31",40.6,0.3,1200,2948300,"B"
"VCI","13:01:27",40.6,0.3,5300,2947100,"B"
"VCI","13:01:18",40.6,0.3,100,2941800,"B"
"VCI","13:01:01",40.7,0.4,500,2941700,"S"
"VCI","13:00:43",40.65,0.35,1800,2941200,"S"
"VCI","13:00:31",40.65,0.35,200,2939400,"S"
"VCI","13:00:30",40.6,0.3,2500,2939200,"B"
"VCI","13:00:25",40.6,0.3,1000,2936700,"B"
"VCI","13:00:24",40.65,0.35,100,2935700,"S"
"VCI","13:00:24",40.6,0.3,1100,2935600,"B"
"VCI","13:00:24",40.65,0.35,100,2934500,"S"
"VCI","13:00:21",40.65,0.35,5000,2934400,"S"
"VCI","13:00:20",40.65,0.35,100,2929400,"S"
"VCI","13:00:18",40.6,0.3,2200,2929300,"S"
"VCI","13:00:14",40.5,0.2,100,2927100,"B"
"VCI","13:00:12",40.5,0.2,5600,2927000,"B"
"VCI","13:00:12",40.55,0.25,2100,2921400,"B"
"VCI","13:00:10",40.55,0.25,300,2919300,"B"
"VCI","13:00:05",40.55,0.25,2000,2919000,"B"
"VCI","13:00:05",40.55,0.25,200,2917000,"B"
"VCI","11:29:48",40.65,0.35,200,2916800,"S"
"VCI","11:29:48",40.6,0.3,800,2916600,"S"
"VCI","11:29:43",40.6,0.3,300,2915800,"B"
"VCI","11:28:33",40.6,0.3,500,2915500,"B"
"VCI","11:28:01",40.7,0.4,2100,2915000,"S"
"VCI","11:27:38",40.7,0.4,5400,2912900,"B"
"VCI","11:27:36",40.7,0.4,2000,2907500,"B"
"VCI","11:27:35",40.7,0.4,300,2905500,"B"
"VCI","11:27:34",40.7,0.4,6100,2905200,"B"
"VCI","11:27:11",40.7,0.4,4000,2899100,"B"
"VCI","11:27:07",40.7,0.4,4000,2895100,"B"
"VCI","11:26:46",40.7,0.4,400,2891100,"B"
"VCI","11:26:33",40.7,0.4,100,2890700,"B"
"VCI","11:26:30",40.7,0.4,1100,2890600,"B"
"VCI","11:26:29",40.7,0.4,900,2889500,"B"
"VCI","11:26:19",40.7,0.4,500,2888600,"B"
"VCI","11:26:12",40.7,0.4,1000,2888100,"B"
"VCI","11:25:58",40.7,0.4,500,2887100,"B"
"VCI","11:25:57",40.7,0.4,100,2886600,"B"
"VCI","11:25:54",40.75,0.45,200,2886500,"B"
"VCI","11:25:53",40.75,0.45,300,2886300,"B"
"VCI","11:25:41",40.75,0.45,1700,2886000,"B"
"VCI","11:25:00",40.8,0.5,4000,2884300,"S"
"VCI","11:24:46",40.75,0.45,2800,2880300,"S"
"VCI","11:24:46",40.7,0.4,400,2877500,"B"
"VCI","11:24:45",40.7,0.4,100,2877100,"B"
"VCI","11:24:43",40.75,0.45,200,2877000,"S"
"VCI","11:24:13",40.75,0.45,5000,2876800,"S"
"VCI","11:24:03",40.75,0.45,1000,2871800,"S"
"VCI","11:23:50",40.7,0.4,1500,2870800,"B"
"VCI","11:23:34",40.7,0.4,500,2869300,"B"
"VCI","11:23:03",40.7,0.4,1000,2868800,"B"
"VCI","11:22:49",40.75,0.45,1600,2867800,"S"
"VCI","11:22:47",40.75,0.45,900,2866200,"B"
"VCI","11:22:35",40.75,0.45,500,2865300,"B"
"VCI","11:22:25",40.75,0.45,100,2864800,"B"
"VCI","11:22:21",40.75,0.45,400,2864700,"B"
"VCI","11:22:10",40.8,0.5,1900,2864300,"B"
"VCI","11:22:09",40.8,0.5,300,2862400,"B"
"VCI","11:22:07",40.85,0.55,2000,2862100,"S"
"VCI","11:22:04",40.85,0.55,1000,2860100,"S"
"VCI","11:22:02",40.85,0.55,100,2859100,"S"
"VCI","11:22:00",40.8,0.5,1000,2859000,"B"
"VCI","11:21:50",40.85,0.55,2000,2858000,"S"
"VCI","11:21:39",40.85,0.55,10000,2856000,"S"
"VCI","11:21:16",40.85,0.55,3700,2846000,"S"
"VCI","11:21:16",40.85,0.55,4000,2842300,"S"
"VCI","11:21:14",40.85,0.55,1000,2838300,"S"
"VCI","11:21:09",40.8,0.5,500,2837300,"B"
"VCI","11:20:57",40.8,0.5,2300,2836800,"S"
"VCI","11:20:56",40.75,0.45,100,2834500,"B"
"VCI","11:20:50",40.8,0.5,100,2834400,"S"
"VCI","11:20:48",40.8,0.5,24300,2834300,"S"
"VCI","11:20:44",40.8,0.5,2000,2810000,"S"
"VCI","11:20:27",40.75,0.45,300,2808000,"S"
"VCI","11:20:08",40.8,0.5,10000,2807700,"S"
"VCI","11:19:56",40.7,0.4,500,2797700,"B"
"VCI","11:19:51",40.8,0.5,5000,2797200,"S"
"VCI","11:19:44",40.8,0.5,5900,2792200,"S"
"VCI","11:19:44",40.75,0.45,100,2786300,"S"
"VCI","11:19:40",40.8,0.5,1000,2786200,"S"
"VCI","11:19:33",40.8,0.5,100,2785200,"S"
"VCI","11:19:25",40.8,0.5,6700,2785100,"S"
"VCI","11:19:24",40.8,0.5,3300,2778400,"S"
"VCI","11:19:15",40.75,0.45,5000,2775100,"B"
"VCI","11:19:11",40.8,0.5,6000,2770100,"S"
"VCI","11:18:58",40.7,0.4,2300,2764100,"B"
"VCI","11:18:58",40.75,0.45,700,2761800,"B"
"VCI","11:18:56",40.8,0.5,1000,2761100,"S"
"VCI","11:18:52",40.75,0.45,10000,2760100,"B"
"VCI","11:18:46",40.75,0.45,7300,2750100,"S"
"VCI","11:18:44",40.7,0.4,500,2742800,"B"
"VCI","11:18:42",40.7,0.4,100,2742300,"B"
"VCI","11:18:39",40.75,0.45,2000,2742200,"S"
"VCI","11:18:37",40.8,0.5,500,2740200,"S"
"VCI","11:18:35",40.75,0.45,900,2739700,"S"
"VCI","11:18:34",40.75,0.45,1800,2738800,"S"
"VCI","11:18:11",40.7,0.4,46400,2737000,"S"
"VCI","11:17:31",40.6,0.3,500,2690600,"B"
"VCI","11:17:20",40.6,0.3,200,2690100,"B"
"VCI","11:16:29",40.6,0.3,100,2689900,"B"
"VCI","11:16:27",40.65,0.35,21900,2689800,"S"
"VCI","11:16:19",40.6,0.3,9300,2667900,"S"
"VCI","11:16:19",40.5,0.2,500,2658600,"B"
"VCI","11:16:03",40.5,0.2,5100,2658100,"S"
"VCI","11:15:57",40.5,0.2,500,2653000,"S"
"VCI","11:15:51",40.5,0.2,3200,2652500,"B"
"VCI","11:15:42",40.5,0.2,4000,2649300,"B"
"VCI","11:15:05",40.5,0.2,1400,2645300,"B"
"VCI","11:14:18",40.5,0.2,100,2643900,"B"
"VCI","11:14:13",40.5,0.2,100,2643800,"B"
"VCI","11:14:10",40.5,0.2,1000,2643700,"B"
"VCI","11:13:54",40.5,0.2,1000,2642700,"B"
"VCI","11:13:54",40.55,0.25,2400,2641700,"B"
"VCI","11:12:42",40.6,0.3,400,2639300,"S"
"VCI","11:12:42",40.55,0.25,100,2638900,"S"
"VCI","11:12:40",40.55,0.25,1300,2638800,"B"
"VCI","11:12:36",40.55,0.25,100,2637500,"B"
"VCI","11:12:09",40.6,0.3,300,2637400,"S"
"VCI","11:11:38",40.55,0.25,100,2637100,"S"
"VCI","11:11:30",40.55,0.25,1400,2637000,"S"
"VCI","11:11:28",40.6,0.3,300,2635600,"S"
"VCI","11:11:12",40.6,0.3,10000,2635300,"S"
"VCI","11:10:57",40.55,0.25,1000,2625300,"B"
"VCI","11:10:56",40.6,0.3,5000,2624300,"S"
"VCI","11:10:40",40.55,0.25,700,2619300,"B"
"VCI","11:10:39",40.55,0.25,1000,2618600,"B"
"VCI","11:10:21",40.55,0.25,3500,2617600,"S"
"VCI","11:10:16",40.5,0.2,1400,2614100,"B"
"VCI","11:10:10",40.5,0.2,1400,2612700,"S"
"VCI","11:10:09",40.45,0.15,100,2611300,"B"
"VCI","11:10:03",40.5,0.2,400,2611200,"B"
"VCI","11:09:43",40.5,0.2,800,2610800,"S"
"VCI","11:09:38",40.5,0.2,300,2610000,"S"
"VCI","11:09:38",40.5,0.2,300,2609700,"S"
"VCI","11:09:03",40.5,0.2,600,2609400,"B"
"VCI","11:08:41",40.55,0.25,3800,2608800,"B"
"VCI","11:08:39",40.55,0.25,500,2605000,"B"
"VCI","11:08:34",40.55,0.25,100,2604500,"B"
"VCI","11:08:19",40.55,0.25,1000,2604400,"B"
"VCI","11:08:07",40.5,0.2,1400,2603400,"S"
"VCI","11:08:03",40.5,0.2,500,2602000,"B"
"VCI","11:08:01",40.5,0.2,600,2601500,"B"
"VCI","11:07:53",40.5,0.2,700,2600900,"B"
"VCI","11:07:51",40.5,0.2,1400,2600200,"B"
"VCI","11:07:50",40.5,0.2,1500,2598800,"B"
"VCI","11:07:45",40.5,0.2,100,2597300,"B"
"VCI","11:07:23",40.5,0.2,5000,2597200,"B"
"VCI","11:06:59",40.5,0.2,1000,2592200,"B"
"VCI","11:06:51",40.5,0.2,300,2591200,"B"
"VCI","11:06:37",40.5,0.2,1400,2590900,"B"
"VCI","11:06:32",40.6,0.3,300,2589500,"S"
"VCI","11:06:20",40.5,0.2,100,2589200,"B"
"VCI","11:05:32",40.5,0.2,100,2589100,"B"
"VCI","11:05:28",40.5,0.2,100,2589000,"B"
"VCI","11:05:25",40.5,0.2,1400,2588900,"B"
"VCI","11:05:18",40.55,0.25,5000,2587500,"S"
"VCI","11:05:02",40.5,0.2,2800,2582500,"B"
"VCI","11:04:48",40.5,0.2,500,2579700,"B"
"VCI","11:04:24",40.5,0.2,500,2579200,"B"
"VCI","11:04:13",40.5,0.2,1300,2578700,"B"
"VCI","11:04:02",40.5,0.2,1000,2577400,"B"
"VCI","11:03:55",40.5,0.2,100,2576400,"B"
"VCI","11:03:35",40.5,0.2,200,2576300,"B"
"VCI","11:03:01",40.5,0.2,2700,2576100,"S"
"VCI","11:03:01",40.45,0.15,1400,2573400,"B"
"VCI","11:02:47",40.45,0.15,100,2572000,"B"
"VCI","11:02:26",40.45,0.15,2000,2571900,"B"
"VCI","11:02:24",40.5,0.2,5000,2569900,"S"
"VCI","11:02:22",40.45,0.15,100,2564900,"B"
"VCI","11:02:21",40.45,0.15,100,2564800,"B"
"VCI","11:02:10",40.45,0.15,5000,2564700,"S"
"VCI","11:02:03",40.4,0.1,100,2559700,"B"
"VCI","11:01:58",40.4,0.1,1500,2559600,"S"
"VCI","11:01:47",40.35,0.05,1400,2558100,"B"
"VCI","11:01:19",40.3,0,1000,2556700,"B"
"VCI","11:01:18",40.3,0,100,2555700,"B"
"VCI","11:00:52",40.3,0,100,2555600,"B"
"VCI","11:00:35",40.3,0,1400,2555500,"B"
"VCI","11:00:26",40.3,0,300,2554100,"B"
"VCI","11:00:20",40.25,-0.05,500,2553800,"B"
"VCI","11:00:18",40.25,-0.05,1000,2553300,"B"
"VCI","10:59:57",40.25,-0.05,100,2552300,"B"
"VCI","10:59:56",40.25,-0.05,100,2552200,"B"
"VCI","10:59:47",40.3,0,100,2552100,"S"
"VCI","10:59:23",40.25,-0.05,1400,2552000,"B"
"VCI","10:59:09",40.25,-0.05,500,2550600,"B"
"VCI","10:59:00",40.25,-0.05,2000,2550100,"B"
"VCI","10:58:38",40.25,-0.05,100,2548100,"B"
"VCI","10:58:29",40.25,-0.05,2500,2548000,"B"
"VCI","10:58:23",40.25,-0.05,1000,2545500,"B"
"VCI","10:58:10",40.25,-0.05,1400,2544500,"B"
"VCI","10:57:42",40.3,0,2000,2543100,"B"
"VCI","10:57:40",40.3,0,100,2541100,"B"
"VCI","10:57:33",40.3,0,5100,2541000,"B"
"VCI","10:57:13",40.3,0,300,2535900,"B"
"VCI","10:56:58",40.3,0,1400,2535600,"B"
"VCI","10:56:49",40.4,0.1,100,2534200,"B"
"VCI","10:56:41",40.4,0.1,600,2534100,"B"
"VCI","10:56:30",40.4,0.1,1000,2533500,"B"
"VCI","10:56:13",40.4,0.1,100,2532500,"B"
"VCI","10:56:06",40.4,0.1,200,2532400,"B"
"VCI","10:56:04",40.4,0.1,500,2532200,"B"
"VCI","10:55:45",40.4,0.1,1400,2531700,"B"
"VCI","10:55:35",40.35,0.05,7100,2530300,"S"
"VCI","10:55:34",40.3,0,6000,2523200,"B"
"VCI","10:55:32",40.3,0,400,2517200,"B"
"VCI","10:54:49",40.3,0,100,2516800,"B"
"VCI","10:54:48",40.3,0,800,2516700,"B"
"VCI","10:54:42",40.3,0,8100,2515900,"B"
"VCI","10:54:33",40.3,0,1700,2507800,"B"
"VCI","10:54:29",40.35,0.05,200,2506100,"S"
"VCI","10:54:28",40.3,0,300,2505900,"B"
"VCI","10:54:23",40.3,0,1500,2505600,"B"
"VCI","10:53:57",40.3,0,100,2504100,"B"
"VCI","10:53:50",40.3,0,100,2504000,"B"
"VCI","10:53:20",40.3,0,1700,2503900,"B"
"VCI","10:53:18",40.3,0,300,2502200,"B"
"VCI","10:52:26",40.35,0.05,7400,2501900,"S"
"VCI","10:52:08",40.35,0.05,5300,2494500,"B"
"VCI","10:52:08",40.4,0.1,1000,2489200,"S"
"VCI","10:52:08",40.35,0.05,1700,2488200,"B"
"VCI","10:51:48",40.4,0.1,500,2486500,"S"
"VCI","10:51:43",40.35,0.05,100,2486000,"B"
"VCI","10:51:29",40.4,0.1,300,2485900,"B"
"VCI","10:51:18",40.4,0.1,100,2485600,"B"
"VCI","10:51:13",40.4,0.1,1600,2485500,"S"
"VCI","10:50:55",40.4,0.1,200,2483900,"B"
"VCI","10:50:39",40.45,0.15,6000,2483700,"S"
"VCI","10:50:28",40.4,0.1,100,2477700,"B"
"VCI","10:50:18",40.4,0.1,500,2477600,"B"
"VCI","10:50:14",40.4,0.1,400,2477100,"S"
"VCI","10:50:09",40.4,0.1,1000,2476700,"S"
"VCI","10:50:00",40.4,0.1,1000,2475700,"S"
"VCI","10:49:57",40.4,0.1,500,2474700,"S"
"VCI","10:49:42",40.4,0.1,900,2474200,"B"
"VCI","10:49:41",40.4,0.1,100,2473300,"S"
"VCI","10:49:28",40.4,0.1,1000,2473200,"S"
"VCI","10:49:16",40.4,0.1,1000,2472200,"S"
"VCI","10:48:40",40.35,0.05,300,2471200,"B"
"VCI","10:48:33",40.35,0.05,500,2470900,"B"
"VCI","10:48:30",40.35,0.05,1700,2470400,"B"
"VCI","10:48:21",40.35,0.05,5000,2468700,"B"
"VCI","10:48:01",40.35,0.05,100,2463700,"B"
"VCI","10:47:50",40.35,0.05,500,2463600,"B"
"VCI","10:47:50",40.4,0.1,1500,2463100,"S"
"VCI","10:47:26",40.4,0.1,6700,2461600,"B"
"VCI","10:47:18",40.4,0.1,1700,2454900,"B"
"VCI","10:47:06",40.4,0.1,100,2453200,"B"
"VCI","10:46:45",40.4,0.1,200,2453100,"S"
"VCI","10:46:25",40.35,0.05,300,2452900,"B"
"VCI","10:46:05",40.35,0.05,1800,2452600,"B"
"VCI","10:46:02",40.35,0.05,100,2450800,"B"
"VCI","10:45:53",40.35,0.05,2500,2450700,"B"
"VCI","10:45:30",40.4,0.1,500,2448200,"B"
"VCI","10:45:05",40.4,0.1,1500,2447700,"S"
"VCI","10:44:42",40.4,0.1,1100,2446200,"B"
"VCI","10:44:19",40.4,0.1,200,2445100,"B"
"VCI","10:44:05",40.4,0.1,700,2444900,"S"
"VCI","10:44:05",40.35,0.05,100,2444200,"B"
"VCI","10:43:31",40.35,0.05,2500,2444100,"B"
"VCI","10:43:09",40.35,0.05,400,2441600,"B"
"VCI","10:43:04",40.35,0.05,200,2441200,"B"
"VCI","10:42:55",40.35,0.05,1800,2441000,"S"
"VCI","10:42:48",40.3,0,700,2439200,"B"
"VCI","10:42:21",40.3,0,2500,2438500,"B"
"VCI","10:41:57",40.3,0,6500,2436000,"B"
"VCI","10:41:57",40.3,0,1600,2429500,"B"
"VCI","10:41:57",40.35,0.05,200,2427900,"S"
"VCI","10:41:46",40.3,0,100,2427700,"B"
"VCI","10:41:09",40.35,0.05,1300,2427600,"B"
"VCI","10:40:17",40.35,0.05,200,2426300,"B"
"VCI","10:39:59",40.35,0.05,2800,2426100,"B"
"VCI","10:39:58",40.4,0.1,100,2423300,"B"
"VCI","10:39:51",40.4,0.1,200,2423200,"B"
"VCI","10:39:37",40.4,0.1,100,2423000,"B"
"VCI","10:39:35",40.45,0.15,1000,2422900,"B"
"VCI","10:39:32",40.45,0.15,3000,2421900,"B"
"VCI","10:39:26",40.5,0.2,700,2418900,"B"
"VCI","10:39:17",40.5,0.2,1000,2418200,"B"
"VCI","10:38:55",40.5,0.2,5700,2417200,"B"
"VCI","10:38:36",40.55,0.25,300,2411500,"B"
"VCI","10:38:29",40.55,0.25,1600,2411200,"B"
"VCI","10:38:15",40.55,0.25,100,2409600,"B"
"VCI","10:38:00",40.55,0.25,600,2409500,"B"
"VCI","10:37:53",40.55,0.25,2400,2408900,"S"
"VCI","10:37:52",40.5,0.2,1000,2406500,"B"
"VCI","10:37:52",40.5,0.2,8000,2405500,"B"
"VCI","10:37:25",40.55,0.25,1800,2397500,"S"
"VCI","10:37:20",40.5,0.2,100,2395700,"B"
"VCI","10:37:13",40.5,0.2,1000,2395600,"S"
"VCI","10:37:11",40.5,0.2,3200,2394600,"S"
"VCI","10:37:08",40.5,0.2,6000,2391400,"S"
"VCI","10:36:49",40.5,0.2,5000,2385400,"S"
"VCI","10:36:14",40.45,0.15,100,2380400,"S"
"VCI","10:36:14",40.4,0.1,2800,2380300,"B"
"VCI","10:36:09",40.45,0.15,10000,2377500,"S"
"VCI","10:35:48",40.4,0.1,100,2367500,"B"
"VCI","10:35:22",40.45,0.15,10000,2367400,"S"
"VCI","10:34:59",40.4,0.1,2800,2357400,"B"
"VCI","10:34:57",40.5,0.2,500,2354600,"S"
"VCI","10:34:54",40.45,0.15,1000,2354100,"S"
"VCI","10:34:52",40.45,0.15,10000,2353100,"S"
"VCI","10:34:43",40.4,0.1,1000,2343100,"B"
"VCI","10:34:25",40.4,0.1,16600,2342100,"S"
"VCI","10:34:14",40.35,0.05,100,2325500,"B"
"VCI","10:34:10",40.35,0.05,4900,2325400,"B"
"VCI","10:33:34",40.35,0.05,100,2320500,"B"
"VCI","10:33:20",40.4,0.1,1000,2320400,"S"
"VCI","10:33:15",40.4,0.1,500,2319400,"B"
"VCI","10:33:03",40.4,0.1,500,2318900,"S"
"VCI","10:32:57",40.4,0.1,1500,2318400,"B"
"VCI","10:32:43",40.4,0.1,3500,2316900,"S"
"VCI","10:32:09",40.35,0.05,7000,2313400,"S"
"VCI","10:32:07",40.35,0.05,100,2306400,"S"
"VCI","10:31:50",40.3,0,3000,2306300,"B"
"VCI","10:31:18",40.3,0,100,2303300,"B"
"VCI","10:31:04",40.3,0,6100,2303200,"S"
"VCI","10:30:59",40.3,0,200,2297100,"S"
"VCI","10:30:54",40.3,0,4000,2296900,"S"
"VCI","10:30:32",40.25,-0.05,3000,2292900,"B"
"VCI","10:30:20",40.3,0,3000,2289900,"S"
"VCI","10:30:02",40.25,-0.05,1000,2286900,"S"
"VCI","10:29:47",40.25,-0.05,21800,2285900,"B"
"VCI","10:29:15",40.25,-0.05,3000,2264100,"B"
"VCI","10:29:08",40.25,-0.05,100,2261100,"B"
"VCI","10:28:50",40.3,0,200,2261000,"S"
"VCI","10:28:44",40.3,0,6500,2260800,"B"
"VCI","10:28:26",40.3,0,400,2254300,"S"
"VCI","10:28:17",40.3,0,1000,2253900,"S"
"VCI","10:28:13",40.3,0,900,2252900,"S"
"VCI","10:28:12",40.3,0,900,2252000,"S"
"VCI","10:27:57",40.35,0.05,3900,2251100,"S"
"VCI","10:27:53",40.3,0,10000,2247200,"B"
"VCI","10:27:19",40.3,0,7300,2237200,"S"
"VCI","10:27:06",40.3,0,7800,2229900,"B"
"VCI","10:26:55",40.3,0,2200,2222100,"S"
"VCI","10:26:48",40.3,0,7800,2219900,"B"
"VCI","10:26:40",40.3,0,3000,2212100,"B"
"VCI","10:26:33",40.35,0.05,300,2209100,"S"
"VCI","10:26:11",40.35,0.05,14200,2208800,"B"
"VCI","10:26:10",40.35,0.05,5400,2194600,"B"
"VCI","10:26:08",40.4,0.1,400,2189200,"S"
"VCI","10:25:52",40.4,0.1,100,2188800,"B"
"VCI","10:25:47",40.4,0.1,4900,2188700,"S"
"VCI","10:25:44",40.4,0.1,800,2183800,"B"
"VCI","10:25:37",40.4,0.1,200,2183000,"B"
"VCI","10:25:23",40.4,0.1,3000,2182800,"B"
"VCI","10:25:20",40.4,0.1,1000,2179800,"B"
"VCI","10:25:16",40.4,0.1,1000,2178800,"B"
"VCI","10:24:55",40.4,0.1,100,2177800,"S"
"VCI","10:24:53",40.35,0.05,8100,2177700,"B"
"VCI","10:24:51",40.4,0.1,100,2169600,"S"
"VCI","10:24:49",40.4,0.1,500,2169500,"S"
"VCI","10:24:46",40.4,0.1,500,2169000,"S"
"VCI","10:24:43",40.4,0.1,2500,2168500,"S"
"VCI","10:24:09",40.4,0.1,4300,2166000,"B"
"VCI","10:24:05",40.4,0.1,3100,2161700,"B"
"VCI","10:23:49",40.5,0.2,1000,2158600,"S"
"VCI","10:23:22",40.5,0.2,11300,2157600,"B"
"VCI","10:23:13",40.55,0.25,1000,2146300,"S"
"VCI","10:22:48",40.55,0.25,100,2145300,"B"
"VCI","10:22:38",40.55,0.25,500,2145200,"B"
"VCI","10:22:22",40.55,0.25,300,2144700,"B"
"VCI","10:22:16",40.6,0.3,4000,2144400,"S"
"VCI","10:22:05",40.55,0.25,1100,2140400,"S"
"VCI","10:22:00",40.5,0.2,700,2139300,"B"
"VCI","10:21:58",40.5,0.2,5500,2138600,"B"
"VCI","10:21:50",40.55,0.25,38900,2133100,"B"
"VCI","10:21:48",40.6,0.3,2800,2094200,"B"
"VCI","10:21:46",40.6,0.3,2000,2091400,"B"
"VCI","10:21:36",40.6,0.3,3000,2089400,"B"
"VCI","10:21:22",40.6,0.3,1000,2086400,"B"
"VCI","10:21:17",40.6,0.3,10000,2085400,"B"
"VCI","10:20:59",40.6,0.3,1000,2075400,"B"
"VCI","10:20:59",40.65,0.35,1500,2074400,"B"
"VCI","10:20:43",40.65,0.35,500,2072900,"B"
"VCI","10:20:38",40.7,0.4,900,2072400,"S"
"VCI","10:20:38",40.65,0.35,1100,2071500,"S"
"VCI","10:20:12",40.65,0.35,100,2070400,"S"
"VCI","10:20:08",40.6,0.3,2000,2070300,"B"
"VCI","10:19:59",40.6,0.3,10000,2068300,"B"
"VCI","10:19:46",40.6,0.3,1000,2058300,"B"
"VCI","10:19:44",40.6,0.3,2200,2057300,"S"
"VCI","10:19:41",40.6,0.3,800,2055100,"S"
"VCI","10:19:39",40.6,0.3,1900,2054300,"B"
"VCI","10:19:37",40.6,0.3,200,2052400,"B"
"VCI","10:19:26",40.6,0.3,500,2052200,"B"
"VCI","10:19:17",40.6,0.3,200,2051700,"B"
"VCI","10:19:02",40.6,0.3,1600,2051500,"S"
"VCI","10:18:59",40.6,0.3,100,2049900,"S"
"VCI","10:18:58",40.6,0.3,500,2049800,"S"
"VCI","10:18:54",40.6,0.3,500,2049300,"S"
"VCI","10:18:38",40.55,0.25,100,2048800,"B"
"VCI","10:18:35",40.55,0.25,12200,2048700,"S"
"VCI","10:18:34",40.55,0.25,500,2036500,"S"
"VCI","10:18:29",40.55,0.25,500,2036000,"S"
"VCI","10:18:14",40.55,0.25,28300,2035500,"B"
"VCI","10:18:05",40.55,0.25,3700,2007200,"B"
"VCI","10:17:57",40.5,0.2,800,2003500,"B"
"VCI","10:17:56",40.6,0.3,300,2002700,"B"
"VCI","10:17:46",40.7,0.4,1400,2002400,"B"
"VCI","10:17:28",40.8,0.5,8500,2001000,"B"
"VCI","10:17:19",40.8,0.5,1000,1992500,"B"
"VCI","10:17:18",40.8,0.5,500,1991500,"B"
"VCI","10:17:10",40.8,0.5,1000,1991000,"B"
"VCI","10:17:08",40.8,0.5,100,1990000,"B"
"VCI","10:17:04",40.8,0.5,100,1989900,"B"
"VCI","10:16:58",40.85,0.55,2700,1989800,"S"
"VCI","10:16:57",40.85,0.55,200,1987100,"S"
"VCI","10:16:52",40.8,0.5,300,1986900,"B"
"VCI","10:16:50",40.85,0.55,100,1986600,"B"
"VCI","10:16:49",40.85,0.55,1000,1986500,"B"
"VCI","10:16:47",40.85,0.55,2500,1985500,"B"
"VCI","10:16:46",40.85,0.55,20000,1983000,"B"
"VCI","10:16:45",40.85,0.55,1000,1963000,"B"
"VCI","10:16:40",40.9,0.6,1000,1962000,"S"
"VCI","10:16:36",40.9,0.6,500,1961000,"S"
"VCI","10:16:20",40.9,0.6,7300,1960500,"S"
"VCI","10:16:19",40.85,0.55,5000,1953200,"B"
"VCI","10:16:09",40.85,0.55,300,1948200,"B"
"VCI","10:16:06",40.85,0.55,10000,1947900,"B"
"VCI","10:16:04",40.9,0.6,1000,1937900,"S"
"VCI","10:16:02",40.85,0.55,2200,1936900,"B"
"VCI","10:15:57",40.85,0.55,2000,1934700,"B"
"VCI","10:15:56",40.85,0.55,500,1932700,"B"
"VCI","10:15:53",40.85,0.55,300,1932200,"B"
"VCI","10:15:49",40.85,0.55,200,1931900,"B"
"VCI","10:15:45",40.85,0.55,100,1931700,"B"
"VCI","10:15:42",40.9,0.6,5000,1931600,"S"
"VCI","10:15:29",40.85,0.55,100,1926600,"B"
"VCI","10:15:29",40.85,0.55,1000,1926500,"B"
"VCI","10:15:24",40.85,0.55,16700,1925500,"S"
"VCI","10:15:22",40.85,0.55,5000,1908800,"S"
"VCI","10:15:17",40.85,0.55,5000,1903800,"S"
"VCI","10:15:17",40.85,0.55,5000,1898800,"S"
"VCI","10:15:15",40.8,0.5,8100,1893800,"B"
"VCI","10:15:07",40.85,0.55,4000,1885700,"S"
"VCI","10:14:58",40.85,0.55,4000,1881700,"S"
"VCI","10:14:54",40.8,0.5,900,1877700,"S"
"VCI","10:14:53",40.8,0.5,2000,1876800,"S"
"VCI","10:14:51",40.8,0.5,2000,1874800,"S"
"VCI","10:14:50",40.8,0.5,200,1872800,"B"
"VCI","10:14:49",40.8,0.5,300,1872600,"B"
"VCI","10:14:48",40.8,0.5,1000,1872300,"B"
"VCI","10:14:47",40.8,0.5,400,1871300,"S"
"VCI","10:14:46",40.8,0.5,100,1870900,"B"
"VCI","10:14:43",40.8,0.5,4300,1870800,"S"
"VCI","10:14:41",40.8,0.5,300,1866500,"S"
"VCI","10:14:40",40.8,0.5,1400,1866200,"B"
"VCI","10:14:37",40.8,0.5,3600,1864800,"S"
"VCI","10:14:35",40.75,0.45,5000,1861200,"B"
"VCI","10:14:34",40.8,0.5,1400,1856200,"S"
"VCI","10:14:27",40.8,0.5,100,1854800,"S"
"VCI","10:14:25",40.75,0.45,100,1854700,"B"
"VCI","10:14:23",40.75,0.45,100,1854600,"B"
"VCI","10:14:17",40.75,0.45,1000,1854500,"B"
"VCI","10:14:17",40.75,0.45,1100,1853500,"S"
"VCI","10:14:07",40.7,0.4,100,1852400,"B"
"VCI","10:14:07",40.7,0.4,1400,1852300,"B"
"VCI","10:14:05",40.7,0.4,100,1850900,"B"
"VCI","10:14:05",40.7,0.4,3700,1850800,"S"
"VCI","10:14:01",40.7,0.4,1200,1847100,"S"
"VCI","10:13:56",40.65,0.35,100,1845900,"B"
"VCI","10:13:55",40.65,0.35,1000,1845800,"B"
"VCI","10:13:51",40.7,0.4,900,1844800,"S"
"VCI","10:13:51",40.65,0.35,400,1843900,"S"
"VCI","10:13:47",40.6,0.3,400,1843500,"B"
"VCI","10:13:42",40.6,0.3,2000,1843100,"B"
"VCI","10:13:42",40.65,0.35,100,1841100,"S"
"VCI","10:13:40",40.65,0.35,5000,1841000,"S"
"VCI","10:13:37",40.6,0.3,100,1836000,"B"
"VCI","10:13:30",40.6,0.3,1000,1835900,"S"
"VCI","10:13:28",40.6,0.3,1000,1834900,"S"
"VCI","10:13:27",40.6,0.3,100,1833900,"S"
"VCI","10:13:22",40.6,0.3,300,1833800,"S"
"VCI","10:13:21",40.6,0.3,5000,1833500,"S"
"VCI","10:13:21",40.6,0.3,100,1828500,"S"
"VCI","10:13:16",40.55,0.25,1700,1828400,"S"
"VCI","10:13:13",40.5,0.2,3600,1826700,"S"
"VCI","10:13:12",40.5,0.2,5600,1823100,"S"
"VCI","10:13:12",40.5,0.2,500,1817500,"S"
"VCI","10:13:07",40.5,0.2,200,1817000,"S"
"VCI","10:13:06",40.5,0.2,10000,1816800,"S"
"VCI","10:13:03",40.5,0.2,300,1806800,"S"
"VCI","10:12:56",40.45,0.15,400,1806500,"S"
"VCI","10:12:53",40.45,0.15,7500,1806100,"S"
"VCI","10:12:52",40.45,0.15,500,1798600,"S"
"VCI","10:12:47",40.45,0.15,5000,1798100,"S"
"VCI","10:12:41",40.4,0.1,1000,1793100,"B"
"VCI","10:12:40",40.4,0.1,700,1792100,"S"
"VCI","10:12:38",40.4,0.1,6000,1791400,"S"
"VCI","10:12:36",40.4,0.1,5000,1785400,"S"
"VCI","10:12:33",40.4,0.1,9500,1780400,"S"
"VCI","10:12:23",40.4,0.1,2000,1770900,"S"
"VCI","10:12:22",40.35,0.05,200,1768900,"B"
"VCI","10:12:19",40.35,0.05,1200,1768700,"S"
"VCI","10:12:09",40.35,0.05,800,1767500,"B"
"VCI","10:11:52",40.35,0.05,500,1766700,"S"
"VCI","10:11:43",40.35,0.05,200,1766200,"S"
"VCI","10:11:40",40.35,0.05,200,1766000,"S"
"VCI","10:11:36",40.35,0.05,1000,1765800,"S"
"VCI","10:11:34",40.35,0.05,200,1764800,"S"
"VCI","10:11:33",40.35,0.05,100,1764600,"S"
"VCI","10:11:29",40.35,0.05,300,1764500,"B"
"VCI","10:11:28",40.35,0.05,700,1764200,"S"
"VCI","10:11:19",40.35,0.05,1000,1763500,"S"
"VCI","10:11:18",40.35,0.05,200,1762500,"S"
"VCI","10:11:17",40.35,0.05,100,1762300,"S"
"VCI","10:11:14",40.35,0.05,5000,1762200,"B"
"VCI","10:10:59",40.35,0.05,2000,1757200,"S"
"VCI","10:10:23",40.3,0,6000,1755200,"B"
"VCI","10:09:58",40.3,0,5900,1749200,"S"
"VCI","10:09:55",40.3,0,3000,1743300,"S"
"VCI","10:09:52",40.3,0,400,1740300,"S"
"VCI","10:09:43",40.3,0,1000,1739900,"S"
"VCI","10:09:38",40.3,0,200,1738900,"S"
"VCI","10:09:26",40.3,0,200,1738700,"S"
"VCI","10:08:50",40.3,0,100,1738500,"S"
"VCI","10:08:43",40.3,0,100,1738400,"S"
"VCI","10:08:41",40.3,0,400,1738300,"S"
"VCI","10:08:17",40.3,0,200,1737900,"S"
"VCI","10:07:58",40.3,0,1200,1737700,"S"
"VCI","10:07:41",40.15,-0.15,100,1736500,"S"
"VCI","10:07:36",40.2,-0.1,2600,1736400,"S"
"VCI","10:07:11",40.15,-0.15,1400,1733800,"S"
"VCI","10:06:52",40.05,-0.25,300,1732400,"B"
"VCI","10:06:41",40.1,-0.2,2000,1732100,"S"
"VCI","10:06:27",40.1,-0.2,3000,1730100,"B"
"VCI","10:06:01",40.05,-0.25,300,1727100,"B"
"VCI","10:06:01",40.1,-0.2,1200,1726800,"B"
"VCI","10:05:49",40.1,-0.2,3000,1725600,"S"
"VCI","10:05:46",40.1,-0.2,500,1722600,"S"
"VCI","10:05:34",40.1,-0.2,1900,1722100,"B"
"VCI","10:05:32",40.1,-0.2,200,1720200,"B"
"VCI","10:05:28",40.1,-0.2,1100,1720000,"S"
"VCI","10:05:10",40.05,-0.25,4400,1718900,"S"
"VCI","10:04:45",40,-0.3,1200,1714500,"B"
"VCI","10:04:09",40,-0.3,3400,1713300,"B"
"VCI","10:04:09",40.05,-0.25,600,1709900,"S"
"VCI","10:04:04",40,-0.3,4900,1709300,"B"
"VCI","10:04:02",40.05,-0.25,100,1704300,"S"
"VCI","10:03:51",40.05,-0.25,300,1704200,"B"
"VCI","10:03:16",40,-0.3,1000,1703900,"B"
"VCI","10:02:48",40,-0.3,10000,1702900,"B"
"VCI","10:02:43",40,-0.3,1000,1692900,"B"
"VCI","10:02:38",40,-0.3,200,1691900,"B"
"VCI","10:02:22",40,-0.3,5300,1691700,"S"
"VCI","10:01:41",40,-0.3,3000,1686400,"B"
"VCI","10:01:23",40,-0.3,12600,1683400,"B"
"VCI","10:01:23",40.05,-0.25,12400,1670800,"B"
"VCI","10:01:13",40.05,-0.25,900,1658400,"B"
"VCI","10:01:08",40.05,-0.25,1200,1657500,"B"
"VCI","10:01:07",40.05,-0.25,600,1656300,"B"
"VCI","10:00:26",40.1,-0.2,1000,1655700,"S"
"VCI","10:00:23",40.1,-0.2,100,1654700,"B"
"VCI","10:00:15",40.1,-0.2,500,1654600,"B"
"VCI","10:00:13",40.1,-0.2,3300,1654100,"B"
"VCI","10:00:09",40.1,-0.2,1000,1650800,"B"
"VCI","10:00:06",40.1,-0.2,1000,1649800,"B"
"VCI","09:59:56",40.1,-0.2,5000,1648800,"B"
"VCI","09:59:33",40.15,-0.15,10000,1643800,"B"
"VCI","09:59:05",40.15,-0.15,100,1633800,"B"
"VCI","09:58:31",40.15,-0.15,5000,1633700,"B"
"VCI","09:58:01",40.15,-0.15,500,1628700,"B"
"VCI","09:57:53",40.15,-0.15,1500,1628200,"B"
"VCI","09:57:37",40.15,-0.15,3200,1626700,"S"
"VCI","09:56:36",40.15,-0.15,400,1623500,"B"
"VCI","09:56:34",40.15,-0.15,1000,1623100,"B"
"VCI","09:56:14",40.15,-0.15,100,1622100,"B"
"VCI","09:56:10",40.15,-0.15,2000,1622000,"B"
"VCI","09:56:09",40.15,-0.15,1000,1620000,"B"
"VCI","09:55:56",40.15,-0.15,1000,1619000,"B"
"VCI","09:55:55",40.15,-0.15,200,1618000,"B"
"VCI","09:55:30",40.15,-0.15,500,1617800,"B"
"VCI","09:54:45",40.15,-0.15,200,1617300,"B"
"VCI","09:54:42",40.15,-0.15,500,1617100,"B"
"VCI","09:54:17",40.15,-0.15,100,1616600,"B"
"VCI","09:54:14",40.15,-0.15,500,1616500,"B"
"VCI","09:54:10",40.15,-0.15,100,1616000,"B"
"VCI","09:54:09",40.15,-0.15,300,1615900,"B"
"VCI","09:53:42",40.15,-0.15,4000,1615600,"S"
"VCI","09:53:36",40.1,-0.2,1500,1611600,"B"
"VCI","09:53:15",40.1,-0.2,1000,1610100,"B"
"VCI","09:53:15",40.15,-0.15,1000,1609100,"B"
"VCI","09:52:58",40.1,-0.2,700,1608100,"B"
"VCI","09:52:58",40.15,-0.15,100,1607400,"B"
"VCI","09:52:57",40.15,-0.15,200,1607300,"B"
"VCI","09:52:48",40.15,-0.15,500,1607100,"B"
"VCI","09:52:39",40.2,-0.1,15800,1606600,"B"
"VCI","09:52:37",40.2,-0.1,200,1590800,"B"
"VCI","09:52:32",40.25,-0.05,100,1590600,"B"
"VCI","09:52:28",40.25,-0.05,1000,1590500,"B"
"VCI","09:52:27",40.25,-0.05,700,1589500,"B"
"VCI","09:52:21",40.25,-0.05,300,1588800,"B"
"VCI","09:52:19",40.25,-0.05,3000,1588500,"B"
"VCI","09:52:13",40.25,-0.05,2000,1585500,"B"
"VCI","09:52:10",40.25,-0.05,5000,1583500,"B"
"VCI","09:52:02",40.25,-0.05,1300,1578500,"B"
"VCI","09:51:35",40.3,0,13300,1577200,"B"
"VCI","09:51:35",40.35,0.05,14200,1563900,"B"
"VCI","09:51:00",40.4,0.1,500,1549700,"S"
"VCI","09:50:52",40.45,0.15,600,1549200,"S"
"VCI","09:50:23",40.45,0.15,300,1548600,"S"
"VCI","09:49:48",40.5,0.2,4000,1548300,"S"
"VCI","09:49:48",40.45,0.15,400,1544300,"S"
"VCI","09:49:48",40.4,0.1,5600,1543900,"S"
"VCI","09:49:27",40.35,0.05,500,1538300,"B"
"VCI","09:49:16",40.3,0,700,1537800,"B"
"VCI","09:49:16",40.35,0.05,300,1537100,"B"
"VCI","09:49:10",40.45,0.15,9000,1536800,"S"
"VCI","09:49:09",40.35,0.05,100,1527800,"B"
"VCI","09:49:02",40.45,0.15,5000,1527700,"S"
"VCI","09:48:30",40.45,0.15,4000,1522700,"S"
"VCI","09:48:25",40.3,0,700,1518700,"B"
"VCI","09:47:58",40.3,0,200,1518000,"B"
"VCI","09:47:56",40.45,0.15,500,1517800,"S"
"VCI","09:47:53",40.45,0.15,500,1517300,"S"
"VCI","09:47:52",40.3,0,6200,1516800,"B"
"VCI","09:47:37",40.25,-0.05,200,1510600,"B"
"VCI","09:47:35",40.45,0.15,33000,1510400,"S"
"VCI","09:47:35",40.4,0.1,4100,1477400,"S"
"VCI","09:47:34",40.4,0.1,55100,1473300,"S"
"VCI","09:47:34",40.3,0,6800,1418200,"S"
"VCI","09:47:30",40.3,0,36000,1411400,"S"
"VCI","09:47:19",40.25,-0.05,3000,1375400,"B"
"VCI","09:46:58",40.3,0,100,1372400,"S"
"VCI","09:46:58",40.25,-0.05,500,1372300,"S"
"VCI","09:46:54",40.3,0,24400,1371800,"S"
"VCI","09:46:54",40.25,-0.05,1900,1347400,"S"
"VCI","09:46:42",40.25,-0.05,1000,1345500,"S"
"VCI","09:46:37",40.2,-0.1,3000,1344500,"B"
"VCI","09:46:21",40.25,-0.05,2000,1341500,"S"
"VCI","09:46:16",40.25,-0.05,500,1339500,"S"
"VCI","09:45:49",40.25,-0.05,1300,1339000,"S"
"VCI","09:45:48",40.25,-0.05,2800,1337700,"B"
"VCI","09:45:42",40.25,-0.05,100,1334900,"B"
"VCI","09:45:35",40.3,0,42000,1334800,"S"
"VCI","09:45:29",40.25,-0.05,6700,1292800,"S"
"VCI","09:45:24",40.25,-0.05,100,1286100,"S"
"VCI","09:45:13",40.2,-0.1,17700,1286000,"S"
"VCI","09:45:05",40.2,-0.1,5000,1268300,"S"
"VCI","09:45:00",40.2,-0.1,3000,1263300,"S"
"VCI","09:44:59",40.15,-0.15,5000,1260300,"S"
"VCI","09:44:52",40.15,-0.15,5000,1255300,"B"
"VCI","09:44:48",40.2,-0.1,1000,1250300,"S"
"VCI","09:44:47",40.2,-0.1,28000,1249300,"S"
"VCI","09:44:40",40.2,-0.1,37000,1221300,"S"
"VCI","09:44:39",40.2,-0.1,8600,1184300,"S"
"VCI","09:44:35",40.15,-0.15,1000,1171300,"S"
"VCI","09:44:30",40.15,-0.15,500,1170300,"S"
"VCI","09:44:12",40,-0.3,3100,1169800,"B"
"VCI","09:44:12",40.1,-0.2,1900,1166700,"B"
"VCI","09:44:08",40.1,-0.2,8100,1164800,"S"
"VCI","09:44:06",40,-0.3,100,1156700,"B"
"VCI","09:43:58",40.1,-0.2,100,1156600,"S"
"VCI","09:43:57",40,-0.3,65700,1156500,"S"
"VCI","09:43:53",40,-0.3,10000,1090800,"S"
"VCI","09:43:46",40,-0.3,30000,1080800,"S"
"VCI","09:43:37",39.95,-0.35,22500,1050800,"B"
"VCI","09:43:07",39.95,-0.35,2700,1028300,"S"
"VCI","09:43:06",39.95,-0.35,3000,1025600,"S"
"VCI","09:43:02",39.95,-0.35,1000,1022600,"S"
"VCI","09:43:00",39.95,-0.35,5000,1021600,"S"
"VCI","09:42:49",39.95,-0.35,200,1016600,"S"
"VCI","09:42:48",39.95,-0.35,300,1016400,"S"
"VCI","09:42:40",39.95,-0.35,2000,1016100,"S"
"VCI","09:42:22",39.95,-0.35,1100,1014100,"B"
"VCI","09:42:18",40,-0.3,5000,1013000,"S"
"VCI","09:42:13",39.95,-0.35,1200,1008000,"S"
"VCI","09:42:12",39.95,-0.35,500,1006800,"S"
"VCI","09:42:12",39.95,-0.35,100,1006300,"S"
"VCI","09:42:10",39.95,-0.35,1000,1006200,"S"
"VCI","09:42:05",39.95,-0.35,600,1005200,"S"
"VCI","09:42:04",39.95,-0.35,1000,1004600,"S"
"VCI","09:42:01",39.95,-0.35,2500,1003600,"S"
"VCI","09:41:56",39.95,-0.35,3000,1001100,"S"
"VCI","09:41:47",39.95,-0.35,1000,998100,"S"
"VCI","09:41:44",39.95,-0.35,100,997100,"B"
"VCI","09:41:41",39.95,-0.35,1500,997000,"S"
"VCI","09:41:29",39.95,-0.35,6100,995500,"S"
"VCI","09:41:29",39.9,-0.4,3900,989400,"S"
"VCI","09:41:22",39.9,-0.4,500,985500,"S"
"VCI","09:41:16",39.9,-0.4,4100,985000,"B"
"VCI","09:41:00",39.9,-0.4,100,980900,"B"
"VCI","09:40:59",39.9,-0.4,1100,980800,"S"
"VCI","09:40:44",39.9,-0.4,900,979700,"B"
"VCI","09:40:16",39.85,-0.45,1000,978800,"B"
"VCI","09:40:14",39.9,-0.4,32500,977800,"B"
"VCI","09:39:57",39.9,-0.4,1700,945300,"S"
"VCI","09:39:56",39.9,-0.4,1000,943600,"S"
"VCI","09:39:55",39.9,-0.4,7600,942600,"S"
"VCI","09:39:52",39.9,-0.4,4800,935000,"S"
"VCI","09:39:45",39.9,-0.4,700,930200,"S"
"VCI","09:39:32",39.85,-0.45,5000,929500,"B"
"VCI","09:39:31",39.85,-0.45,200,924500,"B"
"VCI","09:39:22",39.85,-0.45,1700,924300,"S"
"VCI","09:39:17",39.85,-0.45,10000,922600,"S"
"VCI","09:39:08",39.8,-0.5,200,912600,"B"
"VCI","09:39:00",39.85,-0.45,300,912400,"S"
"VCI","09:38:48",39.85,-0.45,3000,912100,"S"
"VCI","09:38:25",39.8,-0.5,1000,909100,"S"
"VCI","09:38:25",39.8,-0.5,5000,908100,"S"
"VCI","09:38:14",39.8,-0.5,800,903100,"S"
"VCI","09:38:13",39.8,-0.5,1000,902300,"S"
"VCI","09:38:10",39.8,-0.5,5000,901300,"S"
"VCI","09:37:58",39.8,-0.5,100,896300,"S"
"VCI","09:37:54",39.8,-0.5,500,896200,"S"
"VCI","09:37:42",39.75,-0.55,2800,895700,"B"
"VCI","09:37:41",39.8,-0.5,100,892900,"S"
"VCI","09:37:37",39.8,-0.5,4000,892800,"S"
"VCI","09:37:20",39.8,-0.5,500,888800,"S"
"VCI","09:37:18",39.75,-0.55,100,888300,"B"
"VCI","09:37:00",39.75,-0.55,100,888200,"S"
"VCI","09:36:59",39.75,-0.55,300,888100,"S"
"VCI","09:36:54",39.75,-0.55,2000,887800,"S"
"VCI","09:36:50",39.7,-0.6,6000,885800,"B"
"VCI","09:36:42",39.75,-0.55,1000,879800,"S"
"VCI","09:36:40",39.75,-0.55,1000,878800,"S"
"VCI","09:36:39",39.75,-0.55,200,877800,"S"
"VCI","09:36:35",39.75,-0.55,100,877600,"S"
"VCI","09:36:30",39.75,-0.55,1200,877500,"S"
"VCI","09:36:29",39.75,-0.55,600,876300,"B"
"VCI","09:36:27",39.75,-0.55,200,875700,"S"
"VCI","09:36:24",39.75,-0.55,800,875500,"B"
"VCI","09:36:17",39.7,-0.6,1400,874700,"B"
"VCI","09:36:17",39.75,-0.55,3000,873300,"S"
"VCI","09:36:14",39.75,-0.55,5000,870300,"S"
"VCI","09:36:03",39.7,-0.6,500,865300,"B"
"VCI","09:36:03",39.75,-0.55,500,864800,"S"
"VCI","09:36:01",39.7,-0.6,5000,864300,"B"
"VCI","09:35:58",39.75,-0.55,200,859300,"S"
"VCI","09:35:53",39.75,-0.55,500,859100,"S"
"VCI","09:35:50",39.7,-0.6,400,858600,"B"
"VCI","09:35:33",39.75,-0.55,500,858200,"S"
"VCI","09:35:30",39.75,-0.55,24800,857700,"B"
"VCI","09:35:28",39.75,-0.55,800,832900,"B"
"VCI","09:35:26",39.75,-0.55,4300,832100,"B"
"VCI","09:35:22",39.75,-0.55,3000,827800,"B"
"VCI","09:35:12",39.75,-0.55,5000,824800,"B"
"VCI","09:35:07",39.8,-0.5,100,819800,"S"
"VCI","09:35:04",39.8,-0.5,100,819700,"B"
"VCI","09:34:46",39.8,-0.5,100,819600,"B"
"VCI","09:34:40",39.85,-0.45,5000,819500,"S"
"VCI","09:34:35",39.8,-0.5,2000,814500,"B"
"VCI","09:34:33",39.8,-0.5,200,812500,"B"
"VCI","09:34:31",39.8,-0.5,3000,812300,"B"
"VCI","09:34:16",39.8,-0.5,1000,809300,"B"
"VCI","09:34:15",39.85,-0.45,2000,808300,"S"
"VCI","09:34:10",39.8,-0.5,300,806300,"B"
"VCI","09:34:07",39.8,-0.5,500,806000,"B"
"VCI","09:34:04",39.8,-0.5,4000,805500,"B"
"VCI","09:34:01",39.8,-0.5,1000,801500,"B"
"VCI","09:34:00",39.8,-0.5,1000,800500,"B"
"VCI","09:33:59",39.8,-0.5,900,799500,"B"
"VCI","09:33:57",39.8,-0.5,2000,798600,"B"
"VCI","09:33:55",39.8,-0.5,600,796600,"B"
"VCI","09:33:49",39.8,-0.5,800,796000,"B"
"VCI","09:33:47",39.85,-0.45,5000,795200,"S"
"VCI","09:33:35",39.8,-0.5,200,790200,"B"
"VCI","09:33:33",39.8,-0.5,1700,790000,"B"
"VCI","09:33:31",39.8,-0.5,10000,788300,"B"
"VCI","09:33:28",39.8,-0.5,1300,778300,"B"
"VCI","09:33:26",39.8,-0.5,800,777000,"B"
"VCI","09:33:23",39.8,-0.5,1300,776200,"B"
"VCI","09:33:20",39.8,-0.5,1000,774900,"B"
"VCI","09:33:19",39.8,-0.5,700,773900,"B"
"VCI","09:33:10",39.8,-0.5,500,773200,"B"
"VCI","09:33:09",39.8,-0.5,900,772700,"B"
"VCI","09:33:09",39.8,-0.5,200,771800,"B"
"VCI","09:33:04",39.8,-0.5,200,771600,"B"
"VCI","09:32:59",39.8,-0.5,2700,771400,"B"
"VCI","09:32:57",39.8,-0.5,2000,768700,"B"
"VCI","09:32:52",39.85,-0.45,1000,766700,"S"
"VCI","09:32:46",39.8,-0.5,700,765700,"B"
"VCI","09:32:45",39.8,-0.5,14400,765000,"B"
"VCI","09:32:44",39.8,-0.5,11600,750600,"B"
"VCI","09:32:44",39.85,-0.45,200,739000,"S"
"VCI","09:32:40",39.8,-0.5,1000,738800,"B"
"VCI","09:32:39",39.85,-0.45,500,737800,"S"
"VCI","09:32:30",39.85,-0.45,3000,736900,"S"
"VCI","09:32:29",39.8,-0.5,1400,733900,"B"
"VCI","09:32:26",39.85,-0.45,100,732500,"S"
"VCI","09:32:21",39.8,-0.5,800,732400,"B"
"VCI","09:32:18",39.85,-0.45,100,731600,"S"
"VCI","09:32:17",39.85,-0.45,100,731500,"S"
"VCI","09:32:15",39.85,-0.45,10000,731400,"S"
"VCI","09:32:11",39.85,-0.45,5000,721400,"S"
"VCI","09:32:04",39.85,-0.45,200,716400,"S"
"VCI","09:32:01",39.85,-0.45,200,716200,"S"
"VCI","09:31:54",39.85,-0.45,1100,716000,"B"
"VCI","09:31:52",39.85,-0.45,11300,714900,"B"
"VCI","09:31:44",39.85,-0.45,100,703600,"B"
"VCI","09:31:42",39.85,-0.45,3000,703500,"B"
"VCI","09:31:35",39.85,-0.45,300,700500,"B"
"VCI","09:31:35",39.85,-0.45,5000,700200,"B"
"VCI","09:31:33",39.9,-0.4,100,695200,"S"
"VCI","09:31:31",39.85,-0.45,500,695100,"B"
"VCI","09:31:30",39.85,-0.45,1000,694600,"B"
"VCI","09:31:23",39.9,-0.4,100,693600,"S"
"VCI","09:31:21",39.85,-0.45,2000,693500,"B"
"VCI","09:31:15",39.9,-0.4,100,691500,"S"
"VCI","09:31:01",39.9,-0.4,1000,691400,"S"
"VCI","09:30:51",39.9,-0.4,500,690400,"B"
"VCI","09:30:48",39.9,-0.4,500,689900,"S"
"VCI","09:30:35",39.9,-0.4,400,689400,"B"
"VCI","09:30:34",39.9,-0.4,600,689000,"S"
"VCI","09:30:27",39.9,-0.4,200,688400,"S"
"VCI","09:30:22",39.9,-0.4,200,688200,"S"
"VCI","09:30:21",39.9,-0.4,500,688000,"S"
"VCI","09:30:20",39.9,-0.4,1600,687500,"B"
"VCI","09:30:17",39.9,-0.4,10000,685900,"B"
"VCI","09:30:12",39.9,-0.4,500,675900,"B"
"VCI","09:30:11",39.9,-0.4,800,675400,"B"
"VCI","09:30:11",39.9,-0.4,100,674600,"B"
"VCI","09:30:10",39.9,-0.4,20000,674500,"B"
"VCI","09:30:06",39.9,-0.4,10000,654500,"B"
"VCI","09:29:59",39.95,-0.35,500,644500,"S"
"VCI","09:29:58",39.9,-0.4,100,644000,"B"
"VCI","09:29:58",39.95,-0.35,100,643900,"S"
"VCI","09:29:38",39.95,-0.35,3000,643800,"S"
"VCI","09:29:36",39.95,-0.35,20400,640800,"B"
"VCI","09:29:34",39.95,-0.35,300,620400,"B"
"VCI","09:29:26",39.95,-0.35,200,620100,"B"
"VCI","09:29:19",40,-0.3,500,619900,"S"
"VCI","09:29:18",39.95,-0.35,1000,619400,"B"
"VCI","09:29:17",39.95,-0.35,15000,618400,"B"
"VCI","09:29:14",39.95,-0.35,400,603400,"B"
"VCI","09:29:06",40,-0.3,3000,603000,"S"
"VCI","09:29:03",40,-0.3,5000,600000,"S"
"VCI","09:29:01",40,-0.3,1000,595000,"S"
"VCI","09:28:51",39.95,-0.35,700,594000,"B"
"VCI","09:28:45",40,-0.3,3000,593300,"S"
"VCI","09:28:32",40,-0.3,300,590300,"S"
"VCI","09:28:18",40,-0.3,5000,590000,"S"
"VCI","09:28:01",40,-0.3,2000,585000,"S"
"VCI","09:27:49",40,-0.3,700,583000,"S"
"VCI","09:27:48",39.95,-0.35,3000,582300,"B"
"VCI","09:27:46",40,-0.3,500,579300,"S"
"VCI","09:27:21",40,-0.3,100,578800,"S"
"VCI","09:27:07",40,-0.3,200,578700,"S"
"VCI","09:26:55",40,-0.3,4100,578500,"B"
"VCI","09:26:52",40,-0.3,100,574400,"B"
"VCI","09:26:51",40,-0.3,700,574300,"B"
"VCI","09:26:51",40,-0.3,100,573600,"B"
"VCI","09:26:47",40,-0.3,900,573500,"S"
"VCI","09:26:45",39.95,-0.35,10000,572600,"B"
"VCI","09:26:35",40,-0.3,100,562600,"S"
"VCI","09:26:33",39.95,-0.35,1000,562500,"B"
"VCI","09:26:20",39.95,-0.35,1700,561500,"S"
"VCI","09:26:17",39.95,-0.35,100,559800,"S"
"VCI","09:26:13",39.95,-0.35,300,559700,"B"
"VCI","09:26:13",40,-0.3,2900,559400,"B"
"VCI","09:26:13",40,-0.3,1500,556500,"S"
"VCI","09:26:12",40,-0.3,5000,555000,"S"
"VCI","09:26:02",40,-0.3,300,550000,"S"
"VCI","09:26:02",39.95,-0.35,400,549700,"S"
"VCI","09:26:01",39.95,-0.35,300,549300,"S"
"VCI","09:26:00",39.95,-0.35,500,549000,"S"
"VCI","09:25:58",39.95,-0.35,500,548500,"S"
"VCI","09:25:57",39.95,-0.35,100,548000,"S"
"VCI","09:25:57",39.95,-0.35,3200,547900,"B"
"VCI","09:25:45",40,-0.3,1300,544700,"S"
"VCI","09:25:42",39.95,-0.35,10000,543400,"B"
"VCI","09:25:38",40,-0.3,1100,533400,"B"
"VCI","09:25:30",39.95,-0.35,2600,532300,"B"
"VCI","09:25:30",40,-0.3,27400,529700,"B"
"VCI","09:25:28",40,-0.3,2100,502300,"B"
"VCI","09:25:21",40.1,-0.2,100,500200,"S"
"VCI","09:25:14",40.1,-0.2,1500,500100,"S"
"VCI","09:25:12",40.1,-0.2,500,498600,"S"
"VCI","09:25:06",40.1,-0.2,3000,498100,"S"
"VCI","09:25:04",40.1,-0.2,2000,495100,"S"
"VCI","09:24:46",40,-0.3,25700,493100,"S"
"VCI","09:24:45",40,-0.3,500,467400,"S"
"VCI","09:24:43",40,-0.3,7000,466900,"S"
"VCI","09:24:41",40,-0.3,500,459900,"S"
"VCI","09:24:40",40,-0.3,500,459400,"S"
"VCI","09:24:30",40,-0.3,6000,458900,"S"
"VCI","09:24:16",39.95,-0.35,100,452900,"B"
"VCI","09:24:13",39.95,-0.35,3000,452800,"B"
"VCI","09:24:10",39.95,-0.35,400,449800,"B"
"VCI","09:24:08",39.95,-0.35,27100,449400,"S"
"VCI","09:24:08",39.9,-0.4,2000,422300,"B"
"VCI","09:24:02",39.95,-0.35,5000,420300,"S"
"VCI","09:23:48",39.9,-0.4,4800,415300,"S"
"VCI","09:23:44",39.9,-0.4,100,410500,"S"
"VCI","09:23:37",39.9,-0.4,5100,410400,"B"
"VCI","09:23:36",39.9,-0.4,3200,405300,"B"
"VCI","09:23:28",39.9,-0.4,3000,402100,"B"
"VCI","09:23:28",39.95,-0.35,200,399100,"S"
"VCI","09:23:25",39.95,-0.35,1500,398900,"S"
"VCI","09:23:15",39.95,-0.35,3000,397400,"S"
"VCI","09:23:10",39.9,-0.4,9100,394400,"S"
"VCI","09:23:06",39.9,-0.4,2000,385300,"S"
"VCI","09:23:04",39.9,-0.4,13000,383300,"S"
"VCI","09:22:59",39.85,-0.45,500,370300,"B"
"VCI","09:22:37",39.85,-0.45,5000,369800,"B"
"VCI","09:22:36",39.9,-0.4,3000,364800,"S"
"VCI","09:22:31",39.85,-0.45,2000,361800,"B"
"VCI","09:22:28",39.85,-0.45,500,359800,"B"
"VCI","09:22:22",39.85,-0.45,5000,359300,"B"
"VCI","09:22:19",39.9,-0.4,500,354300,"S"
"VCI","09:22:18",39.9,-0.4,500,353800,"S"
"VCI","09:22:09",39.9,-0.4,2000,353300,"S"
"VCI","09:22:01",39.9,-0.4,1000,351300,"S"
"VCI","09:22:00",39.9,-0.4,19200,350300,"B"
"VCI","09:21:59",39.95,-0.35,1000,331100,"S"
"VCI","09:21:59",39.9,-0.4,500,330100,"B"
"VCI","09:21:58",39.95,-0.35,3000,329600,"S"
"VCI","09:21:47",39.9,-0.4,5900,326600,"S"
"VCI","09:21:45",39.9,-0.4,100,320700,"S"
"VCI","09:21:42",39.9,-0.4,5000,320600,"S"
"VCI","09:21:36",39.9,-0.4,100,315600,"S"
"VCI","09:21:29",39.9,-0.4,7200,315500,"B"
"VCI","09:21:27",39.9,-0.4,2000,308300,"B"
"VCI","09:21:15",39.9,-0.4,1000,306300,"B"
"VCI","09:21:08",39.9,-0.4,6900,305300,"S"
"VCI","09:21:05",39.9,-0.4,5000,298400,"S"
"VCI","09:20:55",39.9,-0.4,1000,293400,"S"
"VCI","09:20:52",39.85,-0.45,100,292400,"B"
"VCI","09:20:39",39.85,-0.45,200,292300,"B"
"VCI","09:20:27",39.9,-0.4,500,292100,"S"
"VCI","09:20:27",39.9,-0.4,200,291600,"S"
"VCI","09:20:09",39.9,-0.4,2200,291400,"B"
"VCI","09:20:03",39.9,-0.4,600,289200,"B"
"VCI","09:20:03",39.95,-0.35,20000,288600,"S"
"VCI","09:20:03",39.9,-0.4,2300,268600,"S"
"VCI","09:20:02",39.9,-0.4,700,266300,"B"
"VCI","09:19:57",39.9,-0.4,1400,265600,"S"
"VCI","09:19:52",39.9,-0.4,100,264200,"B"
"VCI","09:19:50",39.9,-0.4,2000,264100,"B"
"VCI","09:19:43",39.9,-0.4,3900,262100,"S"
"VCI","09:19:43",39.8,-0.5,1400,258200,"B"
"VCI","09:19:43",39.85,-0.45,400,256800,"B"
"VCI","09:19:36",39.9,-0.4,10000,256400,"S"
"VCI","09:19:26",39.8,-0.5,11800,246400,"B"
"VCI","09:19:17",39.9,-0.4,500,234600,"S"
"VCI","09:19:15",39.9,-0.4,500,234100,"B"
"VCI","09:19:14",39.9,-0.4,200,233600,"B"
"VCI","09:19:14",39.9,-0.4,7900,233400,"B"
"VCI","09:19:13",39.9,-0.4,1400,225500,"S"
"VCI","09:19:07",39.9,-0.4,100,224100,"S"
"VCI","09:19:06",39.9,-0.4,2000,224000,"S"
"VCI","09:19:03",39.9,-0.4,1500,222000,"B"
"VCI","09:19:00",39.9,-0.4,4700,220500,"B"
"VCI","09:18:57",39.9,-0.4,500,215800,"B"
"VCI","09:18:55",39.9,-0.4,10000,215300,"B"
"VCI","09:18:50",39.95,-0.35,1100,205300,"S"
"VCI","09:18:47",39.9,-0.4,2000,204200,"B"
"VCI","09:18:45",39.95,-0.35,100,202200,"S"
"VCI","09:18:39",39.95,-0.35,400,202100,"B"
"VCI","09:18:36",39.95,-0.35,100,201700,"S"
"VCI","09:18:35",39.95,-0.35,200,201600,"S"
"VCI","09:18:33",39.95,-0.35,300,201400,"S"
"VCI","09:18:32",39.95,-0.35,100,201100,"S"
"VCI","09:18:30",39.95,-0.35,700,201000,"B"
"VCI","09:18:29",39.95,-0.35,500,200300,"B"
"VCI","09:18:29",39.95,-0.35,4000,199800,"B"
"VCI","09:18:18",39.95,-0.35,2000,195800,"B"
"VCI","09:18:15",40,-0.3,700,193800,"S"
"VCI","09:18:08",39.95,-0.35,10000,193100,"S"
"VCI","09:18:07",39.95,-0.35,5800,183100,"S"
"VCI","09:18:06",39.95,-0.35,500,177300,"S"
"VCI","09:18:05",39.95,-0.35,300,176800,"S"
"VCI","09:18:04",39.9,-0.4,3000,176500,"B"
"VCI","09:17:57",39.95,-0.35,1000,173500,"S"
"VCI","09:17:51",39.9,-0.4,3000,172500,"B"
"VCI","09:17:44",39.9,-0.4,100,169500,"B"
"VCI","09:17:43",39.9,-0.4,500,169400,"B"
"VCI","09:17:35",39.9,-0.4,1700,168900,"S"
"VCI","09:17:30",39.7,-0.6,5000,167200,"B"
"VCI","09:17:19",39.7,-0.6,800,162200,"B"
"VCI","09:17:07",39.7,-0.6,2400,161400,"B"
"VCI","09:17:06",39.75,-0.55,100,159000,"B"
"VCI","09:17:06",39.8,-0.5,100,158900,"B"
"VCI","09:17:01",39.7,-0.6,2000,158800,"B"
"VCI","09:17:01",39.8,-0.5,100,156800,"B"
"VCI","09:16:59",39.8,-0.5,400,156700,"S"
"VCI","09:16:57",39.7,-0.6,600,156300,"S"
"VCI","09:16:53",39.8,-0.5,600,155700,"S"
"VCI","09:16:51",39.7,-0.6,500,154700,"S"
"VCI","09:16:48",39.7,-0.6,2100,154200,"B"
"VCI","09:16:45",39.8,-0.5,300,152100,"S"
"VCI","09:16:43",39.7,-0.6,800,151800,"B"
"VCI","09:16:41",39.7,-0.6,500,151000,"B"
"VCI","09:16:39",39.8,-0.5,5000,150500,"S"
"VCI","09:16:38",39.7,-0.6,3300,145500,"S"
"VCI","09:16:37",39.7,-0.6,1700,142200,"B"
"VCI","09:16:35",39.7,-0.6,2000,140500,"B"
"VCI","09:16:28",39.7,-0.6,500,138500,"B"
"VCI","09:16:25",39.7,-0.6,800,138000,"B"
"VCI","09:16:20",39.7,-0.6,4000,137200,"S"
"VCI","09:16:11",39.65,-0.65,500,133200,"B"
"VCI","09:16:09",39.65,-0.65,2600,132700,"S"
"VCI","09:16:06",39.65,-0.65,500,130100,"S"
"VCI","09:16:05",39.6,-0.7,10000,129600,"B"
"VCI","09:16:04",39.6,-0.7,10000,119600,"B"
"VCI","09:16:03",39.65,-0.65,1000,109600,"S"
"VCI","09:16:00",39.65,-0.65,100,108600,"S"
"VCI","09:16:00",39.65,-0.65,1500,108500,"S"
"VCI","09:15:59",39.65,-0.65,100,107000,"S"
"VCI","09:15:55",39.65,-0.65,5000,106900,"S"
"VCI","09:15:52",39.65,-0.65,500,101900,"S"
"VCI","09:15:49",39.65,-0.65,500,101400,"S"
"VCI","09:15:49",39.65,-0.65,500,100900,"S"
"VCI","09:15:46",39.65,-0.65,2000,100400,"S"
"VCI","09:15:43",39.65,-0.65,400,98400,"S"
"VCI","09:15:42",39.65,-0.65,6100,98000,"B"
"VCI","09:15:28",39.65,-0.65,200,91900,"S"
"VCI","09:15:18",39.65,-0.65,1000,90500,"S"
"VCI","09:15:15",39.65,-0.65,3500,89500,"S"
"VCI","09:15:06",39.6,-0.7,200,86000,"B"
"VCI","09:15:04",39.6,-0.7,85800,85800,
