"symbol","time","price","change","vol","total","side"
"HPG","14:45:09",27.2,0.2,1136300,16261000,
"HPG","14:29:58",27.05,0.05,2300,15124700,"S"
"HPG","14:29:58",27.05,0.05,500,15122400,"S"
"HPG","14:29:52",27.1,0.1,1000,15121900,"S"
"HPG","14:29:50",27,0,2400,15120900,"B"
"HPG","14:29:50",27.05,0.05,1700,15118500,"B"
"HPG","14:29:44",27.1,0.1,4600,15116800,"S"
"HPG","14:29:44",27.05,0.05,100,15112200,"B"
"HPG","14:29:41",27.05,0.05,200,15112100,"B"
"HPG","14:29:36",27.1,0.1,85900,15111900,"S"
"HPG","14:29:36",27.05,0.05,4100,15026000,"S"
"HPG","14:29:35",27.05,0.05,900,15021900,"B"
"HPG","14:29:35",27.1,0.1,100,15021000,"S"
"HPG","14:29:31",27.1,0.1,3000,15020900,"S"
"HPG","14:29:31",27.05,0.05,100,15017900,"B"
"HPG","14:29:29",27.1,0.1,15000,15017800,"S"
"HPG","14:29:28",27.05,0.05,500,15002800,"B"
"HPG","14:29:25",27.1,0.1,2500,15002300,"S"
"HPG","14:29:25",27.05,0.05,2500,14999800,"S"
"HPG","14:29:23",27.05,0.05,300,14997300,"S"
"HPG","14:29:22",27.05,0.05,700,14997000,"B"
"HPG","14:29:20",27.05,0.05,26800,14996300,"B"
"HPG","14:29:18",27.1,0.1,1600,14969500,"S"
"HPG","14:29:17",27.1,0.1,15900,14967900,"S"
"HPG","14:29:16",27.05,0.05,30300,14952000,"B"
"HPG","14:29:15",27.1,0.1,500,14921700,"S"
"HPG","14:29:14",27.05,0.05,16300,14921200,"B"
"HPG","14:29:14",27.05,0.05,500,14904900,"B"
"HPG","14:29:13",27.1,0.1,5900,14904400,"S"
"HPG","14:29:13",27.05,0.05,2000,14898500,"B"
"HPG","14:29:11",27.05,0.05,10000,14896500,"B"
"HPG","14:29:08",27.05,0.05,100,14886500,"B"
"HPG","14:29:02",27.05,0.05,500,14886400,"B"
"HPG","14:28:59",27.05,0.05,400,14885900,"B"
"HPG","14:28:58",27.05,0.05,200,14885500,"B"
"HPG","14:28:54",27.1,0.1,3000,14885300,"S"
"HPG","14:28:54",27.05,0.05,700,14882300,"B"
"HPG","14:28:49",27.05,0.05,500,14881600,"B"
"HPG","14:28:44",27.05,0.05,5000,14881100,"B"
"HPG","14:28:42",27.05,0.05,100,14876100,"B"
"HPG","14:28:34",27.1,0.1,100,14876000,"S"
"HPG","14:28:31",27.05,0.05,2500,14875900,"B"
"HPG","14:28:27",27.05,0.05,8500,14873400,"B"
"HPG","14:28:27",27.1,0.1,500,14864900,"S"
"HPG","14:28:23",27.05,0.05,13600,14864400,"B"
"HPG","14:28:04",27.05,0.05,13000,14850800,"S"
"HPG","14:28:00",27.1,0.1,14700,14837800,"S"
"HPG","14:28:00",27.05,0.05,1200,14823100,"S"
"HPG","14:28:00",27.05,0.05,20000,14821900,"S"
"HPG","14:27:55",27.05,0.05,500,14801900,"S"
"HPG","14:27:54",27.05,0.05,1000,14801400,"S"
"HPG","14:27:47",27,0,400,14800400,"B"
"HPG","14:27:46",27.05,0.05,1000,14800000,"S"
"HPG","14:27:45",27.05,0.05,1000,14799000,"S"
"HPG","14:27:43",27.05,0.05,1500,14798000,"S"
"HPG","14:27:43",27.05,0.05,16400,14796500,"S"
"HPG","14:27:36",27.05,0.05,1000,14780100,"S"
"HPG","14:27:33",27.05,0.05,2500,14779100,"S"
"HPG","14:27:30",27.05,0.05,1000,14776600,"S"
"HPG","14:27:29",27.05,0.05,4000,14775600,"S"
"HPG","14:27:27",27.05,0.05,200,14771600,"S"
"HPG","14:27:20",27.05,0.05,500,14771400,"S"
"HPG","14:27:19",27.05,0.05,32000,14770900,"S"
"HPG","14:27:16",27.05,0.05,23500,14738900,"S"
"HPG","14:27:15",27.05,0.05,2100,14715400,"S"
"HPG","14:27:15",27.05,0.05,100,14713300,"S"
"HPG","14:27:14",27.05,0.05,500,14713200,"S"
"HPG","14:27:12",27.05,0.05,500,14712700,"S"
"HPG","14:27:11",27.05,0.05,800,14712200,"S"
"HPG","14:27:09",27.05,0.05,200,14711400,"S"
"HPG","14:27:08",27.05,0.05,2000,14711200,"S"
"HPG","14:27:07",27.05,0.05,200,14709200,"S"
"HPG","14:27:06",27.05,0.05,1900,14709000,"S"
"HPG","14:27:05",27.05,0.05,69200,14707100,"S"
"HPG","14:27:02",27.05,0.05,8000,14637900,"S"
"HPG","14:27:01",27.05,0.05,1000,14629900,"S"
"HPG","14:26:57",27.05,0.05,15900,14628900,"S"
"HPG","14:26:46",27.05,0.05,300,14613000,"S"
"HPG","14:26:42",27,0,300,14612700,"B"
"HPG","14:26:41",27,0,1000,14612400,"B"
"HPG","14:26:41",27.05,0.05,200,14611400,"S"
"HPG","14:26:35",27,0,100,14611200,"B"
"HPG","14:26:33",27.05,0.05,6300,14611100,"S"
"HPG","14:26:32",27,0,10000,14604800,"B"
"HPG","14:26:30",27.05,0.05,5000,14594800,"S"
"HPG","14:26:28",27.05,0.05,3500,14589800,"S"
"HPG","14:26:23",27.05,0.05,100,14586300,"S"
"HPG","14:26:19",27.05,0.05,11500,14586200,"S"
"HPG","14:26:18",27.05,0.05,1000,14574700,"S"
"HPG","14:26:14",27,0,200,14573700,"B"
"HPG","14:26:08",27,0,135400,14573500,"S"
"HPG","14:26:04",27,0,300,14438100,"S"
"HPG","14:26:04",27,0,5900,14437800,"S"
"HPG","14:26:03",27,0,2000,14431900,"S"
"HPG","14:26:00",27,0,15900,14429900,"S"
"HPG","14:25:59",27,0,5300,14414000,"S"
"HPG","14:25:53",27,0,100000,14408700,"S"
"HPG","14:25:50",27,0,5900,14308700,"S"
"HPG","14:25:40",27,0,5200,14302800,"S"
"HPG","14:25:40",26.95,-0.05,100,14297600,"S"
"HPG","14:25:38",26.95,-0.05,100,14297500,"S"
"HPG","14:25:37",26.95,-0.05,800,14297400,"B"
"HPG","14:25:33",27,0,5900,14296600,"S"
"HPG","14:25:33",26.95,-0.05,2500,14290700,"S"
"HPG","14:25:32",26.95,-0.05,200,14288200,"S"
"HPG","14:25:30",26.95,-0.05,5300,14288000,"S"
"HPG","14:25:30",26.95,-0.05,5000,14282700,"S"
"HPG","14:25:29",26.95,-0.05,18000,14277700,"S"
"HPG","14:25:28",26.95,-0.05,400,14259700,"S"
"HPG","14:25:24",26.95,-0.05,8000,14259300,"S"
"HPG","14:25:24",26.95,-0.05,15900,14251300,"S"
"HPG","14:25:22",26.95,-0.05,300,14235400,"S"
"HPG","14:25:20",26.95,-0.05,3000,14235100,"S"
"HPG","14:25:18",26.95,-0.05,5900,14232100,"S"
"HPG","14:25:10",26.95,-0.05,1000,14226200,"S"
"HPG","14:25:10",26.95,-0.05,14500,14225200,"S"
"HPG","14:25:05",26.95,-0.05,5900,14210700,"S"
"HPG","14:25:00",26.95,-0.05,3000,14204800,"S"
"HPG","14:24:56",26.95,-0.05,100,14201800,"S"
"HPG","14:24:55",26.95,-0.05,200,14201700,"S"
"HPG","14:24:51",26.95,-0.05,3500,14201500,"S"
"HPG","14:24:50",26.95,-0.05,500,14198000,"S"
"HPG","14:24:49",26.95,-0.05,300,14197500,"S"
"HPG","14:24:48",26.95,-0.05,5900,14197200,"S"
"HPG","14:24:41",26.95,-0.05,5000,14191300,"S"
"HPG","14:24:40",26.95,-0.05,5300,14186300,"S"
"HPG","14:24:38",26.95,-0.05,100,14181000,"S"
"HPG","14:24:32",26.95,-0.05,5300,14180900,"S"
"HPG","14:24:27",26.95,-0.05,2500,14175600,"S"
"HPG","14:24:26",26.95,-0.05,20000,14173100,"S"
"HPG","14:24:24",26.95,-0.05,5900,14153100,"S"
"HPG","14:24:23",26.95,-0.05,200,14147200,"S"
"HPG","14:24:21",26.95,-0.05,500,14147000,"S"
"HPG","14:24:17",26.95,-0.05,300,14146500,"S"
"HPG","14:24:13",26.95,-0.05,3000,14146200,"S"
"HPG","14:24:08",26.95,-0.05,2000,14143200,"S"
"HPG","14:24:04",26.95,-0.05,6000,14141200,"S"
"HPG","14:23:56",26.95,-0.05,15900,14135200,"S"
"HPG","14:23:52",26.95,-0.05,8300,14119300,"S"
"HPG","14:23:51",26.95,-0.05,500,14111000,"S"
"HPG","14:23:48",26.95,-0.05,100,14110500,"S"
"HPG","14:23:46",26.95,-0.05,100,14110400,"S"
"HPG","14:23:44",26.95,-0.05,5900,14110300,"S"
"HPG","14:23:38",26.95,-0.05,15900,14104400,"S"
"HPG","14:23:37",26.95,-0.05,1000,14088500,"S"
"HPG","14:23:29",26.95,-0.05,100,14087500,"S"
"HPG","14:23:20",26.95,-0.05,15000,14087400,"S"
"HPG","14:23:13",26.95,-0.05,2000,14072400,"S"
"HPG","14:23:09",26.95,-0.05,100,14070400,"S"
"HPG","14:23:01",26.9,-0.1,1000,14070300,"B"
"HPG","14:22:52",26.9,-0.1,300,14069300,"B"
"HPG","14:22:47",26.9,-0.1,200,14069000,"B"
"HPG","14:22:38",26.9,-0.1,12300,14068800,"S"
"HPG","14:22:37",26.85,-0.15,1000,14056500,"B"
"HPG","14:22:33",26.9,-0.1,25000,14055500,"S"
"HPG","14:22:32",26.9,-0.1,5900,14030500,"S"
"HPG","14:22:31",26.9,-0.1,100,14024600,"S"
"HPG","14:22:30",26.9,-0.1,500,14024500,"S"
"HPG","14:22:30",26.9,-0.1,200,14024000,"S"
"HPG","14:22:28",26.9,-0.1,200,14023800,"S"
"HPG","14:22:27",26.9,-0.1,5000,14023600,"S"
"HPG","14:22:23",26.9,-0.1,5000,14018600,"S"
"HPG","14:22:20",26.9,-0.1,5900,14013600,"S"
"HPG","14:22:18",26.9,-0.1,1000,14007700,"S"
"HPG","14:22:16",26.9,-0.1,10000,14006700,"S"
"HPG","14:22:13",26.9,-0.1,500,13996700,"S"
"HPG","14:22:11",26.9,-0.1,100,13996200,"S"
"HPG","14:22:10",26.9,-0.1,15900,13996100,"S"
"HPG","14:22:06",26.9,-0.1,1000,13980200,"S"
"HPG","14:22:02",26.9,-0.1,7200,13979200,"S"
"HPG","14:22:00",26.9,-0.1,200,13972000,"S"
"HPG","14:21:56",26.9,-0.1,500,13971800,"S"
"HPG","14:21:55",26.9,-0.1,1700,13971300,"S"
"HPG","14:21:54",26.9,-0.1,100,13969600,"S"
"HPG","14:21:48",26.9,-0.1,5900,13969500,"S"
"HPG","14:21:47",26.9,-0.1,5000,13963600,"S"
"HPG","14:21:35",26.85,-0.15,1500,13958600,"B"
"HPG","14:21:33",26.9,-0.1,500,13957100,"S"
"HPG","14:21:32",26.9,-0.1,100,13956600,"S"
"HPG","14:21:29",26.9,-0.1,5900,13956500,"S"
"HPG","14:21:28",26.9,-0.1,5400,13950600,"S"
"HPG","14:21:19",26.9,-0.1,100,13945200,"S"
"HPG","14:21:19",26.9,-0.1,10200,13945100,"S"
"HPG","14:21:14",26.9,-0.1,5900,13934900,"S"
"HPG","14:21:02",26.9,-0.1,12000,13929000,"S"
"HPG","14:20:56",26.9,-0.1,200,13917000,"S"
"HPG","14:20:51",26.9,-0.1,500,13916800,"S"
"HPG","14:20:48",26.9,-0.1,5300,13916300,"S"
"HPG","14:20:38",26.9,-0.1,200,13911000,"S"
"HPG","14:20:36",26.9,-0.1,100,13910800,"S"
"HPG","14:20:35",26.9,-0.1,300,13910700,"S"
"HPG","14:20:33",26.9,-0.1,15900,13906300,"S"
"HPG","14:20:32",26.9,-0.1,2000,13890400,"S"
"HPG","14:20:32",26.9,-0.1,300,13888400,"S"
"HPG","14:20:29",26.9,-0.1,100,13888100,"S"
"HPG","14:20:26",26.9,-0.1,200,13887800,"S"
"HPG","14:20:23",26.9,-0.1,10200,13887600,"S"
"HPG","14:20:19",26.9,-0.1,500,13877400,"S"
"HPG","14:20:16",26.9,-0.1,4200,13876900,"S"
"HPG","14:20:14",26.9,-0.1,200,13872700,"S"
"HPG","14:20:13",26.9,-0.1,1100,13872500,"S"
"HPG","14:20:10",26.9,-0.1,10000,13871400,"S"
"HPG","14:19:57",26.9,-0.1,15000,13861400,"S"
"HPG","14:19:54",26.9,-0.1,100,13846400,"S"
"HPG","14:19:52",26.9,-0.1,500,13846300,"S"
"HPG","14:19:50",26.9,-0.1,1000,13845800,"S"
"HPG","14:19:48",26.9,-0.1,15900,13844800,"S"
"HPG","14:19:46",26.9,-0.1,100,13828900,"S"
"HPG","14:19:40",26.9,-0.1,3400,13828800,"S"
"HPG","14:19:40",26.85,-0.15,28200,13825400,"B"
"HPG","14:19:37",26.9,-0.1,500,13797200,"S"
"HPG","14:19:36",26.9,-0.1,1000,13796700,"S"
"HPG","14:19:33",26.9,-0.1,5000,13795700,"S"
"HPG","14:19:32",26.85,-0.15,3000,13790700,"B"
"HPG","14:19:27",26.85,-0.15,2600,13787700,"B"
"HPG","14:19:26",26.9,-0.1,9000,13785100,"S"
"HPG","14:19:23",26.9,-0.1,10000,13776100,"S"
"HPG","14:19:22",26.9,-0.1,100,13766100,"S"
"HPG","14:19:13",26.9,-0.1,2000,13766000,"S"
"HPG","14:19:10",26.9,-0.1,300,13764000,"S"
"HPG","14:19:09",26.9,-0.1,200,13763700,"S"
"HPG","14:19:08",26.9,-0.1,400,13763500,"S"
"HPG","14:19:06",26.9,-0.1,200,13763100,"S"
"HPG","14:19:02",26.85,-0.15,24900,13762900,"B"
"HPG","14:19:00",26.9,-0.1,20000,13738000,"S"
"HPG","14:18:57",26.9,-0.1,100,13718000,"S"
"HPG","14:18:56",26.9,-0.1,500,13717900,"S"
"HPG","14:18:53",26.85,-0.15,300,13717400,"B"
"HPG","14:18:51",26.9,-0.1,15900,13717100,"S"
"HPG","14:18:43",26.9,-0.1,100,13701200,"S"
"HPG","14:18:42",26.85,-0.15,1900,13701100,"B"
"HPG","14:18:32",26.9,-0.1,100,13699200,"S"
"HPG","14:18:31",26.85,-0.15,1800,13699100,"B"
"HPG","14:18:29",26.85,-0.15,16400,13697300,"B"
"HPG","14:18:29",26.85,-0.15,10400,13680900,"B"
"HPG","14:18:29",26.9,-0.1,3000,13670500,"S"
"HPG","14:18:27",26.9,-0.1,1000,13667500,"S"
"HPG","14:18:25",26.9,-0.1,10000,13666500,"S"
"HPG","14:18:25",26.9,-0.1,10000,13656500,"S"
"HPG","14:18:24",26.9,-0.1,100,13646500,"S"
"HPG","14:18:22",26.9,-0.1,15900,13646400,"S"
"HPG","14:18:19",26.9,-0.1,5300,13630500,"S"
"HPG","14:18:19",26.85,-0.15,100,13625200,"B"
"HPG","14:18:15",26.9,-0.1,10000,13625100,"S"
"HPG","14:18:13",26.9,-0.1,200,13615100,"S"
"HPG","14:18:13",26.9,-0.1,5600,13614900,"S"
"HPG","14:18:10",26.9,-0.1,300,13609300,"S"
"HPG","14:18:06",26.9,-0.1,15900,13609000,"S"
"HPG","14:18:01",26.9,-0.1,100,13593100,"S"
"HPG","14:18:00",26.9,-0.1,7000,13593000,"S"
"HPG","14:17:57",26.9,-0.1,500,13586000,"S"
"HPG","14:17:49",26.9,-0.1,400,13585500,"S"
"HPG","14:17:44",26.9,-0.1,300,13585100,"S"
"HPG","14:17:35",26.9,-0.1,15900,13584800,"S"
"HPG","14:17:29",26.9,-0.1,100,13568900,"S"
"HPG","14:17:10",26.9,-0.1,1000,13568800,"S"
"HPG","14:17:09",26.9,-0.1,300,13567800,"S"
"HPG","14:17:08",26.85,-0.15,2100,13567500,"B"
"HPG","14:17:06",26.9,-0.1,2900,13564400,"S"
"HPG","14:17:05",26.85,-0.15,1500,13561500,"B"
"HPG","14:16:58",26.9,-0.1,9000,13560000,"S"
"HPG","14:16:57",26.9,-0.1,4000,13551000,"S"
"HPG","14:16:43",26.9,-0.1,4000,13547000,"S"
"HPG","14:16:42",26.9,-0.1,200,13543000,"S"
"HPG","14:16:42",26.85,-0.15,23800,13542800,"B"
"HPG","14:16:40",26.9,-0.1,300,13519000,"S"
"HPG","14:16:35",26.9,-0.1,200,13518700,"S"
"HPG","14:16:30",26.9,-0.1,200,13518500,"S"
"HPG","14:16:27",26.9,-0.1,100,13518300,"S"
"HPG","14:16:09",26.85,-0.15,21600,13518200,"B"
"HPG","14:16:04",26.85,-0.15,400,13496600,"B"
"HPG","14:16:03",26.85,-0.15,100,13496200,"B"
"HPG","14:15:54",26.9,-0.1,3500,13496100,"S"
"HPG","14:15:52",26.9,-0.1,2000,13492600,"S"
"HPG","14:15:43",26.9,-0.1,200,13490600,"S"
"HPG","14:15:41",26.85,-0.15,22000,13490400,"B"
"HPG","14:15:39",26.9,-0.1,8600,13468400,"B"
"HPG","14:15:36",26.9,-0.1,30000,13459800,"B"
"HPG","14:15:34",26.9,-0.1,2900,13429800,"B"
"HPG","14:15:27",26.9,-0.1,400,13426900,"B"
"HPG","14:15:23",26.9,-0.1,5000,13426500,"B"
"HPG","14:15:12",26.9,-0.1,2000,13421500,"B"
"HPG","14:15:10",26.9,-0.1,25300,13419500,"B"
"HPG","14:15:07",26.9,-0.1,1200,13394200,"B"
"HPG","14:15:02",26.9,-0.1,2900,13393000,"B"
"HPG","14:14:50",26.9,-0.1,2100,13390100,"B"
"HPG","14:14:46",26.9,-0.1,2100,13388000,"B"
"HPG","14:14:35",26.9,-0.1,5300,13385900,"B"
"HPG","14:14:31",26.9,-0.1,1800,13380600,"B"
"HPG","14:14:28",26.9,-0.1,30000,13378800,"B"
"HPG","14:14:28",26.9,-0.1,500,13348800,"B"
"HPG","14:14:26",26.9,-0.1,1200,13348300,"B"
"HPG","14:14:01",26.9,-0.1,2700,13347100,"B"
"HPG","14:13:53",26.95,-0.05,2000,13344400,"S"
"HPG","14:13:48",26.9,-0.1,2300,13342400,"B"
"HPG","14:13:47",26.9,-0.1,1700,13340100,"B"
"HPG","14:13:31",26.9,-0.1,2000,13338400,"B"
"HPG","14:13:27",26.9,-0.1,3800,13336400,"B"
"HPG","14:13:23",26.95,-0.05,100,13332600,"S"
"HPG","14:13:02",26.9,-0.1,1700,13332500,"B"
"HPG","14:12:54",26.9,-0.1,1900,13330800,"B"
"HPG","14:12:50",26.9,-0.1,1000,13328900,"B"
"HPG","14:12:46",26.95,-0.05,200,13327900,"S"
"HPG","14:12:39",26.9,-0.1,300,13327700,"B"
"HPG","14:12:37",26.9,-0.1,3000,13327400,"B"
"HPG","14:12:31",26.9,-0.1,5000,13324400,"B"
"HPG","14:12:21",26.9,-0.1,1800,13319400,"B"
"HPG","14:12:18",26.95,-0.05,15900,13317600,"S"
"HPG","14:12:16",26.9,-0.1,2300,13301700,"B"
"HPG","14:12:14",26.95,-0.05,5000,13299400,"S"
"HPG","14:12:10",26.9,-0.1,4400,13294400,"B"
"HPG","14:12:06",26.95,-0.05,200,13290000,"S"
"HPG","14:12:00",26.9,-0.1,200,13289800,"B"
"HPG","14:11:54",26.9,-0.1,43200,13289600,"B"
"HPG","14:11:49",26.9,-0.1,5000,13246400,"B"
"HPG","14:11:44",26.9,-0.1,300,13241400,"B"
"HPG","14:11:35",26.9,-0.1,300,13241100,"B"
"HPG","14:11:32",26.9,-0.1,2500,13240800,"B"
"HPG","14:11:31",26.95,-0.05,15900,13238300,"S"
"HPG","14:11:30",26.9,-0.1,10000,13222400,"B"
"HPG","14:11:26",26.9,-0.1,800,13212400,"B"
"HPG","14:11:17",26.9,-0.1,1000,13211600,"B"
"HPG","14:11:14",26.9,-0.1,1000,13210600,"B"
"HPG","14:11:12",26.9,-0.1,1000,13209600,"B"
"HPG","14:11:05",26.9,-0.1,1900,13208600,"S"
"HPG","14:11:03",26.9,-0.1,400,13206700,"S"
"HPG","14:11:02",26.9,-0.1,5000,13206300,"S"
"HPG","14:11:01",26.9,-0.1,1500,13201300,"S"
"HPG","14:11:00",26.9,-0.1,5000,13199800,"S"
"HPG","14:10:59",26.9,-0.1,20500,13194800,"S"
"HPG","14:10:58",26.9,-0.1,10000,13174300,"S"
"HPG","14:10:57",26.9,-0.1,4700,13164300,"S"
"HPG","14:10:57",26.9,-0.1,5300,13159600,"S"
"HPG","14:10:51",26.85,-0.15,1700,13154300,"B"
"HPG","14:10:44",26.9,-0.1,10600,13152600,"S"
"HPG","14:10:40",26.9,-0.1,15900,13142000,"S"
"HPG","14:10:36",26.85,-0.15,1000,13126100,"B"
"HPG","14:10:34",26.85,-0.15,1200,13125100,"B"
"HPG","14:10:24",26.85,-0.15,1400,13123900,"B"
"HPG","14:10:18",26.85,-0.15,300,13122500,"B"
"HPG","14:10:11",26.85,-0.15,1500,13122200,"B"
"HPG","14:10:10",26.85,-0.15,1800,13120700,"B"
"HPG","14:09:59",26.85,-0.15,1200,13118900,"B"
"HPG","14:09:59",26.9,-0.1,5300,13117700,"S"
"HPG","14:09:54",26.9,-0.1,20000,13112400,"S"
"HPG","14:09:48",26.85,-0.15,1600,13092400,"B"
"HPG","14:09:47",26.9,-0.1,15900,13090800,"S"
"HPG","14:09:38",26.9,-0.1,200,13074900,"S"
"HPG","14:09:34",26.85,-0.15,2200,13074700,"B"
"HPG","14:09:33",26.85,-0.15,500,13072500,"B"
"HPG","14:09:29",26.9,-0.1,100,13072000,"S"
"HPG","14:09:27",26.9,-0.1,300,13071900,"S"
"HPG","14:09:25",26.85,-0.15,1700,13071600,"B"
"HPG","14:09:15",26.85,-0.15,100,13069900,"B"
"HPG","14:09:14",26.85,-0.15,2800,13069800,"B"
"HPG","14:09:09",26.85,-0.15,3000,13067000,"B"
"HPG","14:09:07",26.85,-0.15,500,13064000,"B"
"HPG","14:09:06",26.85,-0.15,30000,13063500,"B"
"HPG","14:09:04",26.85,-0.15,11100,13033500,"B"
"HPG","14:09:00",26.85,-0.15,10000,13022400,"B"
"HPG","14:08:59",26.9,-0.1,100,13012400,"S"
"HPG","14:08:56",26.85,-0.15,1500,13012300,"B"
"HPG","14:08:50",26.85,-0.15,2200,13010800,"B"
"HPG","14:08:43",26.85,-0.15,18000,13008600,"B"
"HPG","14:08:42",26.85,-0.15,1700,12990600,"B"
"HPG","14:08:35",26.85,-0.15,3000,12988900,"B"
"HPG","14:08:32",26.85,-0.15,2000,12985900,"B"
"HPG","14:08:31",26.85,-0.15,1700,12983900,"B"
"HPG","14:08:25",26.85,-0.15,1000,12982200,"B"
"HPG","14:08:16",26.85,-0.15,5400,12981200,"B"
"HPG","14:08:15",26.85,-0.15,2800,12975800,"B"
"HPG","14:08:06",26.85,-0.15,10000,12973000,"B"
"HPG","14:08:01",26.85,-0.15,2100,12963000,"B"
"HPG","14:07:58",26.85,-0.15,1700,12960900,"B"
"HPG","14:07:51",26.85,-0.15,500,12959200,"B"
"HPG","14:07:50",26.85,-0.15,1700,12958700,"B"
"HPG","14:07:47",26.9,-0.1,300,12957000,"S"
"HPG","14:07:39",26.85,-0.15,100,12956700,"B"
"HPG","14:07:38",26.9,-0.1,3000,12956600,"S"
"HPG","14:07:35",26.85,-0.15,1600,12953600,"B"
"HPG","14:07:33",26.85,-0.15,1000,12952000,"B"
"HPG","14:07:26",26.9,-0.1,30000,12951000,"S"
"HPG","14:07:21",26.85,-0.15,1000,12921000,"B"
"HPG","14:07:17",26.85,-0.15,2000,12920000,"B"
"HPG","14:07:17",26.85,-0.15,2100,12918000,"B"
"HPG","14:07:16",26.85,-0.15,1800,12915900,"B"
"HPG","14:07:12",26.85,-0.15,2000,12914100,"B"
"HPG","14:07:11",26.9,-0.1,1000,12912100,"S"
"HPG","14:07:07",26.9,-0.1,500,12911100,"S"
"HPG","14:07:04",26.9,-0.1,300,12910600,"S"
"HPG","14:06:56",26.85,-0.15,10000,12910300,"B"
"HPG","14:06:54",26.85,-0.15,2900,12900300,"B"
"HPG","14:06:54",26.9,-0.1,500,12897400,"S"
"HPG","14:06:52",26.9,-0.1,1000,12896900,"S"
"HPG","14:06:50",26.9,-0.1,300,12895900,"S"
"HPG","14:06:43",26.9,-0.1,100,12895600,"S"
"HPG","14:06:40",26.9,-0.1,56000,12895500,"B"
"HPG","14:06:39",26.9,-0.1,5000,12839500,"B"
"HPG","14:06:35",26.9,-0.1,2000,12834500,"B"
"HPG","14:06:31",26.9,-0.1,1700,12832500,"B"
"HPG","14:06:30",26.9,-0.1,9000,12830800,"B"
"HPG","14:06:29",26.95,-0.05,1800,12821800,"S"
"HPG","14:06:29",26.9,-0.1,1100,12820000,"B"
"HPG","14:06:20",26.9,-0.1,2000,12818900,"B"
"HPG","14:06:19",26.9,-0.1,2000,12816900,"B"
"HPG","14:06:18",26.9,-0.1,400,12814900,"B"
"HPG","14:06:15",26.95,-0.05,300,12814500,"S"
"HPG","14:06:02",26.9,-0.1,2000,12814200,"B"
"HPG","14:06:01",26.9,-0.1,4000,12812200,"B"
"HPG","14:05:58",26.95,-0.05,100,12808200,"S"
"HPG","14:05:55",26.9,-0.1,1000,12808100,"B"
"HPG","14:05:47",26.9,-0.1,1700,12807100,"B"
"HPG","14:05:33",26.9,-0.1,10000,12805400,"B"
"HPG","14:05:26",26.9,-0.1,2400,12795400,"B"
"HPG","14:05:18",26.9,-0.1,11800,12793000,"B"
"HPG","14:05:12",26.9,-0.1,100000,12781200,"B"
"HPG","14:05:05",26.9,-0.1,4100,12681200,"B"
"HPG","14:05:03",26.9,-0.1,2100,12677100,"B"
"HPG","14:05:00",26.9,-0.1,200,12675000,"B"
"HPG","14:04:53",26.9,-0.1,20000,12674800,"B"
"HPG","14:04:47",26.9,-0.1,2000,12654800,"B"
"HPG","14:04:44",26.9,-0.1,1400,12652800,"B"
"HPG","14:04:43",26.9,-0.1,6000,12651400,"B"
"HPG","14:04:41",26.9,-0.1,400,12645400,"B"
"HPG","14:04:39",26.9,-0.1,1200,12645000,"B"
"HPG","14:04:38",26.9,-0.1,2000,12643800,"B"
"HPG","14:04:32",26.9,-0.1,1400,12641800,"B"
"HPG","14:04:23",26.9,-0.1,1900,12640400,"B"
"HPG","14:04:19",26.9,-0.1,100,12638500,"B"
"HPG","14:04:19",26.9,-0.1,1500,12638400,"B"
"HPG","14:04:11",26.9,-0.1,50000,12636900,"B"
"HPG","14:04:06",26.9,-0.1,1500,12586900,"B"
"HPG","14:04:05",26.9,-0.1,300,12585400,"B"
"HPG","14:04:05",26.9,-0.1,500,12585100,"B"
"HPG","14:03:53",26.9,-0.1,1400,12584600,"B"
"HPG","14:03:45",26.9,-0.1,12000,12583200,"B"
"HPG","14:03:42",26.9,-0.1,300,12571200,"B"
"HPG","14:03:40",26.9,-0.1,5200,12570900,"B"
"HPG","14:03:39",26.9,-0.1,200,12565700,"B"
"HPG","14:03:35",26.9,-0.1,6600,12565500,"B"
"HPG","14:03:32",26.9,-0.1,5100,12558900,"B"
"HPG","14:03:08",26.9,-0.1,20000,12553800,"B"
"HPG","14:03:05",26.9,-0.1,3000,12533800,"B"
"HPG","14:03:03",26.9,-0.1,1000,12530800,"B"
"HPG","14:02:58",26.9,-0.1,2000,12529800,"B"
"HPG","14:02:54",26.9,-0.1,8100,12527800,"B"
"HPG","14:02:47",26.9,-0.1,1300,12519700,"B"
"HPG","14:02:44",26.9,-0.1,100,12518400,"B"
"HPG","14:02:20",26.9,-0.1,5000,12518300,"B"
"HPG","14:02:14",26.95,-0.05,100,12513300,"S"
"HPG","14:02:13",26.9,-0.1,1600,12513200,"B"
"HPG","14:02:06",26.9,-0.1,7000,12511600,"B"
"HPG","14:01:51",26.9,-0.1,1000,12504600,"B"
"HPG","14:01:50",26.95,-0.05,6000,12503600,"S"
"HPG","14:01:42",26.95,-0.05,100,12497600,"S"
"HPG","14:01:37",26.9,-0.1,100,12497500,"B"
"HPG","14:01:35",26.95,-0.05,100,12497400,"S"
"HPG","14:01:34",26.9,-0.1,5200,12497300,"B"
"HPG","14:01:22",26.9,-0.1,100,12492100,"B"
"HPG","14:01:20",26.95,-0.05,10000,12492000,"S"
"HPG","14:01:19",26.95,-0.05,15900,12482000,"S"
"HPG","14:01:11",26.95,-0.05,1000,12466100,"S"
"HPG","14:01:01",26.95,-0.05,100,12465100,"S"
"HPG","14:00:59",26.9,-0.1,1000,12465000,"B"
"HPG","14:00:52",26.95,-0.05,1000,12464000,"S"
"HPG","14:00:50",26.9,-0.1,1800,12463000,"B"
"HPG","14:00:48",26.9,-0.1,2600,12461200,"B"
"HPG","14:00:46",26.9,-0.1,3000,12458600,"B"
"HPG","14:00:38",26.95,-0.05,100,12455600,"S"
"HPG","14:00:36",26.95,-0.05,10000,12455500,"S"
"HPG","14:00:25",26.9,-0.1,2600,12445500,"B"
"HPG","14:00:15",26.95,-0.05,500,12442900,"S"
"HPG","14:00:03",26.9,-0.1,1800,12442400,"B"
"HPG","14:00:02",26.9,-0.1,5200,12440600,"B"
"HPG","13:59:46",26.95,-0.05,2000,12435400,"S"
"HPG","13:59:20",26.9,-0.1,1600,12433400,"B"
"HPG","13:59:16",26.9,-0.1,2200,12431800,"B"
"HPG","13:59:03",26.9,-0.1,5000,12429600,"B"
"HPG","13:59:01",26.9,-0.1,3000,12424600,"B"
"HPG","13:58:56",26.9,-0.1,1800,12421600,"B"
"HPG","13:58:48",26.95,-0.05,300,12419800,"S"
"HPG","13:58:47",26.9,-0.1,300,12419500,"B"
"HPG","13:58:41",26.9,-0.1,1800,12419200,"B"
"HPG","13:58:38",26.9,-0.1,1700,12417400,"B"
"HPG","13:58:33",26.9,-0.1,2100,12415700,"B"
"HPG","13:58:25",26.9,-0.1,5200,12413600,"B"
"HPG","13:58:23",26.95,-0.05,1000,12408400,"S"
"HPG","13:58:12",26.95,-0.05,4000,12407400,"S"
"HPG","13:58:06",26.9,-0.1,1800,12403400,"B"
"HPG","13:57:56",26.9,-0.1,1600,12401600,"B"
"HPG","13:57:39",26.9,-0.1,1800,12400000,"B"
"HPG","13:57:23",26.9,-0.1,1800,12398200,"B"
"HPG","13:57:18",26.9,-0.1,2100,12396400,"B"
"HPG","13:57:15",26.9,-0.1,1800,12394300,"B"
"HPG","13:57:07",26.9,-0.1,1700,12392500,"B"
"HPG","13:57:03",26.9,-0.1,500,12390800,"B"
"HPG","13:56:52",26.95,-0.05,100,12390300,"S"
"HPG","13:56:52",26.9,-0.1,4200,12390200,"B"
"HPG","13:56:49",26.9,-0.1,100,12386000,"B"
"HPG","13:56:47",26.9,-0.1,1000,12385900,"B"
"HPG","13:56:42",26.9,-0.1,100,12384900,"B"
"HPG","13:56:38",26.95,-0.05,1000,12384800,"S"
"HPG","13:56:30",26.9,-0.1,1700,12383800,"B"
"HPG","13:56:14",26.95,-0.05,1000,12382100,"S"
"HPG","13:56:14",26.9,-0.1,2600,12381100,"B"
"HPG","13:56:13",26.9,-0.1,2000,12378500,"B"
"HPG","13:56:03",26.9,-0.1,2100,12376500,"B"
"HPG","13:55:57",26.9,-0.1,3000,12374400,"B"
"HPG","13:55:52",26.9,-0.1,2100,12371400,"B"
"HPG","13:55:50",26.9,-0.1,600,12369300,"B"
"HPG","13:55:48",26.9,-0.1,1700,12368700,"B"
"HPG","13:55:42",26.95,-0.05,2000,12367000,"S"
"HPG","13:55:33",26.9,-0.1,400,12365000,"B"
"HPG","13:55:33",26.9,-0.1,5800,12364600,"B"
"HPG","13:55:27",26.9,-0.1,4000,12358800,"B"
"HPG","13:55:24",26.9,-0.1,100,12354800,"B"
"HPG","13:55:21",26.9,-0.1,10000,12354700,"B"
"HPG","13:55:13",26.9,-0.1,2100,12344700,"B"
"HPG","13:55:10",26.95,-0.05,500,12342600,"S"
"HPG","13:55:09",26.9,-0.1,17000,12342100,"B"
"HPG","13:55:04",26.9,-0.1,1700,12325100,"B"
"HPG","13:54:57",26.95,-0.05,200,12323400,"S"
"HPG","13:54:54",26.9,-0.1,4000,12323200,"B"
"HPG","13:54:54",26.95,-0.05,100,12319200,"S"
"HPG","13:54:51",26.95,-0.05,500,12319100,"S"
"HPG","13:54:48",26.95,-0.05,200,12318600,"S"
"HPG","13:54:43",26.95,-0.05,200,12318400,"S"
"HPG","13:54:42",26.9,-0.1,1600,12318200,"B"
"HPG","13:54:33",26.95,-0.05,700,12316600,"S"
"HPG","13:54:28",26.9,-0.1,200,12315900,"B"
"HPG","13:54:21",26.9,-0.1,2000,12315700,"B"
"HPG","13:54:19",26.9,-0.1,4900,12313700,"B"
"HPG","13:54:00",26.9,-0.1,1000,12308800,"B"
"HPG","13:53:58",26.9,-0.1,300,12307800,"B"
"HPG","13:53:53",26.9,-0.1,200,12307500,"B"
"HPG","13:53:39",26.9,-0.1,1600,12307300,"B"
"HPG","13:53:36",26.9,-0.1,2900,12305700,"B"
"HPG","13:53:33",26.9,-0.1,2000,12302800,"B"
"HPG","13:53:22",26.9,-0.1,10000,12300800,"B"
"HPG","13:53:12",26.9,-0.1,2000,12290800,"B"
"HPG","13:53:09",26.9,-0.1,5000,12288800,"B"
"HPG","13:52:57",26.9,-0.1,1900,12283800,"B"
"HPG","13:52:49",26.95,-0.05,1000,12281900,"S"
"HPG","13:52:47",26.9,-0.1,2800,12280900,"B"
"HPG","13:52:44",26.95,-0.05,3400,12278100,"S"
"HPG","13:52:37",26.95,-0.05,600,12274700,"S"
"HPG","13:52:32",26.95,-0.05,10000,12274100,"S"
"HPG","13:52:22",26.9,-0.1,7000,12264100,"B"
"HPG","13:52:21",26.9,-0.1,100,12257100,"B"
"HPG","13:52:21",26.95,-0.05,300,12257000,"S"
"HPG","13:52:16",26.95,-0.05,500,12256700,"S"
"HPG","13:52:12",26.9,-0.1,1700,12256200,"B"
"HPG","13:52:05",26.95,-0.05,10100,12254500,"B"
"HPG","13:52:05",26.95,-0.05,24700,12244400,"B"
"HPG","13:51:53",26.95,-0.05,50000,12219700,"B"
"HPG","13:51:53",27,0,17800,12169700,"S"
"HPG","13:51:52",27,0,202200,12151900,"S"
"HPG","13:51:47",27,0,80000,11949700,"S"
"HPG","13:51:45",26.95,-0.05,1200,11869700,"B"
"HPG","13:51:37",26.95,-0.05,50000,11868500,"B"
"HPG","13:51:32",26.95,-0.05,100,11818500,"B"
"HPG","13:51:31",26.95,-0.05,5000,11818400,"B"
"HPG","13:51:29",26.95,-0.05,1600,11813400,"B"
"HPG","13:51:21",26.95,-0.05,3100,11811800,"B"
"HPG","13:51:16",26.95,-0.05,50000,11808700,"B"
"HPG","13:51:12",26.95,-0.05,1000,11758700,"B"
"HPG","13:51:04",26.95,-0.05,2000,11757700,"B"
"HPG","13:51:03",26.95,-0.05,100,11755700,"B"
"HPG","13:51:01",26.95,-0.05,1500,11755600,"B"
"HPG","13:50:53",26.95,-0.05,3400,11754100,"B"
"HPG","13:50:47",26.95,-0.05,1700,11750700,"B"
"HPG","13:50:35",27,0,5000,11749000,"S"
"HPG","13:50:24",27,0,200,11744000,"S"
"HPG","13:50:22",26.95,-0.05,7400,11743800,"B"
"HPG","13:50:17",26.95,-0.05,1000,11736400,"B"
"HPG","13:50:09",26.95,-0.05,10000,11735400,"B"
"HPG","13:50:06",26.95,-0.05,1600,11725400,"B"
"HPG","13:50:04",26.95,-0.05,200,11723800,"B"
"HPG","13:50:03",26.95,-0.05,200,11723600,"B"
"HPG","13:50:01",26.95,-0.05,500,11723400,"B"
"HPG","13:49:49",26.95,-0.05,2100,11722900,"B"
"HPG","13:49:45",26.95,-0.05,500,11720800,"B"
"HPG","13:49:34",26.95,-0.05,500,11720300,"B"
"HPG","13:49:34",26.95,-0.05,6800,11719800,"S"
"HPG","13:49:25",26.9,-0.1,1700,11713000,"B"
"HPG","13:49:21",26.95,-0.05,3200,11711300,"B"
"HPG","13:49:20",26.95,-0.05,100,11708100,"B"
"HPG","13:49:17",26.95,-0.05,7800,11708000,"B"
"HPG","13:49:16",26.95,-0.05,2000,11700200,"B"
"HPG","13:49:10",26.95,-0.05,500,11698200,"B"
"HPG","13:49:07",26.95,-0.05,500,11697700,"B"
"HPG","13:48:59",26.95,-0.05,2000,11697200,"B"
"HPG","13:48:58",26.95,-0.05,6000,11695200,"B"
"HPG","13:48:57",26.95,-0.05,4300,11689200,"B"
"HPG","13:48:53",26.95,-0.05,1000,11684900,"B"
"HPG","13:48:45",26.95,-0.05,13000,11683900,"B"
"HPG","13:48:43",26.95,-0.05,1700,11670900,"B"
"HPG","13:48:37",26.95,-0.05,10000,11669200,"B"
"HPG","13:48:34",26.95,-0.05,2000,11659200,"B"
"HPG","13:48:32",26.95,-0.05,8000,11657200,"B"
"HPG","13:48:22",27,0,1000,11649200,"S"
"HPG","13:48:18",26.95,-0.05,1000,11648200,"B"
"HPG","13:48:13",26.95,-0.05,5000,11647200,"B"
"HPG","13:48:08",26.95,-0.05,6900,11642200,"B"
"HPG","13:48:06",26.95,-0.05,30300,11635300,"B"
"HPG","13:48:00",26.95,-0.05,1700,11605000,"B"
"HPG","13:47:53",26.95,-0.05,5000,11603300,"B"
"HPG","13:47:39",26.95,-0.05,2000,11598300,"B"
"HPG","13:47:33",27,0,7000,11596300,"S"
"HPG","13:47:33",27,0,13000,11589300,"S"
"HPG","13:47:25",27,0,100,11576300,"S"
"HPG","13:47:25",26.95,-0.05,4000,11576200,"B"
"HPG","13:47:19",26.95,-0.05,2100,11572200,"B"
"HPG","13:47:17",26.95,-0.05,1800,11570100,"B"
"HPG","13:47:12",26.95,-0.05,800,11568300,"B"
"HPG","13:47:07",26.95,-0.05,3200,11567500,"B"
"HPG","13:47:01",27,0,500,11564300,"S"
"HPG","13:46:52",26.95,-0.05,500,11561300,"B"
"HPG","13:46:47",26.95,-0.05,20000,11560800,"B"
"HPG","13:46:39",26.95,-0.05,2600,11540800,"B"
"HPG","13:46:37",27,0,15000,11538200,"S"
"HPG","13:46:33",26.95,-0.05,100,11523200,"B"
"HPG","13:46:33",26.95,-0.05,1700,11523100,"B"
"HPG","13:46:32",26.95,-0.05,1000,11521400,"B"
"HPG","13:46:21",26.95,-0.05,300,11520400,"B"
"HPG","13:46:20",26.95,-0.05,200,11520100,"B"
"HPG","13:46:18",27,0,1400,11519900,"S"
"HPG","13:46:15",26.95,-0.05,1900,11518500,"B"
"HPG","13:46:11",27,0,100,11516600,"S"
"HPG","13:46:08",26.95,-0.05,200,11516500,"B"
"HPG","13:46:04",26.95,-0.05,2000,11516300,"B"
"HPG","13:46:01",26.95,-0.05,800,11514300,"B"
"HPG","13:45:59",26.95,-0.05,1700,11513500,"B"
"HPG","13:45:56",26.95,-0.05,2800,11511800,"B"
"HPG","13:45:49",26.95,-0.05,1800,11509000,"B"
"HPG","13:45:41",27,0,2000,11507200,"S"
"HPG","13:45:37",27,0,900,11505200,"S"
"HPG","13:45:33",26.95,-0.05,2000,11504300,"B"
"HPG","13:45:32",27,0,400,11502300,"S"
"HPG","13:45:31",27,0,200,11501900,"S"
"HPG","13:45:28",27,0,5000,11501700,"S"
"HPG","13:45:27",27,0,3600,11496700,"S"
"HPG","13:45:26",27,0,100,11493100,"S"
"HPG","13:45:19",27,0,3000,11493000,"S"
"HPG","13:45:17",27,0,300,11490000,"S"
"HPG","13:45:07",27,0,3600,11489700,"S"
"HPG","13:45:06",27,0,1000,11486100,"S"
"HPG","13:44:55",27,0,9700,11485100,"S"
"HPG","13:44:54",27,0,500,11475400,"S"
"HPG","13:44:53",27,0,14000,11474900,"S"
"HPG","13:44:51",27,0,38000,11460900,"S"
"HPG","13:44:47",27,0,10000,11422900,"S"
"HPG","13:44:46",27,0,500,11412900,"S"
"HPG","13:44:46",27,0,30000,11412400,"S"
"HPG","13:44:45",27,0,1000,11382400,"S"
"HPG","13:44:40",27,0,30000,11381400,"S"
"HPG","13:44:36",27,0,20000,11351400,"S"
"HPG","13:44:33",27,0,10000,11331400,"S"
"HPG","13:44:29",27,0,2000,11321400,"S"
"HPG","13:44:23",27,0,2400,11319400,"S"
"HPG","13:44:21",26.95,-0.05,1700,11317000,"B"
"HPG","13:44:19",26.95,-0.05,6300,11315300,"B"
"HPG","13:44:18",26.95,-0.05,1000,11309000,"B"
"HPG","13:44:07",27,0,500,11308000,"S"
"HPG","13:43:58",27,0,100,11307500,"S"
"HPG","13:43:48",26.95,-0.05,200,11307400,"B"
"HPG","13:43:39",26.95,-0.05,1700,11307200,"B"
"HPG","13:43:35",26.95,-0.05,2000,11305500,"B"
"HPG","13:43:23",26.95,-0.05,1400,11303500,"B"
"HPG","13:43:23",27,0,100,11302100,"S"
"HPG","13:43:19",26.95,-0.05,3000,11302000,"B"
"HPG","13:43:13",27,0,2000,11299000,"S"
"HPG","13:43:12",27,0,5000,11297000,"S"
"HPG","13:43:11",26.95,-0.05,2600,11292000,"B"
"HPG","13:43:02",26.95,-0.05,100,11289400,"B"
"HPG","13:42:57",26.95,-0.05,2700,11289300,"B"
"HPG","13:42:54",26.95,-0.05,1200,11286600,"B"
"HPG","13:42:53",27,0,10000,11285400,"S"
"HPG","13:42:52",27,0,2000,11275400,"S"
"HPG","13:42:51",27,0,50000,11273400,"S"
"HPG","13:42:48",26.95,-0.05,2500,11223400,"B"
"HPG","13:42:48",27,0,1000,11220900,"S"
"HPG","13:42:39",27,0,100,11219900,"S"
"HPG","13:42:31",27,0,200,11219800,"S"
"HPG","13:42:30",27,0,1000,11219600,"S"
"HPG","13:42:26",26.95,-0.05,1300,11218600,"B"
"HPG","13:42:24",27,0,10000,11217300,"S"
"HPG","13:42:21",27,0,100,11207300,"S"
"HPG","13:42:21",27,0,5000,11207200,"S"
"HPG","13:42:17",27,0,1600,11202200,"S"
"HPG","13:42:15",26.95,-0.05,2800,11200600,"B"
"HPG","13:42:14",26.95,-0.05,10000,11197800,"B"
"HPG","13:42:13",26.95,-0.05,1700,11187800,"B"
"HPG","13:42:12",26.95,-0.05,400,11186100,"B"
"HPG","13:42:04",27,0,1000,11185700,"S"
"HPG","13:42:00",26.95,-0.05,48700,11184700,"B"
"HPG","13:41:59",26.95,-0.05,1300,11136000,"B"
"HPG","13:41:54",26.95,-0.05,50000,11134700,"B"
"HPG","13:41:53",26.95,-0.05,1400,11084700,"B"
"HPG","13:41:50",26.95,-0.05,1600,11083300,"B"
"HPG","13:41:49",27,0,2000,11081700,"S"
"HPG","13:41:46",26.95,-0.05,9000,11079700,"B"
"HPG","13:41:46",26.95,-0.05,21000,11070700,"B"
"HPG","13:41:45",26.95,-0.05,20000,11049700,"B"
"HPG","13:41:40",26.95,-0.05,50000,11029700,"B"
"HPG","13:41:35",26.95,-0.05,6400,10979700,"B"
"HPG","13:41:33",27,0,800,10973300,"S"
"HPG","13:41:30",26.95,-0.05,1700,10972500,"B"
"HPG","13:41:26",26.95,-0.05,100,10970800,"B"
"HPG","13:41:18",27,0,1000,10970700,"S"
"HPG","13:41:17",26.95,-0.05,100,10969700,"B"
"HPG","13:41:15",26.95,-0.05,50000,10969600,"B"
"HPG","13:41:05",26.95,-0.05,2000,10919600,"B"
"HPG","13:41:02",26.95,-0.05,1100,10917600,"B"
"HPG","13:41:00",26.95,-0.05,50000,10916500,"B"
"HPG","13:40:57",26.95,-0.05,2000,10866500,"B"
"HPG","13:40:55",26.95,-0.05,500,10864500,"B"
"HPG","13:40:53",26.95,-0.05,50000,10864000,"B"
"HPG","13:40:47",26.95,-0.05,1800,10814000,"B"
"HPG","13:40:39",26.95,-0.05,2600,10812200,"B"
"HPG","13:40:32",26.95,-0.05,35000,10809600,"B"
"HPG","13:40:30",26.95,-0.05,500,10774600,"B"
"HPG","13:40:23",26.95,-0.05,1000,10774100,"B"
"HPG","13:40:16",26.95,-0.05,300,10773100,"B"
"HPG","13:40:16",26.95,-0.05,2300,10772800,"B"
"HPG","13:40:10",27,0,400,10770500,"S"
"HPG","13:40:04",26.95,-0.05,1600,10770100,"B"
"HPG","13:40:02",26.95,-0.05,50000,10768500,"B"
"HPG","13:40:02",27,0,300,10718500,"S"
"HPG","13:39:55",26.95,-0.05,3000,10718200,"B"
"HPG","13:39:51",27,0,500,10715200,"S"
"HPG","13:39:46",27,0,10600,10714700,"S"
"HPG","13:39:42",26.95,-0.05,3000,10704100,"B"
"HPG","13:39:41",26.95,-0.05,2000,10701100,"B"
"HPG","13:39:34",27,0,10000,10699100,"S"
"HPG","13:39:28",26.95,-0.05,1600,10689100,"B"
"HPG","13:39:22",27,0,500,10687500,"S"
"HPG","13:39:21",26.95,-0.05,1700,10687000,"B"
"HPG","13:39:15",27,0,100,10685300,"S"
"HPG","13:39:14",26.95,-0.05,2600,10685200,"B"
"HPG","13:39:03",27,0,200,10682600,"S"
"HPG","13:38:57",27,0,10000,10682400,"S"
"HPG","13:38:55",27,0,800,10672400,"S"
"HPG","13:38:54",27,0,5300,10671600,"S"
"HPG","13:38:52",26.95,-0.05,1400,10666300,"B"
"HPG","13:38:44",27,0,1000,10664900,"S"
"HPG","13:38:41",26.95,-0.05,1500,10663900,"B"
"HPG","13:38:39",26.95,-0.05,1800,10662400,"B"
"HPG","13:38:38",27,0,15900,10660600,"S"
"HPG","13:38:35",26.95,-0.05,2100,10644700,"B"
"HPG","13:38:27",26.95,-0.05,900,10642600,"B"
"HPG","13:38:24",26.95,-0.05,10500,10641700,"S"
"HPG","13:38:24",26.95,-0.05,39500,10631200,"B"
"HPG","13:38:21",26.95,-0.05,2000,10591700,"B"
"HPG","13:38:01",26.95,-0.05,2500,10589700,"B"
"HPG","13:38:01",26.95,-0.05,44700,10587200,"S"
"HPG","13:37:59",26.95,-0.05,200,10542500,"S"
"HPG","13:37:55",26.95,-0.05,200,10542300,"S"
"HPG","13:37:43",26.95,-0.05,6700,10542100,"B"
"HPG","13:37:39",26.95,-0.05,2700,10535400,"B"
"HPG","13:37:38",26.95,-0.05,500,10532700,"B"
"HPG","13:37:23",26.95,-0.05,200,10532200,"B"
"HPG","13:37:22",26.95,-0.05,72200,10532000,"S"
"HPG","13:37:19",26.95,-0.05,5000,10459800,"S"
"HPG","13:37:15",26.95,-0.05,200,10454800,"S"
"HPG","13:37:15",26.9,-0.1,3100,10454600,"B"
"HPG","13:37:14",26.95,-0.05,22000,10451500,"S"
"HPG","13:37:10",26.9,-0.1,1900,10429500,"B"
"HPG","13:37:04",26.95,-0.05,54900,10427600,"S"
"HPG","13:37:02",26.95,-0.05,200,10372700,"S"
"HPG","13:36:55",26.95,-0.05,100,10372500,"S"
"HPG","13:36:47",26.9,-0.1,1700,10372400,"B"
"HPG","13:36:32",26.9,-0.1,1600,10370700,"B"
"HPG","13:36:29",26.9,-0.1,4900,10369100,"B"
"HPG","13:36:23",26.9,-0.1,1600,10364200,"B"
"HPG","13:36:20",26.95,-0.05,55000,10362600,"B"
"HPG","13:36:18",26.95,-0.05,3100,10307600,"B"
"HPG","13:36:16",26.95,-0.05,10000,10304500,"B"
"HPG","13:36:16",26.95,-0.05,1000,10294500,"B"
"HPG","13:36:14",26.95,-0.05,12000,10293500,"B"
"HPG","13:36:06",26.95,-0.05,4400,10281500,"B"
"HPG","13:36:05",26.95,-0.05,2100,10277100,"B"
"HPG","13:35:51",26.95,-0.05,3200,10275000,"B"
"HPG","13:35:42",26.95,-0.05,1700,10271800,"B"
"HPG","13:35:35",27,0,500,10270100,"S"
"HPG","13:35:31",27,0,500,10269600,"S"
"HPG","13:35:24",27,0,100,10269100,"S"
"HPG","13:35:23",26.95,-0.05,1600,10269000,"B"
"HPG","13:35:21",27,0,1000,10267400,"S"
"HPG","13:35:17",27,0,1000,10266400,"S"
"HPG","13:35:10",27,0,800,10265400,"S"
"HPG","13:35:08",26.95,-0.05,1500,10264600,"B"
"HPG","13:35:00",27,0,10000,10263100,"S"
"HPG","13:35:00",26.95,-0.05,1700,10253100,"B"
"HPG","13:34:57",27,0,500,10251400,"S"
"HPG","13:34:55",26.95,-0.05,1900,10250900,"B"
"HPG","13:34:42",27,0,123000,10249000,"S"
"HPG","13:34:38",26.95,-0.05,2300,10126000,"B"
"HPG","13:34:34",26.95,-0.05,300,10123700,"B"
"HPG","13:34:18",26.95,-0.05,1700,10123400,"B"
"HPG","13:34:18",26.95,-0.05,2000,10121700,"B"
"HPG","13:34:15",26.95,-0.05,400,10119700,"B"
"HPG","13:34:14",27,0,100,10119300,"S"
"HPG","13:33:56",27,0,15900,10119200,"S"
"HPG","13:33:47",26.9,-0.1,100,10103300,"B"
"HPG","13:33:45",26.9,-0.1,200,10103200,"B"
"HPG","13:33:45",27,0,1800,10103000,"S"
"HPG","13:33:45",26.95,-0.05,98200,10101200,"S"
"HPG","13:33:40",26.95,-0.05,300,10003000,"S"
"HPG","13:33:39",26.95,-0.05,1000,10002700,"S"
"HPG","13:33:37",26.95,-0.05,1000,10001700,"S"
"HPG","13:33:36",26.9,-0.1,1600,10000700,"B"
"HPG","13:33:34",26.95,-0.05,2000,9999100,"S"
"HPG","13:33:34",26.95,-0.05,1700,9997100,"S"
"HPG","13:33:30",26.95,-0.05,1000,9995400,"S"
"HPG","13:33:29",26.95,-0.05,2100,9994400,"S"
"HPG","13:33:27",26.95,-0.05,1000,9992300,"S"
"HPG","13:33:24",26.95,-0.05,30600,9991300,"S"
"HPG","13:33:22",26.95,-0.05,15900,9960700,"S"
"HPG","13:33:20",26.95,-0.05,500,9944800,"S"
"HPG","13:33:06",26.95,-0.05,1000,9944300,"S"
"HPG","13:33:05",26.9,-0.1,100,9943300,"B"
"HPG","13:33:03",26.95,-0.05,2100,9943200,"S"
"HPG","13:32:57",26.9,-0.1,2200,9941100,"B"
"HPG","13:32:51",26.9,-0.1,2700,9938900,"B"
"HPG","13:32:47",26.9,-0.1,50000,9936200,"S"
"HPG","13:32:47",26.9,-0.1,500,9886200,"S"
"HPG","13:32:46",26.9,-0.1,5000,9885700,"S"
"HPG","13:32:46",26.9,-0.1,86500,9880700,"S"
"HPG","13:32:45",26.9,-0.1,62500,9794200,"S"
"HPG","13:32:45",26.9,-0.1,10000,9731700,"S"
"HPG","13:32:44",26.9,-0.1,50000,9721700,"S"
"HPG","13:32:42",26.9,-0.1,25400,9671700,"S"
"HPG","13:32:41",26.9,-0.1,200000,9646300,"S"
"HPG","13:32:37",26.9,-0.1,100,9446300,"S"
"HPG","13:32:34",26.9,-0.1,15900,9446200,"S"
"HPG","13:32:28",26.85,-0.15,1700,9430300,"B"
"HPG","13:32:25",26.85,-0.15,2300,9428600,"B"
"HPG","13:32:21",26.85,-0.15,2100,9426300,"B"
"HPG","13:32:13",26.85,-0.15,1500,9424200,"B"
"HPG","13:32:12",26.9,-0.1,1800,9422700,"S"
"HPG","13:32:11",26.85,-0.15,1800,9420900,"B"
"HPG","13:32:09",26.9,-0.1,2000,9419100,"S"
"HPG","13:32:00",26.85,-0.15,50000,9417100,"B"
"HPG","13:31:59",26.9,-0.1,20000,9367100,"S"
"HPG","13:31:46",26.9,-0.1,10000,9347100,"S"
"HPG","13:31:37",26.9,-0.1,3600,9337100,"S"
"HPG","13:31:35",26.9,-0.1,100,9333500,"S"
"HPG","13:31:30",26.9,-0.1,1000,9333400,"S"
"HPG","13:31:09",26.9,-0.1,200000,9332400,"S"
"HPG","13:31:08",26.9,-0.1,500,9132400,"S"
"HPG","13:31:07",26.85,-0.15,1000,9131900,"B"
"HPG","13:31:06",26.85,-0.15,1500,9130900,"B"
"HPG","13:30:56",26.9,-0.1,200,9129400,"S"
"HPG","13:30:53",26.85,-0.15,1200,9129200,"B"
"HPG","13:30:52",26.85,-0.15,3000,9128000,"B"
"HPG","13:30:45",26.85,-0.15,1800,9125000,"B"
"HPG","13:30:45",26.9,-0.1,500,9123200,"S"
"HPG","13:30:43",26.85,-0.15,500,9122700,"B"
"HPG","13:30:28",26.9,-0.1,15900,9122200,"S"
"HPG","13:30:22",26.85,-0.15,400,9106300,"B"
"HPG","13:30:11",26.85,-0.15,200,9105900,"B"
"HPG","13:30:10",26.85,-0.15,200,9105700,"B"
"HPG","13:30:07",26.9,-0.1,700,9105500,"S"
"HPG","13:30:01",26.85,-0.15,1700,9104800,"B"
"HPG","13:30:00",26.85,-0.15,2000,9103100,"B"
"HPG","13:29:47",26.9,-0.1,200,9101100,"S"
"HPG","13:29:38",26.9,-0.1,3000,9100900,"S"
"HPG","13:29:20",26.9,-0.1,300,9097900,"S"
"HPG","13:29:20",26.85,-0.15,500,9097600,"B"
"HPG","13:29:19",26.85,-0.15,1600,9097100,"B"
"HPG","13:29:11",26.85,-0.15,100,9095500,"B"
"HPG","13:29:09",26.85,-0.15,6000,9095400,"B"
"HPG","13:29:06",26.85,-0.15,1600,9089400,"B"
"HPG","13:28:55",26.85,-0.15,1800,9087800,"B"
"HPG","13:28:54",26.85,-0.15,8200,9086000,"B"
"HPG","13:28:44",26.85,-0.15,100,9077800,"B"
"HPG","13:28:42",26.9,-0.1,500,9077700,"S"
"HPG","13:28:38",26.85,-0.15,1800,9077200,"B"
"HPG","13:28:24",26.9,-0.1,100,9075400,"S"
"HPG","13:28:22",26.85,-0.15,100,9075300,"B"
"HPG","13:28:17",26.85,-0.15,500,9075200,"B"
"HPG","13:27:55",26.85,-0.15,500,9074700,"B"
"HPG","13:27:54",26.85,-0.15,1800,9074200,"B"
"HPG","13:27:52",26.85,-0.15,200,9072400,"B"
"HPG","13:27:48",26.85,-0.15,2000,9072200,"B"
"HPG","13:27:48",26.85,-0.15,100,9070200,"B"
"HPG","13:27:47",26.85,-0.15,300,9070100,"B"
"HPG","13:27:35",26.85,-0.15,100,9069800,"B"
"HPG","13:27:28",26.85,-0.15,500,9069700,"B"
"HPG","13:27:24",26.85,-0.15,100,9069200,"B"
"HPG","13:27:21",26.85,-0.15,2000,9069100,"B"
"HPG","13:27:15",26.85,-0.15,1800,9067100,"S"
"HPG","13:27:13",26.85,-0.15,500,9065300,"S"
"HPG","13:27:12",26.85,-0.15,500,9064800,"S"
"HPG","13:27:08",26.85,-0.15,10000,9064300,"S"
"HPG","13:27:07",26.8,-0.2,1600,9054300,"B"
"HPG","13:27:06",26.85,-0.15,7200,9052700,"B"
"HPG","13:27:00",26.85,-0.15,1000,9045500,"B"
"HPG","13:26:53",26.9,-0.1,200,9044500,"S"
"HPG","13:26:46",26.85,-0.15,10000,9044300,"B"
"HPG","13:26:45",26.85,-0.15,300,9034300,"B"
"HPG","13:26:43",26.9,-0.1,100,9034000,"S"
"HPG","13:26:35",26.9,-0.1,100,9033900,"S"
"HPG","13:26:26",26.85,-0.15,1800,9033800,"B"
"HPG","13:26:20",26.85,-0.15,100,9032000,"B"
"HPG","13:26:06",26.85,-0.15,2000,9031900,"B"
"HPG","13:25:57",26.85,-0.15,1000,9029900,"B"
"HPG","13:25:54",26.85,-0.15,5000,9028900,"B"
"HPG","13:25:53",26.85,-0.15,100,9023900,"B"
"HPG","13:25:50",26.85,-0.15,1500,9023800,"B"
"HPG","13:25:46",26.85,-0.15,2300,9022300,"S"
"HPG","13:25:45",26.85,-0.15,200,9020000,"S"
"HPG","13:25:44",26.85,-0.15,500,9019800,"S"
"HPG","13:25:42",26.85,-0.15,8700,9019300,"B"
"HPG","13:25:41",26.85,-0.15,1900,9010600,"B"
"HPG","13:25:39",26.85,-0.15,6000,9008700,"B"
"HPG","13:25:35",26.85,-0.15,26500,9002700,"B"
"HPG","13:25:34",26.85,-0.15,23500,8976200,"B"
"HPG","13:25:33",26.9,-0.1,200,8952700,"S"
"HPG","13:25:19",26.85,-0.15,800,8952500,"B"
"HPG","13:25:17",26.9,-0.1,1000,8951700,"S"
"HPG","13:25:14",26.85,-0.15,30000,8950700,"B"
"HPG","13:25:12",26.85,-0.15,25000,8920700,"B"
"HPG","13:25:08",26.85,-0.15,8000,8895700,"B"
"HPG","13:25:03",26.85,-0.15,25000,8887700,"B"
"HPG","13:25:02",26.85,-0.15,200,8862700,"B"
"HPG","13:25:01",26.85,-0.15,1600,8862500,"B"
"HPG","13:24:55",26.85,-0.15,500,8860900,"B"
"HPG","13:24:54",26.85,-0.15,3000,8860400,"B"
"HPG","13:24:52",26.85,-0.15,2000,8857400,"B"
"HPG","13:24:45",26.85,-0.15,500,8855400,"B"
"HPG","13:24:45",26.85,-0.15,10400,8854900,"B"
"HPG","13:24:19",26.85,-0.15,1700,8844500,"B"
"HPG","13:24:14",26.85,-0.15,1000,8842800,"B"
"HPG","13:24:07",26.9,-0.1,200,8841800,"S"
"HPG","13:23:53",26.9,-0.1,100,8841600,"S"
"HPG","13:23:49",26.85,-0.15,1000,8841500,"B"
"HPG","13:23:37",26.85,-0.15,2000,8840500,"B"
"HPG","13:23:35",26.85,-0.15,1700,8838500,"B"
"HPG","13:23:32",26.9,-0.1,69800,8836800,"B"
"HPG","13:23:26",26.9,-0.1,1000,8767000,"B"
"HPG","13:23:24",26.95,-0.05,3000,8766000,"S"
"HPG","13:23:16",26.9,-0.1,100,8763000,"B"
"HPG","13:23:10",26.9,-0.1,1000,8762900,"B"
"HPG","13:23:04",26.9,-0.1,100,8761900,"B"
"HPG","13:23:04",26.95,-0.05,3800,8761800,"S"
"HPG","13:22:55",26.9,-0.1,1600,8758000,"B"
"HPG","13:22:42",26.9,-0.1,6700,8756400,"B"
"HPG","13:22:38",26.9,-0.1,400,8749700,"B"
"HPG","13:22:33",26.9,-0.1,100,8749300,"B"
"HPG","13:22:22",26.9,-0.1,2000,8749200,"B"
"HPG","13:22:14",26.9,-0.1,1700,8747200,"B"
"HPG","13:22:07",26.95,-0.05,2700,8745500,"S"
"HPG","13:21:36",26.95,-0.05,100,8742800,"S"
"HPG","13:21:32",26.9,-0.1,1600,8742700,"B"
"HPG","13:21:12",26.95,-0.05,100,8741100,"S"
"HPG","13:21:07",26.9,-0.1,2000,8741000,"B"
"HPG","13:21:02",26.9,-0.1,100,8739000,"B"
"HPG","13:20:50",26.9,-0.1,1800,8738900,"B"
"HPG","13:20:47",26.9,-0.1,200,8737100,"B"
"HPG","13:20:26",26.9,-0.1,600,8736900,"B"
"HPG","13:20:15",26.9,-0.1,500,8736300,"B"
"HPG","13:20:06",26.9,-0.1,9000,8735800,"B"
"HPG","13:20:05",26.95,-0.05,200,8726800,"S"
"HPG","13:19:58",26.95,-0.05,9900,8726600,"S"
"HPG","13:19:57",26.95,-0.05,10100,8716700,"S"
"HPG","13:19:52",26.9,-0.1,2000,8706600,"B"
"HPG","13:19:48",26.9,-0.1,400,8704600,"B"
"HPG","13:19:30",26.9,-0.1,1800,8704200,"B"
"HPG","13:19:25",26.9,-0.1,1700,8702400,"B"
"HPG","13:19:20",26.95,-0.05,15900,8700700,"S"
"HPG","13:19:17",26.9,-0.1,10000,8684800,"B"
"HPG","13:19:14",26.9,-0.1,1000,8674800,"B"
"HPG","13:19:07",26.9,-0.1,100000,8673800,"B"
"HPG","13:18:54",26.9,-0.1,100,8573800,"B"
"HPG","13:18:44",26.9,-0.1,100,8573700,"B"
"HPG","13:18:43",26.9,-0.1,1600,8573600,"B"
"HPG","13:18:37",26.9,-0.1,2000,8572000,"B"
"HPG","13:18:21",26.9,-0.1,500,8570000,"B"
"HPG","13:18:20",26.95,-0.05,100,8569500,"S"
"HPG","13:18:19",26.95,-0.05,1000,8569400,"S"
"HPG","13:18:04",26.95,-0.05,1000,8568400,"S"
"HPG","13:18:02",26.9,-0.1,1800,8567400,"B"
"HPG","13:17:59",26.9,-0.1,59000,8565600,"B"
"HPG","13:17:52",26.9,-0.1,3800,8506600,"B"
"HPG","13:17:48",26.95,-0.05,100,8502800,"S"
"HPG","13:17:48",26.9,-0.1,500,8502700,"B"
"HPG","13:17:42",26.95,-0.05,100,8502200,"S"
"HPG","13:17:41",26.95,-0.05,500,8502100,"S"
"HPG","13:17:40",26.95,-0.05,100,8501600,"S"
"HPG","13:17:30",26.95,-0.05,300,8501500,"S"
"HPG","13:17:29",26.95,-0.05,100,8501200,"S"
"HPG","13:17:21",26.95,-0.05,400,8501100,"S"
"HPG","13:17:18",26.95,-0.05,10000,8500700,"S"
"HPG","13:17:18",26.9,-0.1,2000,8490700,"B"
"HPG","13:17:17",26.95,-0.05,200,8488700,"S"
"HPG","13:17:10",26.95,-0.05,1400,8488500,"S"
"HPG","13:17:10",26.95,-0.05,200,8487100,"S"
"HPG","13:17:08",26.95,-0.05,100,8486900,"S"
"HPG","13:17:06",26.95,-0.05,200,8486800,"S"
"HPG","13:17:05",26.95,-0.05,1000,8486600,"S"
"HPG","13:17:02",26.95,-0.05,1000,8485600,"S"
"HPG","13:16:56",27,0,1300,8484600,"S"
"HPG","13:16:55",26.95,-0.05,9300,8483300,"S"
"HPG","13:16:48",26.95,-0.05,100,8474000,"S"
"HPG","13:16:47",26.95,-0.05,1600,8473900,"B"
"HPG","13:16:47",26.95,-0.05,59100,8472300,"B"
"HPG","13:16:35",27,0,4000,8413200,"S"
"HPG","13:16:29",26.95,-0.05,1000,8409200,"B"
"HPG","13:16:28",26.95,-0.05,1600,8408200,"B"
"HPG","13:16:26",27,0,100,8406600,"S"
"HPG","13:16:23",27,0,500,8406500,"S"
"HPG","13:16:14",27,0,2000,8406000,"S"
"HPG","13:16:13",27,0,500,8404000,"S"
"HPG","13:16:11",27,0,300,8403500,"S"
"HPG","13:16:11",27,0,1000,8403200,"S"
"HPG","13:16:08",27,0,300,8402100,"S"
"HPG","13:16:05",27,0,30000,8401800,"S"
"HPG","13:16:03",27,0,100,8371800,"S"
"HPG","13:16:01",27,0,10600,8371700,"S"
"HPG","13:15:59",27,0,100,8361100,"S"
"HPG","13:15:55",27,0,1000,8361000,"S"
"HPG","13:15:50",27,0,100,8360000,"S"
"HPG","13:15:47",26.95,-0.05,1600,8359900,"B"
"HPG","13:15:46",27,0,10600,8358300,"S"
"HPG","13:15:44",27,0,500,8347700,"S"
"HPG","13:15:44",27,0,1000,8347200,"S"
"HPG","13:15:41",27,0,2400,8346200,"S"
"HPG","13:15:34",27,0,10000,8343800,"S"
"HPG","13:15:33",27,0,5000,8333800,"S"
"HPG","13:15:32",27,0,10600,8328800,"S"
"HPG","13:15:31",27,0,27600,8318200,"B"
"HPG","13:15:28",27,0,15000,8290600,"B"
"HPG","13:15:26",27,0,5000,8275600,"B"
"HPG","13:15:23",27.05,0.05,100000,8270600,"S"
"HPG","13:15:23",27,0,10000,8170600,"B"
"HPG","13:15:21",27,0,51000,8160600,"B"
"HPG","13:15:17",27.05,0.05,100,8109600,"S"
"HPG","13:15:10",27,0,100,8109500,"B"
"HPG","13:15:09",27,0,3600,8109400,"B"
"HPG","13:15:05",27,0,1800,8105800,"B"
"HPG","13:14:59",27,0,100,8104000,"B"
"HPG","13:14:54",27.05,0.05,200,8103900,"S"
"HPG","13:14:53",27,0,2100,8103700,"B"
"HPG","13:14:46",27,0,5000,8101600,"B"
"HPG","13:14:45",27.05,0.05,10600,8096600,"S"
"HPG","13:14:41",27,0,5000,8086000,"B"
"HPG","13:14:32",27,0,1200,8081000,"B"
"HPG","13:14:23",27,0,500,8079800,"B"
"HPG","13:14:18",27,0,59500,8079300,"S"
"HPG","13:14:17",27,0,400,8019800,"S"
"HPG","13:14:17",27,0,19600,8019400,"S"
"HPG","13:14:06",27,0,10000,7999800,"S"
"HPG","13:14:02",27,0,300,7989800,"S"
"HPG","13:13:59",27,0,10600,7989500,"S"
"HPG","13:13:57",27,0,5000,7978900,"S"
"HPG","13:13:48",27,0,90000,7973900,"S"
"HPG","13:13:40",27,0,1000,7883900,"S"
"HPG","13:13:36",27,0,300000,7881300,"S"
"HPG","13:13:32",27,0,2000,7581300,"S"
"HPG","13:13:18",27,0,1000,7579300,"S"
"HPG","13:13:17",27,0,200,7578300,"S"
"HPG","13:13:06",27,0,15900,7578100,"S"
"HPG","13:13:03",26.95,-0.05,200,7562200,"B"
"HPG","13:12:48",26.95,-0.05,900,7562000,"S"
"HPG","13:12:46",26.95,-0.05,1000,7561100,"S"
"HPG","13:12:37",26.95,-0.05,5000,7560100,"S"
"HPG","13:12:31",26.95,-0.05,13100,7555100,"B"
"HPG","13:12:30",26.95,-0.05,13000,7542000,"B"
"HPG","13:12:23",26.95,-0.05,4400,7529000,"S"
"HPG","13:12:19",26.95,-0.05,1500,7524600,"S"
"HPG","13:12:17",26.95,-0.05,16200,7523100,"S"
"HPG","13:12:16",26.9,-0.1,1700,7506900,"B"
"HPG","13:12:15",26.95,-0.05,300,7505200,"S"
"HPG","13:12:14",26.95,-0.05,5300,7504900,"S"
"HPG","13:12:13",26.95,-0.05,5300,7499600,"S"
"HPG","13:12:12",26.95,-0.05,12900,7494300,"S"
"HPG","13:12:11",26.95,-0.05,24200,7481400,"S"
"HPG","13:12:10",26.95,-0.05,10600,7457200,"S"
"HPG","13:11:56",26.95,-0.05,200,7446600,"S"
"HPG","13:11:43",26.95,-0.05,15900,7446400,"S"
"HPG","13:11:33",26.95,-0.05,200,7430500,"S"
"HPG","13:11:26",26.95,-0.05,300,7430300,"S"
"HPG","13:11:24",26.95,-0.05,300,7430000,"S"
"HPG","13:11:22",26.9,-0.1,3000,7429700,"B"
"HPG","13:11:09",26.95,-0.05,200,7426700,"S"
"HPG","13:11:05",26.95,-0.05,43600,7426500,"S"
"HPG","13:10:52",26.9,-0.1,2000,7382900,"B"
"HPG","13:10:39",26.95,-0.05,10000,7380900,"S"
"HPG","13:10:37",26.95,-0.05,100,7370900,"S"
"HPG","13:10:33",26.95,-0.05,500,7370800,"S"
"HPG","13:10:13",26.95,-0.05,15900,7370300,"S"
"HPG","13:10:03",26.9,-0.1,1600,7354400,"B"
"HPG","13:09:53",26.9,-0.1,2000,7352800,"B"
"HPG","13:09:46",26.9,-0.1,200,7350800,"B"
"HPG","13:09:33",26.95,-0.05,3000,7350600,"S"
"HPG","13:09:32",26.95,-0.05,200,7347600,"S"
"HPG","13:09:27",26.95,-0.05,500,7347400,"S"
"HPG","13:09:21",26.9,-0.1,1900,7346900,"B"
"HPG","13:09:17",26.9,-0.1,100,7345000,"B"
"HPG","13:09:15",26.95,-0.05,2000,7344900,"S"
"HPG","13:09:06",26.9,-0.1,10000,7342900,"B"
"HPG","13:09:04",26.9,-0.1,5000,7332900,"B"
"HPG","13:08:57",26.9,-0.1,200,7327900,"B"
"HPG","13:08:57",26.9,-0.1,4800,7327700,"B"
"HPG","13:08:55",26.9,-0.1,1500,7322900,"B"
"HPG","13:08:38",26.9,-0.1,2000,7321400,"B"
"HPG","13:08:35",26.9,-0.1,1800,7319400,"B"
"HPG","13:08:04",26.95,-0.05,15900,7317600,"S"
"HPG","13:07:50",26.9,-0.1,1800,7301700,"B"
"HPG","13:07:32",26.9,-0.1,1000,7299900,"B"
"HPG","13:07:16",26.95,-0.05,5000,7298900,"S"
"HPG","13:07:06",26.95,-0.05,100,7293900,"S"
"HPG","13:07:04",26.9,-0.1,6600,7293800,"B"
"HPG","13:07:03",26.9,-0.1,200,7287200,"B"
"HPG","13:06:57",26.95,-0.05,700,7287000,"S"
"HPG","13:06:54",26.9,-0.1,100,7286300,"B"
"HPG","13:06:40",26.9,-0.1,1000,7286200,"B"
"HPG","13:06:38",26.9,-0.1,100,7285200,"B"
"HPG","13:06:36",26.95,-0.05,19700,7285100,"S"
"HPG","13:06:20",26.9,-0.1,100,7265400,"B"
"HPG","13:06:14",26.9,-0.1,34900,7265300,"S"
"HPG","13:06:13",26.9,-0.1,10000,7230400,"S"
"HPG","13:06:11",26.9,-0.1,13600,7220400,"S"
"HPG","13:06:05",26.9,-0.1,48500,7206800,"S"
"HPG","13:06:05",26.9,-0.1,11500,7158300,"S"
"HPG","13:05:47",26.9,-0.1,15900,7146800,"S"
"HPG","13:05:41",26.85,-0.15,400,7130900,"B"
"HPG","13:05:37",26.85,-0.15,1900,7130500,"B"
"HPG","13:05:18",26.9,-0.1,15900,7128600,"S"
"HPG","13:05:10",26.85,-0.15,500,7112700,"B"
"HPG","13:04:54",26.85,-0.15,2000,7112200,"B"
"HPG","13:04:53",26.85,-0.15,1300,7110200,"B"
"HPG","13:04:52",26.85,-0.15,100,7108900,"B"
"HPG","13:04:49",26.85,-0.15,1800,7108800,"B"
"HPG","13:04:48",26.85,-0.15,100,7107000,"B"
"HPG","13:04:48",26.85,-0.15,100,7106900,"B"
"HPG","13:04:45",26.85,-0.15,1000,7106800,"B"
"HPG","13:04:37",26.85,-0.15,500,7105800,"B"
"HPG","13:04:24",26.85,-0.15,3000,7105300,"B"
"HPG","13:04:23",26.85,-0.15,400,7102300,"B"
"HPG","13:04:18",26.85,-0.15,3800,7101900,"B"
"HPG","13:04:00",26.9,-0.1,4100,7098100,"S"
"HPG","13:03:59",26.85,-0.15,2000,7094000,"B"
"HPG","13:03:55",26.85,-0.15,100,7092000,"B"
"HPG","13:03:52",26.85,-0.15,500,7091900,"B"
"HPG","13:03:51",26.85,-0.15,1000,7091400,"B"
"HPG","13:03:39",26.85,-0.15,2000,7090400,"B"
"HPG","13:03:38",26.85,-0.15,300,7088400,"S"
"HPG","13:03:34",26.85,-0.15,300,7088100,"S"
"HPG","13:03:33",26.85,-0.15,500,7087800,"S"
"HPG","13:03:31",26.85,-0.15,100,7087300,"S"
"HPG","13:03:29",26.85,-0.15,6200,7087200,"B"
"HPG","13:03:25",26.85,-0.15,43800,7081000,"S"
"HPG","13:03:24",26.85,-0.15,15900,7037200,"S"
"HPG","13:03:23",26.8,-0.2,1600,7021300,"B"
"HPG","13:03:20",26.85,-0.15,100,7019700,"S"
"HPG","13:03:14",26.85,-0.15,200,7019600,"S"
"HPG","13:03:11",26.85,-0.15,10000,7019400,"S"
"HPG","13:03:07",26.85,-0.15,8000,7009400,"S"
"HPG","13:03:03",26.85,-0.15,100,7001400,"S"
"HPG","13:02:57",26.85,-0.15,10000,7001300,"S"
"HPG","13:02:55",26.8,-0.2,1000,6991300,"B"
"HPG","13:02:47",26.8,-0.2,2000,6990300,"B"
"HPG","13:02:43",26.85,-0.15,15900,6988300,"S"
"HPG","13:02:37",26.8,-0.2,3000,6972400,"B"
"HPG","13:02:31",26.8,-0.2,1000,6969400,"B"
"HPG","13:02:30",26.85,-0.15,1500,6968400,"S"
"HPG","13:02:26",26.8,-0.2,5000,6966900,"B"
"HPG","13:02:17",26.85,-0.15,2200,6961900,"S"
"HPG","13:02:16",26.85,-0.15,15900,6959700,"S"
"HPG","13:02:07",26.8,-0.2,800,6943800,"B"
"HPG","13:02:05",26.85,-0.15,15900,6943000,"S"
"HPG","13:02:04",26.85,-0.15,100,6927100,"S"
"HPG","13:01:56",26.8,-0.2,1700,6927000,"B"
"HPG","13:01:34",26.85,-0.15,300,6925300,"S"
"HPG","13:01:33",26.8,-0.2,500,6925000,"B"
"HPG","13:01:16",26.8,-0.2,8000,6924500,"B"
"HPG","13:01:14",26.8,-0.2,1700,6916500,"B"
"HPG","13:01:13",26.8,-0.2,5000,6914800,"B"
"HPG","13:01:12",26.85,-0.15,300,6909800,"S"
"HPG","13:01:09",26.8,-0.2,2000,6909500,"B"
"HPG","13:01:06",26.8,-0.2,2200,6907500,"B"
"HPG","13:01:05",26.8,-0.2,300,6905300,"B"
"HPG","13:00:51",26.85,-0.15,10000,6905000,"S"
"HPG","13:00:45",26.85,-0.15,10600,6895000,"S"
"HPG","13:00:41",26.85,-0.15,10000,6884400,"S"
"HPG","13:00:35",26.8,-0.2,20000,6874400,"B"
"HPG","13:00:30",26.8,-0.2,2400,6854400,"B"
"HPG","13:00:27",26.85,-0.15,6000,6852000,"S"
"HPG","13:00:26",26.85,-0.15,200,6846000,"S"
"HPG","13:00:24",26.8,-0.2,1500,6845800,"B"
"HPG","13:00:22",26.85,-0.15,2000,6844300,"S"
"HPG","13:00:22",26.85,-0.15,1000,6842300,"S"
"HPG","13:00:21",26.85,-0.15,500,6841300,"S"
"HPG","13:00:21",26.8,-0.2,1000,6840800,"B"
"HPG","13:00:20",26.85,-0.15,700,6839800,"S"
"HPG","13:00:19",26.85,-0.15,6000,6839100,"S"
"HPG","13:00:19",26.8,-0.2,500,6833100,"B"
"HPG","13:00:17",26.85,-0.15,600,6832600,"S"
"HPG","13:00:16",26.85,-0.15,300,6832000,"S"
"HPG","13:00:14",26.85,-0.15,700,6831700,"S"
"HPG","13:00:13",26.8,-0.2,100,6831000,"B"
"HPG","13:00:13",26.8,-0.2,100,6830900,"B"
"HPG","13:00:12",26.8,-0.2,800,6830800,"B"
"HPG","13:00:09",26.85,-0.15,100,6830000,"S"
"HPG","13:00:08",26.85,-0.15,500,6829900,"S"
"HPG","13:00:07",26.8,-0.2,1000,6829400,"B"
"HPG","13:00:06",26.85,-0.15,300,6828400,"S"
"HPG","13:00:04",26.85,-0.15,500,6828100,"S"
"HPG","13:00:04",26.85,-0.15,500,6827600,"S"
"HPG","13:00:03",26.85,-0.15,100,6827100,"S"
"HPG","13:00:02",26.85,-0.15,1300,6827000,"S"
"HPG","13:00:01",26.85,-0.15,100,6825700,"S"
"HPG","13:00:01",26.8,-0.2,5000,6825600,"B"
"HPG","13:00:01",26.85,-0.15,1000,6820600,"S"
"HPG","13:00:01",26.85,-0.15,4400,6819600,"S"
"HPG","13:00:01",26.8,-0.2,4900,6815200,"B"
"HPG","13:00:00",26.85,-0.15,2000,6810300,"S"
"HPG","13:00:00",26.8,-0.2,8900,6808300,"B"
"HPG","13:00:00",26.85,-0.15,500,6799400,"S"
"HPG","11:29:58",26.85,-0.15,500,6798900,"S"
"HPG","11:29:54",26.8,-0.2,2000,6798400,"B"
"HPG","11:29:43",26.8,-0.2,10600,6796400,"B"
"HPG","11:29:32",26.85,-0.15,500,6785800,"S"
"HPG","11:29:29",26.85,-0.15,500,6783700,"S"
"HPG","11:29:27",26.85,-0.15,10600,6783200,"S"
"HPG","11:29:27",26.85,-0.15,10600,6772600,"S"
"HPG","11:29:24",26.85,-0.15,100,6762000,"S"
"HPG","11:29:15",26.85,-0.15,1000,6761900,"S"
"HPG","11:29:10",26.85,-0.15,100,6760900,"S"
"HPG","11:29:06",26.85,-0.15,400,6760800,"S"
"HPG","11:29:01",26.85,-0.15,1000,6760400,"S"
"HPG","11:29:01",26.85,-0.15,100,6759400,"S"
"HPG","11:28:57",26.85,-0.15,1000,6759300,"S"
"HPG","11:28:51",26.85,-0.15,400,6758300,"S"
"HPG","11:28:50",26.8,-0.2,1800,6757900,"B"
"HPG","11:28:50",26.85,-0.15,600,6756100,"S"
"HPG","11:28:49",26.85,-0.15,100,6755500,"S"
"HPG","11:28:41",26.85,-0.15,500,6755400,"S"
"HPG","11:28:38",26.8,-0.2,2000,6754900,"B"
"HPG","11:28:29",26.8,-0.2,10000,6752900,"B"
"HPG","11:28:24",26.85,-0.15,100,6742900,"S"
"HPG","11:28:10",26.85,-0.15,100,6742800,"S"
"HPG","11:28:06",26.8,-0.2,1700,6742700,"B"
"HPG","11:27:37",26.8,-0.2,8700,6741000,"B"
"HPG","11:27:24",26.85,-0.15,6000,6727500,"B"
"HPG","11:27:23",26.85,-0.15,1600,6721500,"B"
"HPG","11:27:14",26.85,-0.15,700,6719900,"B"
"HPG","11:27:09",26.85,-0.15,20800,6719200,"S"
"HPG","11:27:09",26.8,-0.2,1000,6698400,"B"
"HPG","11:27:08",26.85,-0.15,100,6697400,"S"
"HPG","11:26:51",26.85,-0.15,9600,6697300,"B"
"HPG","11:26:49",26.85,-0.15,1000,6687700,"B"
"HPG","11:26:47",26.85,-0.15,300,6686700,"B"
"HPG","11:26:44",26.85,-0.15,100,6686400,"B"
"HPG","11:26:41",26.85,-0.15,1700,6686300,"B"
"HPG","11:26:21",26.85,-0.15,100,6684600,"B"
"HPG","11:26:19",26.85,-0.15,2900,6684500,"S"
"HPG","11:26:09",26.8,-0.2,2000,6681600,"B"
"HPG","11:25:59",26.8,-0.2,1700,6679600,"B"
"HPG","11:25:58",26.85,-0.15,2100,6677900,"B"
"HPG","11:25:48",26.85,-0.15,4700,6675800,"B"
"HPG","11:25:47",26.85,-0.15,25300,6671100,"B"
"HPG","11:25:18",26.85,-0.15,1600,6645800,"B"
"HPG","11:24:55",26.85,-0.15,2000,6644200,"B"
"HPG","11:24:51",26.85,-0.15,3000,6642200,"B"
"HPG","11:24:36",26.85,-0.15,100,6639200,"B"
"HPG","11:24:36",26.85,-0.15,1700,6639100,"B"
"HPG","11:24:26",26.85,-0.15,100,6637400,"B"
"HPG","11:24:19",26.85,-0.15,16900,6637300,"S"
"HPG","11:24:13",26.85,-0.15,5000,6620400,"S"
"HPG","11:24:13",26.85,-0.15,500,6615400,"S"
"HPG","11:24:01",26.85,-0.15,100,6614900,"S"
"HPG","11:23:59",26.85,-0.15,500,6614800,"S"
"HPG","11:23:55",26.8,-0.2,100,6614300,"B"
"HPG","11:23:54",26.8,-0.2,1700,6614200,"B"
"HPG","11:23:48",26.85,-0.15,100,6612500,"S"
"HPG","11:23:36",26.85,-0.15,2000,6612400,"S"
"HPG","11:23:23",26.85,-0.15,2000,6610400,"S"
"HPG","11:23:20",26.85,-0.15,100,6608400,"S"
"HPG","11:23:20",26.8,-0.2,300,6608300,"B"
"HPG","11:23:16",26.85,-0.15,1200,6608000,"B"
"HPG","11:23:16",26.85,-0.15,35600,6606800,"B"
"HPG","11:23:11",26.85,-0.15,1700,6571200,"B"
"HPG","11:23:00",26.85,-0.15,200,6569500,"B"
"HPG","11:22:35",26.9,-0.1,1000,6569300,"S"
"HPG","11:22:28",26.85,-0.15,1700,6568300,"B"
"HPG","11:22:24",26.85,-0.15,2000,6566600,"B"
"HPG","11:22:23",26.85,-0.15,5000,6564600,"B"
"HPG","11:22:18",26.85,-0.15,100,6559600,"B"
"HPG","11:22:09",26.85,-0.15,1000,6559500,"B"
"HPG","11:22:06",26.85,-0.15,1000,6558500,"B"
"HPG","11:22:05",26.85,-0.15,300,6557500,"B"
"HPG","11:22:03",26.85,-0.15,2000,6557200,"B"
"HPG","11:21:58",26.85,-0.15,3000,6555200,"B"
"HPG","11:21:57",26.85,-0.15,100,6552200,"B"
"HPG","11:21:46",26.85,-0.15,1600,6552100,"B"
"HPG","11:21:45",26.9,-0.1,200,6550500,"S"
"HPG","11:21:30",26.85,-0.15,7200,6550300,"S"
"HPG","11:21:25",26.85,-0.15,500,6543100,"S"
"HPG","11:21:22",26.85,-0.15,1000,6542600,"S"
"HPG","11:21:18",26.85,-0.15,43100,6541600,"B"
"HPG","11:21:09",26.85,-0.15,2000,6498500,"B"
"HPG","11:21:09",26.85,-0.15,1000,6496500,"B"
"HPG","11:21:05",26.85,-0.15,1700,6495500,"B"
"HPG","11:20:43",26.85,-0.15,100,6493800,"B"
"HPG","11:20:21",26.85,-0.15,100,6493700,"B"
"HPG","11:20:12",26.85,-0.15,400,6493600,"B"
"HPG","11:20:11",26.9,-0.1,1000,6493200,"S"
"HPG","11:20:01",26.85,-0.15,3700,6492200,"S"
"HPG","11:19:58",26.85,-0.15,200,6488500,"S"
"HPG","11:19:55",26.85,-0.15,500,6488300,"S"
"HPG","11:19:49",26.85,-0.15,1000,6487800,"S"
"HPG","11:19:45",26.85,-0.15,500,6486800,"S"
"HPG","11:19:45",26.8,-0.2,2500,6486300,"B"
"HPG","11:19:45",26.85,-0.15,500,6483800,"S"
"HPG","11:19:44",26.85,-0.15,500,6483300,"S"
"HPG","11:19:43",26.85,-0.15,5000,6482800,"S"
"HPG","11:19:41",26.85,-0.15,50000,6477800,"S"
"HPG","11:19:37",26.85,-0.15,100,6427800,"S"
"HPG","11:19:29",26.85,-0.15,500,6427700,"S"
"HPG","11:19:23",26.85,-0.15,500,6427200,"S"
"HPG","11:19:14",26.85,-0.15,100,6426700,"S"
"HPG","11:19:09",26.85,-0.15,1500,6426600,"S"
"HPG","11:19:05",26.85,-0.15,78300,6425100,"S"
"HPG","11:19:04",26.85,-0.15,21700,6346800,"S"
"HPG","11:18:59",26.8,-0.2,1700,6325100,"B"
"HPG","11:18:54",26.85,-0.15,6000,6323400,"S"
"HPG","11:18:46",26.8,-0.2,2000,6317400,"B"
"HPG","11:18:44",26.85,-0.15,200,6315400,"S"
"HPG","11:18:43",26.85,-0.15,100,6315200,"S"
"HPG","11:18:41",26.85,-0.15,5000,6315100,"S"
"HPG","11:18:33",26.85,-0.15,100,6310100,"S"
"HPG","11:18:27",26.8,-0.2,500,6310000,"B"
"HPG","11:18:26",26.85,-0.15,1000,6309500,"S"
"HPG","11:18:23",26.85,-0.15,3400,6308500,"S"
"HPG","11:18:17",26.8,-0.2,1600,6305100,"B"
"HPG","11:18:10",26.8,-0.2,300,6303500,"B"
"HPG","11:17:44",26.8,-0.2,200,6303200,"B"
"HPG","11:17:41",26.85,-0.15,1000,6303000,"S"
"HPG","11:17:36",26.8,-0.2,1700,6302000,"B"
"HPG","11:17:01",26.85,-0.15,100,6300300,"S"
"HPG","11:16:54",26.8,-0.2,1900,6300200,"B"
"HPG","11:16:49",26.85,-0.15,2000,6298300,"S"
"HPG","11:16:30",26.85,-0.15,100,6296300,"S"
"HPG","11:16:22",26.85,-0.15,200,6296200,"S"
"HPG","11:16:13",26.85,-0.15,100,6296000,"S"
"HPG","11:16:10",26.8,-0.2,2000,6295900,"B"
"HPG","11:16:05",26.8,-0.2,1800,6293900,"B"
"HPG","11:16:02",26.85,-0.15,300,6292100,"S"
"HPG","11:16:00",26.85,-0.15,100,6291800,"S"
"HPG","11:15:38",26.85,-0.15,500,6291700,"S"
"HPG","11:15:34",26.85,-0.15,200,6291200,"S"
"HPG","11:15:32",26.85,-0.15,100,6291000,"S"
"HPG","11:15:28",26.85,-0.15,5000,6290900,"S"
"HPG","11:15:22",26.8,-0.2,1700,6285900,"B"
"HPG","11:15:22",26.85,-0.15,100,6284200,"S"
"HPG","11:15:17",26.8,-0.2,200,6284100,"B"
"HPG","11:15:11",26.85,-0.15,500,6283900,"S"
"HPG","11:15:09",26.85,-0.15,100,6283400,"S"
"HPG","11:15:07",26.85,-0.15,3000,6283300,"S"
"HPG","11:15:05",26.85,-0.15,1000,6280300,"S"
"HPG","11:14:57",26.85,-0.15,1000,6279300,"S"
"HPG","11:14:57",26.85,-0.15,100,6278300,"S"
"HPG","11:14:55",26.85,-0.15,2000,6278200,"S"
"HPG","11:14:40",26.85,-0.15,6000,6276200,"S"
"HPG","11:14:37",26.85,-0.15,6000,6270200,"S"
"HPG","11:14:36",26.85,-0.15,100,6264200,"S"
"HPG","11:14:28",26.85,-0.15,10000,6264100,"S"
"HPG","11:14:23",26.85,-0.15,56000,6254100,"S"
"HPG","11:14:15",26.85,-0.15,2700,6198100,"S"
"HPG","11:14:09",26.85,-0.15,400,6195400,"S"
"HPG","11:13:54",26.8,-0.2,1600,6195000,"B"
"HPG","11:13:37",26.85,-0.15,3500,6193400,"S"
"HPG","11:13:35",26.85,-0.15,100,6189900,"S"
"HPG","11:13:20",26.85,-0.15,1800,6189800,"S"
"HPG","11:13:20",26.85,-0.15,900,6188000,"S"
"HPG","11:13:13",26.8,-0.2,1600,6187100,"B"
"HPG","11:13:07",26.8,-0.2,100,6185500,"B"
"HPG","11:12:54",26.85,-0.15,3000,6185400,"S"
"HPG","11:12:37",26.85,-0.15,2000,6182400,"S"
"HPG","11:12:31",26.8,-0.2,1600,6180400,"B"
"HPG","11:12:25",26.85,-0.15,500,6178800,"S"
"HPG","11:12:10",26.85,-0.15,1000,6178300,"S"
"HPG","11:11:53",26.85,-0.15,1800,6177300,"S"
"HPG","11:11:51",26.8,-0.2,1900,6175500,"B"
"HPG","11:11:49",26.85,-0.15,1000,6173600,"S"
"HPG","11:11:36",26.85,-0.15,200,6172600,"S"
"HPG","11:11:35",26.85,-0.15,200,6172400,"S"
"HPG","11:11:31",26.85,-0.15,5900,6172200,"S"
"HPG","11:11:24",26.85,-0.15,5000,6166300,"S"
"HPG","11:11:21",26.85,-0.15,500,6161300,"S"
"HPG","11:11:16",26.85,-0.15,300,6160800,"S"
"HPG","11:11:07",26.85,-0.15,2000,6160500,"S"
"HPG","11:11:05",26.8,-0.2,1600,6158500,"B"
"HPG","11:11:03",26.85,-0.15,300,6156900,"S"
"HPG","11:11:01",26.85,-0.15,1500,6156600,"S"
"HPG","11:11:00",26.85,-0.15,16900,6155100,"S"
"HPG","11:10:59",26.85,-0.15,100,6138200,"S"
"HPG","11:10:52",26.85,-0.15,700,6138100,"S"
"HPG","11:10:52",26.8,-0.2,100,6137400,"B"
"HPG","11:10:45",26.85,-0.15,2000,6137300,"S"
"HPG","11:10:44",26.85,-0.15,1000,6135300,"S"
"HPG","11:10:42",26.85,-0.15,10000,6134300,"S"
"HPG","11:10:32",26.8,-0.2,2500,6124300,"B"
"HPG","11:10:30",26.85,-0.15,5000,6121800,"S"
"HPG","11:10:29",26.8,-0.2,200,6116800,"B"
"HPG","11:10:24",26.8,-0.2,1700,6116600,"B"
"HPG","11:10:21",26.85,-0.15,50000,6114900,"S"
"HPG","11:09:55",26.8,-0.2,2000,6064900,"B"
"HPG","11:09:42",26.8,-0.2,1600,6062900,"B"
"HPG","11:09:39",26.85,-0.15,700,6061300,"S"
"HPG","11:09:34",26.85,-0.15,100,6060600,"S"
"HPG","11:09:30",26.85,-0.15,200,6060500,"S"
"HPG","11:09:30",26.85,-0.15,100,6060300,"S"
"HPG","11:09:29",26.85,-0.15,1000,6060200,"S"
"HPG","11:09:18",26.85,-0.15,2000,6059200,"S"
"HPG","11:09:14",26.85,-0.15,6000,6057200,"S"
"HPG","11:09:11",26.8,-0.2,180000,6051200,"B"
"HPG","11:09:10",26.85,-0.15,100,5871200,"S"
"HPG","11:09:02",26.85,-0.15,2000,5871100,"S"
"HPG","11:09:01",26.8,-0.2,1700,5869100,"B"
"HPG","11:09:00",26.85,-0.15,100,5867400,"S"
"HPG","11:09:00",26.85,-0.15,200,5867300,"S"
"HPG","11:08:58",26.85,-0.15,39000,5867100,"S"
"HPG","11:08:50",26.85,-0.15,800,5828100,"S"
"HPG","11:08:47",26.85,-0.15,5000,5827300,"S"
"HPG","11:08:45",26.85,-0.15,10000,5822300,"S"
"HPG","11:08:43",26.85,-0.15,200,5812300,"S"
"HPG","11:08:41",26.8,-0.2,1900,5812100,"B"
"HPG","11:08:37",26.85,-0.15,200,5810200,"S"
"HPG","11:08:32",26.85,-0.15,100,5810000,"S"
"HPG","11:08:28",26.8,-0.2,2000,5809900,"B"
"HPG","11:08:27",26.85,-0.15,1300,5799200,"S"
"HPG","11:08:24",26.8,-0.2,200,5797900,"B"
"HPG","11:08:21",26.85,-0.15,100,5797700,"S"
"HPG","11:08:19",26.8,-0.2,1600,5797600,"B"
"HPG","11:08:14",26.85,-0.15,100,5796000,"S"
"HPG","11:08:10",26.8,-0.2,3500,5795900,"B"
"HPG","11:08:04",26.85,-0.15,2000,5792400,"S"
"HPG","11:07:56",26.85,-0.15,100,5790400,"S"
"HPG","11:07:55",26.8,-0.2,120000,5790300,"B"
"HPG","11:07:40",26.8,-0.2,3000,5670300,"B"
"HPG","11:07:38",26.8,-0.2,1600,5667300,"B"
"HPG","11:07:38",26.85,-0.15,100,5665700,"S"
"HPG","11:07:33",26.85,-0.15,500,5665600,"S"
"HPG","11:07:30",26.85,-0.15,25800,5665100,"B"
"HPG","11:07:27",26.85,-0.15,2000,5639300,"B"
"HPG","11:07:19",26.85,-0.15,1000,5637300,"B"
"HPG","11:07:12",26.85,-0.15,100,5636300,"B"
"HPG","11:07:06",26.85,-0.15,5000,5636200,"B"
"HPG","11:07:05",26.85,-0.15,2000,5631200,"B"
"HPG","11:06:58",26.85,-0.15,10000,5629200,"B"
"HPG","11:06:57",26.85,-0.15,1900,5619200,"B"
"HPG","11:06:56",26.85,-0.15,2000,5617300,"B"
"HPG","11:06:55",26.85,-0.15,2500,5615300,"B"
"HPG","11:06:49",26.85,-0.15,400,5612800,"B"
"HPG","11:06:40",26.85,-0.15,10000,5612400,"B"
"HPG","11:06:36",26.85,-0.15,2000,5602400,"B"
"HPG","11:06:27",26.85,-0.15,10000,5600400,"B"
"HPG","11:06:14",26.85,-0.15,500,5590400,"B"
"HPG","11:06:11",26.85,-0.15,3600,5589900,"B"
"HPG","11:06:09",26.85,-0.15,600,5586300,"B"
"HPG","11:06:05",26.85,-0.15,4000,5585700,"B"
"HPG","11:05:55",26.85,-0.15,5000,5581700,"B"
"HPG","11:05:54",26.85,-0.15,1600,5576700,"B"
"HPG","11:05:53",26.9,-0.1,100,5575100,"S"
"HPG","11:05:42",26.85,-0.15,2000,5575000,"B"
"HPG","11:05:40",26.9,-0.1,100,5573000,"S"
"HPG","11:05:34",26.85,-0.15,28000,5572900,"B"
"HPG","11:05:30",26.85,-0.15,1800,5544900,"B"
"HPG","11:05:15",26.85,-0.15,1000,5543100,"B"
"HPG","11:05:02",26.85,-0.15,10000,5542100,"B"
"HPG","11:04:57",26.85,-0.15,2000,5532100,"B"
"HPG","11:04:51",26.85,-0.15,500,5530100,"B"
"HPG","11:04:46",26.85,-0.15,1600,5529600,"B"
"HPG","11:04:45",26.85,-0.15,32000,5528000,"B"
"HPG","11:04:36",26.85,-0.15,10000,5496000,"B"
"HPG","11:04:23",26.85,-0.15,7300,5486000,"B"
"HPG","11:04:06",26.85,-0.15,3000,5456000,"B"
"HPG","11:04:04",26.85,-0.15,1700,5453000,"B"
"HPG","11:03:41",26.85,-0.15,2000,5451300,"B"
"HPG","11:03:22",26.85,-0.15,1600,5449300,"B"
"HPG","11:03:15",26.9,-0.1,5000,5447700,"S"
"HPG","11:02:41",26.85,-0.15,1700,5442700,"B"
"HPG","11:02:39",26.85,-0.15,1000,5441000,"B"
"HPG","11:02:30",26.85,-0.15,20000,5440000,"B"
"HPG","11:02:21",26.9,-0.1,600,5420000,"S"
"HPG","11:02:14",26.85,-0.15,15000,5419400,"B"
"HPG","11:02:09",26.85,-0.15,300,5404400,"B"
"HPG","11:02:08",26.85,-0.15,1500,5404100,"B"
"HPG","11:01:58",26.85,-0.15,1700,5402600,"B"
"HPG","11:01:55",26.9,-0.1,1000,5400900,"S"
"HPG","11:01:39",26.9,-0.1,800,5399900,"S"
"HPG","11:01:15",26.85,-0.15,1700,5399100,"B"
"HPG","11:00:55",26.9,-0.1,5000,5397400,"S"
"HPG","11:00:34",26.85,-0.15,1800,5392400,"B"
"HPG","11:00:23",26.9,-0.1,1000,5390600,"S"
"HPG","11:00:14",26.85,-0.15,500,5389600,"B"
"HPG","10:59:56",26.85,-0.15,2000,5389100,"B"
"HPG","10:59:49",26.85,-0.15,1700,5387100,"B"
"HPG","10:59:43",26.85,-0.15,100,5385400,"B"
"HPG","10:59:27",26.85,-0.15,500,5385300,"B"
"HPG","10:59:06",26.85,-0.15,1600,5384800,"B"
"HPG","10:58:45",26.9,-0.1,100,5383200,"S"
"HPG","10:58:31",26.9,-0.1,200,5383100,"S"
"HPG","10:58:29",26.9,-0.1,11100,5382900,"B"
"HPG","10:58:25",26.9,-0.1,1800,5371800,"B"
"HPG","10:58:25",26.9,-0.1,200,5370000,"B"
"HPG","10:58:23",26.9,-0.1,3000,5369800,"B"
"HPG","10:58:22",26.9,-0.1,17000,5366800,"B"
"HPG","10:58:19",26.9,-0.1,500,5349800,"B"
"HPG","10:58:09",26.9,-0.1,200,5349300,"B"
"HPG","10:58:04",26.9,-0.1,100,5349100,"B"
"HPG","10:57:59",26.9,-0.1,500,5349000,"B"
"HPG","10:57:54",26.9,-0.1,500,5348500,"B"
"HPG","10:57:46",26.9,-0.1,300,5348000,"B"
"HPG","10:57:33",26.9,-0.1,11500,5347700,"S"
"HPG","10:57:32",26.9,-0.1,100,5336200,"S"
"HPG","10:57:24",26.9,-0.1,59000,5336100,"S"
"HPG","10:57:24",26.9,-0.1,1000,5277100,"S"
"HPG","10:57:17",26.85,-0.15,10000,5276100,"B"
"HPG","10:57:15",26.9,-0.1,15000,5266100,"S"
"HPG","10:57:01",26.85,-0.15,1700,5251100,"B"
"HPG","10:56:59",26.85,-0.15,100,5249400,"B"
"HPG","10:56:59",26.9,-0.1,300,5249300,"S"
"HPG","10:56:56",26.85,-0.15,2000,5249000,"B"
"HPG","10:56:46",26.85,-0.15,600,5247000,"B"
"HPG","10:56:36",26.9,-0.1,300,5246400,"S"
"HPG","10:56:19",26.85,-0.15,1700,5246100,"B"
"HPG","10:56:16",26.85,-0.15,800,5244400,"B"
"HPG","10:56:12",26.85,-0.15,2000,5243600,"B"
"HPG","10:56:07",26.85,-0.15,100,5241600,"B"
"HPG","10:55:36",26.85,-0.15,1700,5241500,"B"
"HPG","10:55:26",26.9,-0.1,100,5239800,"S"
"HPG","10:55:23",26.85,-0.15,900,5239700,"B"
"HPG","10:55:16",26.85,-0.15,8000,5238800,"B"
"HPG","10:54:57",26.85,-0.15,2000,5230800,"B"
"HPG","10:54:55",26.85,-0.15,1600,5228800,"B"
"HPG","10:54:54",26.85,-0.15,100,5227200,"B"
"HPG","10:54:53",26.85,-0.15,3000,5227100,"B"
"HPG","10:54:41",26.85,-0.15,1000,5224100,"B"
"HPG","10:54:40",26.85,-0.15,50000,5223100,"B"
"HPG","10:54:13",26.85,-0.15,1700,5173100,"B"
"HPG","10:53:55",26.9,-0.1,5000,5171400,"S"
"HPG","10:53:54",26.9,-0.1,500,5166400,"S"
"HPG","10:53:42",26.85,-0.15,2000,5165900,"B"
"HPG","10:53:41",26.85,-0.15,15900,5163900,"B"
"HPG","10:53:32",26.85,-0.15,1700,5148000,"B"
"HPG","10:53:29",26.9,-0.1,400,5146300,"S"
"HPG","10:53:23",26.9,-0.1,2300,5145900,"S"
"HPG","10:53:23",26.9,-0.1,7700,5143600,"S"
"HPG","10:53:11",26.85,-0.15,5000,5135900,"B"
"HPG","10:52:59",26.85,-0.15,8900,5130900,"B"
"HPG","10:52:58",26.9,-0.1,400,5122000,"S"
"HPG","10:52:57",26.9,-0.1,100,5121600,"S"
"HPG","10:52:53",26.9,-0.1,1000,5121500,"S"
"HPG","10:52:49",26.85,-0.15,1600,5120500,"B"
"HPG","10:52:47",26.9,-0.1,3600,5118900,"S"
"HPG","10:52:12",26.9,-0.1,1100,5115300,"S"
"HPG","10:52:07",26.85,-0.15,1700,5114200,"B"
"HPG","10:52:07",26.9,-0.1,5000,5112500,"S"
"HPG","10:52:02",26.9,-0.1,15000,5107500,"S"
"HPG","10:51:54",26.9,-0.1,200,5092500,"S"
"HPG","10:51:33",26.9,-0.1,400,5092300,"S"
"HPG","10:51:25",26.85,-0.15,100,5091900,"B"
"HPG","10:51:24",26.85,-0.15,1700,5091800,"B"
"HPG","10:51:12",26.85,-0.15,2000,5090100,"B"
"HPG","10:51:03",26.85,-0.15,500,5088100,"B"
"HPG","10:50:59",26.85,-0.15,20000,5087600,"B"
"HPG","10:50:49",26.9,-0.1,3000,5067600,"S"
"HPG","10:50:44",26.85,-0.15,2100,5064600,"B"
"HPG","10:50:42",26.85,-0.15,800,5062500,"B"
"HPG","10:50:42",26.85,-0.15,900,5061700,"B"
"HPG","10:50:38",26.85,-0.15,15900,5060800,"B"
"HPG","10:50:28",26.9,-0.1,100,5044900,"S"
"HPG","10:50:28",26.85,-0.15,3000,5044800,"B"
"HPG","10:50:23",26.85,-0.15,100,5041800,"B"
"HPG","10:50:20",26.9,-0.1,200,5041700,"S"
"HPG","10:50:04",26.85,-0.15,200,5041500,"B"
"HPG","10:50:01",26.85,-0.15,1800,5041300,"B"
"HPG","10:49:47",26.9,-0.1,200,5039500,"S"
"HPG","10:49:33",26.85,-0.15,100,5039300,"B"
"HPG","10:49:23",26.85,-0.15,200,5039200,"B"
"HPG","10:49:23",26.9,-0.1,1100,5039000,"S"
"HPG","10:49:16",26.85,-0.15,1600,5037900,"B"
"HPG","10:49:15",26.85,-0.15,100,5036300,"B"
"HPG","10:49:14",26.9,-0.1,100,5036200,"S"
"HPG","10:49:11",26.9,-0.1,500,5036100,"S"
"HPG","10:49:06",26.9,-0.1,600,5035600,"S"
"HPG","10:49:04",26.9,-0.1,4000,5035000,"S"
"HPG","10:49:03",26.9,-0.1,300,5031000,"S"
"HPG","10:49:02",26.9,-0.1,100,5030700,"S"
"HPG","10:49:01",26.9,-0.1,100,5030600,"S"
"HPG","10:49:01",26.9,-0.1,100,5030500,"S"
"HPG","10:48:58",26.9,-0.1,1000,5030400,"S"
"HPG","10:48:38",26.9,-0.1,7900,5029400,"B"
"HPG","10:48:38",26.9,-0.1,12100,5021500,"B"
"HPG","10:48:34",26.9,-0.1,1600,5009400,"B"
"HPG","10:48:34",26.9,-0.1,300,5007800,"B"
"HPG","10:48:31",26.9,-0.1,100,5007500,"B"
"HPG","10:48:30",26.95,-0.05,200,5007400,"S"
"HPG","10:48:25",26.9,-0.1,1400,5007200,"B"
"HPG","10:48:25",26.9,-0.1,600,5005800,"B"
"HPG","10:48:23",26.9,-0.1,300,5005200,"B"
"HPG","10:48:17",26.9,-0.1,200,5004900,"B"
"HPG","10:48:14",26.9,-0.1,2800,5004700,"B"
"HPG","10:48:07",26.9,-0.1,200,5001900,"B"
"HPG","10:48:03",26.9,-0.1,200,5001700,"B"
"HPG","10:47:53",26.9,-0.1,2000,5001500,"B"
"HPG","10:47:53",26.9,-0.1,100,4999500,"B"
"HPG","10:47:49",26.9,-0.1,2000,4999400,"B"
"HPG","10:47:34",26.9,-0.1,200,4997400,"B"
"HPG","10:47:28",26.9,-0.1,2000,4997200,"B"
"HPG","10:47:25",26.9,-0.1,100,4995200,"B"
"HPG","10:47:23",26.9,-0.1,100,4995100,"B"
"HPG","10:47:21",26.9,-0.1,1000,4995000,"B"
"HPG","10:47:18",26.9,-0.1,200,4994000,"B"
"HPG","10:47:16",26.9,-0.1,300,4993800,"B"
"HPG","10:47:14",26.9,-0.1,100,4993500,"B"
"HPG","10:47:10",26.9,-0.1,1600,4993400,"B"
"HPG","10:46:56",26.9,-0.1,500,4991800,"B"
"HPG","10:46:53",26.9,-0.1,200,4991300,"B"
"HPG","10:46:43",26.9,-0.1,2400,4991100,"B"
"HPG","10:46:40",26.9,-0.1,20000,4988700,"B"
"HPG","10:46:36",26.9,-0.1,200,4968700,"B"
"HPG","10:46:33",26.9,-0.1,500,4968500,"B"
"HPG","10:46:29",26.9,-0.1,1600,4968000,"B"
"HPG","10:46:24",26.9,-0.1,300,4966400,"B"
"HPG","10:46:23",26.9,-0.1,2700,4966100,"B"
"HPG","10:46:22",26.9,-0.1,17000,4963400,"B"
"HPG","10:46:18",26.9,-0.1,1500,4946400,"B"
"HPG","10:46:14",26.9,-0.1,2500,4944900,"B"
"HPG","10:46:13",26.9,-0.1,1500,4942400,"B"
"HPG","10:46:11",26.9,-0.1,100,4940900,"B"
"HPG","10:46:10",26.9,-0.1,2000,4940800,"B"
"HPG","10:46:04",26.9,-0.1,9500,4938800,"B"
"HPG","10:46:03",26.9,-0.1,1500,4929300,"B"
"HPG","10:45:53",26.9,-0.1,4100,4927800,"B"
"HPG","10:45:53",26.9,-0.1,2100,4923700,"B"
"HPG","10:45:52",26.9,-0.1,50000,4921600,"B"
"HPG","10:45:48",26.9,-0.1,1800,4871600,"B"
"HPG","10:45:13",26.9,-0.1,200,4869800,"B"
"HPG","10:45:09",26.9,-0.1,100,4869600,"B"
"HPG","10:45:05",26.9,-0.1,1700,4869500,"B"
"HPG","10:45:03",26.9,-0.1,200,4867800,"B"
"HPG","10:44:59",26.9,-0.1,2000,4867600,"B"
"HPG","10:44:43",26.9,-0.1,300,4865600,"B"
"HPG","10:44:33",26.9,-0.1,200,4865300,"B"
"HPG","10:44:25",26.9,-0.1,100,4865100,"B"
"HPG","10:44:24",26.9,-0.1,1700,4865000,"B"
"HPG","10:43:57",26.9,-0.1,200,4863300,"B"
"HPG","10:43:53",26.9,-0.1,200,4863100,"B"
"HPG","10:43:43",26.9,-0.1,2200,4862900,"B"
"HPG","10:43:41",26.9,-0.1,1800,4860700,"B"
"HPG","10:43:23",26.9,-0.1,200,4858900,"B"
"HPG","10:43:19",26.9,-0.1,200,4858700,"B"
"HPG","10:43:13",26.95,-0.05,1500,4858500,"S"
"HPG","10:43:03",26.9,-0.1,100,4857000,"B"
"HPG","10:42:56",26.9,-0.1,1600,4856900,"B"
"HPG","10:42:49",26.95,-0.05,2500,4855300,"S"
"HPG","10:42:43",26.9,-0.1,300,4852800,"B"
"HPG","10:42:33",26.9,-0.1,2600,4852500,"B"
"HPG","10:42:32",26.9,-0.1,15900,4849900,"B"
"HPG","10:42:30",26.9,-0.1,100,4834000,"B"
"HPG","10:42:29",26.95,-0.05,1400,4833900,"S"
"HPG","10:42:28",26.9,-0.1,2000,4832500,"B"
"HPG","10:42:23",26.9,-0.1,2300,4830500,"B"
"HPG","10:42:20",26.9,-0.1,10000,4828200,"B"
"HPG","10:42:17",26.95,-0.05,3000,4818200,"S"
"HPG","10:42:14",26.95,-0.05,5000,4815200,"S"
"HPG","10:42:14",26.9,-0.1,1700,4810200,"B"
"HPG","10:42:12",26.95,-0.05,1000,4808500,"S"
"HPG","10:41:51",26.95,-0.05,5000,4807500,"S"
"HPG","10:41:38",26.95,-0.05,100,4802500,"S"
"HPG","10:41:34",26.95,-0.05,500,4802400,"S"
"HPG","10:41:32",26.95,-0.05,200,4801900,"S"
"HPG","10:41:14",26.95,-0.05,2000,4799900,"S"
"HPG","10:41:05",26.95,-0.05,300,4797900,"S"
"HPG","10:41:03",26.9,-0.1,200,4797600,"B"
"HPG","10:40:53",26.9,-0.1,2200,4797400,"B"
"HPG","10:40:48",26.9,-0.1,17500,4795200,"B"
"HPG","10:40:47",26.95,-0.05,200,4777700,"S"
"HPG","10:40:46",26.95,-0.05,300,4777500,"S"
"HPG","10:40:43",26.9,-0.1,1000,4777200,"B"
"HPG","10:40:23",26.95,-0.05,500,4776200,"S"
"HPG","10:40:23",26.95,-0.05,1500,4775700,"S"
"HPG","10:40:08",26.95,-0.05,5800,4774200,"S"
"HPG","10:40:06",26.9,-0.1,1700,4768400,"B"
"HPG","10:40:03",26.95,-0.05,1000,4766700,"S"
"HPG","10:39:59",26.95,-0.05,30000,4765700,"S"
"HPG","10:39:57",26.9,-0.1,15900,4735700,"B"
"HPG","10:39:54",26.9,-0.1,1200,4719800,"B"
"HPG","10:39:52",26.9,-0.1,10600,4718600,"B"
"HPG","10:39:41",26.95,-0.05,500,4708000,"S"
"HPG","10:39:33",26.9,-0.1,200,4707500,"B"
"HPG","10:39:24",26.9,-0.1,1700,4707300,"B"
"HPG","10:39:20",26.95,-0.05,22000,4705600,"S"
"HPG","10:39:15",26.95,-0.05,300,4683600,"S"
"HPG","10:39:13",26.9,-0.1,3000,4683300,"B"
"HPG","10:39:10",26.95,-0.05,2000,4680300,"S"
"HPG","10:39:04",26.95,-0.05,500,4678300,"S"
"HPG","10:39:03",26.95,-0.05,400,4677800,"S"
"HPG","10:38:59",26.95,-0.05,8700,4677400,"S"
"HPG","10:38:56",26.95,-0.05,4700,4668700,"B"
"HPG","10:38:54",26.95,-0.05,300,4664000,"B"
"HPG","10:38:46",26.95,-0.05,100,4663700,"B"
"HPG","10:38:45",26.95,-0.05,2000,4663600,"B"
"HPG","10:38:44",26.95,-0.05,900,4661600,"B"
"HPG","10:38:39",26.95,-0.05,200,4660700,"B"
"HPG","10:38:35",26.95,-0.05,100,4660500,"B"
"HPG","10:38:34",26.95,-0.05,7900,4660400,"S"
"HPG","10:38:32",26.95,-0.05,7100,4652500,"S"
"HPG","10:38:31",26.95,-0.05,200,4645400,"S"
"HPG","10:38:28",26.95,-0.05,900,4645200,"S"
"HPG","10:38:26",26.95,-0.05,1300,4644300,"S"
"HPG","10:38:17",26.95,-0.05,30000,4643000,"S"
"HPG","10:38:13",26.95,-0.05,100,4613000,"S"
"HPG","10:38:07",26.95,-0.05,700,4612900,"S"
"HPG","10:38:06",26.95,-0.05,1000,4612200,"S"
"HPG","10:38:03",26.95,-0.05,2000,4611200,"S"
"HPG","10:38:02",26.95,-0.05,400,4609200,"S"
"HPG","10:37:58",26.95,-0.05,2000,4608800,"S"
"HPG","10:37:53",26.95,-0.05,100,4606800,"S"
"HPG","10:37:43",26.95,-0.05,6600,4606700,"S"
"HPG","10:37:42",26.95,-0.05,50000,4600100,"S"
"HPG","10:37:38",26.95,-0.05,20000,4550100,"S"
"HPG","10:37:27",26.95,-0.05,500,4530100,"S"
"HPG","10:37:24",26.9,-0.1,100,4529600,"B"
"HPG","10:37:18",26.9,-0.1,1600,4529500,"B"
"HPG","10:36:49",26.9,-0.1,400,4527900,"B"
"HPG","10:36:43",26.9,-0.1,200,4527500,"B"
"HPG","10:36:37",26.9,-0.1,1700,4527300,"B"
"HPG","10:36:35",26.95,-0.05,500,4525600,"S"
"HPG","10:36:16",26.95,-0.05,10600,4525100,"S"
"HPG","10:36:14",26.9,-0.1,2000,4514500,"B"
"HPG","10:36:03",26.9,-0.1,600,4512500,"B"
"HPG","10:35:56",26.9,-0.1,1700,4511900,"B"
"HPG","10:35:55",26.9,-0.1,1000,4510200,"B"
"HPG","10:35:53",26.9,-0.1,2600,4509200,"B"
"HPG","10:35:49",26.9,-0.1,22000,4506600,"B"
"HPG","10:35:43",26.9,-0.1,200,4484600,"B"
"HPG","10:35:33",26.9,-0.1,1800,4484400,"B"
"HPG","10:35:30",26.9,-0.1,5700,4482600,"B"
"HPG","10:35:26",26.9,-0.1,1000,4476900,"B"
"HPG","10:35:23",26.9,-0.1,200,4475900,"B"
"HPG","10:35:13",26.9,-0.1,2000,4475700,"B"
"HPG","10:35:07",26.9,-0.1,300,4473700,"B"
"HPG","10:35:04",26.9,-0.1,3000,4473400,"B"
"HPG","10:35:02",26.95,-0.05,100,4470400,"S"
"HPG","10:34:56",26.95,-0.05,200,4470300,"S"
"HPG","10:34:54",26.95,-0.05,200,4470100,"S"
"HPG","10:34:35",26.9,-0.1,100,4469900,"B"
"HPG","10:34:34",26.9,-0.1,200,4469800,"B"
"HPG","10:34:33",26.9,-0.1,100,4469600,"B"
"HPG","10:34:29",26.9,-0.1,1700,4469500,"B"
"HPG","10:34:23",26.9,-0.1,300,4467800,"B"
"HPG","10:34:13",26.9,-0.1,2600,4467500,"B"
"HPG","10:34:06",26.9,-0.1,6300,4464900,"B"
"HPG","10:34:04",26.95,-0.05,15900,4458600,"S"
"HPG","10:33:53",26.9,-0.1,400,4442700,"B"
"HPG","10:33:48",26.9,-0.1,1700,4442300,"B"
"HPG","10:33:44",26.9,-0.1,2000,4440600,"B"
"HPG","10:33:27",26.9,-0.1,200,4438600,"B"
"HPG","10:33:09",26.95,-0.05,200,4438400,"S"
"HPG","10:33:05",26.9,-0.1,1600,4438200,"B"
"HPG","10:32:43",26.9,-0.1,300,4436600,"B"
"HPG","10:32:37",26.9,-0.1,3200,4436300,"S"
"HPG","10:32:29",26.9,-0.1,7900,4433100,"B"
"HPG","10:32:23",26.9,-0.1,1900,4425200,"B"
"HPG","10:32:13",26.9,-0.1,1800,4423300,"B"
"HPG","10:32:10",26.9,-0.1,15500,4421500,"S"
"HPG","10:32:09",26.9,-0.1,200,4406000,"S"
"HPG","10:32:04",26.9,-0.1,100,4405800,"B"
"HPG","10:32:02",26.9,-0.1,29900,4405700,"S"
"HPG","10:31:42",26.9,-0.1,2000,4375800,"S"
"HPG","10:31:41",26.85,-0.15,1700,4373800,"B"
"HPG","10:31:39",26.9,-0.1,200,4372100,"S"
"HPG","10:31:31",26.9,-0.1,100,4371900,"S"
"HPG","10:31:25",26.9,-0.1,100,4371800,"S"
"HPG","10:31:00",26.9,-0.1,10000,4371700,"S"
"HPG","10:30:48",26.9,-0.1,3300,4361700,"S"
"HPG","10:30:24",26.9,-0.1,10000,4358400,"S"
"HPG","10:30:20",26.9,-0.1,3000,4348400,"S"
"HPG","10:30:16",26.9,-0.1,20000,4345400,"S"
"HPG","10:30:16",26.85,-0.15,1600,4325400,"B"
"HPG","10:30:14",26.9,-0.1,500,4323800,"S"
"HPG","10:30:09",26.9,-0.1,500,4323300,"S"
"HPG","10:30:09",26.9,-0.1,5000,4322800,"S"
"HPG","10:30:08",26.85,-0.15,2500,4317800,"B"
"HPG","10:30:07",26.85,-0.15,3000,4315300,"B"
"HPG","10:30:06",26.9,-0.1,100,4312300,"S"
"HPG","10:30:04",26.9,-0.1,200,4312200,"S"
"HPG","10:30:02",26.9,-0.1,200,4312000,"S"
"HPG","10:30:02",26.9,-0.1,100,4311800,"S"
"HPG","10:29:59",26.9,-0.1,10000,4311700,"S"
"HPG","10:29:57",26.9,-0.1,3500,4301700,"S"
"HPG","10:29:55",26.9,-0.1,5000,4298200,"S"
"HPG","10:29:47",26.9,-0.1,200,4293200,"S"
"HPG","10:29:45",26.9,-0.1,100,4293000,"S"
"HPG","10:29:33",26.9,-0.1,100,4292900,"S"
"HPG","10:29:25",26.9,-0.1,100,4292800,"S"
"HPG","10:29:24",26.9,-0.1,100,4292700,"S"
"HPG","10:29:14",26.9,-0.1,300,4292600,"S"
"HPG","10:29:11",26.9,-0.1,1000,4292300,"S"
"HPG","10:29:08",26.9,-0.1,200,4291300,"S"
"HPG","10:29:07",26.9,-0.1,2000,4291100,"S"
"HPG","10:29:05",26.9,-0.1,20000,4289100,"S"
"HPG","10:29:02",26.9,-0.1,20000,4269100,"S"
"HPG","10:29:00",26.9,-0.1,1000,4249100,"S"
"HPG","10:28:58",26.9,-0.1,20000,4248100,"S"
"HPG","10:28:52",26.9,-0.1,500,4228100,"S"
"HPG","10:28:47",26.9,-0.1,5000,4227600,"S"
"HPG","10:28:45",26.85,-0.15,2000,4222100,"B"
"HPG","10:28:44",26.85,-0.15,1700,4220100,"B"
"HPG","10:28:43",26.9,-0.1,18400,4218400,"S"
"HPG","10:28:43",26.9,-0.1,61600,4200000,"S"
"HPG","10:28:40",26.9,-0.1,100,4138400,"S"
"HPG","10:28:34",26.85,-0.15,1700,4138300,"B"
"HPG","10:28:33",26.85,-0.15,200,4136600,"B"
"HPG","10:28:24",26.85,-0.15,1400,4136400,"B"
"HPG","10:28:23",26.85,-0.15,400,4135000,"B"
"HPG","10:28:16",26.85,-0.15,1100,4134600,"B"
"HPG","10:28:15",26.85,-0.15,2400,4133500,"B"
"HPG","10:28:14",26.85,-0.15,200,4131100,"B"
"HPG","10:28:10",26.85,-0.15,1700,4130900,"B"
"HPG","10:28:03",26.85,-0.15,200,4129200,"B"
"HPG","10:28:00",26.85,-0.15,1500,4129000,"B"
"HPG","10:27:56",26.9,-0.1,500,4127500,"S"
"HPG","10:27:54",26.85,-0.15,400,4127000,"B"
"HPG","10:27:52",26.85,-0.15,2100,4126600,"B"
"HPG","10:27:51",26.9,-0.1,1000,4124500,"S"
"HPG","10:27:50",26.9,-0.1,500,4123500,"S"
"HPG","10:27:50",26.9,-0.1,100,4123000,"S"
"HPG","10:27:43",26.85,-0.15,300,4122900,"B"
"HPG","10:27:39",26.85,-0.15,1700,4122600,"B"
"HPG","10:27:39",26.85,-0.15,100,4120900,"B"
"HPG","10:27:35",26.9,-0.1,100,4120800,"S"
"HPG","10:27:34",26.85,-0.15,1300,4120700,"B"
"HPG","10:27:31",26.85,-0.15,2000,4119400,"B"
"HPG","10:27:29",26.85,-0.15,1500,4117400,"B"
"HPG","10:27:28",26.85,-0.15,200,4115900,"B"
"HPG","10:27:27",26.85,-0.15,1600,4115700,"B"
"HPG","10:27:23",26.85,-0.15,200,4114100,"B"
"HPG","10:27:20",26.85,-0.15,1400,4113900,"B"
"HPG","10:27:16",26.85,-0.15,300,4112500,"B"
"HPG","10:27:14",26.85,-0.15,300,4112200,"B"
"HPG","10:27:14",26.85,-0.15,200,4111900,"B"
"HPG","10:27:11",26.85,-0.15,1500,4111700,"B"
"HPG","10:27:06",26.85,-0.15,100,4110200,"B"
"HPG","10:27:03",26.85,-0.15,700,4110100,"B"
"HPG","10:27:02",26.85,-0.15,1900,4109400,"B"
"HPG","10:26:59",26.85,-0.15,2100,4107500,"B"
"HPG","10:26:57",26.85,-0.15,100,4103500,"B"
"HPG","10:26:53",26.85,-0.15,500,4103400,"B"
"HPG","10:26:51",26.85,-0.15,2100,4102900,"B"
"HPG","10:26:47",26.85,-0.15,100,4100800,"B"
"HPG","10:26:46",26.85,-0.15,1700,4100700,"B"
"HPG","10:26:44",26.85,-0.15,300,4099000,"B"
"HPG","10:26:40",26.85,-0.15,100,4098700,"B"
"HPG","10:26:38",26.85,-0.15,1900,4098600,"B"
"HPG","10:26:34",26.85,-0.15,200,4095700,"B"
"HPG","10:26:28",26.85,-0.15,1800,4095500,"B"
"HPG","10:26:22",26.9,-0.1,300,4093700,"S"
"HPG","10:26:16",26.85,-0.15,1900,4093400,"B"
"HPG","10:26:15",26.85,-0.15,2000,4091500,"B"
"HPG","10:26:13",26.85,-0.15,300,4089500,"B"
"HPG","10:26:13",26.85,-0.15,400,4089200,"B"
"HPG","10:26:05",26.85,-0.15,1500,4088800,"B"
"HPG","10:26:05",26.85,-0.15,1600,4087300,"B"
"HPG","10:26:04",26.85,-0.15,200,4085700,"B"
"HPG","10:25:56",26.85,-0.15,1500,4085500,"B"
"HPG","10:25:53",26.85,-0.15,800,4084000,"B"
"HPG","10:25:47",26.85,-0.15,1500,4083200,"B"
"HPG","10:25:46",26.85,-0.15,2200,4081700,"B"
"HPG","10:25:46",26.9,-0.1,2100,4079500,"S"
"HPG","10:25:43",26.85,-0.15,900,4077400,"B"
"HPG","10:25:38",26.85,-0.15,2100,4076500,"B"
"HPG","10:25:36",26.85,-0.15,5400,4074400,"B"
"HPG","10:25:33",26.85,-0.15,800,4069000,"B"
"HPG","10:25:25",26.85,-0.15,1600,4068200,"B"
"HPG","10:25:24",26.9,-0.1,3700,4066600,"S"
"HPG","10:25:24",26.85,-0.15,1700,4062900,"B"
"HPG","10:25:23",26.85,-0.15,200,4061200,"B"
"HPG","10:25:16",26.85,-0.15,1700,4061000,"B"
"HPG","10:25:13",26.85,-0.15,300,4059300,"B"
"HPG","10:25:06",26.85,-0.15,2200,4059000,"B"
"HPG","10:25:05",26.9,-0.1,300,4056800,"S"
"HPG","10:24:56",26.9,-0.1,142200,4056500,"B"
"HPG","10:24:55",26.9,-0.1,2000,3914300,"B"
"HPG","10:24:53",26.9,-0.1,1800,3912300,"B"
"HPG","10:24:43",26.9,-0.1,500,3910500,"B"
"HPG","10:24:42",26.9,-0.1,1600,3910000,"B"
"HPG","10:24:41",26.9,-0.1,2200,3908400,"B"
"HPG","10:24:38",26.95,-0.05,200,3906200,"S"
"HPG","10:24:33",26.9,-0.1,200,3906000,"B"
"HPG","10:24:28",26.9,-0.1,2300,3905800,"B"
"HPG","10:24:21",26.95,-0.05,1000,3903500,"S"
"HPG","10:24:15",26.9,-0.1,1800,3902500,"B"
"HPG","10:24:14",26.9,-0.1,700,3900700,"B"
"HPG","10:24:08",26.9,-0.1,4000,3900000,"B"
"HPG","10:24:07",26.9,-0.1,100,3896000,"B"
"HPG","10:24:04",26.9,-0.1,2100,3895900,"B"
"HPG","10:24:02",26.9,-0.1,1600,3893800,"B"
"HPG","10:24:00",26.95,-0.05,100,3892200,"S"
"HPG","10:23:52",26.9,-0.1,1800,3892100,"B"
"HPG","10:23:45",26.9,-0.1,2000,3890300,"B"
"HPG","10:23:41",26.9,-0.1,1500,3888300,"B"
"HPG","10:23:35",26.95,-0.05,100,3886800,"S"
"HPG","10:23:35",26.9,-0.1,1000,3886700,"B"
"HPG","10:23:32",26.9,-0.1,1500,3885700,"B"
"HPG","10:23:24",26.9,-0.1,2400,3884200,"B"
"HPG","10:23:22",26.95,-0.05,800,3881800,"S"
"HPG","10:23:20",26.9,-0.1,1700,3881000,"B"
"HPG","10:23:10",26.9,-0.1,1700,3879300,"B"
"HPG","10:23:02",26.95,-0.05,100,3877600,"S"
"HPG","10:22:59",26.9,-0.1,1500,3877500,"B"
"HPG","10:22:56",26.9,-0.1,1000,3876000,"B"
"HPG","10:22:53",26.95,-0.05,100,3875000,"S"
"HPG","10:22:51",26.9,-0.1,10000,3874900,"B"
"HPG","10:22:49",26.9,-0.1,2100,3864900,"B"
"HPG","10:22:44",26.9,-0.1,1500,3862800,"B"
"HPG","10:22:41",26.9,-0.1,100,3861300,"B"
"HPG","10:22:38",26.9,-0.1,3500,3861200,"B"
"HPG","10:22:31",26.9,-0.1,2000,3857700,"B"
"HPG","10:22:26",26.9,-0.1,1800,3855700,"B"
"HPG","10:22:24",26.9,-0.1,12000,3853900,"B"
"HPG","10:22:19",26.9,-0.1,800,3841900,"B"
"HPG","10:22:15",26.9,-0.1,1500,3841100,"B"
"HPG","10:22:12",26.95,-0.05,2700,3839600,"S"
"HPG","10:22:06",26.9,-0.1,1500,3836900,"B"
"HPG","10:22:03",26.95,-0.05,1000,3835400,"S"
"HPG","10:21:58",26.95,-0.05,1000,3834400,"S"
"HPG","10:21:57",26.9,-0.1,1900,3833400,"B"
"HPG","10:21:56",26.9,-0.1,1700,3831500,"B"
"HPG","10:21:55",26.9,-0.1,500,3829800,"B"
"HPG","10:21:46",26.9,-0.1,1800,3829300,"B"
"HPG","10:21:35",26.9,-0.1,1700,3827500,"B"
"HPG","10:21:25",26.9,-0.1,2100,3825800,"B"
"HPG","10:21:23",26.95,-0.05,300,3823700,"S"
"HPG","10:21:16",26.9,-0.1,2000,3823400,"B"
"HPG","10:21:15",26.9,-0.1,1700,3821400,"B"
"HPG","10:21:12",26.9,-0.1,2200,3819700,"B"
"HPG","10:20:59",26.9,-0.1,1900,3817500,"B"
"HPG","10:20:58",26.95,-0.05,100,3815600,"S"
"HPG","10:20:49",26.9,-0.1,1800,3815500,"B"
"HPG","10:20:37",26.9,-0.1,2000,3813700,"B"
"HPG","10:20:35",26.9,-0.1,1400,3811700,"B"
"HPG","10:20:32",26.9,-0.1,1900,3810300,"B"
"HPG","10:20:30",26.9,-0.1,1000,3808400,"B"
"HPG","10:20:24",26.9,-0.1,2100,3807400,"B"
"HPG","10:20:24",26.9,-0.1,100,3805300,"B"
"HPG","10:20:21",26.95,-0.05,1000,3805200,"S"
"HPG","10:20:12",26.9,-0.1,2000,3804200,"B"
"HPG","10:20:02",26.9,-0.1,2000,3802200,"B"
"HPG","10:20:00",26.9,-0.1,2200,3800200,"B"
"HPG","10:19:57",26.9,-0.1,100,3798000,"B"
"HPG","10:19:56",26.9,-0.1,1100,3797900,"B"
"HPG","10:19:53",26.95,-0.05,100,3796800,"S"
"HPG","10:19:47",26.9,-0.1,1700,3796700,"B"
"HPG","10:19:46",26.9,-0.1,1700,3795000,"B"
"HPG","10:19:43",26.95,-0.05,100,3793300,"S"
"HPG","10:19:37",26.9,-0.1,2000,3793200,"B"
"HPG","10:19:37",26.9,-0.1,100,3791200,"B"
"HPG","10:19:28",26.9,-0.1,100,3791100,"B"
"HPG","10:19:25",26.9,-0.1,1500,3790900,"B"
"HPG","10:19:16",26.9,-0.1,2200,3789400,"B"
"HPG","10:19:08",26.9,-0.1,100,3787200,"B"
"HPG","10:19:06",26.9,-0.1,100,3787100,"B"
"HPG","10:19:04",26.9,-0.1,1600,3787000,"B"
"HPG","10:19:03",26.9,-0.1,2400,3785400,"B"
"HPG","10:19:01",26.9,-0.1,200,3783000,"B"
"HPG","10:18:57",26.95,-0.05,100,3782800,"S"
"HPG","10:18:48",26.9,-0.1,1500,3782700,"B"
"HPG","10:18:46",26.9,-0.1,2000,3781200,"B"
"HPG","10:18:44",26.9,-0.1,43600,3779200,"B"
"HPG","10:18:39",26.9,-0.1,1800,3735600,"B"
"HPG","10:18:28",26.9,-0.1,2300,3733800,"B"
"HPG","10:18:22",26.9,-0.1,1700,3731500,"B"
"HPG","10:18:15",26.9,-0.1,2500,3729800,"B"
"HPG","10:18:00",26.9,-0.1,1800,3727300,"B"
"HPG","10:17:50",26.95,-0.05,200,3725500,"S"
"HPG","10:17:49",26.9,-0.1,2200,3725300,"B"
"HPG","10:17:39",26.9,-0.1,1800,3723100,"B"
"HPG","10:17:36",26.9,-0.1,2700,3721300,"B"
"HPG","10:17:32",26.9,-0.1,2000,3718600,"B"
"HPG","10:17:20",26.9,-0.1,2800,3716600,"B"
"HPG","10:17:16",26.95,-0.05,400,3713800,"S"
"HPG","10:17:13",26.9,-0.1,4000,3713400,"B"
"HPG","10:17:03",26.9,-0.1,1800,3709400,"B"
"HPG","10:16:54",26.9,-0.1,1500,3707600,"B"
"HPG","10:16:54",26.95,-0.05,7700,3706100,"B"
"HPG","10:16:53",26.95,-0.05,1600,3698400,"B"
"HPG","10:16:52",26.95,-0.05,1800,3696800,"B"
"HPG","10:16:42",26.95,-0.05,17800,3695000,"B"
"HPG","10:16:41",26.95,-0.05,2800,3677200,"B"
"HPG","10:16:40",26.95,-0.05,1500,3674400,"B"
"HPG","10:16:30",26.95,-0.05,100,3672900,"B"
"HPG","10:16:24",26.95,-0.05,2400,3672800,"B"
"HPG","10:16:20",26.95,-0.05,500,3670400,"B"
"HPG","10:16:16",26.95,-0.05,2000,3669900,"B"
"HPG","10:16:12",26.95,-0.05,1700,3667900,"B"
"HPG","10:16:10",26.95,-0.05,2400,3666200,"B"
"HPG","10:16:02",26.95,-0.05,100,3663800,"B"
"HPG","10:15:56",26.95,-0.05,2500,3663700,"B"
"HPG","10:15:45",26.95,-0.05,3900,3661200,"B"
"HPG","10:15:43",26.95,-0.05,1000,3657300,"B"
"HPG","10:15:41",26.95,-0.05,4700,3656300,"B"
"HPG","10:15:35",26.95,-0.05,200,3651600,"B"
"HPG","10:15:31",26.95,-0.05,1600,3651400,"B"
"HPG","10:15:27",26.95,-0.05,700,3649800,"B"
"HPG","10:15:20",26.95,-0.05,100,3649100,"B"
"HPG","10:15:17",26.95,-0.05,800,3649000,"B"
"HPG","10:15:16",26.95,-0.05,1100,3648200,"B"
"HPG","10:15:13",26.95,-0.05,2700,3647100,"B"
"HPG","10:15:12",26.95,-0.05,2000,3644400,"B"
"HPG","10:15:11",26.95,-0.05,17000,3642400,"B"
"HPG","10:15:01",26.95,-0.05,2000,3625400,"B"
"HPG","10:14:57",26.95,-0.05,1900,3623400,"B"
"HPG","10:14:57",26.95,-0.05,58100,3621500,"B"
"HPG","10:14:56",26.95,-0.05,3500,3563400,"B"
"HPG","10:14:50",26.95,-0.05,1700,3559900,"B"
"HPG","10:14:45",26.95,-0.05,500,3558200,"B"
"HPG","10:14:35",26.95,-0.05,67700,3557700,"B"
"HPG","10:14:33",26.95,-0.05,1900,3490000,"B"
"HPG","10:14:19",26.95,-0.05,2500,3488100,"B"
"HPG","10:14:09",26.95,-0.05,1600,3485600,"B"
"HPG","10:14:08",27,0,400,3484000,"S"
"HPG","10:13:55",26.95,-0.05,7200,3483600,"B"
"HPG","10:13:47",26.95,-0.05,2000,3476400,"B"
"HPG","10:13:32",26.95,-0.05,1000,3474400,"B"
"HPG","10:13:30",27,0,100,3473400,"S"
"HPG","10:13:27",26.95,-0.05,1700,3473300,"B"
"HPG","10:13:26",26.95,-0.05,100,3471600,"B"
"HPG","10:13:12",26.95,-0.05,2300,3471500,"B"
"HPG","10:12:58",26.95,-0.05,5800,3469200,"B"
"HPG","10:12:45",26.95,-0.05,1800,3463400,"B"
"HPG","10:12:40",26.95,-0.05,800,3461600,"B"
"HPG","10:12:33",26.95,-0.05,2000,3460800,"B"
"HPG","10:12:23",26.95,-0.05,3900,3458800,"B"
"HPG","10:12:05",26.95,-0.05,500,3454900,"B"
"HPG","10:12:01",26.95,-0.05,2500,3454400,"B"
"HPG","10:12:00",26.95,-0.05,1700,3451900,"B"
"HPG","10:11:45",26.95,-0.05,3500,3450200,"B"
"HPG","10:11:37",26.95,-0.05,5000,3446700,"B"
"HPG","10:11:24",26.95,-0.05,100,3441700,"B"
"HPG","10:11:24",26.95,-0.05,4400,3441600,"B"
"HPG","10:11:17",26.95,-0.05,3700,3437200,"B"
"HPG","10:10:58",26.95,-0.05,2800,3433500,"B"
"HPG","10:10:56",26.95,-0.05,1200,3430700,"B"
"HPG","10:10:41",26.95,-0.05,1900,3429500,"B"
"HPG","10:10:35",26.95,-0.05,1700,3427600,"B"
"HPG","10:10:34",26.95,-0.05,500,3425900,"B"
"HPG","10:10:29",26.95,-0.05,2000,3425400,"B"
"HPG","10:10:22",26.95,-0.05,500,3423400,"B"
"HPG","10:10:21",26.95,-0.05,1700,3422900,"B"
"HPG","10:10:17",26.95,-0.05,1900,3421200,"B"
"HPG","10:10:13",26.95,-0.05,20000,3419300,"B"
"HPG","10:10:06",26.95,-0.05,2300,3399300,"B"
"HPG","10:10:02",26.95,-0.05,2000,3397000,"B"
"HPG","10:09:52",26.95,-0.05,3800,3395000,"B"
"HPG","10:09:39",26.95,-0.05,2000,3391200,"B"
"HPG","10:09:28",26.95,-0.05,2200,3389200,"B"
"HPG","10:09:18",26.95,-0.05,100,3387000,"B"
"HPG","10:09:13",26.95,-0.05,2200,3386900,"B"
"HPG","10:09:10",26.95,-0.05,1700,3384700,"B"
"HPG","10:09:10",26.95,-0.05,1000,3383000,"B"
"HPG","10:09:08",26.95,-0.05,30000,3382000,"B"
"HPG","10:09:01",26.95,-0.05,2200,3352000,"B"
"HPG","10:08:47",26.95,-0.05,2100,3349800,"B"
"HPG","10:08:36",27,0,300,3347700,"S"
"HPG","10:08:29",26.95,-0.05,1600,3345500,"B"
"HPG","10:08:24",26.95,-0.05,2000,3343900,"B"
"HPG","10:08:16",27,0,200,3341900,"S"
"HPG","10:08:12",26.95,-0.05,1500,3341700,"B"
"HPG","10:08:12",27,0,300,3340200,"S"
"HPG","10:08:02",26.95,-0.05,1900,3339900,"B"
"HPG","10:08:00",26.95,-0.05,10000,3338000,"B"
"HPG","10:07:51",26.95,-0.05,2200,3328000,"B"
"HPG","10:07:48",26.95,-0.05,1800,3325800,"B"
"HPG","10:07:38",26.95,-0.05,1700,3324000,"B"
"HPG","10:07:35",27,0,1000,3322300,"S"
"HPG","10:07:33",26.95,-0.05,2000,3321300,"B"
"HPG","10:07:32",27,0,2200,3319300,"S"
"HPG","10:07:31",26.95,-0.05,200,3317100,"B"
"HPG","10:07:28",26.95,-0.05,1900,3316900,"B"
"HPG","10:07:22",27,0,3000,3315000,"S"
"HPG","10:07:16",26.95,-0.05,1900,3312000,"B"
"HPG","10:07:14",27,0,1000,3310100,"S"
"HPG","10:07:13",27,0,300,3309100,"S"
"HPG","10:07:06",26.95,-0.05,3500,3308800,"B"
"HPG","10:07:05",27,0,700,3305300,"B"
"HPG","10:06:55",27,0,300,3304600,"S"
"HPG","10:06:54",27,0,10000,3304300,"S"
"HPG","10:06:54",27,0,9700,3292200,"B"
"HPG","10:06:53",27,0,100,3282500,"B"
"HPG","10:06:48",27,0,5000,3282400,"B"
"HPG","10:06:47",27,0,3000,3277400,"B"
"HPG","10:06:44",27,0,20000,3274400,"B"
"HPG","10:06:44",27,0,500,3254400,"B"
"HPG","10:06:42",27,0,1800,3253900,"B"
"HPG","10:06:31",27,0,2200,3252100,"B"
"HPG","10:06:29",27,0,200,3249900,"S"
"HPG","10:06:27",27,0,100,3249700,"S"
"HPG","10:06:26",27,0,200,3249600,"S"
"HPG","10:06:25",27,0,1700,3249400,"B"
"HPG","10:06:23",27,0,2200,3247700,"B"
"HPG","10:06:20",27,0,5000,3245500,"B"
"HPG","10:06:18",27,0,2000,3240500,"B"
"HPG","10:06:18",27,0,100,3238500,"B"
"HPG","10:06:17",27,0,6000,3238400,"B"
"HPG","10:06:16",27,0,2500,3232400,"B"
"HPG","10:06:14",27,0,20000,3229900,"B"
"HPG","10:06:14",27,0,10000,3209900,"B"
"HPG","10:06:06",27,0,2100,3199900,"B"
"HPG","10:06:06",27,0,20000,3197800,"B"
"HPG","10:06:02",27,0,100,3177800,"B"
"HPG","10:06:01",27,0,1000,3177700,"B"
"HPG","10:05:53",27,0,3600,3176700,"B"
"HPG","10:05:46",27,0,23000,3173100,"B"
"HPG","10:05:40",27,0,1600,3150100,"B"
"HPG","10:05:38",27,0,1200,3148500,"B"
"HPG","10:05:37",27,0,1500,3147300,"B"
"HPG","10:05:36",27,0,200,3145800,"B"
"HPG","10:05:33",27,0,1000,3145600,"B"
"HPG","10:05:30",27,0,100,3144600,"B"
"HPG","10:05:28",27,0,1800,3144500,"B"
"HPG","10:05:17",27,0,2000,3142700,"B"
"HPG","10:05:13",27,0,300,3140700,"B"
"HPG","10:05:06",27,0,5400,3140400,"B"
"HPG","10:05:05",27,0,1700,3135000,"B"
"HPG","10:05:04",27.05,0.05,500,3133300,"S"
"HPG","10:05:02",27,0,2000,3132800,"B"
"HPG","10:05:00",27,0,20000,3130800,"B"
"HPG","10:04:59",27,0,1700,3110800,"B"
"HPG","10:04:55",27,0,1700,3109100,"B"
"HPG","10:04:49",27,0,3000,3107400,"B"
"HPG","10:04:45",27,0,1800,3104400,"B"
"HPG","10:04:34",27,0,2000,3102600,"B"
"HPG","10:04:29",27,0,7200,3100600,"B"
"HPG","10:04:23",27,0,2500,3093400,"B"
"HPG","10:04:18",27,0,1600,3090900,"B"
"HPG","10:04:07",27,0,2500,3089300,"B"
"HPG","10:03:57",27,0,200,3086800,"B"
"HPG","10:03:52",27,0,2400,3086600,"B"
"HPG","10:03:48",27,0,2000,3084200,"B"
"HPG","10:03:38",27,0,1500,3082200,"B"
"HPG","10:03:36",27,0,1700,3080700,"B"
"HPG","10:03:29",27,0,2000,3079000,"B"
"HPG","10:03:16",27,0,3100,3077000,"B"
"HPG","10:03:06",27,0,500,3073900,"B"
"HPG","10:03:05",27,0,1700,3073400,"B"
"HPG","10:02:55",27,0,1600,3071700,"B"
"HPG","10:02:54",27,0,1700,3070100,"B"
"HPG","10:02:48",27,0,300,3068400,"B"
"HPG","10:02:44",27.05,0.05,300,3068100,"S"
"HPG","10:02:44",27,0,2300,3067800,"B"
"HPG","10:02:43",27,0,15900,3065500,"B"
"HPG","10:02:38",27,0,900,3049600,"B"
"HPG","10:02:33",27,0,2000,3048700,"B"
"HPG","10:02:24",27,0,500,3046700,"B"
"HPG","10:02:15",27,0,8400,3046200,"S"
"HPG","10:02:13",26.95,-0.05,1700,3037800,"B"
"HPG","10:02:13",27,0,2000,3036100,"S"
"HPG","10:02:10",27,0,3000,3034100,"S"
"HPG","10:02:08",27,0,500,3031100,"S"
"HPG","10:02:06",27,0,1000,3030600,"S"
"HPG","10:02:00",27,0,1000,3029600,"S"
"HPG","10:01:57",27,0,5500,3028600,"B"
"HPG","10:01:53",27,0,1000,3008600,"S"
"HPG","10:01:44",27,0,4500,3007600,"B"
"HPG","10:01:38",27,0,5200,3003100,"S"
"HPG","10:01:38",27,0,1400,2997900,"S"
"HPG","10:01:36",27,0,500,2996500,"S"
"HPG","10:01:11",27,0,500,2996000,"S"
"HPG","10:01:09",27,0,5000,2995500,"S"
"HPG","10:01:06",27,0,800,2990500,"S"
"HPG","10:01:00",27,0,100,2989700,"S"
"HPG","10:01:00",26.95,-0.05,700,2989600,"B"
"HPG","10:00:57",27,0,100,2988900,"S"
"HPG","10:00:56",27,0,2000,2988800,"S"
"HPG","10:00:50",27,0,1000,2986800,"S"
"HPG","10:00:49",26.95,-0.05,1700,2985800,"B"
"HPG","10:00:42",27,0,46100,2984100,"B"
"HPG","10:00:06",27,0,1600,2938000,"B"
"HPG","10:00:03",27,0,2000,2936400,"B"
"HPG","09:59:57",27,0,10300,2934400,"S"
"HPG","09:59:55",27,0,2000,2924100,"S"
"HPG","09:59:54",27,0,1000,2922100,"S"
"HPG","09:59:49",27,0,1000,2921100,"S"
"HPG","09:59:47",27,0,100,2920100,"S"
"HPG","09:59:42",27,0,5000,2920000,"S"
"HPG","09:59:36",27,0,10000,2915000,"S"
"HPG","09:59:28",27,0,300,2905000,"S"
"HPG","09:59:28",26.95,-0.05,100,2904700,"B"
"HPG","09:59:26",27,0,1000,2904600,"S"
"HPG","09:59:25",27,0,100,2902000,"S"
"HPG","09:59:24",27,0,15000,2901900,"S"
"HPG","09:59:13",27,0,2000,2886900,"S"
"HPG","09:59:08",27,0,100,2884900,"S"
"HPG","09:59:00",27,0,15000,2884800,"S"
"HPG","09:58:52",27,0,1000,2869800,"S"
"HPG","09:58:49",27,0,300,2868800,"S"
"HPG","09:58:49",26.95,-0.05,2000,2868500,"B"
"HPG","09:58:45",26.95,-0.05,3600,2866500,"B"
"HPG","09:58:44",26.95,-0.05,1700,2862900,"B"
"HPG","09:58:42",27,0,10000,2861200,"S"
"HPG","09:58:38",27,0,100,2851200,"S"
"HPG","09:58:37",26.95,-0.05,1000,2851100,"B"
"HPG","09:58:22",27,0,1000,2850100,"S"
"HPG","09:58:20",27,0,1000,2849100,"S"
"HPG","09:58:17",27,0,100,2848100,"S"
"HPG","09:58:12",27,0,3000,2848000,"S"
"HPG","09:58:03",26.95,-0.05,1600,2845000,"B"
"HPG","09:57:44",27,0,200,2843400,"S"
"HPG","09:57:39",27,0,200,2843200,"S"
"HPG","09:57:33",27,0,6600,2843000,"B"
"HPG","09:57:26",27,0,200,2836400,"B"
"HPG","09:57:21",27,0,1700,2836200,"B"
"HPG","09:57:13",27,0,8000,2834500,"B"
"HPG","09:56:58",27,0,5000,2826500,"B"
"HPG","09:56:46",27,0,1900,2821500,"B"
"HPG","09:56:44",27.05,0.05,2000,2819600,"S"
"HPG","09:56:33",27,0,11400,2817600,"B"
"HPG","09:56:32",27,0,100,2806200,"B"
"HPG","09:56:20",27,0,2300,2806100,"S"
"HPG","09:56:19",27,0,5000,2803800,"S"
"HPG","09:56:16",27,0,100000,2798800,"S"
"HPG","09:56:15",27,0,500,2698800,"S"
"HPG","09:55:59",27,0,1000,2698300,"S"
"HPG","09:55:58",27,0,600,2697300,"S"
"HPG","09:55:52",27,0,5000,2696700,"S"
"HPG","09:55:48",27,0,100000,2691700,"S"
"HPG","09:55:48",27,0,3000,2591700,"S"
"HPG","09:55:28",27,0,26600,2588700,"S"
"HPG","09:55:27",27,0,73400,2562100,"S"
"HPG","09:55:17",26.95,-0.05,1600,2488700,"B"
"HPG","09:55:15",27,0,200,2487100,"S"
"HPG","09:55:09",26.95,-0.05,1500,2486900,"B"
"HPG","09:54:57",27,0,400,2485400,"S"
"HPG","09:54:56",26.95,-0.05,2000,2485000,"B"
"HPG","09:54:49",27,0,1000,2483000,"S"
"HPG","09:54:35",26.95,-0.05,1700,2482000,"B"
"HPG","09:54:28",27,0,4500,2480300,"S"
"HPG","09:54:14",27,0,400,2475800,"S"
