"symbol","time","price","change","vol","total","side"
"HQC","14:45:00",3.6,0.11,531300,11966700,
"HQC","14:29:58",3.59,0.1,1900,11435400,"S"
"HQC","14:29:58",3.59,0.1,1000,11433500,"S"
"HQC","14:29:57",3.59,0.1,1200,11432500,"S"
"HQC","14:29:52",3.59,0.1,10400,11431300,"S"
"HQC","14:29:50",3.59,0.1,8000,11420900,"S"
"HQC","14:29:48",3.59,0.1,12900,11412900,"S"
"HQC","14:29:45",3.59,0.1,103000,11400000,"S"
"HQC","14:29:38",3.59,0.1,5000,11297000,"S"
"HQC","14:29:36",3.59,0.1,1100,11292000,"S"
"HQC","14:29:35",3.59,0.1,12000,11290900,"S"
"HQC","14:29:34",3.58,0.09,500,11278900,"B"
"HQC","14:29:31",3.59,0.1,100,11278400,"S"
"HQC","14:29:28",3.58,0.09,300,11278300,"B"
"HQC","14:29:10",3.59,0.1,100,11278000,"S"
"HQC","14:29:02",3.58,0.09,100,11277900,"B"
"HQC","14:29:00",3.58,0.09,1500,11277800,"B"
"HQC","14:28:54",3.58,0.09,1000,11276300,"B"
"HQC","14:28:53",3.59,0.1,100,11275300,"S"
"HQC","14:28:46",3.58,0.09,3500,11275200,"B"
"HQC","14:28:40",3.58,0.09,500,11271700,"B"
"HQC","14:28:37",3.58,0.09,1000,11271200,"B"
"HQC","14:28:33",3.59,0.1,1800,11270200,"S"
"HQC","14:28:19",3.59,0.1,600,11268400,"S"
"HQC","14:28:04",3.58,0.09,600,11267800,"S"
"HQC","14:28:03",3.58,0.09,5000,11267200,"S"
"HQC","14:28:01",3.58,0.09,2000,11262200,"S"
"HQC","14:27:59",3.58,0.09,20000,11260200,"S"
"HQC","14:27:57",3.58,0.09,30000,11240200,"S"
"HQC","14:27:55",3.58,0.09,21000,11210200,"S"
"HQC","14:27:54",3.58,0.09,65100,11189200,"S"
"HQC","14:27:53",3.58,0.09,34900,11124100,"S"
"HQC","14:27:51",3.58,0.09,5000,11089200,"S"
"HQC","14:27:45",3.58,0.09,12100,11084200,"S"
"HQC","14:27:45",3.58,0.09,1000,11072100,"S"
"HQC","14:27:28",3.57,0.08,1000,11071100,"B"
"HQC","14:26:49",3.57,0.08,47600,11070100,"B"
"HQC","14:26:47",3.58,0.09,300,11022500,"S"
"HQC","14:26:29",3.58,0.09,5000,11022200,"S"
"HQC","14:26:28",3.58,0.09,4000,11017200,"S"
"HQC","14:26:26",3.58,0.09,2000,11013200,"S"
"HQC","14:26:18",3.58,0.09,30000,11011200,"S"
"HQC","14:26:17",3.58,0.09,2000,10981200,"S"
"HQC","14:26:10",3.58,0.09,28000,10979200,"S"
"HQC","14:26:06",3.58,0.09,5000,10951200,"S"
"HQC","14:26:03",3.58,0.09,4200,10946200,"S"
"HQC","14:25:55",3.58,0.09,1000,10942000,"S"
"HQC","14:25:42",3.58,0.09,25000,10941000,"S"
"HQC","14:25:39",3.58,0.09,2000,10916000,"S"
"HQC","14:25:34",3.58,0.09,200,10914000,"S"
"HQC","14:25:26",3.58,0.09,2800,10913800,"S"
"HQC","14:25:22",3.58,0.09,20000,10911000,"S"
"HQC","14:25:17",3.58,0.09,2000,10891000,"S"
"HQC","14:24:55",3.58,0.09,10000,10889000,"S"
"HQC","14:24:22",3.58,0.09,1000,10879000,"S"
"HQC","14:24:19",3.57,0.08,5000,10878000,"B"
"HQC","14:24:10",3.57,0.08,200,10873000,"B"
"HQC","14:23:52",3.57,0.08,4000,10872800,"B"
"HQC","14:23:52",3.58,0.09,100,10868800,"S"
"HQC","14:23:34",3.57,0.08,20100,10868700,"S"
"HQC","14:23:33",3.57,0.08,100,10848600,"S"
"HQC","14:23:26",3.56,0.07,1000,10848500,"B"
"HQC","14:23:26",3.57,0.08,8100,10847500,"S"
"HQC","14:23:26",3.57,0.08,3600,10839400,"S"
"HQC","14:23:20",3.57,0.08,14300,10835800,"S"
"HQC","14:23:16",3.57,0.08,6200,10821500,"S"
"HQC","14:23:09",3.57,0.08,100,10815300,"S"
"HQC","14:23:01",3.57,0.08,5000,10815200,"S"
"HQC","14:23:00",3.57,0.08,1000,10810200,"S"
"HQC","14:22:55",3.57,0.08,500,10809200,"S"
"HQC","14:22:51",3.57,0.08,5000,10808700,"S"
"HQC","14:22:43",3.57,0.08,600,10803700,"S"
"HQC","14:22:40",3.57,0.08,2500,10803100,"S"
"HQC","14:22:30",3.56,0.07,20600,10800600,"B"
"HQC","14:22:24",3.57,0.08,10000,10780000,"S"
"HQC","14:22:21",3.57,0.08,100,10770000,"S"
"HQC","14:21:56",3.57,0.08,5000,10769900,"S"
"HQC","14:21:51",3.56,0.07,100,10764900,"B"
"HQC","14:21:40",3.56,0.07,100,10764800,"B"
"HQC","14:21:36",3.56,0.07,20000,10764700,"B"
"HQC","14:21:18",3.56,0.07,5700,10739700,"B"
"HQC","14:21:12",3.56,0.07,700,10734000,"B"
"HQC","14:20:43",3.56,0.07,5000,10733300,"B"
"HQC","14:20:28",3.56,0.07,10000,10728300,"B"
"HQC","14:20:26",3.56,0.07,300,10718300,"B"
"HQC","14:20:23",3.56,0.07,1000,10718000,"B"
"HQC","14:20:15",3.56,0.07,100,10717000,"B"
"HQC","14:20:07",3.56,0.07,5000,10716900,"B"
"HQC","14:20:01",3.56,0.07,1200,10711900,"B"
"HQC","14:19:51",3.56,0.07,300,10710700,"B"
"HQC","14:19:47",3.56,0.07,14500,10710400,"B"
"HQC","14:18:53",3.56,0.07,400,10695900,"B"
"HQC","14:18:33",3.57,0.08,100,10695500,"S"
"HQC","14:18:22",3.56,0.07,1000,10695400,"B"
"HQC","14:18:17",3.57,0.08,2000,10694400,"S"
"HQC","14:17:50",3.56,0.07,1000,10692400,"B"
"HQC","14:17:37",3.56,0.07,3100,10691400,"S"
"HQC","14:17:26",3.56,0.07,1000,10688300,"S"
"HQC","14:17:11",3.56,0.07,45500,10687300,"B"
"HQC","14:16:59",3.57,0.08,12700,10641800,"B"
"HQC","14:16:56",3.57,0.08,300,10629100,"B"
"HQC","14:16:52",3.57,0.08,1000,10628800,"B"
"HQC","14:16:43",3.57,0.08,300,10627800,"B"
"HQC","14:16:32",3.57,0.08,3000,10627500,"B"
"HQC","14:15:59",3.57,0.08,2000,10624500,"B"
"HQC","14:15:52",3.57,0.08,2000,10622500,"B"
"HQC","14:15:41",3.57,0.08,4000,10620500,"B"
"HQC","14:15:26",3.57,0.08,5000,10616500,"B"
"HQC","14:15:18",3.57,0.08,10000,10611500,"B"
"HQC","14:15:14",3.58,0.09,500,10601500,"S"
"HQC","14:15:12",3.57,0.08,4000,10601000,"B"
"HQC","14:14:57",3.57,0.08,500,10597000,"B"
"HQC","14:14:51",3.57,0.08,2000,10596500,"B"
"HQC","14:14:50",3.57,0.08,2500,10594500,"B"
"HQC","14:14:49",3.57,0.08,3000,10592000,"B"
"HQC","14:14:42",3.57,0.08,10000,10589000,"B"
"HQC","14:14:23",3.57,0.08,4000,10579000,"B"
"HQC","14:14:12",3.57,0.08,1000,10575000,"B"
"HQC","14:14:11",3.57,0.08,800,10574000,"B"
"HQC","14:13:52",3.57,0.08,1500,10573200,"B"
"HQC","14:13:48",3.57,0.08,1800,10571700,"S"
"HQC","14:13:40",3.57,0.08,300,10569900,"B"
"HQC","14:13:39",3.58,0.09,3000,10569600,"S"
"HQC","14:13:36",3.57,0.08,200,10566600,"S"
"HQC","14:13:33",3.57,0.08,28700,10566400,"S"
"HQC","14:13:26",3.57,0.08,500,10537700,"S"
"HQC","14:13:15",3.57,0.08,85700,10537200,"S"
"HQC","14:13:15",3.56,0.07,200,10451500,"B"
"HQC","14:12:40",3.57,0.08,3000,10451300,"S"
"HQC","14:12:31",3.56,0.07,500,10448300,"B"
"HQC","14:12:29",3.57,0.08,2100,10447800,"S"
"HQC","14:12:05",3.57,0.08,21000,10445700,"S"
"HQC","14:11:56",3.56,0.07,1000,10424700,"B"
"HQC","14:11:51",3.56,0.07,2000,10423700,"B"
"HQC","14:11:39",3.57,0.08,35700,10421700,"S"
"HQC","14:11:26",3.57,0.08,100,10386000,"S"
"HQC","14:11:20",3.57,0.08,400,10385900,"S"
"HQC","14:11:15",3.57,0.08,200,10385500,"S"
"HQC","14:11:04",3.57,0.08,3200,10385300,"S"
"HQC","14:10:55",3.57,0.08,5000,10382100,"S"
"HQC","14:10:47",3.57,0.08,70000,10377100,"S"
"HQC","14:10:44",3.57,0.08,1200,10307100,"S"
"HQC","14:10:19",3.56,0.07,500,10305900,"B"
"HQC","14:10:12",3.56,0.07,29700,10305400,"S"
"HQC","14:09:57",3.56,0.07,10000,10275700,"S"
"HQC","14:09:30",3.56,0.07,100,10265700,"S"
"HQC","14:09:27",3.55,0.06,68800,10265600,"B"
"HQC","14:09:27",3.55,0.06,28300,10196800,"B"
"HQC","14:09:27",3.56,0.07,2900,10168500,"B"
"HQC","14:09:25",3.56,0.07,100,10165600,"S"
"HQC","14:09:24",3.55,0.06,74200,10165500,"B"
"HQC","14:09:24",3.56,0.07,26300,10091300,"B"
"HQC","14:09:13",3.56,0.07,1800,10065000,"B"
"HQC","14:09:10",3.56,0.07,500,10063200,"B"
"HQC","14:09:09",3.56,0.07,600,10062700,"B"
"HQC","14:09:09",3.56,0.07,900,10062100,"B"
"HQC","14:08:58",3.56,0.07,5000,10061200,"B"
"HQC","14:08:55",3.56,0.07,20000,10056200,"B"
"HQC","14:08:54",3.56,0.07,500,10036200,"B"
"HQC","14:08:52",3.56,0.07,3500,10035700,"B"
"HQC","14:08:48",3.56,0.07,10600,10032200,"B"
"HQC","14:08:44",3.56,0.07,10000,10021600,"B"
"HQC","14:08:39",3.56,0.07,7000,10011600,"B"
"HQC","14:08:32",3.56,0.07,400,10004600,"B"
"HQC","14:08:30",3.56,0.07,200,10004200,"B"
"HQC","14:08:27",3.56,0.07,5000,10004000,"B"
"HQC","14:08:07",3.56,0.07,3000,9999000,"B"
"HQC","14:08:06",3.56,0.07,100,9996000,"B"
"HQC","14:08:05",3.57,0.08,5000,9995900,"S"
"HQC","14:07:52",3.56,0.07,500,9990900,"B"
"HQC","14:07:34",3.56,0.07,10000,9990400,"B"
"HQC","14:07:33",3.56,0.07,1000,9980400,"B"
"HQC","14:07:32",3.56,0.07,1300,9979400,"B"
"HQC","14:07:29",3.56,0.07,1000,9978100,"B"
"HQC","14:07:21",3.56,0.07,100,9977100,"B"
"HQC","14:07:21",3.56,0.07,200,9977000,"B"
"HQC","14:07:12",3.56,0.07,1000,9976800,"B"
"HQC","14:07:04",3.56,0.07,13000,9975800,"B"
"HQC","14:06:53",3.56,0.07,800,9962800,"B"
"HQC","14:06:50",3.56,0.07,100,9962000,"B"
"HQC","14:06:49",3.56,0.07,73400,9961900,"S"
"HQC","14:06:18",3.56,0.07,2000,9888500,"S"
"HQC","14:06:17",3.56,0.07,1000,9886500,"S"
"HQC","14:06:11",3.56,0.07,3000,9885500,"S"
"HQC","14:06:07",3.56,0.07,400,9882500,"S"
"HQC","14:06:04",3.55,0.06,300,9882100,"B"
"HQC","14:06:01",3.56,0.07,5000,9881800,"S"
"HQC","14:05:50",3.56,0.07,50000,9876800,"S"
"HQC","14:05:32",3.56,0.07,26000,9826800,"B"
"HQC","14:05:11",3.56,0.07,4300,9800800,"S"
"HQC","14:05:06",3.56,0.07,17000,9796500,"S"
"HQC","14:05:06",3.56,0.07,1000,9779500,"S"
"HQC","14:04:58",3.56,0.07,1400,9778500,"S"
"HQC","14:04:53",3.56,0.07,500,9777100,"S"
"HQC","14:04:49",3.56,0.07,200,9776600,"S"
"HQC","14:04:39",3.56,0.07,1200,9776400,"S"
"HQC","14:04:32",3.56,0.07,8400,9775200,"B"
"HQC","14:04:21",3.56,0.07,1600,9766800,"S"
"HQC","14:04:06",3.56,0.07,30000,9765200,"S"
"HQC","14:03:53",3.56,0.07,1400,9735200,"S"
"HQC","14:03:44",3.56,0.07,5900,9733800,"S"
"HQC","14:03:41",3.56,0.07,10000,9727900,"S"
"HQC","14:03:22",3.56,0.07,200,9717900,"S"
"HQC","14:02:46",3.55,0.06,100,9717700,"B"
"HQC","14:02:30",3.56,0.07,200,9717600,"S"
"HQC","14:02:19",3.56,0.07,54900,9717400,"B"
"HQC","14:02:18",3.56,0.07,11600,9662500,"B"
"HQC","14:02:15",3.56,0.07,25000,9650900,"B"
"HQC","14:01:54",3.56,0.07,300,9625900,"B"
"HQC","14:01:54",3.57,0.08,300,9625600,"S"
"HQC","14:01:53",3.56,0.07,3200,9625300,"B"
"HQC","14:01:49",3.57,0.08,32000,9622100,"S"
"HQC","14:01:13",3.56,0.07,2000,9590100,"B"
"HQC","14:00:38",3.56,0.07,10000,9588100,"B"
"HQC","13:59:54",3.57,0.08,11000,9578100,"S"
"HQC","13:59:50",3.57,0.08,5000,9567100,"S"
"HQC","13:58:57",3.57,0.08,1000,9562100,"S"
"HQC","13:58:40",3.57,0.08,5000,9561100,"S"
"HQC","13:57:46",3.56,0.07,93100,9556100,"S"
"HQC","13:57:39",3.55,0.06,1500,9463000,"B"
"HQC","13:57:08",3.55,0.06,8600,9461500,"S"
"HQC","13:56:51",3.55,0.06,500,9452900,"S"
"HQC","13:55:54",3.55,0.06,200,9452400,"S"
"HQC","13:55:53",3.55,0.06,1000,9452200,"S"
"HQC","13:55:46",3.55,0.06,100,9451200,"S"
"HQC","13:55:17",3.55,0.06,1000,9451100,"S"
"HQC","13:55:15",3.55,0.06,1000,9450100,"S"
"HQC","13:54:59",3.55,0.06,10000,9449100,"S"
"HQC","13:54:38",3.55,0.06,10000,9439100,"B"
"HQC","13:53:50",3.56,0.07,2100,9429100,"S"
"HQC","13:53:49",3.55,0.06,2900,9427000,"S"
"HQC","13:53:44",3.55,0.06,1800,9424100,"B"
"HQC","13:53:33",3.55,0.06,25000,9422300,"B"
"HQC","13:52:56",3.56,0.07,3000,9397300,"S"
"HQC","13:52:55",3.55,0.06,3900,9394300,"B"
"HQC","13:52:49",3.55,0.06,200,9390400,"B"
"HQC","13:52:19",3.56,0.07,5000,9390200,"S"
"HQC","13:52:07",3.55,0.06,200,9385200,"B"
"HQC","13:51:58",3.56,0.07,300,9385000,"S"
"HQC","13:51:57",3.55,0.06,2200,9384700,"B"
"HQC","13:51:54",3.55,0.06,1100,9382500,"B"
"HQC","13:51:47",3.56,0.07,500,9381400,"S"
"HQC","13:51:24",3.55,0.06,10000,9380900,"B"
"HQC","13:51:13",3.56,0.07,500,9370900,"S"
"HQC","13:51:08",3.56,0.07,2000,9370400,"S"
"HQC","13:50:50",3.56,0.07,4800,9368400,"S"
"HQC","13:50:47",3.56,0.07,1000,9363600,"S"
"HQC","13:50:42",3.55,0.06,200,9362600,"B"
"HQC","13:50:03",3.55,0.06,10000,9362400,"B"
"HQC","13:50:03",3.56,0.07,2900,9352400,"S"
"HQC","13:49:39",3.55,0.06,2000,9349500,"B"
"HQC","13:49:27",3.55,0.06,2000,9347500,"B"
"HQC","13:49:24",3.56,0.07,1000,9345500,"S"
"HQC","13:49:02",3.56,0.07,100,9344500,"S"
"HQC","13:48:58",3.56,0.07,147200,9344400,"B"
"HQC","13:48:35",3.56,0.07,10000,9197200,"B"
"HQC","13:48:10",3.56,0.07,2000,9187200,"B"
"HQC","13:47:42",3.57,0.08,4500,9185200,"S"
"HQC","13:47:28",3.57,0.08,200,9180700,"S"
"HQC","13:47:08",3.57,0.08,100,9180500,"S"
"HQC","13:47:04",3.57,0.08,5000,9180400,"S"
"HQC","13:46:52",3.57,0.08,100,9175400,"S"
"HQC","13:46:47",3.56,0.07,2000,9175300,"B"
"HQC","13:46:42",3.57,0.08,100,9173300,"S"
"HQC","13:46:38",3.57,0.08,2000,9173200,"S"
"HQC","13:46:31",3.57,0.08,41700,9171200,"B"
"HQC","13:46:27",3.57,0.08,1000,9129500,"B"
"HQC","13:46:24",3.57,0.08,1000,9128500,"B"
"HQC","13:46:23",3.57,0.08,3000,9127500,"B"
"HQC","13:46:22",3.57,0.08,10000,9124500,"B"
"HQC","13:46:21",3.57,0.08,50000,9114500,"B"
"HQC","13:46:19",3.57,0.08,1500,9064500,"B"
"HQC","13:46:13",3.57,0.08,1000,9063000,"B"
"HQC","13:46:09",3.57,0.08,3000,9062000,"B"
"HQC","13:46:04",3.57,0.08,400,9059000,"B"
"HQC","13:45:53",3.57,0.08,500,9058600,"B"
"HQC","13:45:46",3.57,0.08,100,9058100,"B"
"HQC","13:45:45",3.57,0.08,2900,9058000,"B"
"HQC","13:45:41",3.58,0.09,2000,9055100,"S"
"HQC","13:45:33",3.58,0.09,3000,9053100,"S"
"HQC","13:45:15",3.58,0.09,3200,9050100,"S"
"HQC","13:45:13",3.58,0.09,2900,9046900,"S"
"HQC","13:44:40",3.58,0.09,1000,9044000,"S"
"HQC","13:44:11",3.57,0.08,9800,9043000,"S"
"HQC","13:44:10",3.57,0.08,150000,9033200,"S"
"HQC","13:44:03",3.57,0.08,65000,8883200,"S"
"HQC","13:44:02",3.57,0.08,100,8818200,"S"
"HQC","13:43:59",3.57,0.08,300,8818100,"S"
"HQC","13:43:47",3.57,0.08,2000,8817800,"S"
"HQC","13:43:47",3.56,0.07,2000,8815800,"B"
"HQC","13:43:38",3.56,0.07,500,8813800,"B"
"HQC","13:43:01",3.56,0.07,30000,8813300,"B"
"HQC","13:42:46",3.56,0.07,300,8783300,"B"
"HQC","13:42:35",3.56,0.07,300,8783000,"B"
"HQC","13:42:28",3.56,0.07,2600,8782700,"B"
"HQC","13:42:19",3.56,0.07,200,8780100,"B"
"HQC","13:42:12",3.56,0.07,1000,8779900,"B"
"HQC","13:41:41",3.56,0.07,2000,8778900,"B"
"HQC","13:41:26",3.56,0.07,30000,8776900,"B"
"HQC","13:41:20",3.56,0.07,5000,8746900,"B"
"HQC","13:41:12",3.56,0.07,3500,8741900,"B"
"HQC","13:40:41",3.56,0.07,1000,8738400,"B"
"HQC","13:40:39",3.57,0.08,1500,8737400,"S"
"HQC","13:40:34",3.56,0.07,100,8735900,"B"
"HQC","13:40:32",3.57,0.08,800,8735800,"S"
"HQC","13:40:31",3.56,0.07,50000,8735000,"B"
"HQC","13:40:10",3.56,0.07,10000,8685000,"B"
"HQC","13:40:10",3.57,0.08,200,8675000,"S"
"HQC","13:40:05",3.57,0.08,2200,8674800,"S"
"HQC","13:40:00",3.56,0.07,10100,8672600,"B"
"HQC","13:39:50",3.56,0.07,3000,8662500,"B"
"HQC","13:39:47",3.56,0.07,20000,8659500,"B"
"HQC","13:39:30",3.56,0.07,2400,8639500,"B"
"HQC","13:38:56",3.56,0.07,200,8637100,"B"
"HQC","13:38:48",3.56,0.07,1200,8636900,"B"
"HQC","13:38:43",3.56,0.07,5200,8635700,"B"
"HQC","13:38:37",3.56,0.07,100,8630500,"B"
"HQC","13:38:24",3.56,0.07,2000,8630400,"B"
"HQC","13:38:16",3.56,0.07,1000,8628400,"B"
"HQC","13:37:43",3.56,0.07,20300,8627400,"B"
"HQC","13:37:24",3.56,0.07,200,8607100,"B"
"HQC","13:37:05",3.56,0.07,7700,8606900,"B"
"HQC","13:36:39",3.56,0.07,200,8599200,"B"
"HQC","13:36:01",3.56,0.07,500,8599000,"B"
"HQC","13:35:45",3.56,0.07,1000,8598500,"B"
"HQC","13:35:44",3.56,0.07,11500,8597500,"B"
"HQC","13:34:52",3.56,0.07,8100,8586000,"S"
"HQC","13:34:51",3.56,0.07,91900,8577900,"B"
"HQC","13:34:33",3.56,0.07,6500,8486000,"B"
"HQC","13:34:31",3.57,0.08,1600,8479500,"S"
"HQC","13:34:23",3.56,0.07,20000,8477900,"B"
"HQC","13:34:14",3.57,0.08,5000,8457900,"S"
"HQC","13:34:10",3.56,0.07,10000,8452900,"B"
"HQC","13:33:58",3.56,0.07,10000,8442900,"B"
"HQC","13:32:56",3.56,0.07,13200,8432900,"S"
"HQC","13:32:52",3.56,0.07,10000,8419700,"S"
"HQC","13:32:43",3.56,0.07,600,8409700,"S"
"HQC","13:32:41",3.56,0.07,10000,8409100,"S"
"HQC","13:32:38",3.56,0.07,2100,8399100,"S"
"HQC","13:32:28",3.56,0.07,34000,8397000,"S"
"HQC","13:32:27",3.56,0.07,400,8363000,"S"
"HQC","13:32:27",3.56,0.07,9000,8362600,"S"
"HQC","13:32:23",3.56,0.07,100,8353600,"S"
"HQC","13:32:18",3.56,0.07,5000,8353500,"S"
"HQC","13:32:06",3.56,0.07,20000,8348500,"S"
"HQC","13:31:42",3.55,0.06,100,8328500,"B"
"HQC","13:30:41",3.55,0.06,3000,8328400,"B"
"HQC","13:30:38",3.55,0.06,400,8325400,"B"
"HQC","13:30:29",3.56,0.07,3000,8325000,"S"
"HQC","13:30:07",3.56,0.07,5000,8322000,"S"
"HQC","13:30:00",3.55,0.06,2900,8317000,"B"
"HQC","13:29:51",3.56,0.07,91700,8314100,"S"
"HQC","13:29:45",3.55,0.06,14300,8222400,"S"
"HQC","13:29:35",3.55,0.06,2800,8208100,"S"
"HQC","13:29:33",3.55,0.06,10000,8205300,"S"
"HQC","13:29:10",3.55,0.06,100,8195300,"S"
"HQC","13:28:46",3.55,0.06,5000,8195200,"S"
"HQC","13:27:54",3.55,0.06,400,8190200,"S"
"HQC","13:27:36",3.55,0.06,3000,8189800,"S"
"HQC","13:27:29",3.55,0.06,100,8186800,"S"
"HQC","13:27:13",3.55,0.06,100,8186700,"S"
"HQC","13:26:55",3.55,0.06,1000,8186600,"S"
"HQC","13:26:44",3.55,0.06,100,8185600,"S"
"HQC","13:26:40",3.55,0.06,2000,8185500,"S"
"HQC","13:26:23",3.55,0.06,1000,8183500,"S"
"HQC","13:25:49",3.55,0.06,300,8182500,"S"
"HQC","13:25:45",3.55,0.06,2700,8182200,"S"
"HQC","13:25:34",3.55,0.06,20000,8179500,"S"
"HQC","13:25:25",3.55,0.06,3000,8159500,"S"
"HQC","13:24:44",3.55,0.06,10000,8156500,"S"
"HQC","13:24:28",3.55,0.06,1800,8146500,"S"
"HQC","13:23:55",3.55,0.06,300,8144700,"S"
"HQC","13:23:46",3.55,0.06,100,8144400,"S"
"HQC","13:23:31",3.55,0.06,200,8144300,"S"
"HQC","13:23:29",3.55,0.06,100,8144100,"B"
"HQC","13:23:26",3.56,0.07,4000,8144000,"S"
"HQC","13:23:19",3.55,0.06,100,8140000,"B"
"HQC","13:23:18",3.55,0.06,4000,8139900,"B"
"HQC","13:23:14",3.55,0.06,300,8135900,"B"
"HQC","13:23:11",3.56,0.07,4000,8135600,"S"
"HQC","13:23:09",3.55,0.06,1900,8131600,"B"
"HQC","13:23:01",3.55,0.06,7000,8129700,"B"
"HQC","13:22:54",3.55,0.06,200,8122700,"B"
"HQC","13:22:43",3.55,0.06,100,8122500,"B"
"HQC","13:22:39",3.55,0.06,100,8122400,"B"
"HQC","13:22:38",3.55,0.06,100,8122300,"B"
"HQC","13:22:34",3.55,0.06,10000,8122200,"B"
"HQC","13:22:32",3.56,0.07,5000,8112200,"S"
"HQC","13:22:31",3.55,0.06,100,8107200,"B"
"HQC","13:22:16",3.55,0.06,100000,8107100,"B"
"HQC","13:21:59",3.55,0.06,10000,8007100,"B"
"HQC","13:21:17",3.55,0.06,1000,7997100,"B"
"HQC","13:20:16",3.56,0.07,2300,7996100,"B"
"HQC","13:20:00",3.56,0.07,1500,7993800,"B"
"HQC","13:19:59",3.56,0.07,200,7992300,"B"
"HQC","13:19:34",3.56,0.07,100,7992100,"B"
"HQC","13:19:32",3.56,0.07,900,7992000,"S"
"HQC","13:19:28",3.56,0.07,5000,7991100,"S"
"HQC","13:19:24",3.56,0.07,1800,7986100,"S"
"HQC","13:19:20",3.56,0.07,43000,7984300,"S"
"HQC","13:18:53",3.56,0.07,5000,7941300,"S"
"HQC","13:18:46",3.56,0.07,100,7936300,"S"
"HQC","13:18:45",3.56,0.07,500,7936200,"S"
"HQC","13:18:44",3.56,0.07,30300,7935700,"S"
"HQC","13:18:38",3.56,0.07,10000,7905400,"S"
"HQC","13:18:28",3.56,0.07,5000,7895400,"S"
"HQC","13:18:07",3.56,0.07,7500,7890400,"S"
"HQC","13:18:05",3.56,0.07,200,7882900,"S"
"HQC","13:17:47",3.56,0.07,200,7882700,"S"
"HQC","13:17:21",3.55,0.06,10800,7882500,"B"
"HQC","13:17:21",3.56,0.07,200,7871700,"B"
"HQC","13:17:20",3.56,0.07,1800,7871500,"S"
"HQC","13:17:18",3.56,0.07,1000,7869700,"S"
"HQC","13:17:09",3.56,0.07,10100,7868700,"S"
"HQC","13:16:57",3.56,0.07,100,7858600,"S"
"HQC","13:16:35",3.56,0.07,50000,7858500,"S"
"HQC","13:16:26",3.56,0.07,200,7808500,"S"
"HQC","13:15:58",3.55,0.06,1000,7808300,"B"
"HQC","13:15:55",3.56,0.07,20000,7807300,"S"
"HQC","13:15:14",3.56,0.07,2000,7787300,"S"
"HQC","13:15:08",3.55,0.06,6000,7785300,"S"
"HQC","13:15:07",3.55,0.06,6300,7779300,"B"
"HQC","13:15:00",3.55,0.06,10700,7773000,"B"
"HQC","13:14:33",3.55,0.06,100,7762300,"B"
"HQC","13:14:30",3.55,0.06,600,7762200,"B"
"HQC","13:14:23",3.55,0.06,4500,7761600,"S"
"HQC","13:14:19",3.55,0.06,1400,7757100,"S"
"HQC","13:14:19",3.55,0.06,100,7755700,"B"
"HQC","13:14:15",3.55,0.06,4900,7755600,"S"
"HQC","13:14:14",3.55,0.06,100,7750700,"S"
"HQC","13:14:08",3.55,0.06,50000,7750600,"S"
"HQC","13:14:04",3.55,0.06,19600,7700600,"S"
"HQC","13:14:04",3.55,0.06,400,7681000,"S"
"HQC","13:13:59",3.55,0.06,10000,7680600,"S"
"HQC","13:13:33",3.55,0.06,10000,7670600,"S"
"HQC","13:13:10",3.54,0.05,100,7660600,"B"
"HQC","13:12:57",3.54,0.05,2000,7660500,"B"
"HQC","13:12:44",3.54,0.05,400,7658500,"S"
"HQC","13:12:39",3.54,0.05,4600,7658100,"B"
"HQC","13:12:32",3.54,0.05,500,7653500,"B"
"HQC","13:11:55",3.54,0.05,5600,7653000,"B"
"HQC","13:11:48",3.54,0.05,2200,7647400,"S"
"HQC","13:11:46",3.54,0.05,1000,7645200,"S"
"HQC","13:11:33",3.54,0.05,1300,7644200,"S"
"HQC","13:11:26",3.54,0.05,5500,7642900,"B"
"HQC","13:11:24",3.54,0.05,500,7637400,"B"
"HQC","13:11:17",3.54,0.05,1000,7636900,"B"
"HQC","13:10:25",3.54,0.05,100,7635900,"B"
"HQC","13:10:23",3.54,0.05,2500,7635800,"B"
"HQC","13:10:08",3.54,0.05,300,7633300,"S"
"HQC","13:09:35",3.54,0.05,9900,7633000,"B"
"HQC","13:09:10",3.54,0.05,15000,7623100,"B"
"HQC","13:09:08",3.54,0.05,3500,7608100,"B"
"HQC","13:08:58",3.54,0.05,800,7604600,"B"
"HQC","13:08:50",3.54,0.05,30000,7603800,"B"
"HQC","13:08:33",3.54,0.05,5700,7573800,"S"
"HQC","13:08:19",3.54,0.05,500,7568100,"S"
"HQC","13:08:10",3.54,0.05,600,7567600,"S"
"HQC","13:08:10",3.54,0.05,800,7567000,"B"
"HQC","13:08:09",3.54,0.05,2000,7566200,"B"
"HQC","13:08:07",3.54,0.05,1200,7564200,"S"
"HQC","13:08:03",3.54,0.05,3000,7563000,"S"
"HQC","13:07:54",3.54,0.05,1000,7560000,"S"
"HQC","13:07:46",3.54,0.05,500,7559000,"S"
"HQC","13:07:46",3.54,0.05,19300,7558500,"B"
"HQC","13:07:30",3.54,0.05,2800,7539200,"S"
"HQC","13:07:16",3.54,0.05,1000,7536400,"S"
"HQC","13:06:56",3.54,0.05,100,7535400,"S"
"HQC","13:06:52",3.54,0.05,31100,7535300,"B"
"HQC","13:06:29",3.54,0.05,4400,7504200,"S"
"HQC","13:06:28",3.54,0.05,600,7499800,"B"
"HQC","13:06:27",3.54,0.05,400,7499200,"S"
"HQC","13:06:25",3.54,0.05,400,7498800,"S"
"HQC","13:06:19",3.54,0.05,5000,7498400,"S"
"HQC","13:05:52",3.54,0.05,6500,7493400,"S"
"HQC","13:05:51",3.54,0.05,16200,7486900,"B"
"HQC","13:05:43",3.54,0.05,1000,7470700,"B"
"HQC","13:05:32",3.55,0.06,900,7469700,"S"
"HQC","13:05:21",3.55,0.06,100,7468800,"S"
"HQC","13:05:06",3.55,0.06,100,7468700,"S"
"HQC","13:04:17",3.55,0.06,4000,7468600,"S"
"HQC","13:04:13",3.55,0.06,5000,7464600,"S"
"HQC","13:04:13",3.54,0.05,5000,7459600,"B"
"HQC","13:03:57",3.54,0.05,3000,7454600,"B"
"HQC","13:03:46",3.55,0.06,2600,7451600,"S"
"HQC","13:03:45",3.54,0.05,500,7449000,"B"
"HQC","13:03:33",3.54,0.05,2000,7448500,"B"
"HQC","13:03:30",3.54,0.05,200,7446500,"B"
"HQC","13:03:28",3.54,0.05,2700,7446300,"B"
"HQC","13:03:20",3.54,0.05,10000,7443600,"B"
"HQC","13:02:49",3.54,0.05,8000,7433600,"B"
"HQC","13:02:37",3.54,0.05,3000,7425600,"B"
"HQC","13:02:34",3.54,0.05,100,7422600,"B"
"HQC","13:02:33",3.54,0.05,100,7422500,"B"
"HQC","13:02:30",3.54,0.05,100,7422400,"B"
"HQC","13:02:28",3.54,0.05,1200,7422300,"B"
"HQC","13:02:17",3.54,0.05,2600,7421100,"B"
"HQC","13:02:14",3.54,0.05,3000,7418500,"B"
"HQC","13:02:10",3.54,0.05,2000,7415500,"B"
"HQC","13:02:07",3.55,0.06,200,7413500,"S"
"HQC","13:01:46",3.54,0.05,5000,7413300,"B"
"HQC","13:01:36",3.55,0.06,1000,7408300,"S"
"HQC","13:01:29",3.54,0.05,2000,7407300,"B"
"HQC","13:00:47",3.55,0.06,300,7405300,"S"
"HQC","13:00:26",3.55,0.06,20500,7405000,"B"
"HQC","13:00:21",3.55,0.06,800,7384500,"B"
"HQC","13:00:19",3.55,0.06,38700,7383700,"S"
"HQC","13:00:19",3.54,0.05,200,7345000,"B"
"HQC","13:00:16",3.54,0.05,600,7344800,"B"
"HQC","13:00:15",3.55,0.06,10000,7344200,"S"
"HQC","13:00:15",3.54,0.05,100,7334200,"B"
"HQC","13:00:14",3.54,0.05,800,7334100,"S"
"HQC","13:00:13",3.54,0.05,100,7333300,"S"
"HQC","13:00:10",3.53,0.04,3500,7333200,"B"
"HQC","13:00:10",3.54,0.05,7500,7329700,"B"
"HQC","13:00:10",3.55,0.06,1500,7322200,"S"
"HQC","13:00:07",3.54,0.05,400,7320700,"B"
"HQC","13:00:05",3.55,0.06,5000,7320300,"S"
"HQC","13:00:02",3.54,0.05,3900,7315300,"B"
"HQC","13:00:01",3.54,0.05,10400,7311400,"B"
"HQC","13:00:01",3.55,0.06,600,7301000,"S"
"HQC","13:00:01",3.54,0.05,400,7300400,"B"
"HQC","13:00:01",3.54,0.05,300,7300000,"B"
"HQC","13:00:01",3.55,0.06,5000,7299700,"S"
"HQC","13:00:01",3.54,0.05,4600,7294700,"B"
"HQC","11:29:56",3.54,0.05,6600,7290100,"S"
"HQC","11:29:46",3.54,0.05,300,7283500,"S"
"HQC","11:29:16",3.54,0.05,43100,7283200,"B"
"HQC","11:27:50",3.54,0.05,50000,7240100,"B"
"HQC","11:27:04",3.54,0.05,15000,7190100,"B"
"HQC","11:26:42",3.55,0.06,1000,7175100,"S"
"HQC","11:25:45",3.55,0.06,500,7174100,"S"
"HQC","11:25:15",3.55,0.06,1000,7173600,"S"
"HQC","11:25:05",3.55,0.06,41900,7172600,"B"
"HQC","11:23:35",3.56,0.07,200,7130700,"S"
"HQC","11:23:03",3.56,0.07,3400,7130500,"S"
"HQC","11:22:24",3.55,0.06,1900,7127100,"S"
"HQC","11:21:49",3.55,0.06,38200,7125200,"B"
"HQC","11:21:25",3.55,0.06,9000,7087000,"B"
"HQC","11:21:13",3.55,0.06,1000,7078000,"B"
"HQC","11:20:33",3.55,0.06,500,7077000,"B"
"HQC","11:20:16",3.56,0.07,3000,7076500,"S"
"HQC","11:20:12",3.56,0.07,100,7073500,"S"
"HQC","11:19:49",3.55,0.06,500,7073400,"B"
"HQC","11:19:46",3.56,0.07,5000,7072900,"S"
"HQC","11:19:35",3.57,0.08,100,7067900,"S"
"HQC","11:18:54",3.57,0.08,1100,7067800,"S"
"HQC","11:18:36",3.57,0.08,8600,7066700,"S"
"HQC","11:18:35",3.55,0.06,41500,7058100,"B"
"HQC","11:18:35",3.56,0.07,8500,7016600,"B"
"HQC","11:18:27",3.56,0.07,200,7008100,"B"
"HQC","11:18:26",3.57,0.08,6000,7007900,"S"
"HQC","11:18:19",3.56,0.07,8300,7001900,"S"
"HQC","11:18:17",3.56,0.07,100,6993600,"S"
"HQC","11:18:14",3.56,0.07,100,6993500,"S"
"HQC","11:18:13",3.56,0.07,3300,6993400,"S"
"HQC","11:17:54",3.56,0.07,100,6990100,"S"
"HQC","11:17:49",3.55,0.06,12900,6990000,"S"
"HQC","11:17:46",3.55,0.06,8000,6977100,"S"
"HQC","11:17:43",3.55,0.06,300,6969100,"S"
"HQC","11:17:41",3.55,0.06,2000,6968800,"S"
"HQC","11:17:36",3.55,0.06,100,6966800,"S"
"HQC","11:17:25",3.55,0.06,100,6966700,"S"
"HQC","11:17:15",3.55,0.06,7000,6966600,"S"
"HQC","11:17:07",3.55,0.06,100,6959600,"S"
"HQC","11:17:04",3.54,0.05,84200,6959500,"S"
"HQC","11:17:02",3.54,0.05,100,6875300,"S"
"HQC","11:17:01",3.54,0.05,31000,6875200,"S"
"HQC","11:16:54",3.54,0.05,100,6844200,"S"
"HQC","11:16:53",3.54,0.05,100,6844100,"S"
"HQC","11:16:42",3.54,0.05,112600,6844000,"S"
"HQC","11:16:17",3.54,0.05,300,6731400,"S"
"HQC","11:15:09",3.54,0.05,1000,6731100,"S"
"HQC","11:14:16",3.53,0.04,3000,6730100,"B"
"HQC","11:14:12",3.54,0.05,20000,6727100,"S"
"HQC","11:13:57",3.53,0.04,10000,6707100,"B"
"HQC","11:13:35",3.54,0.05,100,6697100,"S"
"HQC","11:13:32",3.54,0.05,10000,6697000,"S"
"HQC","11:13:30",3.54,0.05,2200,6687000,"S"
"HQC","11:13:24",3.54,0.05,246600,6684800,"B"
"HQC","11:13:22",3.55,0.06,8500,6438200,"B"
"HQC","11:13:19",3.55,0.06,6000,6429700,"B"
"HQC","11:13:01",3.55,0.06,5000,6423700,"B"
"HQC","11:12:36",3.55,0.06,100000,6418700,"B"
"HQC","11:12:31",3.56,0.07,1000,6318700,"S"
"HQC","11:12:01",3.56,0.07,200,6317700,"S"
"HQC","11:10:48",3.56,0.07,500,6317500,"S"
"HQC","11:10:47",3.56,0.07,1100,6317000,"S"
"HQC","11:10:41",3.56,0.07,500,6315900,"S"
"HQC","11:10:32",3.56,0.07,1000,6315400,"S"
"HQC","11:10:22",3.56,0.07,2000,6314400,"S"
"HQC","11:10:17",3.56,0.07,2000,6312400,"S"
"HQC","11:10:13",3.56,0.07,2000,6310400,"S"
"HQC","11:09:54",3.56,0.07,2000,6308400,"S"
"HQC","11:09:35",3.56,0.07,4500,6306400,"S"
"HQC","11:09:27",3.56,0.07,5000,6301900,"S"
"HQC","11:09:19",3.56,0.07,5000,6296900,"S"
"HQC","11:09:17",3.56,0.07,5000,6291900,"S"
"HQC","11:09:07",3.55,0.06,300,6286900,"B"
"HQC","11:09:02",3.56,0.07,1000,6286600,"S"
"HQC","11:08:27",3.55,0.06,3000,6285600,"B"
"HQC","11:08:00",3.55,0.06,1000,6282600,"B"
"HQC","11:07:19",3.55,0.06,3000,6281600,"B"
"HQC","11:07:06",3.55,0.06,13100,6278600,"S"
"HQC","11:07:01",3.55,0.06,200,6265500,"S"
"HQC","11:06:35",3.55,0.06,700,6265300,"S"
"HQC","11:06:32",3.55,0.06,100,6264600,"S"
"HQC","11:06:12",3.55,0.06,12500,6264500,"S"
"HQC","11:05:37",3.55,0.06,49000,6252000,"B"
"HQC","11:05:19",3.55,0.06,15000,6203000,"B"
"HQC","11:04:58",3.55,0.06,2000,6188000,"B"
"HQC","11:04:52",3.55,0.06,10900,6186000,"S"
"HQC","11:04:31",3.55,0.06,2100,6175100,"S"
"HQC","11:04:22",3.55,0.06,1000,6173000,"S"
"HQC","11:03:59",3.56,0.07,8400,6172000,"B"
"HQC","11:03:48",3.56,0.07,50100,6163600,"S"
"HQC","11:03:48",3.56,0.07,33900,6113500,"S"
"HQC","11:03:48",3.55,0.06,7600,6079600,"S"
"HQC","11:03:44",3.55,0.06,700,6072000,"S"
"HQC","11:03:41",3.55,0.06,18900,6071300,"B"
"HQC","11:03:37",3.55,0.06,200,6052400,"B"
"HQC","11:03:34",3.55,0.06,900,6052200,"S"
"HQC","11:03:18",3.54,0.05,800,6051300,"B"
"HQC","11:03:17",3.55,0.06,1100,6050500,"S"
"HQC","11:03:16",3.55,0.06,2600,6049400,"S"
"HQC","11:03:08",3.55,0.06,300,6046800,"S"
"HQC","11:02:54",3.55,0.06,100,6046500,"S"
"HQC","11:02:51",3.55,0.06,1000,6046400,"S"
"HQC","11:02:31",3.55,0.06,27500,6045400,"B"
"HQC","11:01:44",3.55,0.06,2000,6017900,"B"
"HQC","11:01:05",3.55,0.06,9100,6015900,"S"
"HQC","11:01:03",3.55,0.06,1000,6006800,"S"
"HQC","11:00:37",3.55,0.06,19600,6005800,"B"
"HQC","11:00:29",3.55,0.06,1700,5986200,"B"
"HQC","11:00:19",3.55,0.06,1400,5984500,"B"
"HQC","11:00:17",3.55,0.06,1000,5983100,"B"
"HQC","11:00:10",3.55,0.06,4000,5982100,"B"
"HQC","11:00:07",3.55,0.06,200,5978100,"B"
"HQC","11:00:01",3.55,0.06,1500,5977900,"B"
"HQC","10:59:05",3.55,0.06,3300,5976400,"B"
"HQC","10:58:46",3.55,0.06,7600,5973100,"S"
"HQC","10:58:42",3.55,0.06,400,5965500,"S"
"HQC","10:58:41",3.55,0.06,200,5965100,"S"
"HQC","10:58:32",3.55,0.06,400,5964900,"S"
"HQC","10:57:53",3.55,0.06,1000,5964500,"S"
"HQC","10:57:41",3.55,0.06,21500,5963500,"B"
"HQC","10:57:05",3.55,0.06,1000,5942000,"B"
"HQC","10:56:45",3.55,0.06,5000,5941000,"B"
"HQC","10:56:38",3.55,0.06,1500,5936000,"B"
"HQC","10:56:20",3.56,0.07,6800,5934500,"S"
"HQC","10:56:20",3.55,0.06,1200,5927700,"S"
"HQC","10:56:08",3.55,0.06,300,5926500,"S"
"HQC","10:56:06",3.55,0.06,3000,5926200,"S"
"HQC","10:56:06",3.55,0.06,1300,5923200,"S"
"HQC","10:55:59",3.55,0.06,100,5921900,"S"
"HQC","10:55:56",3.55,0.06,3000,5921800,"S"
"HQC","10:55:54",3.55,0.06,1100,5918800,"B"
"HQC","10:55:37",3.55,0.06,50000,5917700,"B"
"HQC","10:55:25",3.56,0.07,15000,5867700,"S"
"HQC","10:55:00",3.55,0.06,10000,5852700,"B"
"HQC","10:54:45",3.55,0.06,100,5842700,"B"
"HQC","10:54:45",3.56,0.07,43000,5842600,"S"
"HQC","10:54:40",3.55,0.06,6300,5799600,"S"
"HQC","10:54:34",3.55,0.06,200,5793300,"S"
"HQC","10:54:33",3.55,0.06,53500,5793100,"B"
"HQC","10:54:25",3.55,0.06,10000,5739600,"B"
"HQC","10:53:53",3.55,0.06,10000,5729600,"B"
"HQC","10:53:02",3.55,0.06,5000,5719600,"B"
"HQC","10:52:30",3.56,0.07,10000,5714600,"S"
"HQC","10:52:20",3.55,0.06,300,5704600,"B"
"HQC","10:51:51",3.56,0.07,10000,5704300,"S"
"HQC","10:51:40",3.55,0.06,20000,5694300,"B"
"HQC","10:51:39",3.56,0.07,5000,5674300,"S"
"HQC","10:51:32",3.56,0.07,500,5669300,"S"
"HQC","10:51:14",3.56,0.07,1600,5668800,"S"
"HQC","10:50:37",3.56,0.07,300,5667200,"S"
"HQC","10:50:28",3.55,0.06,3000,5666900,"B"
"HQC","10:50:20",3.55,0.06,300,5663900,"B"
"HQC","10:49:45",3.55,0.06,1400,5663600,"S"
"HQC","10:49:40",3.55,0.06,800,5662200,"S"
"HQC","10:49:37",3.55,0.06,5000,5661400,"S"
"HQC","10:49:31",3.55,0.06,6600,5656400,"B"
"HQC","10:49:02",3.55,0.06,2400,5649800,"S"
"HQC","10:48:58",3.55,0.06,5000,5647400,"S"
"HQC","10:48:51",3.55,0.06,5000,5642400,"S"
"HQC","10:48:41",3.55,0.06,8600,5637400,"S"
"HQC","10:48:13",3.54,0.05,24100,5628800,"S"
"HQC","10:48:10",3.54,0.05,2000,5604700,"S"
"HQC","10:48:08",3.54,0.05,10000,5602700,"S"
"HQC","10:48:02",3.54,0.05,100000,5592700,"S"
"HQC","10:47:55",3.54,0.05,5800,5492700,"S"
"HQC","10:47:32",3.54,0.05,100,5486900,"S"
"HQC","10:47:06",3.54,0.05,100,5486800,"S"
"HQC","10:46:43",3.54,0.05,1000,5486700,"S"
"HQC","10:46:40",3.54,0.05,100,5485700,"S"
"HQC","10:46:39",3.54,0.05,2400,5485600,"S"
"HQC","10:46:33",3.54,0.05,100,5483200,"S"
"HQC","10:46:31",3.54,0.05,3000,5483100,"S"
"HQC","10:46:30",3.53,0.04,1200,5480100,"B"
"HQC","10:46:23",3.54,0.05,1000,5478900,"S"
"HQC","10:46:21",3.54,0.05,2100,5477900,"S"
"HQC","10:46:16",3.54,0.05,500,5475800,"S"
"HQC","10:46:11",3.54,0.05,73600,5475300,"B"
"HQC","10:46:11",3.55,0.06,12000,5401700,"B"
"HQC","10:45:42",3.55,0.06,40000,5389700,"B"
"HQC","10:44:20",3.55,0.06,2000,5349700,"B"
"HQC","10:44:01",3.55,0.06,500,5347700,"B"
"HQC","10:43:42",3.55,0.06,1000,5347200,"B"
"HQC","10:43:29",3.56,0.07,500,5346200,"S"
"HQC","10:43:01",3.56,0.07,5000,5345700,"S"
"HQC","10:42:46",3.56,0.07,2100,5340700,"B"
"HQC","10:42:33",3.56,0.07,1000,5338600,"B"
"HQC","10:41:58",3.55,0.06,129100,5337600,"B"
"HQC","10:41:58",3.56,0.07,20900,5208500,"B"
"HQC","10:41:50",3.57,0.08,7000,5187600,"S"
"HQC","10:41:45",3.56,0.07,5000,5180600,"B"
"HQC","10:41:17",3.56,0.07,1000,5175600,"B"
"HQC","10:41:12",3.56,0.07,100,5174600,"B"
"HQC","10:41:04",3.56,0.07,22000,5174500,"B"
"HQC","10:40:26",3.56,0.07,60000,5152500,"B"
"HQC","10:40:02",3.57,0.08,500,5092500,"S"
"HQC","10:39:52",3.57,0.08,100,5092000,"S"
"HQC","10:39:45",3.57,0.08,54500,5091900,"B"
"HQC","10:39:24",3.57,0.08,2000,5037400,"B"
"HQC","10:39:00",3.58,0.09,1500,5035400,"S"
"HQC","10:38:55",3.57,0.08,1000,5033900,"B"
"HQC","10:38:51",3.58,0.09,600,5032900,"S"
"HQC","10:38:43",3.58,0.09,100,5032300,"S"
"HQC","10:38:35",3.58,0.09,20000,5032200,"S"
"HQC","10:38:32",3.58,0.09,5000,5012200,"S"
"HQC","10:38:09",3.58,0.09,10000,5007200,"S"
"HQC","10:38:05",3.57,0.08,900,4997200,"B"
"HQC","10:37:56",3.58,0.09,1700,4996300,"S"
"HQC","10:37:41",3.58,0.09,1500,4994600,"S"
"HQC","10:37:10",3.57,0.08,23200,4993100,"S"
"HQC","10:37:08",3.57,0.08,5000,4969900,"S"
"HQC","10:37:06",3.57,0.08,20000,4964900,"S"
"HQC","10:37:03",3.57,0.08,300,4944900,"S"
"HQC","10:37:01",3.57,0.08,13000,4944600,"S"
"HQC","10:36:58",3.57,0.08,500,4931600,"S"
"HQC","10:36:52",3.57,0.08,5000,4931100,"S"
"HQC","10:36:43",3.57,0.08,35000,4926100,"S"
"HQC","10:36:42",3.57,0.08,200,4891100,"S"
"HQC","10:36:21",3.57,0.08,10000,4890900,"S"
"HQC","10:36:14",3.57,0.08,2000,4880900,"S"
"HQC","10:36:03",3.57,0.08,23400,4878900,"S"
"HQC","10:36:02",3.57,0.08,49100,4855500,"S"
"HQC","10:35:57",3.57,0.08,2900,4806400,"S"
"HQC","10:35:50",3.57,0.08,200,4803500,"S"
"HQC","10:35:25",3.57,0.08,200,4803300,"S"
"HQC","10:34:43",3.56,0.07,1500,4803100,"B"
"HQC","10:34:28",3.56,0.07,4500,4801600,"B"
"HQC","10:34:13",3.56,0.07,900,4797100,"B"
"HQC","10:33:55",3.56,0.07,1000,4796200,"B"
"HQC","10:33:53",3.57,0.08,300,4795200,"S"
"HQC","10:33:32",3.56,0.07,100,4794900,"B"
"HQC","10:32:42",3.57,0.08,2000,4794800,"S"
"HQC","10:32:41",3.56,0.07,2000,4792800,"B"
"HQC","10:32:37",3.56,0.07,15000,4790800,"B"
"HQC","10:32:35",3.56,0.07,10000,4775800,"B"
"HQC","10:32:04",3.57,0.08,10000,4765800,"S"
"HQC","10:31:15",3.56,0.07,1000,4755800,"B"
"HQC","10:31:15",3.57,0.08,1700,4754800,"S"
"HQC","10:31:03",3.56,0.07,1000,4753100,"B"
"HQC","10:30:54",3.57,0.08,2000,4752100,"S"
"HQC","10:30:30",3.56,0.07,300,4750100,"B"
"HQC","10:29:47",3.56,0.07,2000,4749800,"B"
"HQC","10:29:09",3.56,0.07,10000,4747800,"B"
"HQC","10:29:03",3.56,0.07,1000,4737800,"B"
"HQC","10:28:53",3.56,0.07,5600,4736800,"B"
"HQC","10:28:52",3.57,0.08,50000,4731200,"S"
"HQC","10:28:46",3.56,0.07,200,4681200,"B"
"HQC","10:28:43",3.56,0.07,500,4681000,"B"
"HQC","10:28:20",3.56,0.07,4100,4680500,"B"
"HQC","10:27:53",3.57,0.08,500,4676400,"S"
"HQC","10:27:46",3.56,0.07,3000,4675900,"B"
"HQC","10:27:33",3.56,0.07,15000,4672900,"B"
"HQC","10:27:19",3.56,0.07,5000,4657900,"B"
"HQC","10:27:16",3.56,0.07,10000,4652900,"B"
"HQC","10:26:21",3.56,0.07,500,4642900,"B"
"HQC","10:26:07",3.56,0.07,100,4642400,"B"
"HQC","10:26:02",3.56,0.07,5000,4642300,"B"
"HQC","10:25:41",3.57,0.08,5000,4637300,"S"
"HQC","10:25:30",3.57,0.08,5000,4632300,"S"
"HQC","10:24:36",3.57,0.08,18400,4627300,"S"
"HQC","10:24:26",3.56,0.07,5000,4608900,"B"
"HQC","10:24:25",3.57,0.08,2000,4603900,"S"
"HQC","10:24:11",3.57,0.08,600,4601900,"S"
"HQC","10:23:59",3.56,0.07,500,4601300,"B"
"HQC","10:23:55",3.56,0.07,900,4600800,"B"
"HQC","10:23:47",3.56,0.07,1000,4599900,"B"
"HQC","10:23:07",3.56,0.07,3600,4598900,"B"
"HQC","10:22:55",3.56,0.07,20000,4595300,"B"
"HQC","10:22:40",3.56,0.07,3000,4575300,"B"
"HQC","10:22:20",3.56,0.07,1000,4572300,"B"
"HQC","10:22:12",3.56,0.07,5000,4571300,"B"
"HQC","10:22:06",3.57,0.08,20000,4566300,"S"
"HQC","10:21:44",3.56,0.07,500,4546300,"B"
"HQC","10:21:08",3.56,0.07,46700,4545800,"B"
"HQC","10:20:54",3.57,0.08,114300,4499100,"B"
"HQC","10:20:43",3.57,0.08,500,4384800,"B"
"HQC","10:20:25",3.57,0.08,1000,4384300,"B"
"HQC","10:20:24",3.57,0.08,100,4383300,"B"
"HQC","10:20:04",3.57,0.08,10000,4383200,"B"
"HQC","10:20:01",3.57,0.08,11700,4373200,"S"
"HQC","10:19:44",3.57,0.08,200,4361500,"S"
"HQC","10:19:40",3.56,0.07,10000,4361300,"B"
"HQC","10:19:27",3.57,0.08,100,4351300,"S"
"HQC","10:19:25",3.56,0.07,10000,4351200,"B"
"HQC","10:19:22",3.58,0.09,2300,4341200,"S"
"HQC","10:19:22",3.57,0.08,7700,4338900,"S"
"HQC","10:19:18",3.57,0.08,100,4331200,"S"
"HQC","10:19:17",3.57,0.08,22500,4331100,"S"
"HQC","10:19:16",3.57,0.08,100,4308600,"S"
"HQC","10:19:05",3.57,0.08,1400,4308500,"S"
"HQC","10:18:55",3.57,0.08,3800,4307100,"S"
"HQC","10:18:32",3.57,0.08,5300,4303300,"B"
"HQC","10:18:30",3.57,0.08,1100,4298000,"B"
"HQC","10:18:21",3.58,0.09,100,4296900,"S"
"HQC","10:18:21",3.57,0.08,50000,4296800,"B"
"HQC","10:18:10",3.57,0.08,6000,4246800,"B"
"HQC","10:18:07",3.57,0.08,300,4240800,"B"
"HQC","10:18:03",3.57,0.08,500,4240500,"B"
"HQC","10:18:02",3.57,0.08,600,4240000,"B"
"HQC","10:17:57",3.57,0.08,2700,4239400,"B"
"HQC","10:17:42",3.57,0.08,1000,4236700,"B"
"HQC","10:17:19",3.57,0.08,1500,4235700,"B"
"HQC","10:17:09",3.58,0.09,1000,4234200,"S"
"HQC","10:17:04",3.58,0.09,10000,4233200,"S"
"HQC","10:16:55",3.58,0.09,3000,4223200,"S"
"HQC","10:16:54",3.57,0.08,3000,4220200,"B"
"HQC","10:16:44",3.58,0.09,2700,4217200,"S"
"HQC","10:16:27",3.58,0.09,100,4214500,"S"
"HQC","10:16:19",3.58,0.09,5000,4214400,"S"
"HQC","10:16:04",3.58,0.09,27900,4209400,"S"
"HQC","10:16:00",3.58,0.09,100,4181500,"S"
"HQC","10:15:56",3.58,0.09,20000,4181400,"S"
"HQC","10:15:51",3.58,0.09,10000,4161400,"S"
"HQC","10:15:43",3.58,0.09,83200,4151400,"S"
"HQC","10:15:38",3.58,0.09,5000,4068200,"S"
"HQC","10:15:29",3.58,0.09,10700,4063200,"S"
"HQC","10:15:29",3.57,0.08,4300,4052500,"S"
"HQC","10:15:24",3.57,0.08,20000,4048200,"S"
"HQC","10:15:23",3.57,0.08,75700,4028200,"B"
"HQC","10:15:09",3.58,0.09,1500,3952500,"S"
"HQC","10:15:01",3.58,0.09,500,3951000,"S"
"HQC","10:15:01",3.58,0.09,28000,3950500,"S"
"HQC","10:14:50",3.58,0.09,13900,3922500,"B"
"HQC","10:14:49",3.58,0.09,20000,3908600,"B"
"HQC","10:14:47",3.58,0.09,80000,3888600,"B"
"HQC","10:14:45",3.58,0.09,300,3808600,"B"
"HQC","10:14:41",3.58,0.09,1000,3808300,"B"
"HQC","10:14:40",3.59,0.1,30000,3807300,"S"
"HQC","10:14:37",3.58,0.09,10000,3777300,"B"
"HQC","10:14:35",3.58,0.09,1000,3767300,"B"
"HQC","10:14:29",3.58,0.09,1100,3766300,"B"
"HQC","10:14:27",3.58,0.09,10000,3765200,"B"
"HQC","10:14:25",3.58,0.09,500,3755200,"B"
"HQC","10:14:16",3.58,0.09,1000,3754700,"B"
"HQC","10:14:10",3.58,0.09,1200,3753700,"B"
"HQC","10:14:09",3.58,0.09,20000,3752500,"B"
"HQC","10:14:09",3.58,0.09,1000,3732500,"B"
"HQC","10:14:06",3.58,0.09,1000,3731500,"B"
"HQC","10:14:05",3.58,0.09,300,3730500,"B"
"HQC","10:13:57",3.58,0.09,100,3730200,"B"
"HQC","10:13:48",3.58,0.09,1000,3730100,"B"
"HQC","10:13:29",3.58,0.09,1000,3729100,"B"
"HQC","10:13:27",3.58,0.09,200,3728100,"B"
"HQC","10:13:26",3.58,0.09,10000,3727900,"B"
"HQC","10:13:19",3.58,0.09,5000,3717900,"B"
"HQC","10:13:18",3.58,0.09,100,3712900,"B"
"HQC","10:13:16",3.58,0.09,100,3712800,"B"
"HQC","10:13:06",3.58,0.09,5500,3712700,"B"
"HQC","10:13:06",3.58,0.09,4500,3707200,"B"
"HQC","10:12:55",3.58,0.09,400,3702700,"B"
"HQC","10:12:50",3.58,0.09,5600,3702300,"S"
"HQC","10:12:49",3.58,0.09,4400,3696700,"B"
"HQC","10:12:47",3.58,0.09,30000,3692300,"B"
"HQC","10:12:44",3.58,0.09,50000,3662300,"B"
"HQC","10:12:42",3.58,0.09,500,3612300,"B"
"HQC","10:12:39",3.58,0.09,2000,3611800,"B"
"HQC","10:12:26",3.58,0.09,13200,3609800,"S"
"HQC","10:12:25",3.58,0.09,1000,3596600,"S"
"HQC","10:12:21",3.58,0.09,10000,3595600,"S"
"HQC","10:12:20",3.58,0.09,2900,3585600,"S"
"HQC","10:12:17",3.58,0.09,4000,3582700,"S"
"HQC","10:12:17",3.58,0.09,10000,3578700,"S"
"HQC","10:12:14",3.58,0.09,100,3568700,"S"
"HQC","10:12:11",3.57,0.08,100,3568600,"B"
"HQC","10:12:10",3.58,0.09,11700,3568500,"S"
"HQC","10:12:08",3.58,0.09,3000,3556800,"S"
"HQC","10:11:56",3.58,0.09,5000,3553800,"S"
"HQC","10:11:44",3.58,0.09,71900,3548800,"S"
"HQC","10:11:44",3.57,0.08,28100,3476900,"S"
"HQC","10:11:43",3.57,0.08,10000,3448800,"S"
"HQC","10:11:39",3.57,0.08,15100,3438800,"B"
"HQC","10:11:38",3.57,0.08,46800,3423700,"B"
"HQC","10:11:32",3.57,0.08,6000,3376900,"B"
"HQC","10:11:29",3.58,0.09,200,3370900,"S"
"HQC","10:11:25",3.58,0.09,600,3370700,"S"
"HQC","10:11:17",3.58,0.09,12700,3370100,"B"
"HQC","10:11:13",3.58,0.09,47300,3357400,"S"
"HQC","10:11:11",3.58,0.09,18900,3310100,"S"
"HQC","10:11:09",3.58,0.09,33800,3291200,"B"
"HQC","10:10:56",3.58,0.09,5400,3257400,"S"
"HQC","10:10:55",3.58,0.09,181900,3252000,"S"
"HQC","10:10:54",3.57,0.08,100,3070100,"B"
"HQC","10:10:49",3.58,0.09,10000,3070000,"S"
"HQC","10:10:45",3.57,0.08,300,3060000,"B"
"HQC","10:10:38",3.57,0.08,2000,3059700,"B"
"HQC","10:10:31",3.57,0.08,100,3057700,"B"
"HQC","10:10:28",3.57,0.08,1400,3057600,"B"
"HQC","10:10:03",3.57,0.08,1000,3056200,"B"
"HQC","10:10:02",3.57,0.08,12000,3055200,"B"
"HQC","10:09:35",3.57,0.08,34600,3043200,"S"
"HQC","10:09:34",3.57,0.08,10000,3008600,"S"
"HQC","10:09:32",3.57,0.08,2000,2998600,"S"
"HQC","10:09:22",3.57,0.08,600,2996600,"S"
"HQC","10:09:13",3.57,0.08,1000,2996000,"S"
"HQC","10:09:04",3.56,0.07,100,2995000,"B"
"HQC","10:08:44",3.56,0.07,1000,2994900,"S"
"HQC","10:08:33",3.56,0.07,3000,2993900,"S"
"HQC","10:08:30",3.56,0.07,5500,2990900,"B"
"HQC","10:08:24",3.56,0.07,24500,2985400,"S"
"HQC","10:08:22",3.56,0.07,5000,2960900,"S"
"HQC","10:08:18",3.55,0.06,500,2955900,"B"
"HQC","10:08:15",3.56,0.07,600,2955400,"S"
"HQC","10:08:03",3.55,0.06,16600,2954800,"S"
"HQC","10:07:58",3.55,0.06,11000,2938200,"S"
"HQC","10:07:52",3.55,0.06,300,2927200,"S"
"HQC","10:07:52",3.55,0.06,500,2926900,"S"
"HQC","10:07:51",3.55,0.06,6000,2926400,"S"
"HQC","10:07:33",3.55,0.06,5000,2920400,"S"
"HQC","10:07:31",3.55,0.06,500,2915400,"S"
"HQC","10:07:26",3.55,0.06,1000,2914900,"S"
"HQC","10:06:39",3.55,0.06,100,2913900,"S"
"HQC","10:06:27",3.55,0.06,2000,2913800,"S"
"HQC","10:06:20",3.55,0.06,1100,2911800,"S"
"HQC","10:06:17",3.55,0.06,1700,2910700,"S"
"HQC","10:06:04",3.54,0.05,400,2909000,"B"
"HQC","10:06:01",3.55,0.06,2100,2908600,"S"
"HQC","10:05:56",3.55,0.06,2300,2906500,"S"
"HQC","10:05:55",3.55,0.06,5000,2904200,"S"
"HQC","10:05:48",3.55,0.06,2000,2899200,"S"
"HQC","10:05:37",3.55,0.06,22800,2897200,"S"
"HQC","10:05:13",3.55,0.06,1000,2874400,"S"
"HQC","10:05:10",3.55,0.06,21000,2873400,"B"
"HQC","10:05:07",3.55,0.06,1700,2852400,"B"
"HQC","10:04:48",3.55,0.06,5000,2850700,"B"
"HQC","10:04:37",3.56,0.07,600,2845700,"S"
"HQC","10:04:19",3.56,0.07,4300,2845100,"B"
"HQC","10:04:16",3.56,0.07,15700,2840800,"S"
"HQC","10:04:11",3.55,0.06,200,2825100,"B"
"HQC","10:04:04",3.56,0.07,1000,2824900,"S"
"HQC","10:03:55",3.56,0.07,10000,2823900,"S"
"HQC","10:02:57",3.56,0.07,1000,2813900,"S"
"HQC","10:02:48",3.56,0.07,200,2812900,"S"
"HQC","10:02:46",3.55,0.06,3000,2812700,"B"
"HQC","10:02:37",3.56,0.07,100,2809700,"S"
"HQC","10:02:34",3.56,0.07,2900,2809600,"B"
"HQC","10:02:11",3.56,0.07,700,2806700,"B"
"HQC","10:01:39",3.56,0.07,50000,2806000,"B"
"HQC","10:01:35",3.57,0.08,600,2756000,"S"
"HQC","10:01:17",3.57,0.08,10000,2755400,"S"
"HQC","10:01:17",3.57,0.08,1800,2745400,"B"
"HQC","10:01:01",3.57,0.08,10000,2743600,"B"
"HQC","10:00:58",3.58,0.09,15000,2733600,"S"
"HQC","10:00:55",3.58,0.09,1000,2718600,"S"
"HQC","10:00:32",3.58,0.09,1000,2717600,"S"
"HQC","10:00:15",3.58,0.09,5000,2716600,"S"
"HQC","10:00:11",3.58,0.09,200,2711600,"S"
"HQC","09:59:56",3.59,0.1,400,2711400,"S"
"HQC","09:59:55",3.58,0.09,14900,2710900,"S"
"HQC","09:59:55",3.57,0.08,7100,2696000,"S"
"HQC","09:59:48",3.57,0.08,42900,2688900,"B"
"HQC","09:59:44",3.59,0.1,12400,2646000,"S"
"HQC","09:59:44",3.58,0.09,600,2633600,"S"
"HQC","09:59:43",3.58,0.09,400,2633000,"B"
"HQC","09:59:41",3.58,0.09,14900,2632600,"S"
"HQC","09:59:40",3.58,0.09,4000,2617700,"S"
"HQC","09:59:38",3.57,0.08,5000,2613700,"B"
"HQC","09:59:33",3.58,0.09,7600,2608700,"B"
"HQC","09:59:24",3.58,0.09,10000,2601100,"B"
"HQC","09:59:22",3.58,0.09,27000,2591100,"B"
"HQC","09:59:19",3.58,0.09,500,2564100,"B"
"HQC","09:59:09",3.58,0.09,1500,2563600,"B"
"HQC","09:59:07",3.58,0.09,4500,2562100,"S"
"HQC","09:59:04",3.58,0.09,2000,2557600,"S"
"HQC","09:59:03",3.58,0.09,600,2555600,"S"
"HQC","09:59:00",3.58,0.09,10000,2555000,"S"
"HQC","09:58:59",3.58,0.09,1000,2545000,"S"
"HQC","09:58:55",3.58,0.09,3000,2544000,"S"
"HQC","09:58:55",3.57,0.08,5000,2541000,"B"
"HQC","09:58:54",3.58,0.09,200,2536000,"S"
"HQC","09:58:43",3.58,0.09,7900,2535800,"B"
"HQC","09:58:37",3.59,0.1,5400,2527900,"S"
"HQC","09:58:35",3.59,0.1,1000,2522500,"S"
"HQC","09:58:32",3.59,0.1,400,2521500,"S"
"HQC","09:58:29",3.59,0.1,200,2521100,"S"
"HQC","09:58:24",3.59,0.1,1000,2520900,"S"
"HQC","09:58:20",3.58,0.09,4900,2519900,"B"
"HQC","09:58:19",3.59,0.1,10000,2515000,"S"
"HQC","09:58:15",3.58,0.09,100,2505000,"B"
"HQC","09:58:07",3.59,0.1,2800,2504900,"S"
"HQC","09:58:05",3.58,0.09,300,2502100,"S"
"HQC","09:58:01",3.58,0.09,300,2501800,"B"
"HQC","09:57:58",3.58,0.09,1500,2501500,"B"
"HQC","09:57:57",3.58,0.09,10500,2500000,"S"
"HQC","09:57:56",3.58,0.09,4000,2489500,"S"
"HQC","09:57:55",3.58,0.09,11100,2485500,"S"
"HQC","09:57:52",3.58,0.09,10000,2474400,"S"
"HQC","09:57:50",3.58,0.09,10000,2464400,"S"
"HQC","09:57:49",3.58,0.09,500,2454400,"S"
"HQC","09:57:48",3.58,0.09,3000,2453900,"S"
"HQC","09:57:46",3.58,0.09,200,2450900,"S"
"HQC","09:57:44",3.58,0.09,1000,2450700,"S"
"HQC","09:57:39",3.58,0.09,3000,2449700,"S"
"HQC","09:57:39",3.58,0.09,3000,2446700,"S"
"HQC","09:57:36",3.58,0.09,5000,2443700,"S"
"HQC","09:57:33",3.58,0.09,3000,2438700,"S"
"HQC","09:57:29",3.58,0.09,5000,2435700,"S"
"HQC","09:57:29",3.57,0.08,1000,2430700,"B"
"HQC","09:57:24",3.58,0.09,10500,2429700,"S"
"HQC","09:57:23",3.58,0.09,5000,2419200,"S"
"HQC","09:57:22",3.57,0.08,1000,2414200,"B"
"HQC","09:57:22",3.58,0.09,10000,2413200,"S"
"HQC","09:57:15",3.57,0.08,5000,2403200,"B"
"HQC","09:57:12",3.57,0.08,4400,2398200,"B"
"HQC","09:57:11",3.58,0.09,2000,2393800,"S"
"HQC","09:57:10",3.58,0.09,10000,2391800,"S"
"HQC","09:57:09",3.57,0.08,3200,2381800,"B"
"HQC","09:57:07",3.58,0.09,7000,2378600,"S"
"HQC","09:57:05",3.57,0.08,300,2371600,"B"
"HQC","09:56:57",3.57,0.08,500,2371300,"B"
"HQC","09:56:56",3.58,0.09,3000,2370800,"S"
"HQC","09:56:54",3.57,0.08,2500,2367800,"B"
"HQC","09:56:53",3.57,0.08,100,2365300,"B"
"HQC","09:56:51",3.57,0.08,5000,2365200,"B"
"HQC","09:56:49",3.57,0.08,1000,2360200,"B"
"HQC","09:56:47",3.57,0.08,100,2359200,"B"
"HQC","09:56:27",3.57,0.08,17200,2359100,"S"
"HQC","09:56:19",3.56,0.07,24900,2341900,"S"
"HQC","09:56:17",3.56,0.07,10000,2317000,"S"
"HQC","09:56:16",3.55,0.06,100,2307000,"B"
"HQC","09:56:15",3.56,0.07,40000,2306900,"S"
"HQC","09:56:12",3.55,0.06,3000,2266900,"B"
"HQC","09:56:11",3.55,0.06,1000,2263900,"B"
"HQC","09:56:10",3.55,0.06,30000,2262900,"B"
"HQC","09:55:59",3.55,0.06,195600,2232900,"S"
"HQC","09:55:45",3.55,0.06,10000,2037300,"S"
"HQC","09:55:39",3.54,0.05,100,2027300,"B"
"HQC","09:55:34",3.54,0.05,200,2027200,"B"
"HQC","09:55:30",3.54,0.05,10000,2027000,"B"
"HQC","09:55:25",3.54,0.05,1000,2017000,"B"
"HQC","09:55:12",3.54,0.05,600,2016000,"B"
"HQC","09:55:01",3.54,0.05,30000,2015400,"B"
"HQC","09:54:56",3.54,0.05,1700,1985400,"B"
"HQC","09:54:46",3.54,0.05,2100,1983700,"B"
"HQC","09:54:40",3.55,0.06,1000,1981600,"S"
"HQC","09:54:35",3.54,0.05,2000,1980600,"B"
"HQC","09:54:35",3.55,0.06,1000,1978600,"S"
"HQC","09:54:20",3.54,0.05,3000,1977600,"B"
"HQC","09:54:19",3.55,0.06,100,1974600,"S"
"HQC","09:54:17",3.54,0.05,20000,1974500,"B"
"HQC","09:54:16",3.54,0.05,11100,1954500,"S"
"HQC","09:54:14",3.54,0.05,1000,1943400,"S"
"HQC","09:54:13",3.54,0.05,2900,1942400,"S"
"HQC","09:54:09",3.54,0.05,30000,1939500,"S"
"HQC","09:54:08",3.54,0.05,200,1909500,"S"
"HQC","09:54:02",3.54,0.05,900,1909300,"S"
"HQC","09:54:02",3.54,0.05,16900,1908400,"B"
"HQC","09:54:00",3.54,0.05,4200,1891500,"B"
"HQC","09:53:48",3.54,0.05,2000,1887300,"B"
"HQC","09:53:47",3.54,0.05,11900,1885300,"S"
"HQC","09:53:42",3.54,0.05,20000,1873400,"S"
"HQC","09:53:36",3.54,0.05,3000,1853400,"S"
"HQC","09:53:26",3.54,0.05,27900,1850400,"S"
"HQC","09:53:17",3.54,0.05,5500,1822500,"B"
"HQC","09:53:08",3.54,0.05,64500,1817000,"S"
"HQC","09:52:55",3.54,0.05,15000,1752500,"S"
"HQC","09:52:18",3.54,0.05,100,1737500,"S"
"HQC","09:51:48",3.54,0.05,4400,1737400,"B"
"HQC","09:51:41",3.54,0.05,600,1733000,"B"
"HQC","09:51:32",3.54,0.05,100,1732400,"B"
"HQC","09:51:32",3.54,0.05,300,1732300,"B"
"HQC","09:51:22",3.54,0.05,100,1732000,"B"
"HQC","09:51:13",3.54,0.05,100,1731900,"B"
"HQC","09:51:11",3.54,0.05,5000,1731800,"B"
"HQC","09:51:10",3.54,0.05,10000,1726800,"B"
"HQC","09:51:06",3.54,0.05,10000,1716800,"B"
"HQC","09:50:56",3.54,0.05,1000,1706800,"B"
"HQC","09:50:51",3.54,0.05,1000,1705800,"B"
"HQC","09:50:45",3.54,0.05,10000,1704800,"B"
"HQC","09:50:43",3.54,0.05,300,1694800,"B"
"HQC","09:50:34",3.54,0.05,3000,1694500,"B"
"HQC","09:50:33",3.55,0.06,200,1691500,"S"
"HQC","09:50:31",3.54,0.05,300,1691300,"B"
"HQC","09:49:49",3.54,0.05,3200,1691000,"S"
"HQC","09:49:45",3.54,0.05,1000,1687800,"S"
"HQC","09:49:37",3.54,0.05,5800,1686800,"B"
"HQC","09:49:32",3.54,0.05,2100,1681000,"B"
"HQC","09:49:30",3.54,0.05,100,1678900,"B"
"HQC","09:49:28",3.54,0.05,2300,1678800,"S"
"HQC","09:49:26",3.54,0.05,100,1676500,"S"
"HQC","09:49:26",3.54,0.05,1000,1676400,"S"
"HQC","09:49:22",3.54,0.05,3000,1675400,"S"
"HQC","09:49:15",3.54,0.05,6000,1672400,"S"
"HQC","09:49:09",3.54,0.05,1000,1666400,"S"
"HQC","09:49:07",3.54,0.05,2000,1665400,"S"
"HQC","09:49:05",3.54,0.05,900,1663400,"S"
"HQC","09:48:55",3.54,0.05,2100,1662500,"S"
"HQC","09:48:54",3.54,0.05,100,1660400,"S"
"HQC","09:48:47",3.54,0.05,900,1660300,"S"
"HQC","09:48:42",3.53,0.04,3200,1659400,"B"
"HQC","09:48:40",3.54,0.05,3000,1656200,"S"
"HQC","09:48:39",3.54,0.05,500,1653200,"S"
"HQC","09:48:37",3.54,0.05,5000,1652700,"S"
"HQC","09:48:36",3.54,0.05,9600,1647700,"S"
"HQC","09:48:35",3.54,0.05,100,1638100,"S"
"HQC","09:48:25",3.54,0.05,1300,1638000,"B"
"HQC","09:48:21",3.54,0.05,1500,1636700,"B"
"HQC","09:48:20",3.55,0.06,300,1635200,"S"
"HQC","09:48:08",3.54,0.05,147200,1634900,"S"
"HQC","09:47:52",3.53,0.04,2500,1487700,"B"
"HQC","09:47:49",3.53,0.04,16400,1485200,"S"
"HQC","09:47:42",3.53,0.04,69300,1468800,"S"
"HQC","09:46:42",3.52,0.03,1500,1399500,"S"
"HQC","09:46:30",3.52,0.03,1000,1398000,"B"
"HQC","09:46:24",3.52,0.03,1500,1397000,"B"
"HQC","09:46:23",3.52,0.03,1000,1395500,"B"
"HQC","09:46:14",3.52,0.03,1000,1394500,"B"
"HQC","09:46:05",3.52,0.03,100,1393500,"B"
"HQC","09:45:58",3.51,0.02,900,1393400,"B"
"HQC","09:45:58",3.52,0.03,100,1392500,"B"
"HQC","09:45:56",3.52,0.03,100,1392400,"S"
"HQC","09:45:53",3.52,0.03,100,1392300,"S"
"HQC","09:45:49",3.52,0.03,20000,1392200,"S"
"HQC","09:45:16",3.52,0.03,1500,1372200,"S"
"HQC","09:45:08",3.52,0.03,1000,1370700,"S"
"HQC","09:44:59",3.52,0.03,5000,1369700,"S"
"HQC","09:44:57",3.52,0.03,700,1364700,"S"
"HQC","09:44:53",3.52,0.03,100,1364000,"S"
"HQC","09:44:50",3.51,0.02,1300,1363900,"B"
"HQC","09:44:44",3.51,0.02,14600,1362600,"S"
"HQC","09:44:42",3.51,0.02,100,1348000,"S"
"HQC","09:44:37",3.51,0.02,300,1347900,"S"
"HQC","09:44:30",3.51,0.02,1000,1347600,"S"
"HQC","09:44:25",3.51,0.02,100,1346600,"S"
"HQC","09:44:23",3.51,0.02,10000,1346500,"S"
"HQC","09:44:03",3.51,0.02,2000,1336500,"S"
"HQC","09:44:01",3.51,0.02,1000,1334500,"S"
"HQC","09:43:34",3.51,0.02,1000,1333500,"S"
"HQC","09:43:27",3.51,0.02,100,1332500,"S"
"HQC","09:43:15",3.51,0.02,2000,1332400,"S"
"HQC","09:43:09",3.51,0.02,100,1330400,"S"
"HQC","09:43:05",3.51,0.02,5000,1330300,"S"
"HQC","09:43:00",3.51,0.02,100,1325300,"S"
"HQC","09:42:48",3.51,0.02,3000,1325200,"S"
"HQC","09:42:46",3.5,0.01,5000,1322200,"B"
"HQC","09:42:37",3.51,0.02,2000,1317200,"S"
"HQC","09:42:28",3.51,0.02,600,1315200,"S"
"HQC","09:42:15",3.51,0.02,300,1314600,"S"
"HQC","09:42:10",3.51,0.02,2000,1314300,"S"
"HQC","09:42:06",3.51,0.02,12100,1312300,"B"
"HQC","09:41:38",3.51,0.02,600,1300200,"B"
"HQC","09:41:35",3.51,0.02,1000,1299600,"B"
"HQC","09:41:32",3.51,0.02,7000,1298600,"B"
"HQC","09:41:26",3.51,0.02,5000,1291600,"B"
"HQC","09:41:25",3.52,0.03,5000,1286600,"S"
"HQC","09:41:14",3.52,0.03,5000,1281600,"S"
"HQC","09:40:57",3.51,0.02,74300,1276600,"S"
"HQC","09:40:48",3.51,0.02,29000,1202300,"S"
"HQC","09:40:47",3.5,0.01,2000,1173300,"B"
"HQC","09:40:43",3.5,0.01,100,1171300,"B"
"HQC","09:40:13",3.5,0.01,100,1171200,"B"
"HQC","09:39:38",3.51,0.02,3000,1171100,"S"
"HQC","09:39:34",3.5,0.01,1500,1168100,"B"
"HQC","09:39:22",3.5,0.01,49200,1166600,"S"
"HQC","09:38:53",3.5,0.01,4800,1117400,"B"
"HQC","09:38:52",3.5,0.01,2200,1112600,"B"
"HQC","09:38:50",3.5,0.01,30000,1110400,"B"
"HQC","09:38:34",3.51,0.02,1000,1080400,"S"
"HQC","09:38:34",3.5,0.01,2000,1079400,"B"
"HQC","09:38:30",3.5,0.01,10000,1077400,"B"
"HQC","09:38:13",3.5,0.01,200,1067400,"B"
"HQC","09:37:30",3.5,0.01,4000,1067200,"B"
"HQC","09:37:22",3.51,0.02,100,1063200,"S"
"HQC","09:37:03",3.51,0.02,100,1063100,"S"
"HQC","09:36:41",3.5,0.01,200,1063000,"B"
"HQC","09:36:16",3.5,0.01,3000,1062800,"B"
"HQC","09:36:13",3.51,0.02,1000,1059800,"S"
"HQC","09:36:02",3.51,0.02,200,1058800,"S"
"HQC","09:35:55",3.51,0.02,200,1058600,"S"
"HQC","09:35:47",3.51,0.02,1400,1058400,"S"
"HQC","09:35:37",3.51,0.02,500,1057000,"S"
"HQC","09:35:34",3.51,0.02,100,1056500,"B"
"HQC","09:35:29",3.51,0.02,300,1056400,"S"
"HQC","09:35:18",3.5,0.01,3000,1056100,"B"
"HQC","09:35:01",3.5,0.01,900,1053100,"S"
"HQC","09:34:58",3.5,0.01,1400,1052200,"S"
"HQC","09:34:57",3.5,0.01,47700,1050800,"B"
"HQC","09:34:46",3.51,0.02,3000,1003100,"S"
"HQC","09:34:40",3.5,0.01,20000,1000100,"B"
"HQC","09:34:24",3.5,0.01,5000,980100,"B"
"HQC","09:34:21",3.5,0.01,20000,975100,"B"
"HQC","09:33:28",3.52,0.03,100,955100,"S"
"HQC","09:32:58",3.52,0.03,6900,955000,"B"
"HQC","09:32:41",3.53,0.04,1500,948100,"S"
"HQC","09:32:40",3.53,0.04,600,946600,"S"
"HQC","09:32:38",3.53,0.04,100,946000,"S"
"HQC","09:32:37",3.52,0.03,12000,945900,"B"
"HQC","09:32:03",3.53,0.04,300,933900,"B"
"HQC","09:32:01",3.53,0.04,1900,933600,"B"
"HQC","09:31:59",3.53,0.04,1000,931700,"B"
"HQC","09:31:49",3.53,0.04,7400,930700,"B"
"HQC","09:31:46",3.53,0.04,20000,923300,"B"
"HQC","09:31:38",3.53,0.04,1700,903300,"B"
"HQC","09:31:12",3.53,0.04,500,901600,"B"
"HQC","09:31:06",3.54,0.05,10000,901100,"S"
"HQC","09:30:58",3.54,0.05,49000,891100,"S"
"HQC","09:30:58",3.53,0.04,1000,842100,"S"
"HQC","09:30:48",3.54,0.05,19000,841100,"S"
"HQC","09:30:48",3.53,0.04,1000,822100,"S"
"HQC","09:30:21",3.52,0.03,200,821100,"B"
"HQC","09:30:15",3.54,0.05,2000,820900,"S"
"HQC","09:29:50",3.54,0.05,8000,818900,"S"
"HQC","09:29:45",3.53,0.04,4400,810900,"B"
"HQC","09:29:44",3.53,0.04,127000,806500,"B"
"HQC","09:29:17",3.54,0.05,17000,679500,"S"
"HQC","09:29:10",3.54,0.05,1000,662500,"S"
"HQC","09:29:01",3.54,0.05,100,661500,"S"
"HQC","09:29:00",3.54,0.05,10000,661400,"S"
"HQC","09:28:59",3.54,0.05,3000,651400,"S"
"HQC","09:28:51",3.53,0.04,200,648400,"B"
"HQC","09:28:48",3.54,0.05,3000,648200,"S"
"HQC","09:28:39",3.54,0.05,46900,645200,"S"
"HQC","09:28:39",3.53,0.04,400,598300,"B"
"HQC","09:28:38",3.54,0.05,40000,597900,"S"
"HQC","09:28:32",3.54,0.05,2000,557900,"S"
"HQC","09:28:20",3.53,0.04,2000,555900,"B"
"HQC","09:28:18",3.54,0.05,6000,553900,"S"
"HQC","09:28:11",3.54,0.05,100,547900,"S"
"HQC","09:28:01",3.53,0.04,2000,547800,"B"
"HQC","09:27:58",3.53,0.04,600,545800,"S"
"HQC","09:27:55",3.53,0.04,4400,545200,"B"
"HQC","09:27:54",3.53,0.04,1000,540800,"B"
"HQC","09:27:50",3.53,0.04,20000,539800,"B"
"HQC","09:27:23",3.53,0.04,300,519800,"B"
"HQC","09:27:17",3.53,0.04,300,519500,"B"
"HQC","09:27:13",3.53,0.04,500,519200,"B"
"HQC","09:26:56",3.54,0.05,200,518700,"S"
"HQC","09:26:53",3.53,0.04,5000,518500,"B"
"HQC","09:26:33",3.53,0.04,1000,513500,"B"
"HQC","09:26:28",3.53,0.04,1500,512500,"B"
"HQC","09:26:24",3.53,0.04,1000,511000,"B"
"HQC","09:26:21",3.53,0.04,10000,510000,"B"
"HQC","09:26:19",3.53,0.04,1700,500000,"B"
"HQC","09:26:11",3.53,0.04,1000,498300,"B"
"HQC","09:25:53",3.53,0.04,1500,497300,"B"
"HQC","09:25:35",3.53,0.04,3000,495800,"S"
"HQC","09:25:15",3.5,0.01,45500,492800,"B"
"HQC","09:25:15",3.51,0.02,1500,447300,"B"
"HQC","09:25:15",3.52,0.03,12000,445800,"B"
"HQC","09:25:14",3.52,0.03,500,433800,"B"
"HQC","09:25:03",3.52,0.03,2500,433300,"S"
"HQC","09:25:01",3.52,0.03,1500,430800,"B"
"HQC","09:24:59",3.52,0.03,2500,429300,"B"
"HQC","09:24:56",3.52,0.03,4300,426800,"S"
"HQC","09:24:48",3.52,0.03,1500,422500,"S"
"HQC","09:24:47",3.52,0.03,300,421000,"S"
"HQC","09:24:42",3.52,0.03,700,420700,"S"
"HQC","09:24:41",3.52,0.03,800,420000,"S"
"HQC","09:24:37",3.52,0.03,100,419200,"S"
"HQC","09:24:34",3.52,0.03,3000,419100,"S"
"HQC","09:24:23",3.52,0.03,7700,416100,"S"
"HQC","09:24:17",3.52,0.03,2000,408400,"S"
"HQC","09:24:14",3.52,0.03,2500,406400,"S"
"HQC","09:24:12",3.52,0.03,300,403900,"S"
"HQC","09:24:03",3.52,0.03,11700,403600,"S"
"HQC","09:24:03",3.51,0.02,3300,391900,"S"
"HQC","09:24:00",3.5,0.01,1000,388600,"B"
"HQC","09:23:50",3.5,0.01,8000,387600,"S"
"HQC","09:23:48",3.5,0.01,1000,379600,"S"
"HQC","09:23:47",3.5,0.01,100,378600,"S"
"HQC","09:23:40",3.5,0.01,10300,378500,"S"
"HQC","09:23:38",3.5,0.01,1000,368200,"S"
"HQC","09:23:32",3.5,0.01,100,367200,"S"
"HQC","09:23:21",3.5,0.01,300,367100,"S"
"HQC","09:23:10",3.5,0.01,400,366800,"S"
"HQC","09:23:07",3.5,0.01,1000,366400,"S"
"HQC","09:22:48",3.5,0.01,800,365400,"S"
"HQC","09:22:40",3.5,0.01,30000,364600,"S"
"HQC","09:22:30",3.49,0,2000,334600,"B"
"HQC","09:22:27",3.49,0,79500,332600,"S"
"HQC","09:22:27",3.48,-0.01,46000,253100,"S"
"HQC","09:22:23",3.48,-0.01,5000,207100,"S"
"HQC","09:22:21",3.48,-0.01,1000,202100,"S"
"HQC","09:22:19",3.48,-0.01,300,201100,"S"
"HQC","09:22:14",3.48,-0.01,100,200800,"S"
"HQC","09:21:56",3.48,-0.01,500,200700,"S"
"HQC","09:21:44",3.48,-0.01,300,200200,"S"
"HQC","09:21:34",3.48,-0.01,100,199900,"S"
"HQC","09:21:33",3.48,-0.01,200,199800,"S"
"HQC","09:21:26",3.48,-0.01,300,199600,"S"
"HQC","09:21:19",3.48,-0.01,100,199300,"S"
"HQC","09:20:41",3.48,-0.01,200,199200,"S"
"HQC","09:20:29",3.47,-0.02,10000,199000,"B"
"HQC","09:20:19",3.47,-0.02,200,189000,"B"
"HQC","09:20:03",3.47,-0.02,2600,188800,"B"
"HQC","09:19:55",3.47,-0.02,500,186200,"B"
"HQC","09:19:36",3.47,-0.02,2900,185700,"S"
"HQC","09:19:33",3.47,-0.02,1000,182800,"S"
"HQC","09:19:22",3.47,-0.02,26100,181800,"B"
"HQC","09:19:20",3.48,-0.01,400,155700,"S"
"HQC","09:19:11",3.47,-0.02,500,155300,"B"
"HQC","09:19:00",3.47,-0.02,3000,154800,"B"
"HQC","09:18:47",3.47,-0.02,1000,151800,"B"
"HQC","09:18:24",3.48,-0.01,300,150800,"S"
"HQC","09:18:21",3.47,-0.02,10000,150500,"B"
"HQC","09:17:54",3.48,-0.01,1400,140500,"B"
"HQC","09:17:50",3.48,-0.01,5000,139100,"B"
"HQC","09:17:40",3.48,-0.01,700,134100,"B"
"HQC","09:17:37",3.49,0,200,133400,"S"
"HQC","09:17:34",3.49,0,1000,133200,"S"
"HQC","09:17:21",3.49,0,5900,132200,"B"
"HQC","09:17:20",3.49,0,2000,126300,"B"
"HQC","09:17:00",3.49,0,1000,124300,"B"
"HQC","09:16:51",3.49,0,1000,123300,"B"
"HQC","09:16:49",3.49,0,4000,122300,"B"
"HQC","09:16:31",3.49,0,4300,118300,"S"
"HQC","09:16:29",3.49,0,2400,114000,"B"
"HQC","09:16:04",3.49,0,400,111600,"B"
"HQC","09:15:52",3.49,0,2300,111200,"S"
"HQC","09:15:46",3.49,0,200,108900,"S"
"HQC","09:15:45",3.49,0,7500,108700,"B"
"HQC","09:15:44",3.49,0,5000,101200,"B"
"HQC","09:15:42",3.49,0,3000,96200,"B"
"HQC","09:15:33",3.49,0,200,93200,"B"
"HQC","09:15:26",3.49,0,500,93000,"B"
"HQC","09:15:09",3.49,0,800,92500,"S"
"HQC","09:15:00",3.48,-0.01,91700,91700,
