"id","symbol","truncTime","matchType","matchVol","matchPrice","accumulatedVolume","createdAt","updatedAt"
151299098,"BCC","1700639101","s","10300","9500","177200","2023-11-22T07:45:04.027Z","2023-11-22T07:45:04.027Z"
151296484,"BCC","1700638166","s","300","9500","166900","2023-11-22T07:29:28.036Z","2023-11-22T07:29:28.036Z"
151287105,"BCC","1700638008","s","1200","9500","166600","2023-11-22T07:26:49.029Z","2023-11-22T07:26:49.029Z"
151283439,"BCC","1700637951","b","1000","9600","165400","2023-11-22T07:25:52.036Z","2023-11-22T07:25:52.036Z"
151279038,"BCC","1700637878","b","400","9600","164400","2023-11-22T07:24:40.027Z","2023-11-22T07:24:40.027Z"
151264141,"BCC","1700637680","s","100","9500","164000","2023-11-22T07:21:21.043Z","2023-11-22T07:21:21.043Z"
151262323,"BCC","1700637660","s","100","9500","163900","2023-11-22T07:21:02.042Z","2023-11-22T07:21:02.042Z"
151248421,"BCC","1700637410","s","1300","9500","163800","2023-11-22T07:16:51.058Z","2023-11-22T07:16:51.058Z"
151238716,"BCC","1700637240","b","4600","9500","162500","2023-11-22T07:14:02.000Z","2023-11-22T07:14:02.000Z"
151237938,"BCC","1700637225","b","1000","9500","157900","2023-11-22T07:13:47.008Z","2023-11-22T07:13:47.008Z"
151230713,"BCC","1700637049","b","1000","9500","156900","2023-11-22T07:10:51.038Z","2023-11-22T07:10:51.038Z"
151226295,"BCC","1700636932","b","1000","9500","155900","2023-11-22T07:08:54.022Z","2023-11-22T07:08:54.022Z"
151224502,"BCC","1700636879","b","700","9500","154900","2023-11-22T07:08:00.987Z","2023-11-22T07:08:00.987Z"
151224364,"BCC","1700636872","b","500","9500","154200","2023-11-22T07:07:54.008Z","2023-11-22T07:07:54.008Z"
151222126,"BCC","1700636785","b","500","9500","153700","2023-11-22T07:06:26.978Z","2023-11-22T07:06:26.978Z"
151220419,"BCC","1700636717","b","500","9500","153200","2023-11-22T07:05:17.981Z","2023-11-22T07:05:17.981Z"
151220053,"BCC","1700636702","b","1500","9500","152700","2023-11-22T07:05:03.981Z","2023-11-22T07:05:03.981Z"
151220010,"BCC","1700636700","b","500","9500","151200","2023-11-22T07:05:01.984Z","2023-11-22T07:05:01.984Z"
151216544,"BCC","1700636582","b","300","9500","150700","2023-11-22T07:03:03.982Z","2023-11-22T07:03:03.982Z"
151215800,"BCC","1700636556","b","100","9500","150400","2023-11-22T07:02:37.999Z","2023-11-22T07:02:37.999Z"
151198178,"BCC","1700636133","s","100","9400","150300","2023-11-22T06:55:35.006Z","2023-11-22T06:55:35.006Z"
151190160,"BCC","1700636047","s","500","9400","150200","2023-11-22T06:54:08.986Z","2023-11-22T06:54:08.986Z"
151188130,"BCC","1700636025","b","100","9500","149700","2023-11-22T06:53:46.987Z","2023-11-22T06:53:46.987Z"
151174963,"BCC","1700635839","s","100","9400","149600","2023-11-22T06:50:41.002Z","2023-11-22T06:50:41.002Z"
151167578,"BCC","1700635598","b","100","9500","149500","2023-11-22T06:46:39.972Z","2023-11-22T06:46:39.972Z"
151150651,"BCC","1700635122","s","800","9500","149400","2023-11-22T06:38:42.970Z","2023-11-22T06:38:42.970Z"
151135074,"BCC","1700634661","b","100","9600","148600","2023-11-22T06:31:02.971Z","2023-11-22T06:31:02.971Z"
151123835,"BCC","1700634348","unknown","100","9500","148500","2023-11-22T06:25:49.968Z","2023-11-22T06:25:49.968Z"
151120677,"BCC","1700634255","s","100","9500","148400","2023-11-22T06:24:16.967Z","2023-11-22T06:24:16.967Z"
151113669,"BCC","1700633992","unknown","5600","9500","148300","2023-11-22T06:19:53.957Z","2023-11-22T06:19:53.957Z"
151109461,"BCC","1700633873","s","4500","9500","142700","2023-11-22T06:17:54.953Z","2023-11-22T06:17:54.953Z"
151108253,"BCC","1700633841","s","300","9500","138200","2023-11-22T06:17:22.956Z","2023-11-22T06:17:22.956Z"
151104259,"BCC","1700633706","s","400","9500","137900","2023-11-22T06:15:07.956Z","2023-11-22T06:15:07.956Z"
151101012,"BCC","1700633566","s","200","9500","137500","2023-11-22T06:12:46.951Z","2023-11-22T06:12:46.951Z"
151100668,"BCC","1700633552","s","500","9500","137300","2023-11-22T06:12:32.950Z","2023-11-22T06:12:32.950Z"
151094505,"BCC","1700633319","s","1000","9500","136800","2023-11-22T06:08:40.959Z","2023-11-22T06:08:40.959Z"
151091809,"BCC","1700633252","s","10300","9500","135800","2023-11-22T06:07:33.954Z","2023-11-22T06:07:33.954Z"
151079502,"BCC","1700632947","s","500","9500","125500","2023-11-22T06:02:28.946Z","2023-11-22T06:02:28.946Z"
151078312,"BCC","1700632919","s","3000","9500","125000","2023-11-22T06:01:59.963Z","2023-11-22T06:01:59.963Z"
151076998,"BCC","1700632889","s","1100","9500","122000","2023-11-22T06:01:30.959Z","2023-11-22T06:01:30.959Z"
151071333,"BCC","1700632818","s","300","9500","120900","2023-11-22T06:00:21.104Z","2023-11-22T06:00:21.104Z"
151062959,"BCC","1700627307","s","100","9500","120600","2023-11-22T04:28:28.864Z","2023-11-22T04:28:28.864Z"
151048364,"BCC","1700626442","b","100","9600","120500","2023-11-22T04:14:03.862Z","2023-11-22T04:14:03.862Z"
151042715,"BCC","1700626119","b","100","9600","120400","2023-11-22T04:08:40.835Z","2023-11-22T04:08:40.835Z"
151017032,"BCC","1700624652","b","5500","9600","120300","2023-11-22T03:44:13.808Z","2023-11-22T03:44:13.808Z"
151013929,"BCC","1700624500","s","3000","9500","114800","2023-11-22T03:41:41.806Z","2023-11-22T03:41:41.806Z"
151001439,"BCC","1700623965","s","100","9500","111800","2023-11-22T03:32:46.801Z","2023-11-22T03:32:46.801Z"
151001087,"BCC","1700623952","b","2000","9500","111700","2023-11-22T03:32:33.797Z","2023-11-22T03:32:33.797Z"
151000990,"BCC","1700623947","b","200","9500","109700","2023-11-22T03:32:28.802Z","2023-11-22T03:32:28.802Z"
151000598,"BCC","1700623931","b","1000","9500","109500","2023-11-22T03:32:12.809Z","2023-11-22T03:32:12.809Z"
151000579,"BCC","1700623930","b","900","9500","108500","2023-11-22T03:32:11.795Z","2023-11-22T03:32:11.795Z"
150999838,"BCC","1700623916","b","200","9500","107600","2023-11-22T03:31:57.804Z","2023-11-22T03:31:57.804Z"
150996835,"BCC","1700623809","b","10000","9500","107400","2023-11-22T03:30:10.804Z","2023-11-22T03:30:10.804Z"
150993836,"BCC","1700623693","b","2000","9500","97400","2023-11-22T03:28:14.798Z","2023-11-22T03:28:14.798Z"
150991668,"BCC","1700623624","b","1000","9500","95400","2023-11-22T03:27:05.844Z","2023-11-22T03:27:05.844Z"
150990408,"BCC","1700623587","b","100","9500","94400","2023-11-22T03:26:27.794Z","2023-11-22T03:26:27.794Z"
150986703,"BCC","1700623493","b","100","9500","94300","2023-11-22T03:24:54.793Z","2023-11-22T03:24:54.793Z"
150986276,"BCC","1700623481","b","1000","9500","94200","2023-11-22T03:24:42.793Z","2023-11-22T03:24:42.793Z"
150984942,"BCC","1700623454","b","10000","9500","93200","2023-11-22T03:24:15.817Z","2023-11-22T03:24:15.817Z"
150984780,"BCC","1700623450","b","300","9500","83200","2023-11-22T03:24:11.812Z","2023-11-22T03:24:11.812Z"
150981660,"BCC","1700623375","b","3000","9500","82900","2023-11-22T03:22:56.808Z","2023-11-22T03:22:56.808Z"
150981625,"BCC","1700623374","b","200","9500","79900","2023-11-22T03:22:55.803Z","2023-11-22T03:22:55.803Z"
150979403,"BCC","1700623323","b","1000","9500","79700","2023-11-22T03:22:03.822Z","2023-11-22T03:22:03.822Z"
150979145,"BCC","1700623317","s","17500","9500","78700","2023-11-22T03:21:57.794Z","2023-11-22T03:21:57.794Z"
150974464,"BCC","1700623219","s","300","9500","61200","2023-11-22T03:20:19.806Z","2023-11-22T03:20:19.806Z"
150967807,"BCC","1700623071","s","1000","9500","60900","2023-11-22T03:17:51.802Z","2023-11-22T03:17:51.802Z"
150954931,"BCC","1700622733","s","500","9500","59900","2023-11-22T03:12:14.795Z","2023-11-22T03:12:14.795Z"
150945419,"BCC","1700622330","s","500","9500","59400","2023-11-22T03:05:32.783Z","2023-11-22T03:05:32.783Z"
150937692,"BCC","1700622060","s","5800","9500","58900","2023-11-22T03:01:02.781Z","2023-11-22T03:01:02.781Z"
150921336,"BCC","1700621707","s","500","9500","53100","2023-11-22T02:55:09.800Z","2023-11-22T02:55:09.800Z"
150920043,"BCC","1700621675","s","21800","9500","52600","2023-11-22T02:54:36.789Z","2023-11-22T02:54:36.789Z"
150905179,"BCC","1700621111","b","2000","9600","30800","2023-11-22T02:45:12.775Z","2023-11-22T02:45:12.775Z"
150890016,"BCC","1700620576","b","100","9600","28800","2023-11-22T02:36:17.758Z","2023-11-22T02:36:17.758Z"
150886077,"BCC","1700620448","b","200","9600","28700","2023-11-22T02:34:10.754Z","2023-11-22T02:34:10.754Z"
150878339,"BCC","1700620202","s","8200","9600","28500","2023-11-22T02:30:02.772Z","2023-11-22T02:30:02.772Z"
150877100,"BCC","1700620162","s","10700","9600","20300","2023-11-22T02:29:24.750Z","2023-11-22T02:29:24.750Z"
150872247,"BCC","1700620014","s","100","9600","9600","2023-11-22T02:26:56.773Z","2023-11-22T02:26:56.773Z"
150868491,"BCC","1700619908","s","200","9600","9500","2023-11-22T02:25:10.757Z","2023-11-22T02:25:10.757Z"
150868002,"BCC","1700619891","s","100","9600","9300","2023-11-22T02:24:53.749Z","2023-11-22T02:24:53.749Z"
150867720,"BCC","1700619879","s","100","9600","9200","2023-11-22T02:24:41.739Z","2023-11-22T02:24:41.739Z"
150866314,"BCC","1700619840","s","2000","9600","9100","2023-11-22T02:24:01.756Z","2023-11-22T02:24:01.756Z"
150864822,"BCC","1700619796","b","5400","9600","7100","2023-11-22T02:23:17.748Z","2023-11-22T02:23:17.748Z"
150862009,"BCC","1700619724","b","100","9600","1700","2023-11-22T02:22:06.751Z","2023-11-22T02:22:06.751Z"
150860982,"BCC","1700619698","b","100","9600","1600","2023-11-22T02:21:39.766Z","2023-11-22T02:21:39.766Z"
150859316,"BCC","1700619652","b","500","9600","1500","2023-11-22T02:20:53.745Z","2023-11-22T02:20:53.745Z"
150858448,"BCC","1700619620","s","1000","9500","1000","2023-11-22T02:20:21.745Z","2023-11-22T02:20:21.745Z"
