"id","symbol","truncTime","matchType","matchVol","matchPrice","accumulatedVolume","createdAt","updatedAt"
151299199,"BMI","1700639093","unknown","4600","21500","88200","2023-11-22T07:45:08.045Z","2023-11-22T07:45:08.045Z"
151287866,"BMI","1700638010","b","300","21500","83600","2023-11-22T07:27:04.022Z","2023-11-22T07:27:04.022Z"
151285779,"BMI","1700637974","b","100","21500","83000","2023-11-22T07:26:28.035Z","2023-11-22T07:26:28.035Z"
151285778,"BMI","1700637974","b","200","21500","83000","2023-11-22T07:26:28.035Z","2023-11-22T07:26:28.035Z"
151281228,"BMI","1700637902","b","1000","21450","78300","2023-11-22T07:25:17.017Z","2023-11-22T07:25:17.017Z"
151281227,"BMI","1700637902","b","1000","21450","78300","2023-11-22T07:25:17.017Z","2023-11-22T07:25:17.017Z"
151281226,"BMI","1700637902","b","2700","21450","78300","2023-11-22T07:25:17.017Z","2023-11-22T07:25:17.017Z"
151271453,"BMI","1700637761","b","300","21450","78000","2023-11-22T07:22:55.045Z","2023-11-22T07:22:55.045Z"
151245457,"BMI","1700637354","b","1000","21450","77000","2023-11-22T07:16:08.009Z","2023-11-22T07:16:08.009Z"
151240576,"BMI","1700637268","b","1900","21450","77000","2023-11-22T07:14:42.019Z","2023-11-22T07:14:42.019Z"
151239752,"BMI","1700637248","b","100","21450","74100","2023-11-22T07:14:22.007Z","2023-11-22T07:14:22.007Z"
151239751,"BMI","1700637248","b","900","21450","74100","2023-11-22T07:14:22.007Z","2023-11-22T07:14:22.007Z"
151234425,"BMI","1700637128","b","100","21450","73900","2023-11-22T07:12:22.023Z","2023-11-22T07:12:22.023Z"
151234424,"BMI","1700637128","b","100","21450","73900","2023-11-22T07:12:22.023Z","2023-11-22T07:12:22.023Z"
151234170,"BMI","1700637119","b","800","21400","73900","2023-11-22T07:12:12.995Z","2023-11-22T07:12:12.995Z"
151223203,"BMI","1700636817","b","2000","21400","71100","2023-11-22T07:07:10.983Z","2023-11-22T07:07:10.983Z"
151222007,"BMI","1700636767","b","1000","21400","70100","2023-11-22T07:06:21.007Z","2023-11-22T07:06:21.007Z"
151212713,"BMI","1700636448","b","300","21350","70100","2023-11-22T07:01:01.979Z","2023-11-22T07:01:01.979Z"
151212611,"BMI","1700636443","b","400","21350","69800","2023-11-22T07:00:57.979Z","2023-11-22T07:00:57.979Z"
151203547,"BMI","1700636216","b","200","21300","69000","2023-11-22T06:57:08.988Z","2023-11-22T06:57:08.988Z"
151203546,"BMI","1700636216","b","200","21300","69000","2023-11-22T06:57:08.988Z","2023-11-22T06:57:08.988Z"
151203423,"BMI","1700636213","s","200","21250","67000","2023-11-22T06:57:06.982Z","2023-11-22T06:57:06.982Z"
151203422,"BMI","1700636213","s","500","21250","67000","2023-11-22T06:57:06.982Z","2023-11-22T06:57:06.982Z"
151203421,"BMI","1700636213","s","1000","21250","67000","2023-11-22T06:57:06.982Z","2023-11-22T06:57:06.982Z"
151203420,"BMI","1700636213","s","300","21250","67000","2023-11-22T06:57:06.982Z","2023-11-22T06:57:06.982Z"
151193684,"BMI","1700636068","s","300","21300","66200","2023-11-22T06:54:41.982Z","2023-11-22T06:54:41.982Z"
151193683,"BMI","1700636068","s","500","21300","66200","2023-11-22T06:54:41.982Z","2023-11-22T06:54:41.982Z"
151176533,"BMI","1700635866","b","600","21350","65600","2023-11-22T06:51:19.973Z","2023-11-22T06:51:19.973Z"
151174744,"BMI","1700635820","b","100","21350","65500","2023-11-22T06:50:32.981Z","2023-11-22T06:50:32.981Z"
151158494,"BMI","1700635396","s","100","21300","65500","2023-11-22T06:43:30.015Z","2023-11-22T06:43:30.015Z"
151132742,"BMI","1700634585","s","200","21300","65400","2023-11-22T06:29:59.034Z","2023-11-22T06:29:59.034Z"
151132741,"BMI","1700634585","s","1000","21300","65400","2023-11-22T06:29:59.034Z","2023-11-22T06:29:59.034Z"
151132740,"BMI","1700634585","s","2000","21300","65400","2023-11-22T06:29:59.034Z","2023-11-22T06:29:59.034Z"
151132739,"BMI","1700634585","s","100","21300","65400","2023-11-22T06:29:59.034Z","2023-11-22T06:29:59.034Z"
151132738,"BMI","1700634585","s","500","21300","65400","2023-11-22T06:29:59.034Z","2023-11-22T06:29:59.034Z"
151127516,"BMI","1700634438","s","100","21300","59500","2023-11-22T06:27:31.978Z","2023-11-22T06:27:31.978Z"
151127515,"BMI","1700634438","s","1000","21300","59500","2023-11-22T06:27:31.978Z","2023-11-22T06:27:31.978Z"
151127514,"BMI","1700634438","s","800","21300","59500","2023-11-22T06:27:31.978Z","2023-11-22T06:27:31.978Z"
151127513,"BMI","1700634438","s","200","21350","59500","2023-11-22T06:27:31.978Z","2023-11-22T06:27:31.978Z"
151107956,"BMI","1700633819","s","100","21400","59500","2023-11-22T06:17:12.960Z","2023-11-22T06:17:12.960Z"
151087251,"BMI","1700633113","b","5000","21400","54400","2023-11-22T06:05:25.949Z","2023-11-22T06:05:25.949Z"
151087243,"BMI","1700633112","s","200","21300","54200","2023-11-22T06:05:25.949Z","2023-11-22T06:05:25.949Z"
151083623,"BMI","1700633029","s","1000","21400","54200","2023-11-22T06:04:02.947Z","2023-11-22T06:04:02.947Z"
151083622,"BMI","1700633029","s","1500","21400","54200","2023-11-22T06:04:02.947Z","2023-11-22T06:04:02.947Z"
151083621,"BMI","1700633029","s","100","21400","54200","2023-11-22T06:04:02.947Z","2023-11-22T06:04:02.947Z"
151083620,"BMI","1700633029","s","2000","21400","54200","2023-11-22T06:04:02.947Z","2023-11-22T06:04:02.947Z"
151083619,"BMI","1700633029","s","400","21400","54200","2023-11-22T06:04:02.947Z","2023-11-22T06:04:02.947Z"
151072250,"BMI","1700632810","b","100","21500","49200","2023-11-22T06:00:23.080Z","2023-11-22T06:00:23.080Z"
151072245,"BMI","1700632810","b","100","21500","49200","2023-11-22T06:00:23.080Z","2023-11-22T06:00:23.080Z"
151061033,"BMI","1700627227","s","100","21500","44100","2023-11-22T04:27:21.862Z","2023-11-22T04:27:21.862Z"
151061032,"BMI","1700627227","s","1000","21500","44100","2023-11-22T04:27:21.862Z","2023-11-22T04:27:21.862Z"
151061031,"BMI","1700627227","s","2500","21500","44100","2023-11-22T04:27:21.862Z","2023-11-22T04:27:21.862Z"
151061030,"BMI","1700627227","s","1300","21500","44100","2023-11-22T04:27:21.862Z","2023-11-22T04:27:21.862Z"
151050186,"BMI","1700626550","s","700","21500","44100","2023-11-22T04:16:03.856Z","2023-11-22T04:16:03.856Z"
151050184,"BMI","1700626550","s","200","21500","43200","2023-11-22T04:16:02.839Z","2023-11-22T04:16:02.839Z"
151049322,"BMI","1700626490","s","200","21550","43200","2023-11-22T04:15:03.846Z","2023-11-22T04:15:03.846Z"
151044734,"BMI","1700626225","s","1500","21550","41500","2023-11-22T04:10:38.851Z","2023-11-22T04:10:38.851Z"
151041627,"BMI","1700626047","s","1200","21550","41500","2023-11-22T04:07:40.847Z","2023-11-22T04:07:40.847Z"
151040585,"BMI","1700625996","s","2000","21550","40300","2023-11-22T04:06:50.833Z","2023-11-22T04:06:50.833Z"
151032487,"BMI","1700625484","b","100","21550","38200","2023-11-22T03:58:17.833Z","2023-11-22T03:58:17.833Z"
151028706,"BMI","1700625265","s","5000","21550","38200","2023-11-22T03:54:38.832Z","2023-11-22T03:54:38.832Z"
151028705,"BMI","1700625265","s","400","21550","38200","2023-11-22T03:54:38.832Z","2023-11-22T03:54:38.832Z"
151026904,"BMI","1700625171","s","200","21550","32600","2023-11-22T03:53:05.827Z","2023-11-22T03:53:05.827Z"
151025787,"BMI","1700625111","s","200","21550","32600","2023-11-22T03:52:04.817Z","2023-11-22T03:52:04.817Z"
151023443,"BMI","1700624967","s","200","21550","32400","2023-11-22T03:49:40.823Z","2023-11-22T03:49:40.823Z"
151023442,"BMI","1700624967","s","200","21550","32400","2023-11-22T03:49:40.823Z","2023-11-22T03:49:40.823Z"
151018923,"BMI","1700624737","b","100","21600","31900","2023-11-22T03:45:50.826Z","2023-11-22T03:45:50.826Z"
151014921,"BMI","1700624542","s","600","21600","31300","2023-11-22T03:42:35.814Z","2023-11-22T03:42:35.814Z"
151014086,"BMI","1700624498","b","900","21600","31300","2023-11-22T03:41:51.804Z","2023-11-22T03:41:51.804Z"
151014085,"BMI","1700624498","b","100","21600","31300","2023-11-22T03:41:51.804Z","2023-11-22T03:41:51.804Z"
151014084,"BMI","1700624498","b","200","21600","31300","2023-11-22T03:41:51.804Z","2023-11-22T03:41:51.804Z"
150945307,"BMI","1700622313","s","100","21600","30000","2023-11-22T03:05:25.774Z","2023-11-22T03:05:25.774Z"
150944930,"BMI","1700622299","s","3000","21600","30000","2023-11-22T03:05:12.802Z","2023-11-22T03:05:12.802Z"
150944486,"BMI","1700622282","b","1000","21600","27000","2023-11-22T03:04:55.778Z","2023-11-22T03:04:55.778Z"
150944485,"BMI","1700622282","b","500","21600","27000","2023-11-22T03:04:55.778Z","2023-11-22T03:04:55.778Z"
150944484,"BMI","1700622282","b","100","21600","27000","2023-11-22T03:04:55.778Z","2023-11-22T03:04:55.778Z"
150923639,"BMI","1700621742","s","200","21600","25400","2023-11-22T02:55:54.774Z","2023-11-22T02:55:54.774Z"
150922045,"BMI","1700621709","b","100","21650","25100","2023-11-22T02:55:22.777Z","2023-11-22T02:55:22.777Z"
150921277,"BMI","1700621695","b","3000","21600","25100","2023-11-22T02:55:08.787Z","2023-11-22T02:55:08.787Z"
150921276,"BMI","1700621695","b","1300","21600","25100","2023-11-22T02:55:08.787Z","2023-11-22T02:55:08.787Z"
150921275,"BMI","1700621695","b","500","21600","25100","2023-11-22T02:55:08.787Z","2023-11-22T02:55:08.787Z"
150914472,"BMI","1700621470","b","500","21600","19800","2023-11-22T02:51:23.777Z","2023-11-22T02:51:23.777Z"
150909184,"BMI","1700621259","b","2000","21600","17800","2023-11-22T02:47:52.760Z","2023-11-22T02:47:52.760Z"
150906258,"BMI","1700621141","b","1000","21600","15800","2023-11-22T02:45:54.775Z","2023-11-22T02:45:54.775Z"
150906257,"BMI","1700621141","b","1000","21600","15800","2023-11-22T02:45:54.775Z","2023-11-22T02:45:54.775Z"
150906256,"BMI","1700621141","b","1000","21600","15800","2023-11-22T02:45:54.775Z","2023-11-22T02:45:54.775Z"
150906255,"BMI","1700621141","b","100","21550","15800","2023-11-22T02:45:54.775Z","2023-11-22T02:45:54.775Z"
150906254,"BMI","1700621141","b","100","21550","15800","2023-11-22T02:45:54.775Z","2023-11-22T02:45:54.775Z"
150906253,"BMI","1700621141","b","100","21550","15800","2023-11-22T02:45:54.775Z","2023-11-22T02:45:54.775Z"
150898536,"BMI","1700620873","b","100","21500","14300","2023-11-22T02:41:27.750Z","2023-11-22T02:41:27.750Z"
150898535,"BMI","1700620873","b","100","21500","14300","2023-11-22T02:41:27.750Z","2023-11-22T02:41:27.750Z"
150896246,"BMI","1700620805","b","900","21500","14300","2023-11-22T02:40:18.762Z","2023-11-22T02:40:18.762Z"
150896245,"BMI","1700620805","b","100","21450","14300","2023-11-22T02:40:18.762Z","2023-11-22T02:40:18.762Z"
150878004,"BMI","1700620178","s","900","21550","13300","2023-11-22T02:29:51.761Z","2023-11-22T02:29:51.761Z"
150877000,"BMI","1700620146","b","1000","21550","12400","2023-11-22T02:29:20.745Z","2023-11-22T02:29:20.745Z"
150876999,"BMI","1700620146","b","1000","21550","12400","2023-11-22T02:29:20.745Z","2023-11-22T02:29:20.745Z"
150876998,"BMI","1700620146","b","100","21550","12400","2023-11-22T02:29:20.745Z","2023-11-22T02:29:20.745Z"
150876308,"BMI","1700620129","b","4500","21500","4300","2023-11-22T02:29:01.760Z","2023-11-22T02:29:01.760Z"
150876307,"BMI","1700620129","b","1000","21500","4300","2023-11-22T02:29:01.760Z","2023-11-22T02:29:01.760Z"
150876306,"BMI","1700620129","b","500","21500","4300","2023-11-22T02:29:01.760Z","2023-11-22T02:29:01.760Z"
