"id","symbol","truncTime","matchType","matchVol","matchPrice","accumulatedVolume","createdAt","updatedAt"
151299266,"GAS","1700639094","unknown","33100","79000","448500","2023-11-22T07:45:09.080Z","2023-11-22T07:45:09.080Z"
151298176,"GAS","1700638184","b","400","78800","445500","2023-11-22T07:29:58.021Z","2023-11-22T07:29:58.021Z"
151298175,"GAS","1700638184","b","2600","78800","445500","2023-11-22T07:29:58.021Z","2023-11-22T07:29:58.021Z"
151298172,"GAS","1700638184","b","200","78700","445300","2023-11-22T07:29:58.021Z","2023-11-22T07:29:58.021Z"
151297606,"GAS","1700638174","b","100","78700","445200","2023-11-22T07:29:48.033Z","2023-11-22T07:29:48.033Z"
151297573,"GAS","1700638173","b","100","78700","445100","2023-11-22T07:29:47.039Z","2023-11-22T07:29:47.039Z"
151295911,"GAS","1700638145","s","100","78700","444500","2023-11-22T07:29:19.043Z","2023-11-22T07:29:19.043Z"
151295910,"GAS","1700638145","s","500","78700","444500","2023-11-22T07:29:19.043Z","2023-11-22T07:29:19.043Z"
151294908,"GAS","1700638129","b","1000","78800","443500","2023-11-22T07:29:03.026Z","2023-11-22T07:29:03.026Z"
151294388,"GAS","1700638123","s","100","78600","443400","2023-11-22T07:28:57.032Z","2023-11-22T07:28:57.032Z"
151294330,"GAS","1700638122","s","100","78600","443400","2023-11-22T07:28:56.048Z","2023-11-22T07:28:56.048Z"
151294329,"GAS","1700638122","s","300","78600","443400","2023-11-22T07:28:56.048Z","2023-11-22T07:28:56.048Z"
151294328,"GAS","1700638122","s","1000","78600","443400","2023-11-22T07:28:56.048Z","2023-11-22T07:28:56.048Z"
151294327,"GAS","1700638122","s","2000","78700","443400","2023-11-22T07:28:56.048Z","2023-11-22T07:28:56.048Z"
151294326,"GAS","1700638122","s","300","78700","443400","2023-11-22T07:28:56.048Z","2023-11-22T07:28:56.048Z"
151294325,"GAS","1700638122","s","200","78700","443400","2023-11-22T07:28:56.048Z","2023-11-22T07:28:56.048Z"
151294324,"GAS","1700638122","s","200","78700","443400","2023-11-22T07:28:56.048Z","2023-11-22T07:28:56.048Z"
151293400,"GAS","1700638105","b","200","78800","439100","2023-11-22T07:28:39.030Z","2023-11-22T07:28:39.030Z"
151292991,"GAS","1700638098","s","100","78700","439000","2023-11-22T07:28:32.051Z","2023-11-22T07:28:32.051Z"
151292634,"GAS","1700638092","b","200","78800","438800","2023-11-22T07:28:27.028Z","2023-11-22T07:28:27.028Z"
151290527,"GAS","1700638055","s","800","78600","438800","2023-11-22T07:27:49.049Z","2023-11-22T07:27:49.049Z"
151290526,"GAS","1700638055","s","200","78700","438800","2023-11-22T07:27:49.049Z","2023-11-22T07:27:49.049Z"
151290525,"GAS","1700638055","s","500","78700","438800","2023-11-22T07:27:49.049Z","2023-11-22T07:27:49.049Z"
151290524,"GAS","1700638055","s","200","78800","438800","2023-11-22T07:27:49.049Z","2023-11-22T07:27:49.049Z"
151290069,"GAS","1700638046","b","400","78700","437100","2023-11-22T07:27:40.028Z","2023-11-22T07:27:40.028Z"
151289205,"GAS","1700638034","b","200","78700","436500","2023-11-22T07:27:29.035Z","2023-11-22T07:27:29.035Z"
151288273,"GAS","1700638015","s","1000","78700","434600","2023-11-22T07:27:09.019Z","2023-11-22T07:27:09.019Z"
151288272,"GAS","1700638015","s","100","78700","434600","2023-11-22T07:27:09.019Z","2023-11-22T07:27:09.019Z"
151288271,"GAS","1700638015","s","500","78700","434600","2023-11-22T07:27:09.019Z","2023-11-22T07:27:09.019Z"
151288270,"GAS","1700638015","s","200","78700","434600","2023-11-22T07:27:09.019Z","2023-11-22T07:27:09.019Z"
151288269,"GAS","1700638015","s","100","78700","434600","2023-11-22T07:27:09.019Z","2023-11-22T07:27:09.019Z"
151288077,"GAS","1700638012","b","400","78900","433600","2023-11-22T07:27:06.047Z","2023-11-22T07:27:06.047Z"
151288076,"GAS","1700638012","b","600","78900","433600","2023-11-22T07:27:06.047Z","2023-11-22T07:27:06.047Z"
151284985,"GAS","1700637961","b","600","78900","433000","2023-11-22T07:26:15.106Z","2023-11-22T07:26:15.106Z"
151284466,"GAS","1700637954","b","400","78900","432600","2023-11-22T07:26:07.030Z","2023-11-22T07:26:07.030Z"
151283777,"GAS","1700637942","b","400","78900","432600","2023-11-22T07:25:56.040Z","2023-11-22T07:25:56.040Z"
151283776,"GAS","1700637942","b","200","78900","432600","2023-11-22T07:25:56.040Z","2023-11-22T07:25:56.040Z"
151283729,"GAS","1700637942","b","400","78900","431600","2023-11-22T07:25:55.034Z","2023-11-22T07:25:55.034Z"
151283038,"GAS","1700637931","b","100","78900","431500","2023-11-22T07:25:45.046Z","2023-11-22T07:25:45.046Z"
151282892,"GAS","1700637928","b","100","78900","431400","2023-11-22T07:25:42.024Z","2023-11-22T07:25:42.024Z"
151282590,"GAS","1700637923","b","600","78900","430800","2023-11-22T07:25:37.038Z","2023-11-22T07:25:37.038Z"
151282401,"GAS","1700637920","b","100","78900","430800","2023-11-22T07:25:34.035Z","2023-11-22T07:25:34.035Z"
151282197,"GAS","1700637918","b","400","78900","430300","2023-11-22T07:25:32.103Z","2023-11-22T07:25:32.103Z"
151281390,"GAS","1700637906","b","100","78900","430300","2023-11-22T07:25:20.030Z","2023-11-22T07:25:20.030Z"
151279530,"GAS","1700637873","s","700","78700","428700","2023-11-22T07:24:47.040Z","2023-11-22T07:24:47.040Z"
151279529,"GAS","1700637873","s","500","78700","428700","2023-11-22T07:24:47.040Z","2023-11-22T07:24:47.040Z"
151279528,"GAS","1700637873","s","300","78700","428700","2023-11-22T07:24:47.040Z","2023-11-22T07:24:47.040Z"
151278161,"GAS","1700637852","s","700","78700","427700","2023-11-22T07:24:26.022Z","2023-11-22T07:24:26.022Z"
151278160,"GAS","1700637852","s","300","78700","427700","2023-11-22T07:24:26.022Z","2023-11-22T07:24:26.022Z"
151276747,"GAS","1700637833","b","600","79000","427100","2023-11-22T07:24:07.053Z","2023-11-22T07:24:07.053Z"
151272288,"GAS","1700637770","b","400","78900","426700","2023-11-22T07:23:04.057Z","2023-11-22T07:23:04.057Z"
151271222,"GAS","1700637757","b","100","78900","426700","2023-11-22T07:22:52.018Z","2023-11-22T07:22:52.018Z"
151270734,"GAS","1700637752","b","600","78900","426000","2023-11-22T07:22:46.044Z","2023-11-22T07:22:46.044Z"
151270525,"GAS","1700637750","b","400","78900","426000","2023-11-22T07:22:44.038Z","2023-11-22T07:22:44.038Z"
151270048,"GAS","1700637743","b","400","78900","425200","2023-11-22T07:22:37.099Z","2023-11-22T07:22:37.099Z"
151269660,"GAS","1700637738","b","100","78900","425100","2023-11-22T07:22:32.084Z","2023-11-22T07:22:32.084Z"
151269630,"GAS","1700637738","b","100","78900","425100","2023-11-22T07:22:32.084Z","2023-11-22T07:22:32.084Z"
151269629,"GAS","1700637738","b","400","78900","425100","2023-11-22T07:22:32.084Z","2023-11-22T07:22:32.084Z"
151269413,"GAS","1700637737","b","200","78900","424400","2023-11-22T07:22:31.056Z","2023-11-22T07:22:31.056Z"
151269188,"GAS","1700637735","b","400","78900","424000","2023-11-22T07:22:29.035Z","2023-11-22T07:22:29.035Z"
151269151,"GAS","1700637734","b","400","78900","423600","2023-11-22T07:22:28.015Z","2023-11-22T07:22:28.015Z"
151268763,"GAS","1700637727","b","100","78900","423600","2023-11-22T07:22:21.024Z","2023-11-22T07:22:21.024Z"
151268762,"GAS","1700637727","b","100","78900","423600","2023-11-22T07:22:21.024Z","2023-11-22T07:22:21.024Z"
151268761,"GAS","1700637727","b","200","78900","423600","2023-11-22T07:22:21.024Z","2023-11-22T07:22:21.024Z"
151268526,"GAS","1700637723","b","500","78800","422600","2023-11-22T07:22:17.047Z","2023-11-22T07:22:17.047Z"
151268525,"GAS","1700637723","b","100","78800","422600","2023-11-22T07:22:17.047Z","2023-11-22T07:22:17.047Z"
151268306,"GAS","1700637720","b","400","78800","422200","2023-11-22T07:22:14.036Z","2023-11-22T07:22:14.036Z"
151267816,"GAS","1700637714","b","200","78800","422200","2023-11-22T07:22:09.046Z","2023-11-22T07:22:09.046Z"
151267756,"GAS","1700637714","b","400","78800","422000","2023-11-22T07:22:08.017Z","2023-11-22T07:22:08.017Z"
151267755,"GAS","1700637714","b","200","78800","422000","2023-11-22T07:22:08.017Z","2023-11-22T07:22:08.017Z"
151267103,"GAS","1700637705","b","200","78800","421000","2023-11-22T07:21:59.060Z","2023-11-22T07:21:59.060Z"
151267102,"GAS","1700637705","b","200","78800","421000","2023-11-22T07:21:59.060Z","2023-11-22T07:21:59.060Z"
151266877,"GAS","1700637701","b","300","78800","421000","2023-11-22T07:21:55.033Z","2023-11-22T07:21:55.033Z"
151266876,"GAS","1700637701","b","700","78800","421000","2023-11-22T07:21:55.033Z","2023-11-22T07:21:55.033Z"
151266287,"GAS","1700637689","b","300","78800","419700","2023-11-22T07:21:43.024Z","2023-11-22T07:21:43.024Z"
151263833,"GAS","1700637661","s","700","78700","418700","2023-11-22T07:21:15.033Z","2023-11-22T07:21:15.033Z"
151263832,"GAS","1700637661","s","300","78700","418700","2023-11-22T07:21:15.033Z","2023-11-22T07:21:15.033Z"
151259027,"GAS","1700637587","b","100","78700","418500","2023-11-22T07:20:01.022Z","2023-11-22T07:20:01.022Z"
151259026,"GAS","1700637587","b","100","78700","418500","2023-11-22T07:20:01.022Z","2023-11-22T07:20:01.022Z"
151258898,"GAS","1700637585","b","400","78700","418100","2023-11-22T07:19:59.050Z","2023-11-22T07:19:59.050Z"
151257847,"GAS","1700637574","b","400","78700","418100","2023-11-22T07:19:48.105Z","2023-11-22T07:19:48.105Z"
151257337,"GAS","1700637562","b","100","78700","417700","2023-11-22T07:19:36.027Z","2023-11-22T07:19:36.027Z"
151256787,"GAS","1700637550","b","1000","78700","416600","2023-11-22T07:19:24.109Z","2023-11-22T07:19:24.109Z"
151256233,"GAS","1700637537","b","100","78700","415600","2023-11-22T07:19:11.030Z","2023-11-22T07:19:11.030Z"
151256232,"GAS","1700637537","b","900","78700","415600","2023-11-22T07:19:11.030Z","2023-11-22T07:19:11.030Z"
151255333,"GAS","1700637519","b","100","78700","415600","2023-11-22T07:18:53.018Z","2023-11-22T07:18:53.018Z"
151255332,"GAS","1700637519","b","1000","78700","415600","2023-11-22T07:18:53.018Z","2023-11-22T07:18:53.018Z"
151255331,"GAS","1700637519","b","200","78700","415600","2023-11-22T07:18:53.018Z","2023-11-22T07:18:53.018Z"
151255330,"GAS","1700637519","b","1000","78700","415600","2023-11-22T07:18:53.018Z","2023-11-22T07:18:53.018Z"
151252931,"GAS","1700637479","s","200","78600","412900","2023-11-22T07:18:13.007Z","2023-11-22T07:18:13.007Z"
151252930,"GAS","1700637479","s","200","78600","412900","2023-11-22T07:18:13.007Z","2023-11-22T07:18:13.007Z"
151252038,"GAS","1700637461","s","500","78600","412400","2023-11-22T07:17:56.028Z","2023-11-22T07:17:56.028Z"
151250210,"GAS","1700637425","b","300","78600","412400","2023-11-22T07:17:19.003Z","2023-11-22T07:17:19.003Z"
151249915,"GAS","1700637419","b","700","78600","412100","2023-11-22T07:17:14.017Z","2023-11-22T07:17:14.017Z"
151249914,"GAS","1700637419","b","300","78600","412100","2023-11-22T07:17:14.017Z","2023-11-22T07:17:14.017Z"
151249784,"GAS","1700637417","b","300","78600","410800","2023-11-22T07:17:11.052Z","2023-11-22T07:17:11.052Z"
151248986,"GAS","1700637405","b","100","78600","410700","2023-11-22T07:16:59.051Z","2023-11-22T07:16:59.051Z"
151247199,"GAS","1700637377","b","400","78600","410700","2023-11-22T07:16:30.034Z","2023-11-22T07:16:30.034Z"
151246575,"GAS","1700637368","s","100","78500","410300","2023-11-22T07:16:22.023Z","2023-11-22T07:16:22.023Z"
151245453,"GAS","1700637354","b","100","78600","410200","2023-11-22T07:16:08.009Z","2023-11-22T07:16:08.009Z"
