"id","symbol","truncTime","matchType","matchVol","matchPrice","accumulatedVolume","createdAt","updatedAt"
151299344,"SKG","1700639095","unknown","6600","14550","90000","2023-11-22T07:45:09.080Z","2023-11-22T07:45:09.080Z"
151295723,"SKG","1700638142","b","1000","14500","83400","2023-11-22T07:29:17.058Z","2023-11-22T07:29:17.058Z"
151295722,"SKG","1700638142","b","900","14500","83400","2023-11-22T07:29:17.058Z","2023-11-22T07:29:17.058Z"
151295721,"SKG","1700638142","b","3000","14500","83400","2023-11-22T07:29:17.058Z","2023-11-22T07:29:17.058Z"
151295720,"SKG","1700638142","b","500","14500","83400","2023-11-22T07:29:17.058Z","2023-11-22T07:29:17.058Z"
151290672,"SKG","1700638057","b","700","14500","78000","2023-11-22T07:27:51.088Z","2023-11-22T07:27:51.088Z"
151285294,"SKG","1700637964","b","300","14500","77300","2023-11-22T07:26:18.024Z","2023-11-22T07:26:18.024Z"
151271405,"SKG","1700637760","b","100","14500","77000","2023-11-22T07:22:55.045Z","2023-11-22T07:22:55.045Z"
151260706,"SKG","1700637623","b","100","14500","76800","2023-11-22T07:20:38.026Z","2023-11-22T07:20:38.026Z"
151236854,"SKG","1700637196","b","100","14450","76800","2023-11-22T07:13:30.006Z","2023-11-22T07:13:30.006Z"
151236853,"SKG","1700637196","b","200","14450","76800","2023-11-22T07:13:30.006Z","2023-11-22T07:13:30.006Z"
151231291,"SKG","1700637051","b","100","14450","76500","2023-11-22T07:11:04.010Z","2023-11-22T07:11:04.010Z"
151230473,"SKG","1700637030","b","1700","14450","74400","2023-11-22T07:10:43.995Z","2023-11-22T07:10:43.995Z"
151230472,"SKG","1700637030","b","300","14450","74400","2023-11-22T07:10:43.995Z","2023-11-22T07:10:43.995Z"
151224562,"SKG","1700636870","s","2000","14400","72400","2023-11-22T07:08:02.983Z","2023-11-22T07:08:02.983Z"
151219590,"SKG","1700636674","s","100","14400","72400","2023-11-22T07:04:47.981Z","2023-11-22T07:04:47.981Z"
151209571,"SKG","1700636351","b","200","14400","72300","2023-11-22T06:59:24.982Z","2023-11-22T06:59:24.982Z"
151209437,"SKG","1700636348","b","100","14400","72100","2023-11-22T06:59:21.980Z","2023-11-22T06:59:21.980Z"
151204931,"SKG","1700636246","s","100","14350","72000","2023-11-22T06:57:40.001Z","2023-11-22T06:57:40.001Z"
151204930,"SKG","1700636246","s","100","14350","72000","2023-11-22T06:57:40.001Z","2023-11-22T06:57:40.001Z"
151204929,"SKG","1700636246","s","100","14350","72000","2023-11-22T06:57:40.001Z","2023-11-22T06:57:40.001Z"
151204928,"SKG","1700636246","s","200","14350","72000","2023-11-22T06:57:40.001Z","2023-11-22T06:57:40.001Z"
151198957,"SKG","1700636130","s","300","14350","69500","2023-11-22T06:55:44.009Z","2023-11-22T06:55:44.009Z"
151198956,"SKG","1700636130","s","200","14350","69500","2023-11-22T06:55:44.009Z","2023-11-22T06:55:44.009Z"
151198955,"SKG","1700636130","s","100","14350","69500","2023-11-22T06:55:44.009Z","2023-11-22T06:55:44.009Z"
151198954,"SKG","1700636130","s","1000","14350","69500","2023-11-22T06:55:44.009Z","2023-11-22T06:55:44.009Z"
151198953,"SKG","1700636130","s","100","14350","69500","2023-11-22T06:55:44.009Z","2023-11-22T06:55:44.009Z"
151198952,"SKG","1700636130","s","100","14350","69500","2023-11-22T06:55:44.009Z","2023-11-22T06:55:44.009Z"
151198951,"SKG","1700636130","s","100","14350","69500","2023-11-22T06:55:44.009Z","2023-11-22T06:55:44.009Z"
151198950,"SKG","1700636130","s","100","14350","69500","2023-11-22T06:55:44.009Z","2023-11-22T06:55:44.009Z"
151166172,"SKG","1700635544","s","100","14350","69500","2023-11-22T06:45:57.985Z","2023-11-22T06:45:57.985Z"
151159047,"SKG","1700635402","s","300","14350","68700","2023-11-22T06:43:36.982Z","2023-11-22T06:43:36.982Z"
151159046,"SKG","1700635402","s","400","14350","68700","2023-11-22T06:43:35.970Z","2023-11-22T06:43:35.970Z"
151146509,"SKG","1700634961","s","100","14350","68700","2023-11-22T06:36:14.965Z","2023-11-22T06:36:14.965Z"
151146508,"SKG","1700634961","s","500","14350","68700","2023-11-22T06:36:14.965Z","2023-11-22T06:36:14.965Z"
151146507,"SKG","1700634961","s","1400","14400","68700","2023-11-22T06:36:14.965Z","2023-11-22T06:36:14.965Z"
151139422,"SKG","1700634763","s","100","14400","65900","2023-11-22T06:32:56.967Z","2023-11-22T06:32:56.967Z"
151139421,"SKG","1700634763","s","700","14400","65900","2023-11-22T06:32:56.967Z","2023-11-22T06:32:56.967Z"
151134820,"SKG","1700634640","b","100","14400","65900","2023-11-22T06:30:53.976Z","2023-11-22T06:30:53.976Z"
151134819,"SKG","1700634640","b","29200","14400","65900","2023-11-22T06:30:53.976Z","2023-11-22T06:30:53.976Z"
151113558,"SKG","1700633975","b","100","14400","36500","2023-11-22T06:19:48.974Z","2023-11-22T06:19:48.974Z"
151110677,"SKG","1700633905","b","100","14400","36500","2023-11-22T06:18:38.955Z","2023-11-22T06:18:38.955Z"
151101326,"SKG","1700633567","b","500","14400","35900","2023-11-22T06:12:59.947Z","2023-11-22T06:12:59.947Z"
151095398,"SKG","1700633341","b","100","14400","35900","2023-11-22T06:09:14.956Z","2023-11-22T06:09:14.956Z"
151056248,"SKG","1700626985","b","200","14450","35600","2023-11-22T04:23:17.846Z","2023-11-22T04:23:17.846Z"
151055906,"SKG","1700626962","b","500","14400","35100","2023-11-22T04:22:55.858Z","2023-11-22T04:22:55.858Z"
151055674,"SKG","1700626947","b","100","14400","35000","2023-11-22T04:22:40.846Z","2023-11-22T04:22:40.846Z"
151055425,"SKG","1700626931","s","400","14400","34600","2023-11-22T04:22:24.846Z","2023-11-22T04:22:24.846Z"
151050203,"SKG","1700626551","s","500","14400","34600","2023-11-22T04:16:04.865Z","2023-11-22T04:16:04.865Z"
151050202,"SKG","1700626551","s","1300","14400","34600","2023-11-22T04:16:04.865Z","2023-11-22T04:16:04.865Z"
151050201,"SKG","1700626551","s","200","14400","34600","2023-11-22T04:16:04.865Z","2023-11-22T04:16:04.865Z"
151050200,"SKG","1700626551","s","1000","14400","34600","2023-11-22T04:16:04.865Z","2023-11-22T04:16:04.865Z"
151050199,"SKG","1700626551","s","5000","14400","34600","2023-11-22T04:16:04.865Z","2023-11-22T04:16:04.865Z"
151050198,"SKG","1700626551","s","200","14400","34600","2023-11-22T04:16:04.865Z","2023-11-22T04:16:04.865Z"
151049562,"SKG","1700626503","b","300","14450","26400","2023-11-22T04:15:17.843Z","2023-11-22T04:15:17.843Z"
151045650,"SKG","1700626276","b","200","14450","26100","2023-11-22T04:11:29.849Z","2023-11-22T04:11:29.849Z"
151045369,"SKG","1700626263","s","100","14450","24900","2023-11-22T04:11:16.847Z","2023-11-22T04:11:16.847Z"
151045368,"SKG","1700626263","s","100","14450","24900","2023-11-22T04:11:16.847Z","2023-11-22T04:11:16.847Z"
151045367,"SKG","1700626263","s","100","14450","24900","2023-11-22T04:11:16.847Z","2023-11-22T04:11:16.847Z"
151045366,"SKG","1700626263","s","200","14450","24900","2023-11-22T04:11:16.847Z","2023-11-22T04:11:16.847Z"
151045365,"SKG","1700626263","s","100","14450","24900","2023-11-22T04:11:16.847Z","2023-11-22T04:11:16.847Z"
151045364,"SKG","1700626263","s","400","14450","24900","2023-11-22T04:11:16.847Z","2023-11-22T04:11:16.847Z"
151035090,"SKG","1700625643","s","100","14450","24900","2023-11-22T04:00:56.837Z","2023-11-22T04:00:56.837Z"
151035089,"SKG","1700625643","s","500","14450","24900","2023-11-22T04:00:56.837Z","2023-11-22T04:00:56.837Z"
151026927,"SKG","1700625172","b","1000","14500","23300","2023-11-22T03:53:06.825Z","2023-11-22T03:53:06.825Z"
151026883,"SKG","1700625171","s","300","14500","23000","2023-11-22T03:53:04.826Z","2023-11-22T03:53:04.826Z"
151026634,"SKG","1700625158","s","500","14500","22500","2023-11-22T03:52:51.820Z","2023-11-22T03:52:51.820Z"
151026057,"SKG","1700625129","b","100","14550","22500","2023-11-22T03:52:22.823Z","2023-11-22T03:52:22.823Z"
151026056,"SKG","1700625129","b","100","14550","22500","2023-11-22T03:52:22.823Z","2023-11-22T03:52:22.823Z"
151012569,"SKG","1700624422","s","500","14500","22300","2023-11-22T03:40:35.808Z","2023-11-22T03:40:35.808Z"
150996590,"SKG","1700623784","b","900","14550","21800","2023-11-22T03:29:57.802Z","2023-11-22T03:29:57.802Z"
150996589,"SKG","1700623784","b","100","14550","21800","2023-11-22T03:29:57.802Z","2023-11-22T03:29:57.802Z"
150993728,"SKG","1700623676","b","200","14550","20100","2023-11-22T03:28:09.792Z","2023-11-22T03:28:09.792Z"
150993727,"SKG","1700623676","b","500","14500","20100","2023-11-22T03:28:09.792Z","2023-11-22T03:28:09.792Z"
150989039,"SKG","1700623536","b","300","14550","15100","2023-11-22T03:25:49.802Z","2023-11-22T03:25:49.802Z"
150989038,"SKG","1700623536","b","4700","14550","15100","2023-11-22T03:25:49.802Z","2023-11-22T03:25:49.802Z"
150942462,"SKG","1700622203","b","100","14550","15000","2023-11-22T03:03:36.780Z","2023-11-22T03:03:36.780Z"
150940506,"SKG","1700622134","b","200","14550","15000","2023-11-22T03:02:27.774Z","2023-11-22T03:02:27.774Z"
150921795,"SKG","1700621705","s","1000","14500","13800","2023-11-22T02:55:18.801Z","2023-11-22T02:55:18.801Z"
150907549,"SKG","1700621193","b","300","14600","13800","2023-11-22T02:46:46.780Z","2023-11-22T02:46:46.780Z"
150907548,"SKG","1700621193","b","500","14600","13800","2023-11-22T02:46:46.780Z","2023-11-22T02:46:46.780Z"
150907547,"SKG","1700621193","b","100","14600","13800","2023-11-22T02:46:46.780Z","2023-11-22T02:46:46.780Z"
150907546,"SKG","1700621193","b","400","14600","13800","2023-11-22T02:46:46.780Z","2023-11-22T02:46:46.780Z"
150907545,"SKG","1700621193","b","700","14600","13800","2023-11-22T02:46:46.780Z","2023-11-22T02:46:46.780Z"
150897392,"SKG","1700620836","b","300","14600","6800","2023-11-22T02:40:48.768Z","2023-11-22T02:40:48.768Z"
150897391,"SKG","1700620836","b","500","14600","6800","2023-11-22T02:40:48.768Z","2023-11-22T02:40:48.768Z"
150897390,"SKG","1700620836","b","300","14600","6800","2023-11-22T02:40:48.768Z","2023-11-22T02:40:48.768Z"
150897389,"SKG","1700620836","b","1000","14600","6800","2023-11-22T02:40:48.768Z","2023-11-22T02:40:48.768Z"
150897388,"SKG","1700620836","b","1000","14600","6800","2023-11-22T02:40:48.768Z","2023-11-22T02:40:48.768Z"
150897387,"SKG","1700620836","b","1900","14600","6800","2023-11-22T02:40:48.768Z","2023-11-22T02:40:48.768Z"
150885510,"SKG","1700620417","b","100","14600","6800","2023-11-22T02:33:50.751Z","2023-11-22T02:33:50.751Z"
150885509,"SKG","1700620417","b","100","14600","6800","2023-11-22T02:33:50.751Z","2023-11-22T02:33:50.751Z"
150882710,"SKG","1700620322","s","1000","14550","6600","2023-11-22T02:32:15.754Z","2023-11-22T02:32:15.754Z"
150880866,"SKG","1700620267","b","100","14600","5600","2023-11-22T02:31:20.760Z","2023-11-22T02:31:20.760Z"
150880865,"SKG","1700620267","b","200","14600","5600","2023-11-22T02:31:20.760Z","2023-11-22T02:31:20.760Z"
150879900,"SKG","1700620238","b","100","14550","5300","2023-11-22T02:30:52.748Z","2023-11-22T02:30:52.748Z"
150879899,"SKG","1700620238","b","100","14550","5300","2023-11-22T02:30:52.748Z","2023-11-22T02:30:52.748Z"
150879898,"SKG","1700620238","b","800","14450","5300","2023-11-22T02:30:52.748Z","2023-11-22T02:30:52.748Z"
150879036,"SKG","1700620214","b","100","14450","4200","2023-11-22T02:30:27.749Z","2023-11-22T02:30:27.749Z"
150871224,"SKG","1700619976","s","100","14450","4200","2023-11-22T02:26:29.764Z","2023-11-22T02:26:29.764Z"
