"id","symbol","truncTime","matchType","matchVol","matchPrice","accumulatedVolume","createdAt","updatedAt"
151299345,"TDC","1700639095","unknown","23000","10250","452100","2023-11-22T07:45:09.080Z","2023-11-22T07:45:09.080Z"
151293119,"TDC","1700638100","b","800","10250","424100","2023-11-22T07:28:34.034Z","2023-11-22T07:28:34.034Z"
151293118,"TDC","1700638100","b","4200","10250","424100","2023-11-22T07:28:34.034Z","2023-11-22T07:28:34.034Z"
151289173,"TDC","1700638034","s","100","10200","424100","2023-11-22T07:27:28.037Z","2023-11-22T07:27:28.037Z"
151289161,"TDC","1700638033","s","100","10200","424000","2023-11-22T07:27:28.037Z","2023-11-22T07:27:28.037Z"
151289142,"TDC","1700638033","s","100","10200","423800","2023-11-22T07:27:27.036Z","2023-11-22T07:27:27.036Z"
151288274,"TDC","1700638015","s","100","10200","423800","2023-11-22T07:27:09.019Z","2023-11-22T07:27:09.019Z"
151285551,"TDC","1700637970","s","2900","10200","423700","2023-11-22T07:26:24.021Z","2023-11-22T07:26:24.021Z"
151285548,"TDC","1700637970","s","200","10200","423700","2023-11-22T07:26:24.021Z","2023-11-22T07:26:24.021Z"
151285547,"TDC","1700637970","s","1400","10200","423700","2023-11-22T07:26:24.021Z","2023-11-22T07:26:24.021Z"
151285546,"TDC","1700637970","s","400","10200","423700","2023-11-22T07:26:24.021Z","2023-11-22T07:26:24.021Z"
151285545,"TDC","1700637970","s","1000","10200","423700","2023-11-22T07:26:24.021Z","2023-11-22T07:26:24.021Z"
151285544,"TDC","1700637970","s","500","10200","423700","2023-11-22T07:26:24.021Z","2023-11-22T07:26:24.021Z"
151285543,"TDC","1700637970","s","2000","10200","423700","2023-11-22T07:26:24.021Z","2023-11-22T07:26:24.021Z"
151285542,"TDC","1700637970","s","1600","10200","423700","2023-11-22T07:26:24.021Z","2023-11-22T07:26:24.021Z"
151281433,"TDC","1700637907","b","800","10250","413700","2023-11-22T07:25:22.038Z","2023-11-22T07:25:22.038Z"
151281432,"TDC","1700637907","b","500","10250","413700","2023-11-22T07:25:22.038Z","2023-11-22T07:25:22.038Z"
151281431,"TDC","1700637907","b","2700","10250","413700","2023-11-22T07:25:22.038Z","2023-11-22T07:25:22.038Z"
151280734,"TDC","1700637894","s","700","10200","409700","2023-11-22T07:25:07.016Z","2023-11-22T07:25:07.016Z"
151277116,"TDC","1700637837","s","2000","10200","407000","2023-11-22T07:24:11.053Z","2023-11-22T07:24:11.053Z"
151275133,"TDC","1700637804","b","200","10200","407000","2023-11-22T07:23:38.033Z","2023-11-22T07:23:38.033Z"
151275132,"TDC","1700637804","b","2000","10200","407000","2023-11-22T07:23:38.033Z","2023-11-22T07:23:38.033Z"
151275131,"TDC","1700637804","b","200","10200","407000","2023-11-22T07:23:38.033Z","2023-11-22T07:23:38.033Z"
151275130,"TDC","1700637804","b","5000","10200","407000","2023-11-22T07:23:38.033Z","2023-11-22T07:23:38.033Z"
151275129,"TDC","1700637804","b","300","10200","407000","2023-11-22T07:23:38.033Z","2023-11-22T07:23:38.033Z"
151274174,"TDC","1700637796","b","500","10200","399300","2023-11-22T07:23:30.013Z","2023-11-22T07:23:30.013Z"
151273910,"TDC","1700637793","b","200","10200","398600","2023-11-22T07:23:27.032Z","2023-11-22T07:23:27.032Z"
151272220,"TDC","1700637769","b","100","10200","398600","2023-11-22T07:23:03.024Z","2023-11-22T07:23:03.024Z"
151271883,"TDC","1700637765","b","5000","10200","398500","2023-11-22T07:22:59.045Z","2023-11-22T07:22:59.045Z"
151271149,"TDC","1700637756","b","900","10200","391000","2023-11-22T07:22:50.036Z","2023-11-22T07:22:50.036Z"
151271148,"TDC","1700637756","b","500","10200","391000","2023-11-22T07:22:50.036Z","2023-11-22T07:22:50.036Z"
151271147,"TDC","1700637756","b","400","10200","391000","2023-11-22T07:22:50.036Z","2023-11-22T07:22:50.036Z"
151271146,"TDC","1700637756","b","400","10200","391000","2023-11-22T07:22:50.036Z","2023-11-22T07:22:50.036Z"
151271145,"TDC","1700637756","b","300","10200","391000","2023-11-22T07:22:50.036Z","2023-11-22T07:22:50.036Z"
151266564,"TDC","1700637694","b","100","10200","391000","2023-11-22T07:21:48.026Z","2023-11-22T07:21:48.026Z"
151265728,"TDC","1700637674","s","100","10150","390900","2023-11-22T07:21:29.026Z","2023-11-22T07:21:29.026Z"
151265494,"TDC","1700637673","s","100","10150","390800","2023-11-22T07:21:28.075Z","2023-11-22T07:21:28.075Z"
151265493,"TDC","1700637673","s","100","10150","390800","2023-11-22T07:21:28.075Z","2023-11-22T07:21:28.075Z"
151265492,"TDC","1700637673","s","100","10150","390800","2023-11-22T07:21:28.075Z","2023-11-22T07:21:28.075Z"
151261010,"TDC","1700637630","b","100","10200","390400","2023-11-22T07:20:44.051Z","2023-11-22T07:20:44.051Z"
151240414,"TDC","1700637264","b","300","10150","390400","2023-11-22T07:14:38.001Z","2023-11-22T07:14:38.001Z"
151239814,"TDC","1700637249","b","200","10150","389900","2023-11-22T07:14:24.014Z","2023-11-22T07:14:24.014Z"
151230485,"TDC","1700637030","b","800","10100","389000","2023-11-22T07:10:43.995Z","2023-11-22T07:10:43.995Z"
151230484,"TDC","1700637030","b","100","10100","389000","2023-11-22T07:10:43.995Z","2023-11-22T07:10:43.995Z"
151230142,"TDC","1700637019","b","100","10100","388900","2023-11-22T07:10:32.999Z","2023-11-22T07:10:32.999Z"
151229903,"TDC","1700637014","s","700","10050","388200","2023-11-22T07:10:29.013Z","2023-11-22T07:10:29.013Z"
151227853,"TDC","1700636966","b","2000","10100","386200","2023-11-22T07:09:39.987Z","2023-11-22T07:09:39.987Z"
151224765,"TDC","1700636878","s","5000","10050","386200","2023-11-22T07:08:11.990Z","2023-11-22T07:08:11.990Z"
151224108,"TDC","1700636848","s","1500","10050","378200","2023-11-22T07:07:41.984Z","2023-11-22T07:07:41.984Z"
151224107,"TDC","1700636848","s","100","10050","378200","2023-11-22T07:07:41.984Z","2023-11-22T07:07:41.984Z"
151224106,"TDC","1700636848","s","500","10050","378200","2023-11-22T07:07:41.984Z","2023-11-22T07:07:41.984Z"
151224105,"TDC","1700636848","s","900","10100","378200","2023-11-22T07:07:41.984Z","2023-11-22T07:07:41.984Z"
151223715,"TDC","1700636835","s","200","10050","376200","2023-11-22T07:07:28.993Z","2023-11-22T07:07:28.993Z"
151223714,"TDC","1700636835","s","1000","10050","376200","2023-11-22T07:07:28.993Z","2023-11-22T07:07:28.993Z"
151223713,"TDC","1700636835","s","500","10050","376200","2023-11-22T07:07:28.993Z","2023-11-22T07:07:28.993Z"
151223712,"TDC","1700636835","s","300","10100","376200","2023-11-22T07:07:28.993Z","2023-11-22T07:07:28.993Z"
151222113,"TDC","1700636772","s","4000","10100","376200","2023-11-22T07:06:26.025Z","2023-11-22T07:06:26.025Z"
151221409,"TDC","1700636742","s","700","10100","372200","2023-11-22T07:05:56.988Z","2023-11-22T07:05:56.988Z"
151221408,"TDC","1700636742","s","500","10100","372200","2023-11-22T07:05:56.988Z","2023-11-22T07:05:56.988Z"
151221407,"TDC","1700636742","s","100","10100","372200","2023-11-22T07:05:56.988Z","2023-11-22T07:05:56.988Z"
151221406,"TDC","1700636742","s","200","10100","372200","2023-11-22T07:05:56.988Z","2023-11-22T07:05:56.988Z"
151219972,"TDC","1700636686","s","5000","10100","370700","2023-11-22T07:04:59.981Z","2023-11-22T07:04:59.981Z"
151212245,"TDC","1700636433","b","5000","10100","365700","2023-11-22T07:00:45.980Z","2023-11-22T07:00:45.980Z"
151208724,"TDC","1700636327","s","200","10050","360700","2023-11-22T06:59:00.979Z","2023-11-22T06:59:00.979Z"
151200043,"TDC","1700636145","s","600","10000","360500","2023-11-22T06:55:58.989Z","2023-11-22T06:55:58.989Z"
151200042,"TDC","1700636145","s","1000","10000","360500","2023-11-22T06:55:58.989Z","2023-11-22T06:55:58.989Z"
151200041,"TDC","1700636145","s","500","10000","360500","2023-11-22T06:55:58.989Z","2023-11-22T06:55:58.989Z"
151200040,"TDC","1700636145","s","100","10000","360500","2023-11-22T06:55:58.989Z","2023-11-22T06:55:58.989Z"
151200039,"TDC","1700636145","s","5000","10000","360500","2023-11-22T06:55:58.989Z","2023-11-22T06:55:58.989Z"
151200038,"TDC","1700636145","s","100","10000","360500","2023-11-22T06:55:58.989Z","2023-11-22T06:55:58.989Z"
151200037,"TDC","1700636145","s","200","10000","360500","2023-11-22T06:55:58.989Z","2023-11-22T06:55:58.989Z"
151200036,"TDC","1700636145","s","6000","10000","360500","2023-11-22T06:55:58.989Z","2023-11-22T06:55:58.989Z"
151200035,"TDC","1700636145","s","200","10000","360500","2023-11-22T06:55:58.989Z","2023-11-22T06:55:58.989Z"
151200034,"TDC","1700636145","s","1000","10000","360500","2023-11-22T06:55:58.989Z","2023-11-22T06:55:58.989Z"
151200033,"TDC","1700636145","s","3000","10000","360500","2023-11-22T06:55:58.989Z","2023-11-22T06:55:58.989Z"
151200032,"TDC","1700636145","s","1000","10000","360500","2023-11-22T06:55:58.989Z","2023-11-22T06:55:58.989Z"
151200031,"TDC","1700636145","s","200","10050","360500","2023-11-22T06:55:58.989Z","2023-11-22T06:55:58.989Z"
151200030,"TDC","1700636145","s","200","10050","360500","2023-11-22T06:55:58.989Z","2023-11-22T06:55:58.989Z"
151200029,"TDC","1700636145","s","100","10050","360500","2023-11-22T06:55:58.989Z","2023-11-22T06:55:58.989Z"
151200028,"TDC","1700636145","s","400","10050","360500","2023-11-22T06:55:58.989Z","2023-11-22T06:55:58.989Z"
151200027,"TDC","1700636145","s","400","10050","360500","2023-11-22T06:55:58.989Z","2023-11-22T06:55:58.989Z"
151195835,"TDC","1700636092","s","100","10050","340500","2023-11-22T06:55:07.007Z","2023-11-22T06:55:07.007Z"
151195834,"TDC","1700636092","s","200","10050","340500","2023-11-22T06:55:07.007Z","2023-11-22T06:55:07.007Z"
151195833,"TDC","1700636092","s","200","10050","340500","2023-11-22T06:55:07.007Z","2023-11-22T06:55:07.007Z"
151195791,"TDC","1700636092","s","200","10050","340000","2023-11-22T06:55:06.020Z","2023-11-22T06:55:06.020Z"
151195790,"TDC","1700636092","s","500","10050","340000","2023-11-22T06:55:06.020Z","2023-11-22T06:55:06.020Z"
151195789,"TDC","1700636092","s","200","10050","340000","2023-11-22T06:55:06.020Z","2023-11-22T06:55:06.020Z"
151195788,"TDC","1700636092","s","100","10050","340000","2023-11-22T06:55:06.020Z","2023-11-22T06:55:06.020Z"
151186363,"TDC","1700635996","s","500","10100","339000","2023-11-22T06:53:30.040Z","2023-11-22T06:53:30.040Z"
151186362,"TDC","1700635996","s","200","10100","339000","2023-11-22T06:53:30.040Z","2023-11-22T06:53:30.040Z"
151186361,"TDC","1700635996","s","300","10100","339000","2023-11-22T06:53:30.040Z","2023-11-22T06:53:30.040Z"
151185148,"TDC","1700635983","s","700","10100","338000","2023-11-22T06:53:18.027Z","2023-11-22T06:53:18.027Z"
151185147,"TDC","1700635983","s","400","10100","338000","2023-11-22T06:53:18.027Z","2023-11-22T06:53:18.027Z"
151185146,"TDC","1700635983","s","2000","10100","338000","2023-11-22T06:53:18.027Z","2023-11-22T06:53:18.027Z"
151184018,"TDC","1700635971","s","4000","10100","334900","2023-11-22T06:53:05.025Z","2023-11-22T06:53:05.025Z"
151183557,"TDC","1700635964","s","3000","10100","330900","2023-11-22T06:52:58.993Z","2023-11-22T06:52:58.993Z"
151183491,"TDC","1700635963","s","1000","10100","326900","2023-11-22T06:52:56.997Z","2023-11-22T06:52:56.997Z"
151169673,"TDC","1700635651","s","400","10100","326500","2023-11-22T06:47:43.976Z","2023-11-22T06:47:43.976Z"
151165286,"TDC","1700635523","s","100","10100","326400","2023-11-22T06:45:36.994Z","2023-11-22T06:45:36.994Z"
151165016,"TDC","1700635514","s","1500","10100","321400","2023-11-22T06:45:28.057Z","2023-11-22T06:45:28.057Z"
