"id","symbol","truncTime","matchType","matchVol","matchPrice","accumulatedVolume","createdAt","updatedAt"
151299462,"VJC","1700639097","unknown","17100","108200","781100","2023-11-22T07:45:10.099Z","2023-11-22T07:45:10.099Z"
151296182,"VJC","1700638148","b","100","108100","764000","2023-11-22T07:29:23.047Z","2023-11-22T07:29:23.047Z"
151296181,"VJC","1700638148","b","2400","108100","764000","2023-11-22T07:29:23.047Z","2023-11-22T07:29:23.047Z"
151293438,"VJC","1700638105","b","500","108100","761000","2023-11-22T07:28:39.030Z","2023-11-22T07:28:39.030Z"
151292765,"VJC","1700638094","b","200","108100","761000","2023-11-22T07:28:29.070Z","2023-11-22T07:28:29.070Z"
151292662,"VJC","1700638093","b","200","108100","760800","2023-11-22T07:28:27.028Z","2023-11-22T07:28:27.028Z"
151292661,"VJC","1700638093","b","100","108000","760800","2023-11-22T07:28:27.028Z","2023-11-22T07:28:27.028Z"
151292660,"VJC","1700638093","b","100","108000","760800","2023-11-22T07:28:27.028Z","2023-11-22T07:28:27.028Z"
151292659,"VJC","1700638093","b","100","107200","760800","2023-11-22T07:28:27.028Z","2023-11-22T07:28:27.028Z"
151292271,"VJC","1700638085","s","400","107200","760300","2023-11-22T07:28:19.037Z","2023-11-22T07:28:19.037Z"
151291935,"VJC","1700638079","b","100","108000","759900","2023-11-22T07:28:14.037Z","2023-11-22T07:28:14.037Z"
151291377,"VJC","1700638068","s","100","107200","759800","2023-11-22T07:28:02.047Z","2023-11-22T07:28:02.047Z"
151290022,"VJC","1700638046","b","1500","108100","758200","2023-11-22T07:27:40.028Z","2023-11-22T07:27:40.028Z"
151289204,"VJC","1700638034","b","200","108100","757700","2023-11-22T07:27:29.035Z","2023-11-22T07:27:29.035Z"
151289203,"VJC","1700638034","b","300","108100","757700","2023-11-22T07:27:29.035Z","2023-11-22T07:27:29.035Z"
151288100,"VJC","1700638013","b","1000","108100","757700","2023-11-22T07:27:06.047Z","2023-11-22T07:27:06.047Z"
151288015,"VJC","1700638012","b","1400","108100","756700","2023-11-22T07:27:05.052Z","2023-11-22T07:27:05.052Z"
151288014,"VJC","1700638012","b","100","108000","756700","2023-11-22T07:27:05.052Z","2023-11-22T07:27:05.052Z"
151285002,"VJC","1700637961","b","1500","108100","755200","2023-11-22T07:26:15.106Z","2023-11-22T07:26:15.106Z"
151284523,"VJC","1700637954","b","1000","108100","753700","2023-11-22T07:26:08.024Z","2023-11-22T07:26:08.024Z"
151283686,"VJC","1700637941","b","1500","108100","751200","2023-11-22T07:25:55.034Z","2023-11-22T07:25:55.034Z"
151283552,"VJC","1700637939","b","1000","108100","751200","2023-11-22T07:25:53.047Z","2023-11-22T07:25:53.047Z"
151283039,"VJC","1700637931","b","300","108100","750200","2023-11-22T07:25:45.046Z","2023-11-22T07:25:45.046Z"
151282636,"VJC","1700637923","b","700","108100","749900","2023-11-22T07:25:37.038Z","2023-11-22T07:25:37.038Z"
151282635,"VJC","1700637923","b","200","108100","749900","2023-11-22T07:25:37.038Z","2023-11-22T07:25:37.038Z"
151282634,"VJC","1700637923","b","500","108100","749900","2023-11-22T07:25:37.038Z","2023-11-22T07:25:37.038Z"
151282633,"VJC","1700637923","b","100","108100","749900","2023-11-22T07:25:37.038Z","2023-11-22T07:25:37.038Z"
151282340,"VJC","1700637919","b","200","108100","748400","2023-11-22T07:25:33.040Z","2023-11-22T07:25:33.040Z"
151282224,"VJC","1700637918","b","300","108100","748200","2023-11-22T07:25:32.103Z","2023-11-22T07:25:32.103Z"
151282223,"VJC","1700637918","b","700","107500","748200","2023-11-22T07:25:32.103Z","2023-11-22T07:25:32.103Z"
151271206,"VJC","1700637757","b","100","108200","747200","2023-11-22T07:22:51.038Z","2023-11-22T07:22:51.038Z"
151271205,"VJC","1700637757","b","100","108200","747200","2023-11-22T07:22:51.038Z","2023-11-22T07:22:51.038Z"
151270724,"VJC","1700637752","b","1500","108200","747000","2023-11-22T07:22:46.044Z","2023-11-22T07:22:46.044Z"
151270580,"VJC","1700637750","b","1000","108200","745500","2023-11-22T07:22:45.056Z","2023-11-22T07:22:45.056Z"
151270080,"VJC","1700637743","b","200","108200","744500","2023-11-22T07:22:37.099Z","2023-11-22T07:22:37.099Z"
151270079,"VJC","1700637743","b","100","108100","744500","2023-11-22T07:22:37.099Z","2023-11-22T07:22:37.099Z"
151270078,"VJC","1700637743","b","700","108100","744500","2023-11-22T07:22:37.099Z","2023-11-22T07:22:37.099Z"
151269709,"VJC","1700637738","b","1300","108100","743500","2023-11-22T07:22:32.084Z","2023-11-22T07:22:32.084Z"
151269708,"VJC","1700637738","b","100","108100","743500","2023-11-22T07:22:32.084Z","2023-11-22T07:22:32.084Z"
151269707,"VJC","1700637738","b","100","108000","743500","2023-11-22T07:22:32.084Z","2023-11-22T07:22:32.084Z"
151269534,"VJC","1700637737","b","400","108100","742000","2023-11-22T07:22:31.056Z","2023-11-22T07:22:31.056Z"
151269533,"VJC","1700637737","b","100","108000","742000","2023-11-22T07:22:31.056Z","2023-11-22T07:22:31.056Z"
151269532,"VJC","1700637737","b","100","108000","742000","2023-11-22T07:22:31.056Z","2023-11-22T07:22:31.056Z"
151269196,"VJC","1700637735","b","400","108000","741400","2023-11-22T07:22:29.035Z","2023-11-22T07:22:29.035Z"
151269195,"VJC","1700637735","b","500","108000","741400","2023-11-22T07:22:29.035Z","2023-11-22T07:22:29.035Z"
151269194,"VJC","1700637735","b","100","108000","741400","2023-11-22T07:22:29.035Z","2023-11-22T07:22:29.035Z"
151269130,"VJC","1700637734","b","900","108000","740400","2023-11-22T07:22:28.015Z","2023-11-22T07:22:28.015Z"
151268785,"VJC","1700637728","b","1000","108000","739500","2023-11-22T07:22:22.041Z","2023-11-22T07:22:22.041Z"
151268514,"VJC","1700637723","b","1000","108000","738500","2023-11-22T07:22:17.047Z","2023-11-22T07:22:17.047Z"
151268513,"VJC","1700637723","b","100","108000","738500","2023-11-22T07:22:17.047Z","2023-11-22T07:22:17.047Z"
151268512,"VJC","1700637723","b","100","108000","738500","2023-11-22T07:22:17.047Z","2023-11-22T07:22:17.047Z"
151268511,"VJC","1700637723","b","300","107900","738500","2023-11-22T07:22:17.047Z","2023-11-22T07:22:17.047Z"
151268322,"VJC","1700637720","b","600","107900","737000","2023-11-22T07:22:14.036Z","2023-11-22T07:22:14.036Z"
151268321,"VJC","1700637720","b","100","107800","737000","2023-11-22T07:22:14.036Z","2023-11-22T07:22:14.036Z"
151268320,"VJC","1700637720","b","100","107600","737000","2023-11-22T07:22:14.036Z","2023-11-22T07:22:14.036Z"
151268319,"VJC","1700637720","b","100","107600","737000","2023-11-22T07:22:14.036Z","2023-11-22T07:22:14.036Z"
151268318,"VJC","1700637720","b","100","107500","737000","2023-11-22T07:22:14.036Z","2023-11-22T07:22:14.036Z"
151267727,"VJC","1700637713","b","100","107500","736000","2023-11-22T07:22:08.017Z","2023-11-22T07:22:08.017Z"
151267726,"VJC","1700637713","b","100","107500","736000","2023-11-22T07:22:08.017Z","2023-11-22T07:22:08.017Z"
151267725,"VJC","1700637713","b","800","107300","736000","2023-11-22T07:22:08.017Z","2023-11-22T07:22:08.017Z"
151267289,"VJC","1700637709","b","900","107300","735000","2023-11-22T07:22:03.016Z","2023-11-22T07:22:03.016Z"
151266837,"VJC","1700637700","s","1000","107200","734100","2023-11-22T07:21:53.026Z","2023-11-22T07:21:53.026Z"
151258896,"VJC","1700637585","b","200","107300","733100","2023-11-22T07:19:59.050Z","2023-11-22T07:19:59.050Z"
151258895,"VJC","1700637585","b","200","107200","733100","2023-11-22T07:19:59.050Z","2023-11-22T07:19:59.050Z"
151258894,"VJC","1700637585","b","100","107200","733100","2023-11-22T07:19:59.050Z","2023-11-22T07:19:59.050Z"
151258893,"VJC","1700637585","b","500","107200","733100","2023-11-22T07:19:59.050Z","2023-11-22T07:19:59.050Z"
151257859,"VJC","1700637574","b","1000","107200","732100","2023-11-22T07:19:48.105Z","2023-11-22T07:19:48.105Z"
151256100,"VJC","1700637534","b","300","107100","731100","2023-11-22T07:19:08.014Z","2023-11-22T07:19:08.014Z"
151256099,"VJC","1700637534","b","100","107100","731100","2023-11-22T07:19:08.014Z","2023-11-22T07:19:08.014Z"
151256098,"VJC","1700637534","b","100","106800","731100","2023-11-22T07:19:08.014Z","2023-11-22T07:19:08.014Z"
151256097,"VJC","1700637534","b","300","106700","731100","2023-11-22T07:19:08.014Z","2023-11-22T07:19:08.014Z"
151256096,"VJC","1700637534","b","100","106700","731100","2023-11-22T07:19:08.014Z","2023-11-22T07:19:08.014Z"
151243994,"VJC","1700637337","b","1000","106700","730200","2023-11-22T07:15:51.042Z","2023-11-22T07:15:51.042Z"
151242641,"VJC","1700637313","b","700","106700","729200","2023-11-22T07:15:27.029Z","2023-11-22T07:15:27.029Z"
151242640,"VJC","1700637313","b","300","106600","729200","2023-11-22T07:15:27.029Z","2023-11-22T07:15:27.029Z"
151242090,"VJC","1700637304","b","300","106600","728200","2023-11-22T07:15:18.038Z","2023-11-22T07:15:18.038Z"
151242089,"VJC","1700637304","b","300","106600","728200","2023-11-22T07:15:18.038Z","2023-11-22T07:15:18.038Z"
151242088,"VJC","1700637304","b","400","106600","728200","2023-11-22T07:15:18.038Z","2023-11-22T07:15:18.038Z"
151241809,"VJC","1700637299","b","1000","106600","727200","2023-11-22T07:15:14.050Z","2023-11-22T07:15:14.050Z"
151229959,"VJC","1700637015","b","200","106600","726200","2023-11-22T07:10:30.000Z","2023-11-22T07:10:30.000Z"
151229507,"VJC","1700637004","s","100","106500","726000","2023-11-22T07:10:18.018Z","2023-11-22T07:10:18.018Z"
151229131,"VJC","1700636997","b","1000","106600","724900","2023-11-22T07:10:11.001Z","2023-11-22T07:10:11.001Z"
151228621,"VJC","1700636984","s","400","106500","724900","2023-11-22T07:09:57.997Z","2023-11-22T07:09:57.997Z"
151227079,"VJC","1700636943","s","500","106500","724000","2023-11-22T07:09:16.004Z","2023-11-22T07:09:16.004Z"
151226831,"VJC","1700636936","b","300","106600","724000","2023-11-22T07:09:10.005Z","2023-11-22T07:09:10.005Z"
151226830,"VJC","1700636936","b","700","106600","724000","2023-11-22T07:09:10.005Z","2023-11-22T07:09:10.005Z"
151226124,"VJC","1700636916","b","300","106500","723000","2023-11-22T07:08:50.001Z","2023-11-22T07:08:50.001Z"
151226123,"VJC","1700636916","b","100","106500","723000","2023-11-22T07:08:50.001Z","2023-11-22T07:08:50.001Z"
151225987,"VJC","1700636912","b","700","106500","722600","2023-11-22T07:08:45.988Z","2023-11-22T07:08:45.988Z"
151225476,"VJC","1700636897","b","700","106500","721900","2023-11-22T07:08:32.014Z","2023-11-22T07:08:32.014Z"
151225475,"VJC","1700636897","b","800","106500","721900","2023-11-22T07:08:32.014Z","2023-11-22T07:08:32.014Z"
151225213,"VJC","1700636889","b","900","106500","720400","2023-11-22T07:08:22.988Z","2023-11-22T07:08:22.988Z"
151218800,"VJC","1700636640","b","100","105500","719500","2023-11-22T07:04:14.983Z","2023-11-22T07:04:14.983Z"
151217655,"VJC","1700636611","b","200","105500","719400","2023-11-22T07:03:44.994Z","2023-11-22T07:03:44.994Z"
151217325,"VJC","1700636598","b","200","105500","719200","2023-11-22T07:03:31.989Z","2023-11-22T07:03:31.989Z"
151216903,"VJC","1700636584","b","100","105500","719000","2023-11-22T07:03:18.981Z","2023-11-22T07:03:18.981Z"
151215796,"VJC","1700636543","s","100","105500","718700","2023-11-22T07:02:37.999Z","2023-11-22T07:02:37.999Z"
151215795,"VJC","1700636543","s","100","105500","718700","2023-11-22T07:02:37.999Z","2023-11-22T07:02:37.999Z"
151214514,"VJC","1700636506","s","500","106000","718200","2023-11-22T07:02:00.038Z","2023-11-22T07:02:00.038Z"
151213912,"VJC","1700636488","s","500","106000","718200","2023-11-22T07:01:42.013Z","2023-11-22T07:01:42.013Z"
