"id","symbol","truncTime","matchType","matchVol","matchPrice","accumulatedVolume","createdAt","updatedAt"
152626081,"APS","1701071118","b","147700","6800","488600","2023-11-27T07:45:20.740Z","2023-11-27T07:45:20.740Z"
152624857,"APS","1701070193","b","3200","6900","340900","2023-11-27T07:29:54.747Z","2023-11-27T07:29:54.747Z"
152620761,"APS","1701070120","s","6900","6800","337700","2023-11-27T07:28:42.733Z","2023-11-27T07:28:42.733Z"
152619916,"APS","1701070102","s","100","6800","330800","2023-11-27T07:28:23.738Z","2023-11-27T07:28:23.738Z"
152619468,"APS","1701070092","b","200","6900","330700","2023-11-27T07:28:13.737Z","2023-11-27T07:28:13.737Z"
152617618,"APS","1701070046","b","200","6900","330500","2023-11-27T07:27:27.725Z","2023-11-27T07:27:27.725Z"
152615839,"APS","1701070002","s","500","6800","330300","2023-11-27T07:26:43.728Z","2023-11-27T07:26:43.728Z"
152607341,"APS","1701069848","b","10400","6900","329800","2023-11-27T07:24:10.799Z","2023-11-27T07:24:10.799Z"
152606736,"APS","1701069838","s","600","6900","319400","2023-11-27T07:24:00.799Z","2023-11-27T07:24:00.799Z"
152606329,"APS","1701069832","s","500","6900","318800","2023-11-27T07:23:53.759Z","2023-11-27T07:23:53.759Z"
152605850,"APS","1701069825","s","1000","6900","318300","2023-11-27T07:23:47.746Z","2023-11-27T07:23:47.746Z"
152605817,"APS","1701069824","s","3200","6900","317300","2023-11-27T07:23:46.823Z","2023-11-27T07:23:46.823Z"
152584618,"APS","1701069534","s","100","6900","314100","2023-11-27T07:18:56.715Z","2023-11-27T07:18:56.715Z"
152582357,"APS","1701069426","s","300","6900","314000","2023-11-27T07:17:07.713Z","2023-11-27T07:17:07.713Z"
152581671,"APS","1701069393","unknown","300","6900","313700","2023-11-27T07:16:35.723Z","2023-11-27T07:16:35.723Z"
152581075,"APS","1701069368","b","1300","6900","313400","2023-11-27T07:16:10.721Z","2023-11-27T07:16:10.721Z"
152580743,"APS","1701069357","b","300","6900","312100","2023-11-27T07:15:59.720Z","2023-11-27T07:15:59.720Z"
152579363,"APS","1701069295","b","200","6900","311800","2023-11-27T07:14:56.713Z","2023-11-27T07:14:56.713Z"
152579244,"APS","1701069291","b","2000","6900","311600","2023-11-27T07:14:52.716Z","2023-11-27T07:14:52.716Z"
152577979,"APS","1701069243","s","1000","6900","309600","2023-11-27T07:14:05.753Z","2023-11-27T07:14:05.753Z"
152577795,"APS","1701069238","s","5000","6900","308600","2023-11-27T07:14:00.712Z","2023-11-27T07:14:00.712Z"
152577548,"APS","1701069228","s","1500","6900","303600","2023-11-27T07:13:49.724Z","2023-11-27T07:13:49.724Z"
152577321,"APS","1701069221","s","2800","6900","302100","2023-11-27T07:13:42.713Z","2023-11-27T07:13:42.713Z"
152574582,"APS","1701069141","s","5000","6900","299300","2023-11-27T07:12:23.710Z","2023-11-27T07:12:23.710Z"
152563456,"APS","1701068769","s","500","6900","294300","2023-11-27T07:06:10.705Z","2023-11-27T07:06:10.705Z"
152545036,"APS","1701068082","b","400","6900","293800","2023-11-27T06:54:43.733Z","2023-11-27T06:54:43.733Z"
152543888,"APS","1701068021","b","100","6900","293400","2023-11-27T06:53:42.694Z","2023-11-27T06:53:42.694Z"
152543702,"APS","1701068013","s","1000","6900","293300","2023-11-27T06:53:34.692Z","2023-11-27T06:53:34.692Z"
152542427,"APS","1701067946","unknown","1000","6900","292300","2023-11-27T06:52:27.690Z","2023-11-27T06:52:27.690Z"
152536939,"APS","1701067670","b","300","6900","291300","2023-11-27T06:47:52.697Z","2023-11-27T06:47:52.697Z"
152536664,"APS","1701067656","s","500","6900","291000","2023-11-27T06:47:37.692Z","2023-11-27T06:47:37.692Z"
152535285,"APS","1701067586","s","7400","6900","290500","2023-11-27T06:46:28.693Z","2023-11-27T06:46:28.693Z"
152533687,"APS","1701067513","s","1000","6900","283100","2023-11-27T06:45:14.694Z","2023-11-27T06:45:14.694Z"
152525572,"APS","1701067140","s","100","6900","282100","2023-11-27T06:39:01.684Z","2023-11-27T06:39:01.684Z"
152521464,"APS","1701066951","s","100","6900","282000","2023-11-27T06:35:52.694Z","2023-11-27T06:35:52.694Z"
152519150,"APS","1701066857","b","600","6900","281900","2023-11-27T06:34:18.682Z","2023-11-27T06:34:18.682Z"
152519079,"APS","1701066855","s","100","6800","281300","2023-11-27T06:34:16.677Z","2023-11-27T06:34:16.677Z"
152519002,"APS","1701066850","b","100","6900","281200","2023-11-27T06:34:11.687Z","2023-11-27T06:34:11.687Z"
152518839,"APS","1701066844","b","100","6900","281100","2023-11-27T06:34:05.685Z","2023-11-27T06:34:05.685Z"
152518565,"APS","1701066831","b","1000","6900","281000","2023-11-27T06:33:52.695Z","2023-11-27T06:33:52.695Z"
152517907,"APS","1701066810","b","500","6900","280000","2023-11-27T06:33:32.693Z","2023-11-27T06:33:32.693Z"
152517020,"APS","1701066779","b","2000","6900","279500","2023-11-27T06:33:00.691Z","2023-11-27T06:33:00.691Z"
152516658,"APS","1701066767","b","500","6900","277500","2023-11-27T06:32:48.691Z","2023-11-27T06:32:48.691Z"
152516409,"APS","1701066759","b","2000","6900","277000","2023-11-27T06:32:40.690Z","2023-11-27T06:32:40.690Z"
152516303,"APS","1701066756","b","300","6900","275000","2023-11-27T06:32:37.688Z","2023-11-27T06:32:37.688Z"
152516162,"APS","1701066753","b","100","6900","274700","2023-11-27T06:32:34.693Z","2023-11-27T06:32:34.693Z"
152512721,"APS","1701066629","b","100","6900","274600","2023-11-27T06:30:30.682Z","2023-11-27T06:30:30.682Z"
152512094,"APS","1701066594","b","100","6900","274500","2023-11-27T06:29:54.681Z","2023-11-27T06:29:54.681Z"
152511387,"APS","1701066557","b","1500","6900","274400","2023-11-27T06:29:18.677Z","2023-11-27T06:29:18.677Z"
152510711,"APS","1701066523","s","600","6800","272900","2023-11-27T06:28:44.683Z","2023-11-27T06:28:44.683Z"
152509692,"APS","1701066476","b","1500","6900","272300","2023-11-27T06:27:56.690Z","2023-11-27T06:27:56.690Z"
152509507,"APS","1701066466","b","2400","6900","270800","2023-11-27T06:27:46.685Z","2023-11-27T06:27:46.685Z"
152509085,"APS","1701066448","b","1500","6900","268400","2023-11-27T06:27:28.678Z","2023-11-27T06:27:28.678Z"
152507848,"APS","1701066390","b","5000","6900","266900","2023-11-27T06:26:31.674Z","2023-11-27T06:26:31.674Z"
152506803,"APS","1701066356","b","100","6900","261900","2023-11-27T06:25:57.673Z","2023-11-27T06:25:57.673Z"
152504660,"APS","1701066253","b","1700","6900","261800","2023-11-27T06:24:14.675Z","2023-11-27T06:24:14.675Z"
152504605,"APS","1701066251","b","5000","6900","260100","2023-11-27T06:24:12.690Z","2023-11-27T06:24:12.690Z"
152501690,"APS","1701066134","b","100","6900","255100","2023-11-27T06:22:15.672Z","2023-11-27T06:22:15.672Z"
152497574,"APS","1701065964","b","5000","6900","255000","2023-11-27T06:19:24.674Z","2023-11-27T06:19:24.674Z"
152495510,"APS","1701065881","b","1000","6900","250000","2023-11-27T06:18:03.671Z","2023-11-27T06:18:03.671Z"
152491416,"APS","1701065711","s","1000","6900","249000","2023-11-27T06:15:12.677Z","2023-11-27T06:15:12.677Z"
152487903,"APS","1701065552","s","2600","6900","248000","2023-11-27T06:12:33.668Z","2023-11-27T06:12:33.668Z"
152487654,"APS","1701065539","b","5000","6900","245400","2023-11-27T06:12:20.674Z","2023-11-27T06:12:20.674Z"
152487581,"APS","1701065536","b","3100","6900","240400","2023-11-27T06:12:17.663Z","2023-11-27T06:12:17.663Z"
152486577,"APS","1701065481","b","5000","6900","237300","2023-11-27T06:11:23.679Z","2023-11-27T06:11:23.679Z"
152486359,"APS","1701065473","b","100","6900","232300","2023-11-27T06:11:15.661Z","2023-11-27T06:11:15.661Z"
152485933,"APS","1701065452","b","1400","6900","232200","2023-11-27T06:10:53.660Z","2023-11-27T06:10:53.660Z"
152482842,"APS","1701065308","b","200","6900","230800","2023-11-27T06:08:29.664Z","2023-11-27T06:08:29.664Z"
152480287,"APS","1701065193","b","2400","6900","230600","2023-11-27T06:06:34.656Z","2023-11-27T06:06:34.656Z"
152478597,"APS","1701065136","b","11400","6900","228200","2023-11-27T06:05:38.656Z","2023-11-27T06:05:38.656Z"
152473400,"APS","1701064959","s","600","6900","216800","2023-11-27T06:02:40.651Z","2023-11-27T06:02:40.651Z"
152472282,"APS","1701064911","b","11400","6900","216200","2023-11-27T06:01:52.654Z","2023-11-27T06:01:52.654Z"
152469538,"APS","1701064818","s","500","6900","204800","2023-11-27T06:00:19.681Z","2023-11-27T06:00:19.681Z"
152455415,"APS","1701058463","s","200","6900","204300","2023-11-27T04:14:24.551Z","2023-11-27T04:14:24.551Z"
152453989,"APS","1701058358","s","10000","6900","204100","2023-11-27T04:12:40.557Z","2023-11-27T04:12:40.557Z"
152448326,"APS","1701058026","s","1000","6900","194100","2023-11-27T04:07:07.551Z","2023-11-27T04:07:07.551Z"
152446074,"APS","1701057915","s","2000","6900","193100","2023-11-27T04:05:16.545Z","2023-11-27T04:05:16.545Z"
152445802,"APS","1701057901","s","2400","6900","191100","2023-11-27T04:05:02.552Z","2023-11-27T04:05:02.552Z"
152438903,"APS","1701057608","s","500","6900","188700","2023-11-27T04:00:09.538Z","2023-11-27T04:00:09.538Z"
152435892,"APS","1701057413","b","500","6900","188200","2023-11-27T03:56:53.536Z","2023-11-27T03:56:53.536Z"
152433475,"APS","1701057190","b","3000","6900","187700","2023-11-27T03:53:10.533Z","2023-11-27T03:53:10.533Z"
152433377,"APS","1701057181","b","100","6900","184700","2023-11-27T03:53:01.532Z","2023-11-27T03:53:01.532Z"
152432808,"APS","1701057129","b","77900","6900","184600","2023-11-27T03:52:10.538Z","2023-11-27T03:52:10.538Z"
152431860,"APS","1701057044","s","7500","6900","106700","2023-11-27T03:50:45.536Z","2023-11-27T03:50:45.536Z"
152427543,"APS","1701056719","s","800","6900","99200","2023-11-27T03:45:20.530Z","2023-11-27T03:45:20.530Z"
152420824,"APS","1701056340","s","2200","6900","98400","2023-11-27T03:39:01.521Z","2023-11-27T03:39:01.521Z"
152419820,"APS","1701056287","s","5000","6900","96200","2023-11-27T03:38:07.519Z","2023-11-27T03:38:07.519Z"
152419711,"APS","1701056282","b","200","7000","91200","2023-11-27T03:38:02.526Z","2023-11-27T03:38:02.526Z"
152416711,"APS","1701056129","b","100","7000","91000","2023-11-27T03:35:30.516Z","2023-11-27T03:35:30.516Z"
152403424,"APS","1701055034","b","500","7000","90900","2023-11-27T03:17:14.484Z","2023-11-27T03:17:14.484Z"
152399259,"APS","1701054719","b","1000","7000","90400","2023-11-27T03:12:00.479Z","2023-11-27T03:12:00.479Z"
152397696,"APS","1701054626","s","1200","7000","89400","2023-11-27T03:10:27.468Z","2023-11-27T03:10:27.468Z"
152390816,"APS","1701054272","b","500","7100","88200","2023-11-27T03:04:34.466Z","2023-11-27T03:04:34.466Z"
152389497,"APS","1701054192","b","400","7100","87700","2023-11-27T03:03:14.464Z","2023-11-27T03:03:14.464Z"
152387909,"APS","1701054107","s","100","7000","87300","2023-11-27T03:01:48.459Z","2023-11-27T03:01:48.459Z"
152386507,"APS","1701054020","b","300","7000","87200","2023-11-27T03:00:22.462Z","2023-11-27T03:00:22.462Z"
152376628,"APS","1701053439","b","100","7000","86900","2023-11-27T02:50:40.455Z","2023-11-27T02:50:40.455Z"
152376365,"APS","1701053418","b","200","7000","86800","2023-11-27T02:50:19.452Z","2023-11-27T02:50:19.452Z"
152374662,"APS","1701053312","b","100","7000","86600","2023-11-27T02:48:33.450Z","2023-11-27T02:48:33.450Z"
152374378,"APS","1701053287","b","500","7000","86500","2023-11-27T02:48:08.451Z","2023-11-27T02:48:08.451Z"
