"id","symbol","truncTime","matchType","matchVol","matchPrice","accumulatedVolume","createdAt","updatedAt"
152626044,"ITA","1701071094","unknown","241900","5750","3931400","2023-11-27T07:45:06.772Z","2023-11-27T07:45:06.772Z"
152625260,"ITA","1701070188","b","400","5800","3689100","2023-11-27T07:30:00.740Z","2023-11-27T07:30:00.740Z"
152625253,"ITA","1701070188","b","200","5800","3689100","2023-11-27T07:30:00.740Z","2023-11-27T07:30:00.740Z"
152624669,"ITA","1701070179","s","2000","5800","3688900","2023-11-27T07:29:51.742Z","2023-11-27T07:29:51.742Z"
152624575,"ITA","1701070178","s","4000","5800","3686900","2023-11-27T07:29:50.750Z","2023-11-27T07:29:50.750Z"
152624518,"ITA","1701070176","s","5500","5800","3682900","2023-11-27T07:29:49.733Z","2023-11-27T07:29:49.733Z"
152624412,"ITA","1701070175","b","1000","5800","3677400","2023-11-27T07:29:47.767Z","2023-11-27T07:29:47.767Z"
152624411,"ITA","1701070175","b","7500","5800","3677400","2023-11-27T07:29:47.767Z","2023-11-27T07:29:47.767Z"
152624349,"ITA","1701070174","s","1000","5790","3668900","2023-11-27T07:29:47.767Z","2023-11-27T07:29:47.767Z"
152623402,"ITA","1701070157","b","1000","5800","3667900","2023-11-27T07:29:29.736Z","2023-11-27T07:29:29.736Z"
152622912,"ITA","1701070150","s","200","5790","3666900","2023-11-27T07:29:22.752Z","2023-11-27T07:29:22.752Z"
152621890,"ITA","1701070132","b","1000","5800","3666700","2023-11-27T07:29:03.749Z","2023-11-27T07:29:03.749Z"
152621414,"ITA","1701070122","b","400","5800","3665700","2023-11-27T07:28:54.740Z","2023-11-27T07:28:54.740Z"
152621321,"ITA","1701070120","s","10000","5800","3665300","2023-11-27T07:28:52.742Z","2023-11-27T07:28:52.742Z"
152621320,"ITA","1701070120","s","100","5800","3665300","2023-11-27T07:28:52.742Z","2023-11-27T07:28:52.742Z"
152620171,"ITA","1701070097","s","1900","5800","3655200","2023-11-27T07:28:28.750Z","2023-11-27T07:28:28.750Z"
152620170,"ITA","1701070097","s","100","5800","3655200","2023-11-27T07:28:28.750Z","2023-11-27T07:28:28.750Z"
152620169,"ITA","1701070097","s","1000","5800","3655200","2023-11-27T07:28:28.750Z","2023-11-27T07:28:28.750Z"
152620168,"ITA","1701070097","s","1000","5800","3655200","2023-11-27T07:28:28.750Z","2023-11-27T07:28:28.750Z"
152619957,"ITA","1701070092","s","200","5800","3651200","2023-11-27T07:28:23.738Z","2023-11-27T07:28:23.738Z"
152619304,"ITA","1701070077","s","1000","5800","3651000","2023-11-27T07:28:09.728Z","2023-11-27T07:28:09.728Z"
152619187,"ITA","1701070074","s","200","5800","3650000","2023-11-27T07:28:06.727Z","2023-11-27T07:28:06.727Z"
152619186,"ITA","1701070074","b","2600","5800","3650000","2023-11-27T07:28:06.727Z","2023-11-27T07:28:06.727Z"
152618986,"ITA","1701070071","b","3400","5800","3617200","2023-11-27T07:28:03.804Z","2023-11-27T07:28:03.804Z"
152618985,"ITA","1701070071","b","400","5800","3617200","2023-11-27T07:28:03.804Z","2023-11-27T07:28:03.804Z"
152618984,"ITA","1701070071","b","26200","5800","3617200","2023-11-27T07:28:03.804Z","2023-11-27T07:28:03.804Z"
152618402,"ITA","1701070057","s","500","5790","3617200","2023-11-27T07:27:49.728Z","2023-11-27T07:27:49.728Z"
152617923,"ITA","1701070043","b","5000","5800","3611700","2023-11-27T07:27:35.730Z","2023-11-27T07:27:35.730Z"
152617873,"ITA","1701070042","s","4100","5790","3611700","2023-11-27T07:27:34.732Z","2023-11-27T07:27:34.732Z"
152617557,"ITA","1701070033","s","17100","5790","3607600","2023-11-27T07:27:26.748Z","2023-11-27T07:27:26.748Z"
152617556,"ITA","1701070033","s","2900","5790","3607600","2023-11-27T07:27:26.748Z","2023-11-27T07:27:26.748Z"
152617215,"ITA","1701070024","b","1600","5800","3587600","2023-11-27T07:27:15.742Z","2023-11-27T07:27:15.742Z"
152616382,"ITA","1701070003","b","14800","5800","3586000","2023-11-27T07:26:55.741Z","2023-11-27T07:26:55.741Z"
152616006,"ITA","1701069994","s","2100","5790","3571200","2023-11-27T07:26:46.733Z","2023-11-27T07:26:46.733Z"
152616005,"ITA","1701069994","s","2900","5790","3571200","2023-11-27T07:26:46.733Z","2023-11-27T07:26:46.733Z"
152615929,"ITA","1701069992","s","400","5790","3566200","2023-11-27T07:26:45.746Z","2023-11-27T07:26:45.746Z"
152615335,"ITA","1701069980","b","2400","5800","3565800","2023-11-27T07:26:32.738Z","2023-11-27T07:26:32.738Z"
152615334,"ITA","1701069980","b","500","5800","3565800","2023-11-27T07:26:32.738Z","2023-11-27T07:26:32.738Z"
152615333,"ITA","1701069980","b","1900","5800","3565800","2023-11-27T07:26:32.738Z","2023-11-27T07:26:32.738Z"
152615332,"ITA","1701069980","b","14400","5800","3565800","2023-11-27T07:26:32.738Z","2023-11-27T07:26:32.738Z"
152615288,"ITA","1701069980","b","1000","5800","3546600","2023-11-27T07:26:32.738Z","2023-11-27T07:26:32.738Z"
152615190,"ITA","1701069978","b","10000","5800","3545600","2023-11-27T07:26:30.739Z","2023-11-27T07:26:30.739Z"
152615169,"ITA","1701069977","b","1000","5800","3534600","2023-11-27T07:26:29.727Z","2023-11-27T07:26:29.727Z"
152614106,"ITA","1701069957","b","18500","5800","3534600","2023-11-27T07:26:09.735Z","2023-11-27T07:26:09.735Z"
152613623,"ITA","1701069946","b","500","5790","3516100","2023-11-27T07:25:58.727Z","2023-11-27T07:25:58.727Z"
152613622,"ITA","1701069946","b","1000","5790","3516100","2023-11-27T07:25:58.727Z","2023-11-27T07:25:58.727Z"
152613621,"ITA","1701069946","b","200","5790","3516100","2023-11-27T07:25:58.727Z","2023-11-27T07:25:58.727Z"
152611862,"ITA","1701069916","s","200","5780","3514400","2023-11-27T07:25:28.789Z","2023-11-27T07:25:28.789Z"
152611841,"ITA","1701069916","b","500","5790","3514200","2023-11-27T07:25:28.789Z","2023-11-27T07:25:28.789Z"
152611314,"ITA","1701069906","s","1000","5780","3513700","2023-11-27T07:25:19.786Z","2023-11-27T07:25:19.786Z"
152611263,"ITA","1701069905","b","1000","5780","3512700","2023-11-27T07:25:17.757Z","2023-11-27T07:25:17.757Z"
152611262,"ITA","1701069905","b","56600","5780","3512700","2023-11-27T07:25:17.757Z","2023-11-27T07:25:17.757Z"
152611261,"ITA","1701069905","b","500","5770","3512700","2023-11-27T07:25:17.757Z","2023-11-27T07:25:17.757Z"
152611260,"ITA","1701069905","b","700","5770","3512700","2023-11-27T07:25:17.757Z","2023-11-27T07:25:17.757Z"
152610091,"ITA","1701069883","s","1100","5760","3453900","2023-11-27T07:24:55.802Z","2023-11-27T07:24:55.802Z"
152610090,"ITA","1701069883","s","200","5760","3453900","2023-11-27T07:24:55.802Z","2023-11-27T07:24:55.802Z"
152610089,"ITA","1701069883","s","100","5760","3453900","2023-11-27T07:24:55.802Z","2023-11-27T07:24:55.802Z"
152610080,"ITA","1701069883","s","100","5760","3452500","2023-11-27T07:24:54.734Z","2023-11-27T07:24:54.734Z"
152610033,"ITA","1701069882","b","200","5770","3452400","2023-11-27T07:24:53.789Z","2023-11-27T07:24:53.789Z"
152610032,"ITA","1701069882","b","1000","5770","3452400","2023-11-27T07:24:53.789Z","2023-11-27T07:24:53.789Z"
152610031,"ITA","1701069882","b","800","5770","3452400","2023-11-27T07:24:53.789Z","2023-11-27T07:24:53.789Z"
152609958,"ITA","1701069881","b","200","5770","3450400","2023-11-27T07:24:52.781Z","2023-11-27T07:24:52.781Z"
152607425,"ITA","1701069840","b","500","5770","3449700","2023-11-27T07:24:12.809Z","2023-11-27T07:24:12.809Z"
152607348,"ITA","1701069838","s","500","5770","3449200","2023-11-27T07:24:10.799Z","2023-11-27T07:24:10.799Z"
152605326,"ITA","1701069807","b","1000","5770","3449200","2023-11-27T07:23:39.737Z","2023-11-27T07:23:39.737Z"
152604579,"ITA","1701069798","b","1000","5780","3448200","2023-11-27T07:23:29.737Z","2023-11-27T07:23:29.737Z"
152603924,"ITA","1701069790","b","500","5780","3446700","2023-11-27T07:23:22.762Z","2023-11-27T07:23:22.762Z"
152602531,"ITA","1701069780","b","1900","5780","3446700","2023-11-27T07:23:13.749Z","2023-11-27T07:23:13.749Z"
152602530,"ITA","1701069780","b","100","5770","3446700","2023-11-27T07:23:13.749Z","2023-11-27T07:23:13.749Z"
152601827,"ITA","1701069772","b","100","5770","3444700","2023-11-27T07:23:05.774Z","2023-11-27T07:23:05.774Z"
152601246,"ITA","1701069766","b","1000","5770","3444600","2023-11-27T07:22:59.761Z","2023-11-27T07:22:59.761Z"
152600167,"ITA","1701069756","s","300","5760","3443600","2023-11-27T07:22:48.780Z","2023-11-27T07:22:48.780Z"
152600166,"ITA","1701069756","s","2000","5760","3443600","2023-11-27T07:22:48.780Z","2023-11-27T07:22:48.780Z"
152600165,"ITA","1701069756","s","10000","5760","3443600","2023-11-27T07:22:48.780Z","2023-11-27T07:22:48.780Z"
152600164,"ITA","1701069756","s","100","5760","3443600","2023-11-27T07:22:48.780Z","2023-11-27T07:22:48.780Z"
152600163,"ITA","1701069756","s","1000","5760","3443600","2023-11-27T07:22:48.780Z","2023-11-27T07:22:48.780Z"
152600162,"ITA","1701069756","s","2000","5760","3443600","2023-11-27T07:22:48.780Z","2023-11-27T07:22:48.780Z"
152600161,"ITA","1701069756","s","100","5760","3443600","2023-11-27T07:22:48.780Z","2023-11-27T07:22:48.780Z"
152600160,"ITA","1701069756","s","4500","5760","3443600","2023-11-27T07:22:48.780Z","2023-11-27T07:22:48.780Z"
152599718,"ITA","1701069752","b","5000","5770","3423600","2023-11-27T07:22:44.773Z","2023-11-27T07:22:44.773Z"
152599566,"ITA","1701069750","s","3000","5760","3418600","2023-11-27T07:22:42.755Z","2023-11-27T07:22:42.755Z"
152598133,"ITA","1701069736","s","200","5760","3415600","2023-11-27T07:22:29.759Z","2023-11-27T07:22:29.759Z"
152597987,"ITA","1701069734","b","100","5770","3415400","2023-11-27T07:22:27.749Z","2023-11-27T07:22:27.749Z"
152596460,"ITA","1701069723","b","400","5770","3415300","2023-11-27T07:22:15.809Z","2023-11-27T07:22:15.809Z"
152596314,"ITA","1701069722","s","500","5770","3414900","2023-11-27T07:22:14.778Z","2023-11-27T07:22:14.778Z"
152596313,"ITA","1701069722","s","300","5770","3414900","2023-11-27T07:22:14.778Z","2023-11-27T07:22:14.778Z"
152596312,"ITA","1701069722","s","1000","5770","3414900","2023-11-27T07:22:14.778Z","2023-11-27T07:22:14.778Z"
152596311,"ITA","1701069722","s","1500","5770","3414900","2023-11-27T07:22:14.778Z","2023-11-27T07:22:14.778Z"
152594503,"ITA","1701069700","s","2500","5770","3411600","2023-11-27T07:21:52.742Z","2023-11-27T07:21:52.742Z"
152594043,"ITA","1701069696","s","1000","5770","3409100","2023-11-27T07:21:48.861Z","2023-11-27T07:21:48.861Z"
152594042,"ITA","1701069696","s","1000","5770","3409100","2023-11-27T07:21:48.861Z","2023-11-27T07:21:48.861Z"
152592493,"ITA","1701069683","s","300","5780","3398900","2023-11-27T07:21:35.774Z","2023-11-27T07:21:35.774Z"
152592492,"ITA","1701069683","s","200","5780","3398900","2023-11-27T07:21:35.774Z","2023-11-27T07:21:35.774Z"
152592491,"ITA","1701069683","s","1000","5780","3398900","2023-11-27T07:21:35.774Z","2023-11-27T07:21:35.774Z"
152592490,"ITA","1701069683","s","6500","5780","3398900","2023-11-27T07:21:35.774Z","2023-11-27T07:21:35.774Z"
152592489,"ITA","1701069683","s","200","5790","3398900","2023-11-27T07:21:35.774Z","2023-11-27T07:21:35.774Z"
152591133,"ITA","1701069671","b","500","5800","3398400","2023-11-27T07:21:23.731Z","2023-11-27T07:21:23.731Z"
152590545,"ITA","1701069664","s","300","5780","3398400","2023-11-27T07:21:16.761Z","2023-11-27T07:21:16.761Z"
152589094,"ITA","1701069650","s","2000","5780","3395600","2023-11-27T07:21:01.746Z","2023-11-27T07:21:01.746Z"
152589062,"ITA","1701069650","b","500","5790","3395600","2023-11-27T07:21:01.746Z","2023-11-27T07:21:01.746Z"
