"id","symbol","truncTime","matchType","matchVol","matchPrice","accumulatedVolume","createdAt","updatedAt"
152625862,"RAL","1701071092","unknown","1100","106700","26800","2023-11-27T07:45:05.869Z","2023-11-27T07:45:05.869Z"
152606078,"RAL","1701069818","s","600","106200","26200","2023-11-27T07:23:50.743Z","2023-11-27T07:23:50.743Z"
152605144,"RAL","1701069804","s","300","106400","25800","2023-11-27T07:23:36.744Z","2023-11-27T07:23:36.744Z"
152605143,"RAL","1701069804","s","100","106500","25800","2023-11-27T07:23:36.744Z","2023-11-27T07:23:36.744Z"
152588900,"RAL","1701069648","s","100","106500","25700","2023-11-27T07:21:00.794Z","2023-11-27T07:21:00.794Z"
152586274,"RAL","1701069601","s","100","106500","25600","2023-11-27T07:20:13.718Z","2023-11-27T07:20:13.718Z"
152586122,"RAL","1701069594","s","100","106500","25500","2023-11-27T07:20:05.752Z","2023-11-27T07:20:05.752Z"
152583726,"RAL","1701069475","s","100","106500","25400","2023-11-27T07:18:07.723Z","2023-11-27T07:18:07.723Z"
152576433,"RAL","1701069182","b","100","106800","25400","2023-11-27T07:13:14.747Z","2023-11-27T07:13:14.747Z"
152576432,"RAL","1701069182","b","100","106800","25400","2023-11-27T07:13:14.747Z","2023-11-27T07:13:14.747Z"
152570055,"RAL","1701069014","b","400","106800","25200","2023-11-27T07:10:26.715Z","2023-11-27T07:10:26.715Z"
152570054,"RAL","1701069014","b","100","106800","25200","2023-11-27T07:10:26.715Z","2023-11-27T07:10:26.715Z"
152557741,"RAL","1701068565","b","200","106800","24700","2023-11-27T07:02:57.709Z","2023-11-27T07:02:57.709Z"
152556903,"RAL","1701068537","b","100","106800","24500","2023-11-27T07:02:29.709Z","2023-11-27T07:02:29.709Z"
152556902,"RAL","1701068537","b","300","106800","24500","2023-11-27T07:02:29.709Z","2023-11-27T07:02:29.709Z"
152551504,"RAL","1701068359","b","100","106400","24000","2023-11-27T06:59:31.705Z","2023-11-27T06:59:31.705Z"
152548932,"RAL","1701068249","s","100","106400","23600","2023-11-27T06:57:41.697Z","2023-11-27T06:57:41.697Z"
152548931,"RAL","1701068249","s","300","106400","23600","2023-11-27T06:57:41.697Z","2023-11-27T06:57:41.697Z"
152547897,"RAL","1701068205","s","100","106400","23500","2023-11-27T06:56:58.696Z","2023-11-27T06:56:58.696Z"
152538663,"RAL","1701067753","b","100","106500","23400","2023-11-27T06:49:25.712Z","2023-11-27T06:49:25.712Z"
152531193,"RAL","1701067380","s","100","106500","23300","2023-11-27T06:43:12.685Z","2023-11-27T06:43:12.685Z"
152530681,"RAL","1701067356","s","700","106500","22600","2023-11-27T06:42:47.691Z","2023-11-27T06:42:47.691Z"
152527389,"RAL","1701067212","s","500","106500","21900","2023-11-27T06:40:24.686Z","2023-11-27T06:40:24.686Z"
152527388,"RAL","1701067212","s","200","106600","21900","2023-11-27T06:40:24.686Z","2023-11-27T06:40:24.686Z"
152522546,"RAL","1701066986","b","100","107000","21900","2023-11-27T06:36:38.684Z","2023-11-27T06:36:38.684Z"
152522545,"RAL","1701066986","b","200","107000","21900","2023-11-27T06:36:38.684Z","2023-11-27T06:36:38.684Z"
152522544,"RAL","1701066986","b","400","107000","21900","2023-11-27T06:36:38.684Z","2023-11-27T06:36:38.684Z"
152520451,"RAL","1701066895","b","200","107000","21000","2023-11-27T06:35:07.681Z","2023-11-27T06:35:07.681Z"
152520100,"RAL","1701066881","b","100","107000","20900","2023-11-27T06:34:53.685Z","2023-11-27T06:34:53.685Z"
152519858,"RAL","1701066872","b","300","107000","20900","2023-11-27T06:34:44.687Z","2023-11-27T06:34:44.687Z"
152519055,"RAL","1701066842","b","200","107000","20100","2023-11-27T06:34:14.683Z","2023-11-27T06:34:14.683Z"
152519054,"RAL","1701066842","b","100","107000","20100","2023-11-27T06:34:14.683Z","2023-11-27T06:34:14.683Z"
152519053,"RAL","1701066842","b","100","107000","20100","2023-11-27T06:34:14.683Z","2023-11-27T06:34:14.683Z"
152519052,"RAL","1701066842","b","100","106900","20100","2023-11-27T06:34:14.683Z","2023-11-27T06:34:14.683Z"
152516321,"RAL","1701066746","b","500","106400","19500","2023-11-27T06:32:38.690Z","2023-11-27T06:32:38.690Z"
152516320,"RAL","1701066746","b","100","106400","19500","2023-11-27T06:32:38.690Z","2023-11-27T06:32:38.690Z"
152512676,"RAL","1701066615","b","100","106000","17500","2023-11-27T06:30:28.679Z","2023-11-27T06:30:28.679Z"
152512675,"RAL","1701066615","b","500","106000","17500","2023-11-27T06:30:28.679Z","2023-11-27T06:30:28.679Z"
152512674,"RAL","1701066615","b","200","106000","17500","2023-11-27T06:30:28.679Z","2023-11-27T06:30:28.679Z"
152512673,"RAL","1701066615","b","300","106000","17500","2023-11-27T06:30:28.679Z","2023-11-27T06:30:28.679Z"
152512672,"RAL","1701066615","b","400","106000","17500","2023-11-27T06:30:28.679Z","2023-11-27T06:30:28.679Z"
152512671,"RAL","1701066615","b","500","106000","17500","2023-11-27T06:30:28.679Z","2023-11-27T06:30:28.679Z"
152512242,"RAL","1701066592","b","500","105900","16800","2023-11-27T06:30:05.677Z","2023-11-27T06:30:05.677Z"
152512241,"RAL","1701066592","b","200","105900","16800","2023-11-27T06:30:05.677Z","2023-11-27T06:30:05.677Z"
152505066,"RAL","1701066257","b","800","105900","15800","2023-11-27T06:24:29.670Z","2023-11-27T06:24:29.670Z"
152505065,"RAL","1701066257","b","200","105800","15800","2023-11-27T06:24:29.670Z","2023-11-27T06:24:29.670Z"
152503466,"RAL","1701066187","b","100","105800","15800","2023-11-27T06:23:18.672Z","2023-11-27T06:23:18.672Z"
152503465,"RAL","1701066187","b","500","105800","15800","2023-11-27T06:23:18.672Z","2023-11-27T06:23:18.672Z"
152503464,"RAL","1701066187","b","200","105700","15800","2023-11-27T06:23:18.672Z","2023-11-27T06:23:18.672Z"
152503463,"RAL","1701066187","b","200","105700","15800","2023-11-27T06:23:18.672Z","2023-11-27T06:23:18.672Z"
152496798,"RAL","1701065926","b","100","105700","14700","2023-11-27T06:18:57.671Z","2023-11-27T06:18:57.671Z"
152455393,"RAL","1701058449","b","200","105700","12700","2023-11-27T04:14:21.558Z","2023-11-27T04:14:21.558Z"
152455392,"RAL","1701058449","b","200","105700","12700","2023-11-27T04:14:21.558Z","2023-11-27T04:14:21.558Z"
152455391,"RAL","1701058449","b","300","105600","12700","2023-11-27T04:14:21.558Z","2023-11-27T04:14:21.558Z"
152455390,"RAL","1701058449","b","500","105600","12700","2023-11-27T04:14:21.558Z","2023-11-27T04:14:21.558Z"
152455389,"RAL","1701058449","b","200","105600","12700","2023-11-27T04:14:21.558Z","2023-11-27T04:14:21.558Z"
152455388,"RAL","1701058449","b","400","105500","12700","2023-11-27T04:14:21.558Z","2023-11-27T04:14:21.558Z"
152455387,"RAL","1701058449","b","200","105500","12700","2023-11-27T04:14:21.558Z","2023-11-27T04:14:21.558Z"
152451455,"RAL","1701058190","b","100","105100","12600","2023-11-27T04:10:02.551Z","2023-11-27T04:10:02.551Z"
152451198,"RAL","1701058171","b","100","105100","12500","2023-11-27T04:09:44.551Z","2023-11-27T04:09:44.551Z"
152450372,"RAL","1701058125","s","200","105100","11700","2023-11-27T04:08:56.547Z","2023-11-27T04:08:56.547Z"
152450371,"RAL","1701058125","s","500","105100","11700","2023-11-27T04:08:56.547Z","2023-11-27T04:08:56.547Z"
152450370,"RAL","1701058125","s","100","105100","11700","2023-11-27T04:08:56.547Z","2023-11-27T04:08:56.547Z"
152450339,"RAL","1701058122","s","200","105100","11500","2023-11-27T04:08:53.546Z","2023-11-27T04:08:53.546Z"
152442722,"RAL","1701057769","s","1000","105100","10500","2023-11-27T04:03:01.543Z","2023-11-27T04:03:01.543Z"
152441171,"RAL","1701057700","s","500","105100","10000","2023-11-27T04:01:52.545Z","2023-11-27T04:01:52.545Z"
152440366,"RAL","1701057668","s","500","105100","9500","2023-11-27T04:01:20.541Z","2023-11-27T04:01:20.541Z"
152413206,"RAL","1701055809","s","500","105200","9500","2023-11-27T03:30:21.508Z","2023-11-27T03:30:21.508Z"
152413205,"RAL","1701055809","s","500","105200","9500","2023-11-27T03:30:21.508Z","2023-11-27T03:30:21.508Z"
152413001,"RAL","1701055789","s","1000","105300","7500","2023-11-27T03:30:01.509Z","2023-11-27T03:30:01.509Z"
152410774,"RAL","1701055576","b","100","105600","7000","2023-11-27T03:26:28.501Z","2023-11-27T03:26:28.501Z"
152410773,"RAL","1701055576","b","200","105600","7000","2023-11-27T03:26:28.501Z","2023-11-27T03:26:28.501Z"
152410772,"RAL","1701055576","b","200","105600","7000","2023-11-27T03:26:28.501Z","2023-11-27T03:26:28.501Z"
152408814,"RAL","1701055414","s","1000","105300","6000","2023-11-27T03:23:46.496Z","2023-11-27T03:23:46.496Z"
152374253,"RAL","1701053266","b","300","105600","6000","2023-11-27T02:47:58.457Z","2023-11-27T02:47:58.457Z"
152374252,"RAL","1701053266","b","500","105600","6000","2023-11-27T02:47:58.457Z","2023-11-27T02:47:58.457Z"
152374251,"RAL","1701053266","b","200","105600","6000","2023-11-27T02:47:58.457Z","2023-11-27T02:47:58.457Z"
152373735,"RAL","1701053232","b","100","105500","4700","2023-11-27T02:47:24.451Z","2023-11-27T02:47:24.451Z"
152373734,"RAL","1701053232","b","100","105500","4700","2023-11-27T02:47:24.451Z","2023-11-27T02:47:24.451Z"
152373733,"RAL","1701053232","b","100","105500","4700","2023-11-27T02:47:24.451Z","2023-11-27T02:47:24.451Z"
152369018,"RAL","1701052926","b","100","105600","4600","2023-11-27T02:42:17.448Z","2023-11-27T02:42:17.448Z"
152368341,"RAL","1701052882","s","500","105200","4100","2023-11-27T02:41:34.445Z","2023-11-27T02:41:34.445Z"
152368327,"RAL","1701052880","b","100","105600","4000","2023-11-27T02:41:32.447Z","2023-11-27T02:41:32.447Z"
152364648,"RAL","1701052651","b","200","105600","3700","2023-11-27T02:37:43.449Z","2023-11-27T02:37:43.449Z"
152364647,"RAL","1701052651","b","100","105600","3700","2023-11-27T02:37:43.449Z","2023-11-27T02:37:43.449Z"
152357729,"RAL","1701052251","b","200","105600","3500","2023-11-27T02:31:03.450Z","2023-11-27T02:31:03.450Z"
152355924,"RAL","1701052176","b","300","105600","3200","2023-11-27T02:29:48.467Z","2023-11-27T02:29:48.467Z"
152349751,"RAL","1701051964","b","300","105500","2800","2023-11-27T02:26:16.444Z","2023-11-27T02:26:16.444Z"
152349750,"RAL","1701051964","b","100","105500","2800","2023-11-27T02:26:16.444Z","2023-11-27T02:26:16.444Z"
152343194,"RAL","1701051768","b","100","105500","2700","2023-11-27T02:23:00.437Z","2023-11-27T02:23:00.437Z"
152342880,"RAL","1701051757","b","200","105500","2200","2023-11-27T02:22:49.444Z","2023-11-27T02:22:49.444Z"
152342879,"RAL","1701051757","b","100","105500","2200","2023-11-27T02:22:49.444Z","2023-11-27T02:22:49.444Z"
152342878,"RAL","1701051757","b","100","105500","2200","2023-11-27T02:22:49.444Z","2023-11-27T02:22:49.444Z"
152342877,"RAL","1701051757","b","100","105500","2200","2023-11-27T02:22:49.444Z","2023-11-27T02:22:49.444Z"
152342225,"RAL","1701051736","b","100","105300","2100","2023-11-27T02:22:28.436Z","2023-11-27T02:22:28.436Z"
152341560,"RAL","1701051712","b","1000","105000","1100","2023-11-27T02:22:05.447Z","2023-11-27T02:22:05.447Z"
152341510,"RAL","1701051710","b","500","104900","200","2023-11-27T02:22:02.435Z","2023-11-27T02:22:02.435Z"
152341509,"RAL","1701051710","b","400","104900","200","2023-11-27T02:22:02.435Z","2023-11-27T02:22:02.435Z"
152333075,"RAL","1701051389","b","200","105000","0","2023-11-27T02:16:41.428Z","2023-11-27T02:16:41.428Z"
