"id","symbol","truncTime","matchType","matchVol","matchPrice","accumulatedVolume","createdAt","updatedAt"
152626029,"TCD","1701071094","unknown","184700","6860","873500","2023-11-27T07:45:05.869Z","2023-11-27T07:45:05.869Z"
152624900,"TCD","1701070183","s","4900","6930","688800","2023-11-27T07:29:55.746Z","2023-11-27T07:29:55.746Z"
152624899,"TCD","1701070183","s","500","6930","688800","2023-11-27T07:29:55.746Z","2023-11-27T07:29:55.746Z"
152624898,"TCD","1701070183","s","1000","6930","688800","2023-11-27T07:29:55.746Z","2023-11-27T07:29:55.746Z"
152624897,"TCD","1701070183","s","500","6930","688800","2023-11-27T07:29:55.746Z","2023-11-27T07:29:55.746Z"
152624896,"TCD","1701070183","s","2200","6930","688800","2023-11-27T07:29:55.746Z","2023-11-27T07:29:55.746Z"
152624895,"TCD","1701070183","s","5000","6950","688800","2023-11-27T07:29:55.746Z","2023-11-27T07:29:55.746Z"
152624894,"TCD","1701070183","s","500","6950","688800","2023-11-27T07:29:55.746Z","2023-11-27T07:29:55.746Z"
152624893,"TCD","1701070183","s","100","6950","688800","2023-11-27T07:29:55.746Z","2023-11-27T07:29:55.746Z"
152624892,"TCD","1701070183","s","100","6950","688800","2023-11-27T07:29:55.746Z","2023-11-27T07:29:55.746Z"
152624891,"TCD","1701070183","s","100","6950","688800","2023-11-27T07:29:55.746Z","2023-11-27T07:29:55.746Z"
152624890,"TCD","1701070183","s","500","6960","688800","2023-11-27T07:29:55.746Z","2023-11-27T07:29:55.746Z"
152624889,"TCD","1701070183","s","400","6960","688800","2023-11-27T07:29:55.746Z","2023-11-27T07:29:55.746Z"
152624888,"TCD","1701070183","s","100","6970","688800","2023-11-27T07:29:55.746Z","2023-11-27T07:29:55.746Z"
152624887,"TCD","1701070183","s","100","6970","688800","2023-11-27T07:29:55.746Z","2023-11-27T07:29:55.746Z"
152616305,"TCD","1701070001","s","100","6960","672800","2023-11-27T07:26:53.728Z","2023-11-27T07:26:53.728Z"
152615321,"TCD","1701069980","s","100","6950","672700","2023-11-27T07:26:32.738Z","2023-11-27T07:26:32.738Z"
152614571,"TCD","1701069965","b","300","6950","672600","2023-11-27T07:26:17.737Z","2023-11-27T07:26:17.737Z"
152614268,"TCD","1701069961","b","1200","6950","671100","2023-11-27T07:26:12.730Z","2023-11-27T07:26:12.730Z"
152608692,"TCD","1701069859","s","2800","6930","671100","2023-11-27T07:24:31.802Z","2023-11-27T07:24:31.802Z"
152608691,"TCD","1701069859","s","500","6930","671100","2023-11-27T07:24:31.802Z","2023-11-27T07:24:31.802Z"
152608495,"TCD","1701069856","b","100","6940","667800","2023-11-27T07:24:29.750Z","2023-11-27T07:24:29.750Z"
152607351,"TCD","1701069838","b","500","6940","667700","2023-11-27T07:24:10.799Z","2023-11-27T07:24:10.799Z"
152606961,"TCD","1701069830","s","300","6940","667200","2023-11-27T07:24:02.775Z","2023-11-27T07:24:02.775Z"
152606960,"TCD","1701069830","s","800","6940","667200","2023-11-27T07:24:02.775Z","2023-11-27T07:24:02.775Z"
152606494,"TCD","1701069824","b","300","6950","666100","2023-11-27T07:23:56.734Z","2023-11-27T07:23:56.734Z"
152606217,"TCD","1701069820","b","200","6950","665800","2023-11-27T07:23:52.749Z","2023-11-27T07:23:52.749Z"
152604633,"TCD","1701069798","s","200","6940","665100","2023-11-27T07:23:30.766Z","2023-11-27T07:23:30.766Z"
152604632,"TCD","1701069798","s","300","6950","665100","2023-11-27T07:23:30.766Z","2023-11-27T07:23:30.766Z"
152604169,"TCD","1701069792","s","1000","6950","665100","2023-11-27T07:23:24.748Z","2023-11-27T07:23:24.748Z"
152604168,"TCD","1701069792","s","1000","6950","665100","2023-11-27T07:23:24.748Z","2023-11-27T07:23:24.748Z"
152602032,"TCD","1701069774","s","1000","6950","663100","2023-11-27T07:23:06.757Z","2023-11-27T07:23:06.757Z"
152602031,"TCD","1701069774","s","1000","6950","663100","2023-11-27T07:23:06.757Z","2023-11-27T07:23:06.757Z"
152597887,"TCD","1701069733","s","2100","6950","661100","2023-11-27T07:22:26.763Z","2023-11-27T07:22:26.763Z"
152597886,"TCD","1701069733","s","100","6950","661100","2023-11-27T07:22:26.763Z","2023-11-27T07:22:26.763Z"
152597885,"TCD","1701069733","s","100","6950","661100","2023-11-27T07:22:26.763Z","2023-11-27T07:22:26.763Z"
152597884,"TCD","1701069733","s","200","6950","661100","2023-11-27T07:22:26.763Z","2023-11-27T07:22:26.763Z"
152597883,"TCD","1701069733","s","500","6950","661100","2023-11-27T07:22:26.763Z","2023-11-27T07:22:26.763Z"
152597882,"TCD","1701069733","s","2000","6950","661100","2023-11-27T07:22:26.763Z","2023-11-27T07:22:26.763Z"
152596946,"TCD","1701069726","s","100","6960","656000","2023-11-27T07:22:18.892Z","2023-11-27T07:22:18.892Z"
152596945,"TCD","1701069726","s","100","6960","656000","2023-11-27T07:22:18.892Z","2023-11-27T07:22:18.892Z"
152596944,"TCD","1701069726","s","100","6960","656000","2023-11-27T07:22:18.892Z","2023-11-27T07:22:18.892Z"
152596943,"TCD","1701069726","s","400","6960","656000","2023-11-27T07:22:18.892Z","2023-11-27T07:22:18.892Z"
152596942,"TCD","1701069726","s","2500","6960","656000","2023-11-27T07:22:18.892Z","2023-11-27T07:22:18.892Z"
152596192,"TCD","1701069721","s","4400","6960","652900","2023-11-27T07:22:13.859Z","2023-11-27T07:22:13.859Z"
152596191,"TCD","1701069721","s","100","6960","652900","2023-11-27T07:22:13.859Z","2023-11-27T07:22:13.859Z"
152596190,"TCD","1701069721","s","1800","6960","652900","2023-11-27T07:22:13.859Z","2023-11-27T07:22:13.859Z"
152596189,"TCD","1701069721","s","2000","6970","652900","2023-11-27T07:22:13.859Z","2023-11-27T07:22:13.859Z"
152596188,"TCD","1701069721","s","1000","6970","652900","2023-11-27T07:22:13.859Z","2023-11-27T07:22:13.859Z"
152596187,"TCD","1701069721","s","200","6980","652900","2023-11-27T07:22:13.859Z","2023-11-27T07:22:13.859Z"
152596186,"TCD","1701069721","s","100","6980","652900","2023-11-27T07:22:13.859Z","2023-11-27T07:22:13.859Z"
152596185,"TCD","1701069721","s","400","6980","652900","2023-11-27T07:22:13.859Z","2023-11-27T07:22:13.859Z"
152594787,"TCD","1701069704","s","100","6980","642900","2023-11-27T07:21:56.736Z","2023-11-27T07:21:56.736Z"
152594786,"TCD","1701069704","s","100","6980","642900","2023-11-27T07:21:56.736Z","2023-11-27T07:21:56.736Z"
152591006,"TCD","1701069669","s","8400","6990","622700","2023-11-27T07:21:21.743Z","2023-11-27T07:21:21.743Z"
152591005,"TCD","1701069669","s","800","6990","622700","2023-11-27T07:21:21.743Z","2023-11-27T07:21:21.743Z"
152591004,"TCD","1701069669","s","600","7000","622700","2023-11-27T07:21:21.743Z","2023-11-27T07:21:21.743Z"
152591003,"TCD","1701069669","s","100","7000","622700","2023-11-27T07:21:21.743Z","2023-11-27T07:21:21.743Z"
152591002,"TCD","1701069669","s","10100","7000","622700","2023-11-27T07:21:21.743Z","2023-11-27T07:21:21.743Z"
152590865,"TCD","1701069667","s","9900","7000","612700","2023-11-27T07:21:19.746Z","2023-11-27T07:21:19.746Z"
152590864,"TCD","1701069667","s","100","7000","612700","2023-11-27T07:21:19.746Z","2023-11-27T07:21:19.746Z"
152588775,"TCD","1701069647","s","200","7020","612700","2023-11-27T07:20:58.752Z","2023-11-27T07:20:58.752Z"
152584760,"TCD","1701069530","s","100","7020","612400","2023-11-27T07:19:02.719Z","2023-11-27T07:19:02.719Z"
152584096,"TCD","1701069496","b","700","7030","612400","2023-11-27T07:18:28.716Z","2023-11-27T07:18:28.716Z"
152583797,"TCD","1701069480","b","300","7020","611400","2023-11-27T07:18:12.728Z","2023-11-27T07:18:12.728Z"
152583340,"TCD","1701069455","b","800","7020","611400","2023-11-27T07:17:47.721Z","2023-11-27T07:17:47.721Z"
152582166,"TCD","1701069406","s","1900","7000","605600","2023-11-27T07:16:58.715Z","2023-11-27T07:16:58.715Z"
152582165,"TCD","1701069406","s","1000","7000","605600","2023-11-27T07:16:58.715Z","2023-11-27T07:16:58.715Z"
152582164,"TCD","1701069406","s","2100","7000","605600","2023-11-27T07:16:58.715Z","2023-11-27T07:16:58.715Z"
152582026,"TCD","1701069400","s","5000","7000","605600","2023-11-27T07:16:52.723Z","2023-11-27T07:16:52.723Z"
152581890,"TCD","1701069392","s","2000","7000","600600","2023-11-27T07:16:44.715Z","2023-11-27T07:16:44.715Z"
152581012,"TCD","1701069354","s","900","7000","597600","2023-11-27T07:16:06.722Z","2023-11-27T07:16:06.722Z"
152581011,"TCD","1701069354","s","100","7000","597600","2023-11-27T07:16:06.722Z","2023-11-27T07:16:06.722Z"
152580778,"TCD","1701069349","b","100","7020","597500","2023-11-27T07:16:01.745Z","2023-11-27T07:16:01.745Z"
152580588,"TCD","1701069340","s","500","7000","597500","2023-11-27T07:15:53.718Z","2023-11-27T07:15:53.718Z"
152578595,"TCD","1701069256","b","100","7010","596900","2023-11-27T07:14:28.710Z","2023-11-27T07:14:28.710Z"
152578586,"TCD","1701069255","s","500","7000","596900","2023-11-27T07:14:27.718Z","2023-11-27T07:14:27.718Z"
152578291,"TCD","1701069245","s","9000","7000","596400","2023-11-27T07:14:18.723Z","2023-11-27T07:14:18.723Z"
152577994,"TCD","1701069233","s","400","7010","586400","2023-11-27T07:14:05.753Z","2023-11-27T07:14:05.753Z"
152577993,"TCD","1701069233","s","600","7010","586400","2023-11-27T07:14:05.753Z","2023-11-27T07:14:05.753Z"
152577768,"TCD","1701069226","s","500","7010","586400","2023-11-27T07:13:58.713Z","2023-11-27T07:13:58.713Z"
152577658,"TCD","1701069222","s","1000","7010","585900","2023-11-27T07:13:55.732Z","2023-11-27T07:13:55.732Z"
152577583,"TCD","1701069219","s","100","7010","584900","2023-11-27T07:13:50.727Z","2023-11-27T07:13:50.727Z"
152577582,"TCD","1701069219","b","100","7020","584900","2023-11-27T07:13:50.727Z","2023-11-27T07:13:50.727Z"
152577387,"TCD","1701069212","s","2400","7010","584700","2023-11-27T07:13:43.723Z","2023-11-27T07:13:43.723Z"
152577386,"TCD","1701069212","s","2600","7010","584700","2023-11-27T07:13:43.723Z","2023-11-27T07:13:43.723Z"
152576611,"TCD","1701069186","s","200","7010","579700","2023-11-27T07:13:18.723Z","2023-11-27T07:13:18.723Z"
152575180,"TCD","1701069148","s","200","7010","579300","2023-11-27T07:12:40.711Z","2023-11-27T07:12:40.711Z"
152575140,"TCD","1701069146","s","100","7010","579200","2023-11-27T07:12:38.708Z","2023-11-27T07:12:38.708Z"
152573588,"TCD","1701069101","s","1000","7010","579200","2023-11-27T07:11:53.715Z","2023-11-27T07:11:53.715Z"
152573587,"TCD","1701069101","s","2000","7010","579200","2023-11-27T07:11:53.715Z","2023-11-27T07:11:53.715Z"
152572178,"TCD","1701069069","s","200","7020","576200","2023-11-27T07:11:21.712Z","2023-11-27T07:11:21.712Z"
152569067,"TCD","1701068970","b","500","7020","576000","2023-11-27T07:09:42.718Z","2023-11-27T07:09:42.718Z"
152569066,"TCD","1701068970","b","500","7020","576000","2023-11-27T07:09:42.718Z","2023-11-27T07:09:42.718Z"
152566832,"TCD","1701068882","s","100","7020","574900","2023-11-27T07:08:14.713Z","2023-11-27T07:08:14.713Z"
152566525,"TCD","1701068870","b","1000","7020","574900","2023-11-27T07:08:02.712Z","2023-11-27T07:08:02.712Z"
152561164,"TCD","1701068683","b","1000","7010","572900","2023-11-27T07:04:54.711Z","2023-11-27T07:04:54.711Z"
152560746,"TCD","1701068668","b","2000","7010","570900","2023-11-27T07:04:40.717Z","2023-11-27T07:04:40.717Z"
152560437,"TCD","1701068657","b","100","7010","570900","2023-11-27T07:04:29.709Z","2023-11-27T07:04:29.709Z"
152560113,"TCD","1701068646","b","4300","7010","570800","2023-11-27T07:04:18.741Z","2023-11-27T07:04:18.741Z"
