"price","change","match_qtty","side","time","total_vol"
14700,0,400,"sd","09:15:08",400
14750,50,1000,"bu","09:22:12",1400
14750,50,100,"sd","09:22:23",1500
14750,50,200,"sd","09:22:36",1700
14800,100,7000,"sd","09:23:18",8700
14800,100,3000,"sd","09:23:21",11700
14800,100,3400,"sd","09:23:25",15100
14850,150,200,"sd","09:23:37",15300
14800,100,100,"bu","09:23:38",15400
14850,150,1800,"sd","09:23:43",17200
14900,200,4300,"bu","09:23:57",21500
14950,250,1500,"bu","09:24:06",23000
15000,300,3800,"bu","09:24:22",26800
15000,300,1000,"bu","09:24:25",27800
15000,300,4200,"sd","09:24:29",32000
15050,350,2800,"bu","09:24:41",34800
15050,350,100,"bu","09:24:42",34900
15100,400,2500,"bu","09:24:59",37400
15100,400,200,"bu","09:25:10",37600
15050,350,400,"bu","09:25:13",38000
15050,350,600,"sd","09:25:17",38600
15050,350,1300,"bu","09:25:28",39900
15100,400,1000,"sd","09:25:31",40900
15000,300,1000,"sd","09:25:39",41900
15050,350,5000,"sd","09:25:49",46900
15050,350,200,"bu","09:25:50",47100
15000,300,8800,"sd","09:26:39",55900
15050,350,5000,"sd","09:26:45",60900
15000,300,1100,"bu","09:27:35",62000
15000,300,1000,"sd","09:27:39",63000
15000,300,4000,"bu","09:28:08",67000
15000,300,1000,"sd","09:28:09",68000
15050,350,100,"sd","09:28:16",68100
15000,300,2000,"sd","09:28:18",70100
15050,350,800,"bu","09:28:25",70900
15000,300,1000,"sd","09:28:45",71900
15000,300,800,"bu","09:29:56",72700
15000,300,5000,"bu","09:30:09",77700
15000,300,200,"sd","09:30:23",77900
15000,300,1000,"bu","09:31:08",78900
15000,300,1000,"bu","09:31:25",79900
15000,300,1200,"bu","09:31:47",81100
15000,300,500,"bu","09:32:05",81600
15000,300,1000,"bu","09:32:18",82600
15000,300,100,"bu","09:32:43",82700
15050,350,5000,"sd","09:32:45",87700
15050,350,500,"sd","09:32:56",88200
15050,350,7000,"bu","09:33:03",95200
15050,350,100,"bu","09:33:04",95300
15050,350,300,"bu","09:33:11",95600
15050,350,1300,"bu","09:33:48",96900
15050,350,2500,"sd","09:33:55",99400
15050,350,5000,"bu","09:33:56",104400
15050,350,800,"sd","09:33:57",105200
15050,350,2600,"bu","09:34:04",107800
15050,350,200,"sd","09:34:30",108000
15100,400,300,"sd","09:34:38",108300
15100,400,600,"bu","09:35:02",108900
15100,400,1000,"bu","09:35:35",109900
15100,400,10000,"sd","09:35:39",119900
15100,400,2000,"sd","09:35:42",121900
15050,350,1000,"sd","09:35:43",122900
15050,350,2000,"sd","09:35:56",124900
15050,350,500,"bu","09:36:28",125400
15100,400,1000,"bu","09:36:37",126400
15050,350,700,"bu","09:37:59",127100
15050,350,1000,"sd","09:38:12",128100
15050,350,1000,"bu","09:38:36",129100
15050,350,9200,"bu","09:38:43",138300
15050,350,300,"sd","09:39:11",138600
15050,350,700,"sd","09:39:15",139300
15050,350,700,"sd","09:39:33",140000
15050,350,1300,"sd","09:40:27",141300
15050,350,1000,"sd","09:41:10",142300
15050,350,18100,"sd","09:41:41",160400
15000,300,16000,"bu","09:42:08",176400
15000,300,1500,"sd","09:42:28",177900
15000,300,6000,"sd","09:42:30",183900
15000,300,800,"sd","09:42:33",184700
15000,300,100,"sd","09:43:10",184800
14950,250,5200,"bu","09:43:43",190000
14950,250,1500,"bu","09:43:50",191500
14950,250,2000,"sd","09:44:06",193500
14950,250,100,"bu","09:44:10",193600
14950,250,110000,"bu","09:45:11",303600
14950,250,100,"bu","09:45:12",303700
15000,300,113200,"sd","09:47:08",416900
15000,300,7000,"bu","09:47:19",423900
15000,300,1800,"bu","09:48:16",425700
15000,300,500,"sd","09:48:29",426200
15000,300,5000,"sd","09:48:33",431200
15000,300,3000,"sd","09:48:40",434200
15000,300,300,"sd","09:48:57",434500
15000,300,200,"sd","09:49:19",434700
15000,300,1300,"sd","09:49:22",436000
15000,300,100,"sd","09:49:33",436100
15000,300,500,"bu","09:50:00",436600
15000,300,100,"bu","09:50:06",436700
15000,300,1900,"bu","09:50:32",438600
15000,300,1000,"bu","09:50:57",439600
15000,300,300,"sd","09:51:12",439900
14950,250,2000,"sd","09:51:13",441900
14950,250,100,"bu","09:51:22",442000
14950,250,2000,"sd","09:52:15",444000
14950,250,500,"sd","09:55:12",444500
15000,300,2500,"bu","09:56:07",447000
15000,300,6000,"bu","09:56:29",453000
15000,300,400,"bu","09:56:32",453400
15000,300,100,"bu","09:58:16",453500
15000,300,5000,"sd","09:58:23",458500
15000,300,4000,"bu","09:58:51",462500
14900,200,15000,"bu","09:59:21",477500
15000,300,2000,"sd","10:03:38",479500
15000,300,3000,"bu","10:04:13",482500
15000,300,2000,"bu","10:04:23",484500
15000,300,100,"bu","10:05:19",484600
14950,250,1600,"bu","10:10:55",486200
14950,250,2400,"sd","10:13:50",488600
14950,250,2300,"sd","10:15:26",490900
14950,250,300,"bu","10:18:58",491200
14950,250,100,"sd","10:19:31",491300
15000,300,1100,"sd","10:23:56",492400
15000,300,2000,"sd","10:24:49",494400
15000,300,7400,"sd","10:25:21",501800
15000,300,10900,"bu","10:25:22",512700
15050,350,10000,"bu","10:26:06",522700
15050,350,12000,"bu","10:26:16",534700
15050,350,3000,"bu","10:26:31",537700
15050,350,300,"bu","10:26:37",538000
15000,300,800,"bu","10:27:26",538800
15000,300,3300,"bu","10:30:22",542100
15000,300,2000,"sd","10:30:27",544100
15000,300,1400,"bu","10:30:35",545500
15000,300,500,"bu","10:31:05",546000
15000,300,300,"sd","10:31:09",546300
15000,300,1800,"sd","10:35:23",548100
15000,300,200,"sd","10:35:31",548300
15000,300,1000,"bu","10:35:46",549300
15000,300,7800,"bu","10:39:29",557100
15000,300,5300,"sd","10:40:21",562400
15000,300,1000,"sd","10:49:02",563400
15000,300,100,"sd","10:49:40",563500
15000,300,2000,"sd","10:51:08",565500
15000,300,10100,"sd","10:51:27",575600
15000,300,400,"bu","10:51:47",576000
15000,300,1000,"sd","10:54:53",577000
15000,300,1500,"sd","11:01:29",578500
15000,300,300,"bu","11:01:48",578800
15000,300,100,"sd","11:04:33",578900
15000,300,3900,"bu","11:04:44",582800
15000,300,500,"sd","11:13:31",583300
15000,300,1000,"sd","11:13:58",584300
15000,300,1500,"bu","11:14:18",585800
15000,300,1000,"bu","11:14:40",586800
15000,300,500,"sd","11:14:57",587300
15000,300,1000,"sd","11:15:19",588300
15000,300,200,"bu","11:15:33",588500
15000,300,1000,"sd","11:16:15",589500
15000,300,900,"bu","11:16:27",590400
15000,300,100,"sd","11:18:39",590500
15000,300,50000,"bu","11:22:16",640500
15000,300,100,"sd","11:22:21",640600
14950,250,500,"sd","11:23:19",641100
14950,250,1000,"sd","11:23:58",642100
14950,250,10000,"sd","11:25:49",652100
14950,250,2000,"sd","11:26:54",654100
14950,250,1700,"bu","11:29:08",655800
15000,300,5000,"sd","11:29:19",660800
15000,300,100,"bu","13:00:43",660900
14950,250,5800,"bu","13:02:07",666700
14950,250,1000,"sd","13:03:25",667700
14950,250,400,"bu","13:03:32",668100
14950,250,100,"bu","13:03:39",668200
14900,200,4000,"bu","13:04:34",672200
14900,200,300,"bu","13:05:51",672500
14900,200,100,"bu","13:06:45",672600
14950,250,1400,"sd","13:08:47",674000
14950,250,500,"bu","13:08:51",674500
14950,250,5900,"bu","13:11:56",680400
14900,200,3100,"sd","13:13:33",683500
15000,300,3000,"bu","13:19:39",686500
14950,250,100,"bu","13:19:48",686600
14950,250,8400,"sd","13:21:11",695000
14950,250,2000,"bu","13:23:27",697000
14950,250,1100,"bu","13:24:24",698100
14950,250,900,"sd","13:27:35",699000
14900,200,3000,"sd","13:27:41",702000
14950,250,3000,"sd","13:30:49",705000
14950,250,1000,"bu","13:33:12",706000
14950,250,11000,"sd","13:37:44",717000
14950,250,1500,"bu","13:39:13",718500
14950,250,3800,"bu","13:39:50",722300
14950,250,1000,"bu","13:40:45",723300
14950,250,1700,"sd","13:42:22",725000
14950,250,500,"bu","13:45:11",725500
14950,250,2000,"bu","13:45:27",727500
14950,250,10000,"sd","13:50:06",737500
14950,250,600,"bu","13:50:22",738100
14950,250,100,"bu","13:50:31",738200
14950,250,900,"sd","13:51:12",739100
14900,200,600,"bu","13:54:33",739700
14900,200,2600,"bu","13:55:35",742300
14900,200,4700,"sd","13:55:46",747000
14950,250,1300,"bu","13:56:52",748300
14950,250,100,"sd","13:57:15",748400
14950,250,5000,"bu","13:58:06",753400
14950,250,300,"sd","13:59:10",753700
14950,250,10000,"bu","13:59:17",763700
14950,250,4300,"bu","13:59:24",768000
14950,250,2000,"bu","13:59:31",770000
14950,250,1000,"sd","13:59:49",771000
14950,250,800,"bu","14:01:18",771800
14950,250,1200,"bu","14:05:11",773000
14950,250,2000,"sd","14:09:21",775000
14950,250,5000,"bu","14:10:14",780000
14950,250,2300,"sd","14:10:23",782300
14950,250,500,"bu","14:13:04",782800
14950,250,1000,"sd","14:14:40",783800
14900,200,7300,"sd","14:14:48",791100
14950,250,5000,"sd","14:15:09",796100
14950,250,1900,"bu","14:15:35",798000
14950,250,500,"sd","14:15:40",798500
14950,250,100,"sd","14:15:49",798600
14950,250,1000,"bu","14:16:06",799600
14950,250,2000,"bu","14:16:34",801600
14950,250,1000,"sd","14:17:11",802600
14950,250,800,"bu","14:17:14",803400
15000,300,2000,"sd","14:25:56",805400
15000,300,1000,"bu","14:26:05",806400
15000,300,400,"bu","14:28:02",806800
15000,300,600,"bu","14:28:49",807400
15000,300,4000,"sd","14:29:28",811400
15050,350,47400,"bu","14:45:10",858800
