"price","change","match_qtty","side","time","total_vol"
30750,50,1000,"bu","09:15:05",1000
30950,250,100,"sd","09:18:49",1100
30950,250,2000,"sd","09:27:40",3100
30750,50,3000,"sd","09:28:04",6100
30950,250,100,"bu","09:28:37",6200
30950,250,200,"sd","09:30:10",6400
30800,100,1000,"bu","09:38:48",7400
30750,50,100,"bu","09:42:39",7500
30600,-100,17900,"bu","09:49:07",25400
30600,-100,100,"bu","09:49:58",25500
29450,-1250,28000,"sd","09:50:37",53500
30700,0,1000,"bu","09:53:09",54500
30700,0,100,"sd","09:53:42",54600
30700,0,1000,"bu","09:54:02",55600
30700,0,300,"sd","09:54:18",55900
30800,100,100,"bu","09:54:24",56000
30600,-100,3200,"sd","09:55:24",59200
30600,-100,2500,"bu","09:56:24",61700
30600,-100,300,"sd","09:57:38",62000
30600,-100,1000,"bu","09:58:06",63000
30600,-100,100,"sd","09:58:16",63100
30550,-150,800,"bu","10:02:17",63900
30500,-200,900,"sd","10:03:09",64800
30400,-300,1000,"bu","10:05:20",65800
30400,-300,100,"bu","10:05:32",65900
30350,-350,200,"sd","10:05:36",66100
30500,-200,300,"bu","10:06:11",66400
30500,-200,200,"bu","10:06:45",66600
30500,-200,700,"bu","10:07:58",67300
30500,-200,200,"sd","10:08:55",67500
30600,-100,100,"bu","10:09:01",67600
30500,-200,400,"bu","10:09:55",68000
30500,-200,100,"sd","10:10:13",68100
30500,-200,2000,"bu","10:10:27",70100
30400,-300,600,"sd","10:10:33",70700
30400,-300,1000,"sd","10:11:50",71700
30400,-300,1000,"sd","10:12:44",72700
30400,-300,200,"sd","10:13:00",72900
30500,-200,100,"bu","10:13:11",73000
30400,-300,300,"bu","10:14:11",73300
30400,-300,100,"sd","10:14:58",73400
30500,-200,3000,"sd","10:16:28",76400
30500,-200,1800,"sd","10:16:46",78200
30500,-200,100,"sd","10:18:10",78300
30500,-200,300,"bu","10:18:16",78600
30500,-200,100,"bu","10:19:14",78700
30500,-200,5000,"sd","10:19:15",83700
30600,-100,4000,"sd","10:19:45",87700
30350,-350,4000,"sd","10:20:26",91700
30350,-350,3000,"bu","10:20:40",94700
30400,-300,100,"bu","10:22:22",94800
30400,-300,1000,"bu","10:23:26",95800
30400,-300,300,"sd","10:24:26",96100
30400,-300,3900,"bu","10:24:36",100000
30400,-300,100,"bu","10:25:02",100100
30400,-300,200,"sd","10:25:05",100300
30400,-300,800,"sd","10:25:20",101100
30400,-300,5000,"sd","10:25:34",106100
30400,-300,100,"bu","10:25:44",106200
30300,-400,7000,"bu","10:26:12",113200
30300,-400,500,"sd","10:27:28",113700
30600,-100,1000,"bu","10:33:28",114700
30600,-100,800,"sd","10:33:42",115500
30600,-100,100,"sd","10:33:53",115600
30350,-350,7300,"bu","10:38:57",122900
30550,-150,700,"sd","10:48:55",123600
30400,-300,2000,"bu","10:49:19",125600
30400,-300,1100,"bu","10:49:48",126700
30400,-300,1900,"sd","10:51:22",128600
30400,-300,100,"bu","10:52:18",128700
30450,-250,300,"sd","10:58:24",129000
30450,-250,100,"sd","11:00:36",129100
30400,-300,6400,"bu","11:06:23",135500
30400,-300,200,"sd","11:06:27",135700
30350,-350,2000,"bu","11:08:45",137700
30350,-350,2400,"sd","11:11:37",140100
30400,-300,1600,"bu","11:19:26",141700
30400,-300,100,"bu","11:20:42",141800
30350,-350,1400,"sd","13:01:23",143200
30350,-350,1000,"sd","13:02:17",144200
30400,-300,500,"bu","13:03:50",144700
30400,-300,500,"bu","13:04:10",145200
30400,-300,1100,"bu","13:04:24",146300
30400,-300,200,"sd","13:07:14",146500
30350,-350,1000,"sd","13:09:18",147500
30350,-350,200,"bu","13:09:43",147700
30350,-350,300,"sd","13:10:37",148000
30300,-400,9000,"bu","13:11:47",157000
30300,-400,200,"bu","13:13:11",157200
30300,-400,400,"sd","13:14:14",157600
30300,-400,600,"bu","13:14:27",158200
30300,-400,100,"sd","13:15:14",158300
30300,-400,500,"sd","13:16:18",158800
30300,-400,600,"sd","13:17:33",159400
30300,-400,200,"sd","13:17:46",159600
30350,-350,100,"sd","13:19:19",159700
30300,-400,1000,"sd","13:19:56",160700
30300,-400,1000,"sd","13:20:21",161700
30300,-400,100,"sd","13:21:31",161800
30300,-400,200,"sd","13:22:42",162000
30300,-400,400,"bu","13:23:46",162400
30350,-350,500,"sd","13:29:00",162900
30300,-400,600,"bu","13:29:11",163500
30300,-400,100,"bu","13:29:54",163600
30300,-400,5900,"sd","13:32:25",169500
30300,-400,200,"bu","13:32:41",169700
30300,-400,100,"bu","13:32:45",169800
30350,-350,900,"bu","13:33:59",170700
30350,-350,600,"bu","13:34:09",171300
30350,-350,100,"sd","13:34:21",171400
30350,-350,400,"sd","13:34:32",171800
30300,-400,100,"sd","13:35:15",171900
30350,-350,400,"bu","13:35:25",172300
30350,-350,100,"sd","13:37:07",172400
30350,-350,500,"sd","13:37:58",172900
30350,-350,100,"bu","13:38:08",173000
30400,-300,2000,"sd","13:39:41",175000
30400,-300,500,"sd","13:40:31",175500
30400,-300,1800,"sd","13:42:48",177300
30300,-400,1600,"bu","13:44:58",178900
30400,-300,1000,"bu","13:45:19",179900
30300,-400,1100,"sd","13:45:47",181000
30300,-400,900,"sd","13:47:56",181900
30300,-400,1500,"bu","13:48:07",183400
30300,-400,100,"bu","13:48:29",183500
30350,-350,500,"bu","13:50:24",184000
30300,-400,2000,"bu","13:53:14",186000
30250,-450,7800,"bu","13:53:25",193800
30250,-450,100,"bu","13:53:53",193900
30200,-500,10000,"bu","13:56:46",203900
30250,-450,100,"sd","13:57:08",204000
30250,-450,300,"sd","13:57:36",204300
30250,-450,600,"bu","13:58:21",204900
30250,-450,100,"bu","13:58:54",205000
30300,-400,5300,"sd","14:04:48",210300
30250,-450,1500,"bu","14:05:14",211800
30250,-450,1500,"sd","14:05:43",213300
30250,-450,1000,"sd","14:06:25",214300
30200,-500,700,"sd","14:06:51",215000
30200,-500,200,"sd","14:07:28",215200
30200,-500,6800,"bu","14:07:40",222000
30200,-500,800,"bu","14:07:52",222800
30200,-500,1500,"sd","14:08:39",224300
30250,-450,2200,"sd","14:08:47",226500
30250,-450,200,"bu","14:09:47",226700
30250,-450,100,"bu","14:10:02",226800
30250,-450,500,"bu","14:11:11",227300
30250,-450,100,"sd","14:11:30",227400
30300,-400,1000,"sd","14:13:09",228400
30300,-400,200,"bu","14:14:07",228600
30300,-400,1000,"sd","14:14:10",229600
30250,-450,200,"sd","14:14:27",229800
30250,-450,1000,"sd","14:14:53",230800
30250,-450,100,"sd","14:15:09",230900
30300,-400,500,"sd","14:15:32",231400
30250,-450,2300,"bu","14:15:38",233700
30250,-450,100,"sd","14:16:03",233800
30250,-450,2600,"bu","14:16:06",236400
30250,-450,9100,"sd","14:17:14",245500
30250,-450,900,"bu","14:17:34",246400
30250,-450,400,"bu","14:18:11",246800
30200,-500,5800,"sd","14:20:12",252600
30200,-500,500,"bu","14:20:34",253100
30200,-500,200,"sd","14:20:39",253300
30200,-500,1100,"sd","14:21:12",254400
30200,-500,2400,"bu","14:21:50",256800
30250,-450,300,"sd","14:22:08",257100
30250,-450,4000,"bu","14:22:44",261100
30250,-450,300,"bu","14:22:50",261400
30250,-450,200,"bu","14:23:02",261600
30250,-450,2000,"bu","14:23:13",263600
30250,-450,100,"bu","14:23:33",263700
30250,-450,2000,"sd","14:23:48",265700
30250,-450,7700,"bu","14:23:51",273400
30250,-450,5400,"sd","14:24:04",278800
30250,-450,500,"sd","14:24:19",279300
30250,-450,100,"sd","14:24:56",279400
30200,-500,2000,"sd","14:25:13",281400
30200,-500,1000,"sd","14:25:27",282400
30200,-500,100,"bu","14:25:56",282500
30250,-450,5000,"bu","14:26:24",287500
30250,-450,1100,"sd","14:26:34",288600
30250,-450,1000,"sd","14:26:43",289600
30250,-450,1900,"sd","14:26:52",291500
30300,-400,100,"bu","14:28:27",291600
30300,-400,1000,"bu","14:29:02",292600
30300,-400,200,"bu","14:29:19",292800
30300,-400,100,"bu","14:29:52",292900
30300,-400,4000,"sd","14:30:01",296900
30300,-400,6000,"sd","14:30:06",302900
30350,-350,10100,"bu","14:45:10",313000
