"price","change","match_qtty","side","time","total_vol"
18550,0,14700,"sd","09:15:05",14700
18550,0,3500,"bu","09:16:00",18200
18550,0,1500,"sd","09:16:00",19700
18600,50,10000,"sd","09:16:42",29700
18600,50,10000,"bu","09:17:54",39700
18600,50,300,"sd","09:19:04",40000
18600,50,100,"bu","09:19:23",40100
18600,50,4000,"bu","09:20:02",44100
18600,50,500,"bu","09:20:13",44600
18600,50,1100,"sd","09:20:48",45700
18600,50,500,"bu","09:20:53",46200
18600,50,10000,"bu","09:21:18",56200
18600,50,100,"bu","09:21:21",56300
18600,50,5100,"sd","09:21:32",61400
18600,50,1000,"bu","09:21:40",62400
18600,50,200,"bu","09:21:59",62600
18600,50,4200,"sd","09:22:02",66800
18600,50,1000,"sd","09:22:11",67800
18600,50,500,"sd","09:22:18",68300
18600,50,5000,"bu","09:22:38",73300
18600,50,20000,"bu","09:22:51",93300
18600,50,10000,"bu","09:23:05",103300
18600,50,30200,"sd","09:23:10",133500
18650,100,10000,"bu","09:23:33",143500
18650,100,2000,"sd","09:23:38",145500
18650,100,1000,"bu","09:23:45",146500
18700,150,100,"sd","09:24:05",146600
18700,150,2000,"sd","09:24:27",148600
18750,200,10000,"sd","09:24:32",158600
18750,200,2000,"bu","09:24:43",160600
18750,200,5000,"sd","09:25:02",165600
18750,200,10300,"sd","09:25:05",175900
18750,200,5000,"bu","09:25:06",180900
18750,200,5000,"sd","09:25:08",185900
18800,250,5000,"sd","09:25:09",190900
18800,250,1700,"sd","09:25:14",192600
18800,250,2200,"bu","09:25:14",194800
18800,250,300,"bu","09:25:17",195100
18800,250,400,"sd","09:25:18",195500
18800,250,800,"sd","09:25:19",196300
18800,250,400,"bu","09:25:22",196700
18800,250,10000,"sd","09:25:22",206700
18800,250,100,"bu","09:25:30",206800
18750,200,9600,"sd","09:25:53",216400
18750,200,100,"bu","09:25:58",216500
18750,200,400,"sd","09:26:19",216900
18750,200,500,"sd","09:26:27",217400
18700,150,19200,"bu","09:26:36",236600
18650,100,10000,"bu","09:27:30",246600
18700,150,5100,"bu","09:28:13",251700
18700,150,5000,"bu","09:28:42",256700
18650,100,200,"sd","09:29:25",256900
18650,100,5000,"sd","09:29:56",261900
18650,100,9200,"sd","09:30:24",271100
18650,100,800,"sd","09:30:32",271900
18650,100,2500,"bu","09:30:33",274400
18700,150,1000,"sd","09:30:40",275400
18700,150,2000,"sd","09:30:56",277400
18650,100,10000,"sd","09:31:16",287400
18700,150,500,"sd","09:33:02",287900
18700,150,3300,"sd","09:33:09",291200
18700,150,3800,"bu","09:33:19",295000
18700,150,27500,"sd","09:33:19",322500
18700,150,1200,"bu","09:34:15",323700
18700,150,1000,"bu","09:35:08",324700
18650,100,20000,"bu","09:35:11",344700
18700,150,5000,"sd","09:35:13",349700
18700,150,26200,"sd","09:35:14",375900
18650,100,4000,"sd","09:35:19",379900
18650,100,300,"bu","09:35:34",380200
18650,100,5000,"sd","09:35:34",385200
18650,100,300,"bu","09:35:40",385500
18650,100,5000,"sd","09:35:51",390500
18650,100,1000,"sd","09:35:53",391500
18650,100,3000,"sd","09:35:56",394500
18650,100,10000,"bu","09:35:57",404500
18650,100,1400,"bu","09:36:04",405900
18700,150,3000,"bu","09:38:30",408900
18650,100,100,"sd","09:39:20",409000
18650,100,5000,"sd","09:39:46",414000
18650,100,100,"sd","09:39:53",414100
18700,150,10100,"bu","09:41:00",424200
18650,100,10000,"bu","09:41:13",434200
18700,150,2000,"bu","09:41:16",436200
18650,100,20000,"sd","09:41:20",456200
18650,100,15200,"bu","09:41:31",471400
18650,100,22500,"sd","09:41:58",493900
18600,50,1500,"sd","09:42:24",495400
18650,100,5000,"bu","09:43:00",500400
18650,100,8000,"bu","09:43:23",508400
18600,50,500,"sd","09:43:49",508900
18600,50,2000,"sd","09:44:04",510900
18600,50,100,"sd","09:44:19",511000
18600,50,10000,"bu","09:45:12",521000
18600,50,2500,"sd","09:45:42",523500
18600,50,200,"sd","09:46:16",523700
18650,100,1000,"sd","09:47:20",524700
18650,100,3000,"bu","09:48:06",527700
18650,100,2700,"bu","09:48:13",530400
18650,100,10000,"bu","09:49:26",540400
18650,100,400,"bu","09:49:45",540800
18650,100,100,"sd","09:49:51",540900
18650,100,10000,"sd","09:50:12",550900
18650,100,20000,"bu","09:51:47",570900
18650,100,7000,"sd","09:52:03",577900
18650,100,100,"bu","09:53:24",578000
18650,100,500,"sd","09:54:53",578500
18650,100,5000,"sd","09:54:55",583500
18650,100,1000,"sd","09:55:10",584500
18700,150,100,"bu","09:55:19",584600
18650,100,11800,"bu","09:55:56",596400
18650,100,100,"sd","09:56:50",596500
18700,150,2600,"sd","09:57:43",599100
18650,100,800,"sd","09:57:53",599900
18700,150,1000,"sd","09:58:00",600900
18650,100,200,"sd","09:58:00",601100
18650,100,1800,"sd","09:59:03",602900
18650,100,1000,"sd","09:59:18",603900
18700,150,5000,"sd","10:00:16",608900
18700,150,23600,"sd","10:00:35",632500
18700,150,1000,"sd","10:00:49",633500
18700,150,4000,"bu","10:00:51",637500
18750,200,700,"sd","10:01:22",638200
18700,150,1000,"bu","10:01:25",639200
18700,150,5000,"sd","10:01:27",644200
18700,150,13000,"bu","10:01:40",657200
18700,150,2000,"sd","10:01:58",659200
18700,150,400,"bu","10:02:00",659600
18700,150,300,"sd","10:02:02",659900
18700,150,500,"bu","10:02:52",660400
18700,150,4000,"bu","10:03:44",664400
18700,150,1000,"bu","10:03:51",665400
18700,150,200,"bu","10:04:50",665600
18700,150,50000,"bu","10:05:17",715600
18700,150,5000,"bu","10:05:25",720600
18700,150,700,"sd","10:05:26",721300
18650,100,2100,"bu","10:05:48",723400
18700,150,1800,"sd","10:06:02",725200
18700,150,2500,"sd","10:06:04",727700
18700,150,300,"sd","10:07:00",728000
18700,150,10000,"bu","10:08:41",738000
18650,100,5800,"bu","10:09:18",743800
18700,150,500,"sd","10:09:40",744300
18650,100,1600,"sd","10:09:41",745900
18650,100,10000,"bu","10:11:14",755900
18650,100,20000,"bu","10:11:25",775900
18650,100,100,"bu","10:11:35",776000
18650,100,15000,"sd","10:11:36",791000
18650,100,30000,"sd","10:11:42",821000
18650,100,10000,"sd","10:11:48",831000
18650,100,12500,"bu","10:11:51",843500
18650,100,1400,"bu","10:12:53",844900
18600,50,200,"sd","10:13:03",845100
18650,100,1000,"bu","10:13:06",846100
18600,50,900,"bu","10:13:14",847000
18650,100,5000,"sd","10:13:17",852000
18700,150,50000,"bu","10:13:18",902000
18700,150,1500,"sd","10:13:51",903500
18700,150,3000,"bu","10:14:35",906500
18700,150,100,"sd","10:15:04",906600
18700,150,500,"bu","10:15:05",907100
18700,150,22800,"bu","10:15:26",929900
18700,150,2800,"sd","10:15:47",932700
18700,150,100,"bu","10:15:56",932800
18700,150,1500,"sd","10:16:18",934300
18700,150,5000,"bu","10:16:55",939300
18700,150,100,"bu","10:18:06",939400
18700,150,200,"bu","10:18:19",939600
18700,150,10000,"sd","10:18:47",949600
18700,150,100,"bu","10:18:56",949700
18700,150,200,"sd","10:19:00",949900
18700,150,100,"bu","10:19:17",950000
18700,150,5800,"sd","10:19:47",955800
18750,200,100,"bu","10:20:46",955900
18700,150,6000,"bu","10:21:39",961900
18750,200,300,"sd","10:21:41",962200
18750,200,1000,"sd","10:21:47",963200
18750,200,2500,"bu","10:22:08",965700
18700,150,500,"bu","10:22:11",966200
18750,200,100,"bu","10:22:15",966300
18750,200,1000,"sd","10:23:12",967300
18750,200,200,"sd","10:23:28",967500
18750,200,2500,"bu","10:23:45",970000
18750,200,30000,"bu","10:23:46",1000000
18700,150,20000,"bu","10:23:47",1020000
18750,200,19800,"sd","10:24:01",1039800
18750,200,20200,"sd","10:24:08",1060000
18750,200,5000,"bu","10:24:10",1065000
18750,200,1000,"sd","10:24:24",1066000
18750,200,2500,"bu","10:24:36",1068500
18750,200,1500,"sd","10:24:54",1070000
18750,200,20000,"bu","10:25:00",1090000
18700,150,3600,"bu","10:25:21",1093600
18750,200,600,"bu","10:25:40",1094200
18750,200,3000,"sd","10:25:55",1097200
18750,200,100,"bu","10:25:56",1097300
18750,200,6500,"bu","10:26:04",1103800
18700,150,2800,"sd","10:26:27",1106600
18750,200,2000,"sd","10:26:50",1108600
18750,200,1500,"sd","10:28:35",1110100
18750,200,4000,"bu","10:28:56",1114100
18750,200,900,"bu","10:29:32",1115000
18700,150,100,"bu","10:29:52",1115100
18750,200,4000,"sd","10:29:59",1119100
18750,200,500,"sd","10:30:33",1119600
18750,200,30500,"bu","10:30:58",1150100
18750,200,2800,"sd","10:31:14",1152900
18750,200,1500,"bu","10:31:22",1154400
18750,200,2000,"bu","10:31:35",1156400
18750,200,20200,"bu","10:31:41",1176600
18750,200,9800,"bu","10:31:52",1186400
18750,200,200,"sd","10:31:58",1186600
18750,200,300,"bu","10:32:22",1186900
18750,200,20000,"sd","10:32:31",1206900
18750,200,300,"bu","10:32:36",1207200
18750,200,10000,"bu","10:33:06",1217200
18750,200,300,"bu","10:33:14",1217500
18750,200,20000,"bu","10:33:22",1237500
18750,200,100,"bu","10:33:24",1237600
18750,200,10000,"sd","10:33:26",1247600
18750,200,3000,"sd","10:33:39",1250600
18750,200,1000,"bu","10:33:42",1251600
18750,200,800,"bu","10:33:43",1252400
18750,200,10000,"bu","10:33:47",1262400
18750,200,100,"sd","10:34:23",1262500
18750,200,600,"bu","10:35:00",1263100
18750,200,11700,"bu","10:35:03",1274800
18750,200,500,"sd","10:35:49",1275300
18750,200,1500,"bu","10:36:01",1276800
18700,150,10000,"bu","10:36:04",1286800
18750,200,1000,"bu","10:36:09",1287800
18750,200,400,"bu","10:36:16",1288200
18750,200,100,"sd","10:36:29",1288300
18750,200,500,"bu","10:36:30",1288800
18750,200,1000,"sd","10:36:44",1289800
18750,200,5000,"bu","10:36:46",1294800
18750,200,100,"bu","10:38:16",1294900
18750,200,10000,"sd","10:38:24",1304900
18750,200,14800,"bu","10:39:28",1319700
18700,150,9000,"sd","10:39:41",1328700
18700,150,6800,"bu","10:40:36",1335500
18700,150,500,"sd","10:41:02",1336000
18800,250,50000,"sd","10:41:03",1386000
18750,200,2000,"bu","10:41:24",1388000
18750,200,5600,"bu","10:41:32",1393600
18750,200,4400,"sd","10:41:38",1398000
18750,200,5600,"bu","10:41:49",1403600
18750,200,6500,"sd","10:41:56",1410100
18750,200,2000,"bu","10:42:01",1412100
18750,200,500,"sd","10:42:17",1412600
18800,250,3000,"sd","10:42:22",1415600
18800,250,1000,"sd","10:43:32",1416600
18800,250,500,"sd","10:44:35",1417100
18800,250,3900,"bu","10:44:51",1421000
18750,200,24800,"bu","10:45:04",1445800
18750,200,7200,"sd","10:45:40",1453000
18750,200,6500,"sd","10:45:54",1459500
18700,150,100,"sd","10:45:58",1459600
18750,200,2100,"bu","10:46:41",1461700
18750,200,200,"bu","10:47:09",1461900
18700,150,2000,"bu","10:48:55",1463900
18750,200,3000,"bu","10:49:35",1466900
18750,200,600,"bu","10:49:41",1467500
18750,200,1000,"sd","10:49:42",1468500
18750,200,100,"sd","10:49:46",1468600
18750,200,200,"bu","10:49:58",1468800
18750,200,48000,"sd","10:50:07",1516800
18750,200,200,"sd","10:50:18",1517000
18800,250,5000,"sd","10:51:13",1522000
18800,250,200,"sd","10:51:32",1522200
18800,250,700,"sd","10:51:53",1522900
18800,250,3000,"bu","10:51:54",1525900
18800,250,50000,"bu","10:51:56",1575900
18800,250,1000,"sd","10:52:03",1576900
18800,250,10000,"bu","10:52:18",1586900
18800,250,200,"sd","10:52:27",1587100
18800,250,100,"sd","10:52:39",1587200
18800,250,600,"sd","10:53:19",1587800
18800,250,1000,"sd","10:53:35",1588800
18800,250,2000,"bu","10:54:02",1590800
18800,250,1000,"bu","10:54:15",1591800
18800,250,5000,"sd","10:54:28",1596800
18750,200,500,"sd","10:55:25",1597300
18800,250,112400,"sd","10:57:51",1709700
18850,300,2100,"sd","10:59:55",1711800
18850,300,11000,"bu","11:01:21",1722800
18800,250,3000,"bu","11:01:53",1725800
18850,300,2000,"bu","11:01:59",1727800
18850,300,500,"bu","11:02:34",1728300
18800,250,50000,"bu","11:02:37",1778300
18800,250,200,"sd","11:02:41",1778500
18800,250,10300,"sd","11:02:43",1788800
18800,250,1000,"bu","11:02:55",1789800
18800,250,4000,"sd","11:03:07",1793800
18750,200,400,"sd","11:04:15",1794200
18800,250,1000,"sd","11:04:23",1795200
18800,250,35700,"sd","11:04:47",1830900
18800,250,14300,"bu","11:05:04",1845200
18800,250,2000,"bu","11:05:05",1847200
18750,200,2500,"bu","11:06:37",1849700
18750,200,1500,"sd","11:07:09",1851200
18750,200,130000,"sd","11:07:44",1981200
18750,200,3500,"sd","11:08:17",1984700
18700,150,1000,"bu","11:08:27",1985700
18750,200,100,"bu","11:08:36",1985800
18750,200,200,"bu","11:08:56",1986000
18750,200,100,"bu","11:09:11",1986100
18750,200,1000,"sd","11:09:39",1987100
18750,200,10000,"bu","11:10:21",1997100
18750,200,300,"sd","11:10:27",1997400
18750,200,1000,"bu","11:10:47",1998400
18750,200,20200,"sd","11:10:49",2018600
18750,200,1000,"bu","11:10:52",2019600
18750,200,11000,"sd","11:10:59",2030600
18750,200,5000,"bu","11:11:00",2035600
18750,200,500,"sd","11:11:02",2036100
18750,200,20900,"bu","11:11:08",2057000
18750,200,100,"sd","11:11:14",2057100
18800,250,3100,"bu","11:12:38",2060200
18800,250,300,"bu","11:12:46",2060500
18800,250,200,"sd","11:12:49",2060700
18800,250,1000,"sd","11:12:59",2061700
18800,250,200,"bu","11:13:04",2061900
18800,250,1000,"sd","11:13:07",2062900
18800,250,1500,"sd","11:13:15",2064400
18800,250,100,"sd","11:13:37",2064500
18750,200,30100,"bu","11:14:00",2094600
18750,200,3300,"bu","11:14:03",2097900
18750,200,20000,"sd","11:14:07",2117900
18750,200,6200,"sd","11:14:14",2124100
18700,150,300,"sd","11:14:23",2124400
18700,150,500,"bu","11:14:36",2124900
18750,200,3800,"bu","11:14:43",2128700
18700,150,3000,"sd","11:14:53",2131700
18750,200,34100,"bu","11:15:35",2165800
18800,250,100,"sd","11:16:33",2165900
18750,200,10000,"sd","11:16:41",2175900
18800,250,100,"sd","11:16:46",2176000
18750,200,5000,"bu","11:17:28",2181000
18800,250,2100,"sd","11:17:38",2183100
18800,250,2000,"bu","11:17:50",2185100
18800,250,22500,"bu","11:17:58",2207600
18800,250,500,"sd","11:18:11",2208100
18800,250,92100,"bu","11:18:24",2300200
18800,250,100,"sd","11:18:49",2300300
18800,250,10000,"bu","11:19:09",2310300
18800,250,100,"sd","11:19:10",2310400
18800,250,1000,"bu","11:19:22",2311400
18800,250,11500,"bu","11:19:39",2322900
18800,250,100,"bu","11:19:44",2323000
18800,250,20000,"sd","11:20:05",2343000
18800,250,1100,"sd","11:20:36",2344100
18800,250,10100,"sd","11:20:46",2354200
18800,250,1900,"bu","11:20:51",2356100
18800,250,800,"bu","11:21:29",2356900
18800,250,100,"bu","11:21:39",2357000
18800,250,3000,"sd","11:21:46",2360000
18750,200,600,"bu","11:21:50",2360600
18750,200,1000,"sd","11:22:35",2361600
18800,250,100,"sd","11:22:53",2361700
18800,250,300,"bu","11:23:49",2362000
18750,200,5000,"sd","11:23:59",2367000
18800,250,1300,"sd","11:24:08",2368300
18800,250,1100,"sd","11:24:12",2369400
18800,250,2000,"sd","11:24:15",2371400
18800,250,300,"sd","11:24:58",2371700
18800,250,300,"bu","11:25:11",2372000
18750,200,5000,"bu","11:25:16",2377000
18750,200,2800,"bu","11:25:43",2379800
18800,250,200,"sd","11:26:32",2380000
18800,250,300,"sd","11:26:45",2380300
18750,200,2100,"bu","11:27:00",2382400
18750,200,100000,"bu","11:27:40",2482400
18750,200,3000,"sd","11:28:12",2485400
18750,200,100,"bu","11:28:17",2485500
18750,200,3000,"bu","11:28:31",2488500
18750,200,4000,"bu","11:28:44",2492500
18750,200,10000,"sd","11:28:56",2502500
18750,200,5000,"sd","11:29:11",2507500
18750,200,40800,"sd","11:29:47",2548300
18750,200,1600,"sd","13:00:43",2549900
18750,200,100,"sd","13:00:45",2550000
18750,200,2000,"sd","13:00:48",2552000
18750,200,200,"sd","13:00:52",2552200
18750,200,2000,"sd","13:00:53",2554200
18750,200,1000,"sd","13:00:54",2555200
18700,150,500,"bu","13:00:55",2555700
18750,200,100,"sd","13:00:59",2555800
18750,200,300,"sd","13:01:01",2556100
18750,200,500,"bu","13:01:07",2556600
18750,200,200,"sd","13:01:10",2556800
18750,200,1000,"bu","13:01:11",2557800
18750,200,100,"bu","13:01:14",2557900
18700,150,200,"bu","13:01:16",2558100
18750,200,100,"bu","13:01:19",2558200
18750,200,3500,"sd","13:01:30",2561700
18700,150,500,"bu","13:01:34",2562200
18700,150,5000,"sd","13:01:38",2567200
18800,250,173300,"bu","13:01:40",2740500
18800,250,3100,"bu","13:01:47",2743600
18800,250,2000,"bu","13:01:54",2745600
18800,250,7800,"sd","13:01:57",2753400
18800,250,5000,"bu","13:01:58",2758400
18800,250,8800,"bu","13:02:00",2767200
18800,250,100,"bu","13:02:04",2767300
18750,200,600,"bu","13:02:12",2767900
18750,200,3400,"bu","13:02:27",2771300
18750,200,300,"bu","13:02:31",2771600
18750,200,2500,"sd","13:02:52",2774100
18750,200,3000,"bu","13:03:13",2777100
18750,200,100,"bu","13:03:23",2777200
18750,200,4500,"sd","13:03:34",2781700
18750,200,7000,"bu","13:03:41",2788700
18750,200,3000,"bu","13:03:46",2791700
18750,200,50100,"bu","13:03:51",2841800
18750,200,500,"bu","13:03:56",2842300
18750,200,400,"sd","13:03:58",2842700
18750,200,4300,"sd","13:04:00",2847000
18700,150,1600,"sd","13:04:07",2848600
18700,150,10000,"bu","13:04:13",2858600
18750,200,100,"sd","13:04:15",2858700
18700,150,10100,"sd","13:04:24",2868800
18700,150,83300,"sd","13:04:34",2952100
18700,150,300,"bu","13:04:36",2952400
18650,100,10000,"sd","13:04:38",2962400
18700,150,200,"bu","13:04:40",2962600
18700,150,2200,"sd","13:05:14",2964800
18650,100,50000,"sd","13:05:15",3014800
18700,150,20000,"sd","13:05:17",3034800
18650,100,1000,"sd","13:05:20",3035800
18700,150,200,"bu","13:05:22",3036000
18650,100,50000,"bu","13:05:24",3086000
18650,100,1000,"sd","13:05:31",3087000
18700,150,8600,"sd","13:05:35",3095600
18700,150,1700,"bu","13:05:39",3097300
18700,150,500,"sd","13:05:44",3097800
18700,150,600,"bu","13:06:07",3098400
18700,150,5000,"bu","13:06:09",3103400
18700,150,300,"sd","13:06:14",3103700
18700,150,100,"bu","13:06:25",3103800
18700,150,3000,"bu","13:06:39",3106800
18700,150,1000,"sd","13:06:42",3107800
18700,150,200,"sd","13:06:44",3108000
18700,150,3900,"bu","13:06:53",3111900
18700,150,1000,"sd","13:07:00",3112900
18700,150,1500,"sd","13:07:19",3114400
18700,150,3000,"sd","13:07:21",3117400
18700,150,2500,"sd","13:07:22",3119900
18700,150,3600,"bu","13:07:24",3123500
18700,150,4600,"sd","13:07:35",3128100
18700,150,1700,"sd","13:07:40",3129800
18700,150,3100,"sd","13:07:56",3132900
18700,150,10000,"sd","13:08:05",3142900
18700,150,1500,"bu","13:08:15",3144400
18700,150,10400,"bu","13:08:27",3154800
18700,150,10000,"sd","13:08:32",3164800
18750,200,5500,"sd","13:08:47",3170300
18750,200,100,"bu","13:09:28",3170400
18750,200,10400,"bu","13:12:04",3180800
18750,200,3000,"bu","13:12:09",3183800
18700,150,200,"bu","13:12:39",3184000
18750,200,5100,"sd","13:12:48",3189100
18750,200,200,"sd","13:13:07",3189300
18750,200,500,"sd","13:13:12",3189800
18750,200,1000,"sd","13:13:18",3190800
18750,200,1000,"sd","13:13:33",3191800
18750,200,2000,"sd","13:13:34",3193800
18700,150,400,"bu","13:13:49",3194200
18700,150,2000,"bu","13:13:50",3196200
18750,200,3000,"bu","13:13:55",3199200
18750,200,500,"bu","13:14:13",3199700
18700,150,400,"sd","13:14:16",3200100
18750,200,7600,"bu","13:14:23",3207700
18750,200,11800,"sd","13:14:33",3219500
18700,150,11000,"bu","13:14:46",3230500
18750,200,2000,"bu","13:16:48",3232500
18750,200,100,"bu","13:16:58",3232600
18700,150,5000,"bu","13:17:05",3237600
18700,150,100,"sd","13:17:07",3237700
18750,200,50000,"sd","13:17:17",3287700
18750,200,2000,"bu","13:17:21",3289700
18750,200,5000,"sd","13:17:31",3294700
18750,200,4100,"sd","13:17:34",3298800
18750,200,5100,"bu","13:17:38",3303900
18750,200,2300,"sd","13:17:44",3306200
18750,200,200,"sd","13:17:53",3306400
18750,200,1200,"bu","13:17:54",3307600
18750,200,300,"bu","13:17:56",3307900
18750,200,2600,"sd","13:18:08",3310500
18750,200,1000,"sd","13:19:36",3311500
18750,200,5000,"bu","13:19:39",3316500
18800,250,100,"sd","13:20:03",3316600
18800,250,57200,"bu","13:20:27",3373800
18800,250,7000,"sd","13:20:30",3380800
18800,250,3000,"sd","13:20:36",3383800
18800,250,2000,"sd","13:20:38",3385800
18750,200,5700,"bu","13:20:43",3391500
18750,200,600,"sd","13:21:41",3392100
18750,200,400,"bu","13:21:46",3392500
18750,200,1000,"sd","13:21:58",3393500
18800,250,5100,"sd","13:22:16",3398600
18750,200,200,"sd","13:22:51",3398800
18800,250,4000,"sd","13:23:07",3402800
18800,250,50000,"bu","13:23:31",3452800
18800,250,11000,"sd","13:23:33",3463800
18800,250,10700,"sd","13:23:36",3474500
18800,250,500,"sd","13:24:14",3475000
18800,250,10000,"bu","13:24:29",3485000
18800,250,2000,"bu","13:24:34",3487000
18850,300,20000,"bu","13:24:56",3507000
18850,300,8200,"sd","13:24:59",3515200
18850,300,700,"sd","13:25:01",3515900
18850,300,2000,"sd","13:25:03",3517900
18850,300,19800,"sd","13:25:05",3537700
18850,300,39900,"bu","13:25:07",3577600
18900,350,50800,"sd","13:25:19",3628400
18900,350,2600,"sd","13:25:40",3631000
18900,350,100,"sd","13:25:42",3631100
18900,350,52200,"sd","13:25:46",3683300
18900,350,46700,"bu","13:25:47",3730000
18950,400,9000,"sd","13:25:57",3739000
18950,400,3100,"bu","13:26:01",3742100
18950,400,9000,"sd","13:26:04",3751100
18900,350,2000,"bu","13:26:06",3753100
18950,400,57100,"sd","13:26:11",3810200
19000,450,19100,"sd","13:26:15",3829300
19000,450,10000,"bu","13:26:16",3839300
19000,450,40000,"bu","13:26:18",3879300
18950,400,4100,"sd","13:26:21",3883400
19000,450,23800,"bu","13:26:23",3907200
19000,450,7300,"bu","13:26:25",3914500
19000,450,7600,"bu","13:26:32",3922100
19000,450,4200,"sd","13:26:33",3926300
19000,450,26500,"bu","13:26:35",3952800
19000,450,100,"bu","13:26:37",3952900
19000,450,159100,"sd","13:26:38",4112000
19000,450,146700,"sd","13:26:40",4258700
19000,450,40400,"sd","13:26:42",4299100
19000,450,5300,"sd","13:26:46",4304400
19050,500,30000,"bu","13:26:52",4334400
19000,450,1600,"bu","13:26:55",4336000
19000,450,15000,"sd","13:26:59",4351000
19050,500,800,"sd","13:27:00",4351800
19050,500,20000,"sd","13:27:04",4371800
19050,500,1000,"bu","13:27:12",4372800
19050,500,5000,"sd","13:27:13",4377800
19050,500,400,"bu","13:27:15",4378200
19050,500,1000,"sd","13:27:22",4379200
19050,500,7700,"bu","13:27:24",4386900
19000,450,9500,"sd","13:27:26",4396400
19050,500,200,"bu","13:27:28",4396600
19050,500,16500,"sd","13:27:30",4413100
19100,550,1200,"sd","13:27:31",4414300
19050,500,15000,"bu","13:27:37",4429300
19050,500,17800,"bu","13:27:46",4447100
19050,500,2100,"bu","13:27:53",4449200
19100,550,1000,"bu","13:27:56",4450200
19100,550,2000,"sd","13:27:58",4452200
19100,550,3000,"sd","13:27:59",4455200
19100,550,5100,"sd","13:28:03",4460300
19100,550,16000,"bu","13:28:05",4476300
19100,550,2000,"bu","13:28:07",4478300
19100,550,3000,"sd","13:28:11",4481300
19100,550,100,"bu","13:28:13",4481400
19100,550,10600,"bu","13:28:15",4492000
19100,550,92900,"sd","13:28:17",4584900
19100,550,21000,"sd","13:28:22",4605900
19100,550,5200,"sd","13:28:28",4611100
19100,550,25100,"sd","13:28:30",4636200
19150,600,3000,"sd","13:28:35",4639200
19150,600,100200,"bu","13:28:43",4739400
19150,600,1000,"sd","13:28:45",4740400
19200,650,6600,"sd","13:28:47",4747000
19200,650,1200,"sd","13:28:51",4748200
19150,600,11000,"sd","13:28:54",4759200
19150,600,100,"sd","13:28:56",4759300
19150,600,2000,"sd","13:29:00",4761300
19150,600,300,"sd","13:29:05",4761600
19200,650,200,"sd","13:29:09",4761800
19200,650,2100,"bu","13:29:18",4763900
19200,650,400,"sd","13:29:20",4764300
19200,650,20300,"sd","13:29:22",4784600
19200,650,12400,"bu","13:29:26",4797000
19150,600,26500,"sd","13:29:30",4823500
19150,600,11000,"bu","13:29:32",4834500
19150,600,26000,"bu","13:29:33",4860500
19150,600,500,"bu","13:29:37",4861000
19150,600,20000,"bu","13:29:41",4881000
19150,600,600,"bu","13:29:45",4881600
19150,600,3800,"sd","13:29:47",4885400
19150,600,26200,"bu","13:29:49",4911600
19150,600,55000,"bu","13:29:52",4966600
19150,600,900,"sd","13:29:54",4967500
19150,600,20000,"sd","13:29:56",4987500
19150,600,11000,"bu","13:29:58",4998500
19150,600,100,"sd","13:30:00",4998600
19150,600,1100,"sd","13:30:03",4999700
19150,600,9000,"sd","13:30:05",5008700
19150,600,51100,"bu","13:30:09",5059800
19200,650,4300,"bu","13:30:10",5064100
19150,600,500,"bu","13:30:14",5064600
19150,600,2500,"bu","13:30:16",5067100
19150,600,6200,"bu","13:30:24",5073300
19150,600,17700,"bu","13:30:26",5091000
19150,600,3700,"bu","13:30:31",5094700
19100,550,76200,"bu","13:30:35",5170900
19100,550,1000,"sd","13:30:40",5171900
19100,550,2100,"sd","13:30:42",5174000
19100,550,500,"bu","13:30:53",5174500
19100,550,5000,"bu","13:30:55",5179500
19100,550,52000,"sd","13:30:59",5231500
19100,550,10000,"sd","13:31:04",5241500
19150,600,100000,"bu","13:31:10",5341500
19100,550,2300,"bu","13:31:14",5343800
19150,600,2000,"sd","13:31:18",5345800
19100,550,500,"sd","13:31:22",5346300
19100,550,2000,"sd","13:31:24",5348300
19100,550,500,"sd","13:31:25",5348800
19150,600,12200,"bu","13:31:27",5361000
19100,550,1000,"bu","13:31:33",5362000
19100,550,4300,"sd","13:31:37",5366300
19100,550,7200,"sd","13:31:39",5373500
19100,550,2500,"bu","13:31:47",5376000
19100,550,700,"bu","13:31:54",5376700
19100,550,15000,"bu","13:31:56",5391700
19100,550,6000,"sd","13:31:58",5397700
19100,550,27000,"sd","13:32:01",5424700
19100,550,5000,"sd","13:32:03",5429700
19100,550,51000,"bu","13:32:07",5480700
19050,500,2800,"sd","13:32:15",5483500
19050,500,20000,"bu","13:32:27",5503500
19050,500,3000,"bu","13:32:39",5506500
19100,550,500,"bu","13:32:43",5507000
19050,500,10000,"bu","13:32:45",5517000
19100,550,4200,"bu","13:33:01",5521200
19100,550,1000,"bu","13:33:09",5522200
19050,500,50000,"sd","13:33:10",5572200
19100,550,2000,"sd","13:33:21",5574200
19050,500,3200,"sd","13:33:25",5577400
19100,550,11700,"bu","13:33:27",5589100
19050,500,100,"bu","13:33:29",5589200
19100,550,5000,"sd","13:33:33",5594200
19100,550,2600,"bu","13:33:36",5596800
19050,500,1000,"bu","13:33:38",5597800
19100,550,12200,"sd","13:33:40",5610000
19100,550,1100,"bu","13:33:42",5611100
19100,550,5000,"sd","13:33:44",5616100
19100,550,5000,"bu","13:33:51",5621100
19100,550,5100,"sd","13:33:55",5626200
19100,550,2100,"sd","13:34:03",5628300
19100,550,27000,"sd","13:34:07",5655300
19050,500,400,"sd","13:34:09",5655700
19100,550,400,"bu","13:34:11",5656100
19100,550,1000,"sd","13:34:15",5657100
19100,550,5000,"sd","13:34:17",5662100
19100,550,100,"bu","13:34:23",5662200
19100,550,5000,"sd","13:34:27",5667200
19100,550,2000,"bu","13:34:37",5669200
19050,500,8000,"sd","13:34:41",5677200
19050,500,3000,"sd","13:34:54",5680200
19050,500,2000,"sd","13:34:56",5682200
19100,550,500,"sd","13:34:58",5682700
19100,550,11800,"sd","13:35:02",5694500
19050,500,200,"sd","13:35:04",5694700
19050,500,29800,"bu","13:35:08",5724500
19050,500,100,"bu","13:35:10",5724600
19050,500,15000,"bu","13:35:13",5739600
19050,500,29700,"sd","13:35:15",5769300
19050,500,3000,"bu","13:35:19",5772300
19050,500,1600,"bu","13:35:21",5773900
19050,500,300,"sd","13:35:23",5774200
19100,550,10700,"sd","13:35:27",5784900
19050,500,26500,"bu","13:35:29",5811400
19000,450,30400,"sd","13:35:38",5841800
19050,500,2000,"bu","13:35:40",5843800
19100,550,6900,"bu","13:35:42",5850700
19050,500,50000,"sd","13:35:43",5900700
19050,500,800,"sd","13:35:49",5901500
19050,500,100,"sd","13:35:51",5901600
19050,500,47600,"bu","13:35:56",5949200
19050,500,1000,"sd","13:35:58",5950200
19000,450,26400,"bu","13:36:17",5976600
19000,450,1100,"bu","13:36:28",5977700
19050,500,42600,"sd","13:36:32",6020300
19050,500,7400,"sd","13:36:39",6027700
19050,500,400,"sd","13:36:45",6028100
19050,500,500,"sd","13:36:50",6028600
19050,500,3000,"bu","13:36:52",6031600
19050,500,3900,"sd","13:36:54",6035500
19050,500,5200,"sd","13:36:59",6040700
19050,500,10000,"sd","13:37:11",6050700
19050,500,1000,"sd","13:37:18",6051700
19050,500,2500,"sd","13:37:30",6054200
19050,500,100,"bu","13:37:39",6054300
19050,500,50400,"sd","13:37:46",6104700
19050,500,5000,"bu","13:37:50",6109700
19050,500,35000,"sd","13:37:54",6144700
19050,500,900,"bu","13:37:56",6145600
19050,500,1000,"bu","13:38:02",6146600
19050,500,5000,"sd","13:38:04",6151600
19050,500,1100,"sd","13:38:17",6152700
19050,500,5000,"sd","13:38:19",6157700
19050,500,500,"bu","13:38:21",6158200
19050,500,800,"bu","13:38:25",6159000
19050,500,2000,"bu","13:38:27",6161000
19050,500,500,"sd","13:38:32",6161500
19050,500,1600,"sd","13:38:36",6163100
19050,500,4500,"sd","13:38:41",6167600
19050,500,3000,"sd","13:38:48",6170600
19050,500,1600,"bu","13:38:50",6172200
19050,500,5000,"sd","13:38:52",6177200
19050,500,4100,"sd","13:39:03",6181300
19050,500,28000,"sd","13:39:05",6209300
19050,500,22300,"sd","13:39:07",6231600
19050,500,300,"sd","13:39:11",6231900
19050,500,800,"bu","13:39:15",6232700
19100,550,10500,"bu","13:39:21",6243200
19050,500,20000,"bu","13:39:39",6263200
19050,500,200,"bu","13:39:52",6263400
19050,500,100,"bu","13:40:04",6263500
19100,550,30500,"sd","13:40:21",6294000
19050,500,10000,"bu","13:40:25",6304000
19050,500,2900,"bu","13:40:27",6306900
19050,500,100,"sd","13:40:35",6307000
19100,550,40000,"sd","13:40:37",6347000
19050,500,1800,"bu","13:40:43",6348800
19100,550,50000,"sd","13:40:45",6398800
19050,500,3400,"sd","13:40:47",6402200
19050,500,6200,"bu","13:41:06",6408400
19050,500,21100,"sd","13:41:16",6429500
19050,500,9000,"bu","13:41:24",6438500
19050,500,200,"sd","13:41:29",6438700
19100,550,500,"bu","13:42:18",6439200
19050,500,3000,"bu","13:42:20",6442200
19050,500,20000,"bu","13:42:22",6462200
19050,500,24100,"sd","13:42:32",6486300
19050,500,300,"sd","13:42:34",6486600
19050,500,13100,"sd","13:42:38",6499700
19050,500,5500,"sd","13:42:42",6505200
19050,500,2100,"bu","13:42:54",6507300
19050,500,41600,"bu","13:43:06",6548900
19050,500,3000,"sd","13:43:14",6551900
19050,500,500,"sd","13:43:25",6552400
19050,500,32000,"sd","13:43:27",6584400
19050,500,30000,"bu","13:43:33",6614400
19050,500,100,"bu","13:43:37",6614500
19050,500,400,"bu","13:43:41",6614900
19050,500,40500,"bu","13:43:43",6655400
19050,500,1000,"sd","13:43:53",6656400
19050,500,20100,"sd","13:43:58",6676500
19050,500,6200,"sd","13:44:00",6682700
19050,500,200,"bu","13:44:02",6682900
19050,500,300,"bu","13:44:04",6683200
19050,500,10000,"sd","13:44:06",6693200
19050,500,500,"bu","13:44:08",6693700
19050,500,4400,"bu","13:44:12",6698100
19000,450,1500,"sd","13:44:21",6699600
19050,500,100,"bu","13:44:27",6699700
19000,450,500,"bu","13:44:34",6700200
19000,450,3000,"sd","13:44:36",6703200
19000,450,2000,"sd","13:44:41",6705200
19000,450,10000,"sd","13:44:43",6715200
19000,450,1900,"bu","13:44:45",6717100
19000,450,400,"sd","13:44:47",6717500
19000,450,10000,"bu","13:44:56",6727500
19000,450,5000,"sd","13:45:06",6732500
19000,450,1500,"bu","13:45:09",6734000
19000,450,1500,"sd","13:45:15",6735500
19000,450,1200,"bu","13:45:25",6736700
19000,450,26900,"sd","13:45:27",6763600
19000,450,5000,"bu","13:45:36",6768600
19000,450,100,"sd","13:45:40",6768700
19000,450,5000,"bu","13:45:53",6773700
19000,450,100000,"sd","13:46:01",6873700
19000,450,100000,"bu","13:46:03",6973700
19000,450,20300,"sd","13:46:05",6994000
19000,450,43600,"bu","13:46:08",7037600
19000,450,1500,"bu","13:46:12",7039100
19000,450,58700,"bu","13:46:14",7097800
19000,450,400,"sd","13:46:16",7098200
19000,450,5500,"bu","13:46:18",7103700
18950,400,300,"sd","13:46:35",7104000
18950,400,1200,"bu","13:46:39",7105200
18950,400,500,"sd","13:46:41",7105700
18950,400,800,"sd","13:46:49",7106500
18950,400,2500,"sd","13:46:56",7109000
18950,400,1000,"bu","13:46:57",7110000
18950,400,4000,"sd","13:47:04",7114000
18900,350,100100,"bu","13:47:08",7214100
18900,350,3000,"bu","13:47:34",7217100
18950,400,2000,"sd","13:47:44",7219100
18950,400,19100,"bu","13:47:46",7238200
18950,400,500,"bu","13:47:52",7238700
18950,400,5500,"bu","13:47:58",7244200
18950,400,70900,"sd","13:48:07",7315100
18950,400,6000,"bu","13:48:09",7321100
18950,400,100,"bu","13:48:16",7321200
19000,450,30000,"sd","13:48:20",7351200
18950,400,100,"bu","13:48:22",7351300
18950,400,200,"bu","13:48:31",7351500
19000,450,4500,"bu","13:48:40",7356000
19000,450,800,"bu","13:48:49",7356800
18950,400,3000,"sd","13:48:59",7359800
19000,450,50000,"sd","13:49:01",7409800
19000,450,65200,"bu","13:49:23",7475000
19000,450,1400,"sd","13:49:25",7476400
19000,450,1500,"bu","13:49:27",7477900
19000,450,1000,"sd","13:49:29",7478900
19000,450,100,"bu","13:49:36",7479000
19000,450,2100,"sd","13:49:41",7481100
19000,450,100,"bu","13:49:43",7481200
19000,450,500,"bu","13:49:49",7481700
19000,450,3000,"sd","13:50:08",7484700
19000,450,6000,"sd","13:50:17",7490700
19000,450,300,"bu","13:50:20",7491000
19050,500,10000,"sd","13:50:27",7501000
19050,500,100,"sd","13:50:35",7501100
19000,450,45000,"bu","13:50:54",7546100
19000,450,35000,"sd","13:51:06",7581100
19000,450,100,"sd","13:51:10",7581200
19000,450,2100,"bu","13:51:13",7583300
19000,450,100,"sd","13:51:16",7583400
19000,450,2700,"bu","13:51:24",7586100
19000,450,100,"sd","13:51:26",7586200
18950,400,50000,"sd","13:51:35",7636200
19000,450,600,"bu","13:51:38",7636800
18950,400,50000,"sd","13:51:40",7686800
18950,400,200,"bu","13:51:42",7687000
18950,400,1000,"sd","13:51:52",7688000
18950,400,1000,"bu","13:52:03",7689000
18950,400,100,"bu","13:52:13",7689100
18950,400,5000,"bu","13:52:15",7694100
18950,400,2000,"bu","13:52:17",7696100
18900,350,50000,"bu","13:52:20",7746100
18950,400,1000,"bu","13:52:43",7747100
18950,400,24500,"bu","13:52:46",7771600
18950,400,17500,"bu","13:52:57",7789100
18900,350,3000,"bu","13:53:02",7792100
18950,400,1000,"bu","13:53:09",7793100
18900,350,50000,"bu","13:53:14",7843100
18900,350,82800,"sd","13:53:21",7925900
18900,350,1300,"bu","13:53:23",7927200
18850,300,1000,"sd","13:53:32",7928200
18900,350,5200,"sd","13:53:41",7933400
18900,350,1500,"bu","13:53:44",7934900
18900,350,100,"bu","13:53:57",7935000
18900,350,1000,"sd","13:54:04",7936000
18900,350,5500,"sd","13:54:11",7941500
18850,300,100000,"sd","13:54:21",8041500
18850,300,35600,"sd","13:54:23",8077100
18800,250,100000,"bu","13:54:27",8177100
18850,300,101500,"bu","13:54:33",8278600
18800,250,20000,"sd","13:54:36",8298600
18850,300,1900,"bu","13:54:43",8300500
18850,300,500,"sd","13:54:47",8301000
18850,300,1500,"bu","13:54:54",8302500
18800,250,100,"sd","13:54:58",8302600
18850,300,800,"sd","13:55:03",8303400
18800,250,5500,"bu","13:55:06",8308900
18800,250,12300,"bu","13:55:16",8321200
18850,300,10000,"sd","13:55:19",8331200
18850,300,500,"bu","13:55:24",8331700
18850,300,50000,"sd","13:55:27",8381700
18850,300,17700,"bu","13:55:29",8399400
18800,250,103500,"sd","13:55:38",8502900
18850,300,500,"bu","13:56:06",8503400
18800,250,23200,"bu","13:56:16",8526600
18800,250,500,"sd","13:56:24",8527100
18800,250,1000,"bu","13:56:49",8528100
18850,300,33000,"bu","13:57:06",8561100
18900,350,1000,"bu","13:57:38",8562100
18900,350,200,"bu","13:57:41",8562300
18900,350,100,"sd","13:57:43",8562400
18850,300,40000,"sd","13:57:48",8602400
18850,300,1000,"sd","13:57:50",8603400
18900,350,200,"bu","13:57:55",8603600
18800,250,80000,"bu","13:58:01",8683600
18800,250,300,"sd","13:58:06",8683900
18850,300,1000,"sd","13:58:23",8684900
18850,300,10000,"bu","13:58:30",8694900
18850,300,300,"bu","13:58:37",8695200
18900,350,3000,"sd","13:59:01",8698200
18850,300,30000,"sd","13:59:03",8728200
18900,350,100,"sd","13:59:08",8728300
18850,300,500,"bu","13:59:10",8728800
18900,350,100,"bu","13:59:26",8728900
18900,350,20000,"bu","13:59:31",8748900
18900,350,11700,"sd","13:59:37",8760600
18900,350,15900,"sd","13:59:42",8776500
18900,350,3000,"sd","13:59:44",8779500
18900,350,300,"sd","13:59:54",8779800
18900,350,3400,"bu","13:59:56",8783200
18900,350,87100,"sd","14:00:01",8870300
18900,350,6000,"sd","14:00:06",8876300
18950,400,8400,"bu","14:00:11",8884700
18950,400,10100,"sd","14:00:13",8894800
18950,400,14800,"bu","14:00:18",8909600
19000,450,5000,"sd","14:00:51",8914600
19000,450,2000,"bu","14:00:56",8916600
19000,450,100,"sd","14:00:58",8916700
19000,450,26000,"bu","14:01:00",8942700
19000,450,4000,"bu","14:01:08",8946700
19000,450,200,"bu","14:01:13",8946900
18950,400,10000,"bu","14:01:18",8956900
19000,450,10500,"bu","14:01:34",8967400
18950,400,20200,"bu","14:01:48",8987600
18950,400,200,"bu","14:01:53",8987800
19000,450,10000,"bu","14:01:55",8997800
19000,450,2000,"sd","14:02:00",8999800
19000,450,1000,"bu","14:02:29",9000800
19000,450,5000,"bu","14:02:38",9005800
18950,400,20000,"sd","14:02:41",9025800
19000,450,5000,"bu","14:02:46",9030800
18950,400,15900,"bu","14:02:48",9046700
18950,400,1000,"sd","14:03:20",9047700
18950,400,500,"sd","14:03:39",9048200
18950,400,100,"sd","14:03:49",9048300
18950,400,9000,"sd","14:03:52",9057300
18950,400,5000,"sd","14:03:54",9062300
18900,350,50000,"bu","14:03:57",9112300
18900,350,60000,"bu","14:04:02",9172300
18900,350,16700,"sd","14:04:04",9189000
18850,300,1100,"bu","14:04:09",9190100
18900,350,3600,"bu","14:04:11",9193700
18900,350,2000,"sd","14:04:19",9195700
18950,400,1000,"sd","14:04:41",9196700
18900,350,100,"bu","14:04:46",9196800
18900,350,400,"bu","14:04:50",9197200
18900,350,100,"bu","14:04:53",9197300
18900,350,43000,"bu","14:05:02",9240300
18900,350,500,"sd","14:05:11",9240800
18900,350,2000,"sd","14:05:16",9242800
18900,350,4500,"sd","14:05:18",9247300
18900,350,100,"bu","14:05:21",9247400
18900,350,500,"bu","14:05:25",9247900
18900,350,1300,"sd","14:05:30",9249200
18900,350,800,"bu","14:05:32",9250000
18900,350,300,"sd","14:05:45",9250300
18900,350,300,"sd","14:06:13",9250600
18900,350,3900,"sd","14:06:25",9254500
18900,350,5000,"sd","14:06:39",9259500
18900,350,100,"sd","14:06:44",9259600
18900,350,18000,"sd","14:06:46",9277600
18900,350,2300,"bu","14:07:11",9279900
18900,350,2000,"sd","14:07:18",9281900
18900,350,700,"sd","14:07:30",9282600
18850,300,60300,"bu","14:07:33",9342900
18900,350,600,"sd","14:07:46",9343500
18850,300,14200,"bu","14:08:11",9357700
18850,300,2300,"sd","14:08:22",9360000
18850,300,500,"bu","14:08:34",9360500
18850,300,13000,"bu","14:08:39",9373500
18900,350,1000,"bu","14:08:57",9374500
18850,300,20100,"bu","14:08:59",9394600
18850,300,25600,"sd","14:09:09",9420200
18850,300,3000,"sd","14:09:11",9423200
18850,300,100,"bu","14:09:19",9423300
18850,300,1000,"sd","14:09:21",9424300
18900,350,700,"bu","14:09:28",9425000
18850,300,15000,"sd","14:09:38",9440000
18850,300,8700,"sd","14:09:45",9448700
18850,300,700,"bu","14:09:47",9449400
18850,300,500,"sd","14:09:50",9449900
18850,300,10500,"sd","14:09:52",9460400
18850,300,700,"bu","14:09:55",9461100
18850,300,2000,"bu","14:09:57",9463100
18850,300,1000,"bu","14:10:00",9464100
18850,300,6000,"bu","14:10:02",9470100
18900,350,18000,"sd","14:10:46",9488100
18900,350,20000,"sd","14:10:49",9508100
18900,350,500,"bu","14:10:51",9508600
18900,350,1900,"bu","14:10:56",9510500
18850,300,30000,"bu","14:10:58",9540500
18900,350,1700,"sd","14:11:01",9542200
18850,300,50000,"sd","14:11:03",9592200
18900,350,3000,"sd","14:11:08",9595200
18900,350,400,"sd","14:11:25",9595600
18900,350,1000,"bu","14:11:32",9596600
18900,350,700,"bu","14:11:39",9597300
18900,350,100,"sd","14:11:45",9597400
18900,350,21700,"sd","14:11:48",9619100
18900,350,30000,"sd","14:11:50",9649100
18850,300,40000,"sd","14:11:53",9689100
18900,350,8600,"sd","14:11:58",9697700
18900,350,21500,"sd","14:12:03",9719200
18900,350,300,"sd","14:12:34",9719500
18850,300,96600,"bu","14:12:45",9816100
18850,300,500,"sd","14:12:47",9816600
18850,300,100,"bu","14:12:50",9816700
18850,300,200,"bu","14:12:52",9816900
18850,300,1000,"bu","14:13:01",9817900
18850,300,1600,"sd","14:13:04",9819500
18950,400,1000,"sd","14:13:24",9820500
18950,400,15000,"bu","14:13:32",9835500
18950,400,1000,"bu","14:13:43",9836500
18900,350,200,"bu","14:14:00",9836700
18950,400,800,"sd","14:14:20",9837500
18950,400,500,"bu","14:14:35",9838000
18950,400,5000,"sd","14:15:14",9843000
18950,400,35500,"sd","14:15:57",9878500
18950,400,500,"sd","14:16:00",9879000
18950,400,7000,"bu","14:16:03",9886000
18950,400,9000,"bu","14:16:12",9895000
18950,400,200,"sd","14:16:15",9895200
19000,450,900,"sd","14:16:47",9896100
19000,450,68100,"bu","14:17:22",9964200
19000,450,35600,"bu","14:17:25",9999800
19000,450,900,"bu","14:17:34",10000700
19050,500,1000,"sd","14:17:43",10001700
19050,500,1100,"bu","14:17:52",10002800
19000,450,500,"bu","14:17:55",10003300
19000,450,900,"sd","14:18:00",10004200
19000,450,500,"sd","14:18:11",10004700
19000,450,10000,"sd","14:18:26",10014700
19000,450,2000,"sd","14:18:34",10016700
19000,450,1000,"sd","14:18:43",10017700
19000,450,1000,"bu","14:18:51",10018700
19000,450,200,"sd","14:19:11",10018900
19000,450,5000,"sd","14:19:21",10023900
19000,450,25000,"bu","14:19:35",10048900
19000,450,100,"sd","14:19:37",10049000
19000,450,800,"sd","14:20:12",10049800
19000,450,100,"sd","14:20:18",10049900
19050,500,1000,"sd","14:20:24",10050900
19000,450,300,"bu","14:20:26",10051200
19000,450,100,"bu","14:21:04",10051300
19050,500,800,"sd","14:21:09",10052100
19050,500,100000,"sd","14:21:12",10152100
19000,450,101000,"sd","14:21:19",10253100
19050,500,5000,"sd","14:21:22",10258100
19000,450,21300,"bu","14:21:24",10279400
19000,450,10000,"bu","14:21:37",10289400
19000,450,4700,"sd","14:21:40",10294100
19000,450,1000,"bu","14:21:50",10295100
19000,450,2000,"sd","14:22:00",10297100
19000,450,2100,"bu","14:22:08",10299200
19000,450,1400,"bu","14:22:18",10300600
19000,450,500,"bu","14:22:27",10301100
19000,450,5000,"sd","14:22:33",10306100
19000,450,100,"sd","14:22:35",10306200
19000,450,35000,"sd","14:22:38",10341200
19050,500,900,"sd","14:23:07",10342100
19000,450,2000,"bu","14:23:16",10344100
19050,500,1000,"sd","14:23:42",10345100
19000,450,22000,"bu","14:23:57",10367100
19050,500,10000,"sd","14:24:04",10377100
19000,450,100000,"sd","14:24:07",10477100
19050,500,37000,"bu","14:24:10",10514100
19050,500,23000,"bu","14:24:19",10537100
19050,500,1300,"bu","14:24:33",10538400
19050,500,300,"bu","14:24:36",10538700
19050,500,600,"bu","14:24:44",10539300
19000,450,2000,"bu","14:24:53",10541300
19000,450,22400,"sd","14:25:23",10563700
19050,500,1100,"sd","14:25:27",10564800
19000,450,52200,"sd","14:25:30",10617000
19000,450,50100,"bu","14:25:33",10667100
19000,450,1000,"bu","14:25:49",10668100
19000,450,8900,"bu","14:25:53",10677000
19000,450,300,"sd","14:26:11",10677300
19000,450,3600,"bu","14:26:39",10680900
19000,450,1000,"sd","14:26:46",10681900
19000,450,1500,"sd","14:26:52",10683400
18950,400,700,"sd","14:26:55",10684100
19000,450,600,"bu","14:26:57",10684700
18950,400,200,"sd","14:27:08",10684900
19000,450,27000,"sd","14:27:44",10711900
18950,400,2100,"bu","14:27:48",10714000
19000,450,2400,"sd","14:28:02",10716400
18950,400,32400,"sd","14:28:05",10748800
19000,450,400,"sd","14:28:08",10749200
19000,450,5000,"bu","14:28:12",10754200
19000,450,19900,"bu","14:28:21",10774100
19000,450,200,"bu","14:28:41",10774300
19000,450,100,"bu","14:28:58",10774400
19050,500,200,"sd","14:29:34",10774600
19050,500,500,"bu","14:29:38",10775100
19050,500,50000,"bu","14:29:41",10825100
19000,450,1000,"sd","14:29:44",10826100
19050,500,53000,"sd","14:29:58",10879100
19000,450,1000,"sd","14:30:01",10880100
19050,500,15300,"sd","14:30:06",10895400
19100,550,548900,"sd","14:45:10",11444300
