"price","change","match_qtty","side","time","total_vol"
26550,150,2700,"sd","09:15:09",2700
26600,200,1000,"sd","09:15:12",3700
26600,200,2800,"bu","09:15:44",6500
26650,250,1000,"sd","09:16:00",7500
26700,300,400,"sd","09:16:02",7900
26700,300,500,"sd","09:16:15",8400
26700,300,1000,"sd","09:16:20",9400
26700,300,1100,"sd","09:16:24",10500
26800,400,4200,"sd","09:16:26",14700
26800,400,300,"bu","09:16:36",15000
26800,400,500,"sd","09:16:37",15500
26850,450,2000,"sd","09:16:50",17500
26900,500,500,"bu","09:16:50",18000
26850,450,1000,"bu","09:17:06",19000
26900,500,2500,"bu","09:17:30",21500
26900,500,500,"sd","09:17:30",22000
26850,450,3000,"bu","09:17:31",25000
26900,500,1200,"sd","09:17:31",26200
26900,500,2000,"sd","09:17:32",28200
26900,500,900,"sd","09:17:34",29100
26900,500,2500,"sd","09:17:37",31600
26900,500,3500,"bu","09:17:40",35100
27000,600,7000,"sd","09:17:53",42100
27000,600,1000,"bu","09:17:53",43100
27000,600,9100,"sd","09:17:56",52200
27000,600,3000,"sd","09:18:06",55200
27200,800,100,"sd","09:18:07",55300
27200,800,300,"bu","09:18:09",55600
27200,800,1100,"bu","09:18:11",56700
27250,850,5800,"bu","09:18:22",62500
27250,850,200,"bu","09:18:22",62700
27250,850,100,"bu","09:18:22",62800
27300,900,400,"sd","09:18:37",63200
27300,900,1000,"sd","09:18:43",64200
27300,900,200,"bu","09:19:12",64400
27300,900,700,"bu","09:19:13",65100
27250,850,800,"bu","09:19:17",65900
27250,850,200,"bu","09:19:23",66100
27300,900,500,"bu","09:19:28",66600
27300,900,100,"bu","09:19:33",66700
27250,850,800,"bu","09:19:49",67500
27300,900,2000,"bu","09:19:53",69500
27350,950,4500,"bu","09:19:55",74000
27350,950,300,"sd","09:20:06",74300
27300,900,500,"sd","09:20:21",74800
27200,800,800,"sd","09:20:33",75600
27200,800,400,"sd","09:21:01",76000
27000,600,3000,"bu","09:21:07",79000
27200,800,2100,"bu","09:21:08",81100
27000,600,4000,"sd","09:21:28",85100
27000,600,500,"sd","09:21:40",85600
27000,600,100,"sd","09:21:50",85700
27000,600,400,"sd","09:21:54",86100
27000,600,2000,"sd","09:22:05",88100
27000,600,500,"bu","09:22:06",88600
27000,600,100,"sd","09:22:10",88700
27000,600,2200,"sd","09:22:12",90900
27000,600,400,"sd","09:22:13",91300
27000,600,3000,"sd","09:22:27",94300
27000,600,600,"sd","09:22:31",94900
26950,550,100,"bu","09:22:43",95000
27000,600,2700,"sd","09:22:57",97700
27000,600,400,"bu","09:22:57",98100
27000,600,2500,"bu","09:23:15",100600
27000,600,5000,"sd","09:23:19",105600
27000,600,2000,"bu","09:23:37",107600
27000,600,4500,"bu","09:23:50",112100
27000,600,500,"bu","09:23:53",112600
27000,600,2000,"bu","09:23:58",114600
27000,600,2000,"bu","09:24:02",116600
27000,600,500,"sd","09:24:12",117100
27000,600,200,"bu","09:24:16",117300
27000,600,1500,"sd","09:24:21",118800
27000,600,900,"sd","09:24:44",119700
27000,600,200,"sd","09:24:54",119900
27000,600,100,"bu","09:25:10",120000
27000,600,900,"sd","09:25:12",120900
27000,600,4400,"sd","09:25:35",125300
27050,650,1000,"bu","09:25:35",126300
27100,700,2600,"sd","09:26:00",128900
27000,600,3000,"bu","09:26:00",131900
27000,600,1000,"bu","09:26:08",132900
27100,700,5500,"bu","09:26:15",138400
27000,600,5000,"bu","09:26:24",143400
27100,700,1300,"sd","09:26:43",144700
27200,800,27100,"sd","09:27:00",171800
27200,800,500,"bu","09:27:05",172300
27250,850,100,"sd","09:27:05",172400
27300,900,3700,"bu","09:27:21",176100
27200,800,100,"bu","09:27:35",176200
27200,800,1000,"sd","09:27:39",177200
27200,800,400,"bu","09:27:46",177600
27200,800,1100,"bu","09:27:50",178700
27200,800,2000,"sd","09:28:01",180700
27200,800,500,"sd","09:28:44",181200
27150,750,300,"bu","09:29:41",181500
27150,750,1700,"bu","09:30:38",183200
27150,750,700,"sd","09:31:23",183900
27150,750,100,"sd","09:31:41",184000
27100,700,2800,"bu","09:32:08",186800
27100,700,500,"sd","09:32:36",187300
27000,600,3000,"sd","09:32:38",190300
27100,700,3000,"bu","09:33:24",193300
27100,700,800,"bu","09:33:55",194100
27000,600,3000,"bu","09:34:00",197100
27000,600,3000,"bu","09:34:19",200100
27000,600,100,"bu","09:34:23",200200
27000,600,500,"bu","09:34:33",200700
27000,600,100,"sd","09:35:04",200800
27000,600,1000,"sd","09:35:31",201800
27000,600,100,"sd","09:35:43",201900
27000,600,500,"bu","09:36:12",202400
27050,650,300,"sd","09:36:51",202700
27050,650,1700,"bu","09:36:54",204400
27000,600,3000,"sd","09:37:12",207400
27100,700,3000,"sd","09:37:51",210400
27250,850,10300,"sd","09:38:34",220700
27250,850,300,"bu","09:38:54",221000
27200,800,2000,"sd","09:39:20",223000
27300,900,2000,"bu","09:39:38",225000
27200,800,10000,"sd","09:39:39",235000
27100,700,500,"sd","09:39:44",235500
27200,800,1200,"sd","09:41:41",236700
27200,800,8100,"sd","09:42:56",244800
27200,800,1000,"bu","09:43:17",245800
27200,800,1000,"sd","09:43:54",246800
27200,800,800,"sd","09:44:18",247600
27250,850,2500,"sd","09:44:50",250100
27200,800,1000,"sd","09:45:14",251100
27200,800,200,"sd","09:45:22",251300
27200,800,400,"sd","09:45:29",251700
27250,850,1600,"sd","09:45:41",253300
27250,850,1000,"bu","09:46:02",254300
27200,800,300,"bu","09:46:17",254600
27200,800,700,"sd","09:46:33",255300
27250,850,600,"sd","09:46:57",255900
27250,850,900,"sd","09:47:08",256800
27250,850,200,"bu","09:47:58",257000
27250,850,900,"sd","09:47:59",257900
27200,800,1000,"bu","09:48:44",258900
27200,800,1400,"sd","09:49:10",260300
27200,800,1000,"bu","09:49:27",261300
27200,800,600,"sd","09:49:46",261900
27200,800,500,"bu","09:50:28",262400
27200,800,900,"sd","09:50:33",263300
27300,900,15000,"bu","09:50:40",278300
27300,900,1000,"bu","09:50:48",279300
27350,950,2000,"sd","09:51:06",281300
27300,900,3000,"sd","09:51:36",284300
27350,950,1500,"sd","09:52:13",285800
27350,950,1500,"bu","09:52:29",287300
27350,950,1400,"sd","09:52:32",288700
27400,1000,400,"sd","09:52:35",289100
27500,1100,13000,"bu","09:52:59",302100
27300,900,200,"bu","09:53:01",302300
27400,1000,1000,"bu","09:53:19",303300
27450,1050,100,"bu","09:53:19",303400
27450,1050,2000,"bu","09:54:02",305400
27400,1000,2000,"sd","09:54:03",307400
27450,1050,400,"bu","09:54:14",307800
27450,1050,300,"sd","09:54:15",308100
27450,1050,1000,"bu","09:54:39",309100
27450,1050,200,"bu","09:54:45",309300
27400,1000,100,"bu","09:54:50",309400
27500,1100,10200,"sd","09:55:12",319600
27500,1100,1400,"bu","09:55:29",321000
27500,1100,1000,"sd","09:55:34",322000
27450,1050,200,"sd","09:55:58",322200
27450,1050,1800,"bu","09:55:58",324000
27500,1100,600,"sd","09:56:14",324600
27500,1100,300,"bu","09:56:15",324900
27450,1050,100,"bu","09:56:22",325000
27500,1100,10000,"sd","09:56:31",335000
27500,1100,2600,"bu","09:56:33",337600
27500,1100,3800,"sd","09:56:44",341400
27500,1100,1000,"sd","09:56:48",342400
27500,1100,400,"sd","09:56:51",342800
27500,1100,1300,"bu","09:57:02",344100
27500,1100,3000,"bu","09:57:16",347100
27500,1100,100,"bu","09:57:20",347200
27500,1100,1300,"bu","09:57:22",348500
27500,1100,3400,"sd","09:57:23",351900
27500,1100,400,"sd","09:57:28",352300
27550,1150,800,"bu","09:57:41",353100
27500,1100,2400,"sd","09:57:44",355500
27550,1150,400,"bu","09:57:46",355900
27550,1150,800,"sd","09:57:50",356700
27550,1150,200,"sd","09:57:50",356900
27550,1150,300,"bu","09:58:04",357200
27550,1150,300,"sd","09:58:12",357500
27550,1150,200,"bu","09:58:14",357700
27600,1200,5000,"sd","09:58:34",362700
27600,1200,800,"bu","09:58:37",363500
27600,1200,600,"bu","09:58:37",364100
27600,1200,800,"bu","09:58:42",364900
27600,1200,1400,"sd","09:59:07",366300
27600,1200,100,"sd","09:59:13",366400
27600,1200,2700,"bu","09:59:34",369100
27700,1300,1800,"bu","09:59:42",370900
27700,1300,100,"sd","09:59:50",371000
27500,1100,19500,"bu","09:59:57",390500
27500,1100,500,"sd","10:00:03",391000
27500,1100,400,"sd","10:00:34",391400
27500,1100,500,"sd","10:01:00",391900
27550,1150,500,"bu","10:01:31",392400
27550,1150,2000,"bu","10:01:52",394400
27550,1150,5000,"sd","10:02:26",399400
27500,1100,3000,"bu","10:03:21",402400
27500,1100,1000,"bu","10:04:09",403400
27450,1050,500,"sd","10:04:21",403900
27450,1050,1500,"bu","10:06:02",405400
27450,1050,300,"sd","10:06:05",405700
27450,1050,100,"sd","10:08:19",405800
27450,1050,500,"sd","10:09:52",406300
27450,1050,2000,"sd","10:09:53",408300
27450,1050,1700,"bu","10:09:57",410000
27450,1050,100,"sd","10:10:15",410100
27450,1050,500,"bu","10:11:17",410600
27450,1050,300,"bu","10:11:47",410900
27450,1050,200,"bu","10:14:41",411100
27450,1050,500,"sd","10:14:57",411600
27450,1050,600,"sd","10:15:22",412200
27450,1050,200,"bu","10:15:57",412400
27450,1050,300,"bu","10:16:13",412700
27450,1050,3000,"sd","10:16:26",415700
27450,1050,1200,"sd","10:16:48",416900
27450,1050,2300,"bu","10:17:44",419200
27450,1050,100,"sd","10:17:56",419300
27450,1050,2000,"sd","10:18:25",421300
27450,1050,1300,"sd","10:18:27",422600
27450,1050,200,"bu","10:18:35",422800
27450,1050,500,"sd","10:19:05",423300
27450,1050,1000,"sd","10:20:03",424300
27450,1050,1500,"bu","10:20:28",425800
27450,1050,500,"sd","10:20:37",426300
27450,1050,200,"sd","10:20:51",426500
27450,1050,800,"sd","10:21:34",427300
27450,1050,100,"bu","10:21:56",427400
27450,1050,2000,"bu","10:22:08",429400
27450,1050,5000,"bu","10:22:55",434400
27450,1050,2000,"bu","10:23:18",436400
27450,1050,700,"sd","10:24:01",437100
27450,1050,300,"bu","10:24:18",437400
27450,1050,3000,"sd","10:24:38",440400
27450,1050,500,"sd","10:25:04",440900
27450,1050,900,"sd","10:25:19",441800
27450,1050,300,"sd","10:26:10",442100
27400,1000,8800,"bu","10:26:57",450900
27400,1000,800,"sd","10:28:22",451700
27400,1000,1400,"bu","10:28:33",453100
27350,950,600,"sd","10:29:07",453700
27350,950,2000,"sd","10:30:05",455700
27350,950,100,"bu","10:30:59",455800
27300,900,2600,"bu","10:32:59",458400
27300,900,5300,"bu","10:38:29",463700
27300,900,600,"sd","10:38:53",464300
27250,850,3000,"bu","10:41:04",467300
27250,850,1000,"sd","10:42:53",468300
27300,900,100,"sd","10:45:40",468400
27250,850,1000,"sd","10:45:42",469400
27250,850,100,"sd","10:46:34",469500
27250,850,10000,"sd","10:47:10",479500
27250,850,100,"sd","10:49:48",479600
27250,850,600,"bu","10:55:00",480200
27250,850,300,"bu","10:55:09",480500
27200,800,1000,"bu","10:55:48",481500
27200,800,500,"bu","11:01:39",482000
27200,800,1500,"bu","11:02:27",483500
27200,800,600,"bu","11:04:37",484100
27200,800,1600,"sd","11:06:49",485700
27150,750,2900,"sd","11:09:22",488600
27150,750,900,"bu","11:09:44",489500
27150,750,200,"sd","11:10:08",489700
27150,750,500,"bu","11:10:24",490200
27100,700,5600,"bu","11:12:42",495800
27000,600,19800,"sd","11:12:51",515600
27000,600,200,"bu","11:13:28",515800
27150,750,500,"sd","11:14:14",516300
27050,650,1100,"bu","11:19:28",517400
27050,650,900,"bu","11:21:17",518300
27050,650,1000,"sd","11:21:39",519300
27150,750,100,"sd","11:23:48",519400
27000,600,500,"sd","11:28:50",519900
27000,600,500,"bu","11:29:21",520400
27000,600,400,"sd","13:00:33",520800
27100,700,1000,"sd","13:00:34",521800
27100,700,700,"bu","13:00:35",522500
27000,600,3300,"sd","13:00:38",525800
27000,600,7000,"sd","13:00:56",532800
27000,600,1300,"sd","13:01:11",534100
26950,550,300,"sd","13:01:49",534400
26950,550,3000,"bu","13:02:05",537400
26950,550,10000,"sd","13:02:12",547400
26950,550,2000,"bu","13:02:41",549400
26950,550,1700,"sd","13:02:44",551100
26950,550,1000,"sd","13:03:14",552100
27000,600,600,"sd","13:03:32",552700
26950,550,1000,"bu","13:03:41",553700
26950,550,100,"sd","13:03:46",553800
26950,550,6600,"bu","13:05:20",560400
27000,600,4500,"sd","13:05:24",564900
27000,600,2500,"bu","13:05:54",567400
26950,550,3000,"bu","13:06:14",570400
26950,550,3000,"bu","13:06:47",573400
26950,550,5000,"bu","13:07:02",578400
26900,500,2500,"sd","13:07:17",580900
26950,550,100,"sd","13:07:44",581000
26950,550,1400,"sd","13:09:12",582400
26950,550,100,"sd","13:09:36",582500
27100,700,9700,"sd","13:13:07",592200
27100,700,4400,"sd","13:13:23",596600
27100,700,200,"sd","13:15:28",596800
27150,750,500,"bu","13:15:40",597300
27100,700,5100,"bu","13:17:00",602400
27150,750,500,"bu","13:17:14",602900
27100,700,4300,"sd","13:19:05",607200
27000,600,5000,"bu","13:19:36",612200
27000,600,500,"bu","13:20:15",612700
27000,600,5200,"sd","13:21:58",617900
27100,700,4400,"bu","13:22:29",622300
27050,650,1000,"bu","13:23:02",623300
27050,650,200,"bu","13:24:04",623500
27100,700,500,"sd","13:26:07",624000
27150,750,5000,"bu","13:26:27",629000
27100,700,1000,"bu","13:26:32",630000
27100,700,300,"bu","13:27:17",630300
27100,700,2000,"bu","13:27:24",632300
27150,750,500,"sd","13:27:26",632800
27150,750,1500,"sd","13:27:41",634300
27200,800,100,"sd","13:27:51",634400
27200,800,300,"bu","13:29:05",634700
27150,750,1000,"sd","13:29:47",635700
27200,800,200,"sd","13:29:52",635900
27150,750,1100,"bu","13:30:46",637000
27150,750,2000,"sd","13:30:55",639000
27150,750,5000,"bu","13:31:31",644000
27150,750,700,"bu","13:31:54",644700
27200,800,10000,"sd","13:33:05",654700
27150,750,1000,"bu","13:36:16",655700
27150,750,500,"sd","13:36:27",656200
27150,750,1600,"bu","13:37:58",657800
27100,700,200,"sd","13:40:56",658000
27100,700,2000,"sd","13:42:03",660000
27150,750,800,"bu","13:42:18",660800
27150,750,800,"sd","13:42:27",661600
27100,700,1000,"sd","13:45:36",662600
27100,700,100,"sd","13:46:08",662700
27200,800,20000,"bu","13:48:36",682700
27200,800,400,"bu","13:49:06",683100
27200,800,100,"sd","13:49:14",683200
27150,750,300,"sd","13:49:49",683500
27150,750,4700,"bu","13:50:13",688200
27150,750,1000,"bu","13:50:41",689200
27200,800,1200,"bu","13:51:08",690400
27100,700,2300,"sd","13:52:22",692700
27100,700,2000,"bu","13:52:31",694700
27100,700,500,"sd","13:52:41",695200
27100,700,5000,"sd","13:52:55",700200
27100,700,1000,"bu","13:53:09",701200
27150,750,300,"sd","13:54:31",701500
27100,700,200,"bu","13:54:33",701700
27050,650,10000,"bu","13:54:43",711700
27000,600,500,"sd","13:54:54",712200
27000,600,10000,"bu","13:55:08",722200
27000,600,2100,"bu","13:55:27",724300
27000,600,100,"sd","13:55:35",724400
26950,550,200,"bu","13:55:44",724600
26900,500,17200,"sd","13:56:19",741800
26900,500,400,"sd","13:56:52",742200
26900,500,2100,"bu","13:57:06",744300
26900,500,1000,"sd","13:57:10",745300
26900,500,1300,"bu","13:57:18",746600
26900,500,100,"sd","13:57:22",746700
26900,500,1000,"bu","13:57:29",747700
26900,500,500,"bu","13:57:36",748200
27000,600,2400,"sd","13:57:52",750600
27000,600,100,"sd","13:57:57",750700
27000,600,200,"bu","13:58:21",750900
27000,600,300,"bu","13:58:26",751200
27000,600,300,"sd","13:58:39",751500
27000,600,1100,"sd","13:58:41",752600
27100,700,1000,"bu","13:59:08",753600
27050,650,100,"bu","14:00:04",753700
27050,650,400,"sd","14:02:41",754100
27050,650,1500,"bu","14:03:03",755600
27000,600,1200,"bu","14:03:08",756800
27000,600,100,"bu","14:03:17",756900
27000,600,2100,"sd","14:03:20",759000
27000,600,1000,"bu","14:03:25",760000
27000,600,100,"sd","14:03:54",760100
27000,600,400,"bu","14:04:26",760500
27000,600,600,"sd","14:04:31",761100
27000,600,2000,"bu","14:04:43",763100
27000,600,800,"bu","14:05:53",763900
27000,600,3400,"sd","14:07:06",767300
27000,600,100,"bu","14:07:11",767400
27000,600,1000,"sd","14:08:14",768400
27000,600,500,"sd","14:08:52",768900
27000,600,400,"sd","14:09:36",769300
27000,600,600,"bu","14:09:57",769900
27050,650,100,"bu","14:11:39",770000
27050,650,300,"bu","14:11:48",770300
27050,650,200,"bu","14:12:29",770500
27050,650,2600,"sd","14:12:52",773100
27100,700,500,"sd","14:14:40",773600
27100,700,100,"sd","14:14:51",773700
27100,700,1500,"sd","14:15:01",775200
27150,750,200,"bu","14:15:23",775400
27100,700,2000,"sd","14:16:00",777400
27150,750,200,"bu","14:16:12",777600
27150,750,3500,"bu","14:16:57",781100
27150,750,700,"bu","14:17:27",781800
27150,750,1100,"bu","14:18:03",782900
27150,750,200,"bu","14:19:06",783100
27150,750,500,"sd","14:20:57",783600
27100,700,1000,"sd","14:20:59",784600
27150,750,1000,"bu","14:21:14",785600
27050,650,1800,"sd","14:21:19",787400
27050,650,1000,"sd","14:21:24",788400
27050,650,100,"sd","14:21:37",788500
27050,650,2100,"sd","14:22:30",790600
27100,700,700,"bu","14:23:10",791300
27100,700,3000,"sd","14:23:21",794300
27100,700,1000,"bu","14:25:06",795300
27150,750,200,"bu","14:26:18",795500
27100,700,1000,"bu","14:26:49",796500
27100,700,600,"bu","14:26:52",797100
27050,650,1400,"sd","14:26:57",798500
27200,800,8000,"sd","14:28:15",806500
27200,800,3500,"bu","14:28:34",810000
27100,700,1000,"sd","14:29:12",811000
27300,900,67100,"bu","14:45:13",878100
