"price","change","match_qtty","side","time","total_vol"
14600,150,31700,"bu","09:15:05",31700
14500,50,500,"sd","09:15:12",32200
14500,50,100,"bu","09:15:44",32300
14500,50,7000,"bu","09:15:58",39300
14500,50,2000,"bu","09:16:05",41300
14500,50,500,"sd","09:16:22",41800
14500,50,10000,"bu","09:16:26",51800
14500,50,2000,"bu","09:16:32",53800
14500,50,500,"bu","09:16:33",54300
14500,50,2000,"sd","09:17:15",56300
14500,50,600,"bu","09:17:27",56900
14500,50,100,"bu","09:17:44",57000
14500,50,600,"sd","09:17:53",57600
14500,50,500,"bu","09:18:00",58100
14550,100,1000,"bu","09:18:14",59100
14550,100,7700,"bu","09:18:15",66800
14550,100,800,"bu","09:18:18",67600
14550,100,900,"sd","09:18:21",68500
14550,100,200,"sd","09:18:58",68700
14600,150,900,"bu","09:19:04",69600
14600,150,7000,"sd","09:19:05",76600
14600,150,500,"bu","09:19:14",77100
14550,100,100,"sd","09:19:16",77200
14550,100,300,"sd","09:19:22",77500
14600,150,22800,"sd","09:19:40",100300
14600,150,2000,"sd","09:19:40",102300
14600,150,100,"sd","09:19:44",102400
14650,200,4000,"sd","09:19:45",106400
14650,200,5000,"bu","09:19:50",111400
14650,200,3000,"sd","09:19:53",114400
14650,200,9000,"sd","09:19:59",123400
14650,200,200,"sd","09:20:00",123600
14700,250,5700,"sd","09:20:15",129300
14650,200,100,"bu","09:20:25",129400
14700,250,2000,"sd","09:20:36",131400
14650,200,13000,"bu","09:20:42",144400
14650,200,7200,"sd","09:20:48",151600
14650,200,2000,"bu","09:20:48",153600
14650,200,200,"bu","09:20:51",153800
14650,200,600,"sd","09:20:56",154400
14700,250,1200,"bu","09:21:05",155600
14700,250,5000,"bu","09:21:21",160600
14700,250,2000,"bu","09:21:25",162600
14700,250,2000,"sd","09:21:26",164600
14700,250,3000,"bu","09:21:28",167600
14700,250,400,"bu","09:21:30",168000
14700,250,32400,"bu","09:21:30",200400
14700,250,100,"bu","09:21:30",200500
14750,300,2300,"sd","09:22:06",202800
14750,300,3000,"bu","09:22:06",205800
14750,300,200,"sd","09:22:21",206000
14750,300,7000,"sd","09:22:22",213000
14750,300,1400,"bu","09:22:22",214400
14750,300,23400,"sd","09:22:22",237800
14750,300,600,"bu","09:22:29",238400
14750,300,10000,"bu","09:22:34",248400
14750,300,10400,"sd","09:22:39",258800
14800,350,100,"sd","09:22:39",258900
14750,300,2000,"sd","09:22:40",260900
14800,350,12400,"bu","09:22:42",273300
14950,500,77400,"bu","09:22:42",350700
14950,500,10200,"bu","09:22:42",360900
14800,350,25000,"bu","09:22:45",385900
14800,350,100,"sd","09:22:45",386000
14800,350,10000,"bu","09:22:47",396000
14750,300,11000,"sd","09:22:47",407000
14750,300,600,"sd","09:22:50",407600
14800,350,200,"bu","09:22:53",407800
14800,350,100,"sd","09:22:59",407900
14800,350,400,"bu","09:23:13",408300
14850,400,30000,"bu","09:23:20",438300
14850,400,100,"sd","09:23:29",438400
14850,400,12000,"sd","09:23:30",450400
14850,400,1000,"bu","09:23:34",451400
14850,400,1100,"bu","09:23:37",452500
14850,400,2000,"sd","09:23:39",454500
14800,350,100,"sd","09:23:41",454600
14850,400,2700,"sd","09:23:44",457300
14850,400,200,"bu","09:23:47",457500
14850,400,5000,"bu","09:23:49",462500
14850,400,100,"sd","09:23:56",462600
14850,400,1100,"bu","09:24:00",463700
14850,400,700,"bu","09:24:02",464400
14850,400,500,"bu","09:24:06",464900
14850,400,9000,"bu","09:24:09",473900
14850,400,4000,"sd","09:24:13",477900
14850,400,1000,"sd","09:24:16",478900
14800,350,200,"bu","09:24:18",479100
14850,400,500,"bu","09:24:18",479600
14850,400,1000,"sd","09:24:21",480600
14850,400,4100,"sd","09:24:25",484700
14850,400,1300,"bu","09:24:30",486000
14850,400,3000,"bu","09:24:35",489000
14850,400,200,"sd","09:24:36",489200
14850,400,7000,"sd","09:24:36",496200
14850,400,500,"sd","09:24:37",496700
14850,400,500,"sd","09:24:39",497200
14850,400,200,"bu","09:24:44",497400
14850,400,1300,"sd","09:24:56",498700
14850,400,2000,"sd","09:24:58",500700
14850,400,4000,"sd","09:25:03",504700
14850,400,1000,"sd","09:25:04",505700
14850,400,2200,"sd","09:25:10",507900
14850,400,600,"sd","09:25:11",508500
14850,400,100,"bu","09:25:11",508600
14850,400,52000,"sd","09:25:16",560600
14850,400,1000,"sd","09:25:22",561600
14800,350,46300,"sd","09:25:31",607900
14800,350,300,"bu","09:25:40",608200
14800,350,600,"bu","09:25:48",608800
14800,350,200,"bu","09:25:51",609000
14800,350,1000,"bu","09:26:05",610000
14800,350,500,"bu","09:26:05",610500
14800,350,600,"bu","09:26:06",611100
14800,350,300,"sd","09:26:07",611400
14800,350,1500,"sd","09:26:09",612900
14800,350,10200,"bu","09:26:09",623100
14800,350,300,"sd","09:26:10",623400
14800,350,1000,"bu","09:26:11",624400
14850,400,16000,"bu","09:26:21",640400
14850,400,1500,"bu","09:26:24",641900
14850,400,3000,"bu","09:26:24",644900
14800,350,200,"bu","09:26:33",645100
14850,400,13000,"sd","09:26:36",658100
14850,400,100,"bu","09:26:43",658200
14850,400,2000,"bu","09:26:52",660200
14850,400,6000,"bu","09:26:59",666200
14850,400,3000,"bu","09:27:03",669200
14850,400,1000,"sd","09:27:07",670200
14850,400,5000,"bu","09:27:10",675200
14850,400,7400,"sd","09:27:13",682600
14850,400,1100,"sd","09:27:23",683700
14900,450,30000,"bu","09:27:28",713700
14900,450,100,"sd","09:27:43",713800
14850,400,3200,"bu","09:27:56",717000
14850,400,600,"sd","09:28:23",717600
14800,350,60000,"sd","09:28:26",777600
14800,350,5700,"sd","09:28:28",783300
14800,350,500,"bu","09:28:32",783800
14750,300,20000,"bu","09:28:40",803800
14800,350,800,"bu","09:28:53",804600
14750,300,100,"bu","09:28:54",804700
14750,300,4600,"bu","09:29:02",809300
14750,300,20000,"sd","09:29:08",829300
14750,300,5000,"sd","09:29:09",834300
14800,350,200,"sd","09:29:15",834500
14750,300,1000,"bu","09:29:27",835500
14800,350,20000,"sd","09:29:33",855500
14800,350,2000,"sd","09:29:37",857500
14800,350,1000,"sd","09:29:39",858500
14800,350,700,"sd","09:30:05",859200
14800,350,2300,"sd","09:30:20",861500
14800,350,3500,"sd","09:30:22",865000
14800,350,200,"bu","09:30:24",865200
14800,350,500,"sd","09:30:27",865700
14750,300,8000,"sd","09:30:29",873700
14800,350,100,"sd","09:30:38",873800
14800,350,10000,"bu","09:30:46",883800
14800,350,5300,"bu","09:31:17",889100
14800,350,2000,"bu","09:31:23",891100
14800,350,500,"bu","09:31:25",891600
14800,350,5000,"sd","09:31:25",896600
14800,350,500,"sd","09:31:28",897100
14800,350,1000,"bu","09:31:35",898100
14800,350,100,"sd","09:31:35",898200
14800,350,500,"sd","09:31:43",898700
14800,350,1000,"bu","09:31:44",899700
14850,400,100,"sd","09:31:56",899800
14800,350,500,"bu","09:31:59",900300
14800,350,3000,"bu","09:32:17",903300
14800,350,10600,"bu","09:32:28",913900
14800,350,500,"bu","09:32:33",914400
14800,350,300,"sd","09:32:36",914700
14800,350,200,"sd","09:32:40",914900
14750,300,5000,"bu","09:32:45",919900
14800,350,9000,"bu","09:32:59",928900
14800,350,400,"sd","09:33:06",929300
14800,350,200,"sd","09:33:07",929500
14800,350,1000,"sd","09:33:13",930500
14800,350,500,"bu","09:33:16",931000
14800,350,1000,"bu","09:33:20",932000
14800,350,2600,"sd","09:33:43",934600
14800,350,1000,"sd","09:33:48",935600
14800,350,1000,"bu","09:33:58",936600
14800,350,100,"sd","09:34:18",936700
14800,350,5000,"sd","09:34:22",941700
14750,300,300,"bu","09:34:31",942000
14750,300,500,"sd","09:34:53",942500
14800,350,300,"sd","09:35:26",942800
14750,300,1000,"sd","09:35:29",943800
14800,350,100,"sd","09:35:37",943900
14800,350,1000,"bu","09:35:42",944900
14750,300,10000,"bu","09:35:54",954900
14800,350,3000,"sd","09:35:58",957900
14800,350,1000,"sd","09:35:59",958900
14800,350,2000,"bu","09:36:01",960900
14800,350,70000,"sd","09:36:20",1030900
14750,300,2600,"sd","09:36:59",1033500
14800,350,800,"sd","09:37:14",1034300
14800,350,9200,"sd","09:37:14",1043500
14800,350,10000,"bu","09:37:24",1053500
14800,350,2700,"bu","09:37:39",1056200
14800,350,900,"sd","09:37:47",1057100
14800,350,2800,"bu","09:37:52",1059900
14800,350,400,"sd","09:38:00",1060300
14800,350,1100,"bu","09:38:21",1061400
14800,350,100,"bu","09:38:37",1061500
14800,350,1000,"bu","09:38:40",1062500
14800,350,3000,"bu","09:38:51",1065500
14800,350,700,"bu","09:39:14",1066200
14800,350,3000,"bu","09:39:33",1069200
14800,350,100,"sd","09:39:42",1069300
14750,300,900,"sd","09:39:47",1070200
14750,300,100,"bu","09:40:03",1070300
14750,300,500,"sd","09:40:22",1070800
14750,300,20000,"bu","09:41:09",1090800
14750,300,1000,"bu","09:41:26",1091800
14750,300,3000,"sd","09:41:47",1094800
14750,300,2000,"bu","09:41:49",1096800
14750,300,1000,"bu","09:41:56",1097800
14750,300,5000,"bu","09:41:58",1102800
14750,300,27200,"bu","09:42:13",1130000
14750,300,600,"bu","09:42:17",1130600
14750,300,200,"bu","09:42:33",1130800
14750,300,2000,"bu","09:43:12",1132800
14700,250,500,"bu","09:43:22",1133300
14750,300,100,"bu","09:43:26",1133400
14700,250,1100,"bu","09:43:42",1134500
14700,250,1600,"sd","09:43:46",1136100
14750,300,100,"bu","09:43:52",1136200
14700,250,200,"sd","09:43:52",1136400
14700,250,5100,"bu","09:44:01",1141500
14700,250,1500,"sd","09:44:12",1143000
14700,250,1000,"bu","09:44:12",1144000
14700,250,800,"bu","09:44:21",1144800
14700,250,1000,"bu","09:44:31",1145800
14700,250,5000,"bu","09:44:40",1150800
14700,250,200,"bu","09:45:04",1151000
14700,250,1500,"bu","09:45:05",1152500
14700,250,500,"sd","09:45:33",1153000
14700,250,800,"bu","09:45:48",1153800
14700,250,600,"sd","09:46:06",1154400
14700,250,200,"bu","09:46:10",1154600
14700,250,3000,"bu","09:46:12",1157600
14700,250,1200,"sd","09:46:14",1158800
14750,300,10000,"bu","09:46:37",1168800
14700,250,300,"sd","09:46:37",1169100
14700,250,3000,"sd","09:46:44",1172100
14700,250,100,"bu","09:46:52",1172200
14700,250,500,"sd","09:46:58",1172700
14700,250,1100,"sd","09:47:01",1173800
14700,250,2000,"sd","09:47:08",1175800
14750,300,800,"bu","09:47:26",1176600
14750,300,1400,"sd","09:48:08",1178000
14700,250,3600,"bu","09:48:35",1181600
14700,250,200,"sd","09:49:09",1181800
14700,250,700,"bu","09:49:53",1182500
14700,250,900,"sd","09:50:03",1183400
14700,250,100,"bu","09:50:07",1183500
14700,250,24800,"sd","09:50:18",1208300
14700,250,400,"bu","09:50:45",1208700
14650,200,2000,"bu","09:50:50",1210700
14650,200,1000,"bu","09:51:13",1211700
14650,200,2900,"bu","09:51:56",1214600
14700,250,500,"bu","09:52:30",1215100
14700,250,12500,"bu","09:54:36",1227600
14700,250,5000,"sd","09:54:42",1232600
14700,250,100,"bu","09:54:44",1232700
14700,250,5000,"bu","09:54:46",1237700
14700,250,1000,"bu","09:54:52",1238700
14700,250,2500,"sd","09:54:54",1241200
14700,250,3000,"bu","09:54:56",1244200
14700,250,2000,"sd","09:54:58",1246200
14700,250,1000,"bu","09:55:05",1247200
14700,250,5500,"sd","09:55:21",1252700
14700,250,300,"bu","09:55:22",1253000
14700,250,4000,"sd","09:55:23",1257000
14700,250,1200,"sd","09:55:42",1258200
14750,300,15200,"sd","09:57:29",1273400
14750,300,300,"bu","09:57:47",1273700
14750,300,1400,"bu","09:57:48",1275100
14750,300,900,"bu","09:57:48",1276000
14750,300,100,"sd","09:59:49",1276100
14750,300,1000,"bu","10:01:01",1277100
14750,300,41000,"bu","10:01:03",1318100
14750,300,1000,"bu","10:01:06",1319100
14750,300,8500,"sd","10:01:13",1327600
14700,250,200,"sd","10:02:14",1327800
14700,250,4900,"bu","10:02:23",1332700
14750,300,5000,"bu","10:02:42",1337700
14750,300,2000,"bu","10:03:27",1339700
14750,300,500,"bu","10:03:51",1340200
14750,300,200,"bu","10:04:09",1340400
14750,300,100,"sd","10:04:23",1340500
14700,250,2100,"sd","10:05:36",1342600
14700,250,3000,"bu","10:05:49",1345600
14700,250,2000,"sd","10:05:51",1347600
14700,250,6800,"sd","10:05:59",1354400
14700,250,12300,"bu","10:06:05",1366700
14700,250,12400,"sd","10:06:06",1379100
14650,200,900,"bu","10:06:20",1380000
14700,250,1000,"sd","10:07:16",1381000
14700,250,2000,"sd","10:07:46",1383000
14700,250,5000,"sd","10:09:03",1388000
14700,250,1100,"sd","10:09:21",1389100
14650,200,100,"sd","10:09:24",1389200
14700,250,500,"bu","10:10:48",1389700
14700,250,100,"sd","10:11:28",1389800
14700,250,1100,"bu","10:11:31",1390900
14700,250,1900,"sd","10:11:49",1392800
14650,200,700,"sd","10:12:03",1393500
14700,250,2000,"bu","10:13:07",1395500
14700,250,2000,"bu","10:13:51",1397500
14700,250,1000,"bu","10:13:52",1398500
14700,250,3000,"bu","10:14:31",1401500
14700,250,200,"sd","10:14:36",1401700
14700,250,100,"bu","10:14:46",1401800
14700,250,400,"sd","10:14:53",1402200
14700,250,8800,"sd","10:14:56",1411000
14700,250,800,"sd","10:15:00",1411800
14700,250,400,"sd","10:16:21",1412200
14700,250,1000,"sd","10:16:57",1413200
14700,250,200,"bu","10:20:11",1413400
14700,250,100,"bu","10:20:13",1413500
14700,250,18400,"bu","10:22:08",1431900
14700,250,1600,"bu","10:22:09",1433500
14700,250,1200,"sd","10:22:57",1434700
14700,250,3900,"bu","10:23:20",1438600
14700,250,500,"bu","10:23:36",1439100
14700,250,5600,"sd","10:23:40",1444700
14700,250,100,"bu","10:24:22",1444800
14700,250,22100,"bu","10:25:23",1466900
14750,300,43000,"sd","10:25:27",1509900
14750,300,7000,"sd","10:25:30",1516900
14700,250,1500,"sd","10:25:43",1518400
14700,250,500,"bu","10:25:46",1518900
14700,250,11000,"bu","10:26:04",1529900
14700,250,8000,"sd","10:27:17",1537900
14700,250,1800,"bu","10:27:26",1539700
14700,250,200,"sd","10:27:50",1539900
14700,250,100,"bu","10:27:51",1540000
14700,250,15000,"bu","10:27:59",1555000
14700,250,500,"sd","10:28:27",1555500
14700,250,1000,"bu","10:28:50",1556500
14700,250,7000,"sd","10:29:16",1563500
14700,250,1000,"bu","10:29:18",1564500
14700,250,700,"bu","10:29:47",1565200
14700,250,5000,"sd","10:30:12",1570200
14700,250,500,"sd","10:30:34",1570700
14700,250,1000,"sd","10:31:36",1571700
14700,250,7000,"bu","10:31:47",1578700
14700,250,500,"bu","10:31:51",1579200
14700,250,1000,"sd","10:31:59",1580200
14700,250,700,"sd","10:32:29",1580900
14700,250,2400,"sd","10:32:50",1583300
14700,250,1200,"sd","10:32:53",1584500
14700,250,200,"sd","10:32:57",1584700
14700,250,5600,"bu","10:34:28",1590300
14700,250,200,"sd","10:35:08",1590500
14750,300,2100,"sd","10:36:37",1592600
14700,250,19800,"bu","10:36:39",1612400
14700,250,200,"bu","10:37:11",1612600
14700,250,10100,"bu","10:37:24",1622700
14700,250,1000,"bu","10:37:26",1623700
14650,200,5000,"bu","10:37:47",1628700
14650,200,1000,"bu","10:38:51",1629700
14700,250,200,"sd","10:39:23",1629900
14700,250,300,"bu","10:42:36",1630200
14650,200,200,"sd","10:43:30",1630400
14650,200,26600,"sd","10:43:54",1657000
14650,200,400,"sd","10:43:58",1657400
14600,150,77000,"sd","10:44:20",1734400
14600,150,100,"sd","10:45:04",1734500
14600,150,1900,"bu","10:45:12",1736400
14600,150,400,"bu","10:46:09",1736800
14600,150,3000,"sd","10:46:16",1739800
14600,150,3000,"bu","10:46:25",1742800
14600,150,5100,"sd","10:46:29",1747900
14600,150,3900,"bu","10:46:33",1751800
14600,150,1100,"bu","10:46:43",1752900
14600,150,1000,"sd","10:47:20",1753900
14600,150,200,"bu","10:47:48",1754100
14600,150,1000,"sd","10:47:58",1755100
14600,150,2000,"bu","10:49:03",1757100
14600,150,4500,"sd","10:50:30",1761600
14600,150,1700,"sd","10:50:38",1763300
14550,100,300,"sd","10:50:41",1763600
14550,100,20000,"sd","10:50:59",1783600
14600,150,100,"bu","10:51:16",1783700
14600,150,400,"bu","10:51:39",1784100
14600,150,5900,"bu","10:51:43",1790000
14600,150,200,"sd","10:53:45",1790200
14650,200,1200,"sd","10:54:50",1791400
14600,150,2000,"sd","10:55:17",1793400
14650,200,10000,"bu","10:56:19",1803400
14650,200,500,"sd","10:57:03",1803900
14650,200,3100,"sd","10:57:31",1807000
14650,200,1900,"bu","10:57:43",1808900
14650,200,3500,"sd","10:57:51",1812400
14650,200,2000,"bu","10:58:02",1814400
14650,200,1600,"bu","10:58:51",1816000
14650,200,4000,"sd","11:00:00",1820000
14650,200,7000,"bu","11:00:14",1827000
14650,200,200,"sd","11:02:09",1827200
14650,200,300,"bu","11:05:51",1827500
14600,150,10000,"sd","11:07:23",1837500
14600,150,2000,"bu","11:07:49",1839500
14550,100,10000,"sd","11:07:57",1849500
14550,100,100,"sd","11:08:27",1849600
14600,150,300,"sd","11:09:30",1849900
14600,150,1800,"sd","11:09:45",1851700
14600,150,1600,"bu","11:10:16",1853300
14600,150,700,"sd","11:10:36",1854000
14600,150,100,"sd","11:11:20",1854100
14600,150,300,"bu","11:12:16",1854400
14600,150,400,"sd","11:12:32",1854800
14600,150,3300,"sd","11:13:03",1858100
14600,150,400,"sd","11:13:54",1858500
14600,150,1000,"sd","11:14:11",1859500
14600,150,100,"sd","11:14:37",1859600
14600,150,1800,"bu","11:15:17",1861400
14600,150,1300,"bu","11:15:53",1862700
14600,150,100,"sd","11:16:15",1862800
14600,150,200,"bu","11:16:43",1863000
14600,150,3000,"sd","11:17:06",1866000
14600,150,11000,"bu","11:18:49",1877000
14550,100,9000,"bu","11:21:32",1886000
14550,100,6700,"sd","11:22:53",1892700
14550,100,1000,"bu","11:22:59",1893700
14550,100,20000,"bu","11:23:13",1913700
14550,100,100,"sd","11:23:16",1913800
14550,100,6600,"bu","11:23:46",1920400
14550,100,100,"sd","11:23:56",1920500
14550,100,200,"sd","11:24:13",1920700
14500,50,2000,"sd","11:24:15",1922700
14500,50,500,"bu","11:24:16",1923200
14500,50,300,"bu","11:25:06",1923500
14500,50,40000,"bu","11:25:11",1963500
14500,50,12000,"bu","11:25:16",1975500
14500,50,28300,"sd","11:25:18",2003800
14500,50,13600,"bu","11:25:19",2017400
14500,50,300,"sd","11:25:46",2017700
14500,50,30600,"sd","11:26:52",2048300
14500,50,1000,"sd","11:27:10",2049300
14500,50,2000,"bu","11:27:18",2051300
14500,50,1000,"bu","11:27:24",2052300
14450,0,200,"sd","11:27:48",2052500
14500,50,500,"bu","11:27:51",2053000
14500,50,1000,"bu","11:28:06",2054000
14500,50,100,"bu","11:28:20",2054100
14500,50,800,"bu","11:28:40",2054900
14450,0,1000,"sd","11:28:50",2055900
14500,50,3000,"bu","11:28:52",2058900
14500,50,600,"sd","11:28:53",2059500
14500,50,2400,"sd","11:29:08",2061900
14450,0,500,"bu","11:29:11",2062400
14500,50,19100,"bu","13:00:45",2081500
14450,0,300,"bu","13:00:47",2081800
14450,0,500,"sd","13:00:53",2082300
14450,0,100,"sd","13:00:55",2082400
14450,0,200,"sd","13:00:57",2082600
14450,0,500,"bu","13:01:04",2083100
14450,0,100,"sd","13:01:06",2083200
14450,0,600,"sd","13:01:10",2083800
14450,0,200,"sd","13:01:16",2084000
14450,0,1200,"bu","13:01:22",2085200
14450,0,3000,"sd","13:01:26",2088200
14450,0,3100,"bu","13:01:34",2091300
14450,0,100,"bu","13:01:36",2091400
14400,-50,800,"bu","13:01:56",2092200
14450,0,3400,"sd","13:02:00",2095600
14400,-50,1000,"sd","13:02:02",2096600
14400,-50,2600,"bu","13:02:05",2099200
14450,0,600,"bu","13:02:17",2099800
14450,0,700,"bu","13:02:22",2100500
14450,0,9000,"sd","13:02:28",2109500
14450,0,4500,"bu","13:02:30",2114000
14500,50,2300,"bu","13:02:50",2116300
14500,50,1800,"sd","13:03:11",2118100
14500,50,10800,"bu","13:03:27",2128900
14500,50,5000,"bu","13:03:29",2133900
14500,50,300,"bu","13:03:43",2134200
14500,50,1000,"bu","13:03:46",2135200
14500,50,3100,"bu","13:04:03",2138300
14550,100,1200,"sd","13:04:45",2139500
14550,100,200,"bu","13:04:50",2139700
14550,100,6500,"sd","13:05:24",2146200
14550,100,100,"sd","13:05:52",2146300
14600,150,5000,"sd","13:06:34",2151300
14600,150,500,"bu","13:07:04",2151800
14550,100,600,"sd","13:07:54",2152400
14600,150,5000,"sd","13:07:56",2157400
14550,100,100,"sd","13:08:18",2157500
14600,150,200,"sd","13:08:22",2157700
14600,150,500,"bu","13:08:28",2158200
14600,150,500,"bu","13:08:49",2158700
14600,150,300,"bu","13:09:06",2159000
14600,150,1100,"bu","13:09:24",2160100
14550,100,19700,"sd","13:09:46",2179800
14550,100,2000,"bu","13:09:56",2181800
14550,100,500,"bu","13:10:05",2182300
14550,100,2200,"sd","13:10:32",2184500
14550,100,1500,"bu","13:10:49",2186000
14550,100,300,"sd","13:11:16",2186300
14550,100,4600,"sd","13:11:40",2190900
14550,100,100,"sd","13:11:41",2191000
14550,100,900,"bu","13:12:11",2191900
14550,100,1000,"bu","13:12:53",2192900
14550,100,1200,"bu","13:13:04",2194100
14550,100,500,"bu","13:13:12",2194600
14500,50,100,"bu","13:13:26",2194700
14550,100,600,"sd","13:15:37",2195300
14500,50,1500,"sd","13:15:52",2196800
14550,100,1300,"bu","13:16:07",2198100
14550,100,500,"sd","13:16:47",2198600
14500,50,5800,"sd","13:19:07",2204400
14500,50,8700,"sd","13:19:21",2213100
14500,50,3000,"sd","13:19:29",2216100
14500,50,3000,"sd","13:19:31",2219100
14500,50,2600,"sd","13:19:43",2221700
14500,50,3000,"bu","13:19:46",2224700
14500,50,7000,"bu","13:19:50",2231700
14500,50,200,"bu","13:20:05",2231900
14500,50,2000,"sd","13:20:09",2233900
14500,50,1900,"sd","13:20:11",2235800
14500,50,100,"bu","13:20:13",2235900
14500,50,200,"sd","13:20:28",2236100
14500,50,500,"sd","13:20:30",2236600
14500,50,4200,"bu","13:20:36",2240800
14500,50,1000,"bu","13:20:56",2241800
14450,0,500,"sd","13:21:23",2242300
14450,0,500,"bu","13:21:25",2242800
14450,0,600,"sd","13:21:29",2243400
14450,0,1800,"bu","13:21:41",2245200
14450,0,100,"bu","13:21:44",2245300
14450,0,12200,"bu","13:21:53",2257500
14450,0,10000,"sd","13:21:58",2267500
14450,0,600,"bu","13:22:05",2268100
14450,0,100,"bu","13:22:20",2268200
14450,0,1500,"bu","13:22:23",2269700
14450,0,2500,"bu","13:22:29",2272200
14450,0,7000,"sd","13:22:40",2279200
14450,0,8100,"bu","13:22:44",2287300
14450,0,800,"bu","13:23:33",2288100
14500,50,300,"bu","13:23:40",2288400
14550,100,200,"bu","13:24:00",2288600
14550,100,2500,"sd","13:24:14",2291100
14550,100,2000,"bu","13:24:24",2293100
14550,100,1000,"bu","13:25:03",2294100
14550,100,2000,"sd","13:25:09",2296100
14550,100,1900,"bu","13:25:13",2298000
14550,100,1000,"bu","13:26:09",2299000
14550,100,6100,"sd","13:26:46",2305100
14550,100,1000,"sd","13:26:49",2306100
14550,100,400,"sd","13:27:35",2306500
14550,100,100,"sd","13:27:53",2306600
14550,100,200,"sd","13:28:17",2306800
14500,50,1000,"sd","13:28:58",2307800
14600,150,200,"sd","13:29:26",2308000
14600,150,7600,"bu","13:30:44",2315600
14600,150,600,"sd","13:31:14",2316200
14600,150,10000,"bu","13:31:58",2326200
14600,150,2000,"sd","13:32:03",2328200
14600,150,2100,"bu","13:32:05",2330300
14600,150,1000,"bu","13:32:16",2331300
14600,150,400,"bu","13:33:15",2331700
14600,150,1000,"bu","13:35:40",2332700
14550,100,200,"sd","13:38:04",2332900
14550,100,5000,"bu","13:38:16",2337900
14550,100,100,"sd","13:38:17",2338000
14550,100,1000,"sd","13:38:25",2339000
14550,100,2000,"sd","13:38:32",2341000
14550,100,1700,"bu","13:38:59",2342700
14550,100,4500,"bu","13:39:27",2347200
14550,100,5000,"sd","13:40:37",2352200
14550,100,3400,"sd","13:40:53",2355600
14550,100,1800,"sd","13:41:02",2357400
14550,100,5000,"bu","13:41:24",2362400
14550,100,200,"sd","13:43:04",2362600
14500,50,20000,"bu","13:43:12",2382600
14500,50,100,"bu","13:43:20",2382700
14500,50,500,"sd","13:43:27",2383200
14500,50,4500,"bu","13:43:45",2387700
14500,50,100,"bu","13:44:00",2387800
14500,50,6100,"bu","13:44:06",2393900
14500,50,5000,"sd","13:44:15",2398900
14500,50,100,"bu","13:44:56",2399000
14500,50,700,"bu","13:44:58",2399700
14500,50,100,"sd","13:45:06",2399800
14500,50,1200,"bu","13:46:14",2401000
14500,50,3000,"sd","13:47:12",2404000
14500,50,600,"bu","13:47:18",2404600
14500,50,4000,"bu","13:47:46",2408600
14500,50,100,"sd","13:47:58",2408700
14500,50,1100,"bu","13:48:42",2409800
14500,50,100,"sd","13:48:44",2409900
14500,50,500,"sd","13:49:06",2410400
14500,50,1000,"sd","13:49:08",2411400
14500,50,500,"bu","13:49:31",2411900
14500,50,100,"bu","13:49:45",2412000
14500,50,7000,"bu","13:50:11",2419000
14500,50,7000,"bu","13:50:17",2426000
14500,50,1100,"sd","13:50:20",2427100
14500,50,1000,"sd","13:50:22",2428100
14500,50,400,"bu","13:51:56",2428500
14500,50,1000,"bu","13:52:03",2429500
14500,50,5000,"sd","13:52:08",2434500
14500,50,1500,"sd","13:52:20",2436000
14500,50,10700,"bu","13:52:25",2446700
14450,0,1000,"bu","13:52:46",2447700
14450,0,5000,"sd","13:52:50",2452700
14450,0,3000,"bu","13:52:55",2455700
14500,50,500,"sd","13:53:04",2456200
14450,0,2000,"sd","13:53:55",2458200
14450,0,6000,"sd","13:54:04",2464200
14450,0,500,"bu","13:54:11",2464700
14450,0,2600,"bu","13:54:13",2467300
14450,0,2000,"bu","13:54:21",2469300
14450,0,300,"sd","13:54:23",2469600
14450,0,13300,"bu","13:54:27",2482900
14450,0,3000,"sd","13:54:29",2485900
14450,0,4000,"bu","13:54:39",2489900
14450,0,2000,"sd","13:54:47",2491900
14450,0,3000,"sd","13:54:50",2494900
14450,0,200,"sd","13:54:52",2495100
14450,0,1400,"bu","13:55:01",2496500
14500,50,400,"bu","13:55:08",2496900
14450,0,1000,"bu","13:55:11",2497900
14450,0,100,"bu","13:55:19",2498000
14450,0,200,"bu","13:55:38",2498200
14500,50,1000,"bu","13:55:44",2499200
14500,50,17900,"bu","13:56:52",2517100
14500,50,200,"bu","13:56:58",2517300
14500,50,300,"bu","13:57:27",2517600
14500,50,400,"sd","13:57:29",2518000
14500,50,2000,"bu","13:57:31",2520000
14500,50,400,"bu","13:58:21",2520400
14500,50,400,"bu","13:59:10",2520800
14500,50,200,"bu","13:59:15",2521000
14500,50,500,"bu","13:59:26",2521500
14500,50,1600,"sd","13:59:51",2523100
14550,100,19100,"sd","13:59:54",2542200
14550,100,2000,"bu","13:59:59",2544200
14550,100,500,"sd","14:00:01",2544700
14550,100,800,"bu","14:00:04",2545500
14550,100,3000,"bu","14:00:06",2548500
14550,100,7000,"bu","14:00:13",2555500
14550,100,100,"bu","14:00:21",2555600
14550,100,600,"sd","14:00:31",2556200
14550,100,2300,"bu","14:00:35",2558500
14550,100,200,"bu","14:01:34",2558700
14550,100,3000,"bu","14:02:48",2561700
14550,100,5600,"bu","14:02:57",2567300
14550,100,3100,"sd","14:03:17",2570400
14550,100,2000,"sd","14:03:30",2572400
14500,50,3000,"sd","14:06:13",2575400
14550,100,3000,"sd","14:06:15",2578400
14500,50,1000,"sd","14:07:11",2579400
14500,50,1100,"bu","14:07:54",2580500
14500,50,2500,"sd","14:08:39",2583000
14500,50,1000,"bu","14:08:47",2584000
14550,100,100,"bu","14:08:49",2584100
14550,100,6000,"bu","14:09:02",2590100
14550,100,3000,"sd","14:09:14",2593100
14550,100,500,"sd","14:09:42",2593600
14550,100,200,"sd","14:10:11",2593800
14550,100,1000,"bu","14:10:14",2594800
14550,100,200,"sd","14:10:56",2595000
14550,100,3500,"sd","14:10:58",2598500
14550,100,300,"bu","14:11:45",2598800
14550,100,1000,"bu","14:12:14",2599800
14500,50,100,"sd","14:12:34",2599900
14550,100,300,"bu","14:12:37",2600200
14500,50,20000,"bu","14:12:42",2620200
14550,100,300,"bu","14:14:05",2620500
14550,100,100,"sd","14:14:07",2620600
14550,100,1000,"bu","14:14:10",2621600
14550,100,100,"sd","14:14:20",2621700
14500,50,39000,"bu","14:14:48",2660700
14500,50,500,"sd","14:14:53",2661200
14500,50,31000,"bu","14:15:20",2692200
14500,50,2000,"bu","14:15:23",2694200
14500,50,200,"bu","14:15:43",2694400
14500,50,500,"bu","14:15:54",2694900
14500,50,300,"bu","14:16:06",2695200
14500,50,3500,"bu","14:16:12",2698700
14500,50,55500,"sd","14:16:21",2754200
14500,50,200,"sd","14:16:24",2754400
14500,50,1000,"sd","14:16:31",2755400
14500,50,500,"bu","14:16:52",2755900
14500,50,1000,"bu","14:17:14",2756900
14500,50,500,"bu","14:17:22",2757400
14500,50,11000,"bu","14:17:25",2768400
14500,50,500,"bu","14:17:31",2768900
14500,50,600,"sd","14:17:46",2769500
14500,50,5800,"bu","14:17:52",2775300
14500,50,500,"bu","14:17:57",2775800
14500,50,11900,"bu","14:18:03",2787700
14500,50,1000,"sd","14:18:06",2788700
14500,50,100,"bu","14:18:09",2788800
14500,50,5000,"bu","14:18:14",2793800
14500,50,600,"bu","14:18:20",2794400
14500,50,3400,"bu","14:18:23",2797800
14500,50,100,"sd","14:18:26",2797900
14500,50,6400,"bu","14:18:32",2804300
14500,50,26700,"sd","14:18:40",2831000
14500,50,6000,"sd","14:18:43",2837000
14500,50,20500,"sd","14:18:48",2857500
14500,50,19500,"sd","14:18:55",2877000
14500,50,3500,"sd","14:18:57",2880500
14500,50,17300,"bu","14:19:00",2897800
14500,50,7000,"sd","14:19:03",2904800
14500,50,2600,"bu","14:19:06",2907400
14500,50,7000,"sd","14:19:09",2914400
14500,50,3700,"bu","14:19:11",2918100
14500,50,6200,"sd","14:19:14",2924300
14500,50,5000,"sd","14:19:16",2929300
14500,50,800,"sd","14:19:35",2930100
14550,100,1000,"sd","14:19:56",2931100
14550,100,4900,"sd","14:19:59",2936000
14600,150,5700,"sd","14:20:04",2941700
14600,150,1500,"sd","14:20:21",2943200
14600,150,2000,"sd","14:20:26",2945200
14600,150,20000,"sd","14:20:29",2965200
14600,150,5600,"sd","14:20:37",2970800
14600,150,10000,"bu","14:20:39",2980800
14600,150,800,"bu","14:20:44",2981600
14600,150,3800,"bu","14:20:57",2985400
14600,150,1900,"bu","14:21:07",2987300
14600,150,2000,"sd","14:21:09",2989300
14600,150,4000,"sd","14:21:12",2993300
14600,150,100,"bu","14:21:19",2993400
14600,150,800,"sd","14:21:22",2994200
14600,150,2500,"bu","14:21:45",2996700
14600,150,2000,"sd","14:21:50",2998700
14600,150,900,"sd","14:22:12",2999600
14600,150,300,"bu","14:22:18",2999900
14600,150,1000,"bu","14:22:24",3000900
14650,200,100,"bu","14:22:47",3001000
14650,200,11100,"bu","14:23:02",3012100
14650,200,1100,"bu","14:23:04",3013200
14650,200,700,"bu","14:23:10",3013900
14650,200,2000,"bu","14:23:30",3015900
14600,150,600,"sd","14:23:45",3016500
14650,200,4900,"bu","14:24:13",3021400
14600,150,1000,"bu","14:24:16",3022400
14650,200,300,"bu","14:24:19",3022700
14600,150,100,"sd","14:24:23",3022800
14650,200,500,"sd","14:24:29",3023300
14650,200,3100,"bu","14:24:36",3026400
14650,200,6000,"bu","14:24:53",3032400
14650,200,1000,"sd","14:25:00",3033400
14650,200,1000,"sd","14:25:06",3034400
14650,200,3700,"sd","14:25:09",3038100
14650,200,300,"bu","14:25:13",3038400
14700,250,1500,"bu","14:25:27",3039900
14650,200,1200,"bu","14:26:18",3041100
14650,200,200,"sd","14:26:21",3041300
14650,200,1000,"bu","14:26:24",3042300
14650,200,3400,"sd","14:26:28",3045700
14650,200,3600,"sd","14:26:43",3049300
14650,200,200,"bu","14:27:08",3049500
14650,200,3500,"sd","14:27:17",3053000
14650,200,5000,"sd","14:27:34",3058000
14650,200,12000,"bu","14:27:44",3070000
14650,200,10600,"sd","14:28:12",3080600
14650,200,100,"bu","14:28:15",3080700
14650,200,1800,"sd","14:28:21",3082500
14650,200,100,"sd","14:28:24",3082600
14650,200,900,"bu","14:28:31",3083500
14650,200,1000,"bu","14:28:41",3084500
14650,200,100,"sd","14:28:45",3084600
14650,200,1600,"sd","14:28:52",3086200
14650,200,100,"bu","14:28:55",3086300
14650,200,1000,"sd","14:29:09",3087300
14650,200,100,"sd","14:29:15",3087400
14650,200,1400,"sd","14:29:28",3088800
14700,250,2000,"sd","14:29:34",3090800
14700,250,200,"sd","14:29:47",3091000
14700,250,20000,"bu","14:29:55",3111000
14600,150,117100,"sd","14:45:10",3228100
