"price","change","match_qtty","side","time","total_vol"
38800,300,26000,"bu","09:00:09",26000
38600,100,8000,"bu","09:00:11",34000
38600,100,2000,"bu","09:00:17",36000
38600,100,4000,"sd","09:00:18",40000
38500,0,20000,"sd","09:00:26",60000
38600,100,1000,"sd","09:00:30",61000
38500,0,9000,"sd","09:00:30",60000
38600,100,2000,"sd","09:00:35",62000
38500,0,30000,"sd","09:00:58",92000
38600,100,9000,"sd","09:01:09",101000
38700,200,5000,"bu","09:01:14",106000
38700,200,46000,"bu","09:01:23",152000
38700,200,25000,"sd","09:01:23",152000
38700,200,25000,"sd","09:01:23",152000
38700,200,20000,"bu","09:01:39",172000
38700,200,16000,"sd","09:01:51",188000
38700,200,4000,"bu","09:01:51",188000
38700,200,4000,"sd","09:01:51",188000
38700,200,10000,"bu","09:01:56",198000
38600,100,17000,"bu","09:01:59",215000
38600,100,10000,"sd","09:02:02",225000
38700,200,20000,"bu","09:02:08",245000
38600,100,10000,"sd","09:02:22",255000
38600,100,20000,"sd","09:02:28",275000
38600,100,15000,"bu","09:02:30",290000
38600,100,10000,"bu","09:02:40",300000
38600,100,22000,"bu","09:02:46",322000
38600,100,2000,"bu","09:02:58",324000
38600,100,21000,"sd","09:03:01",345000
38600,100,10000,"bu","09:03:04",355000
38700,200,15000,"sd","09:03:09",370000
38600,100,1000,"bu","09:03:13",371000
38600,100,1000,"sd","09:03:16",372000
38600,100,94000,"bu","09:03:25",466000
38600,100,60000,"bu","09:03:29",526000
38600,100,150000,"bu","09:03:40",676000
38600,100,3000,"sd","09:03:46",679000
38600,100,2000,"sd","09:03:52",681000
38600,100,1000,"bu","09:04:24",682000
38500,0,2000,"sd","09:04:35",684000
38500,0,10000,"bu","09:04:45",694000
38500,0,14000,"bu","09:05:01",708000
38600,100,26000,"bu","09:05:08",734000
38500,0,5000,"sd","09:05:09",739000
38500,0,4000,"sd","09:05:10",743000
38500,0,186000,"bu","09:05:25",929000
38500,0,5000,"bu","09:05:34",934000
38500,0,14000,"sd","09:05:38",948000
38500,0,2000,"bu","09:05:40",950000
38500,0,25000,"sd","09:05:44",975000
38500,0,1000,"sd","09:05:49",976000
38500,0,2000,"sd","09:05:53",978000
38500,0,16000,"bu","09:05:56",994000
38400,-100,7000,"sd","09:06:19",1001000
38400,-100,10000,"bu","09:06:29",1011000
38400,-100,35000,"bu","09:06:41",1046000
38400,-100,19000,"sd","09:06:49",1065000
38400,-100,30000,"bu","09:07:11",1095000
38400,-100,1000,"bu","09:07:12",1096000
38400,-100,9000,"sd","09:07:43",1105000
38400,-100,2000,"bu","09:07:46",1107000
38400,-100,1000,"bu","09:08:23",1108000
38300,-200,15000,"bu","09:08:28",1123000
38300,-200,20000,"sd","09:08:43",1143000
38300,-200,1000,"bu","09:08:55",1144000
38200,-300,100000,"sd","09:09:03",1244000
38300,-200,1000,"sd","09:09:13",1245000
38300,-200,1000,"sd","09:09:23",1246000
38300,-200,2000,"sd","09:09:30",1248000
38300,-200,2000,"sd","09:09:36",1250000
38300,-200,2000,"bu","09:09:42",1252000
38300,-200,10000,"sd","09:09:43",1262000
38300,-200,100000,"bu","09:10:00",1362000
38300,-200,20000,"sd","09:10:02",1382000
38300,-200,10000,"sd","09:10:11",1392000
38300,-200,1000,"bu","09:10:24",1393000
38200,-300,200000,"sd","09:10:28",1593000
38200,-300,3000,"sd","09:11:22",1596000
38200,-300,100000,"sd","09:11:35",1696000
38200,-300,3000,"sd","09:11:48",1699000
38200,-300,3000,"bu","09:12:17",1702000
38200,-300,1000,"sd","09:12:18",1703000
38200,-300,1000,"sd","09:12:27",1704000
38200,-300,10000,"sd","09:12:38",1714000
38200,-300,47000,"bu","09:12:58",1761000
38200,-300,100000,"sd","09:13:00",1861000
38200,-300,100000,"sd","09:13:08",1961000
38200,-300,1000,"sd","09:13:35",1962000
38200,-300,53000,"sd","09:14:03",2015000
38300,-200,104000,"bu","09:14:08",2119000
38300,-200,5000,"bu","09:14:26",2124000
38300,-200,100000,"bu","09:14:37",2224000
38300,-200,100000,"sd","09:14:40",2324000
38300,-200,3000,"bu","09:15:15",2327000
38400,-100,16000,"sd","09:15:42",2343000
38300,-200,10000,"bu","09:15:45",2353000
38300,-200,90000,"bu","09:16:09",2443000
38500,0,149000,"bu","09:16:10",2592000
38300,-200,20000,"sd","09:16:21",2612000
38300,-200,5000,"bu","09:16:39",2617000
38400,-100,15000,"sd","09:16:45",2632000
38400,-100,4000,"sd","09:16:55",2636000
38300,-200,2000,"bu","09:17:48",2638000
38300,-200,5000,"bu","09:18:33",2643000
38300,-200,19000,"sd","09:18:44",2662000
38300,-200,30000,"sd","09:18:55",2692000
38300,-200,1000,"bu","09:19:01",2693000
38300,-200,10000,"sd","09:19:07",2703000
38300,-200,10000,"bu","09:19:16",2713000
38300,-200,5000,"sd","09:19:21",2718000
38300,-200,7000,"sd","09:19:22",2725000
38300,-200,10000,"sd","09:19:32",2735000
38300,-200,30000,"bu","09:19:33",2765000
38300,-200,20000,"bu","09:19:59",2785000
38300,-200,50000,"sd","09:20:06",2835000
38200,-300,5000,"bu","09:20:51",2840000
38200,-300,35000,"sd","09:20:55",2875000
38200,-300,1000,"bu","09:20:56",2876000
38200,-300,6000,"bu","09:21:16",2882000
38200,-300,15000,"sd","09:21:20",2897000
38200,-300,20000,"sd","09:21:30",2917000
38200,-300,2000,"sd","09:21:40",2919000
38200,-300,1000,"bu","09:21:45",2920000
38200,-300,15000,"bu","09:21:47",2935000
38200,-300,200000,"sd","09:21:50",3135000
38200,-300,10000,"sd","09:22:10",3145000
38200,-300,1000,"bu","09:22:10",3146000
38100,-400,30000,"bu","09:22:38",3248000
38100,-400,100000,"bu","09:23:04",3348000
38100,-400,78000,"sd","09:23:07",3426000
38100,-400,10000,"sd","09:23:13",3436000
38100,-400,2000,"bu","09:23:32",3438000
38200,-300,10000,"sd","09:23:36",3448000
38100,-400,45000,"sd","09:23:52",3493000
38100,-400,20000,"sd","09:23:59",3513000
38100,-400,30000,"bu","09:24:05",3543000
38200,-300,48000,"bu","09:24:17",3591000
38100,-400,1000,"bu","09:24:20",3592000
38200,-300,14000,"sd","09:24:25",3606000
38200,-300,2000,"bu","09:24:27",3608000
38200,-300,52000,"sd","09:24:31",3660000
38200,-300,1000,"bu","09:24:34",3661000
38200,-300,2000,"bu","09:24:56",3663000
38200,-300,1000,"sd","09:25:01",3664000
38200,-300,3000,"sd","09:25:22",3667000
38200,-300,5000,"bu","09:25:40",3672000
38300,-200,50000,"bu","09:26:02",3722000
38200,-300,2000,"sd","09:26:06",3724000
38300,-200,276000,"bu","09:26:10",4000000
38300,-200,2000,"sd","09:26:11",4002000
38300,-200,3000,"bu","09:26:13",4005000
38300,-200,5000,"bu","09:26:22",4010000
38300,-200,30000,"bu","09:26:27",4040000
38300,-200,33000,"bu","09:26:55",4073000
38300,-200,1000,"bu","09:27:06",4074000
38400,-100,50000,"sd","09:27:17",4124000
38400,-100,265000,"bu","09:27:29",4389000
38400,-100,2000,"bu","09:27:34",4391000
38400,-100,2000,"sd","09:27:42",4393000
38400,-100,8000,"bu","09:27:44",4401000
38400,-100,1000,"sd","09:27:48",4402000
38400,-100,1000,"bu","09:28:02",4403000
38400,-100,2000,"bu","09:28:30",4405000
38400,-100,2000,"sd","09:28:43",4407000
38400,-100,5000,"sd","09:28:45",4412000
38400,-100,2000,"sd","09:28:46",4414000
38400,-100,8000,"bu","09:29:04",4422000
38400,-100,1000,"sd","09:29:36",4423000
38400,-100,2000,"bu","09:29:42",4425000
38400,-100,1000,"bu","09:30:27",4426000
38400,-100,10000,"sd","09:30:33",4436000
38400,-100,1000,"sd","09:30:59",4437000
38400,-100,1000,"bu","09:31:03",4438000
38400,-100,30000,"bu","09:31:29",4468000
38400,-100,16000,"sd","09:31:35",4484000
38400,-100,20000,"sd","09:32:33",4504000
38400,-100,1000,"bu","09:32:38",4505000
38400,-100,1000,"sd","09:33:10",4506000
38400,-100,10000,"bu","09:33:25",4516000
38400,-100,2000,"sd","09:33:31",4518000
38400,-100,1000,"bu","09:33:48",4519000
38400,-100,5000,"bu","09:33:59",4524000
38400,-100,20000,"bu","09:34:12",4544000
38400,-100,28000,"bu","09:34:21",4572000
38400,-100,5000,"sd","09:34:27",4577000
38400,-100,160000,"bu","09:34:29",4737000
38400,-100,25000,"bu","09:35:20",4762000
38400,-100,1000,"sd","09:35:42",4763000
38400,-100,2000,"bu","09:35:45",4765000
38400,-100,1000,"sd","09:36:52",4766000
38400,-100,10000,"sd","09:37:43",4776000
38300,-200,30000,"sd","09:38:37",4806000
38400,-100,3000,"sd","09:38:39",4809000
38300,-200,300000,"sd","09:39:04",5109000
38300,-200,2000,"sd","09:39:13",5111000
38300,-200,80000,"bu","09:39:28",5191000
38300,-200,3000,"bu","09:39:47",5194000
38300,-200,2000,"bu","09:40:00",5196000
38300,-200,37000,"bu","09:40:07",5233000
38300,-200,78000,"bu","09:40:10",5311000
38300,-200,20000,"sd","09:40:26",5331000
38300,-200,7000,"sd","09:40:30",5338000
38300,-200,8000,"bu","09:40:40",5346000
38300,-200,3000,"bu","09:40:56",5349000
38200,-300,2000,"sd","09:41:16",5351000
38200,-300,150000,"sd","09:41:25",5501000
38200,-300,1000,"bu","09:41:43",5502000
38200,-300,20000,"sd","09:41:55",5522000
38200,-300,1000,"sd","09:42:02",5523000
38200,-300,3000,"sd","09:42:16",5526000
38200,-300,2000,"sd","09:42:19",5528000
38200,-300,10000,"sd","09:42:22",5538000
38200,-300,2000,"bu","09:42:23",5540000
38200,-300,55000,"sd","09:42:27",5595000
38200,-300,19000,"bu","09:42:36",5614000
38200,-300,40000,"sd","09:42:37",5654000
38200,-300,2000,"sd","09:43:08",5656000
38200,-300,6000,"bu","09:43:10",5662000
38200,-300,100000,"sd","09:43:13",5762000
38200,-300,20000,"bu","09:43:17",5782000
38200,-300,5000,"bu","09:43:46",5787000
38200,-300,80000,"sd","09:43:55",5867000
38200,-300,10000,"bu","09:44:04",5877000
38200,-300,30000,"bu","09:44:07",5907000
38200,-300,59000,"sd","09:44:17",5966000
38200,-300,10000,"sd","09:44:28",5976000
38200,-300,5000,"bu","09:44:34",5981000
38200,-300,10000,"sd","09:44:39",5991000
38200,-300,11000,"sd","09:44:44",6002000
38200,-300,1000,"sd","09:44:47",6003000
38200,-300,6000,"sd","09:44:52",6009000
38200,-300,7000,"sd","09:44:57",6016000
38200,-300,1000,"bu","09:45:06",6017000
38200,-300,1000,"bu","09:45:10",6018000
38200,-300,10000,"bu","09:45:16",6028000
38200,-300,2000,"sd","09:45:24",6030000
38200,-300,6000,"sd","09:45:52",6036000
38200,-300,2000,"bu","09:46:13",6038000
38200,-300,20000,"bu","09:46:19",6058000
38200,-300,100000,"sd","09:46:37",6158000
38200,-300,1000,"bu","09:46:45",6159000
38200,-300,3000,"bu","09:47:37",6162000
38200,-300,4000,"bu","09:47:47",6166000
38200,-300,113000,"sd","09:48:05",6279000
38200,-300,2000,"bu","09:48:12",6281000
38200,-300,10000,"sd","09:48:15",6291000
38200,-300,2000,"bu","09:48:24",6293000
38200,-300,85000,"bu","09:48:26",6378000
38200,-300,1000,"sd","09:48:28",6379000
38200,-300,58000,"sd","09:49:01",6437000
38200,-300,25000,"bu","09:49:04",6462000
38200,-300,3000,"sd","09:49:16",6465000
38200,-300,8000,"sd","09:50:19",6473000
38200,-300,20000,"bu","09:50:21",6493000
38200,-300,20000,"sd","09:50:29",6513000
38200,-300,6000,"sd","09:50:30",6519000
38100,-400,112000,"bu","09:50:58",6631000
38200,-300,2000,"bu","09:51:01",6633000
38100,-400,5000,"sd","09:51:10",6638000
38100,-400,10000,"bu","09:51:41",6648000
38100,-400,1000000,"sd","09:52:02",7648000
38100,-400,1000,"sd","09:52:08",7649000
38100,-400,2000,"bu","09:52:10",7651000
38100,-400,13000,"bu","09:52:19",7664000
38100,-400,252000,"sd","09:52:22",7916000
38200,-300,10000,"bu","09:52:24",7926000
38200,-300,51000,"bu","09:52:31",7977000
38100,-400,30000,"bu","09:52:32",8007000
38100,-400,222000,"sd","09:52:37",8229000
38100,-400,107000,"bu","09:52:51",8336000
38100,-400,20000,"bu","09:52:56",8356000
38100,-400,160000,"sd","09:52:57",8516000
38100,-400,20000,"sd","09:53:02",8536000
38100,-400,10000,"bu","09:53:05",8546000
38100,-400,20000,"sd","09:53:09",8566000
38100,-400,20000,"bu","09:53:24",8586000
38100,-400,20000,"bu","09:53:45",8606000
38100,-400,1000,"sd","09:53:49",8607000
38100,-400,10000,"sd","09:53:54",8617000
38100,-400,1000,"bu","09:54:06",8618000
38100,-400,5000,"bu","09:54:13",8623000
38100,-400,200000,"bu","09:54:15",8823000
38100,-400,1000,"sd","09:54:21",8824000
38100,-400,1000,"sd","09:54:31",8825000
38100,-400,50000,"sd","09:55:11",8875000
38200,-300,5000,"sd","09:55:18",8880000
38200,-300,200000,"bu","09:55:22",9080000
38200,-300,45000,"bu","09:55:24",9125000
38200,-300,30000,"sd","09:55:55",9155000
38200,-300,100000,"sd","09:56:18",9255000
38200,-300,5000,"bu","09:56:38",9260000
38300,-200,74000,"sd","09:56:41",9334000
38300,-200,13000,"sd","09:56:53",9347000
38300,-200,30000,"sd","09:57:13",9377000
38300,-200,20000,"sd","09:57:17",9397000
38300,-200,10000,"sd","09:57:33",9407000
38300,-200,54000,"sd","09:57:45",9461000
38300,-200,2000,"sd","09:58:00",9463000
38200,-300,35000,"sd","09:58:11",9498000
38200,-300,30000,"sd","09:58:18",9528000
38200,-300,4000,"sd","09:58:55",9532000
38200,-300,4000,"bu","09:59:14",9536000
38300,-200,1000,"sd","09:59:17",9537000
38300,-200,50000,"sd","09:59:24",9587000
38200,-300,1000,"bu","09:59:26",9588000
38200,-300,5000,"bu","09:59:51",9593000
38300,-200,8000,"bu","10:00:25",9601000
38300,-200,20000,"bu","10:00:54",9621000
38300,-200,90000,"bu","10:01:07",9711000
38300,-200,22000,"bu","10:01:08",9733000
38300,-200,5000,"sd","10:01:15",9738000
38300,-200,1000,"sd","10:01:17",9739000
38300,-200,7000,"bu","10:01:18",9746000
38300,-200,1000,"bu","10:01:21",9747000
38300,-200,1000,"bu","10:01:26",9748000
38200,-300,100000,"sd","10:01:27",9848000
38300,-200,10000,"bu","10:01:42",9858000
38300,-200,1000,"sd","10:02:01",9859000
38300,-200,20000,"sd","10:02:02",9879000
38200,-300,50000,"bu","10:02:13",9929000
38300,-200,2000,"bu","10:02:15",9931000
38300,-200,1000,"sd","10:02:20",9932000
38300,-200,4000,"sd","10:02:29",9936000
38300,-200,1000,"bu","10:02:39",9937000
38300,-200,2000,"bu","10:02:48",9939000
38300,-200,10000,"bu","10:04:05",9949000
38300,-200,12000,"sd","10:04:52",9961000
38300,-200,200000,"bu","10:04:55",10161000
38300,-200,72000,"bu","10:04:57",10233000
38300,-200,10000,"sd","10:05:18",10243000
38300,-200,40000,"bu","10:06:01",10283000
38300,-200,10000,"bu","10:06:03",10293000
38300,-200,100000,"bu","10:06:36",10393000
38200,-300,22000,"sd","10:06:42",10415000
38200,-300,10000,"sd","10:07:09",10425000
38200,-300,20000,"bu","10:07:28",10445000
38300,-200,50000,"bu","10:07:47",10495000
38300,-200,5000,"sd","10:08:46",10500000
38300,-200,5000,"sd","10:08:57",10505000
38300,-200,10000,"bu","10:09:45",10515000
38300,-200,5000,"sd","10:09:56",10520000
38200,-300,1000,"bu","10:10:29",10521000
38200,-300,10000,"bu","10:10:44",10531000
38200,-300,5000,"bu","10:10:45",10536000
38200,-300,24000,"sd","10:11:19",10560000
38200,-300,5000,"sd","10:11:35",10565000
38200,-300,12000,"sd","10:11:41",10577000
38200,-300,1000,"bu","10:12:58",10578000
38200,-300,113000,"bu","10:13:06",10691000
38200,-300,1000,"bu","10:13:39",10692000
38200,-300,2000,"sd","10:13:45",10694000
38300,-200,2000,"bu","10:14:03",10696000
38300,-200,5000,"sd","10:14:19",10701000
38300,-200,5000,"sd","10:14:27",10706000
38200,-300,10000,"sd","10:15:19",10716000
38200,-300,20000,"sd","10:15:56",10736000
38300,-200,10000,"bu","10:16:06",10746000
38300,-200,7000,"bu","10:16:20",10753000
38300,-200,40000,"bu","10:16:40",10793000
38300,-200,20000,"bu","10:16:47",10813000
38300,-200,5000,"bu","10:16:52",10818000
38300,-200,5000,"bu","10:16:54",10823000
38300,-200,1000,"bu","10:16:56",10824000
38300,-200,10000,"bu","10:16:58",10834000
38300,-200,20000,"sd","10:17:18",10854000
38300,-200,18000,"sd","10:17:34",10872000
38300,-200,5000,"bu","10:17:52",10877000
38300,-200,10000,"sd","10:17:54",10887000
38300,-200,1000,"bu","10:17:56",10888000
38300,-200,1000,"bu","10:18:13",10889000
38300,-200,1000,"bu","10:18:18",10890000
38300,-200,15000,"bu","10:18:29",10905000
38300,-200,8000,"sd","10:18:58",10913000
38300,-200,100000,"sd","10:19:11",11013000
38300,-200,10000,"bu","10:19:17",11023000
38300,-200,102000,"bu","10:19:25",11125000
38300,-200,12000,"bu","10:20:21",11137000
38300,-200,5000,"sd","10:20:27",11142000
38300,-200,2000,"bu","10:20:51",11144000
38300,-200,10000,"sd","10:20:53",11154000
38300,-200,3000,"bu","10:22:06",11157000
38400,-100,3000,"sd","10:22:31",11160000
38300,-200,1000,"sd","10:22:33",11161000
38300,-200,5000,"bu","10:23:12",11166000
38300,-200,5000,"sd","10:23:20",11171000
38400,-100,5000,"sd","10:24:14",11176000
38400,-100,1000,"sd","10:24:45",11177000
38400,-100,2000,"sd","10:24:50",11179000
38400,-100,50000,"sd","10:24:56",11229000
38400,-100,50000,"bu","10:25:00",11279000
38400,-100,2000,"sd","10:25:02",11281000
38400,-100,1000,"bu","10:25:13",11282000
38400,-100,3000,"bu","10:25:40",11285000
38400,-100,10000,"bu","10:25:46",11295000
38400,-100,100000,"bu","10:25:52",11395000
38400,-100,20000,"bu","10:25:56",11415000
38400,-100,50000,"sd","10:26:02",11465000
38400,-100,1000,"sd","10:26:03",11466000
38300,-200,40000,"sd","10:26:17",11506000
38300,-200,2000,"sd","10:26:41",11508000
38300,-200,5000,"bu","10:27:06",11513000
38400,-100,15000,"sd","10:27:14",11528000
38300,-200,10000,"bu","10:27:36",11538000
38400,-100,2000,"sd","10:27:48",11540000
38400,-100,4000,"bu","10:28:05",11544000
38300,-200,5000,"sd","10:28:27",11549000
38300,-200,5000,"sd","10:28:46",11554000
38300,-200,1000,"bu","10:28:51",11555000
38300,-200,5000,"sd","10:29:34",11560000
38300,-200,20000,"sd","10:29:38",11580000
38300,-200,2000,"sd","10:29:41",11582000
38300,-200,50000,"sd","10:30:13",11632000
38300,-200,10000,"sd","10:30:30",11642000
38300,-200,2000,"sd","10:30:44",11644000
38300,-200,50000,"sd","10:30:50",11694000
38300,-200,36000,"bu","10:30:56",11730000
38300,-200,1000,"sd","10:30:59",11731000
38300,-200,10000,"sd","10:31:03",11741000
38300,-200,14000,"sd","10:31:04",11755000
38300,-200,400000,"sd","10:31:45",12155000
38300,-200,60000,"sd","10:31:46",12215000
38300,-200,1000,"sd","10:31:49",12216000
38300,-200,65000,"sd","10:31:59",12281000
38300,-200,1000,"sd","10:32:27",12282000
38300,-200,1000,"bu","10:32:53",12283000
38300,-200,31000,"bu","10:33:00",12314000
38300,-200,1000,"sd","10:33:07",12315000
38300,-200,50000,"sd","10:33:08",12365000
38300,-200,4000,"sd","10:33:14",12369000
38300,-200,60000,"bu","10:33:17",12429000
38300,-200,35000,"bu","10:33:25",12464000
38300,-200,50000,"sd","10:33:36",12514000
38300,-200,1000,"bu","10:33:41",12515000
38300,-200,4000,"sd","10:33:42",12519000
38300,-200,30000,"sd","10:33:50",12549000
38300,-200,15000,"bu","10:33:54",12564000
38300,-200,30000,"bu","10:33:55",12594000
38300,-200,50000,"sd","10:33:57",12644000
38300,-200,1000,"bu","10:34:47",12645000
38300,-200,3000,"bu","10:35:21",12648000
38200,-300,1000,"bu","10:36:07",12649000
38200,-300,10000,"sd","10:36:27",12659000
38200,-300,111000,"sd","10:36:28",12770000
38200,-300,3000,"bu","10:36:30",12773000
38200,-300,6000,"bu","10:37:26",12779000
38300,-200,36000,"bu","10:37:29",12815000
38300,-200,5000,"sd","10:37:53",12820000
38300,-200,1000,"sd","10:38:06",12821000
38300,-200,1000,"bu","10:38:18",12822000
38200,-300,24000,"bu","10:38:50",12846000
38200,-300,1000,"bu","10:39:35",12847000
38200,-300,2000,"sd","10:40:17",12849000
38200,-300,26000,"bu","10:40:49",12875000
38300,-200,50000,"sd","10:41:09",12925000
38300,-200,1000,"bu","10:43:37",12926000
38300,-200,15000,"sd","10:44:01",12941000
38300,-200,5000,"bu","10:44:48",12946000
38200,-300,30000,"bu","10:46:44",12976000
38200,-300,3000,"bu","10:46:51",12979000
38200,-300,87000,"sd","10:47:08",13066000
38200,-300,1000,"bu","10:47:09",13067000
38200,-300,20000,"sd","10:47:23",13087000
38200,-300,5000,"bu","10:47:30",13092000
38200,-300,20000,"sd","10:47:31",13112000
38200,-300,30000,"bu","10:48:20",13142000
38200,-300,5000,"sd","10:48:22",13147000
38200,-300,100000,"bu","10:50:00",13247000
38200,-300,37000,"bu","10:50:05",13284000
38200,-300,5000,"bu","10:50:10",13289000
38200,-300,40000,"sd","10:50:14",13329000
38200,-300,20000,"sd","10:50:35",13349000
38200,-300,20000,"bu","10:50:37",13369000
38200,-300,37000,"bu","10:50:41",13406000
38200,-300,2000,"sd","10:50:44",13408000
38200,-300,9000,"bu","10:50:57",13417000
38200,-300,3000,"sd","10:51:02",13420000
38200,-300,60000,"bu","10:51:16",13480000
38200,-300,5000,"sd","10:51:20",13485000
38200,-300,102000,"sd","10:52:10",13587000
38200,-300,10000,"bu","10:52:49",13597000
38200,-300,1000,"bu","10:53:15",13598000
38200,-300,17000,"sd","10:53:38",13615000
38200,-300,3000,"sd","10:54:29",13618000
38200,-300,2000,"bu","10:54:31",13620000
38200,-300,10000,"bu","10:54:33",13630000
38200,-300,1000,"sd","10:54:45",13631000
38200,-300,20000,"bu","10:55:06",13651000
38200,-300,1000,"bu","10:55:14",13652000
38200,-300,30000,"bu","10:55:18",13682000
38200,-300,2000,"bu","10:55:29",13684000
38200,-300,2000,"sd","10:55:34",13686000
38200,-300,7000,"sd","10:55:38",13693000
38200,-300,20000,"sd","10:55:40",13713000
38200,-300,10000,"bu","10:55:46",13723000
38200,-300,2000,"sd","10:56:28",13725000
38200,-300,10000,"sd","10:56:37",13735000
38200,-300,104000,"bu","10:56:39",13839000
38200,-300,2000,"bu","10:56:42",13841000
38200,-300,200000,"sd","10:56:47",14041000
38200,-300,1000,"sd","10:57:27",14042000
38200,-300,10000,"bu","10:57:30",14052000
38200,-300,5000,"bu","10:57:38",14057000
38200,-300,10000,"bu","10:57:39",14067000
38200,-300,20000,"bu","10:57:42",14087000
38200,-300,10000,"sd","10:57:46",14097000
38200,-300,10000,"bu","10:57:49",14107000
38200,-300,1000,"bu","10:58:12",14108000
38200,-300,24000,"bu","10:58:53",14132000
38200,-300,10000,"sd","10:59:12",14142000
38200,-300,10000,"sd","11:00:43",14152000
38200,-300,4000,"sd","11:01:16",14156000
38200,-300,3000,"sd","11:01:35",14159000
38200,-300,1000,"sd","11:01:58",14160000
38200,-300,4000,"sd","11:03:32",14164000
38200,-300,30000,"bu","11:03:50",14194000
38200,-300,4000,"bu","11:04:08",14198000
38200,-300,30000,"bu","11:04:46",14228000
38200,-300,3000,"bu","11:05:09",14231000
38200,-300,1000,"bu","11:05:16",14232000
38200,-300,3000,"sd","11:06:16",14235000
38200,-300,17000,"sd","11:06:46",14252000
38200,-300,100000,"sd","11:07:36",14352000
38300,-200,1000,"sd","11:08:20",14353000
38200,-300,1000,"bu","11:09:42",14354000
38200,-300,1000,"bu","11:10:05",14355000
38200,-300,3000,"bu","11:10:27",14358000
38200,-300,20000,"bu","11:10:35",14378000
38200,-300,4000,"bu","11:10:51",14382000
38200,-300,6000,"sd","11:10:56",14388000
38200,-300,1000,"bu","11:11:49",14389000
38200,-300,44000,"bu","11:12:23",14433000
38200,-300,30000,"sd","11:12:28",14463000
38200,-300,5000,"bu","11:12:39",14468000
38200,-300,34000,"sd","11:12:43",14502000
38200,-300,30000,"bu","11:14:10",14532000
38200,-300,1000,"sd","11:14:15",14533000
38200,-300,18000,"sd","11:14:20",14551000
38200,-300,1000,"bu","11:14:48",14552000
38200,-300,5000,"bu","11:15:27",14557000
38200,-300,2000,"sd","11:15:37",14559000
38200,-300,46000,"bu","11:15:55",14605000
38200,-300,5000,"bu","11:16:05",14610000
38200,-300,8000,"bu","11:16:17",14618000
38200,-300,10000,"bu","11:17:08",14628000
38100,-400,5000,"sd","11:17:59",14633000
38100,-400,5000,"sd","11:18:53",14638000
38200,-300,4000,"bu","11:18:57",14642000
38200,-300,120000,"bu","11:19:51",14762000
38200,-300,2000,"sd","11:20:08",14764000
38200,-300,3000,"sd","11:20:18",14767000
38200,-300,10000,"bu","11:20:39",14777000
38100,-400,1937000,"sd","11:23:01",16714000
38100,-400,2000,"sd","11:23:38",16716000
38100,-400,1000,"sd","11:23:45",16717000
38000,-500,1000,"bu","11:23:55",16718000
38000,-500,2000,"bu","11:23:56",16720000
38000,-500,100000,"sd","11:24:53",16820000
38000,-500,55000,"bu","11:24:58",16875000
38000,-500,60000,"sd","11:25:02",16935000
38000,-500,5000,"bu","11:25:09",16940000
38000,-500,1000,"sd","11:25:25",16941000
38000,-500,2000,"bu","11:25:54",16943000
38000,-500,3000,"bu","11:25:58",16946000
38000,-500,100000,"sd","11:26:04",17046000
38000,-500,100000,"sd","11:26:08",17146000
38000,-500,100000,"sd","11:26:09",17246000
38000,-500,3000,"sd","11:26:10",17249000
38000,-500,1000,"sd","11:26:14",17250000
38000,-500,32000,"sd","11:26:25",17282000
38000,-500,2000,"bu","11:26:47",17284000
38000,-500,1000,"bu","11:27:00",17285000
38000,-500,8000,"sd","11:27:01",17293000
38000,-500,33000,"sd","11:27:22",17326000
38100,-400,20000,"bu","11:27:36",17346000
38000,-500,155000,"sd","11:27:57",17501000
38000,-500,30000,"bu","11:28:01",17531000
38000,-500,20000,"bu","11:28:06",17551000
38000,-500,10000,"bu","11:28:08",17561000
38000,-500,10000,"sd","11:28:52",17571000
38000,-500,3000,"sd","11:28:55",17574000
38100,-400,1000,"sd","11:28:56",17575000
38100,-400,6000,"bu","11:29:13",17581000
38000,-500,2000,"bu","11:29:14",17583000
38000,-500,11000,"sd","11:29:18",17594000
38100,-400,20000,"bu","11:29:20",17614000
38100,-400,44000,"bu","11:29:21",17658000
38000,-500,10000,"sd","11:29:26",17668000
38000,-500,10000,"bu","11:29:52",17678000
38000,-500,50000,"bu","11:29:55",17728000
38000,-500,313000,"sd","13:00:02",18041000
38000,-500,4000,"sd","13:00:02",18041000
38000,-500,577000,"sd","13:00:04",18618000
38100,-400,27000,"bu","13:00:06",18645000
38000,-500,12000,"bu","13:00:07",18657000
37900,-600,10000,"bu","13:00:11",18667000
37900,-600,5000,"bu","13:00:20",18672000
37900,-600,65000,"bu","13:00:32",18737000
37900,-600,10000,"sd","13:00:43",18747000
38000,-500,30000,"bu","13:01:02",18777000
38000,-500,5000,"sd","13:01:14",18782000
38000,-500,20000,"bu","13:01:18",18802000
38000,-500,2000,"sd","13:01:19",18804000
37900,-600,9000,"bu","13:01:33",18813000
38000,-500,1000,"sd","13:01:34",18814000
38000,-500,1000,"sd","13:01:38",18815000
38000,-500,1000,"bu","13:01:50",18816000
38000,-500,5000,"sd","13:02:03",18821000
38000,-500,12000,"sd","13:02:09",18833000
38000,-500,19000,"bu","13:02:10",18852000
38000,-500,200000,"bu","13:02:15",19052000
38000,-500,2000,"sd","13:02:19",19054000
38000,-500,1000,"bu","13:02:24",19055000
38000,-500,1000,"bu","13:02:28",19056000
38000,-500,1000,"bu","13:02:36",19057000
38000,-500,4000,"bu","13:02:39",19061000
38000,-500,1000,"sd","13:02:45",19062000
38000,-500,5000,"sd","13:03:12",19067000
38000,-500,5000,"sd","13:03:16",19072000
38000,-500,3000,"sd","13:03:26",19075000
38000,-500,2000,"sd","13:03:44",19077000
38000,-500,5000,"bu","13:03:52",19082000
37900,-600,30000,"bu","13:04:04",19112000
38000,-500,1000,"bu","13:04:15",19113000
37900,-600,211000,"bu","13:04:23",19324000
37900,-600,5000,"sd","13:04:41",19329000
37900,-600,7000,"sd","13:04:45",19336000
37900,-600,20000,"bu","13:04:56",19356000
37900,-600,1000,"sd","13:04:59",19357000
37900,-600,10000,"sd","13:05:01",19367000
37900,-600,1000,"sd","13:05:19",19368000
37900,-600,18000,"bu","13:05:22",19386000
37900,-600,190000,"bu","13:05:24",19576000
38000,-500,4000,"sd","13:05:30",19580000
37900,-600,4000,"bu","13:05:43",19584000
38000,-500,10000,"sd","13:05:49",19594000
38000,-500,30000,"bu","13:05:51",19624000
37900,-600,50000,"bu","13:05:56",19674000
38000,-500,10000,"bu","13:06:05",19684000
38000,-500,300000,"sd","13:06:15",19984000
38000,-500,16000,"bu","13:06:19",20000000
38000,-500,16000,"sd","13:06:20",20016000
38000,-500,2000,"bu","13:06:22",20018000
38000,-500,5000,"sd","13:06:27",20023000
38000,-500,4000,"bu","13:06:41",20027000
38000,-500,5000,"bu","13:06:49",20032000
38000,-500,200000,"sd","13:06:57",20232000
38000,-500,90000,"sd","13:07:17",20322000
38000,-500,50000,"bu","13:07:38",20372000
38000,-500,50000,"sd","13:07:42",20422000
38000,-500,50000,"bu","13:07:44",20472000
38100,-400,10000,"sd","13:08:21",20482000
38100,-400,1000,"bu","13:08:44",20483000
38100,-400,2000,"sd","13:08:54",20485000
38100,-400,81000,"sd","13:09:05",20566000
38100,-400,4000,"sd","13:09:24",20570000
38100,-400,52000,"bu","13:09:41",20622000
38100,-400,9000,"bu","13:09:49",20631000
38100,-400,90000,"sd","13:10:14",20721000
38100,-400,20000,"bu","13:10:21",20741000
38100,-400,4000,"bu","13:10:49",20745000
38100,-400,2000,"sd","13:10:58",20747000
38000,-500,114000,"sd","13:11:08",20861000
38000,-500,10000,"sd","13:11:11",20871000
38000,-500,567000,"sd","13:11:40",21438000
38100,-400,5000,"bu","13:11:41",21443000
38000,-500,5000,"sd","13:11:43",21448000
38000,-500,65000,"bu","13:11:48",21513000
38000,-500,30000,"sd","13:11:49",21543000
38000,-500,10000,"sd","13:11:57",21553000
38000,-500,70000,"bu","13:12:04",21623000
38000,-500,10000,"bu","13:12:05",21633000
38000,-500,10000,"bu","13:12:25",21643000
38000,-500,15000,"bu","13:12:34",21658000
38000,-500,18000,"bu","13:12:42",21676000
38000,-500,10000,"bu","13:12:55",21686000
38000,-500,1000,"bu","13:13:32",21687000
38000,-500,3000,"bu","13:13:39",21690000
38100,-400,30000,"bu","13:13:59",21720000
38000,-500,14000,"bu","13:14:39",21734000
38100,-400,48000,"sd","13:14:41",21782000
38100,-400,10000,"sd","13:14:45",21792000
38100,-400,50000,"bu","13:14:48",21842000
38100,-400,20000,"sd","13:14:51",21862000
38100,-400,2000,"sd","13:15:05",21864000
38100,-400,20000,"sd","13:15:14",21884000
38100,-400,1000,"sd","13:15:15",21885000
38100,-400,10000,"bu","13:15:20",21895000
38100,-400,20000,"sd","13:15:23",21915000
38100,-400,44000,"sd","13:15:40",21959000
38000,-500,53000,"sd","13:16:07",22012000
38000,-500,1000,"bu","13:16:18",22013000
38100,-400,50000,"bu","13:16:37",22063000
38100,-400,124000,"bu","13:16:44",22187000
38100,-400,24000,"sd","13:16:55",22211000
38100,-400,6000,"bu","13:16:59",22217000
38100,-400,48000,"bu","13:17:15",22265000
38100,-400,42000,"sd","13:17:18",22307000
38000,-500,10000,"sd","13:17:19",22317000
38100,-400,50000,"sd","13:17:32",22367000
38200,-300,200000,"bu","13:17:37",22567000
38100,-400,5000,"sd","13:17:46",22572000
38100,-400,95000,"sd","13:17:53",22667000
38100,-400,1000,"sd","13:18:02",22668000
38100,-400,5000,"bu","13:18:05",22673000
38100,-400,10000,"bu","13:18:08",22683000
38100,-400,10000,"bu","13:18:27",22693000
38100,-400,10000,"bu","13:18:38",22703000
38100,-400,50000,"sd","13:19:00",22753000
38100,-400,10000,"sd","13:19:09",22763000
38100,-400,40000,"bu","13:19:10",22803000
38100,-400,1000,"bu","13:19:30",22804000
38100,-400,105000,"sd","13:19:51",22909000
38100,-400,20000,"sd","13:20:08",22929000
38100,-400,1000,"bu","13:20:10",22930000
38100,-400,1000,"bu","13:20:17",22931000
38100,-400,6000,"sd","13:20:20",22937000
38100,-400,4000,"bu","13:20:21",22941000
38100,-400,1000,"bu","13:20:23",22942000
38100,-400,2000,"bu","13:20:24",22944000
38100,-400,2000,"bu","13:20:26",22946000
38100,-400,1000,"bu","13:20:33",22947000
38100,-400,1000,"bu","13:20:35",22948000
38100,-400,10000,"bu","13:20:56",22958000
38100,-400,3000,"sd","13:21:13",22961000
38100,-400,16000,"bu","13:21:48",22977000
38000,-500,1000,"bu","13:21:58",22978000
38000,-500,10000,"sd","13:22:21",22988000
38100,-400,8000,"bu","13:22:38",22996000
38000,-500,1000,"bu","13:22:39",22997000
38000,-500,2000,"bu","13:22:44",22999000
38000,-500,1000,"sd","13:22:50",23000000
38100,-400,2000,"bu","13:22:54",23002000
38000,-500,10000,"sd","13:22:59",23012000
38100,-400,100000,"bu","13:23:03",23112000
38000,-500,5000,"bu","13:23:08",23117000
38100,-400,3000,"sd","13:23:37",23120000
38100,-400,20000,"bu","13:23:50",23140000
38100,-400,5000,"sd","13:23:55",23145000
38000,-500,10000,"bu","13:24:06",23155000
38000,-500,10000,"sd","13:24:54",23165000
38100,-400,1000,"bu","13:25:15",23166000
38100,-400,17000,"sd","13:25:18",23183000
38000,-500,8000,"sd","13:25:22",23191000
38100,-400,7000,"sd","13:25:58",23198000
38100,-400,5000,"sd","13:26:28",23203000
38100,-400,1000,"sd","13:26:38",23204000
38100,-400,3000,"sd","13:26:39",23207000
38100,-400,1000,"sd","13:26:41",23208000
38100,-400,5000,"sd","13:26:45",23213000
38100,-400,3000,"bu","13:26:47",23216000
38100,-400,11000,"sd","13:27:07",23227000
38100,-400,100000,"bu","13:27:14",23327000
38100,-400,2000,"bu","13:27:16",23329000
38100,-400,5000,"sd","13:27:23",23334000
38100,-400,33000,"sd","13:27:25",23367000
38100,-400,5000,"bu","13:27:30",23372000
38100,-400,3000,"sd","13:27:52",23375000
38100,-400,1000,"bu","13:27:56",23376000
38100,-400,1000,"sd","13:27:58",23377000
38100,-400,3000,"bu","13:28:00",23380000
38100,-400,1000,"bu","13:28:01",23381000
38100,-400,1000,"bu","13:28:05",23382000
38100,-400,3000,"sd","13:28:12",23385000
38100,-400,1000,"bu","13:28:15",23386000
38100,-400,10000,"sd","13:28:22",23396000
38100,-400,10000,"bu","13:28:24",23406000
38100,-400,8000,"bu","13:28:34",23414000
38100,-400,2000,"sd","13:28:35",23416000
38100,-400,63000,"sd","13:28:36",23479000
38100,-400,5000,"sd","13:29:09",23484000
38100,-400,5000,"sd","13:29:55",23489000
38100,-400,1000,"bu","13:30:18",23490000
38100,-400,5000,"sd","13:30:24",23495000
38100,-400,7000,"bu","13:30:44",23502000
38200,-300,35000,"bu","13:31:35",23537000
38200,-300,1000,"sd","13:32:06",23538000
38200,-300,12000,"bu","13:32:48",23550000
38200,-300,10000,"bu","13:32:52",23560000
38200,-300,30000,"bu","13:33:08",23590000
38200,-300,387000,"bu","13:33:28",23977000
38200,-300,95000,"bu","13:34:03",24072000
38200,-300,300000,"sd","13:34:25",24372000
38100,-400,204000,"sd","13:34:42",24576000
38200,-300,30000,"bu","13:34:44",24606000
38100,-400,50000,"sd","13:35:14",24656000
38200,-300,1000,"bu","13:35:17",24657000
38200,-300,4000,"bu","13:35:44",24661000
38100,-400,30000,"bu","13:36:09",24691000
38100,-400,2000,"sd","13:36:34",24693000
38100,-400,15000,"sd","13:37:28",24708000
38100,-400,1000,"sd","13:37:39",24709000
38100,-400,5000,"bu","13:37:50",24714000
38100,-400,45000,"sd","13:37:56",24759000
38100,-400,3000,"sd","13:38:07",24762000
38100,-400,13000,"bu","13:38:15",24775000
38100,-400,16000,"bu","13:38:27",24791000
38100,-400,50000,"sd","13:38:31",24841000
38100,-400,30000,"bu","13:38:42",24871000
38100,-400,4000,"bu","13:39:03",24875000
38100,-400,7000,"sd","13:39:05",24882000
38100,-400,3000,"bu","13:39:06",24885000
38100,-400,23000,"bu","13:39:10",24908000
38100,-400,17000,"bu","13:39:14",24925000
38100,-400,12000,"bu","13:39:23",24937000
38100,-400,10000,"bu","13:39:24",24947000
38100,-400,60000,"sd","13:39:46",25007000
38100,-400,10000,"bu","13:39:50",25017000
38100,-400,100000,"sd","13:40:02",25117000
38100,-400,60000,"sd","13:40:05",25177000
38100,-400,9000,"sd","13:40:07",25186000
38100,-400,5000,"sd","13:40:29",25191000
38100,-400,8000,"sd","13:40:33",25199000
38100,-400,2000,"bu","13:40:48",25201000
38100,-400,3000,"bu","13:42:11",25204000
38100,-400,60000,"sd","13:42:20",25264000
38100,-400,100000,"bu","13:42:26",25364000
38100,-400,30000,"bu","13:42:45",25394000
38100,-400,6000,"bu","13:42:54",25400000
38100,-400,3000,"bu","13:43:02",25403000
38100,-400,2000,"bu","13:43:10",25405000
38000,-500,1000,"bu","13:43:21",25406000
38000,-500,10000,"sd","13:43:47",25416000
38000,-500,10000,"bu","13:44:02",25426000
38000,-500,2000,"bu","13:44:19",25428000
38000,-500,3000,"bu","13:44:44",25431000
38000,-500,2000,"bu","13:44:54",25433000
38000,-500,51000,"bu","13:44:55",25484000
38000,-500,30000,"sd","13:45:04",25514000
38000,-500,10000,"sd","13:45:09",25524000
38000,-500,2000,"bu","13:45:11",25526000
38000,-500,10000,"sd","13:45:13",25536000
38000,-500,15000,"bu","13:45:15",25551000
38000,-500,100000,"sd","13:45:26",25651000
38000,-500,12000,"sd","13:45:31",25663000
38000,-500,3000,"bu","13:45:33",25666000
38000,-500,100000,"sd","13:45:37",25766000
38000,-500,6000,"sd","13:45:38",25772000
38000,-500,5000,"sd","13:45:41",25777000
38000,-500,10000,"bu","13:45:42",25787000
38000,-500,50000,"sd","13:45:44",25837000
38000,-500,10000,"bu","13:45:48",25847000
38000,-500,20000,"sd","13:45:51",25867000
38000,-500,114000,"sd","13:45:56",25981000
38000,-500,20000,"sd","13:46:01",26001000
38000,-500,29000,"sd","13:46:02",26030000
38000,-500,5000,"bu","13:46:03",26035000
38000,-500,3000,"sd","13:46:04",26038000
38000,-500,50000,"bu","13:46:14",26088000
38000,-500,50000,"bu","13:46:15",26138000
38000,-500,70000,"sd","13:46:21",26208000
38000,-500,19000,"bu","13:46:23",26227000
38100,-400,4000,"bu","13:46:31",26231000
38000,-500,6000,"sd","13:46:47",26237000
38000,-500,10000,"bu","13:47:13",26247000
38000,-500,3000,"bu","13:47:20",26250000
38000,-500,20000,"sd","13:47:23",26270000
38000,-500,3000,"sd","13:47:24",26273000
38000,-500,20000,"bu","13:47:26",26293000
38000,-500,30000,"bu","13:47:28",26323000
38000,-500,10000,"bu","13:47:29",26333000
38000,-500,2000,"bu","13:47:30",26335000
38000,-500,30000,"bu","13:47:31",26365000
38000,-500,100000,"bu","13:47:32",26465000
38000,-500,20000,"bu","13:47:33",26485000
38000,-500,3000,"bu","13:47:35",26488000
38000,-500,45000,"bu","13:47:37",26533000
38000,-500,11000,"bu","13:47:48",26544000
38000,-500,5000,"bu","13:47:56",26549000
38000,-500,2000,"sd","13:48:44",26551000
38000,-500,1000,"bu","13:48:49",26552000
38000,-500,4000,"bu","13:49:02",26556000
38000,-500,5000,"sd","13:49:06",26561000
38000,-500,3000,"bu","13:49:12",26564000
38000,-500,10000,"sd","13:49:21",26574000
38000,-500,5000,"sd","13:49:37",26579000
38000,-500,1000,"bu","13:49:43",26580000
38000,-500,1000,"bu","13:50:04",26581000
37900,-600,2000,"bu","13:50:24",26583000
38000,-500,7000,"bu","13:50:26",26590000
38000,-500,100000,"bu","13:50:36",26690000
37900,-600,20000,"bu","13:50:38",26710000
37900,-600,1000,"bu","13:50:50",26711000
38000,-500,500000,"sd","13:50:57",27211000
38000,-500,45000,"sd","13:51:10",27256000
38000,-500,22000,"bu","13:51:11",27278000
37900,-600,45000,"sd","13:51:14",27323000
38000,-500,10000,"bu","13:51:15",27333000
38000,-500,3000,"bu","13:51:16",27336000
38000,-500,80000,"bu","13:51:46",27416000
38000,-500,203000,"bu","13:52:21",27619000
38000,-500,9000,"bu","13:52:28",27628000
38000,-500,7000,"bu","13:52:30",27635000
38000,-500,5000,"bu","13:52:32",27640000
38000,-500,2000,"sd","13:52:39",27642000
38000,-500,46000,"bu","13:52:41",27688000
38000,-500,17000,"sd","13:52:44",27705000
38000,-500,280000,"bu","13:52:45",27985000
37900,-600,600000,"sd","13:52:49",28585000
38000,-500,40000,"sd","13:53:02",28625000
37900,-600,10000,"sd","13:53:13",28635000
37900,-600,7000,"bu","13:53:41",28642000
37900,-600,50000,"sd","13:53:43",28692000
37900,-600,105000,"bu","13:53:49",28797000
37900,-600,30000,"sd","13:53:53",28827000
37900,-600,20000,"bu","13:53:54",28847000
37900,-600,1000,"sd","13:53:57",28848000
37900,-600,85000,"bu","13:53:58",28933000
37900,-600,70000,"sd","13:53:59",29003000
37900,-600,136000,"sd","13:54:00",29139000
37800,-700,1000,"bu","13:54:13",29140000
37800,-700,10000,"bu","13:54:19",29150000
37800,-700,1000,"sd","13:54:23",29151000
37800,-700,6000,"sd","13:54:26",29157000
37800,-700,60000,"sd","13:54:31",29217000
37800,-700,203000,"sd","13:54:39",29420000
37900,-600,500000,"sd","13:54:44",29920000
37900,-600,10000,"bu","13:54:47",29930000
37800,-700,10000,"sd","13:55:05",29940000
37900,-600,10000,"bu","13:55:06",29950000
37900,-600,193000,"sd","13:55:24",30143000
37900,-600,10000,"sd","13:55:46",30153000
37900,-600,10000,"bu","13:55:56",30163000
37900,-600,25000,"bu","13:56:11",30188000
38000,-500,16000,"bu","13:56:14",30204000
37900,-600,10000,"sd","13:56:20",30214000
37900,-600,40000,"sd","13:56:34",30254000
38000,-500,51000,"bu","13:57:06",30305000
38000,-500,20000,"bu","13:57:16",30325000
38000,-500,50000,"sd","13:57:19",30375000
37900,-600,50000,"bu","13:57:21",30425000
38000,-500,500000,"sd","13:57:26",30925000
38000,-500,2000,"bu","13:57:32",30927000
38000,-500,104000,"sd","13:57:34",31031000
38000,-500,10000,"sd","13:57:36",31041000
38000,-500,2000,"sd","13:57:57",31043000
38000,-500,10000,"sd","13:58:02",31053000
38000,-500,2000,"sd","13:58:10",31055000
38100,-400,10000,"bu","13:58:19",31065000
38100,-400,10000,"sd","13:58:26",31075000
38100,-400,2000,"sd","13:58:30",31077000
38000,-500,2000,"sd","13:58:31",31079000
38100,-400,5000,"sd","13:58:45",31084000
38100,-400,20000,"sd","13:59:07",31104000
38000,-500,40000,"sd","13:59:09",31144000
38100,-400,2000,"bu","13:59:13",31146000
38100,-400,2000,"bu","13:59:32",31148000
38100,-400,3000,"bu","13:59:34",31151000
38100,-400,1000,"sd","13:59:35",31152000
38100,-400,20000,"sd","13:59:52",31172000
38100,-400,5000,"bu","13:59:58",31177000
38100,-400,75000,"bu","14:00:31",31252000
38000,-500,82000,"bu","14:00:36",31334000
38100,-400,1000,"sd","14:00:43",31335000
38100,-400,100000,"sd","14:00:46",31435000
38100,-400,10000,"sd","14:00:47",31445000
38100,-400,5000,"bu","14:00:48",31450000
38100,-400,20000,"sd","14:00:52",31470000
38100,-400,2000,"sd","14:00:59",31472000
38100,-400,3000,"sd","14:01:02",31475000
38100,-400,3000,"bu","14:01:05",31478000
38100,-400,134000,"bu","14:01:06",31612000
38100,-400,5000,"bu","14:01:11",31617000
38100,-400,20000,"bu","14:01:12",31637000
38100,-400,40000,"sd","14:01:16",31677000
38100,-400,2000,"bu","14:01:19",31679000
38100,-400,4000,"bu","14:01:20",31683000
38100,-400,15000,"sd","14:01:21",31698000
38100,-400,3000,"bu","14:01:26",31701000
38100,-400,6000,"bu","14:01:31",31707000
38100,-400,14000,"sd","14:01:33",31721000
38100,-400,60000,"bu","14:01:39",31781000
38100,-400,1000,"bu","14:02:06",31782000
38100,-400,195000,"sd","14:02:21",31977000
38100,-400,5000,"sd","14:02:33",31982000
38200,-300,3000,"sd","14:02:59",31985000
38100,-400,5000,"bu","14:03:02",31990000
38100,-400,100000,"bu","14:03:12",32090000
38100,-400,56000,"bu","14:03:17",32146000
38100,-400,28000,"bu","14:03:19",32174000
38100,-400,20000,"bu","14:03:30",32194000
38100,-400,20000,"bu","14:03:34",32214000
38100,-400,1000,"bu","14:03:37",32215000
38100,-400,5000,"bu","14:03:42",32220000
38100,-400,5000,"sd","14:03:49",32225000
38100,-400,5000,"bu","14:04:22",32230000
38000,-500,1000,"sd","14:04:59",32231000
38000,-500,5000,"sd","14:05:15",32236000
38100,-400,8000,"sd","14:05:20",32244000
38000,-500,2000,"sd","14:05:49",32246000
38100,-400,10000,"bu","14:06:17",32256000
38000,-500,1000,"bu","14:06:43",32257000
38000,-500,2000,"bu","14:07:03",32259000
38000,-500,1000,"bu","14:07:05",32260000
38000,-500,24000,"bu","14:07:18",32284000
38000,-500,10000,"sd","14:07:22",32294000
38000,-500,2000,"sd","14:07:30",32296000
38100,-400,15000,"sd","14:07:36",32311000
38000,-500,1000,"sd","14:07:39",32312000
38000,-500,206000,"sd","14:07:45",32518000
38100,-400,10000,"bu","14:07:59",32528000
38100,-400,1000,"bu","14:08:29",32529000
38100,-400,2000,"sd","14:08:33",32531000
38100,-400,5000,"bu","14:09:55",32536000
38100,-400,1000,"sd","14:10:12",32537000
38100,-400,10000,"bu","14:10:25",32547000
38100,-400,3000,"bu","14:10:29",32550000
38100,-400,10000,"bu","14:10:39",32560000
38100,-400,7000,"bu","14:10:46",32567000
38100,-400,300000,"sd","14:11:00",32867000
38100,-400,3000,"sd","14:11:08",32870000
38100,-400,11000,"bu","14:11:26",32881000
38100,-400,7000,"sd","14:12:07",32888000
38100,-400,185000,"bu","14:12:10",33073000
38100,-400,13000,"bu","14:12:16",33086000
38100,-400,3000,"bu","14:12:18",33089000
38100,-400,10000,"bu","14:12:20",33099000
38100,-400,50000,"bu","14:12:24",33149000
38100,-400,1000,"bu","14:12:32",33150000
38100,-400,10000,"sd","14:12:34",33160000
38100,-400,12000,"bu","14:12:41",33172000
38100,-400,3000,"bu","14:12:45",33175000
38100,-400,50000,"bu","14:12:49",33225000
38100,-400,46000,"bu","14:12:53",33271000
38100,-400,8000,"sd","14:12:55",33279000
38100,-400,36000,"bu","14:12:57",33315000
38100,-400,3000,"bu","14:12:58",33318000
38100,-400,2000,"sd","14:12:59",33320000
38100,-400,1000,"bu","14:13:01",33321000
38100,-400,5000,"bu","14:13:05",33326000
38100,-400,10000,"bu","14:13:38",33336000
38100,-400,17000,"sd","14:14:00",33353000
38100,-400,50000,"sd","14:14:04",33403000
38100,-400,5000,"bu","14:14:10",33408000
38100,-400,2000,"bu","14:14:24",33410000
38200,-300,50000,"bu","14:14:51",33460000
38200,-300,1000,"bu","14:15:41",33461000
38200,-300,1000,"bu","14:15:48",33462000
38200,-300,1000,"bu","14:15:53",33463000
38200,-300,20000,"bu","14:16:07",33483000
38200,-300,30000,"bu","14:16:16",33513000
38200,-300,14000,"sd","14:16:23",33527000
38200,-300,1000,"bu","14:16:39",33528000
38200,-300,2000,"bu","14:16:45",33530000
38200,-300,10000,"sd","14:16:50",33540000
38200,-300,225000,"sd","14:17:05",33765000
38200,-300,1000,"bu","14:17:13",33766000
38200,-300,1000,"sd","14:17:14",33767000
38200,-300,40000,"sd","14:17:15",33807000
38200,-300,100000,"bu","14:17:38",33907000
38200,-300,1000,"bu","14:17:50",33908000
38200,-300,1000,"bu","14:18:00",33909000
38200,-300,6000,"bu","14:18:08",33915000
38200,-300,8000,"bu","14:18:12",33923000
38200,-300,30000,"bu","14:18:18",33953000
38200,-300,1000,"bu","14:18:58",33954000
38300,-200,26000,"bu","14:19:24",33980000
38200,-300,10000,"sd","14:19:28",33990000
38200,-300,10000,"bu","14:19:33",34000000
38200,-300,10000,"bu","14:19:39",34010000
38200,-300,10000,"sd","14:19:41",34020000
38200,-300,1000,"sd","14:19:44",34021000
38200,-300,1000,"bu","14:19:45",34022000
38200,-300,1000,"bu","14:19:48",34023000
38200,-300,50000,"sd","14:20:17",34073000
38200,-300,2000,"sd","14:20:24",34075000
38200,-300,4000,"sd","14:20:40",34079000
38200,-300,2000,"sd","14:20:53",34081000
38200,-300,20000,"sd","14:21:00",34101000
38200,-300,3000,"sd","14:21:08",34104000
38200,-300,4000,"sd","14:21:13",34108000
38200,-300,1000,"bu","14:21:18",34109000
38200,-300,10000,"bu","14:21:21",34119000
38200,-300,1000,"bu","14:21:24",34120000
38200,-300,3000,"sd","14:21:45",34123000
38200,-300,10000,"sd","14:21:57",34133000
38200,-300,2000,"bu","14:22:04",34135000
38200,-300,5000,"bu","14:22:08",34140000
38200,-300,10000,"sd","14:22:13",34150000
38200,-300,10000,"bu","14:22:21",34160000
38200,-300,105000,"sd","14:22:28",34265000
38200,-300,5000,"bu","14:22:29",34270000
38200,-300,10000,"sd","14:22:39",34280000
38200,-300,1000,"sd","14:23:05",34281000
38200,-300,13000,"sd","14:23:11",34294000
38200,-300,190000,"bu","14:23:18",34484000
38200,-300,2000,"bu","14:23:20",34486000
38200,-300,100000,"sd","14:23:25",34586000
38200,-300,10000,"bu","14:23:26",34596000
38200,-300,100000,"sd","14:23:28",34696000
38200,-300,47000,"bu","14:23:30",34743000
38200,-300,3000,"sd","14:23:37",34746000
38200,-300,11000,"bu","14:23:40",34757000
38200,-300,1000,"bu","14:23:50",34758000
38200,-300,10000,"bu","14:23:57",34768000
38200,-300,50000,"sd","14:24:06",34818000
38200,-300,1000,"sd","14:24:10",34819000
38200,-300,10000,"sd","14:24:11",34829000
38200,-300,5000,"bu","14:24:20",34834000
38200,-300,10000,"bu","14:24:23",34844000
38200,-300,14000,"sd","14:24:30",34858000
38200,-300,10000,"bu","14:24:34",34868000
38200,-300,5000,"sd","14:24:37",34873000
38200,-300,10000,"bu","14:24:39",34883000
38200,-300,10000,"sd","14:24:40",34893000
38200,-300,10000,"bu","14:25:27",34903000
38200,-300,10000,"sd","14:25:31",34913000
38200,-300,8000,"sd","14:25:52",34921000
38200,-300,180000,"sd","14:25:53",35101000
38200,-300,5000,"bu","14:26:05",35106000
38200,-300,25000,"bu","14:26:09",35131000
38300,-200,500000,"sd","14:26:10",35631000
38200,-300,120000,"sd","14:26:28",35751000
38300,-200,5000,"bu","14:26:35",35756000
38200,-300,20000,"bu","14:26:36",35776000
38300,-200,2000,"sd","14:26:37",35778000
38300,-200,3000,"bu","14:26:41",35781000
38300,-200,15000,"sd","14:26:54",35796000
38300,-200,151000,"bu","14:27:03",35947000
38200,-300,14000,"bu","14:27:10",35961000
38300,-200,3000,"bu","14:27:12",35964000
38300,-200,2000,"bu","14:27:14",35966000
38300,-200,10000,"sd","14:27:16",35976000
38300,-200,1000,"bu","14:27:18",35977000
38300,-200,1000,"bu","14:27:21",35978000
38300,-200,213000,"bu","14:27:25",36191000
38400,-100,70000,"bu","14:27:42",36261000
38300,-200,2000,"sd","14:27:50",36263000
38400,-100,60000,"sd","14:28:02",36323000
38400,-100,30000,"bu","14:28:16",36353000
38400,-100,2000,"bu","14:28:21",36355000
38400,-100,2000,"bu","14:28:27",36357000
38400,-100,5000,"sd","14:28:34",36362000
38300,-200,100000,"sd","14:28:36",36462000
38300,-200,10000,"sd","14:28:44",36472000
38400,-100,75000,"sd","14:28:48",36547000
38400,-100,17000,"sd","14:28:59",36564000
38300,-200,20000,"sd","14:29:01",36584000
38400,-100,10000,"bu","14:29:02",36594000
38400,-100,120000,"bu","14:29:05",36714000
38300,-200,50000,"bu","14:29:06",36764000
38300,-200,1000,"bu","14:29:09",36765000
38400,-100,310000,"sd","14:29:12",37075000
38300,-200,5000,"sd","14:29:16",37080000
38300,-200,10000,"bu","14:29:17",37090000
38400,-100,45000,"bu","14:29:24",37135000
38400,-100,7000,"sd","14:29:25",37142000
38400,-100,1000,"sd","14:29:29",37143000
38500,0,3000,"bu","14:29:33",37146000
38400,-100,31000,"sd","14:29:35",37177000
38400,-100,50000,"bu","14:29:47",37227000
38400,-100,50000,"bu","14:29:48",37277000
38400,-100,20000,"bu","14:29:49",37297000
38400,-100,20000,"sd","14:29:55",37317000
38400,-100,3090000,"sd","14:45:08",40407000
