"price","change","match_qtty","side","time","total_vol"
25550,0,34600,"bu","09:15:08",34600
25600,50,1000,"sd","09:15:18",35600
25600,50,2000,"sd","09:15:18",37600
25550,0,200,"sd","09:15:38",37800
25550,0,7000,"sd","09:15:43",44800
25550,0,600,"bu","09:15:43",45400
25550,0,600,"sd","09:16:03",46000
25550,0,400,"sd","09:16:03",46400
25550,0,1000,"sd","09:16:37",47400
25500,-50,300,"bu","09:16:40",47700
25500,-50,500,"sd","09:16:47",48200
25500,-50,2600,"bu","09:16:59",50800
25500,-50,100,"bu","09:17:00",50900
25450,-100,2600,"sd","09:18:14",53500
25400,-150,1000,"sd","09:18:22",54500
25400,-150,10000,"sd","09:18:45",64500
25400,-150,200,"bu","09:18:53",64700
25400,-150,200,"bu","09:18:55",64900
25400,-150,100,"bu","09:19:01",65000
25400,-150,5000,"bu","09:19:06",70000
25400,-150,100,"bu","09:19:12",70100
25400,-150,1000,"bu","09:19:19",71100
25400,-150,100,"sd","09:19:55",71200
25350,-200,400,"sd","09:20:01",71600
25350,-200,1000,"bu","09:20:10",72600
25400,-150,800,"bu","09:20:42",73400
25400,-150,14100,"sd","09:20:48",87500
25400,-150,1500,"bu","09:21:09",89000
25500,-50,100,"bu","09:21:22",89100
25550,0,6500,"sd","09:21:34",95600
25550,0,500,"sd","09:21:50",96100
25550,0,200,"sd","09:22:34",96300
25500,-50,300,"bu","09:22:36",96600
25500,-50,1300,"sd","09:23:02",97900
25500,-50,500,"bu","09:23:16",98400
25500,-50,300,"bu","09:23:17",98700
25500,-50,3100,"bu","09:23:18",101800
25500,-50,500,"bu","09:23:23",102300
25500,-50,600,"bu","09:23:30",102900
25500,-50,300,"sd","09:23:31",103200
25500,-50,1000,"bu","09:23:40",104200
25550,0,5000,"bu","09:23:42",109200
25500,-50,300,"bu","09:24:16",109500
25500,-50,100,"bu","09:24:21",109600
25400,-150,600,"sd","09:24:48",110200
25450,-100,1000,"bu","09:25:05",111200
25450,-100,1300,"bu","09:25:29",112500
25450,-100,2000,"sd","09:25:35",114500
25350,-200,30000,"bu","09:25:49",144500
25450,-100,100,"sd","09:26:40",144600
25450,-100,500,"sd","09:26:56",145100
25450,-100,2500,"sd","09:27:37",147600
25500,-50,1100,"sd","09:27:40",148700
25450,-100,1000,"sd","09:27:52",149700
25500,-50,200,"sd","09:28:01",149900
25500,-50,400,"bu","09:28:04",150300
25500,-50,1700,"bu","09:28:22",152000
25500,-50,100,"bu","09:28:25",152100
25500,-50,300,"bu","09:29:09",152400
25500,-50,400,"sd","09:30:03",152800
25450,-100,13300,"bu","09:31:07",166100
25450,-100,1900,"bu","09:31:07",168000
25450,-100,2100,"sd","09:31:13",170100
25500,-50,500,"bu","09:31:31",170600
25450,-100,1000,"bu","09:31:32",171600
25500,-50,10000,"sd","09:32:16",181600
25500,-50,2000,"bu","09:32:25",183600
25500,-50,500,"bu","09:32:30",184100
25500,-50,600,"bu","09:32:34",184700
25500,-50,100,"sd","09:32:40",184800
25500,-50,500,"sd","09:32:49",185300
25500,-50,600,"bu","09:33:03",185900
25500,-50,400,"sd","09:33:05",186300
25500,-50,5500,"sd","09:33:57",191800
25550,0,5000,"bu","09:34:21",196800
25550,0,100,"sd","09:34:53",196900
25550,0,500,"bu","09:35:12",197400
25550,0,1800,"sd","09:35:18",199200
25550,0,1000,"sd","09:35:21",200200
25550,0,400,"sd","09:35:29",200600
25550,0,700,"sd","09:35:42",201300
25550,0,1000,"bu","09:35:48",202300
25550,0,1000,"sd","09:36:03",203300
25550,0,19000,"sd","09:36:06",222300
25550,0,4000,"bu","09:36:55",226300
25550,0,500,"bu","09:37:06",226800
25550,0,2000,"sd","09:37:13",228800
25550,0,5000,"bu","09:37:34",233800
25550,0,1200,"bu","09:37:35",235000
25550,0,800,"sd","09:37:39",235800
25550,0,5000,"bu","09:37:56",240800
25550,0,4900,"bu","09:37:57",245700
25500,-50,300,"sd","09:38:08",246000
25500,-50,2000,"sd","09:38:16",248000
25550,0,2000,"bu","09:38:32",250000
25550,0,1000,"bu","09:38:55",251000
25550,0,1600,"sd","09:38:59",252600
25500,-50,50000,"bu","09:39:35",302600
25550,0,100,"sd","09:39:45",302700
25500,-50,5100,"sd","09:41:34",307800
25500,-50,3000,"sd","09:41:40",310800
25500,-50,6000,"bu","09:41:48",316800
25500,-50,5000,"sd","09:41:56",321800
25500,-50,500,"sd","09:42:22",322300
25500,-50,5000,"bu","09:42:29",327300
25500,-50,100,"bu","09:42:33",327400
25500,-50,5500,"bu","09:43:16",332900
25500,-50,1000,"bu","09:43:18",333900
25500,-50,700,"bu","09:43:39",334600
25500,-50,4400,"bu","09:43:48",339000
25500,-50,500,"bu","09:43:50",339500
25500,-50,100,"sd","09:44:29",339600
25500,-50,3000,"sd","09:44:46",342600
25500,-50,500,"bu","09:45:23",343100
25450,-100,2000,"sd","09:46:24",345100
25450,-100,5000,"bu","09:46:40",350100
25450,-100,200,"bu","09:46:59",350300
25450,-100,100,"sd","09:47:35",350400
25450,-100,500,"bu","09:47:40",350900
25450,-100,700,"sd","09:48:26",351600
25450,-100,900,"bu","09:48:41",352500
25500,-50,4000,"bu","09:49:24",356500
25500,-50,200,"bu","09:49:41",356700
25500,-50,3000,"bu","09:49:43",359700
25500,-50,200,"bu","09:49:50",359900
25500,-50,2000,"sd","09:49:52",361900
25500,-50,200,"bu","09:50:57",362100
25450,-100,11900,"bu","09:51:03",374000
25450,-100,5000,"sd","09:51:13",379000
25450,-100,3400,"sd","09:51:17",382400
25450,-100,2900,"bu","09:51:21",385300
25450,-100,1200,"bu","09:51:25",386500
25450,-100,1500,"sd","09:51:26",388000
25450,-100,100,"bu","09:51:42",388100
25450,-100,600,"sd","09:52:04",388700
25400,-150,1000,"sd","09:52:30",389700
25450,-100,300,"bu","09:52:38",390000
25400,-150,5000,"sd","09:53:32",395000
25450,-100,1400,"sd","09:53:38",396400
25450,-100,3000,"bu","09:53:50",399400
25450,-100,5000,"sd","09:53:54",404400
25450,-100,3500,"sd","09:54:08",407900
25450,-100,900,"bu","09:54:24",408800
25400,-150,1200,"sd","09:54:54",410000
25400,-150,1900,"bu","09:54:58",411900
25450,-100,300,"bu","09:55:02",412200
25450,-100,2300,"bu","09:55:06",414500
25450,-100,1000,"bu","09:55:37",415500
25450,-100,5000,"bu","09:55:45",420500
25450,-100,5000,"sd","09:56:01",425500
25500,-50,2000,"sd","09:56:18",427500
25500,-50,5000,"sd","09:56:49",432500
25500,-50,300,"sd","09:56:52",432800
25450,-100,200,"sd","09:57:00",433000
25500,-50,100,"sd","09:57:24",433100
25500,-50,2000,"sd","09:57:59",435100
25500,-50,2800,"bu","09:58:02",437900
25500,-50,100,"bu","09:58:05",438000
25500,-50,1000,"sd","09:58:12",439000
25500,-50,500,"bu","09:58:25",439500
25500,-50,17900,"sd","09:58:32",457400
25550,0,500,"bu","09:58:47",457900
25550,0,100,"sd","09:59:00",458000
25500,-50,300,"sd","10:00:39",458300
25500,-50,1000,"bu","10:00:43",459300
25500,-50,2100,"sd","10:01:44",461400
25500,-50,2000,"sd","10:02:03",463400
25500,-50,2000,"sd","10:02:21",465400
25500,-50,1000,"sd","10:03:19",466400
25500,-50,500,"bu","10:03:26",466900
25500,-50,2000,"bu","10:03:35",468900
25500,-50,7000,"bu","10:04:21",475900
25500,-50,2000,"sd","10:04:37",477900
25500,-50,100,"bu","10:04:39",478000
25500,-50,1000,"bu","10:04:56",479000
25500,-50,500,"sd","10:05:02",479500
25500,-50,100,"bu","10:05:49",479600
25500,-50,5000,"bu","10:06:06",484600
25500,-50,2000,"bu","10:06:47",486600
25550,0,2000,"sd","10:06:54",488600
25500,-50,7000,"bu","10:07:00",495600
25500,-50,500,"sd","10:07:10",496100
25500,-50,100,"bu","10:07:16",496200
25500,-50,200,"sd","10:07:27",496400
25500,-50,800,"bu","10:07:31",497200
25500,-50,1000,"sd","10:07:38",498200
25500,-50,500,"bu","10:07:42",498700
25500,-50,100,"bu","10:07:52",498800
25500,-50,1000,"bu","10:08:57",499800
25500,-50,2500,"sd","10:11:56",502300
25450,-100,1500,"sd","10:13:32",503800
25450,-100,100,"bu","10:14:19",503900
25500,-50,500,"bu","10:14:30",504400
25500,-50,3000,"sd","10:14:44",507400
25500,-50,2000,"bu","10:15:19",509400
25500,-50,900,"bu","10:15:59",510300
25500,-50,700,"bu","10:16:16",511000
25500,-50,5000,"sd","10:16:26",516000
25500,-50,6400,"bu","10:16:35",522400
25500,-50,5000,"sd","10:16:44",527400
25500,-50,3000,"sd","10:16:45",530400
25450,-100,1000,"bu","10:16:46",531400
25500,-50,3600,"sd","10:16:49",535000
25500,-50,1000,"bu","10:17:02",536000
25500,-50,2000,"bu","10:17:15",538000
25500,-50,1400,"bu","10:17:36",539400
25500,-50,200,"bu","10:17:41",539600
25500,-50,300,"bu","10:18:08",539900
25500,-50,5000,"sd","10:18:21",544900
25500,-50,1000,"sd","10:19:00",545900
25550,0,100,"bu","10:19:33",546000
25550,0,3200,"sd","10:20:51",549200
25500,-50,3100,"sd","10:22:19",552300
25550,0,600,"sd","10:22:20",552900
25550,0,100,"bu","10:22:38",553000
25500,-50,1000,"bu","10:24:16",554000
25500,-50,100,"bu","10:24:42",554100
25500,-50,600,"bu","10:24:48",554700
25500,-50,200,"bu","10:25:02",554900
25500,-50,7400,"sd","10:26:02",562300
25500,-50,1200,"bu","10:26:47",563500
25500,-50,1600,"bu","10:26:59",565100
25500,-50,4100,"bu","10:27:10",569200
25550,0,1000,"bu","10:27:11",570200
25550,0,10000,"sd","10:28:27",580200
25500,-50,10000,"sd","10:28:35",590200
25500,-50,5000,"sd","10:29:19",595200
25500,-50,1000,"bu","10:29:34",596200
25500,-50,500,"sd","10:29:45",596700
25500,-50,300,"bu","10:30:08",597000
25550,0,100,"bu","10:30:14",597100
25500,-50,5000,"sd","10:30:23",602100
25500,-50,1000,"sd","10:31:56",603100
25500,-50,1000,"bu","10:32:07",604100
25500,-50,3600,"bu","10:32:09",607700
25500,-50,6300,"bu","10:32:31",614000
25500,-50,400,"bu","10:32:32",614400
25500,-50,1000,"sd","10:32:33",615400
25500,-50,1700,"bu","10:33:22",617100
25500,-50,200,"sd","10:33:24",617300
25500,-50,400,"bu","10:34:46",617700
25500,-50,600,"sd","10:35:23",618300
25500,-50,1000,"bu","10:35:46",619300
25500,-50,900,"sd","10:36:05",620200
25500,-50,1000,"bu","10:36:41",621200
25500,-50,20000,"sd","10:37:11",641200
25500,-50,500,"sd","10:37:49",641700
25500,-50,30000,"bu","10:39:30",671700
25500,-50,5500,"sd","10:39:36",677200
25500,-50,500,"sd","10:39:45",677700
25500,-50,200,"sd","10:39:57",677900
25500,-50,1700,"sd","10:40:03",679600
25500,-50,1500,"bu","10:40:05",681100
25500,-50,500,"sd","10:40:17",681600
25500,-50,600,"sd","10:40:18",682200
25500,-50,2700,"sd","10:41:03",684900
25500,-50,2800,"bu","10:41:24",687700
25500,-50,100,"sd","10:41:53",687800
25500,-50,500,"bu","10:42:43",688300
25500,-50,3000,"sd","10:43:00",691300
25500,-50,400,"bu","10:43:20",691700
25500,-50,5000,"bu","10:43:38",696700
25500,-50,200,"sd","10:44:24",696900
25500,-50,3000,"sd","10:45:45",699900
25500,-50,100,"sd","10:46:17",700000
25500,-50,200,"sd","10:46:23",700200
25500,-50,2200,"bu","10:46:49",702400
25500,-50,1000,"sd","10:47:28",703400
25500,-50,1500,"sd","10:48:20",704900
25500,-50,1900,"bu","10:48:29",706800
25450,-100,1000,"bu","10:48:51",707800
25450,-100,2400,"sd","10:49:11",710200
25500,-50,100,"bu","10:50:55",710300
25500,-50,1000,"bu","10:51:27",711300
25450,-100,200,"bu","10:52:18",711500
25400,-150,259100,"bu","10:52:39",970600
25350,-200,1700,"bu","10:53:08",972300
25400,-150,100,"sd","10:53:10",972400
25350,-200,500,"sd","10:53:22",972900
25400,-150,2400,"bu","10:53:43",975300
25400,-150,3800,"bu","10:53:53",979100
25350,-200,1700,"sd","10:54:19",980800
25350,-200,100,"sd","10:56:08",980900
25400,-150,2000,"sd","10:57:35",982900
25400,-150,1000,"sd","10:58:12",983900
25400,-150,8000,"sd","10:58:16",991900
25400,-150,600,"sd","10:58:18",992500
25450,-100,600,"sd","11:01:26",993100
25450,-100,6000,"bu","11:01:51",999100
25450,-100,300,"sd","11:02:27",999400
25450,-100,5500,"bu","11:02:40",1004900
25450,-100,900,"bu","11:04:29",1005800
25400,-150,3000,"sd","11:06:03",1008800
25400,-150,3000,"sd","11:06:37",1011800
25400,-150,32700,"sd","11:07:24",1044500
25400,-150,100,"bu","11:07:40",1044600
25400,-150,300,"sd","11:08:20",1044900
25400,-150,1000,"sd","11:09:07",1045900
25400,-150,900,"sd","11:09:14",1046800
25400,-150,100,"sd","11:09:15",1046900
25400,-150,600,"sd","11:10:02",1047500
25400,-150,1000,"sd","11:10:27",1048500
25400,-150,5000,"bu","11:10:54",1053500
25400,-150,2000,"sd","11:10:56",1055500
25400,-150,6000,"bu","11:11:08",1061500
25400,-150,900,"sd","11:11:11",1062400
25400,-150,2000,"sd","11:13:19",1064400
25400,-150,5800,"sd","11:13:26",1070200
25400,-150,6000,"bu","11:14:54",1076200
25400,-150,13300,"bu","11:15:58",1089500
25400,-150,100,"bu","11:16:48",1089600
25350,-200,1400,"sd","11:17:34",1091000
25400,-150,15000,"bu","11:17:40",1106000
25400,-150,11000,"bu","11:18:11",1117000
25350,-200,11000,"bu","11:18:26",1128000
25400,-150,900,"bu","11:18:27",1128900
25450,-100,100,"bu","11:18:54",1129000
25400,-150,1100,"bu","11:18:59",1130100
25400,-150,100,"bu","11:20:17",1130200
25400,-150,300,"bu","11:21:49",1130500
25400,-150,10500,"bu","11:21:50",1141000
25400,-150,2900,"sd","11:22:01",1143900
25400,-150,200,"bu","11:22:11",1144100
25400,-150,2000,"sd","11:22:14",1146100
25400,-150,4400,"bu","11:22:16",1150500
25450,-100,200,"sd","11:22:34",1150700
25400,-150,700,"bu","11:22:41",1151400
25400,-150,500,"bu","11:22:44",1151900
25350,-200,2000,"bu","11:22:56",1153900
25350,-200,10000,"bu","11:23:46",1163900
25350,-200,2000,"sd","11:24:10",1165900
25350,-200,100,"bu","11:24:25",1166000
25350,-200,2000,"sd","11:24:32",1168000
25350,-200,5000,"bu","11:24:37",1173000
25350,-200,5000,"bu","11:25:01",1178000
25350,-200,18000,"sd","11:25:18",1196000
25350,-200,300,"bu","11:25:19",1196300
25400,-150,5000,"bu","11:25:21",1201300
25400,-150,100,"sd","11:25:58",1201400
25400,-150,10000,"bu","11:26:03",1211400
25350,-200,1500,"sd","11:26:09",1212900
25350,-200,1000,"sd","11:26:37",1213900
25350,-200,800,"bu","11:26:41",1214700
25350,-200,100,"bu","11:26:43",1214800
25350,-200,4100,"bu","11:27:26",1218900
25350,-200,200,"bu","11:27:43",1219100
25350,-200,300,"bu","11:28:09",1219400
25350,-200,10000,"bu","11:29:00",1229400
25350,-200,1000,"sd","11:29:08",1230400
25350,-200,600,"bu","11:29:21",1231000
25350,-200,1000,"bu","11:29:42",1232000
25350,-200,100,"bu","11:29:46",1232100
25350,-200,2000,"bu","11:29:57",1234100
25350,-200,5000,"sd","11:29:58",1239100
25350,-200,1000,"bu","11:30:06",1240100
25350,-200,800,"bu","13:00:43",1240900
25300,-250,15000,"sd","13:00:46",1255900
25350,-200,200,"sd","13:00:48",1256100
25350,-200,3900,"sd","13:00:51",1260000
25350,-200,500,"sd","13:00:54",1260500
25350,-200,1700,"bu","13:00:57",1262200
25300,-250,18000,"sd","13:00:58",1280200
25300,-250,1300,"bu","13:00:59",1281500
25350,-200,100,"bu","13:01:03",1281600
25350,-200,5000,"sd","13:01:10",1286600
25300,-250,30100,"sd","13:01:11",1316700
25300,-250,30300,"bu","13:01:14",1347000
25300,-250,400,"sd","13:01:20",1347400
25300,-250,200,"sd","13:01:23",1347600
25300,-250,100,"sd","13:01:25",1347700
25250,-300,1000,"bu","13:01:40",1348700
25250,-300,100,"sd","13:01:49",1348800
25250,-300,7000,"bu","13:01:51",1355800
25250,-300,10000,"bu","13:02:00",1365800
25250,-300,12500,"bu","13:02:04",1378300
25250,-300,10000,"bu","13:02:05",1388300
25250,-300,2300,"bu","13:02:07",1390600
25200,-350,400,"bu","13:02:10",1391000
25250,-300,5000,"bu","13:02:12",1396000
25200,-350,100,"sd","13:02:13",1396100
25250,-300,500,"bu","13:02:17",1396600
25250,-300,3200,"sd","13:02:20",1399800
25200,-350,7000,"sd","13:02:23",1406800
25200,-350,5000,"sd","13:02:31",1411800
25200,-350,30000,"bu","13:02:55",1441800
25200,-350,8200,"sd","13:02:58",1450000
25200,-350,1000,"sd","13:03:00",1451000
25200,-350,8000,"sd","13:03:03",1459000
25200,-350,100,"sd","13:03:06",1459100
25200,-350,1500,"sd","13:03:08",1460600
25200,-350,100,"bu","13:03:13",1460700
25200,-350,7300,"bu","13:03:14",1468000
25200,-350,1000,"bu","13:03:18",1469000
25200,-350,9000,"sd","13:03:25",1478000
25250,-300,4000,"bu","13:03:27",1482000
25200,-350,5000,"bu","13:03:34",1487000
25200,-350,200,"bu","13:03:36",1487200
25200,-350,2000,"sd","13:03:41",1489200
25200,-350,100,"sd","13:03:48",1489300
25200,-350,300,"bu","13:03:51",1489600
25250,-300,5000,"bu","13:04:07",1494600
25250,-300,100,"bu","13:04:08",1494700
25250,-300,1000,"bu","13:04:17",1495700
25250,-300,5000,"sd","13:04:20",1500700
25250,-300,5000,"bu","13:04:22",1505700
25250,-300,2300,"bu","13:04:31",1508000
25250,-300,3100,"bu","13:04:43",1511100
25300,-250,900,"sd","13:05:07",1512000
25300,-250,5000,"bu","13:05:10",1517000
25300,-250,1000,"sd","13:05:24",1518000
25300,-250,300,"bu","13:05:26",1518300
25250,-300,5000,"bu","13:05:32",1523300
25250,-300,1000,"bu","13:05:37",1524300
25250,-300,2000,"sd","13:05:44",1526300
25300,-250,6500,"bu","13:05:52",1532800
25300,-250,3300,"sd","13:06:23",1536100
25300,-250,400,"bu","13:06:27",1536500
25300,-250,100,"bu","13:06:32",1536600
25300,-250,1000,"sd","13:06:35",1537600
25300,-250,300,"sd","13:06:42",1537900
25300,-250,500,"sd","13:06:49",1538400
25250,-300,10000,"bu","13:07:12",1548400
25300,-250,400,"bu","13:07:21",1548800
25300,-250,5400,"sd","13:07:32",1554200
25300,-250,500,"bu","13:07:35",1554700
25300,-250,10000,"bu","13:08:03",1564700
25300,-250,500,"sd","13:08:05",1565200
25300,-250,5000,"sd","13:08:09",1570200
25300,-250,11700,"bu","13:08:11",1581900
25300,-250,7000,"bu","13:08:13",1588900
25300,-250,300,"sd","13:08:18",1589200
25300,-250,1700,"sd","13:08:40",1590900
25300,-250,200,"sd","13:09:04",1591100
25300,-250,13700,"bu","13:09:11",1604800
25300,-250,2000,"bu","13:09:12",1606800
25300,-250,9300,"bu","13:09:19",1616100
25300,-250,100,"sd","13:09:46",1616200
25300,-250,1500,"bu","13:10:05",1617700
25300,-250,100,"sd","13:10:22",1617800
25350,-200,10100,"sd","13:10:32",1627900
25350,-200,10000,"bu","13:10:38",1637900
25350,-200,8800,"sd","13:10:47",1646700
25350,-200,8400,"sd","13:11:13",1655100
25350,-200,100,"bu","13:11:16",1655200
25350,-200,1500,"bu","13:11:20",1656700
25350,-200,5000,"bu","13:11:27",1661700
25350,-200,8000,"bu","13:11:29",1669700
25350,-200,4200,"sd","13:11:38",1673900
25350,-200,2000,"bu","13:11:45",1675900
25350,-200,500,"sd","13:12:00",1676400
25350,-200,3600,"bu","13:12:02",1680000
25350,-200,2000,"bu","13:12:11",1682000
25350,-200,600,"bu","13:12:16",1682600
25350,-200,1000,"sd","13:12:17",1683600
25350,-200,100,"sd","13:13:07",1683700
25350,-200,500,"sd","13:13:26",1684200
25350,-200,3000,"sd","13:13:28",1687200
25350,-200,10000,"bu","13:13:43",1697200
25350,-200,2000,"bu","13:13:50",1699200
25350,-200,3100,"sd","13:14:06",1702300
25350,-200,1600,"bu","13:14:25",1703900
25350,-200,300,"bu","13:14:32",1704200
25350,-200,900,"bu","13:14:33",1705100
25350,-200,1000,"bu","13:14:37",1706100
25350,-200,5000,"bu","13:14:48",1711100
25350,-200,1900,"sd","13:14:58",1713000
25350,-200,1800,"bu","13:15:00",1714800
25350,-200,1000,"sd","13:15:18",1715800
25350,-200,5000,"sd","13:15:27",1720800
25350,-200,5000,"bu","13:15:30",1725800
25350,-200,1000,"bu","13:15:34",1726800
25350,-200,500,"sd","13:15:44",1727300
25400,-150,14300,"sd","13:16:11",1741600
25350,-200,100,"sd","13:16:14",1741700
25350,-200,500,"sd","13:16:47",1742200
25350,-200,1000,"bu","13:16:53",1743200
25400,-150,20000,"bu","13:16:58",1763200
25400,-150,5000,"bu","13:17:14",1768200
25400,-150,100,"sd","13:17:33",1768300
25350,-200,5000,"sd","13:18:10",1773300
25350,-200,9400,"sd","13:18:11",1782700
25350,-200,3000,"sd","13:18:13",1785700
25350,-200,2000,"bu","13:18:35",1787700
25350,-200,6500,"sd","13:18:37",1794200
25350,-200,20600,"bu","13:18:56",1814800
25350,-200,500,"bu","13:18:58",1815300
25350,-200,600,"bu","13:19:52",1815900
25350,-200,10400,"bu","13:20:03",1826300
25350,-200,500,"sd","13:20:15",1826800
25350,-200,200,"sd","13:20:36",1827000
25300,-250,5500,"bu","13:21:20",1832500
25300,-250,5000,"bu","13:21:39",1837500
25300,-250,100,"sd","13:21:48",1837600
25300,-250,27200,"bu","13:22:23",1864800
25300,-250,200,"bu","13:22:25",1865000
25350,-200,5300,"bu","13:22:27",1870300
25300,-250,10000,"sd","13:22:29",1880300
25350,-200,12500,"sd","13:22:31",1892800
25300,-250,13300,"bu","13:22:36",1906100
25300,-250,3800,"sd","13:22:38",1909900
25300,-250,1000,"sd","13:22:46",1910900
25300,-250,5000,"sd","13:22:47",1915900
25300,-250,2400,"bu","13:22:55",1918300
25300,-250,600,"sd","13:23:18",1918900
25300,-250,500,"bu","13:23:25",1919400
25300,-250,100,"bu","13:23:29",1919500
25300,-250,500,"sd","13:24:06",1920000
25300,-250,500,"bu","13:24:15",1920500
25250,-300,16500,"bu","13:24:24",1937000
25300,-250,1100,"bu","13:24:38",1938100
25250,-300,100000,"sd","13:24:41",2038100
25300,-250,600,"bu","13:24:54",2038700
25250,-300,20000,"bu","13:24:58",2058700
25250,-300,1000,"sd","13:25:03",2059700
25250,-300,6000,"bu","13:25:11",2065700
25250,-300,400,"sd","13:25:30",2066100
25250,-300,5000,"sd","13:25:32",2071100
25300,-250,2400,"bu","13:25:51",2073500
25250,-300,900,"sd","13:26:01",2074400
25300,-250,17500,"bu","13:26:18",2091900
25300,-250,200,"sd","13:26:25",2092100
25300,-250,500,"bu","13:26:30",2092600
25300,-250,3000,"bu","13:26:32",2095600
25300,-250,1000,"sd","13:26:33",2096600
25300,-250,5500,"bu","13:26:35",2102100
25300,-250,1000,"sd","13:26:37",2103100
25300,-250,11000,"sd","13:26:38",2114100
25300,-250,900,"sd","13:26:42",2115000
25350,-200,300,"bu","13:26:47",2115300
25300,-250,3100,"bu","13:26:49",2118400
25350,-200,1000,"sd","13:27:04",2119400
25350,-200,2000,"sd","13:27:12",2121400
25350,-200,1500,"sd","13:27:53",2122900
25350,-200,500,"sd","13:27:55",2123400
25350,-200,1500,"sd","13:28:15",2124900
25350,-200,1100,"sd","13:28:20",2126000
25350,-200,100,"sd","13:28:22",2126100
25350,-200,200,"bu","13:28:26",2126300
25350,-200,1000,"bu","13:29:22",2127300
25350,-200,3000,"bu","13:29:28",2130300
25350,-200,100,"bu","13:29:35",2130400
25350,-200,3200,"bu","13:30:09",2133600
25400,-150,1000,"bu","13:30:29",2134600
25400,-150,1000,"bu","13:30:42",2135600
25350,-200,5500,"sd","13:30:53",2141100
25350,-200,1800,"bu","13:31:29",2142900
25400,-150,3000,"bu","13:31:45",2145900
25400,-150,1000,"sd","13:32:11",2146900
25400,-150,3300,"sd","13:32:15",2150200
25400,-150,5000,"bu","13:32:27",2155200
25400,-150,5000,"sd","13:32:35",2160200
25400,-150,1800,"bu","13:32:39",2162000
25400,-150,1200,"bu","13:32:56",2163200
25400,-150,500,"sd","13:33:38",2163700
25350,-200,15300,"bu","13:33:57",2179000
25350,-200,200,"bu","13:34:17",2179200
25350,-200,100,"bu","13:34:23",2179300
25350,-200,2500,"bu","13:34:25",2181800
25350,-200,5900,"bu","13:34:30",2187700
25350,-200,2500,"bu","13:35:17",2190200
25350,-200,2000,"sd","13:35:19",2192200
25350,-200,300,"bu","13:35:29",2192500
25350,-200,5000,"bu","13:35:34",2197500
25350,-200,10000,"bu","13:35:58",2207500
25350,-200,2800,"sd","13:36:16",2210300
25350,-200,1100,"sd","13:36:43",2211400
25250,-300,98000,"bu","13:36:45",2309400
25250,-300,100,"sd","13:36:50",2309500
25250,-300,500,"bu","13:36:54",2310000
25250,-300,600,"bu","13:36:59",2310600
25250,-300,1800,"sd","13:37:01",2312400
25250,-300,1500,"sd","13:37:11",2313900
25300,-250,500,"bu","13:37:24",2314400
25250,-300,2000,"bu","13:37:41",2316400
25250,-300,1000,"sd","13:37:46",2317400
25250,-300,1000,"bu","13:38:14",2318400
25300,-250,1100,"sd","13:38:16",2319500
25250,-300,1000,"sd","13:38:19",2320500
25250,-300,14000,"bu","13:38:39",2334500
25250,-300,100,"bu","13:38:43",2334600
25250,-300,1000,"sd","13:39:21",2335600
25250,-300,400,"sd","13:39:35",2336000
25300,-250,20000,"sd","13:39:45",2356000
25300,-250,10000,"bu","13:40:06",2366000
25300,-250,200,"sd","13:40:09",2366200
25300,-250,10700,"sd","13:40:20",2376900
25300,-250,2100,"sd","13:40:21",2379000
25300,-250,500,"sd","13:40:23",2379500
25300,-250,1600,"sd","13:40:41",2381100
25300,-250,100,"bu","13:40:45",2381200
25300,-250,300,"bu","13:40:51",2381500
25300,-250,3000,"bu","13:40:53",2384500
25300,-250,400,"sd","13:41:00",2384900
25300,-250,500,"sd","13:41:06",2385400
25300,-250,1300,"bu","13:41:08",2386700
25300,-250,1600,"bu","13:41:10",2388300
25300,-250,1000,"bu","13:41:14",2389300
25300,-250,500,"bu","13:41:29",2389800
25300,-250,5700,"sd","13:41:39",2395500
25300,-250,2000,"bu","13:41:43",2397500
25350,-200,1500,"sd","13:41:53",2399000
25350,-200,2000,"bu","13:42:29",2401000
25300,-250,14000,"bu","13:42:40",2415000
25300,-250,3500,"sd","13:43:00",2418500
25350,-200,1600,"bu","13:43:02",2420100
25300,-250,600,"sd","13:43:22",2420700
25300,-250,9900,"sd","13:43:25",2430600
25300,-250,500,"bu","13:43:33",2431100
25300,-250,800,"sd","13:43:41",2431900
25300,-250,1100,"bu","13:43:47",2433000
25300,-250,2100,"sd","13:43:53",2435100
25300,-250,7900,"bu","13:43:58",2443000
25250,-300,5000,"bu","13:44:02",2448000
25300,-250,2000,"bu","13:44:23",2450000
25300,-250,8000,"sd","13:44:34",2458000
25300,-250,500,"sd","13:44:38",2458500
25250,-300,4000,"bu","13:44:58",2462500
25250,-300,600,"bu","13:45:09",2463100
25250,-300,40000,"sd","13:46:05",2503100
25250,-300,2000,"bu","13:46:18",2505100
25250,-300,8000,"sd","13:46:20",2513100
25250,-300,1000,"bu","13:46:27",2514100
25250,-300,100,"bu","13:46:30",2514200
25250,-300,4600,"sd","13:46:39",2518800
25250,-300,100,"bu","13:46:41",2518900
25250,-300,500,"bu","13:46:43",2519400
25300,-250,100,"sd","13:46:47",2519500
25300,-250,1900,"bu","13:47:00",2521400
25250,-300,100,"sd","13:47:26",2521500
25250,-300,900,"sd","13:47:42",2522400
25300,-250,100,"bu","13:47:48",2522500
25250,-300,20100,"bu","13:48:15",2542600
25250,-300,10000,"bu","13:48:33",2552600
25250,-300,6000,"sd","13:48:42",2558600
25200,-350,3000,"sd","13:48:53",2561600
25250,-300,2000,"bu","13:49:10",2563600
25200,-350,300,"bu","13:49:18",2563900
25200,-350,1800,"sd","13:49:41",2565700
25250,-300,20000,"sd","13:49:47",2585700
25200,-350,1500,"sd","13:49:50",2587200
25250,-300,1400,"bu","13:49:53",2588600
25250,-300,1300,"sd","13:49:56",2589900
25250,-300,100,"bu","13:49:58",2590000
25250,-300,5000,"sd","13:50:04",2595000
25250,-300,300,"bu","13:50:08",2595300
25250,-300,1500,"sd","13:50:11",2596800
25250,-300,700,"sd","13:50:20",2597500
25250,-300,2000,"bu","13:50:22",2599500
25250,-300,200,"bu","13:50:26",2599700
25250,-300,10000,"sd","13:50:27",2609700
25250,-300,4200,"bu","13:50:33",2613900
25250,-300,500,"sd","13:50:35",2614400
25250,-300,1000,"bu","13:50:41",2615400
25250,-300,100,"sd","13:50:47",2615500
25250,-300,200,"sd","13:50:50",2615700
25250,-300,1100,"sd","13:50:54",2616800
25250,-300,12500,"sd","13:50:56",2629300
25300,-250,1400,"sd","13:51:24",2630700
25250,-300,100,"sd","13:51:28",2630800
25300,-250,400,"sd","13:51:31",2631200
25250,-300,20000,"sd","13:51:35",2651200
25250,-300,5000,"bu","13:51:40",2656200
25300,-250,10000,"sd","13:51:56",2666200
25250,-300,44500,"bu","13:51:58",2710700
25200,-350,5000,"sd","13:52:29",2715700
25200,-350,8000,"bu","13:52:41",2723700
25250,-300,900,"sd","13:52:46",2724600
25250,-300,200,"sd","13:52:50",2724800
25200,-350,1000,"bu","13:53:04",2725800
25200,-350,400,"sd","13:53:09",2726200
25200,-350,2500,"bu","13:53:14",2728700
25200,-350,1000,"bu","13:53:23",2729700
25200,-350,2500,"bu","13:53:37",2732200
25200,-350,3000,"bu","13:53:41",2735200
25200,-350,100,"bu","13:53:49",2735300
25200,-350,13000,"sd","13:53:53",2748300
25200,-350,6000,"sd","13:53:55",2754300
25200,-350,2000,"sd","13:53:57",2756300
25200,-350,10000,"bu","13:54:02",2766300
25200,-350,1600,"bu","13:54:11",2767900
25200,-350,15200,"bu","13:54:15",2783100
25200,-350,1000,"bu","13:54:18",2784100
25200,-350,500,"sd","13:54:21",2784600
25200,-350,100,"sd","13:54:29",2784700
25200,-350,300,"sd","13:54:33",2785000
25200,-350,30000,"sd","13:54:36",2815000
25200,-350,11500,"bu","13:54:39",2826500
25200,-350,17700,"bu","13:54:41",2844200
25200,-350,2000,"sd","13:54:45",2846200
25200,-350,5000,"bu","13:54:47",2851200
25200,-350,8000,"sd","13:54:50",2859200
25200,-350,3000,"sd","13:54:52",2862200
25200,-350,4500,"bu","13:54:54",2866700
25200,-350,1000,"bu","13:55:03",2867700
25200,-350,2000,"bu","13:55:14",2869700
25200,-350,1000,"bu","13:55:16",2870700
25150,-400,200,"sd","13:55:21",2870900
25200,-350,500,"bu","13:55:27",2871400
25200,-350,200,"sd","13:55:41",2871600
25200,-350,10000,"bu","13:55:44",2881600
25200,-350,3000,"bu","13:55:49",2884600
25200,-350,2300,"sd","13:55:51",2886900
25250,-300,12000,"bu","13:55:56",2898900
25200,-350,700,"sd","13:56:11",2899600
25200,-350,2100,"sd","13:56:16",2901700
25200,-350,16000,"sd","13:56:19",2917700
25200,-350,1600,"sd","13:56:24",2919300
25200,-350,2000,"sd","13:56:29",2921300
25200,-350,400,"sd","13:56:31",2921700
25250,-300,300,"sd","13:57:18",2922000
25200,-350,1900,"bu","13:57:20",2923900
25250,-300,100,"bu","13:57:29",2924000
25250,-300,1000,"bu","13:57:36",2925000
25250,-300,500,"bu","13:57:50",2925500
25250,-300,4800,"bu","13:57:59",2930300
25250,-300,2500,"bu","13:58:04",2932800
25250,-300,700,"sd","13:58:06",2933500
25250,-300,100,"sd","13:58:12",2933600
25250,-300,15500,"bu","13:58:39",2949100
25250,-300,14500,"sd","13:58:54",2963600
25250,-300,500,"sd","13:59:01",2964100
25250,-300,10000,"bu","13:59:10",2974100
25300,-250,900,"bu","13:59:19",2975000
25300,-250,100,"sd","13:59:40",2975100
25300,-250,13100,"sd","14:00:26",2988200
25300,-250,300,"sd","14:00:28",2988500
25300,-250,2000,"bu","14:00:37",2990500
25300,-250,100,"sd","14:00:45",2990600
25300,-250,6200,"sd","14:01:00",2996800
25300,-250,100,"bu","14:01:05",2996900
25200,-350,35300,"bu","14:01:18",3032200
25250,-300,500,"bu","14:01:34",3032700
25250,-300,1300,"bu","14:01:42",3034000
25250,-300,3000,"bu","14:01:48",3037000
25250,-300,2500,"sd","14:01:53",3039500
25200,-350,5000,"bu","14:01:58",3044500
25250,-300,700,"bu","14:02:03",3045200
25250,-300,500,"sd","14:02:10",3045700
25250,-300,100,"bu","14:02:12",3045800
25250,-300,500,"bu","14:02:17",3046300
25250,-300,2300,"sd","14:02:19",3048600
25250,-300,3300,"sd","14:02:21",3051900
25250,-300,300,"sd","14:02:24",3052200
25250,-300,100,"sd","14:02:26",3052300
25250,-300,3000,"sd","14:02:59",3055300
25250,-300,200,"sd","14:03:01",3055500
25250,-300,5000,"sd","14:03:03",3060500
25250,-300,1000,"sd","14:03:06",3061500
25250,-300,4200,"bu","14:03:08",3065700
25250,-300,1000,"sd","14:03:20",3066700
25250,-300,200,"sd","14:04:07",3066900
25250,-300,1700,"sd","14:04:50",3068600
25300,-250,10000,"sd","14:05:04",3078600
25300,-250,2000,"bu","14:05:06",3080600
25300,-250,1000,"sd","14:05:21",3081600
25300,-250,4000,"sd","14:06:27",3085600
25300,-250,1200,"sd","14:06:31",3086800
25250,-300,3700,"sd","14:06:34",3090500
25300,-250,5000,"bu","14:06:39",3095500
25300,-250,1000,"bu","14:06:46",3096500
25250,-300,20000,"sd","14:07:01",3116500
25300,-250,1000,"bu","14:07:18",3117500
25300,-250,8000,"bu","14:08:02",3125500
25300,-250,200,"sd","14:08:07",3125700
25300,-250,700,"sd","14:08:09",3126400
25300,-250,400,"bu","14:08:39",3126800
25300,-250,200,"sd","14:08:42",3127000
25300,-250,2400,"sd","14:09:14",3129400
25350,-200,1300,"sd","14:09:40",3130700
25350,-200,100,"bu","14:09:42",3130800
25300,-250,2000,"sd","14:09:55",3132800
25300,-250,21100,"bu","14:10:07",3153900
25350,-200,1100,"bu","14:10:11",3155000
25300,-250,200,"sd","14:11:23",3155200
25350,-200,100,"bu","14:11:28",3155300
25350,-200,500,"bu","14:11:48",3155800
25350,-200,500,"bu","14:11:50",3156300
25300,-250,200,"sd","14:11:56",3156500
25300,-250,100,"sd","14:11:58",3156600
25350,-200,2000,"sd","14:12:20",3158600
25350,-200,2900,"bu","14:12:32",3161500
25350,-200,3000,"sd","14:12:34",3164500
25350,-200,1000,"sd","14:12:57",3165500
25350,-200,12100,"bu","14:13:04",3177600
25350,-200,1500,"sd","14:13:09",3179100
25350,-200,100,"bu","14:13:24",3179200
25350,-200,7500,"bu","14:13:48",3186700
25350,-200,200,"sd","14:13:53",3186900
25350,-200,100,"bu","14:13:55",3187000
25350,-200,1000,"bu","14:14:03",3188000
25350,-200,1300,"sd","14:14:05",3189300
25350,-200,100,"sd","14:14:12",3189400
25350,-200,1000,"bu","14:14:20",3190400
25350,-200,1400,"bu","14:14:30",3191800
25350,-200,2500,"bu","14:14:33",3194300
25350,-200,1600,"bu","14:14:43",3195900
25350,-200,1500,"sd","14:14:53",3197400
25350,-200,2600,"bu","14:15:09",3200000
25350,-200,8900,"bu","14:15:12",3208900
25400,-150,1100,"sd","14:15:23",3210000
25400,-150,4000,"bu","14:15:29",3214000
25400,-150,1500,"sd","14:15:49",3215500
25400,-150,4000,"sd","14:15:57",3219500
25400,-150,1000,"bu","14:16:00",3220500
25400,-150,200,"bu","14:16:06",3220700
25400,-150,7000,"bu","14:16:09",3227700
25400,-150,1500,"sd","14:16:12",3229200
25400,-150,200,"sd","14:16:34",3229400
25400,-150,500,"bu","14:16:37",3229900
25400,-150,10000,"bu","14:17:04",3239900
25400,-150,500,"sd","14:17:19",3240400
25450,-100,23900,"sd","14:17:52",3264300
25450,-100,100,"bu","14:18:06",3264400
25500,-50,2000,"bu","14:18:14",3266400
25500,-50,500,"sd","14:18:17",3266900
25500,-50,25000,"bu","14:18:28",3291900
25500,-50,1000,"sd","14:18:32",3292900
25450,-100,1400,"bu","14:18:37",3294300
25500,-50,2000,"sd","14:18:43",3296300
25450,-100,10000,"sd","14:18:55",3306300
25450,-100,400,"sd","14:19:14",3306700
25450,-100,2400,"bu","14:19:40",3309100
25500,-50,1900,"sd","14:19:51",3311000
25500,-50,7100,"sd","14:20:07",3318100
25500,-50,10500,"bu","14:20:10",3328600
25500,-50,4500,"bu","14:20:21",3333100
25450,-100,500,"sd","14:20:24",3333600
25450,-100,100,"sd","14:20:37",3333700
25500,-50,1300,"bu","14:20:39",3335000
25500,-50,100,"bu","14:20:49",3335100
25450,-100,500,"bu","14:20:59",3335600
25500,-50,15000,"bu","14:21:04",3350600
25500,-50,600,"bu","14:21:07",3351200
25500,-50,1000,"sd","14:21:09",3352200
25550,0,13100,"bu","14:21:12",3365300
25500,-50,6900,"bu","14:21:24",3372200
25550,0,500,"bu","14:21:34",3372700
25550,0,6000,"bu","14:21:37",3378700
25500,-50,200,"bu","14:21:40",3378900
25500,-50,1200,"bu","14:21:53",3380100
25500,-50,500,"sd","14:21:58",3380600
25500,-50,1000,"bu","14:22:05",3381600
25550,0,200,"bu","14:22:08",3381800
25550,0,5000,"sd","14:22:15",3386800
25550,0,2000,"bu","14:22:21",3388800
25550,0,2500,"sd","14:22:27",3391300
25550,0,100,"bu","14:22:33",3391400
25550,0,1000,"bu","14:22:35",3392400
25550,0,500,"bu","14:22:44",3392900
25550,0,2900,"sd","14:22:50",3395800
25500,-50,500,"bu","14:22:53",3396300
25550,0,50000,"bu","14:22:56",3446300
25550,0,1800,"bu","14:22:59",3448100
25550,0,4100,"bu","14:23:04",3452200
25550,0,100,"bu","14:23:19",3452300
25550,0,200,"sd","14:23:21",3452500
25600,50,2200,"sd","14:23:51",3454700
25600,50,7700,"sd","14:23:57",3462400
25600,50,1000,"sd","14:24:10",3463400
25600,50,30000,"bu","14:24:13",3493400
25600,50,3000,"bu","14:24:19",3496400
25600,50,32500,"sd","14:24:23",3528900
25600,50,12800,"bu","14:24:26",3541700
25600,50,200,"bu","14:24:29",3541900
25600,50,300,"bu","14:24:39",3542200
25600,50,1900,"sd","14:24:42",3544100
25600,50,1000,"bu","14:24:44",3545100
25600,50,100,"sd","14:24:47",3545200
25600,50,18900,"sd","14:24:50",3564100
25600,50,2000,"sd","14:25:00",3566100
25550,0,5500,"bu","14:25:19",3571600
25600,50,1100,"bu","14:25:27",3572700
25550,0,500,"bu","14:25:33",3573200
25550,0,12500,"sd","14:25:36",3585700
25600,50,13200,"bu","14:25:40",3598900
25550,0,4500,"bu","14:25:43",3603400
25550,0,1000,"bu","14:25:49",3604400
25600,50,5400,"sd","14:25:56",3609800
25550,0,7200,"bu","14:25:59",3617000
25550,0,3800,"sd","14:26:02",3620800
25550,0,6000,"bu","14:26:09",3626800
25600,50,1800,"bu","14:26:18",3628600
25600,50,5000,"bu","14:26:21",3633600
25600,50,800,"bu","14:26:24",3634400
25600,50,200,"bu","14:26:28",3634600
25600,50,1200,"bu","14:26:36",3635800
25600,50,20000,"bu","14:26:39",3655800
25600,50,500,"sd","14:26:46",3656300
25550,0,3000,"bu","14:26:52",3659300
25550,0,500,"bu","14:27:03",3659800
25600,50,11800,"bu","14:27:11",3671600
25550,0,1000,"bu","14:27:14",3672600
25550,0,4600,"sd","14:27:24",3677200
25550,0,1500,"bu","14:27:34",3678700
25550,0,500,"sd","14:27:48",3679200
25600,50,100,"sd","14:27:58",3679300
25550,0,5000,"sd","14:28:02",3684300
25600,50,1500,"sd","14:28:27",3685800
25550,0,1000,"sd","14:28:34",3686800
25550,0,200,"bu","14:28:41",3687000
25550,0,1500,"sd","14:28:45",3688500
25550,0,3000,"bu","14:29:02",3691500
25550,0,10000,"bu","14:29:05",3701500
25550,0,20400,"sd","14:29:09",3721900
25600,50,10200,"sd","14:29:12",3732100
25600,50,600,"bu","14:29:19",3732700
25600,50,500,"bu","14:29:24",3733200
25600,50,100,"bu","14:29:28",3733300
25600,50,500,"bu","14:29:38",3733800
25550,0,400,"sd","14:29:44",3734200
25550,0,14400,"sd","14:29:47",3748600
25600,50,600,"bu","14:29:52",3749200
25550,0,1000,"bu","14:29:55",3750200
25600,50,1100,"bu","14:30:01",3751300
25600,50,246300,"sd","14:45:19",3997600
