"Stockcode","Package","TradingDate","Price","Vol","TotalVol","TotalVal","Change","IsBuy","PerChange"
"DDG",144507,"/Date(1700120701000)/",6400,47800,277111,1764560400,0,false,0
"DDG",142844,"/Date(1700119724000)/",6400,1300,229311,1458640400,0,false,0
"DDG",142655,"/Date(1700119615000)/",6400,100,228011,1450320400,0,false,0
"DDG",142653,"/Date(1700119613000)/",6300,1000,227911,1449680400,-100,true,-1.56
"DDG",142515,"/Date(1700119515000)/",6300,22500,226911,1443380400,-100,true,-1.56
"DDG",142444,"/Date(1700119484000)/",6300,400,204411,1301630400,-100,true,-1.56
"DDG",142339,"/Date(1700119419000)/",6400,600,204011,1299110400,0,false,0
"DDG",142103,"/Date(1700119263000)/",6300,800,203411,1295270400,-100,true,-1.56
"DDG",141914,"/Date(1700119154000)/",6400,1000,202611,1290230400,0,false,0
"DDG",141809,"/Date(1700119089000)/",6300,600,201611,1283830400,-100,true,-1.56
"DDG",141623,"/Date(1700118983000)/",6400,1000,201011,1280050400,0,false,0
"DDG",141214,"/Date(1700118735000)/",6400,100,200011,1273650400,0,false,0
"DDG",141105,"/Date(1700118666000)/",6300,5000,199911,1273010400,-100,true,-1.56
"DDG",140851,"/Date(1700118532000)/",6400,100,194911,1241510400,0,false,0
"DDG",140653,"/Date(1700118413000)/",6400,1000,194811,1240870400,0,false,0
"DDG",140642,"/Date(1700118402000)/",6300,7000,193811,1234470400,-100,true,-1.56
"DDG",140458,"/Date(1700118298000)/",6400,100,186811,1190370400,0,false,0
"DDG",140434,"/Date(1700118274000)/",6400,10,186711,1189730400,0,false,0
"DDG",135442,"/Date(1700117682000)/",6400,200,186701,1189666400,0,false,0
"DDG",135353,"/Date(1700117633000)/",6400,300,186501,1188386400,0,false,0
"DDG",135232,"/Date(1700117552000)/",6400,700,186201,1186466400,0,false,0
"DDG",135204,"/Date(1700117524000)/",6400,1000,185501,1181986400,0,false,0
"DDG",135129,"/Date(1700117489000)/",6400,800,184501,1175586400,0,false,0
"DDG",134921,"/Date(1700117361000)/",6400,100,183701,1170466400,0,false,0
"DDG",134829,"/Date(1700117309000)/",6300,1000,183601,1169826400,-100,true,-1.56
"DDG",134811,"/Date(1700117291000)/",6300,800,182601,1163526400,-100,true,-1.56
"DDG",134750,"/Date(1700117270000)/",6300,500,181801,1158486400,-100,true,-1.56
"DDG",134725,"/Date(1700117245000)/",6400,5000,181301,1155336400,0,false,0
"DDG",134652,"/Date(1700117212000)/",6400,3000,176301,1123336400,0,false,0
"DDG",134621,"/Date(1700117181000)/",6400,1000,173301,1104136400,0,false,0
"DDG",134608,"/Date(1700117168000)/",6400,500,172301,1097736400,0,false,0
"DDG",134556,"/Date(1700117156000)/",6400,1000,171801,1094536400,0,false,0
"DDG",134545,"/Date(1700117145000)/",6400,1500,170801,1088136400,0,false,0
"DDG",134520,"/Date(1700117120000)/",6300,1000,169301,1078536400,-100,true,-1.56
"DDG",134414,"/Date(1700117054000)/",6400,600,168301,1072236400,0,false,0
"DDG",134404,"/Date(1700117044000)/",6400,1000,167701,1068396400,0,false,0
"DDG",134319,"/Date(1700116999000)/",6400,300,166701,1061996400,0,false,0
"DDG",134310,"/Date(1700116990000)/",6400,300,166401,1060076400,0,false,0
"DDG",134244,"/Date(1700116964000)/",6400,1000,166101,1058156400,0,false,0
"DDG",134221,"/Date(1700116941000)/",6400,1000,165101,1051756400,0,false,0
"DDG",134105,"/Date(1700116865000)/",6400,1000,164101,1045356400,0,false,0
"DDG",133902,"/Date(1700116742000)/",6400,1000,163101,1038956400,0,false,0
"DDG",133755,"/Date(1700116675000)/",6400,200,162101,1032556400,0,false,0
"DDG",133513,"/Date(1700116513000)/",6400,900,161901,1031276400,0,false,0
"DDG",133318,"/Date(1700116398000)/",6300,100,161001,1025516400,-100,true,-1.56
"DDG",133210,"/Date(1700116330000)/",6300,200,160901,1024886400,-100,true,-1.56
"DDG",132906,"/Date(1700116147000)/",6400,1000,160701,1023626400,0,false,0
"DDG",132851,"/Date(1700116131000)/",6400,500,159701,1017226400,0,false,0
"DDG",132632,"/Date(1700115991000)/",6400,200,159201,1014026400,0,false,0
"DDG",132608,"/Date(1700115968000)/",6400,300,159001,1012746400,0,false,0
"DDG",132342,"/Date(1700115821000)/",6400,1500,158701,1010826400,0,false,0
"DDG",132157,"/Date(1700115717000)/",6400,2000,157201,1001226400,0,false,0
"DDG",132109,"/Date(1700115669000)/",6400,100,155201,988426400,0,false,0
"DDG",132037,"/Date(1700115637000)/",6400,600,155101,987786400,0,false,0
"DDG",132015,"/Date(1700115615000)/",6400,2000,154501,983946400,0,false,0
"DDG",131928,"/Date(1700115568000)/",6400,3500,152501,971146400,0,false,0
"DDG",131251,"/Date(1700115171000)/",6400,200,149001,948746400,0,false,0
"DDG",131042,"/Date(1700115042000)/",6400,100,148801,947466400,0,false,0
"DDG",131035,"/Date(1700115035000)/",6300,200,148701,946826400,-100,true,-1.56
"DDG",130707,"/Date(1700114827000)/",6300,2300,148501,945566400,-100,true,-1.56
"DDG",130653,"/Date(1700114813000)/",6300,800,146201,931076400,-100,true,-1.56
"DDG",130609,"/Date(1700114769000)/",6300,200,145401,926036400,-100,true,-1.56
"DDG",130536,"/Date(1700114736000)/",6300,4200,145201,924776400,-100,true,-1.56
"DDG",130511,"/Date(1700114711000)/",6300,1500,141001,898316400,-100,true,-1.56
"DDG",130420,"/Date(1700114660000)/",6300,100,139501,888866400,-100,true,-1.56
"DDG",130213,"/Date(1700114533000)/",6300,100,139401,888236400,-100,true,-1.56
"DDG",130114,"/Date(1700114474000)/",6300,1000,139301,887606400,-100,true,-1.56
"DDG",130026,"/Date(1700114408000)/",6300,1000,138301,881306400,-100,true,-1.56
"DDG",130022,"/Date(1700114405000)/",6300,23,137301,875006400,-100,true,-1.56
"DDG",130016,"/Date(1700114404000)/",6300,16500,137278,874859200,-100,true,-1.56
"DDG",130011,"/Date(1700114403000)/",6400,157,120778,770909200,0,false,0
"DDG",112703,"/Date(1700108823000)/",6300,200,120621,769904400,-100,true,-1.56
"DDG",112543,"/Date(1700108743000)/",6300,1600,120421,768644400,-100,true,-1.56
"DDG",111714,"/Date(1700108234000)/",6300,1000,118821,758564400,-100,true,-1.56
"DDG",111149,"/Date(1700107909000)/",6300,15000,117821,752264400,-100,true,-1.56
"DDG",111013,"/Date(1700107813000)/",6400,1000,102821,657764400,0,false,0
"DDG",110926,"/Date(1700107766000)/",6400,1000,101821,651364400,0,false,0
"DDG",110905,"/Date(1700107745000)/",6400,1000,100821,644964400,0,false,0
"DDG",110449,"/Date(1700107489000)/",6400,200,99821,638564400,0,false,0
"DDG",110243,"/Date(1700107363000)/",6400,100,99621,637284400,0,false,0
"DDG",110207,"/Date(1700107327000)/",6400,100,99521,636644400,0,false,0
"DDG",110137,"/Date(1700107297000)/",6400,100,99421,636004400,0,false,0
"DDG",110057,"/Date(1700107257000)/",6400,100,99321,635364400,0,false,0
"DDG",105902,"/Date(1700107142000)/",6400,100,99221,634724400,0,false,0
"DDG",105328,"/Date(1700106808000)/",6400,5000,99121,634084400,0,false,0
"DDG",105127,"/Date(1700106687000)/",6400,1000,94121,602084400,0,false,0
"DDG",104907,"/Date(1700106547000)/",6400,1000,93121,595684400,0,false,0
"DDG",104433,"/Date(1700106273000)/",6400,500,92121,589284400,0,false,0
"DDG",104400,"/Date(1700106240000)/",6400,100,91621,586084400,0,false,0
"DDG",104226,"/Date(1700106146000)/",6400,100,91521,585444400,0,false,0
"DDG",103440,"/Date(1700105680000)/",6400,100,91421,584804400,0,false,0
"DDG",103433,"/Date(1700105673000)/",6300,1000,91321,584164400,-100,true,-1.56
"DDG",102853,"/Date(1700105333000)/",6400,2000,90321,577864400,0,false,0
"DDG",102701,"/Date(1700105221000)/",6400,100,88321,565064400,0,false,0
"DDG",102501,"/Date(1700105101000)/",6400,1000,88221,564424400,0,false,0
"DDG",102315,"/Date(1700104995000)/",6400,500,87221,558024400,0,false,0
"DDG",102301,"/Date(1700104981000)/",6400,100,86721,554824400,0,false,0
"DDG",102115,"/Date(1700104875000)/",6400,100,86621,554184400,0,false,0
"DDG",101653,"/Date(1700104613000)/",6400,100,86521,553544400,0,false,0
"DDG",100851,"/Date(1700104131000)/",6400,500,86421,552904400,0,false,0
"DDG",100824,"/Date(1700104104000)/",6400,100,85921,549704400,0,false,0
"DDG",100823,"/Date(1700104103000)/",6400,1000,85821,549064400,0,false,0
"DDG",100751,"/Date(1700104071000)/",6400,2000,84821,542664400,0,false,0
"DDG",100701,"/Date(1700104021000)/",6400,100,82821,529864400,0,false,0
"DDG",100700,"/Date(1700104020000)/",6400,10,82721,529224400,0,false,0
"DDG",100643,"/Date(1700104003000)/",6400,700,82711,529160400,0,false,0
"DDG",100518,"/Date(1700103918000)/",6400,400,82011,524680400,0,false,0
"DDG",100445,"/Date(1700103886000)/",6400,1000,81611,522120400,0,false,0
"DDG",100147,"/Date(1700103708000)/",6400,100,80611,515720400,0,false,0
"DDG",100138,"/Date(1700103698000)/",6400,10,80511,515080400,0,false,0
"DDG",100116,"/Date(1700103677000)/",6400,3000,80501,515016400,0,false,0
"DDG",95812,"/Date(1700103493000)/",6400,300,77501,495816400,0,false,0
"DDG",95753,"/Date(1700103474000)/",6400,100,77201,493896400,0,false,0
"DDG",95743,"/Date(1700103464000)/",6400,200,77101,493256400,0,false,0
"DDG",95740,"/Date(1700103460000)/",6400,100,76901,491976400,0,false,0
"DDG",95727,"/Date(1700103447000)/",6400,500,76801,491336400,0,false,0
"DDG",95624,"/Date(1700103384000)/",6400,100,76301,488136400,0,false,0
"DDG",95528,"/Date(1700103328000)/",6400,300,76201,487496400,0,false,0
"DDG",95519,"/Date(1700103319000)/",6400,300,75901,485576400,0,false,0
"DDG",95502,"/Date(1700103302000)/",6400,2600,75601,483656400,0,false,0
"DDG",95400,"/Date(1700103240000)/",6400,100,73001,467016400,0,false,0
"DDG",95139,"/Date(1700103099000)/",6400,23000,72901,466376400,0,false,0
"DDG",95119,"/Date(1700103079000)/",6300,100,49901,319176400,-100,true,-1.56
"DDG",95042,"/Date(1700103042000)/",6400,5000,49801,318546400,0,false,0
"DDG",94842,"/Date(1700102922000)/",6400,2000,44801,286546400,0,false,0
"DDG",94836,"/Date(1700102916000)/",6400,500,42801,273746400,0,false,0
"DDG",94817,"/Date(1700102897000)/",6400,100,42301,270546400,0,false,0
"DDG",94715,"/Date(1700102835000)/",6300,1000,42201,269906400,-100,true,-1.56
"DDG",94705,"/Date(1700102825000)/",6400,100,41201,263606400,0,false,0
"DDG",94532,"/Date(1700102732000)/",6300,100,41101,262966400,-100,true,-1.56
"DDG",94055,"/Date(1700102455000)/",6400,100,41001,262336400,0,false,0
"DDG",94033,"/Date(1700102433000)/",6400,2300,40901,261696400,0,false,0
"DDG",93807,"/Date(1700102287000)/",6400,1,38601,246976400,0,false,0
"DDG",93759,"/Date(1700102279000)/",6400,100,38600,246970000,0,false,0
"DDG",93722,"/Date(1700102242000)/",6400,100,38500,246330000,0,false,0
"DDG",93712,"/Date(1700102232000)/",6300,200,38400,245690000,-100,true,-1.56
"DDG",93532,"/Date(1700102132000)/",6400,200,38200,244430000,0,false,0
"DDG",93337,"/Date(1700102017000)/",6400,100,38000,243150000,0,false,0
"DDG",93303,"/Date(1700101983000)/",6400,500,37900,242510000,0,false,0
"DDG",93153,"/Date(1700101913000)/",6400,100,37400,239310000,0,false,0
"DDG",93109,"/Date(1700101869000)/",6400,1000,37300,238670000,0,false,0
"DDG",93051,"/Date(1700101851000)/",6400,2000,36300,232270000,0,false,0
"DDG",93046,"/Date(1700101846000)/",6400,1000,34300,219470000,0,false,0
"DDG",93028,"/Date(1700101828000)/",6400,1100,33300,213070000,0,false,0
"DDG",93001,"/Date(1700101801000)/",6400,100,32200,206030000,0,false,0
"DDG",92940,"/Date(1700101780000)/",6400,200,32100,205390000,0,false,0
"DDG",92933,"/Date(1700101773000)/",6400,2200,31900,204110000,0,false,0
"DDG",92924,"/Date(1700101764000)/",6400,1000,29700,190030000,0,false,0
"DDG",92850,"/Date(1700101730000)/",6400,1000,28700,183630000,0,false,0
"DDG",92818,"/Date(1700101698000)/",6400,100,27700,177230000,0,false,0
"DDG",92751,"/Date(1700101671000)/",6400,3000,27600,176590000,0,false,0
"DDG",92628,"/Date(1700101588000)/",6400,5200,24600,157390000,0,false,0
"DDG",92547,"/Date(1700101547000)/",6400,100,19400,124110000,0,false,0
"DDG",92504,"/Date(1700101504000)/",6400,100,19300,123470000,0,false,0
"DDG",92041,"/Date(1700101242000)/",6400,100,19200,122830000,0,false,0
"DDG",92022,"/Date(1700101223000)/",6300,200,19100,122190000,-100,true,-1.56
"DDG",92004,"/Date(1700101205000)/",6300,200,18900,120930000,-100,true,-1.56
"DDG",91939,"/Date(1700101180000)/",6400,100,18700,119670000,0,false,0
"DDG",91845,"/Date(1700101126000)/",6400,2000,18600,119030000,0,false,0
"DDG",91832,"/Date(1700101113000)/",6400,1000,16600,106230000,0,false,0
"DDG",91825,"/Date(1700101106000)/",6400,1000,15600,99830000,0,false,0
"DDG",91812,"/Date(1700101093000)/",6300,200,14600,93430000,-100,true,-1.56
"DDG",91811,"/Date(1700101092000)/",6400,1000,14400,92170000,0,false,0
"DDG",91604,"/Date(1700100965000)/",6400,2000,13400,85770000,0,false,0
"DDG",91527,"/Date(1700100928000)/",6400,1000,11400,72970000,0,false,0
"DDG",91520,"/Date(1700100921000)/",6400,100,10400,66570000,0,false,0
"DDG",91438,"/Date(1700100879000)/",6500,100,10300,65930000,100,false,1.56
"DDG",91420,"/Date(1700100861000)/",6400,2900,10200,65280000,0,false,0
"DDG",91405,"/Date(1700100845000)/",6400,100,7300,46720000,0,false,0
"DDG",91338,"/Date(1700100818000)/",6400,700,7200,46080000,0,false,0
"DDG",91319,"/Date(1700100799000)/",6400,300,6500,41600000,0,true,0
"DDG",91303,"/Date(1700100783000)/",6400,100,6200,39680000,0,true,0
"DDG",91222,"/Date(1700100742000)/",6400,200,6100,39040000,0,false,0
"DDG",91158,"/Date(1700100718000)/",6400,100,5900,37760000,0,false,0
"DDG",91048,"/Date(1700100648000)/",6400,300,5800,37120000,0,false,0
"DDG",90955,"/Date(1700100595000)/",6400,3200,5500,35200000,0,false,0
"DDG",90817,"/Date(1700100497000)/",6400,1100,2300,14720000,0,false,0
"DDG",90521,"/Date(1700100321000)/",6400,200,1200,7680000,0,false,0
"DDG",90126,"/Date(1700100061000)/",6400,100,1000,6400000,0,false,0
"DDG",90111,"/Date(1700100029000)/",6400,100,900,5760000,0,false,0
"DDG",90048,"/Date(1700100013000)/",6400,100,800,5120000,0,false,0
"DDG",90041,"/Date(1700100010000)/",6400,200,700,4480000,0,false,0
"DDG",90037,"/Date(1700100009000)/",6400,500,500,3200000,0,false,0
