"Stockcode","Package","TradingDate","Price","Vol","TotalVol","TotalVal","Change","IsBuy","PerChange"
"HQC",144425,"/Date(1700120701000)/",3600,534200,11966700,42553000000,110,false,3.15
"HQC",142920,"/Date(1700119797000)/",3590,700,11432500,40630000000,100,false,2.87
"HQC",142920,"/Date(1700119797000)/",3590,500,11431800,40628000000,100,false,2.87
"HQC",142917,"/Date(1700119793000)/",3590,200,11431300,40626000000,100,false,2.87
"HQC",142917,"/Date(1700119792000)/",3590,100,11431100,40625000000,100,false,2.87
"HQC",142917,"/Date(1700119792000)/",3590,400,11431000,40625000000,100,false,2.87
"HQC",142917,"/Date(1700119792000)/",3590,500,11430600,40623000000,100,false,2.87
"HQC",142917,"/Date(1700119792000)/",3590,100,11430100,40622000000,100,false,2.87
"HQC",142917,"/Date(1700119792000)/",3590,1000,11430000,40621000000,100,false,2.87
"HQC",142917,"/Date(1700119792000)/",3590,2000,11429000,40618000000,100,false,2.87
"HQC",142917,"/Date(1700119792000)/",3590,1000,11427000,40611000000,100,false,2.87
"HQC",142917,"/Date(1700119792000)/",3590,200,11426000,40607000000,100,false,2.87
"HQC",142917,"/Date(1700119792000)/",3590,700,11425800,40606000000,100,false,2.87
"HQC",142917,"/Date(1700119792000)/",3590,400,11425100,40604000000,100,false,2.87
"HQC",142917,"/Date(1700119792000)/",3590,300,11424700,40602000000,100,false,2.87
"HQC",142917,"/Date(1700119792000)/",3590,3000,11424400,40601000000,100,false,2.87
"HQC",142917,"/Date(1700119792000)/",3590,400,11421400,40590000000,100,false,2.87
"HQC",142917,"/Date(1700119792000)/",3590,100,11421000,40589000000,100,false,2.87
"HQC",142914,"/Date(1700119791000)/",3590,8000,11420900,40589000000,100,false,2.87
"HQC",142914,"/Date(1700119789000)/",3590,2900,11412900,40560000000,100,false,2.87
"HQC",142914,"/Date(1700119789000)/",3590,8600,11410000,40550000000,100,false,2.87
"HQC",142914,"/Date(1700119789000)/",3590,1000,11401400,40519000000,100,false,2.87
"HQC",142914,"/Date(1700119789000)/",3590,200,11400400,40515000000,100,false,2.87
"HQC",142914,"/Date(1700119789000)/",3590,200,11400200,40514000000,100,false,2.87
"HQC",142911,"/Date(1700119786000)/",3590,800,11400000,40514000000,100,false,2.87
"HQC",142911,"/Date(1700119786000)/",3590,100,11399200,40511000000,100,false,2.87
"HQC",142911,"/Date(1700119786000)/",3590,600,11399100,40510000000,100,false,2.87
"HQC",142911,"/Date(1700119786000)/",3590,2000,11398500,40508000000,100,false,2.87
"HQC",142911,"/Date(1700119786000)/",3590,100,11396500,40501000000,100,false,2.87
"HQC",142911,"/Date(1700119786000)/",3590,10000,11396400,40501000000,100,false,2.87
"HQC",142911,"/Date(1700119786000)/",3590,2000,11386400,40465000000,100,false,2.87
"HQC",142911,"/Date(1700119786000)/",3590,5000,11384400,40458000000,100,false,2.87
"HQC",142911,"/Date(1700119786000)/",3590,100,11379400,40440000000,100,false,2.87
"HQC",142911,"/Date(1700119786000)/",3590,200,11379300,40439000000,100,false,2.87
"HQC",142911,"/Date(1700119786000)/",3590,100,11379100,40439000000,100,false,2.87
"HQC",142911,"/Date(1700119786000)/",3590,1000,11379000,40438000000,100,false,2.87
"HQC",142911,"/Date(1700119786000)/",3590,200,11378000,40435000000,100,false,2.87
"HQC",142911,"/Date(1700119786000)/",3590,400,11377800,40434000000,100,false,2.87
"HQC",142911,"/Date(1700119786000)/",3590,1000,11377400,40432000000,100,false,2.87
"HQC",142911,"/Date(1700119786000)/",3590,1000,11376400,40429000000,100,false,2.87
"HQC",142911,"/Date(1700119786000)/",3590,100,11375400,40425000000,100,false,2.87
"HQC",142911,"/Date(1700119786000)/",3590,6000,11375300,40425000000,100,false,2.87
"HQC",142911,"/Date(1700119786000)/",3590,1000,11369300,40403000000,100,false,2.87
"HQC",142911,"/Date(1700119786000)/",3590,15000,11368300,40400000000,100,false,2.87
"HQC",142911,"/Date(1700119786000)/",3590,10000,11353300,40346000000,100,false,2.87
"HQC",142911,"/Date(1700119786000)/",3590,300,11343300,40310000000,100,false,2.87
"HQC",142911,"/Date(1700119786000)/",3590,100,11343000,40309000000,100,false,2.87
"HQC",142911,"/Date(1700119786000)/",3590,1000,11342900,40309000000,100,false,2.87
"HQC",142911,"/Date(1700119786000)/",3590,200,11341900,40305000000,100,false,2.87
"HQC",142911,"/Date(1700119786000)/",3590,1000,11341700,40304000000,100,false,2.87
"HQC",142911,"/Date(1700119786000)/",3590,5000,11340700,40301000000,100,false,2.87
"HQC",142911,"/Date(1700119786000)/",3590,5000,11335700,40283000000,100,false,2.87
"HQC",142911,"/Date(1700119786000)/",3590,500,11330700,40265000000,100,false,2.87
"HQC",142911,"/Date(1700119786000)/",3590,500,11330200,40263000000,100,false,2.87
"HQC",142911,"/Date(1700119786000)/",3590,1000,11329700,40261000000,100,false,2.87
"HQC",142911,"/Date(1700119786000)/",3590,300,11328700,40258000000,100,false,2.87
"HQC",142911,"/Date(1700119786000)/",3590,500,11328400,40257000000,100,false,2.87
"HQC",142911,"/Date(1700119786000)/",3590,1000,11327900,40255000000,100,false,2.87
"HQC",142911,"/Date(1700119786000)/",3590,100,11326900,40251000000,100,false,2.87
"HQC",142911,"/Date(1700119786000)/",3590,100,11326800,40251000000,100,false,2.87
"HQC",142911,"/Date(1700119786000)/",3590,100,11326700,40250000000,100,false,2.87
"HQC",142911,"/Date(1700119786000)/",3590,100,11326600,40250000000,100,false,2.87
"HQC",142911,"/Date(1700119786000)/",3590,100,11326500,40250000000,100,false,2.87
"HQC",142911,"/Date(1700119786000)/",3590,100,11326400,40249000000,100,false,2.87
"HQC",142911,"/Date(1700119786000)/",3590,100,11326300,40249000000,100,false,2.87
"HQC",142911,"/Date(1700119786000)/",3590,100,11326200,40249000000,100,false,2.87
"HQC",142911,"/Date(1700119786000)/",3590,100,11326100,40248000000,100,false,2.87
"HQC",142911,"/Date(1700119786000)/",3590,500,11326000,40248000000,100,false,2.87
"HQC",142911,"/Date(1700119786000)/",3590,100,11325500,40246000000,100,false,2.87
"HQC",142911,"/Date(1700119786000)/",3590,1700,11325400,40246000000,100,false,2.87
"HQC",142911,"/Date(1700119786000)/",3590,600,11323700,40240000000,100,false,2.87
"HQC",142911,"/Date(1700119786000)/",3590,1000,11323100,40238000000,100,false,2.87
"HQC",142911,"/Date(1700119786000)/",3590,100,11322100,40234000000,100,false,2.87
"HQC",142911,"/Date(1700119786000)/",3590,100,11322000,40234000000,100,false,2.87
"HQC",142911,"/Date(1700119786000)/",3590,5000,11321900,40233000000,100,false,2.87
"HQC",142911,"/Date(1700119786000)/",3590,200,11316900,40215000000,100,false,2.87
"HQC",142911,"/Date(1700119786000)/",3590,200,11316700,40215000000,100,false,2.87
"HQC",142911,"/Date(1700119786000)/",3590,16500,11316500,40214000000,100,false,2.87
"HQC",142911,"/Date(1700119785000)/",3590,3000,11300000,40155000000,100,false,2.87
"HQC",142901,"/Date(1700119778000)/",3590,5000,11297000,40144000000,100,false,2.87
"HQC",142901,"/Date(1700119777000)/",3590,100,11292000,40126000000,100,false,2.87
"HQC",142901,"/Date(1700119776000)/",3590,1000,11291900,40126000000,100,false,2.87
"HQC",142858,"/Date(1700119775000)/",3590,12000,11290900,40122000000,100,false,2.87
"HQC",142858,"/Date(1700119775000)/",3580,500,11278900,40079000000,90,true,2.58
"HQC",142854,"/Date(1700119772000)/",3590,100,11278400,40077000000,100,false,2.87
"HQC",142851,"/Date(1700119768000)/",3580,100,11278300,40077000000,90,true,2.58
"HQC",142851,"/Date(1700119768000)/",3580,200,11278200,40076000000,90,true,2.58
"HQC",142835,"/Date(1700119750000)/",3590,100,11278000,40076000000,100,false,2.87
"HQC",142826,"/Date(1700119742000)/",3580,100,11277900,40075000000,90,true,2.58
"HQC",142826,"/Date(1700119740000)/",3580,1500,11277800,40075000000,90,true,2.58
"HQC",142819,"/Date(1700119735000)/",3580,1000,11276300,40070000000,90,true,2.58
"HQC",142816,"/Date(1700119733000)/",3590,100,11275300,40066000000,100,false,2.87
"HQC",142810,"/Date(1700119726000)/",3580,3500,11275200,40066000000,90,true,2.58
"HQC",142803,"/Date(1700119720000)/",3580,500,11271700,40053000000,90,true,2.58
"HQC",142800,"/Date(1700119717000)/",3580,1000,11271200,40051000000,90,true,2.58
"HQC",142757,"/Date(1700119713000)/",3590,1800,11270200,40048000000,100,false,2.87
"HQC",142744,"/Date(1700119700000)/",3590,600,11268400,40041000000,100,false,2.87
"HQC",142728,"/Date(1700119685000)/",3580,600,11267800,40039000000,90,false,2.58
"HQC",142728,"/Date(1700119683000)/",3580,400,11267200,40037000000,90,false,2.58
"HQC",142728,"/Date(1700119683000)/",3580,1000,11266800,40036000000,90,false,2.58
"HQC",142728,"/Date(1700119683000)/",3580,3600,11265800,40032000000,90,false,2.58
"HQC",142725,"/Date(1700119681000)/",3580,2000,11262200,40019000000,90,false,2.58
"HQC",142725,"/Date(1700119680000)/",3580,2400,11260200,40012000000,90,false,2.58
"HQC",142725,"/Date(1700119680000)/",3580,1300,11257800,40003000000,90,false,2.58
"HQC",142725,"/Date(1700119680000)/",3580,400,11256500,39999000000,90,false,2.58
"HQC",142725,"/Date(1700119680000)/",3580,5900,11256100,39997000000,90,false,2.58
"HQC",142725,"/Date(1700119679000)/",3580,4100,11250200,39976000000,90,false,2.58
"HQC",142725,"/Date(1700119679000)/",3580,5900,11246100,39961000000,90,false,2.58
"HQC",142722,"/Date(1700119677000)/",3580,9100,11240200,39940000000,90,false,2.58
"HQC",142722,"/Date(1700119677000)/",3580,1000,11231100,39908000000,90,false,2.58
"HQC",142722,"/Date(1700119677000)/",3580,100,11230100,39904000000,90,false,2.58
"HQC",142722,"/Date(1700119677000)/",3580,200,11230000,39904000000,90,false,2.58
"HQC",142722,"/Date(1700119677000)/",3580,500,11229800,39903000000,90,false,2.58
"HQC",142722,"/Date(1700119677000)/",3580,1000,11229300,39901000000,90,false,2.58
"HQC",142722,"/Date(1700119677000)/",3580,1000,11228300,39898000000,90,false,2.58
"HQC",142722,"/Date(1700119677000)/",3580,500,11227300,39894000000,90,false,2.58
"HQC",142722,"/Date(1700119677000)/",3580,200,11226800,39892000000,90,false,2.58
"HQC",142722,"/Date(1700119677000)/",3580,4800,11226600,39892000000,90,false,2.58
"HQC",142722,"/Date(1700119677000)/",3580,100,11221800,39874000000,90,false,2.58
"HQC",142722,"/Date(1700119677000)/",3580,500,11221700,39874000000,90,false,2.58
"HQC",142722,"/Date(1700119677000)/",3580,2600,11221200,39872000000,90,false,2.58
"HQC",142722,"/Date(1700119677000)/",3580,8400,11218600,39863000000,90,false,2.58
"HQC",142719,"/Date(1700119676000)/",3580,1600,11210200,39833000000,90,false,2.58
"HQC",142719,"/Date(1700119676000)/",3580,1000,11208600,39827000000,90,false,2.58
"HQC",142719,"/Date(1700119676000)/",3580,300,11207600,39824000000,90,false,2.58
"HQC",142719,"/Date(1700119676000)/",3580,200,11207300,39823000000,90,false,2.58
"HQC",142719,"/Date(1700119676000)/",3580,900,11207100,39822000000,90,false,2.58
"HQC",142719,"/Date(1700119676000)/",3580,2000,11206200,39819000000,90,false,2.58
"HQC",142719,"/Date(1700119676000)/",3580,300,11204200,39811000000,90,false,2.58
"HQC",142719,"/Date(1700119676000)/",3580,300,11203900,39810000000,90,false,2.58
"HQC",142719,"/Date(1700119676000)/",3580,100,11203600,39809000000,90,false,2.58
"HQC",142719,"/Date(1700119676000)/",3580,3300,11203500,39809000000,90,false,2.58
"HQC",142719,"/Date(1700119676000)/",3580,3700,11200200,39797000000,90,false,2.58
"HQC",142719,"/Date(1700119676000)/",3580,300,11196500,39784000000,90,false,2.58
"HQC",142719,"/Date(1700119676000)/",3580,2000,11196200,39783000000,90,false,2.58
"HQC",142719,"/Date(1700119676000)/",3580,1000,11194200,39776000000,90,false,2.58
"HQC",142719,"/Date(1700119676000)/",3580,600,11193200,39772000000,90,false,2.58
"HQC",142719,"/Date(1700119676000)/",3580,2400,11192600,39770000000,90,false,2.58
"HQC",142719,"/Date(1700119675000)/",3580,700,11190200,39761000000,90,false,2.58
"HQC",142719,"/Date(1700119675000)/",3580,100,11189500,39759000000,90,false,2.58
"HQC",142719,"/Date(1700119675000)/",3580,200,11189400,39758000000,90,false,2.58
"HQC",142719,"/Date(1700119674000)/",3580,1800,11189200,39758000000,90,false,2.58
"HQC",142719,"/Date(1700119674000)/",3580,2000,11187400,39751000000,90,false,2.58
"HQC",142719,"/Date(1700119674000)/",3580,200,11185400,39744000000,90,false,2.58
"HQC",142719,"/Date(1700119674000)/",3580,10000,11185200,39743000000,90,false,2.58
"HQC",142719,"/Date(1700119674000)/",3580,200,11175200,39708000000,90,false,2.58
"HQC",142719,"/Date(1700119674000)/",3580,1000,11175000,39707000000,90,false,2.58
"HQC",142719,"/Date(1700119674000)/",3580,100,11174000,39703000000,90,false,2.58
"HQC",142719,"/Date(1700119674000)/",3580,3800,11173900,39703000000,90,false,2.58
"HQC",142719,"/Date(1700119674000)/",3580,5000,11170100,39689000000,90,false,2.58
"HQC",142719,"/Date(1700119674000)/",3580,20000,11165100,39671000000,90,false,2.58
"HQC",142719,"/Date(1700119674000)/",3580,500,11145100,39600000000,90,false,2.58
"HQC",142719,"/Date(1700119674000)/",3580,400,11144600,39598000000,90,false,2.58
"HQC",142719,"/Date(1700119674000)/",3580,100,11144200,39597000000,90,false,2.58
"HQC",142719,"/Date(1700119674000)/",3580,20000,11144100,39596000000,90,false,2.58
"HQC",142719,"/Date(1700119674000)/",3580,1000,11124100,39525000000,90,false,2.58
"HQC",142719,"/Date(1700119674000)/",3580,500,11123100,39521000000,90,false,2.58
"HQC",142719,"/Date(1700119674000)/",3580,3000,11122600,39519000000,90,false,2.58
"HQC",142719,"/Date(1700119674000)/",3580,4000,11119600,39509000000,90,false,2.58
"HQC",142719,"/Date(1700119674000)/",3580,100,11115600,39494000000,90,false,2.58
"HQC",142719,"/Date(1700119674000)/",3580,5000,11115500,39494000000,90,false,2.58
"HQC",142719,"/Date(1700119674000)/",3580,15000,11110500,39476000000,90,false,2.58
"HQC",142719,"/Date(1700119674000)/",3580,300,11095500,39422000000,90,false,2.58
"HQC",142719,"/Date(1700119674000)/",3580,100,11095200,39421000000,90,false,2.58
"HQC",142719,"/Date(1700119674000)/",3580,2500,11095100,39421000000,90,false,2.58
"HQC",142719,"/Date(1700119674000)/",3580,1000,11092600,39412000000,90,false,2.58
"HQC",142719,"/Date(1700119674000)/",3580,100,11091600,39408000000,90,false,2.58
"HQC",142719,"/Date(1700119674000)/",3580,100,11091500,39408000000,90,false,2.58
"HQC",142719,"/Date(1700119674000)/",3580,100,11091400,39408000000,90,false,2.58
"HQC",142719,"/Date(1700119674000)/",3580,100,11091300,39407000000,90,false,2.58
"HQC",142719,"/Date(1700119674000)/",3580,100,11091200,39407000000,90,false,2.58
"HQC",142719,"/Date(1700119674000)/",3580,1900,11091100,39407000000,90,false,2.58
"HQC",142715,"/Date(1700119671000)/",3580,2100,11089200,39400000000,90,false,2.58
"HQC",142715,"/Date(1700119671000)/",3580,2000,11087100,39392000000,90,false,2.58
"HQC",142715,"/Date(1700119671000)/",3580,900,11085100,39385000000,90,false,2.58
"HQC",142709,"/Date(1700119665000)/",3580,100,11084200,39382000000,90,false,2.58
"HQC",142709,"/Date(1700119665000)/",3580,12000,11084100,39381000000,90,false,2.58
"HQC",142709,"/Date(1700119665000)/",3580,1000,11072100,39339000000,90,false,2.58
"HQC",142653,"/Date(1700119648000)/",3570,1000,11071100,39335000000,80,true,2.29
"HQC",142618,"/Date(1700119609000)/",3570,13100,11070100,39331000000,80,true,2.29
"HQC",142618,"/Date(1700119609000)/",3570,7400,11057000,39285000000,80,true,2.29
"HQC",142618,"/Date(1700119609000)/",3570,1000,11049600,39258000000,80,true,2.29
"HQC",142618,"/Date(1700119609000)/",3570,500,11048600,39255000000,80,true,2.29
"HQC",142618,"/Date(1700119609000)/",3570,600,11048100,39253000000,80,true,2.29
"HQC",142618,"/Date(1700119609000)/",3570,500,11047500,39251000000,80,true,2.29
"HQC",142618,"/Date(1700119609000)/",3570,2000,11047000,39249000000,80,true,2.29
"HQC",142618,"/Date(1700119609000)/",3570,10000,11045000,39242000000,80,true,2.29
"HQC",142618,"/Date(1700119609000)/",3570,100,11035000,39206000000,80,true,2.29
"HQC",142618,"/Date(1700119609000)/",3570,4000,11034900,39206000000,80,true,2.29
"HQC",142618,"/Date(1700119609000)/",3570,600,11030900,39191000000,80,true,2.29
"HQC",142618,"/Date(1700119609000)/",3570,5000,11030300,39189000000,80,true,2.29
"HQC",142618,"/Date(1700119609000)/",3570,2100,11025300,39171000000,80,true,2.29
"HQC",142618,"/Date(1700119609000)/",3570,700,11023200,39164000000,80,true,2.29
"HQC",142614,"/Date(1700119607000)/",3580,300,11022500,39161000000,90,false,2.58
"HQC",142555,"/Date(1700119589000)/",3580,5000,11022200,39160000000,90,false,2.58
"HQC",142552,"/Date(1700119588000)/",3580,2700,11017200,39142000000,90,false,2.58
"HQC",142552,"/Date(1700119588000)/",3580,300,11014500,39133000000,90,false,2.58
"HQC",142552,"/Date(1700119588000)/",3580,1000,11014200,39132000000,90,false,2.58
"HQC",142552,"/Date(1700119586000)/",3580,2000,11013200,39128000000,90,false,2.58
"HQC",142542,"/Date(1700119578000)/",3580,30000,11011200,39121000000,90,false,2.58
"HQC",142542,"/Date(1700119577000)/",3580,2000,10981200,39014000000,90,false,2.58
"HQC",142536,"/Date(1700119570000)/",3580,18000,10979200,39006000000,90,false,2.58
"HQC",142536,"/Date(1700119570000)/",3580,200,10961200,38942000000,90,false,2.58
"HQC",142536,"/Date(1700119570000)/",3580,2000,10961000,38941000000,90,false,2.58
"HQC",142536,"/Date(1700119570000)/",3580,7600,10959000,38934000000,90,false,2.58
"HQC",142536,"/Date(1700119570000)/",3580,200,10951400,38907000000,90,false,2.58
"HQC",142529,"/Date(1700119566000)/",3580,100,10951200,38906000000,90,false,2.58
"HQC",142529,"/Date(1700119566000)/",3580,4900,10951100,38906000000,90,false,2.58
"HQC",142529,"/Date(1700119563000)/",3580,4200,10946200,38888000000,90,false,2.58
"HQC",142520,"/Date(1700119555000)/",3580,1000,10942000,38873000000,90,false,2.58
"HQC",142507,"/Date(1700119542000)/",3580,11700,10941000,38870000000,90,false,2.58
"HQC",142507,"/Date(1700119542000)/",3580,300,10929300,38828000000,90,false,2.58
"HQC",142507,"/Date(1700119542000)/",3580,500,10929000,38827000000,90,false,2.58
"HQC",142507,"/Date(1700119542000)/",3580,10000,10928500,38825000000,90,false,2.58
"HQC",142507,"/Date(1700119542000)/",3580,200,10918500,38789000000,90,false,2.58
"HQC",142507,"/Date(1700119542000)/",3580,500,10918300,38788000000,90,false,2.58
"HQC",142507,"/Date(1700119542000)/",3580,1000,10917800,38787000000,90,false,2.58
"HQC",142507,"/Date(1700119542000)/",3580,100,10916800,38783000000,90,false,2.58
"HQC",142507,"/Date(1700119542000)/",3580,200,10916700,38783000000,90,false,2.58
"HQC",142507,"/Date(1700119542000)/",3580,500,10916500,38782000000,90,false,2.58
"HQC",142504,"/Date(1700119539000)/",3580,2000,10916000,38780000000,90,false,2.58
"HQC",142500,"/Date(1700119535000)/",3580,200,10914000,38773000000,90,false,2.58
"HQC",142451,"/Date(1700119526000)/",3580,300,10913800,38772000000,90,false,2.58
"HQC",142451,"/Date(1700119526000)/",3580,300,10913500,38771000000,90,false,2.58
"HQC",142451,"/Date(1700119526000)/",3580,500,10913200,38770000000,90,false,2.58
"HQC",142451,"/Date(1700119526000)/",3580,100,10912700,38768000000,90,false,2.58
"HQC",142451,"/Date(1700119526000)/",3580,500,10912600,38768000000,90,false,2.58
"HQC",142451,"/Date(1700119526000)/",3580,500,10912100,38766000000,90,false,2.58
"HQC",142451,"/Date(1700119526000)/",3580,200,10911600,38764000000,90,false,2.58
"HQC",142451,"/Date(1700119526000)/",3580,400,10911400,38764000000,90,false,2.58
"HQC",142448,"/Date(1700119523000)/",3580,10000,10911000,38762000000,90,false,2.58
"HQC",142448,"/Date(1700119523000)/",3580,100,10901000,38726000000,90,false,2.58
"HQC",142448,"/Date(1700119523000)/",3580,500,10900900,38726000000,90,false,2.58
"HQC",142448,"/Date(1700119523000)/",3580,1000,10900400,38724000000,90,false,2.58
"HQC",142448,"/Date(1700119523000)/",3580,200,10899400,38721000000,90,false,2.58
"HQC",142448,"/Date(1700119523000)/",3580,5000,10899200,38720000000,90,false,2.58
"HQC",142448,"/Date(1700119523000)/",3580,1000,10894200,38702000000,90,false,2.58
"HQC",142448,"/Date(1700119523000)/",3580,1000,10893200,38699000000,90,false,2.58
"HQC",142448,"/Date(1700119523000)/",3580,400,10892200,38695000000,90,false,2.58
"HQC",142448,"/Date(1700119523000)/",3580,800,10891800,38694000000,90,false,2.58
"HQC",142441,"/Date(1700119518000)/",3580,200,10891000,38691000000,90,false,2.58
"HQC",142441,"/Date(1700119518000)/",3580,1800,10890800,38690000000,90,false,2.58
"HQC",142419,"/Date(1700119495000)/",3580,10000,10889000,38683000000,90,false,2.58
"HQC",142347,"/Date(1700119462000)/",3580,1000,10879000,38648000000,90,false,2.58
"HQC",142343,"/Date(1700119459000)/",3570,5000,10878000,38644000000,80,true,2.29
"HQC",142334,"/Date(1700119450000)/",3570,200,10873000,38626000000,80,true,2.29
"HQC",142318,"/Date(1700119432000)/",3570,4000,10872800,38626000000,80,true,2.29
"HQC",142318,"/Date(1700119432000)/",3580,100,10868800,38611000000,90,false,2.58
"HQC",142259,"/Date(1700119414000)/",3570,300,10868700,38611000000,80,false,2.29
"HQC",142259,"/Date(1700119414000)/",3570,19800,10868400,38610000000,80,false,2.29
"HQC",142259,"/Date(1700119413000)/",3570,100,10848600,38539000000,80,false,2.29
"HQC",142252,"/Date(1700119407000)/",3560,1000,10848500,38539000000,70,true,2.01
"HQC",142252,"/Date(1700119406000)/",3570,100,10847500,38535000000,80,false,2.29
"HQC",142252,"/Date(1700119406000)/",3570,1200,10847400,38535000000,80,false,2.29
"HQC",142252,"/Date(1700119406000)/",3570,200,10846200,38531000000,80,false,2.29
"HQC",142252,"/Date(1700119406000)/",3570,1000,10846000,38530000000,80,false,2.29
"HQC",142252,"/Date(1700119406000)/",3570,500,10845000,38526000000,80,false,2.29
"HQC",142252,"/Date(1700119406000)/",3570,300,10844500,38525000000,80,false,2.29
"HQC",142252,"/Date(1700119406000)/",3570,1000,10844200,38523000000,80,false,2.29
"HQC",142252,"/Date(1700119406000)/",3570,100,10843200,38520000000,80,false,2.29
"HQC",142252,"/Date(1700119406000)/",3570,2000,10843100,38520000000,80,false,2.29
"HQC",142252,"/Date(1700119406000)/",3570,1700,10841100,38512000000,80,false,2.29
"HQC",142252,"/Date(1700119406000)/",3570,2000,10839400,38506000000,80,false,2.29
"HQC",142252,"/Date(1700119406000)/",3570,1000,10837400,38499000000,80,false,2.29
"HQC",142252,"/Date(1700119406000)/",3570,500,10836400,38496000000,80,false,2.29
"HQC",142252,"/Date(1700119406000)/",3570,100,10835900,38494000000,80,false,2.29
"HQC",142246,"/Date(1700119400000)/",3570,2800,10835800,38493000000,80,false,2.29
"HQC",142246,"/Date(1700119400000)/",3570,11500,10833000,38483000000,80,false,2.29
"HQC",142239,"/Date(1700119396000)/",3570,6200,10821500,38442000000,80,false,2.29
"HQC",142233,"/Date(1700119389000)/",3570,100,10815300,38420000000,80,false,2.29
"HQC",142227,"/Date(1700119382000)/",3570,5000,10815200,38420000000,80,false,2.29
"HQC",142223,"/Date(1700119380000)/",3570,1000,10810200,38402000000,80,false,2.29
"HQC",142220,"/Date(1700119375000)/",3570,500,10809200,38399000000,80,false,2.29
"HQC",142217,"/Date(1700119371000)/",3570,1800,10808700,38397000000,80,false,2.29
"HQC",142217,"/Date(1700119371000)/",3570,3200,10806900,38390000000,80,false,2.29
"HQC",142207,"/Date(1700119363000)/",3570,600,10803700,38379000000,80,false,2.29
"HQC",142204,"/Date(1700119361000)/",3570,2500,10803100,38377000000,80,false,2.29
"HQC",142155,"/Date(1700119351000)/",3560,8900,10800600,38368000000,70,true,2.01
"HQC",142155,"/Date(1700119351000)/",3560,900,10791700,38336000000,70,true,2.01
"HQC",142155,"/Date(1700119351000)/",3560,2800,10790800,38333000000,70,true,2.01
"HQC",142155,"/Date(1700119351000)/",3560,8000,10788000,38323000000,70,true,2.01
"HQC",142148,"/Date(1700119345000)/",3570,3700,10780000,38294000000,80,false,2.29
"HQC",142148,"/Date(1700119345000)/",3570,100,10776300,38281000000,80,false,2.29
"HQC",142148,"/Date(1700119345000)/",3570,1000,10776200,38281000000,80,false,2.29
"HQC",142148,"/Date(1700119345000)/",3570,100,10775200,38277000000,80,false,2.29
"HQC",142148,"/Date(1700119345000)/",3570,5100,10775100,38277000000,80,false,2.29
"HQC",142145,"/Date(1700119342000)/",3570,100,10770000,38259000000,80,false,2.29
"HQC",142120,"/Date(1700119316000)/",3570,5000,10769900,38258000000,80,false,2.29
"HQC",142116,"/Date(1700119311000)/",3560,100,10764900,38241000000,70,true,2.01
"HQC",142104,"/Date(1700119300000)/",3560,100,10764800,38240000000,70,true,2.01
"HQC",142100,"/Date(1700119297000)/",3560,20000,10764700,38240000000,70,true,2.01
"HQC",142100,"/Date(1700119296000)/",3570,5000,10744700,38169000000,80,false,2.29
"HQC",142044,"/Date(1700119278000)/",3560,700,10739700,38151000000,70,true,2.01
"HQC",142044,"/Date(1700119278000)/",3560,1100,10739000,38148000000,70,true,2.01
"HQC",142044,"/Date(1700119278000)/",3560,2000,10737900,38144000000,70,true,2.01
"HQC",142044,"/Date(1700119278000)/",3560,100,10735900,38137000000,70,true,2.01
"HQC",142044,"/Date(1700119278000)/",3560,200,10735800,38137000000,70,true,2.01
"HQC",142044,"/Date(1700119278000)/",3560,500,10735600,38136000000,70,true,2.01
"HQC",142044,"/Date(1700119278000)/",3560,100,10735100,38134000000,70,true,2.01
"HQC",142044,"/Date(1700119278000)/",3560,1000,10735000,38134000000,70,true,2.01
"HQC",142035,"/Date(1700119271000)/",3560,700,10734000,38131000000,70,true,2.01
"HQC",142009,"/Date(1700119243000)/",3560,1300,10733300,38128000000,70,true,2.01
"HQC",142009,"/Date(1700119243000)/",3560,3700,10732000,38123000000,70,true,2.01
"HQC",141953,"/Date(1700119229000)/",3560,6300,10728300,38110000000,70,true,2.01
"HQC",141953,"/Date(1700119229000)/",3560,500,10722000,38088000000,70,true,2.01
"HQC",141953,"/Date(1700119229000)/",3560,1000,10721500,38086000000,70,true,2.01
"HQC",141953,"/Date(1700119229000)/",3560,100,10720500,38082000000,70,true,2.01
"HQC",141953,"/Date(1700119229000)/",3560,2100,10720400,38082000000,70,true,2.01
"HQC",141950,"/Date(1700119226000)/",3560,300,10718300,38075000000,70,true,2.01
"HQC",141947,"/Date(1700119223000)/",3560,1000,10718000,38074000000,70,true,2.01
"HQC",141940,"/Date(1700119215000)/",3560,100,10717000,38070000000,70,true,2.01
"HQC",141934,"/Date(1700119207000)/",3560,5000,10716900,38070000000,70,true,2.01
"HQC",141924,"/Date(1700119201000)/",3560,1200,10711900,38052000000,70,true,2.01
"HQC",141918,"/Date(1700119192000)/",3560,300,10710700,38048000000,70,true,2.01
"HQC",141911,"/Date(1700119188000)/",3560,14500,10710400,38046000000,70,true,2.01
"HQC",141817,"/Date(1700119134000)/",3560,400,10695900,37995000000,70,true,2.01
"HQC",141758,"/Date(1700119113000)/",3570,100,10695500,37993000000,80,false,2.29
"HQC",141748,"/Date(1700119102000)/",3560,1000,10695400,37993000000,70,true,2.01
"HQC",141742,"/Date(1700119098000)/",3570,2000,10694400,37990000000,80,false,2.29
"HQC",141716,"/Date(1700119070000)/",3560,1000,10692400,37982000000,70,true,2.01
"HQC",141704,"/Date(1700119058000)/",3560,100,10691400,37979000000,70,false,2.01
"HQC",141704,"/Date(1700119058000)/",3560,1500,10691300,37978000000,70,false,2.01
"HQC",141704,"/Date(1700119058000)/",3560,1500,10689800,37973000000,70,false,2.01
"HQC",141651,"/Date(1700119046000)/",3560,1000,10688300,37968000000,70,false,2.01
"HQC",141638,"/Date(1700119032000)/",3560,800,10687300,37964000000,70,true,2.01
"HQC",141638,"/Date(1700119031000)/",3560,600,10686500,37961000000,70,true,2.01
"HQC",141638,"/Date(1700119031000)/",3560,500,10685900,37959000000,70,true,2.01
"HQC",141638,"/Date(1700119031000)/",3560,3000,10685400,37957000000,70,true,2.01
"HQC",141638,"/Date(1700119031000)/",3560,1000,10682400,37947000000,70,true,2.01
"HQC",141638,"/Date(1700119031000)/",3560,1500,10681400,37943000000,70,true,2.01
"HQC",141638,"/Date(1700119031000)/",3560,100,10679900,37938000000,70,true,2.01
"HQC",141638,"/Date(1700119031000)/",3560,1000,10679800,37938000000,70,true,2.01
"HQC",141638,"/Date(1700119031000)/",3560,3000,10678800,37934000000,70,true,2.01
"HQC",141638,"/Date(1700119031000)/",3560,20000,10675800,37923000000,70,true,2.01
"HQC",141638,"/Date(1700119031000)/",3560,1000,10655800,37852000000,70,true,2.01
"HQC",141638,"/Date(1700119031000)/",3560,5000,10654800,37849000000,70,true,2.01
"HQC",141638,"/Date(1700119031000)/",3560,300,10649800,37831000000,70,true,2.01
"HQC",141638,"/Date(1700119031000)/",3560,500,10649500,37830000000,70,true,2.01
"HQC",141638,"/Date(1700119031000)/",3560,100,10649000,37828000000,70,true,2.01
"HQC",141638,"/Date(1700119031000)/",3560,1000,10648900,37828000000,70,true,2.01
"HQC",141638,"/Date(1700119031000)/",3560,6100,10647900,37824000000,70,true,2.01
"HQC",141625,"/Date(1700119020000)/",3570,2700,10641800,37802000000,80,true,2.29
"HQC",141625,"/Date(1700119020000)/",3570,2300,10639100,37793000000,80,true,2.29
"HQC",141625,"/Date(1700119020000)/",3570,7700,10636800,37784000000,80,true,2.29
"HQC",141619,"/Date(1700119015000)/",3570,300,10629100,37757000000,80,true,2.29
"HQC",141616,"/Date(1700119012000)/",3570,1000,10628800,37756000000,80,true,2.29
"HQC",141609,"/Date(1700119003000)/",3570,300,10627800,37752000000,80,true,2.29
"HQC",141557,"/Date(1700118992000)/",3570,700,10627500,37751000000,80,true,2.29
"HQC",141557,"/Date(1700118992000)/",3570,2300,10626800,37749000000,80,true,2.29
"HQC",141524,"/Date(1700118959000)/",3570,2000,10624500,37740000000,80,true,2.29
"HQC",141518,"/Date(1700118952000)/",3570,700,10622500,37733000000,80,true,2.29
"HQC",141518,"/Date(1700118952000)/",3570,1000,10621800,37731000000,80,true,2.29
"HQC",141518,"/Date(1700118952000)/",3570,300,10620800,37727000000,80,true,2.29
"HQC",141505,"/Date(1700118941000)/",3570,4000,10620500,37726000000,80,true,2.29
"HQC",141453,"/Date(1700118926000)/",3570,5000,10616500,37712000000,80,true,2.29
"HQC",141443,"/Date(1700118918000)/",3570,700,10611500,37694000000,80,true,2.29
"HQC",141443,"/Date(1700118918000)/",3570,9300,10610800,37692000000,80,true,2.29
"HQC",141440,"/Date(1700118914000)/",3580,500,10601500,37658000000,90,false,2.58
"HQC",141436,"/Date(1700118912000)/",3570,4000,10601000,37657000000,80,true,2.29
"HQC",141424,"/Date(1700118897000)/",3570,500,10597000,37642000000,80,true,2.29
"HQC",141417,"/Date(1700118891000)/",3570,2000,10596500,37641000000,80,true,2.29
"HQC",141417,"/Date(1700118890000)/",3570,2500,10594500,37633000000,80,true,2.29
"HQC",141414,"/Date(1700118889000)/",3570,3000,10592000,37624000000,80,true,2.29
"HQC",141408,"/Date(1700118882000)/",3570,8700,10589000,37614000000,80,true,2.29
"HQC",141408,"/Date(1700118882000)/",3570,100,10580300,37583000000,80,true,2.29
"HQC",141408,"/Date(1700118882000)/",3570,1200,10580200,37582000000,80,true,2.29
"HQC",141348,"/Date(1700118863000)/",3570,3800,10579000,37578000000,80,true,2.29
"HQC",141348,"/Date(1700118863000)/",3570,200,10575200,37564000000,80,true,2.29
"HQC",141339,"/Date(1700118852000)/",3570,1000,10575000,37564000000,80,true,2.29
"HQC",141336,"/Date(1700118851000)/",3570,800,10574000,37560000000,80,true,2.29
"HQC",141316,"/Date(1700118832000)/",3570,1500,10573200,37557000000,80,false,2.29
"HQC",141313,"/Date(1700118829000)/",3570,100,10571700,37552000000,80,false,2.29
"HQC",141313,"/Date(1700118829000)/",3570,1700,10571600,37552000000,80,false,2.29
"HQC",141307,"/Date(1700118820000)/",3570,300,10569900,37546000000,80,true,2.29
"HQC",141303,"/Date(1700118819000)/",3580,600,10569600,37544000000,90,false,2.58
"HQC",141303,"/Date(1700118819000)/",3580,200,10569000,37542000000,90,false,2.58
"HQC",141303,"/Date(1700118819000)/",3580,1000,10568800,37542000000,90,false,2.58
"HQC",141303,"/Date(1700118819000)/",3580,1200,10567800,37538000000,90,false,2.58
"HQC",141300,"/Date(1700118816000)/",3570,200,10566600,37534000000,80,false,2.29
"HQC",141257,"/Date(1700118813000)/",3570,1800,10566400,37533000000,80,false,2.29
"HQC",141257,"/Date(1700118813000)/",3570,1800,10564600,37527000000,80,false,2.29
"HQC",141257,"/Date(1700118813000)/",3570,3000,10562800,37520000000,80,false,2.29
"HQC",141257,"/Date(1700118813000)/",3570,11000,10559800,37509000000,80,false,2.29
"HQC",141257,"/Date(1700118813000)/",3570,1000,10548800,37470000000,80,false,2.29
"HQC",141257,"/Date(1700118813000)/",3570,300,10547800,37467000000,80,false,2.29
"HQC",141257,"/Date(1700118813000)/",3570,200,10547500,37466000000,80,false,2.29
"HQC",141257,"/Date(1700118813000)/",3570,4000,10547300,37465000000,80,false,2.29
"HQC",141257,"/Date(1700118813000)/",3570,5600,10543300,37451000000,80,false,2.29
"HQC",141251,"/Date(1700118806000)/",3570,500,10537700,37431000000,80,false,2.29
"HQC",141241,"/Date(1700118795000)/",3570,23900,10537200,37429000000,80,false,2.29
"HQC",141241,"/Date(1700118795000)/",3570,10000,10513300,37343000000,80,false,2.29
"HQC",141241,"/Date(1700118795000)/",3570,1500,10503300,37308000000,80,false,2.29
"HQC",141241,"/Date(1700118795000)/",3570,18000,10501800,37302000000,80,false,2.29
"HQC",141241,"/Date(1700118795000)/",3570,10000,10483800,37238000000,80,false,2.29
"HQC",141241,"/Date(1700118795000)/",3570,2000,10473800,37202000000,80,false,2.29
"HQC",141241,"/Date(1700118795000)/",3570,300,10471800,37195000000,80,false,2.29
"HQC",141241,"/Date(1700118795000)/",3570,1000,10471500,37194000000,80,false,2.29
"HQC",141241,"/Date(1700118795000)/",3570,100,10470500,37191000000,80,false,2.29
"HQC",141241,"/Date(1700118795000)/",3570,300,10470400,37190000000,80,false,2.29
"HQC",141241,"/Date(1700118795000)/",3570,4500,10470100,37189000000,80,false,2.29
"HQC",141241,"/Date(1700118795000)/",3570,1300,10465600,37173000000,80,false,2.29
"HQC",141241,"/Date(1700118795000)/",3570,4000,10464300,37169000000,80,false,2.29
"HQC",141241,"/Date(1700118795000)/",3570,1000,10460300,37154000000,80,false,2.29
"HQC",141241,"/Date(1700118795000)/",3570,2000,10459300,37151000000,80,false,2.29
"HQC",141241,"/Date(1700118795000)/",3570,4800,10457300,37144000000,80,false,2.29
"HQC",141241,"/Date(1700118795000)/",3570,1000,10452500,37126000000,80,false,2.29
"HQC",141241,"/Date(1700118795000)/",3560,200,10451500,37123000000,70,true,2.01
"HQC",141206,"/Date(1700118760000)/",3570,3000,10451300,37122000000,80,false,2.29
"HQC",141156,"/Date(1700118751000)/",3560,500,10448300,37111000000,70,true,2.01
"HQC",141153,"/Date(1700118749000)/",3570,1200,10447800,37110000000,80,false,2.29
"HQC",141153,"/Date(1700118749000)/",3570,900,10446600,37105000000,80,false,2.29
"HQC",141131,"/Date(1700118726000)/",3570,100,10445700,37102000000,80,false,2.29
"HQC",141131,"/Date(1700118726000)/",3570,7700,10445600,37102000000,80,false,2.29
"HQC",141131,"/Date(1700118726000)/",3570,100,10437900,37074000000,80,false,2.29
"HQC",141131,"/Date(1700118726000)/",3570,200,10437800,37074000000,80,false,2.29
"HQC",141131,"/Date(1700118726000)/",3570,2000,10437600,37073000000,80,false,2.29
"HQC",141131,"/Date(1700118726000)/",3570,100,10435600,37066000000,80,false,2.29
"HQC",141131,"/Date(1700118726000)/",3570,2000,10435500,37066000000,80,false,2.29
"HQC",141131,"/Date(1700118726000)/",3570,8800,10433500,37059000000,80,false,2.29
"HQC",141121,"/Date(1700118716000)/",3560,1000,10424700,37027000000,70,true,2.01
"HQC",141118,"/Date(1700118711000)/",3560,2000,10423700,37024000000,70,true,2.01
"HQC",141105,"/Date(1700118699000)/",3570,8800,10421700,37016000000,80,false,2.29
"HQC",141105,"/Date(1700118699000)/",3570,26900,10412900,36985000000,80,false,2.29
"HQC",141052,"/Date(1700118686000)/",3570,100,10386000,36889000000,80,false,2.29
"HQC",141052,"/Date(1700118681000)/",3570,400,10385900,36889000000,80,false,2.29
"HQC",141039,"/Date(1700118675000)/",3570,200,10385500,36887000000,80,false,2.29
"HQC",141030,"/Date(1700118664000)/",3570,3200,10385300,36887000000,80,false,2.29
"HQC",141020,"/Date(1700118655000)/",3570,5000,10382100,36875000000,80,false,2.29
"HQC",141014,"/Date(1700118647000)/",3570,64200,10377100,36857000000,80,false,2.29
"HQC",141014,"/Date(1700118647000)/",3570,5800,10312900,36628000000,80,false,2.29
"HQC",141011,"/Date(1700118644000)/",3570,1200,10307100,36607000000,80,false,2.29
"HQC",140945,"/Date(1700118619000)/",3560,500,10305900,36603000000,70,true,2.01
"HQC",140939,"/Date(1700118613000)/",3560,10000,10305400,36601000000,70,false,2.01
"HQC",140939,"/Date(1700118613000)/",3560,2100,10295400,36566000000,70,false,2.01
"HQC",140939,"/Date(1700118613000)/",3560,1000,10293300,36558000000,70,false,2.01
"HQC",140939,"/Date(1700118613000)/",3560,1000,10292300,36555000000,70,false,2.01
"HQC",140939,"/Date(1700118613000)/",3560,3000,10291300,36551000000,70,false,2.01
"HQC",140939,"/Date(1700118613000)/",3560,700,10288300,36540000000,70,false,2.01
"HQC",140939,"/Date(1700118613000)/",3560,2000,10287600,36538000000,70,false,2.01
"HQC",140939,"/Date(1700118613000)/",3560,9900,10285600,36531000000,70,false,2.01
"HQC",140923,"/Date(1700118598000)/",3560,10000,10275700,36496000000,70,false,2.01
"HQC",140857,"/Date(1700118570000)/",3560,100,10265700,36460000000,70,false,2.01
"HQC",140854,"/Date(1700118567000)/",3550,3000,10265600,36460000000,60,true,1.72
"HQC",140854,"/Date(1700118567000)/",3550,4000,10262600,36449000000,60,true,1.72
"HQC",140854,"/Date(1700118567000)/",3550,100,10258600,36435000000,60,true,1.72
"HQC",140854,"/Date(1700118567000)/",3550,3000,10258500,36434000000,60,true,1.72
"HQC",140854,"/Date(1700118567000)/",3550,100,10255500,36424000000,60,true,1.72
"HQC",140854,"/Date(1700118567000)/",3550,100,10255400,36423000000,60,true,1.72
"HQC",140854,"/Date(1700118567000)/",3550,5000,10255300,36423000000,60,true,1.72
"HQC",140854,"/Date(1700118567000)/",3550,5000,10250300,36405000000,60,true,1.72
"HQC",140854,"/Date(1700118567000)/",3550,10000,10245300,36388000000,60,true,1.72
"HQC",140854,"/Date(1700118567000)/",3550,1000,10235300,36352000000,60,true,1.72
"HQC",140854,"/Date(1700118567000)/",3550,10000,10234300,36349000000,60,true,1.72
"HQC",140854,"/Date(1700118567000)/",3550,5000,10224300,36313000000,60,true,1.72
"HQC",140854,"/Date(1700118567000)/",3550,10000,10219300,36295000000,60,true,1.72
"HQC",140854,"/Date(1700118567000)/",3550,5200,10209300,36260000000,60,true,1.72
"HQC",140854,"/Date(1700118567000)/",3550,4000,10204100,36241000000,60,true,1.72
"HQC",140854,"/Date(1700118567000)/",3550,3300,10200100,36227000000,60,true,1.72
"HQC",140854,"/Date(1700118567000)/",3550,7000,10196800,36215000000,60,true,1.72
"HQC",140854,"/Date(1700118567000)/",3550,7000,10189800,36191000000,60,true,1.72
"HQC",140854,"/Date(1700118567000)/",3550,10000,10182800,36166000000,60,true,1.72
"HQC",140854,"/Date(1700118567000)/",3550,4300,10172800,36130000000,60,true,1.72
"HQC",140854,"/Date(1700118567000)/",3560,2900,10168500,36115000000,70,true,2.01
"HQC",140851,"/Date(1700118566000)/",3560,100,10165600,36105000000,70,true,2.01
"HQC",140851,"/Date(1700118564000)/",3550,5700,10165500,36104000000,60,true,1.72
"HQC",140851,"/Date(1700118564000)/",3550,50000,10159800,36084000000,60,true,1.72
"HQC",140851,"/Date(1700118564000)/",3550,18500,10109800,35907000000,60,true,1.72
"HQC",140851,"/Date(1700118564000)/",3560,1500,10091300,35841000000,70,true,2.01
"HQC",140851,"/Date(1700118564000)/",3560,3000,10089800,35835000000,70,true,2.01
"HQC",140851,"/Date(1700118564000)/",3560,5000,10086800,35825000000,70,true,2.01
"HQC",140851,"/Date(1700118564000)/",3560,200,10081800,35807000000,70,true,2.01
"HQC",140851,"/Date(1700118564000)/",3560,1000,10081600,35806000000,70,true,2.01
"HQC",140851,"/Date(1700118564000)/",3560,100,10080600,35803000000,70,true,2.01
"HQC",140851,"/Date(1700118564000)/",3560,15000,10080500,35802000000,70,true,2.01
"HQC",140851,"/Date(1700118564000)/",3560,500,10065500,35749000000,70,true,2.01
"HQC",140838,"/Date(1700118553000)/",3560,1800,10065000,35747000000,70,true,2.01
"HQC",140838,"/Date(1700118551000)/",3560,500,10063200,35741000000,70,true,2.01
"HQC",140835,"/Date(1700118550000)/",3560,600,10062700,35739000000,70,true,2.01
"HQC",140835,"/Date(1700118549000)/",3560,900,10062100,35737000000,70,true,2.01
"HQC",140825,"/Date(1700118538000)/",3560,5000,10061200,35734000000,70,true,2.01
"HQC",140822,"/Date(1700118535000)/",3560,13100,10056200,35716000000,70,true,2.01
"HQC",140822,"/Date(1700118535000)/",3560,1000,10043100,35669000000,70,true,2.01
"HQC",140822,"/Date(1700118535000)/",3560,5900,10042100,35666000000,70,true,2.01
"HQC",140819,"/Date(1700118534000)/",3560,500,10036200,35645000000,70,true,2.01
"HQC",140819,"/Date(1700118532000)/",3560,500,10035700,35643000000,70,true,2.01
"HQC",140819,"/Date(1700118532000)/",3560,3000,10035200,35641000000,70,true,2.01
"HQC",140815,"/Date(1700118529000)/",3560,100,10032200,35630000000,70,true,2.01
"HQC",140815,"/Date(1700118529000)/",3560,700,10032100,35630000000,70,true,2.01
"HQC",140815,"/Date(1700118529000)/",3560,9800,10031400,35628000000,70,true,2.01
"HQC",140809,"/Date(1700118524000)/",3560,10000,10021600,35593000000,70,true,2.01
"HQC",140806,"/Date(1700118520000)/",3560,7000,10011600,35557000000,70,true,2.01
"HQC",140759,"/Date(1700118512000)/",3560,400,10004600,35532000000,70,true,2.01
"HQC",140756,"/Date(1700118510000)/",3560,200,10004200,35531000000,70,true,2.01
"HQC",140753,"/Date(1700118507000)/",3560,2600,10004000,35530000000,70,true,2.01
"HQC",140753,"/Date(1700118507000)/",3560,2400,10001400,35521000000,70,true,2.01
"HQC",140734,"/Date(1700118488000)/",3560,600,9999000,35512000000,70,true,2.01
"HQC",140734,"/Date(1700118488000)/",3560,500,9998400,35510000000,70,true,2.01
"HQC",140734,"/Date(1700118488000)/",3560,1900,9997900,35508000000,70,true,2.01
"HQC",140734,"/Date(1700118486000)/",3560,100,9996000,35502000000,70,true,2.01
"HQC",140731,"/Date(1700118486000)/",3570,5000,9995900,35501000000,80,false,2.29
"HQC",140718,"/Date(1700118472000)/",3560,500,9990900,35483000000,70,true,2.01
"HQC",140702,"/Date(1700118454000)/",3560,1000,9990400,35482000000,70,true,2.01
"HQC",140702,"/Date(1700118454000)/",3560,400,9989400,35478000000,70,true,2.01
"HQC",140702,"/Date(1700118454000)/",3560,200,9989000,35477000000,70,true,2.01
"HQC",140702,"/Date(1700118454000)/",3560,100,9988800,35476000000,70,true,2.01
"HQC",140702,"/Date(1700118454000)/",3560,200,9988700,35476000000,70,true,2.01
"HQC",140702,"/Date(1700118454000)/",3560,8100,9988500,35475000000,70,true,2.01
"HQC",140659,"/Date(1700118453000)/",3560,1000,9980400,35446000000,70,true,2.01
"HQC",140659,"/Date(1700118452000)/",3560,300,9979400,35442000000,70,true,2.01
"HQC",140659,"/Date(1700118452000)/",3560,1000,9979100,35441000000,70,true,2.01
"HQC",140655,"/Date(1700118449000)/",3560,1000,9978100,35438000000,70,true,2.01
"HQC",140649,"/Date(1700118442000)/",3560,100,9977100,35434000000,70,true,2.01
"HQC",140649,"/Date(1700118441000)/",3560,200,9977000,35434000000,70,true,2.01
"HQC",140639,"/Date(1700118433000)/",3560,1000,9976800,35433000000,70,true,2.01
"HQC",140630,"/Date(1700118425000)/",3560,13000,9975800,35430000000,70,true,2.01
"HQC",140620,"/Date(1700118413000)/",3560,800,9962800,35383000000,70,true,2.01
"HQC",140617,"/Date(1700118410000)/",3560,100,9962000,35380000000,70,false,2.01
"HQC",140617,"/Date(1700118409000)/",3560,2000,9961900,35380000000,70,false,2.01
"HQC",140617,"/Date(1700118409000)/",3560,10000,9959900,35373000000,70,false,2.01
"HQC",140617,"/Date(1700118409000)/",3560,50000,9949900,35337000000,70,false,2.01
"HQC",140617,"/Date(1700118409000)/",3560,1000,9899900,35159000000,70,false,2.01
"HQC",140617,"/Date(1700118409000)/",3560,1500,9898900,35156000000,70,false,2.01
"HQC",140617,"/Date(1700118409000)/",3560,8900,9897400,35150000000,70,false,2.01
"HQC",140545,"/Date(1700118378000)/",3560,1100,9888500,35119000000,70,false,2.01
"HQC",140545,"/Date(1700118378000)/",3560,900,9887400,35115000000,70,false,2.01
"HQC",140545,"/Date(1700118377000)/",3560,1000,9886500,35112000000,70,false,2.01
"HQC",140539,"/Date(1700118371000)/",3560,2100,9885500,35108000000,70,false,2.01
"HQC",140539,"/Date(1700118371000)/",3560,900,9883400,35101000000,70,false,2.01
"HQC",140532,"/Date(1700118367000)/",3560,400,9882500,35097000000,70,false,2.01
"HQC",140529,"/Date(1700118364000)/",3550,300,9882100,35096000000,60,true,1.72
"HQC",140529,"/Date(1700118362000)/",3560,1000,9881800,35095000000,70,false,2.01
"HQC",140529,"/Date(1700118362000)/",3560,4000,9880800,35091000000,70,false,2.01
"HQC",140516,"/Date(1700118351000)/",3560,46000,9876800,35077000000,70,false,2.01
"HQC",140516,"/Date(1700118351000)/",3560,4000,9830800,34913000000,70,false,2.01
"HQC",140500,"/Date(1700118333000)/",3560,300,9826800,34899000000,70,true,2.01
"HQC",140500,"/Date(1700118333000)/",3560,25700,9826500,34898000000,70,true,2.01
"HQC",140438,"/Date(1700118311000)/",3560,4300,9800800,34807000000,70,false,2.01
"HQC",140434,"/Date(1700118307000)/",3560,12400,9796500,34791000000,70,false,2.01
"HQC",140434,"/Date(1700118307000)/",3560,1000,9784100,34747000000,70,false,2.01
"HQC",140434,"/Date(1700118307000)/",3560,500,9783100,34744000000,70,false,2.01
"HQC",140434,"/Date(1700118307000)/",3560,3100,9782600,34742000000,70,false,2.01
"HQC",140431,"/Date(1700118306000)/",3560,1000,9779500,34731000000,70,false,2.01
"HQC",140425,"/Date(1700118298000)/",3560,900,9778500,34727000000,70,false,2.01
"HQC",140425,"/Date(1700118298000)/",3560,500,9777600,34724000000,70,false,2.01
"HQC",140422,"/Date(1700118294000)/",3560,300,9777100,34722000000,70,false,2.01
"HQC",140422,"/Date(1700118294000)/",3560,200,9776800,34721000000,70,false,2.01
"HQC",140415,"/Date(1700118289000)/",3560,200,9776600,34720000000,70,false,2.01
"HQC",140406,"/Date(1700118278000)/",3560,1200,9776400,34720000000,70,false,2.01
"HQC",140359,"/Date(1700118272000)/",3560,8400,9775200,34715000000,70,true,2.01
"HQC",140346,"/Date(1700118261000)/",3560,1600,9766800,34686000000,70,false,2.01
"HQC",140334,"/Date(1700118246000)/",3560,400,9765200,34680000000,70,false,2.01
"HQC",140334,"/Date(1700118246000)/",3560,1500,9764800,34678000000,70,false,2.01
"HQC",140334,"/Date(1700118246000)/",3560,500,9763300,34673000000,70,false,2.01
"HQC",140334,"/Date(1700118246000)/",3560,200,9762800,34671000000,70,false,2.01
"HQC",140334,"/Date(1700118246000)/",3560,27400,9762600,34671000000,70,false,2.01
"HQC",140318,"/Date(1700118233000)/",3560,1400,9735200,34573000000,70,false,2.01
"HQC",140311,"/Date(1700118224000)/",3560,5900,9733800,34568000000,70,false,2.01
"HQC",140308,"/Date(1700118221000)/",3560,10000,9727900,34547000000,70,false,2.01
"HQC",140249,"/Date(1700118202000)/",3560,200,9717900,34511000000,70,false,2.01
"HQC",140214,"/Date(1700118167000)/",3550,100,9717700,34511000000,60,true,1.72
"HQC",140157,"/Date(1700118150000)/",3560,200,9717600,34510000000,70,false,2.01
"HQC",140145,"/Date(1700118139000)/",3560,500,9717400,34510000000,70,true,2.01
"HQC",140145,"/Date(1700118139000)/",3560,600,9716900,34508000000,70,true,2.01
"HQC",140145,"/Date(1700118139000)/",3560,200,9716300,34506000000,70,true,2.01
"HQC",140145,"/Date(1700118139000)/",3560,10000,9716100,34505000000,70,true,2.01
"HQC",140145,"/Date(1700118139000)/",3560,6800,9706100,34469000000,70,true,2.01
"HQC",140145,"/Date(1700118139000)/",3560,17000,9699300,34445000000,70,true,2.01
"HQC",140145,"/Date(1700118139000)/",3560,15000,9682300,34385000000,70,true,2.01
"HQC",140145,"/Date(1700118139000)/",3560,4800,9667300,34331000000,70,true,2.01
"HQC",140145,"/Date(1700118139000)/",3560,500,9662500,34314000000,70,true,2.01
"HQC",140145,"/Date(1700118138000)/",3560,11100,9662000,34312000000,70,true,2.01
"HQC",140142,"/Date(1700118136000)/",3560,25000,9650900,34273000000,70,true,2.01
"HQC",140122,"/Date(1700118115000)/",3560,300,9625900,34184000000,70,true,2.01
"HQC",140122,"/Date(1700118114000)/",3570,300,9625600,34183000000,80,false,2.29
"HQC",140119,"/Date(1700118114000)/",3560,3200,9625300,34182000000,70,true,2.01
"HQC",140116,"/Date(1700118109000)/",3570,7700,9622100,34170000000,80,false,2.29
"HQC",140116,"/Date(1700118109000)/",3570,1000,9614400,34143000000,80,false,2.29
"HQC",140116,"/Date(1700118109000)/",3570,1000,9613400,34139000000,80,false,2.29
"HQC",140116,"/Date(1700118109000)/",3570,200,9612400,34136000000,80,false,2.29
"HQC",140116,"/Date(1700118109000)/",3570,10000,9612200,34135000000,80,false,2.29
"HQC",140116,"/Date(1700118109000)/",3570,500,9602200,34099000000,80,false,2.29
"HQC",140116,"/Date(1700118109000)/",3570,3000,9601700,34098000000,80,false,2.29
"HQC",140116,"/Date(1700118109000)/",3570,2000,9598700,34087000000,80,false,2.29
"HQC",140116,"/Date(1700118109000)/",3570,800,9596700,34080000000,80,false,2.29
"HQC",140116,"/Date(1700118109000)/",3570,2000,9595900,34077000000,80,false,2.29
"HQC",140116,"/Date(1700118109000)/",3570,1900,9593900,34070000000,80,false,2.29
"HQC",140116,"/Date(1700118109000)/",3570,1900,9592000,34063000000,80,false,2.29
"HQC",140040,"/Date(1700118073000)/",3560,2000,9590100,34056000000,70,true,2.01
"HQC",140005,"/Date(1700118038000)/",3560,10000,9588100,34049000000,70,true,2.01
"HQC",135920,"/Date(1700117994000)/",3570,600,9578100,34013000000,80,false,2.29
"HQC",135920,"/Date(1700117994000)/",3570,3000,9577500,34011000000,80,false,2.29
"HQC",135920,"/Date(1700117994000)/",3570,7400,9574500,34001000000,80,false,2.29
"HQC",135917,"/Date(1700117990000)/",3570,2600,9567100,33974000000,80,false,2.29
"HQC",135917,"/Date(1700117990000)/",3570,2400,9564500,33965000000,80,false,2.29
"HQC",135826,"/Date(1700117938000)/",3570,600,9562100,33956000000,80,false,2.29
"HQC",135826,"/Date(1700117938000)/",3570,400,9561500,33954000000,80,false,2.29
"HQC",135806,"/Date(1700117920000)/",3570,1600,9561100,33953000000,80,false,2.29
"HQC",135806,"/Date(1700117920000)/",3570,400,9559500,33947000000,80,false,2.29
"HQC",135806,"/Date(1700117920000)/",3570,2000,9559100,33946000000,80,false,2.29
"HQC",135806,"/Date(1700117920000)/",3570,500,9557100,33938000000,80,false,2.29
"HQC",135806,"/Date(1700117920000)/",3570,500,9556600,33937000000,80,false,2.29
"HQC",135712,"/Date(1700117866000)/",3560,2300,9556100,33935000000,70,false,2.01
"HQC",135712,"/Date(1700117866000)/",3560,200,9553800,33927000000,70,false,2.01
"HQC",135712,"/Date(1700117866000)/",3560,1000,9553600,33926000000,70,false,2.01
"HQC",135712,"/Date(1700117866000)/",3560,500,9552600,33922000000,70,false,2.01
"HQC",135712,"/Date(1700117866000)/",3560,100,9552100,33921000000,70,false,2.01
"HQC",135712,"/Date(1700117866000)/",3560,30000,9552000,33920000000,70,false,2.01
"HQC",135712,"/Date(1700117866000)/",3560,100,9522000,33814000000,70,false,2.01
"HQC",135712,"/Date(1700117866000)/",3560,31000,9521900,33813000000,70,false,2.01
"HQC",135712,"/Date(1700117866000)/",3560,9500,9490900,33703000000,70,false,2.01
"HQC",135712,"/Date(1700117866000)/",3560,10000,9481400,33669000000,70,false,2.01
"HQC",135712,"/Date(1700117866000)/",3560,200,9471400,33633000000,70,false,2.01
"HQC",135712,"/Date(1700117866000)/",3560,3000,9471200,33633000000,70,false,2.01
"HQC",135712,"/Date(1700117866000)/",3560,600,9468200,33622000000,70,false,2.01
"HQC",135712,"/Date(1700117866000)/",3560,4600,9467600,33620000000,70,false,2.01
"HQC",135705,"/Date(1700117859000)/",3550,1500,9463000,33603000000,60,true,1.72
"HQC",135637,"/Date(1700117828000)/",3550,4400,9461500,33598000000,60,false,1.72
"HQC",135637,"/Date(1700117828000)/",3550,4200,9457100,33583000000,60,false,1.72
"HQC",135617,"/Date(1700117811000)/",3550,500,9452900,33568000000,60,false,1.72
"HQC",135520,"/Date(1700117754000)/",3550,200,9452400,33566000000,60,false,1.72
"HQC",135520,"/Date(1700117754000)/",3550,1000,9452200,33565000000,60,false,1.72
"HQC",135513,"/Date(1700117746000)/",3550,100,9451200,33562000000,60,false,1.72
"HQC",135445,"/Date(1700117717000)/",3550,1000,9451100,33561000000,60,false,1.72
"HQC",135442,"/Date(1700117715000)/",3550,1000,9450100,33558000000,60,false,1.72
"HQC",135426,"/Date(1700117699000)/",3550,10000,9449100,33554000000,60,false,1.72
"HQC",135406,"/Date(1700117678000)/",3550,5000,9439100,33519000000,60,false,1.72
"HQC",135406,"/Date(1700117678000)/",3550,5000,9434100,33501000000,60,false,1.72
"HQC",135318,"/Date(1700117630000)/",3560,2100,9429100,33483000000,70,false,2.01
"HQC",135318,"/Date(1700117630000)/",3550,2900,9427000,33476000000,60,false,1.72
"HQC",135312,"/Date(1700117624000)/",3550,200,9424100,33465000000,60,false,1.72
"HQC",135312,"/Date(1700117624000)/",3550,500,9423900,33465000000,60,false,1.72
"HQC",135312,"/Date(1700117624000)/",3550,300,9423400,33463000000,60,false,1.72
"HQC",135312,"/Date(1700117624000)/",3550,800,9423100,33462000000,60,false,1.72
"HQC",135259,"/Date(1700117613000)/",3550,9200,9422300,33459000000,60,true,1.72
"HQC",135259,"/Date(1700117613000)/",3550,100,9413100,33426000000,60,true,1.72
"HQC",135259,"/Date(1700117613000)/",3550,100,9413000,33426000000,60,true,1.72
"HQC",135259,"/Date(1700117613000)/",3550,600,9412900,33426000000,60,true,1.72
"HQC",135259,"/Date(1700117613000)/",3550,100,9412300,33423000000,60,true,1.72
"HQC",135259,"/Date(1700117613000)/",3550,1000,9412200,33423000000,60,true,1.72
"HQC",135259,"/Date(1700117613000)/",3550,300,9411200,33420000000,60,true,1.72
"HQC",135259,"/Date(1700117613000)/",3550,13600,9410900,33419000000,60,true,1.72
"HQC",135224,"/Date(1700117577000)/",3560,3000,9397300,33370000000,70,false,2.01
"HQC",135221,"/Date(1700117575000)/",3550,3900,9394300,33360000000,60,true,1.72
"HQC",135218,"/Date(1700117569000)/",3550,200,9390400,33346000000,60,true,1.72
"HQC",135145,"/Date(1700117539000)/",3560,300,9390200,33345000000,70,false,2.01
"HQC",135145,"/Date(1700117539000)/",3560,3000,9389900,33344000000,70,false,2.01
"HQC",135145,"/Date(1700117539000)/",3560,1700,9386900,33333000000,70,false,2.01
"HQC",135136,"/Date(1700117528000)/",3550,200,9385200,33327000000,60,true,1.72
"HQC",135126,"/Date(1700117518000)/",3560,300,9385000,33326000000,70,false,2.01
"HQC",135126,"/Date(1700117518000)/",3550,2100,9384700,33325000000,60,true,1.72
"HQC",135126,"/Date(1700117518000)/",3550,100,9382600,33318000000,60,true,1.72
"HQC",135123,"/Date(1700117514000)/",3550,1100,9382500,33318000000,60,true,1.72
"HQC",135114,"/Date(1700117507000)/",3560,500,9381400,33314000000,70,false,2.01
"HQC",135051,"/Date(1700117484000)/",3550,10000,9380900,33312000000,60,true,1.72
"HQC",135042,"/Date(1700117473000)/",3560,500,9370900,33276000000,70,false,2.01
"HQC",135035,"/Date(1700117468000)/",3560,2000,9370400,33275000000,70,false,2.01
"HQC",135016,"/Date(1700117450000)/",3560,4800,9368400,33268000000,70,false,2.01
"HQC",135016,"/Date(1700117447000)/",3560,200,9363600,33250000000,70,false,2.01
"HQC",135016,"/Date(1700117447000)/",3560,800,9363400,33250000000,70,false,2.01
"HQC",135010,"/Date(1700117442000)/",3550,200,9362600,33247000000,60,true,1.72
"HQC",134931,"/Date(1700117404000)/",3550,8600,9362400,33246000000,60,true,1.72
"HQC",134931,"/Date(1700117404000)/",3550,100,9353800,33216000000,60,true,1.72
"HQC",134931,"/Date(1700117404000)/",3550,200,9353700,33215000000,60,true,1.72
"HQC",134931,"/Date(1700117404000)/",3550,100,9353500,33215000000,60,true,1.72
"HQC",134931,"/Date(1700117404000)/",3550,1000,9353400,33214000000,60,true,1.72
"HQC",134931,"/Date(1700117403000)/",3560,1200,9352400,33211000000,70,false,2.01
"HQC",134931,"/Date(1700117403000)/",3560,1700,9351200,33206000000,70,false,2.01
"HQC",134906,"/Date(1700117379000)/",3550,1000,9349500,33200000000,60,true,1.72
"HQC",134906,"/Date(1700117379000)/",3550,1000,9348500,33197000000,60,true,1.72
"HQC",134856,"/Date(1700117367000)/",3550,1700,9347500,33193000000,60,true,1.72
"HQC",134856,"/Date(1700117367000)/",3550,100,9345800,33187000000,60,true,1.72
"HQC",134856,"/Date(1700117367000)/",3550,100,9345700,33187000000,60,true,1.72
"HQC",134856,"/Date(1700117367000)/",3550,100,9345600,33187000000,60,true,1.72
"HQC",134853,"/Date(1700117364000)/",3560,1000,9345500,33186000000,70,false,2.01
"HQC",134830,"/Date(1700117342000)/",3560,100,9344500,33183000000,70,false,2.01
"HQC",134827,"/Date(1700117339000)/",3560,100,9344400,33182000000,70,true,2.01
"HQC",134827,"/Date(1700117339000)/",3560,100,9344300,33182000000,70,true,2.01
"HQC",134827,"/Date(1700117339000)/",3560,5700,9344200,33182000000,70,true,2.01
"HQC",134827,"/Date(1700117339000)/",3560,200,9338500,33161000000,70,true,2.01
"HQC",134827,"/Date(1700117339000)/",3560,100,9338300,33161000000,70,true,2.01
"HQC",134827,"/Date(1700117339000)/",3560,400,9338200,33160000000,70,true,2.01
"HQC",134827,"/Date(1700117339000)/",3560,300,9337800,33159000000,70,true,2.01
"HQC",134827,"/Date(1700117339000)/",3560,20000,9337500,33158000000,70,true,2.01
"HQC",134827,"/Date(1700117339000)/",3560,2000,9317500,33086000000,70,true,2.01
"HQC",134827,"/Date(1700117339000)/",3560,100,9315500,33079000000,70,true,2.01
"HQC",134827,"/Date(1700117339000)/",3560,8500,9315400,33079000000,70,true,2.01
"HQC",134827,"/Date(1700117339000)/",3560,17800,9306900,33049000000,70,true,2.01
"HQC",134827,"/Date(1700117339000)/",3560,100,9289100,32985000000,70,true,2.01
"HQC",134827,"/Date(1700117339000)/",3560,3000,9289000,32985000000,70,true,2.01
"HQC",134827,"/Date(1700117339000)/",3560,88800,9286000,32974000000,70,true,2.01
"HQC",134805,"/Date(1700117315000)/",3560,10000,9197200,32658000000,70,true,2.01
"HQC",134739,"/Date(1700117291000)/",3560,2000,9187200,32623000000,70,true,2.01
"HQC",134710,"/Date(1700117262000)/",3570,3500,9185200,32615000000,80,false,2.29
"HQC",134710,"/Date(1700117262000)/",3570,1000,9181700,32603000000,80,false,2.29
"HQC",134654,"/Date(1700117248000)/",3570,200,9180700,32599000000,80,false,2.29
"HQC",134635,"/Date(1700117228000)/",3570,100,9180500,32599000000,80,false,2.29
"HQC",134632,"/Date(1700117224000)/",3570,5000,9180400,32598000000,80,false,2.29
"HQC",134619,"/Date(1700117212000)/",3570,100,9175400,32580000000,80,false,2.29
"HQC",134616,"/Date(1700117207000)/",3560,2000,9175300,32580000000,70,true,2.01
"HQC",134609,"/Date(1700117202000)/",3570,100,9173300,32573000000,80,false,2.29
"HQC",134606,"/Date(1700117198000)/",3570,2000,9173200,32573000000,80,false,2.29
"HQC",134600,"/Date(1700117191000)/",3570,1000,9171200,32566000000,80,true,2.29
"HQC",134600,"/Date(1700117191000)/",3570,100,9170200,32562000000,80,true,2.29
"HQC",134600,"/Date(1700117191000)/",3570,600,9170100,32562000000,80,true,2.29
"HQC",134600,"/Date(1700117191000)/",3570,2000,9169500,32559000000,80,true,2.29
"HQC",134600,"/Date(1700117191000)/",3570,200,9167500,32552000000,80,true,2.29
"HQC",134600,"/Date(1700117191000)/",3570,2000,9167300,32552000000,80,true,2.29
"HQC",134600,"/Date(1700117191000)/",3570,35800,9165300,32544000000,80,true,2.29
"HQC",134553,"/Date(1700117187000)/",3570,1000,9129500,32417000000,80,true,2.29
"HQC",134553,"/Date(1700117184000)/",3570,1000,9128500,32413000000,80,true,2.29
"HQC",134550,"/Date(1700117183000)/",3570,3000,9127500,32410000000,80,true,2.29
"HQC",134550,"/Date(1700117182000)/",3570,10000,9124500,32399000000,80,true,2.29
"HQC",134550,"/Date(1700117181000)/",3570,50000,9114500,32363000000,80,true,2.29
"HQC",134547,"/Date(1700117179000)/",3570,1500,9064500,32185000000,80,true,2.29
"HQC",134541,"/Date(1700117174000)/",3570,1000,9063000,32179000000,80,true,2.29
"HQC",134537,"/Date(1700117169000)/",3570,3000,9062000,32176000000,80,true,2.29
"HQC",134534,"/Date(1700117165000)/",3570,400,9059000,32165000000,80,true,2.29
"HQC",134521,"/Date(1700117154000)/",3570,500,9058600,32164000000,80,true,2.29
"HQC",134515,"/Date(1700117147000)/",3570,100,9058100,32162000000,80,true,2.29
"HQC",134515,"/Date(1700117146000)/",3570,2900,9058000,32161000000,80,true,2.29
"HQC",134509,"/Date(1700117141000)/",3580,1800,9055100,32151000000,90,false,2.58
"HQC",134509,"/Date(1700117141000)/",3580,200,9053300,32145000000,90,false,2.58
"HQC",134502,"/Date(1700117133000)/",3580,100,9053100,32144000000,90,false,2.58
"HQC",134502,"/Date(1700117133000)/",3580,2900,9053000,32144000000,90,false,2.58
"HQC",134443,"/Date(1700117115000)/",3580,3200,9050100,32133000000,90,false,2.58
"HQC",134440,"/Date(1700117113000)/",3580,2900,9046900,32122000000,90,false,2.58
"HQC",134408,"/Date(1700117080000)/",3580,1000,9044000,32111000000,90,false,2.58
"HQC",134339,"/Date(1700117052000)/",3570,1000,9043000,32108000000,80,false,2.29
"HQC",134339,"/Date(1700117052000)/",3570,2700,9042000,32104000000,80,false,2.29
"HQC",134339,"/Date(1700117052000)/",3570,3000,9039300,32095000000,80,false,2.29
"HQC",134339,"/Date(1700117052000)/",3570,400,9036300,32084000000,80,false,2.29
"HQC",134339,"/Date(1700117052000)/",3570,200,9035900,32082000000,80,false,2.29
"HQC",134339,"/Date(1700117052000)/",3570,100,9035700,32082000000,80,false,2.29
"HQC",134339,"/Date(1700117052000)/",3570,500,9035600,32081000000,80,false,2.29
"HQC",134339,"/Date(1700117052000)/",3570,200,9035100,32080000000,80,false,2.29
"HQC",134339,"/Date(1700117052000)/",3570,100,9034900,32079000000,80,false,2.29
"HQC",134339,"/Date(1700117052000)/",3570,1600,9034800,32078000000,80,false,2.29
"HQC",134339,"/Date(1700117051000)/",3570,5000,9033200,32073000000,80,false,2.29
"HQC",134339,"/Date(1700117051000)/",3570,22200,9028200,32055000000,80,false,2.29
"HQC",134339,"/Date(1700117051000)/",3570,1500,9006000,31976000000,80,false,2.29
"HQC",134339,"/Date(1700117051000)/",3570,1800,9004500,31970000000,80,false,2.29
"HQC",134339,"/Date(1700117051000)/",3570,15000,9002700,31964000000,80,false,2.29
"HQC",134339,"/Date(1700117051000)/",3570,100,8987700,31910000000,80,false,2.29
"HQC",134339,"/Date(1700117051000)/",3570,4000,8987600,31910000000,80,false,2.29
"HQC",134339,"/Date(1700117051000)/",3570,2000,8983600,31896000000,80,false,2.29
"HQC",134339,"/Date(1700117051000)/",3570,2000,8981600,31889000000,80,false,2.29
"HQC",134339,"/Date(1700117051000)/",3570,30000,8979600,31881000000,80,false,2.29
"HQC",134339,"/Date(1700117051000)/",3570,7700,8949600,31774000000,80,false,2.29
"HQC",134339,"/Date(1700117051000)/",3570,200,8941900,31747000000,80,false,2.29
"HQC",134339,"/Date(1700117051000)/",3570,500,8941700,31746000000,80,false,2.29
"HQC",134339,"/Date(1700117051000)/",3570,200,8941200,31744000000,80,false,2.29
"HQC",134339,"/Date(1700117051000)/",3570,1000,8941000,31744000000,80,false,2.29
"HQC",134339,"/Date(1700117051000)/",3570,5000,8940000,31740000000,80,false,2.29
"HQC",134339,"/Date(1700117051000)/",3570,1500,8935000,31722000000,80,false,2.29
"HQC",134339,"/Date(1700117051000)/",3570,300,8933500,31717000000,80,false,2.29
"HQC",134339,"/Date(1700117051000)/",3570,2000,8933200,31716000000,80,false,2.29
"HQC",134339,"/Date(1700117051000)/",3570,500,8931200,31709000000,80,false,2.29
"HQC",134339,"/Date(1700117051000)/",3570,500,8930700,31707000000,80,false,2.29
"HQC",134339,"/Date(1700117051000)/",3570,5600,8930200,31705000000,80,false,2.29
"HQC",134339,"/Date(1700117051000)/",3570,41400,8924600,31685000000,80,false,2.29
"HQC",134333,"/Date(1700117044000)/",3570,8600,8883200,31537000000,80,false,2.29
"HQC",134333,"/Date(1700117044000)/",3570,11000,8874600,31507000000,80,false,2.29
"HQC",134333,"/Date(1700117044000)/",3570,600,8863600,31467000000,80,false,2.29
"HQC",134333,"/Date(1700117044000)/",3570,600,8863000,31465000000,80,false,2.29
"HQC",134333,"/Date(1700117044000)/",3570,600,8862400,31463000000,80,false,2.29
"HQC",134333,"/Date(1700117044000)/",3570,5000,8861800,31461000000,80,false,2.29
"HQC",134333,"/Date(1700117044000)/",3570,3600,8856800,31443000000,80,false,2.29
"HQC",134333,"/Date(1700117043000)/",3570,1400,8853200,31430000000,80,false,2.29
"HQC",134333,"/Date(1700117043000)/",3570,4200,8851800,31425000000,80,false,2.29
"HQC",134333,"/Date(1700117043000)/",3570,5000,8847600,31410000000,80,false,2.29
"HQC",134333,"/Date(1700117043000)/",3570,7000,8842600,31392000000,80,false,2.29
"HQC",134333,"/Date(1700117043000)/",3570,1000,8835600,31367000000,80,false,2.29
"HQC",134333,"/Date(1700117043000)/",3570,10000,8834600,31364000000,80,false,2.29
"HQC",134333,"/Date(1700117043000)/",3570,1000,8824600,31328000000,80,false,2.29
"HQC",134333,"/Date(1700117043000)/",3570,5400,8823600,31324000000,80,false,2.29
"HQC",134329,"/Date(1700117043000)/",3570,100,8818200,31305000000,80,false,2.29
"HQC",134326,"/Date(1700117039000)/",3570,300,8818100,31305000000,80,false,2.29
"HQC",134317,"/Date(1700117027000)/",3570,1600,8817800,31304000000,80,false,2.29
"HQC",134317,"/Date(1700117027000)/",3570,400,8816200,31298000000,80,false,2.29
"HQC",134317,"/Date(1700117027000)/",3560,2000,8815800,31297000000,70,true,2.01
"HQC",134307,"/Date(1700117018000)/",3560,500,8813800,31289000000,70,true,2.01
"HQC",134229,"/Date(1700116982000)/",3560,21200,8813300,31288000000,70,true,2.01
"HQC",134229,"/Date(1700116982000)/",3560,3000,8792100,31212000000,70,true,2.01
"HQC",134229,"/Date(1700116982000)/",3560,1400,8789100,31202000000,70,true,2.01
"HQC",134229,"/Date(1700116982000)/",3560,4400,8787700,31197000000,70,true,2.01
"HQC",134213,"/Date(1700116966000)/",3560,300,8783300,31181000000,70,true,2.01
"HQC",134203,"/Date(1700116955000)/",3560,300,8783000,31180000000,70,true,2.01
"HQC",134157,"/Date(1700116948000)/",3560,2600,8782700,31179000000,70,true,2.01
"HQC",134147,"/Date(1700116939000)/",3560,200,8780100,31170000000,70,true,2.01
"HQC",134141,"/Date(1700116932000)/",3560,1000,8779900,31169000000,70,true,2.01
"HQC",134109,"/Date(1700116901000)/",3560,2000,8778900,31165000000,70,true,2.01
"HQC",134053,"/Date(1700116886000)/",3560,30000,8776900,31158000000,70,true,2.01
"HQC",134050,"/Date(1700116880000)/",3560,900,8746900,31051000000,70,true,2.01
"HQC",134050,"/Date(1700116880000)/",3560,1400,8746000,31048000000,70,true,2.01
"HQC",134050,"/Date(1700116880000)/",3560,100,8744600,31043000000,70,true,2.01
"HQC",134050,"/Date(1700116880000)/",3560,200,8744500,31043000000,70,true,2.01
"HQC",134050,"/Date(1700116880000)/",3560,2400,8744300,31042000000,70,true,2.01
"HQC",134040,"/Date(1700116873000)/",3560,2600,8741900,31034000000,70,true,2.01
"HQC",134040,"/Date(1700116873000)/",3560,900,8739300,31024000000,70,true,2.01
"HQC",134008,"/Date(1700116841000)/",3560,1000,8738400,31021000000,70,true,2.01
"HQC",134008,"/Date(1700116839000)/",3570,1500,8737400,31018000000,80,false,2.29
"HQC",134002,"/Date(1700116834000)/",3560,100,8735900,31012000000,70,true,2.01
"HQC",134002,"/Date(1700116832000)/",3570,800,8735800,31012000000,80,false,2.29
"HQC",133959,"/Date(1700116831000)/",3560,18000,8735000,31009000000,70,true,2.01
"HQC",133959,"/Date(1700116831000)/",3560,200,8717000,30945000000,70,true,2.01
"HQC",133959,"/Date(1700116831000)/",3560,1000,8716800,30944000000,70,true,2.01
"HQC",133959,"/Date(1700116831000)/",3560,3000,8715800,30941000000,70,true,2.01
"HQC",133959,"/Date(1700116831000)/",3560,9400,8712800,30930000000,70,true,2.01
"HQC",133959,"/Date(1700116831000)/",3560,500,8703400,30896000000,70,true,2.01
"HQC",133959,"/Date(1700116831000)/",3560,1000,8702900,30895000000,70,true,2.01
"HQC",133959,"/Date(1700116831000)/",3560,500,8701900,30891000000,70,true,2.01
"HQC",133959,"/Date(1700116831000)/",3560,100,8701400,30889000000,70,true,2.01
"HQC",133959,"/Date(1700116831000)/",3560,5000,8701300,30889000000,70,true,2.01
"HQC",133959,"/Date(1700116831000)/",3560,400,8696300,30871000000,70,true,2.01
"HQC",133959,"/Date(1700116831000)/",3560,400,8695900,30870000000,70,true,2.01
"HQC",133959,"/Date(1700116831000)/",3560,200,8695500,30868000000,70,true,2.01
"HQC",133959,"/Date(1700116831000)/",3560,1000,8695300,30868000000,70,true,2.01
"HQC",133959,"/Date(1700116831000)/",3560,4000,8694300,30864000000,70,true,2.01
"HQC",133959,"/Date(1700116831000)/",3560,5300,8690300,30850000000,70,true,2.01
"HQC",133940,"/Date(1700116811000)/",3560,10000,8685000,30831000000,70,true,2.01
"HQC",133940,"/Date(1700116810000)/",3570,200,8675000,30795000000,80,false,2.29
"HQC",133933,"/Date(1700116805000)/",3570,2200,8674800,30795000000,80,false,2.29
"HQC",133930,"/Date(1700116800000)/",3560,10000,8672600,30787000000,70,true,2.01
"HQC",133930,"/Date(1700116800000)/",3560,100,8662600,30751000000,70,true,2.01
"HQC",133921,"/Date(1700116791000)/",3560,3000,8662500,30751000000,70,true,2.01
"HQC",133917,"/Date(1700116788000)/",3560,20000,8659500,30740000000,70,true,2.01
"HQC",133858,"/Date(1700116770000)/",3560,2400,8639500,30669000000,70,true,2.01
"HQC",133826,"/Date(1700116737000)/",3560,200,8637100,30660000000,70,true,2.01
"HQC",133817,"/Date(1700116727000)/",3560,1200,8636900,30660000000,70,true,2.01
"HQC",133810,"/Date(1700116723000)/",3560,5200,8635700,30655000000,70,true,2.01
"HQC",133807,"/Date(1700116718000)/",3560,100,8630500,30637000000,70,true,2.01
"HQC",133754,"/Date(1700116704000)/",3560,2000,8630400,30637000000,70,true,2.01
"HQC",133745,"/Date(1700116697000)/",3560,1000,8628400,30629000000,70,true,2.01
"HQC",133713,"/Date(1700116663000)/",3560,20300,8627400,30626000000,70,true,2.01
"HQC",133653,"/Date(1700116644000)/",3560,200,8607100,30554000000,70,true,2.01
"HQC",133634,"/Date(1700116625000)/",3560,7700,8606900,30553000000,70,true,2.01
"HQC",133609,"/Date(1700116599000)/",3560,200,8599200,30525000000,70,true,2.01
"HQC",133530,"/Date(1700116561000)/",3560,500,8599000,30525000000,70,true,2.01
"HQC",133514,"/Date(1700116545000)/",3560,1000,8598500,30523000000,70,true,2.01
"HQC",133514,"/Date(1700116544000)/",3560,9600,8597500,30519000000,70,true,2.01
"HQC",133514,"/Date(1700116544000)/",3560,1900,8587900,30485000000,70,true,2.01
"HQC",133420,"/Date(1700116492000)/",3560,8100,8586000,30478000000,70,false,2.01
"HQC",133420,"/Date(1700116491000)/",3560,3000,8577900,30450000000,70,false,2.01
"HQC",133420,"/Date(1700116491000)/",3560,100,8574900,30439000000,70,false,2.01
"HQC",133420,"/Date(1700116491000)/",3560,1000,8574800,30439000000,70,false,2.01
"HQC",133420,"/Date(1700116491000)/",3560,4400,8573800,30435000000,70,false,2.01
"HQC",133420,"/Date(1700116491000)/",3560,2000,8569400,30419000000,70,false,2.01
"HQC",133420,"/Date(1700116491000)/",3560,500,8567400,30412000000,70,false,2.01
"HQC",133420,"/Date(1700116491000)/",3560,5000,8566900,30410000000,70,false,2.01
"HQC",133420,"/Date(1700116491000)/",3560,75900,8561900,30393000000,70,false,2.01
"HQC",133401,"/Date(1700116473000)/",3560,6500,8486000,30122000000,70,true,2.01
"HQC",133401,"/Date(1700116471000)/",3570,1600,8479500,30099000000,80,false,2.29
"HQC",133351,"/Date(1700116463000)/",3560,17600,8477900,30094000000,70,true,2.01
"HQC",133351,"/Date(1700116463000)/",3560,2400,8460300,30031000000,70,true,2.01
"HQC",133345,"/Date(1700116455000)/",3570,300,8457900,30022000000,80,false,2.29
"HQC",133345,"/Date(1700116455000)/",3570,300,8457600,30021000000,80,false,2.29
"HQC",133345,"/Date(1700116455000)/",3570,4400,8457300,30020000000,80,false,2.29
"HQC",133338,"/Date(1700116450000)/",3560,7600,8452900,30005000000,70,true,2.01
"HQC",133338,"/Date(1700116450000)/",3560,400,8445300,29978000000,70,true,2.01
"HQC",133338,"/Date(1700116450000)/",3560,2000,8444900,29976000000,70,true,2.01
"HQC",133329,"/Date(1700116439000)/",3560,8000,8442900,29969000000,70,true,2.01
"HQC",133329,"/Date(1700116439000)/",3560,2000,8434900,29941000000,70,true,2.01
"HQC",133225,"/Date(1700116376000)/",3560,200,8432900,29933000000,70,false,2.01
"HQC",133225,"/Date(1700116376000)/",3560,1000,8432700,29933000000,70,false,2.01
"HQC",133225,"/Date(1700116376000)/",3560,2000,8431700,29929000000,70,false,2.01
"HQC",133225,"/Date(1700116376000)/",3560,1000,8429700,29922000000,70,false,2.01
"HQC",133225,"/Date(1700116376000)/",3560,5000,8428700,29918000000,70,false,2.01
"HQC",133225,"/Date(1700116376000)/",3560,1400,8423700,29901000000,70,false,2.01
"HQC",133225,"/Date(1700116376000)/",3560,2600,8422300,29896000000,70,false,2.01
"HQC",133222,"/Date(1700116373000)/",3560,7400,8419700,29886000000,70,false,2.01
"HQC",133222,"/Date(1700116373000)/",3560,300,8412300,29860000000,70,false,2.01
"HQC",133222,"/Date(1700116373000)/",3560,2300,8412000,29859000000,70,false,2.01
"HQC",133212,"/Date(1700116364000)/",3560,600,8409700,29851000000,70,false,2.01
"HQC",133212,"/Date(1700116361000)/",3560,7100,8409100,29849000000,70,false,2.01
"HQC",133212,"/Date(1700116361000)/",3560,2900,8402000,29823000000,70,false,2.01
"HQC",133209,"/Date(1700116359000)/",3560,100,8399100,29813000000,70,false,2.01
"HQC",133209,"/Date(1700116359000)/",3560,1900,8399000,29813000000,70,false,2.01
"HQC",133209,"/Date(1700116359000)/",3560,100,8397100,29806000000,70,false,2.01
"HQC",133156,"/Date(1700116348000)/",3560,900,8397000,29806000000,70,false,2.01
"HQC",133156,"/Date(1700116348000)/",3560,7200,8396100,29802000000,70,false,2.01
"HQC",133156,"/Date(1700116348000)/",3560,3000,8388900,29777000000,70,false,2.01
"HQC",133156,"/Date(1700116348000)/",3560,2000,8385900,29766000000,70,false,2.01
"HQC",133156,"/Date(1700116348000)/",3560,2000,8383900,29759000000,70,false,2.01
"HQC",133156,"/Date(1700116348000)/",3560,100,8381900,29752000000,70,false,2.01
"HQC",133156,"/Date(1700116348000)/",3560,100,8381800,29751000000,70,false,2.01
"HQC",133156,"/Date(1700116348000)/",3560,500,8381700,29751000000,70,false,2.01
"HQC",133156,"/Date(1700116348000)/",3560,18200,8381200,29749000000,70,false,2.01
"HQC",133156,"/Date(1700116347000)/",3560,400,8363000,29685000000,70,false,2.01
"HQC",133156,"/Date(1700116347000)/",3560,9000,8362600,29683000000,70,false,2.01
"HQC",133153,"/Date(1700116343000)/",3560,100,8353600,29651000000,70,false,2.01
"HQC",133147,"/Date(1700116338000)/",3560,5000,8353500,29651000000,70,false,2.01
"HQC",133137,"/Date(1700116327000)/",3560,20000,8348500,29633000000,70,false,2.01
"HQC",133111,"/Date(1700116302000)/",3550,100,8328500,29562000000,60,true,1.72
"HQC",133011,"/Date(1700116241000)/",3550,600,8328400,29561000000,60,true,1.72
"HQC",133011,"/Date(1700116241000)/",3550,2400,8327800,29559000000,60,true,1.72
"HQC",133007,"/Date(1700116238000)/",3550,400,8325400,29551000000,60,true,1.72
"HQC",132958,"/Date(1700116230000)/",3560,3000,8325000,29549000000,70,false,2.01
"HQC",132935,"/Date(1700116207000)/",3560,5000,8322000,29539000000,70,false,2.01
"HQC",132929,"/Date(1700116200000)/",3550,2900,8317000,29521000000,60,true,1.72
"HQC",132926,"/Date(1700116192000)/",3560,39300,8314100,29511000000,70,false,2.01
"HQC",132926,"/Date(1700116192000)/",3560,10000,8274800,29371000000,70,false,2.01
"HQC",132926,"/Date(1700116192000)/",3560,1000,8264800,29335000000,70,false,2.01
"HQC",132926,"/Date(1700116192000)/",3560,1000,8263800,29331000000,70,false,2.01
"HQC",132926,"/Date(1700116192000)/",3560,100,8262800,29328000000,70,false,2.01
"HQC",132926,"/Date(1700116192000)/",3560,11000,8262700,29328000000,70,false,2.01
"HQC",132926,"/Date(1700116192000)/",3560,500,8251700,29288000000,70,false,2.01
"HQC",132926,"/Date(1700116192000)/",3560,200,8251200,29287000000,70,false,2.01
"HQC",132926,"/Date(1700116192000)/",3560,1000,8251000,29286000000,70,false,2.01
"HQC",132926,"/Date(1700116192000)/",3560,100,8250000,29282000000,70,false,2.01
"HQC",132926,"/Date(1700116192000)/",3560,20000,8249900,29282000000,70,false,2.01
"HQC",132926,"/Date(1700116192000)/",3560,1000,8229900,29211000000,70,false,2.01
"HQC",132926,"/Date(1700116192000)/",3560,6500,8228900,29207000000,70,false,2.01
"HQC",132916,"/Date(1700116185000)/",3550,300,8222400,29184000000,60,false,1.72
"HQC",132916,"/Date(1700116185000)/",3550,100,8222100,29183000000,60,false,1.72
"HQC",132916,"/Date(1700116185000)/",3550,10000,8222000,29183000000,60,false,1.72
"HQC",132916,"/Date(1700116185000)/",3550,3900,8212000,29147000000,60,false,1.72
"HQC",132904,"/Date(1700116175000)/",3550,2800,8208100,29133000000,60,false,1.72
"HQC",132904,"/Date(1700116173000)/",3550,10000,8205300,29123000000,60,false,1.72
"HQC",132841,"/Date(1700116150000)/",3550,100,8195300,29088000000,60,false,1.72
"HQC",132816,"/Date(1700116126000)/",3550,3200,8195200,29088000000,60,false,1.72
"HQC",132816,"/Date(1700116126000)/",3550,100,8192000,29076000000,60,false,1.72
"HQC",132816,"/Date(1700116126000)/",3550,300,8191900,29076000000,60,false,1.72
"HQC",132816,"/Date(1700116126000)/",3550,100,8191600,29075000000,60,false,1.72
"HQC",132816,"/Date(1700116126000)/",3550,100,8191500,29074000000,60,false,1.72
"HQC",132816,"/Date(1700116126000)/",3550,100,8191400,29074000000,60,false,1.72
"HQC",132816,"/Date(1700116126000)/",3550,1000,8191300,29074000000,60,false,1.72
"HQC",132816,"/Date(1700116126000)/",3550,100,8190300,29070000000,60,false,1.72
"HQC",132725,"/Date(1700116074000)/",3550,400,8190200,29070000000,60,false,1.72
"HQC",132705,"/Date(1700116057000)/",3550,3000,8189800,29068000000,60,false,1.72
"HQC",132659,"/Date(1700116049000)/",3550,100,8186800,29058000000,60,false,1.72
"HQC",132643,"/Date(1700116033000)/",3550,100,8186700,29057000000,60,false,1.72
"HQC",132624,"/Date(1700116015000)/",3550,100,8186600,29057000000,60,false,1.72
"HQC",132624,"/Date(1700116015000)/",3550,200,8186500,29057000000,60,false,1.72
"HQC",132624,"/Date(1700116015000)/",3550,700,8186300,29056000000,60,false,1.72
"HQC",132615,"/Date(1700116004000)/",3550,100,8185600,29053000000,60,false,1.72
"HQC",132611,"/Date(1700116000000)/",3550,2000,8185500,29053000000,60,false,1.72
"HQC",132552,"/Date(1700115983000)/",3550,200,8183500,29046000000,60,false,1.72
"HQC",132552,"/Date(1700115983000)/",3550,800,8183300,29045000000,60,false,1.72
"HQC",132520,"/Date(1700115949000)/",3550,200,8182500,29042000000,60,false,1.72
"HQC",132520,"/Date(1700115949000)/",3550,100,8182300,29042000000,60,false,1.72
"HQC",132514,"/Date(1700115945000)/",3550,2700,8182200,29041000000,60,false,1.72
"HQC",132504,"/Date(1700115934000)/",3550,2200,8179500,29032000000,60,false,1.72
"HQC",132504,"/Date(1700115934000)/",3550,1000,8177300,29024000000,60,false,1.72
"HQC",132504,"/Date(1700115934000)/",3550,16800,8176300,29020000000,60,false,1.72
"HQC",132455,"/Date(1700115926000)/",3550,3000,8159500,28961000000,60,false,1.72
"HQC",132413,"/Date(1700115884000)/",3550,4900,8156500,28950000000,60,false,1.72
"HQC",132413,"/Date(1700115884000)/",3550,5000,8151600,28933000000,60,false,1.72
"HQC",132413,"/Date(1700115884000)/",3550,100,8146600,28915000000,60,false,1.72
"HQC",132357,"/Date(1700115868000)/",3550,1500,8146500,28915000000,60,false,1.72
"HQC",132357,"/Date(1700115868000)/",3550,300,8145000,28909000000,60,false,1.72
"HQC",132325,"/Date(1700115835000)/",3550,300,8144700,28908000000,60,false,1.72
"HQC",132316,"/Date(1700115826000)/",3550,100,8144400,28907000000,60,false,1.72
"HQC",132303,"/Date(1700115811000)/",3550,200,8144300,28907000000,60,false,1.72
"HQC",132300,"/Date(1700115809000)/",3550,100,8144100,28906000000,60,true,1.72
"HQC",132256,"/Date(1700115806000)/",3560,3500,8144000,28906000000,70,false,2.01
"HQC",132256,"/Date(1700115806000)/",3560,500,8140500,28893000000,70,false,2.01
"HQC",132250,"/Date(1700115799000)/",3550,100,8140000,28892000000,60,true,1.72
"HQC",132247,"/Date(1700115798000)/",3550,1100,8139900,28891000000,60,true,1.72
"HQC",132247,"/Date(1700115798000)/",3550,100,8138800,28887000000,60,true,1.72
"HQC",132247,"/Date(1700115798000)/",3550,2600,8138700,28887000000,60,true,1.72
"HQC",132247,"/Date(1700115798000)/",3550,200,8136100,28878000000,60,true,1.72
"HQC",132244,"/Date(1700115794000)/",3550,300,8135900,28877000000,60,true,1.72
"HQC",132240,"/Date(1700115791000)/",3560,4000,8135600,28876000000,70,false,2.01
"HQC",132240,"/Date(1700115789000)/",3550,1900,8131600,28862000000,60,true,1.72
"HQC",132231,"/Date(1700115781000)/",3550,4600,8129700,28855000000,60,true,1.72
"HQC",132231,"/Date(1700115781000)/",3550,2000,8125100,28839000000,60,true,1.72
"HQC",132231,"/Date(1700115781000)/",3550,200,8123100,28831000000,60,true,1.72
"HQC",132231,"/Date(1700115781000)/",3550,200,8122900,28831000000,60,true,1.72
"HQC",132224,"/Date(1700115774000)/",3550,200,8122700,28830000000,60,true,1.72
"HQC",132215,"/Date(1700115763000)/",3550,100,8122500,28829000000,60,true,1.72
"HQC",132208,"/Date(1700115759000)/",3550,100,8122400,28829000000,60,true,1.72
"HQC",132208,"/Date(1700115757000)/",3550,100,8122300,28829000000,60,true,1.72
"HQC",132205,"/Date(1700115754000)/",3550,10000,8122200,28828000000,60,true,1.72
"HQC",132202,"/Date(1700115752000)/",3560,2300,8112200,28793000000,70,false,2.01
"HQC",132202,"/Date(1700115752000)/",3560,2700,8109900,28785000000,70,false,2.01
"HQC",132202,"/Date(1700115752000)/",3550,100,8107200,28775000000,60,true,1.72
"HQC",132146,"/Date(1700115736000)/",3550,67600,8107100,28775000000,60,true,1.72
"HQC",132146,"/Date(1700115736000)/",3550,300,8039500,28535000000,60,true,1.72
"HQC",132146,"/Date(1700115736000)/",3550,2000,8039200,28534000000,60,true,1.72
"HQC",132146,"/Date(1700115736000)/",3550,3000,8037200,28526000000,60,true,1.72
"HQC",132146,"/Date(1700115736000)/",3550,20000,8034200,28516000000,60,true,1.72
"HQC",132146,"/Date(1700115736000)/",3550,500,8014200,28445000000,60,true,1.72
"HQC",132146,"/Date(1700115736000)/",3550,6600,8013700,28443000000,60,true,1.72
"HQC",132130,"/Date(1700115719000)/",3550,1400,8007100,28420000000,60,true,1.72
"HQC",132130,"/Date(1700115719000)/",3550,8600,8005700,28415000000,60,true,1.72
"HQC",132049,"/Date(1700115677000)/",3550,1000,7997100,28384000000,60,true,1.72
"HQC",131948,"/Date(1700115616000)/",3560,2300,7996100,28381000000,70,true,2.01
"HQC",131929,"/Date(1700115600000)/",3560,1500,7993800,28372000000,70,true,2.01
"HQC",131929,"/Date(1700115599000)/",3560,200,7992300,28367000000,70,true,2.01
"HQC",131903,"/Date(1700115574000)/",3560,100,7992100,28366000000,70,false,2.01
"HQC",131903,"/Date(1700115572000)/",3560,900,7992000,28366000000,70,false,2.01
"HQC",131900,"/Date(1700115569000)/",3560,4100,7991100,28363000000,70,false,2.01
"HQC",131900,"/Date(1700115569000)/",3560,200,7987000,28348000000,70,false,2.01
"HQC",131900,"/Date(1700115569000)/",3560,700,7986800,28347000000,70,false,2.01
"HQC",131854,"/Date(1700115565000)/",3560,1300,7986100,28345000000,70,false,2.01
"HQC",131854,"/Date(1700115565000)/",3560,500,7984800,28340000000,70,false,2.01
"HQC",131850,"/Date(1700115560000)/",3560,29500,7984300,28339000000,70,false,2.01
"HQC",131850,"/Date(1700115560000)/",3560,600,7954800,28234000000,70,false,2.01
"HQC",131850,"/Date(1700115560000)/",3560,100,7954200,28231000000,70,false,2.01
"HQC",131850,"/Date(1700115560000)/",3560,100,7954100,28231000000,70,false,2.01
"HQC",131850,"/Date(1700115560000)/",3560,2000,7954000,28231000000,70,false,2.01
"HQC",131850,"/Date(1700115560000)/",3560,10700,7952000,28224000000,70,false,2.01
"HQC",131825,"/Date(1700115533000)/",3560,5000,7941300,28185000000,70,false,2.01
"HQC",131818,"/Date(1700115526000)/",3560,100,7936300,28168000000,70,false,2.01
"HQC",131815,"/Date(1700115525000)/",3560,500,7936200,28167000000,70,false,2.01
"HQC",131815,"/Date(1700115524000)/",3560,30000,7935700,28166000000,70,false,2.01
"HQC",131815,"/Date(1700115524000)/",3560,300,7905700,28059000000,70,false,2.01
"HQC",131809,"/Date(1700115517000)/",3560,10000,7905400,28058000000,70,false,2.01
"HQC",131759,"/Date(1700115508000)/",3560,5000,7895400,28022000000,70,false,2.01
"HQC",131737,"/Date(1700115487000)/",3560,7500,7890400,28004000000,70,false,2.01
"HQC",131737,"/Date(1700115485000)/",3560,200,7882900,27978000000,70,false,2.01
"HQC",131718,"/Date(1700115467000)/",3560,200,7882700,27977000000,70,false,2.01
"HQC",131652,"/Date(1700115441000)/",3550,10400,7882500,27976000000,60,true,1.72
"HQC",131652,"/Date(1700115441000)/",3550,400,7872100,27939000000,60,true,1.72
"HQC",131652,"/Date(1700115441000)/",3560,200,7871700,27938000000,70,false,2.01
"HQC",131652,"/Date(1700115440000)/",3560,1800,7871500,27937000000,70,false,2.01
"HQC",131649,"/Date(1700115438000)/",3560,1000,7869700,27931000000,70,false,2.01
"HQC",131639,"/Date(1700115430000)/",3560,7200,7868700,27927000000,70,false,2.01
"HQC",131639,"/Date(1700115430000)/",3560,300,7861500,27902000000,70,false,2.01
"HQC",131639,"/Date(1700115430000)/",3560,2600,7861200,27900000000,70,false,2.01
"HQC",131626,"/Date(1700115417000)/",3560,100,7858600,27891000000,70,false,2.01
"HQC",131604,"/Date(1700115395000)/",3560,1000,7858500,27891000000,70,false,2.01
"HQC",131604,"/Date(1700115395000)/",3560,100,7857500,27887000000,70,false,2.01
"HQC",131604,"/Date(1700115395000)/",3560,1000,7857400,27887000000,70,false,2.01
"HQC",131604,"/Date(1700115395000)/",3560,20300,7856400,27883000000,70,false,2.01
"HQC",131604,"/Date(1700115395000)/",3560,200,7836100,27811000000,70,false,2.01
"HQC",131604,"/Date(1700115395000)/",3560,5100,7835900,27810000000,70,false,2.01
"HQC",131604,"/Date(1700115395000)/",3560,5000,7830800,27792000000,70,false,2.01
"HQC",131604,"/Date(1700115395000)/",3560,2000,7825800,27774000000,70,false,2.01
"HQC",131604,"/Date(1700115395000)/",3560,200,7823800,27767000000,70,false,2.01
"HQC",131604,"/Date(1700115395000)/",3560,1500,7823600,27767000000,70,false,2.01
"HQC",131604,"/Date(1700115395000)/",3560,1500,7822100,27761000000,70,false,2.01
"HQC",131604,"/Date(1700115395000)/",3560,10000,7820600,27756000000,70,false,2.01
"HQC",131604,"/Date(1700115395000)/",3560,2100,7810600,27720000000,70,false,2.01
"HQC",131558,"/Date(1700115387000)/",3560,200,7808500,27713000000,70,false,2.01
"HQC",131529,"/Date(1700115358000)/",3550,1000,7808300,27712000000,60,true,1.72
"HQC",131526,"/Date(1700115355000)/",3560,7700,7807300,27709000000,70,false,2.01
"HQC",131526,"/Date(1700115355000)/",3560,500,7799600,27681000000,70,false,2.01
"HQC",131526,"/Date(1700115355000)/",3560,3000,7799100,27679000000,70,false,2.01
"HQC",131526,"/Date(1700115355000)/",3560,400,7796100,27669000000,70,false,2.01
"HQC",131526,"/Date(1700115355000)/",3560,8400,7795700,27667000000,70,false,2.01
"HQC",131444,"/Date(1700115314000)/",3560,1600,7787300,27637000000,70,false,2.01
"HQC",131444,"/Date(1700115314000)/",3560,400,7785700,27632000000,70,false,2.01
"HQC",131438,"/Date(1700115308000)/",3550,6000,7785300,27630000000,60,false,1.72
"HQC",131438,"/Date(1700115308000)/",3550,2000,7779300,27609000000,60,false,1.72
"HQC",131438,"/Date(1700115308000)/",3550,4300,7777300,27602000000,60,false,1.72
"HQC",131431,"/Date(1700115301000)/",3550,5700,7773000,27587000000,60,true,1.72
"HQC",131431,"/Date(1700115301000)/",3550,3000,7767300,27566000000,60,true,1.72
"HQC",131431,"/Date(1700115301000)/",3550,200,7764300,27556000000,60,true,1.72
"HQC",131431,"/Date(1700115301000)/",3550,1800,7764100,27555000000,60,true,1.72
"HQC",131403,"/Date(1700115273000)/",3550,100,7762300,27549000000,60,true,1.72
"HQC",131400,"/Date(1700115270000)/",3550,600,7762200,27548000000,60,true,1.72
"HQC",131356,"/Date(1700115264000)/",3550,4500,7761600,27546000000,60,true,1.72
"HQC",131350,"/Date(1700115260000)/",3550,1400,7757100,27530000000,60,true,1.72
"HQC",131350,"/Date(1700115259000)/",3550,100,7755700,27525000000,60,true,1.72
"HQC",131347,"/Date(1700115255000)/",3550,200,7755600,27525000000,60,false,1.72
"HQC",131347,"/Date(1700115255000)/",3550,400,7755400,27524000000,60,false,1.72
"HQC",131347,"/Date(1700115255000)/",3550,1000,7755000,27523000000,60,false,1.72
"HQC",131347,"/Date(1700115255000)/",3550,3000,7754000,27519000000,60,false,1.72
"HQC",131347,"/Date(1700115255000)/",3550,300,7751000,27508000000,60,false,1.72
"HQC",131347,"/Date(1700115254000)/",3550,100,7750700,27507000000,60,false,1.72
"HQC",131340,"/Date(1700115248000)/",3550,9600,7750600,27507000000,60,false,1.72
"HQC",131340,"/Date(1700115248000)/",3550,1500,7741000,27473000000,60,false,1.72
"HQC",131340,"/Date(1700115248000)/",3550,1000,7739500,27468000000,60,false,1.72
"HQC",131340,"/Date(1700115248000)/",3550,500,7738500,27464000000,60,false,1.72
"HQC",131340,"/Date(1700115248000)/",3550,5000,7738000,27462000000,60,false,1.72
"HQC",131340,"/Date(1700115248000)/",3550,27000,7733000,27445000000,60,false,1.72
"HQC",131340,"/Date(1700115248000)/",3550,5400,7706000,27349000000,60,false,1.72
"HQC",131334,"/Date(1700115245000)/",3550,14600,7700600,27330000000,60,false,1.72
"HQC",131334,"/Date(1700115245000)/",3550,5000,7686000,27278000000,60,false,1.72
"HQC",131334,"/Date(1700115245000)/",3550,400,7681000,27260000000,60,false,1.72
"HQC",131331,"/Date(1700115239000)/",3550,600,7680600,27259000000,60,false,1.72
"HQC",131331,"/Date(1700115239000)/",3550,100,7680000,27256000000,60,false,1.72
"HQC",131331,"/Date(1700115239000)/",3550,3000,7679900,27256000000,60,false,1.72
"HQC",131331,"/Date(1700115239000)/",3550,1100,7676900,27245000000,60,false,1.72
"HQC",131331,"/Date(1700115239000)/",3550,4100,7675800,27242000000,60,false,1.72
"HQC",131331,"/Date(1700115239000)/",3550,1000,7671700,27227000000,60,false,1.72
"HQC",131331,"/Date(1700115239000)/",3550,100,7670700,27223000000,60,false,1.72
"HQC",131305,"/Date(1700115213000)/",3550,10000,7670600,27223000000,60,false,1.72
"HQC",131243,"/Date(1700115191000)/",3540,100,7660600,27188000000,50,true,1.43
"HQC",131230,"/Date(1700115178000)/",3540,1900,7660500,27187000000,50,true,1.43
"HQC",131230,"/Date(1700115178000)/",3540,100,7658600,27180000000,50,true,1.43
"HQC",131214,"/Date(1700115164000)/",3540,400,7658500,27180000000,50,false,1.43
"HQC",131211,"/Date(1700115159000)/",3540,1800,7658100,27179000000,50,false,1.43
"HQC",131211,"/Date(1700115159000)/",3540,1100,7656300,27172000000,50,false,1.43
"HQC",131211,"/Date(1700115159000)/",3540,1700,7655200,27168000000,50,false,1.43
"HQC",131204,"/Date(1700115152000)/",3540,500,7653500,27162000000,50,true,1.43
"HQC",131126,"/Date(1700115115000)/",3540,5600,7653000,27161000000,50,true,1.43
"HQC",131120,"/Date(1700115108000)/",3540,2200,7647400,27141000000,50,false,1.43
"HQC",131116,"/Date(1700115106000)/",3540,1000,7645200,27133000000,50,false,1.43
"HQC",131104,"/Date(1700115093000)/",3540,1300,7644200,27129000000,50,false,1.43
"HQC",131057,"/Date(1700115086000)/",3540,500,7642900,27125000000,50,true,1.43
"HQC",131057,"/Date(1700115086000)/",3540,300,7642400,27123000000,50,true,1.43
"HQC",131057,"/Date(1700115086000)/",3540,500,7642100,27122000000,50,true,1.43
"HQC",131057,"/Date(1700115086000)/",3540,100,7641600,27120000000,50,true,1.43
"HQC",131057,"/Date(1700115086000)/",3540,4100,7641500,27120000000,50,true,1.43
"HQC",131054,"/Date(1700115084000)/",3540,500,7637400,27105000000,50,true,1.43
"HQC",131048,"/Date(1700115078000)/",3540,1000,7636900,27104000000,50,true,1.43
"HQC",130957,"/Date(1700115025000)/",3540,100,7635900,27100000000,50,true,1.43
"HQC",130953,"/Date(1700115023000)/",3540,2500,7635800,27100000000,50,true,1.43
"HQC",130941,"/Date(1700115008000)/",3540,200,7633300,27091000000,50,false,1.43
"HQC",130941,"/Date(1700115008000)/",3540,100,7633100,27090000000,50,false,1.43
"HQC",130906,"/Date(1700114975000)/",3540,300,7633000,27090000000,50,false,1.43
"HQC",130906,"/Date(1700114975000)/",3540,2000,7632700,27089000000,50,false,1.43
"HQC",130906,"/Date(1700114975000)/",3540,3500,7630700,27082000000,50,false,1.43
"HQC",130906,"/Date(1700114975000)/",3540,4100,7627200,27069000000,50,false,1.43
"HQC",130840,"/Date(1700114950000)/",3540,5900,7623100,27055000000,50,true,1.43
"HQC",130840,"/Date(1700114950000)/",3540,100,7617200,27034000000,50,true,1.43
"HQC",130840,"/Date(1700114950000)/",3540,9000,7617100,27034000000,50,true,1.43
"HQC",130840,"/Date(1700114949000)/",3540,1000,7608100,27002000000,50,true,1.43
"HQC",130840,"/Date(1700114949000)/",3540,2500,7607100,26998000000,50,true,1.43
"HQC",130830,"/Date(1700114939000)/",3540,800,7604600,26989000000,50,true,1.43
"HQC",130821,"/Date(1700114930000)/",3540,16700,7603800,26986000000,50,true,1.43
"HQC",130821,"/Date(1700114930000)/",3540,13300,7587100,26927000000,50,true,1.43
"HQC",130805,"/Date(1700114913000)/",3540,1000,7573800,26880000000,50,false,1.43
"HQC",130805,"/Date(1700114913000)/",3540,1600,7572800,26877000000,50,false,1.43
"HQC",130805,"/Date(1700114913000)/",3540,3100,7571200,26871000000,50,false,1.43
"HQC",130752,"/Date(1700114899000)/",3540,500,7568100,26860000000,50,false,1.43
"HQC",130742,"/Date(1700114890000)/",3540,600,7567600,26858000000,50,true,1.43
"HQC",130742,"/Date(1700114890000)/",3540,500,7567000,26856000000,50,true,1.43
"HQC",130742,"/Date(1700114890000)/",3540,300,7566500,26854000000,50,true,1.43
"HQC",130742,"/Date(1700114890000)/",3540,2000,7566200,26853000000,50,true,1.43
"HQC",130739,"/Date(1700114887000)/",3540,1200,7564200,26846000000,50,true,1.43
"HQC",130733,"/Date(1700114883000)/",3540,3000,7563000,26842000000,50,false,1.43
"HQC",130726,"/Date(1700114874000)/",3540,1000,7560000,26831000000,50,false,1.43
"HQC",130717,"/Date(1700114866000)/",3540,500,7559000,26828000000,50,true,1.43
"HQC",130717,"/Date(1700114866000)/",3540,100,7558500,26826000000,50,true,1.43
"HQC",130717,"/Date(1700114866000)/",3540,2000,7558400,26826000000,50,true,1.43
"HQC",130717,"/Date(1700114866000)/",3540,17200,7556400,26819000000,50,true,1.43
"HQC",130701,"/Date(1700114850000)/",3540,2800,7539200,26758000000,50,false,1.43
"HQC",130648,"/Date(1700114836000)/",3540,1000,7536400,26748000000,50,false,1.43
"HQC",130629,"/Date(1700114816000)/",3540,100,7535400,26744000000,50,false,1.43
"HQC",130623,"/Date(1700114813000)/",3540,10000,7535300,26744000000,50,true,1.43
"HQC",130623,"/Date(1700114813000)/",3540,100,7525300,26709000000,50,true,1.43
"HQC",130623,"/Date(1700114813000)/",3540,10000,7525200,26708000000,50,true,1.43
"HQC",130623,"/Date(1700114813000)/",3540,11000,7515200,26673000000,50,true,1.43
"HQC",130600,"/Date(1700114789000)/",3540,4400,7504200,26634000000,50,false,1.43
"HQC",130600,"/Date(1700114788000)/",3540,600,7499800,26618000000,50,false,1.43
"HQC",130557,"/Date(1700114787000)/",3540,400,7499200,26616000000,50,false,1.43
"HQC",130557,"/Date(1700114785000)/",3540,400,7498800,26615000000,50,false,1.43
"HQC",130551,"/Date(1700114779000)/",3540,200,7498400,26613000000,50,false,1.43
"HQC",130551,"/Date(1700114779000)/",3540,4800,7498200,26613000000,50,false,1.43
"HQC",130525,"/Date(1700114752000)/",3540,6500,7493400,26596000000,50,false,1.43
"HQC",130522,"/Date(1700114752000)/",3540,400,7486900,26573000000,50,true,1.43
"HQC",130522,"/Date(1700114752000)/",3540,1000,7486500,26571000000,50,true,1.43
"HQC",130522,"/Date(1700114752000)/",3540,5000,7485500,26568000000,50,true,1.43
"HQC",130522,"/Date(1700114752000)/",3540,1400,7480500,26550000000,50,true,1.43
"HQC",130522,"/Date(1700114752000)/",3540,5000,7479100,26545000000,50,true,1.43
"HQC",130522,"/Date(1700114752000)/",3540,1200,7474100,26527000000,50,true,1.43
"HQC",130522,"/Date(1700114752000)/",3540,2200,7472900,26523000000,50,true,1.43
"HQC",130516,"/Date(1700114743000)/",3540,1000,7470700,26515000000,50,true,1.43
"HQC",130506,"/Date(1700114733000)/",3550,900,7469700,26512000000,60,false,1.72
"HQC",130453,"/Date(1700114721000)/",3550,100,7468800,26509000000,60,false,1.72
"HQC",130437,"/Date(1700114706000)/",3550,100,7468700,26508000000,60,false,1.72
"HQC",130349,"/Date(1700114658000)/",3550,1100,7468600,26508000000,60,false,1.72
"HQC",130349,"/Date(1700114658000)/",3550,2900,7467500,26504000000,60,false,1.72
"HQC",130346,"/Date(1700114654000)/",3550,5000,7464600,26494000000,60,false,1.72
"HQC",130346,"/Date(1700114653000)/",3540,5000,7459600,26476000000,50,true,1.43
"HQC",130330,"/Date(1700114637000)/",3540,1800,7454600,26458000000,50,true,1.43
"HQC",130330,"/Date(1700114637000)/",3540,200,7452800,26452000000,50,true,1.43
"HQC",130330,"/Date(1700114637000)/",3540,1000,7452600,26451000000,50,true,1.43
"HQC",130317,"/Date(1700114626000)/",3550,2600,7451600,26448000000,60,false,1.72
"HQC",130317,"/Date(1700114625000)/",3540,500,7449000,26438000000,50,true,1.43
"HQC",130305,"/Date(1700114613000)/",3540,2000,7448500,26437000000,50,true,1.43
"HQC",130301,"/Date(1700114611000)/",3540,200,7446500,26430000000,50,true,1.43
"HQC",130301,"/Date(1700114608000)/",3540,2000,7446300,26429000000,50,true,1.43
"HQC",130301,"/Date(1700114608000)/",3540,700,7444300,26422000000,50,true,1.43
"HQC",130252,"/Date(1700114600000)/",3540,5400,7443600,26419000000,50,true,1.43
"HQC",130252,"/Date(1700114600000)/",3540,1000,7438200,26400000000,50,true,1.43
"HQC",130252,"/Date(1700114600000)/",3540,3600,7437200,26397000000,50,true,1.43
"HQC",130220,"/Date(1700114569000)/",3540,8000,7433600,26384000000,50,true,1.43
"HQC",130210,"/Date(1700114558000)/",3540,3000,7425600,26356000000,50,true,1.43
"HQC",130207,"/Date(1700114555000)/",3540,100,7422600,26345000000,50,true,1.43
"HQC",130204,"/Date(1700114553000)/",3540,100,7422500,26345000000,50,true,1.43
"HQC",130204,"/Date(1700114551000)/",3540,100,7422400,26344000000,50,true,1.43
"HQC",130201,"/Date(1700114549000)/",3540,1100,7422300,26344000000,50,true,1.43
"HQC",130201,"/Date(1700114548000)/",3540,100,7421200,26340000000,50,true,1.43
"HQC",130148,"/Date(1700114537000)/",3540,1000,7421100,26340000000,50,true,1.43
"HQC",130148,"/Date(1700114537000)/",3540,300,7420100,26336000000,50,true,1.43
"HQC",130148,"/Date(1700114537000)/",3540,1300,7419800,26335000000,50,true,1.43
"HQC",130148,"/Date(1700114534000)/",3540,1000,7418500,26330000000,50,true,1.43
"HQC",130148,"/Date(1700114534000)/",3540,2000,7417500,26327000000,50,true,1.43
"HQC",130141,"/Date(1700114530000)/",3540,2000,7415500,26320000000,50,true,1.43
"HQC",130138,"/Date(1700114527000)/",3550,200,7413500,26313000000,60,false,1.72
"HQC",130119,"/Date(1700114506000)/",3540,3700,7413300,26312000000,50,true,1.43
"HQC",130119,"/Date(1700114506000)/",3540,1300,7409600,26299000000,50,true,1.43
"HQC",130109,"/Date(1700114496000)/",3550,1000,7408300,26294000000,60,false,1.72
"HQC",130100,"/Date(1700114489000)/",3540,2000,7407300,26291000000,50,true,1.43
"HQC",130019,"/Date(1700114447000)/",3550,300,7405300,26284000000,60,false,1.72
"HQC",130006,"/Date(1700114426000)/",3550,20500,7405000,26283000000,60,false,1.72
"HQC",130006,"/Date(1700114421000)/",3550,800,7384500,26210000000,60,false,1.72
"HQC",130003,"/Date(1700114419000)/",3550,100,7383700,26207000000,60,false,1.72
"HQC",130003,"/Date(1700114419000)/",3550,100,7383600,26207000000,60,false,1.72
"HQC",130003,"/Date(1700114419000)/",3550,2500,7383500,26206000000,60,false,1.72
"HQC",130003,"/Date(1700114419000)/",3550,900,7381000,26197000000,60,false,1.72
"HQC",130003,"/Date(1700114419000)/",3550,1500,7380100,26194000000,60,false,1.72
"HQC",130003,"/Date(1700114419000)/",3550,900,7378600,26189000000,60,false,1.72
"HQC",130003,"/Date(1700114419000)/",3550,10000,7377700,26186000000,60,false,1.72
"HQC",130003,"/Date(1700114419000)/",3550,200,7367700,26150000000,60,false,1.72
"HQC",130003,"/Date(1700114419000)/",3550,22500,7367500,26149000000,60,false,1.72
"HQC",130003,"/Date(1700114419000)/",3540,200,7345000,26070000000,50,true,1.43
"HQC",130003,"/Date(1700114416000)/",3540,600,7344800,26069000000,50,true,1.43
"HQC",125959,"/Date(1700114415000)/",3550,10000,7344200,26067000000,60,false,1.72
"HQC",125959,"/Date(1700114415000)/",3540,100,7334200,26031000000,50,true,1.43
"HQC",125959,"/Date(1700114415000)/",3540,100,7334100,26031000000,50,true,1.43
"HQC",125959,"/Date(1700114415000)/",3540,500,7334000,26031000000,50,true,1.43
"HQC",125959,"/Date(1700114415000)/",3540,200,7333500,26029000000,50,true,1.43
"HQC",125959,"/Date(1700114414000)/",3540,100,7333300,26028000000,50,true,1.43
"HQC",125959,"/Date(1700114411000)/",3530,3500,7333200,26028000000,40,true,1.15
"HQC",125959,"/Date(1700114411000)/",3540,200,7329700,26015000000,50,true,1.43
"HQC",125959,"/Date(1700114411000)/",3540,2300,7329500,26015000000,50,true,1.43
"HQC",125959,"/Date(1700114411000)/",3540,100,7327200,26007000000,50,true,1.43
"HQC",125959,"/Date(1700114411000)/",3540,1000,7327100,26006000000,50,true,1.43
"HQC",125959,"/Date(1700114411000)/",3540,500,7326100,26003000000,50,true,1.43
"HQC",125959,"/Date(1700114411000)/",3540,3400,7325600,26001000000,50,true,1.43
"HQC",125959,"/Date(1700114411000)/",3550,1500,7322200,25989000000,60,false,1.72
"HQC",125956,"/Date(1700114407000)/",3540,400,7320700,25983000000,50,true,1.43
"HQC",125956,"/Date(1700114406000)/",3550,5000,7320300,25982000000,60,false,1.72
"HQC",125953,"/Date(1700114402000)/",3540,1900,7315300,25964000000,50,true,1.43
"HQC",125953,"/Date(1700114402000)/",3540,2000,7313400,25958000000,50,true,1.43
"HQC",125953,"/Date(1700114401000)/",3540,2300,7311400,25951000000,50,true,1.43
"HQC",125953,"/Date(1700114401000)/",3540,7700,7309100,25942000000,50,true,1.43
"HQC",125950,"/Date(1700114401000)/",3540,400,7301400,25915000000,50,true,1.43
"HQC",125950,"/Date(1700114401000)/",3550,500,7301000,25914000000,60,false,1.72
"HQC",125950,"/Date(1700114401000)/",3550,100,7300500,25912000000,60,false,1.72
"HQC",125950,"/Date(1700114401000)/",3540,400,7300400,25912000000,50,true,1.43
"HQC",125947,"/Date(1700114400000)/",3540,300,7300000,25910000000,50,true,1.43
"HQC",125947,"/Date(1700114400000)/",3550,5000,7299700,25909000000,60,false,1.72
"HQC",125947,"/Date(1700114400000)/",3540,1500,7294700,25891000000,50,true,1.43
"HQC",125947,"/Date(1700114400000)/",3540,3100,7293200,25886000000,50,true,1.43
"HQC",112937,"/Date(1700108996000)/",3540,6600,7290100,25875000000,50,false,1.43
"HQC",112928,"/Date(1700108986000)/",3540,300,7283500,25852000000,50,false,1.43
"HQC",112859,"/Date(1700108957000)/",3540,400,7283200,25851000000,50,true,1.43
"HQC",112859,"/Date(1700108957000)/",3540,3000,7282800,25849000000,50,true,1.43
"HQC",112859,"/Date(1700108957000)/",3540,3000,7279800,25839000000,50,true,1.43
"HQC",112859,"/Date(1700108957000)/",3540,300,7276800,25828000000,50,true,1.43
"HQC",112859,"/Date(1700108957000)/",3540,1000,7276500,25827000000,50,true,1.43
