"Stockcode","Package","TradingDate","Price","Vol","TotalVol","TotalVal","Change","IsBuy","PerChange"
"TCH",144428,"/Date(1700120701000)/",12600,1774800,7424500,91856000000,400,false,3.28
"TCH",142920,"/Date(1700119795000)/",12500,700,5649700,69495000000,300,false,2.46
"TCH",142920,"/Date(1700119795000)/",12500,2000,5649000,69486000000,300,false,2.46
"TCH",142920,"/Date(1700119795000)/",12500,1300,5647000,69461000000,300,false,2.46
"TCH",142917,"/Date(1700119794000)/",12500,1700,5645700,69445000000,300,false,2.46
"TCH",142917,"/Date(1700119794000)/",12500,1000,5644000,69423000000,300,false,2.46
"TCH",142917,"/Date(1700119794000)/",12500,2000,5643000,69411000000,300,false,2.46
"TCH",142917,"/Date(1700119794000)/",12500,100,5641000,69386000000,300,false,2.46
"TCH",142917,"/Date(1700119794000)/",12500,5200,5640900,69385000000,300,false,2.46
"TCH",142914,"/Date(1700119791000)/",12500,4000,5635700,69320000000,300,false,2.46
"TCH",142911,"/Date(1700119788000)/",12450,200,5631700,69270000000,250,true,2.05
"TCH",142911,"/Date(1700119785000)/",12500,800,5631500,69267000000,300,false,2.46
"TCH",142911,"/Date(1700119785000)/",12500,100,5630700,69257000000,300,false,2.46
"TCH",142911,"/Date(1700119785000)/",12500,200,5630600,69256000000,300,false,2.46
"TCH",142911,"/Date(1700119785000)/",12500,200,5630400,69253000000,300,false,2.46
"TCH",142911,"/Date(1700119785000)/",12500,100,5630200,69251000000,300,false,2.46
"TCH",142911,"/Date(1700119785000)/",12500,600,5630100,69250000000,300,false,2.46
"TCH",142911,"/Date(1700119785000)/",12500,400,5629500,69242000000,300,false,2.46
"TCH",142911,"/Date(1700119785000)/",12500,4600,5629100,69237000000,300,false,2.46
"TCH",142904,"/Date(1700119779000)/",12500,500,5624500,69180000000,300,false,2.46
"TCH",142901,"/Date(1700119775000)/",12500,9900,5624000,69173000000,300,false,2.46
"TCH",142901,"/Date(1700119775000)/",12500,200,5614100,69050000000,300,false,2.46
"TCH",142901,"/Date(1700119775000)/",12500,5000,5613900,69047000000,300,false,2.46
"TCH",142901,"/Date(1700119775000)/",12500,200,5608900,68985000000,300,false,2.46
"TCH",142901,"/Date(1700119775000)/",12500,100,5608700,68982000000,300,false,2.46
"TCH",142901,"/Date(1700119775000)/",12500,5000,5608600,68981000000,300,false,2.46
"TCH",142901,"/Date(1700119775000)/",12500,300,5603600,68918000000,300,false,2.46
"TCH",142901,"/Date(1700119775000)/",12500,200,5603300,68915000000,300,false,2.46
"TCH",142901,"/Date(1700119775000)/",12500,1000,5603100,68912000000,300,false,2.46
"TCH",142901,"/Date(1700119775000)/",12500,500,5602100,68900000000,300,false,2.46
"TCH",142901,"/Date(1700119775000)/",12500,100,5601600,68893000000,300,false,2.46
"TCH",142901,"/Date(1700119775000)/",12500,500,5601500,68892000000,300,false,2.46
"TCH",142901,"/Date(1700119775000)/",12500,3000,5601000,68886000000,300,false,2.46
"TCH",142901,"/Date(1700119775000)/",12500,3000,5598000,68848000000,300,false,2.46
"TCH",142901,"/Date(1700119775000)/",12500,1000,5595000,68811000000,300,false,2.46
"TCH",142858,"/Date(1700119775000)/",12500,1000,5594000,68798000000,300,false,2.46
"TCH",142858,"/Date(1700119772000)/",12500,1000,5593000,68786000000,300,false,2.46
"TCH",142858,"/Date(1700119772000)/",12500,4000,5592000,68773000000,300,false,2.46
"TCH",142858,"/Date(1700119772000)/",12500,1000,5588000,68723000000,300,false,2.46
"TCH",142858,"/Date(1700119772000)/",12500,1000,5587000,68711000000,300,false,2.46
"TCH",142854,"/Date(1700119769000)/",12500,3000,5586000,68698000000,300,false,2.46
"TCH",142851,"/Date(1700119769000)/",12500,200,5583000,68661000000,300,false,2.46
"TCH",142848,"/Date(1700119764000)/",12500,14000,5582800,68658000000,300,false,2.46
"TCH",142848,"/Date(1700119763000)/",12500,1000,5568800,68483000000,300,false,2.46
"TCH",142845,"/Date(1700119761000)/",12500,10000,5567800,68471000000,300,false,2.46
"TCH",142845,"/Date(1700119760000)/",12500,1100,5557800,68346000000,300,false,2.46
"TCH",142842,"/Date(1700119759000)/",12450,200,5556700,68332000000,250,true,2.05
"TCH",142835,"/Date(1700119753000)/",12500,5000,5556500,68330000000,300,false,2.46
"TCH",142832,"/Date(1700119749000)/",12500,3000,5551500,68267000000,300,false,2.46
"TCH",142829,"/Date(1700119744000)/",12500,100,5548500,68230000000,300,false,2.46
"TCH",142823,"/Date(1700119740000)/",12500,1200,5548400,68228000000,300,false,2.46
"TCH",142823,"/Date(1700119739000)/",12500,10000,5547200,68213000000,300,false,2.46
"TCH",142823,"/Date(1700119738000)/",12500,400,5537200,68088000000,300,false,2.46
"TCH",142823,"/Date(1700119738000)/",12500,3500,5536800,68083000000,300,false,2.46
"TCH",142819,"/Date(1700119735000)/",12500,1500,5533300,68040000000,300,false,2.46
"TCH",142819,"/Date(1700119735000)/",12500,1000,5531800,68021000000,300,false,2.46
"TCH",142819,"/Date(1700119735000)/",12500,1500,5530800,68008000000,300,false,2.46
"TCH",142816,"/Date(1700119733000)/",12500,1000,5529300,67990000000,300,false,2.46
"TCH",142816,"/Date(1700119731000)/",12500,100,5528300,67977000000,300,false,2.46
"TCH",142813,"/Date(1700119727000)/",12500,400,5528200,67976000000,300,false,2.46
"TCH",142810,"/Date(1700119724000)/",12500,200,5527800,67971000000,300,false,2.46
"TCH",142807,"/Date(1700119723000)/",12450,500,5527600,67968000000,250,true,2.05
"TCH",142807,"/Date(1700119722000)/",12450,400,5527100,67962000000,250,true,2.05
"TCH",142807,"/Date(1700119722000)/",12500,4800,5526700,67957000000,300,false,2.46
"TCH",142807,"/Date(1700119722000)/",12500,200,5521900,67897000000,300,false,2.46
"TCH",142803,"/Date(1700119720000)/",12450,2000,5521700,67895000000,250,true,2.05
"TCH",142800,"/Date(1700119717000)/",12450,500,5519700,67870000000,250,true,2.05
"TCH",142800,"/Date(1700119716000)/",12500,800,5519200,67863000000,300,false,2.46
"TCH",142800,"/Date(1700119716000)/",12500,100,5518400,67853000000,300,false,2.46
"TCH",142800,"/Date(1700119716000)/",12500,1000,5518300,67852000000,300,false,2.46
"TCH",142800,"/Date(1700119716000)/",12500,300,5517300,67840000000,300,false,2.46
"TCH",142800,"/Date(1700119716000)/",12500,1000,5517000,67836000000,300,false,2.46
"TCH",142800,"/Date(1700119716000)/",12500,100,5516000,67823000000,300,false,2.46
"TCH",142800,"/Date(1700119716000)/",12500,5000,5515900,67822000000,300,false,2.46
"TCH",142800,"/Date(1700119716000)/",12500,2200,5510900,67760000000,300,false,2.46
"TCH",142800,"/Date(1700119716000)/",12500,500,5508700,67732000000,300,false,2.46
"TCH",142800,"/Date(1700119716000)/",12500,9000,5508200,67726000000,300,false,2.46
"TCH",142757,"/Date(1700119713000)/",12450,1000,5499200,67613000000,250,true,2.05
"TCH",142754,"/Date(1700119709000)/",12500,10000,5498200,67601000000,300,false,2.46
"TCH",142751,"/Date(1700119707000)/",12500,100,5488200,67476000000,300,false,2.46
"TCH",142747,"/Date(1700119703000)/",12500,100,5488100,67475000000,300,false,2.46
"TCH",142744,"/Date(1700119700000)/",12500,500,5488000,67474000000,300,false,2.46
"TCH",142744,"/Date(1700119700000)/",12500,400,5487500,67467000000,300,false,2.46
"TCH",142744,"/Date(1700119698000)/",12450,9900,5487100,67462000000,250,true,2.05
"TCH",142741,"/Date(1700119698000)/",12500,10000,5477200,67339000000,300,false,2.46
"TCH",142735,"/Date(1700119691000)/",12450,10000,5467200,67214000000,250,true,2.05
"TCH",142735,"/Date(1700119691000)/",12450,1000,5457200,67090000000,250,true,2.05
"TCH",142735,"/Date(1700119690000)/",12450,10000,5456200,67077000000,250,true,2.05
"TCH",142731,"/Date(1700119688000)/",12500,10000,5446200,66953000000,300,false,2.46
"TCH",142731,"/Date(1700119687000)/",12450,1500,5436200,66828000000,250,true,2.05
"TCH",142728,"/Date(1700119683000)/",12500,10000,5434700,66809000000,300,false,2.46
"TCH",142725,"/Date(1700119681000)/",12450,5000,5424700,66684000000,250,true,2.05
"TCH",142722,"/Date(1700119678000)/",12450,1100,5419700,66622000000,250,true,2.05
"TCH",142722,"/Date(1700119676000)/",12450,10000,5418600,66608000000,250,true,2.05
"TCH",142712,"/Date(1700119668000)/",12450,5000,5408600,66483000000,250,true,2.05
"TCH",142712,"/Date(1700119668000)/",12500,100,5403600,66421000000,300,false,2.46
"TCH",142709,"/Date(1700119666000)/",12500,200,5403500,66420000000,300,false,2.46
"TCH",142706,"/Date(1700119660000)/",12450,1200,5403300,66417000000,250,true,2.05
"TCH",142706,"/Date(1700119660000)/",12450,200,5402100,66403000000,250,true,2.05
"TCH",142706,"/Date(1700119660000)/",12450,2000,5401900,66400000000,250,true,2.05
"TCH",142706,"/Date(1700119660000)/",12450,1600,5399900,66375000000,250,true,2.05
"TCH",142659,"/Date(1700119656000)/",12500,4000,5398300,66355000000,300,false,2.46
"TCH",142656,"/Date(1700119653000)/",12450,100,5394300,66305000000,250,true,2.05
"TCH",142656,"/Date(1700119653000)/",12500,400,5394200,66304000000,300,false,2.46
"TCH",142653,"/Date(1700119649000)/",12500,1600,5393800,66299000000,300,false,2.46
"TCH",142650,"/Date(1700119647000)/",12450,200,5392200,66279000000,250,true,2.05
"TCH",142650,"/Date(1700119646000)/",12500,10000,5392000,66276000000,300,false,2.46
"TCH",142650,"/Date(1700119644000)/",12450,1500,5382000,66151000000,250,true,2.05
"TCH",142646,"/Date(1700119642000)/",12500,5000,5380500,66133000000,300,false,2.46
"TCH",142646,"/Date(1700119641000)/",12500,300,5375500,66070000000,300,false,2.46
"TCH",142627,"/Date(1700119623000)/",12500,4900,5375200,66067000000,300,false,2.46
"TCH",142627,"/Date(1700119621000)/",12450,5000,5370300,66005000000,250,true,2.05
"TCH",142624,"/Date(1700119619000)/",12450,1600,5365300,65943000000,250,true,2.05
"TCH",142624,"/Date(1700119619000)/",12450,500,5363700,65923000000,250,true,2.05
"TCH",142624,"/Date(1700119619000)/",12450,17900,5363200,65917000000,250,true,2.05
"TCH",142621,"/Date(1700119617000)/",12450,1000,5345300,65694000000,250,true,2.05
"TCH",142611,"/Date(1700119606000)/",12450,100,5344300,65682000000,250,true,2.05
"TCH",142608,"/Date(1700119603000)/",12450,100,5344200,65680000000,250,true,2.05
"TCH",142605,"/Date(1700119600000)/",12450,900,5344100,65679000000,250,true,2.05
"TCH",142605,"/Date(1700119600000)/",12450,100,5343200,65668000000,250,true,2.05
"TCH",142558,"/Date(1700119594000)/",12500,5000,5343100,65667000000,300,false,2.46
"TCH",142552,"/Date(1700119588000)/",12450,1000,5338100,65604000000,250,false,2.05
"TCH",142542,"/Date(1700119577000)/",12500,200,5337100,65592000000,300,false,2.46
"TCH",142542,"/Date(1700119577000)/",12400,200,5336900,65589000000,200,true,1.64
"TCH",142542,"/Date(1700119577000)/",12450,4800,5336700,65587000000,250,false,2.05
"TCH",142542,"/Date(1700119576000)/",12450,500,5331900,65527000000,250,false,2.05
"TCH",142532,"/Date(1700119569000)/",12500,1300,5331400,65521000000,300,false,2.46
"TCH",142532,"/Date(1700119569000)/",12450,200,5330100,65505000000,250,false,2.05
"TCH",142532,"/Date(1700119569000)/",12450,500,5329900,65502000000,250,false,2.05
"TCH",142504,"/Date(1700119538000)/",12500,16900,5329400,65496000000,300,false,2.46
"TCH",142504,"/Date(1700119538000)/",12500,400,5312500,65285000000,300,false,2.46
"TCH",142504,"/Date(1700119538000)/",12500,2000,5312100,65280000000,300,false,2.46
"TCH",142504,"/Date(1700119538000)/",12500,100,5310100,65255000000,300,false,2.46
"TCH",142504,"/Date(1700119538000)/",12500,1000,5310000,65253000000,300,false,2.46
"TCH",142504,"/Date(1700119538000)/",12500,500,5309000,65241000000,300,false,2.46
"TCH",142504,"/Date(1700119538000)/",12500,1000,5308500,65235000000,300,false,2.46
"TCH",142504,"/Date(1700119538000)/",12500,1500,5307500,65222000000,300,false,2.46
"TCH",142504,"/Date(1700119538000)/",12450,5000,5306000,65203000000,250,false,2.05
"TCH",142504,"/Date(1700119538000)/",12450,1500,5301000,65141000000,250,false,2.05
"TCH",142504,"/Date(1700119538000)/",12450,1000,5299500,65122000000,250,false,2.05
"TCH",142504,"/Date(1700119538000)/",12450,600,5298500,65110000000,250,false,2.05
"TCH",142504,"/Date(1700119538000)/",12450,3000,5297900,65102000000,250,false,2.05
"TCH",142504,"/Date(1700119538000)/",12450,200,5294900,65065000000,250,false,2.05
"TCH",142504,"/Date(1700119538000)/",12450,300,5294700,65063000000,250,false,2.05
"TCH",142504,"/Date(1700119538000)/",12450,5000,5294400,65059000000,250,false,2.05
"TCH",142504,"/Date(1700119538000)/",12450,200,5289400,64997000000,250,false,2.05
"TCH",142504,"/Date(1700119538000)/",12450,2000,5289200,64994000000,250,false,2.05
"TCH",142504,"/Date(1700119538000)/",12450,100,5287200,64969000000,250,false,2.05
"TCH",142504,"/Date(1700119538000)/",12450,3500,5287100,64968000000,250,false,2.05
"TCH",142504,"/Date(1700119538000)/",12450,1300,5283600,64924000000,250,false,2.05
"TCH",142504,"/Date(1700119538000)/",12450,1400,5282300,64908000000,250,false,2.05
"TCH",142504,"/Date(1700119538000)/",12450,2000,5280900,64891000000,250,false,2.05
"TCH",142504,"/Date(1700119538000)/",12450,6000,5278900,64866000000,250,false,2.05
"TCH",142504,"/Date(1700119538000)/",12450,300,5272900,64791000000,250,false,2.05
"TCH",142504,"/Date(1700119538000)/",12450,10000,5272600,64787000000,250,false,2.05
"TCH",142504,"/Date(1700119538000)/",12450,1000,5262600,64663000000,250,false,2.05
"TCH",142504,"/Date(1700119538000)/",12450,9500,5261600,64651000000,250,false,2.05
"TCH",142504,"/Date(1700119538000)/",12450,200,5252100,64532000000,250,false,2.05
"TCH",142504,"/Date(1700119538000)/",12450,500,5251900,64530000000,250,false,2.05
"TCH",142504,"/Date(1700119538000)/",12450,1000,5251400,64524000000,250,false,2.05
"TCH",142504,"/Date(1700119538000)/",12450,200,5250400,64511000000,250,false,2.05
"TCH",142504,"/Date(1700119538000)/",12450,5000,5250200,64509000000,250,false,2.05
"TCH",142504,"/Date(1700119538000)/",12450,400,5245200,64446000000,250,false,2.05
"TCH",142504,"/Date(1700119538000)/",12450,300,5244800,64441000000,250,false,2.05
"TCH",142504,"/Date(1700119538000)/",12450,500,5244500,64438000000,250,false,2.05
"TCH",142504,"/Date(1700119538000)/",12450,10000,5244000,64431000000,250,false,2.05
"TCH",142504,"/Date(1700119538000)/",12450,500,5234000,64307000000,250,false,2.05
"TCH",142504,"/Date(1700119538000)/",12450,5000,5233500,64301000000,250,false,2.05
"TCH",142504,"/Date(1700119538000)/",12450,1000,5228500,64238000000,250,false,2.05
"TCH",142504,"/Date(1700119538000)/",12450,100,5227500,64226000000,250,false,2.05
"TCH",142504,"/Date(1700119538000)/",12450,1000,5227400,64225000000,250,false,2.05
"TCH",142504,"/Date(1700119538000)/",12450,300,5226400,64212000000,250,false,2.05
"TCH",142504,"/Date(1700119538000)/",12450,1000,5226100,64209000000,250,false,2.05
"TCH",142504,"/Date(1700119538000)/",12450,200,5225100,64196000000,250,false,2.05
"TCH",142504,"/Date(1700119538000)/",12450,10000,5224900,64194000000,250,false,2.05
"TCH",142504,"/Date(1700119538000)/",12450,10000,5214900,64069000000,250,false,2.05
"TCH",142504,"/Date(1700119538000)/",12450,3000,5204900,63945000000,250,false,2.05
"TCH",142504,"/Date(1700119538000)/",12450,100,5201900,63907000000,250,false,2.05
"TCH",142504,"/Date(1700119538000)/",12450,100,5201800,63906000000,250,false,2.05
"TCH",142504,"/Date(1700119538000)/",12450,500,5201700,63905000000,250,false,2.05
"TCH",142504,"/Date(1700119538000)/",12450,5000,5201200,63899000000,250,false,2.05
"TCH",142504,"/Date(1700119538000)/",12450,2000,5196200,63836000000,250,false,2.05
"TCH",142504,"/Date(1700119538000)/",12450,100,5194200,63811000000,250,false,2.05
"TCH",142504,"/Date(1700119538000)/",12450,1000,5194100,63810000000,250,false,2.05
"TCH",142504,"/Date(1700119538000)/",12450,35700,5193100,63798000000,250,false,2.05
"TCH",142504,"/Date(1700119538000)/",12400,1000,5157400,63353000000,200,false,1.64
"TCH",142504,"/Date(1700119538000)/",12400,27000,5156400,63341000000,200,false,1.64
"TCH",142504,"/Date(1700119537000)/",12400,200,5129400,63006000000,200,false,1.64
"TCH",142500,"/Date(1700119536000)/",12400,5000,5129200,63004000000,200,false,1.64
"TCH",142454,"/Date(1700119529000)/",12400,20800,5124200,62942000000,200,false,1.64
"TCH",142454,"/Date(1700119529000)/",12400,2000,5103400,62684000000,200,false,1.64
"TCH",142454,"/Date(1700119529000)/",12400,1000,5101400,62659000000,200,false,1.64
"TCH",142454,"/Date(1700119529000)/",12400,100,5100400,62646000000,200,false,1.64
"TCH",142454,"/Date(1700119529000)/",12400,500,5100300,62645000000,200,false,1.64
"TCH",142454,"/Date(1700119529000)/",12400,1000,5099800,62639000000,200,false,1.64
"TCH",142454,"/Date(1700119529000)/",12400,200,5098800,62627000000,200,false,1.64
"TCH",142454,"/Date(1700119529000)/",12400,1000,5098600,62624000000,200,false,1.64
"TCH",142454,"/Date(1700119529000)/",12400,100,5097600,62612000000,200,false,1.64
"TCH",142454,"/Date(1700119529000)/",12400,9700,5097500,62610000000,200,false,1.64
"TCH",142454,"/Date(1700119529000)/",12400,5000,5087800,62490000000,200,false,1.64
"TCH",142454,"/Date(1700119529000)/",12400,3000,5082800,62428000000,200,false,1.64
"TCH",142454,"/Date(1700119529000)/",12400,2500,5079800,62391000000,200,false,1.64
"TCH",142454,"/Date(1700119529000)/",12400,300,5077300,62360000000,200,false,1.64
"TCH",142454,"/Date(1700119529000)/",12400,1000,5077000,62356000000,200,false,1.64
"TCH",142454,"/Date(1700119529000)/",12400,1800,5076000,62344000000,200,false,1.64
"TCH",142451,"/Date(1700119527000)/",12400,1200,5074200,62322000000,200,false,1.64
"TCH",142451,"/Date(1700119527000)/",12400,2000,5073000,62307000000,200,false,1.64
"TCH",142451,"/Date(1700119527000)/",12400,1000,5071000,62282000000,200,false,1.64
"TCH",142451,"/Date(1700119527000)/",12400,7200,5070000,62269000000,200,false,1.64
"TCH",142451,"/Date(1700119527000)/",12400,400,5062800,62180000000,200,false,1.64
"TCH",142451,"/Date(1700119527000)/",12400,1000,5062400,62175000000,200,false,1.64
"TCH",142451,"/Date(1700119527000)/",12400,200,5061400,62163000000,200,false,1.64
"TCH",142451,"/Date(1700119527000)/",12400,5000,5061200,62160000000,200,false,1.64
"TCH",142451,"/Date(1700119527000)/",12400,20000,5056200,62098000000,200,false,1.64
"TCH",142451,"/Date(1700119527000)/",12400,9400,5036200,61850000000,200,false,1.64
"TCH",142451,"/Date(1700119525000)/",12400,600,5026800,61734000000,200,false,1.64
"TCH",142451,"/Date(1700119525000)/",12400,400,5026200,61726000000,200,false,1.64
"TCH",142435,"/Date(1700119511000)/",12400,100,5025800,61721000000,200,false,1.64
"TCH",142422,"/Date(1700119499000)/",12400,1500,5025700,61720000000,200,false,1.64
"TCH",142422,"/Date(1700119499000)/",12400,100,5024200,61702000000,200,false,1.64
"TCH",142422,"/Date(1700119498000)/",12350,500,5024100,61700000000,150,false,1.23
"TCH",142422,"/Date(1700119498000)/",12350,3300,5023600,61694000000,150,false,1.23
"TCH",142422,"/Date(1700119498000)/",12350,1000,5020300,61653000000,150,false,1.23
"TCH",142422,"/Date(1700119498000)/",12350,500,5019300,61641000000,150,false,1.23
"TCH",142422,"/Date(1700119498000)/",12350,500,5018800,61635000000,150,false,1.23
"TCH",142422,"/Date(1700119498000)/",12350,10000,5018300,61629000000,150,false,1.23
"TCH",142422,"/Date(1700119498000)/",12350,1000,5008300,61505000000,150,false,1.23
"TCH",142422,"/Date(1700119498000)/",12350,10000,5007300,61493000000,150,false,1.23
"TCH",142422,"/Date(1700119498000)/",12350,2000,4997300,61369000000,150,false,1.23
"TCH",142422,"/Date(1700119498000)/",12350,100,4995300,61345000000,150,false,1.23
"TCH",142422,"/Date(1700119498000)/",12350,20000,4995200,61343000000,150,false,1.23
"TCH",142422,"/Date(1700119498000)/",12350,400,4975200,61096000000,150,false,1.23
"TCH",142422,"/Date(1700119498000)/",12350,20400,4974800,61091000000,150,false,1.23
"TCH",142422,"/Date(1700119498000)/",12350,2000,4954400,60840000000,150,false,1.23
"TCH",142422,"/Date(1700119498000)/",12350,1000,4952400,60815000000,150,false,1.23
"TCH",142422,"/Date(1700119498000)/",12350,2000,4951400,60802000000,150,false,1.23
"TCH",142422,"/Date(1700119498000)/",12350,200,4949400,60778000000,150,false,1.23
"TCH",142422,"/Date(1700119498000)/",12350,500,4949200,60775000000,150,false,1.23
"TCH",142422,"/Date(1700119498000)/",12350,5000,4948700,60769000000,150,false,1.23
"TCH",142422,"/Date(1700119498000)/",12350,9700,4943700,60707000000,150,false,1.23
"TCH",142416,"/Date(1700119491000)/",12350,300,4934000,60588000000,150,false,1.23
"TCH",142416,"/Date(1700119491000)/",12350,1700,4933700,60584000000,150,false,1.23
"TCH",142403,"/Date(1700119478000)/",12300,400,4932000,60563000000,100,true,0.82
"TCH",142315,"/Date(1700119432000)/",12300,500,4931600,60558000000,100,true,0.82
"TCH",142308,"/Date(1700119425000)/",12350,2000,4931100,60552000000,150,false,1.23
"TCH",142239,"/Date(1700119394000)/",12300,500,4929100,60527000000,100,true,0.82
"TCH",142223,"/Date(1700119379000)/",12300,5000,4928600,60521000000,100,true,0.82
"TCH",142214,"/Date(1700119370000)/",12300,500,4923600,60459000000,100,true,0.82
"TCH",142211,"/Date(1700119367000)/",12300,400,4923100,60453000000,100,true,0.82
"TCH",142201,"/Date(1700119358000)/",12300,200,4922700,60448000000,100,true,0.82
"TCH",142201,"/Date(1700119358000)/",12300,1300,4922500,60446000000,100,true,0.82
"TCH",142158,"/Date(1700119353000)/",12300,3700,4921200,60430000000,100,false,0.82
"TCH",142155,"/Date(1700119351000)/",12300,100,4917500,60384000000,100,false,0.82
"TCH",142155,"/Date(1700119351000)/",12300,1200,4917400,60383000000,100,false,0.82
"TCH",142148,"/Date(1700119343000)/",12300,5000,4916200,60368000000,100,false,0.82
"TCH",142145,"/Date(1700119341000)/",12250,1000,4911200,60307000000,50,true,0.41
"TCH",142145,"/Date(1700119340000)/",12300,5600,4910200,60295000000,100,true,0.82
"TCH",142145,"/Date(1700119340000)/",12300,10000,4904600,60226000000,100,true,0.82
"TCH",142145,"/Date(1700119340000)/",12300,1000,4894600,60103000000,100,true,0.82
"TCH",142145,"/Date(1700119340000)/",12300,100,4893600,60090000000,100,true,0.82
"TCH",142145,"/Date(1700119340000)/",12300,500,4893500,60089000000,100,true,0.82
"TCH",142145,"/Date(1700119340000)/",12300,1100,4893000,60083000000,100,true,0.82
"TCH",142145,"/Date(1700119340000)/",12300,1500,4891900,60070000000,100,true,0.82
"TCH",142145,"/Date(1700119340000)/",12300,500,4890400,60051000000,100,true,0.82
"TCH",142145,"/Date(1700119340000)/",12300,300,4889900,60045000000,100,true,0.82
"TCH",142139,"/Date(1700119333000)/",12300,2200,4889600,60041000000,100,true,0.82
"TCH",142139,"/Date(1700119333000)/",12300,500,4887400,60014000000,100,true,0.82
"TCH",142139,"/Date(1700119333000)/",12300,600,4886900,60008000000,100,true,0.82
"TCH",142139,"/Date(1700119333000)/",12300,2000,4886300,60001000000,100,true,0.82
"TCH",142139,"/Date(1700119333000)/",12300,5000,4884300,59976000000,100,true,0.82
"TCH",142139,"/Date(1700119333000)/",12300,5000,4879300,59915000000,100,true,0.82
"TCH",142139,"/Date(1700119333000)/",12300,200,4874300,59853000000,100,true,0.82
"TCH",142139,"/Date(1700119333000)/",12300,5000,4874100,59851000000,100,true,0.82
"TCH",142139,"/Date(1700119333000)/",12300,200,4869100,59789000000,100,true,0.82
"TCH",142139,"/Date(1700119333000)/",12300,5000,4868900,59787000000,100,true,0.82
"TCH",142139,"/Date(1700119333000)/",12300,5000,4863900,59725000000,100,true,0.82
"TCH",142139,"/Date(1700119333000)/",12300,100,4858900,59664000000,100,true,0.82
"TCH",142139,"/Date(1700119333000)/",12300,500,4858800,59662000000,100,true,0.82
"TCH",142139,"/Date(1700119333000)/",12300,300,4858300,59656000000,100,true,0.82
"TCH",142139,"/Date(1700119333000)/",12300,1000,4858000,59653000000,100,true,0.82
"TCH",142139,"/Date(1700119333000)/",12300,1000,4857000,59640000000,100,true,0.82
"TCH",142139,"/Date(1700119333000)/",12300,200,4856000,59628000000,100,true,0.82
"TCH",142139,"/Date(1700119333000)/",12300,1000,4855800,59626000000,100,true,0.82
"TCH",142139,"/Date(1700119333000)/",12300,1000,4854800,59613000000,100,true,0.82
"TCH",142139,"/Date(1700119333000)/",12300,100,4853800,59601000000,100,true,0.82
"TCH",142139,"/Date(1700119333000)/",12300,4100,4853700,59600000000,100,true,0.82
"TCH",142136,"/Date(1700119330000)/",12300,5000,4849600,59549000000,100,true,0.82
"TCH",142129,"/Date(1700119325000)/",12300,1000,4844600,59488000000,100,true,0.82
"TCH",142126,"/Date(1700119321000)/",12300,35400,4843600,59475000000,100,true,0.82
"TCH",142107,"/Date(1700119301000)/",12300,15000,4808200,59040000000,100,true,0.82
"TCH",142054,"/Date(1700119288000)/",12350,1300,4793200,58856000000,150,false,1.23
"TCH",142054,"/Date(1700119288000)/",12350,100,4791900,58840000000,150,false,1.23
"TCH",142054,"/Date(1700119288000)/",12350,100,4791800,58838000000,150,false,1.23
"TCH",142054,"/Date(1700119288000)/",12350,1000,4791700,58837000000,150,false,1.23
"TCH",142054,"/Date(1700119288000)/",12350,7500,4790700,58825000000,150,false,1.23
"TCH",142051,"/Date(1700119285000)/",12300,500,4783200,58732000000,100,true,0.82
"TCH",142044,"/Date(1700119280000)/",12350,5000,4782700,58726000000,150,false,1.23
"TCH",142038,"/Date(1700119273000)/",12300,1000,4777700,58664000000,100,true,0.82
"TCH",142035,"/Date(1700119271000)/",12300,500,4776700,58652000000,100,true,0.82
"TCH",142028,"/Date(1700119264000)/",12300,1000,4776200,58646000000,100,true,0.82
"TCH",142019,"/Date(1700119255000)/",12300,2000,4775200,58633000000,100,true,0.82
"TCH",142006,"/Date(1700119241000)/",12350,7500,4773200,58609000000,150,false,1.23
"TCH",142006,"/Date(1700119241000)/",12350,2500,4765700,58516000000,150,false,1.23
"TCH",141950,"/Date(1700119226000)/",12350,5000,4763200,58485000000,150,false,1.23
"TCH",141921,"/Date(1700119195000)/",12350,5000,4758200,58424000000,150,false,1.23
"TCH",141918,"/Date(1700119194000)/",12350,100,4753200,58362000000,150,false,1.23
"TCH",141908,"/Date(1700119184000)/",12350,2000,4753100,58361000000,150,false,1.23
"TCH",141908,"/Date(1700119182000)/",12350,100,4751100,58336000000,150,false,1.23
"TCH",141856,"/Date(1700119170000)/",12350,5000,4751000,58335000000,150,false,1.23
"TCH",141852,"/Date(1700119166000)/",12350,5000,4746000,58273000000,150,false,1.23
"TCH",141843,"/Date(1700119157000)/",12350,5000,4741000,58211000000,150,false,1.23
"TCH",141830,"/Date(1700119145000)/",12300,2100,4736000,58149000000,100,true,0.82
"TCH",141824,"/Date(1700119138000)/",12350,5000,4733900,58124000000,150,false,1.23
"TCH",141739,"/Date(1700119093000)/",12350,5000,4728900,58062000000,150,false,1.23
"TCH",141726,"/Date(1700119081000)/",12350,5000,4723900,58000000000,150,false,1.23
"TCH",141707,"/Date(1700119062000)/",12350,5200,4718900,57938000000,150,true,1.23
"TCH",141704,"/Date(1700119059000)/",12350,4800,4713700,57874000000,150,false,1.23
"TCH",141654,"/Date(1700119048000)/",12350,2500,4708900,57815000000,150,false,1.23
"TCH",141654,"/Date(1700119048000)/",12350,2000,4706400,57784000000,150,false,1.23
"TCH",141654,"/Date(1700119048000)/",12350,5500,4704400,57759000000,150,false,1.23
"TCH",141651,"/Date(1700119047000)/",12350,8000,4698900,57691000000,150,false,1.23
"TCH",141628,"/Date(1700119024000)/",12350,10000,4690900,57593000000,150,false,1.23
"TCH",141625,"/Date(1700119021000)/",12350,5000,4680900,57469000000,150,false,1.23
"TCH",141557,"/Date(1700118991000)/",12350,800,4675900,57407000000,150,false,1.23
"TCH",141557,"/Date(1700118990000)/",12350,100,4675100,57397000000,150,false,1.23
"TCH",141553,"/Date(1700118988000)/",12350,500,4675000,57396000000,150,false,1.23
"TCH",141553,"/Date(1700118988000)/",12350,100,4674500,57390000000,150,false,1.23
"TCH",141534,"/Date(1700118969000)/",12350,400,4674400,57389000000,150,false,1.23
"TCH",141534,"/Date(1700118969000)/",12350,2800,4674000,57384000000,150,false,1.23
"TCH",141531,"/Date(1700118967000)/",12350,200,4671200,57349000000,150,false,1.23
"TCH",141531,"/Date(1700118967000)/",12350,2900,4671000,57347000000,150,false,1.23
"TCH",141528,"/Date(1700118964000)/",12350,100,4668100,57311000000,150,false,1.23
"TCH",141515,"/Date(1700118951000)/",12350,5000,4668000,57310000000,150,false,1.23
"TCH",141459,"/Date(1700118934000)/",12350,100,4663000,57248000000,150,true,1.23
"TCH",141459,"/Date(1700118934000)/",12350,900,4662900,57247000000,150,true,1.23
"TCH",141459,"/Date(1700118934000)/",12350,4000,4662000,57236000000,150,true,1.23
"TCH",141453,"/Date(1700118926000)/",12350,1000,4658000,57186000000,150,true,1.23
"TCH",141449,"/Date(1700118924000)/",12350,10000,4657000,57174000000,150,true,1.23
"TCH",141446,"/Date(1700118920000)/",12350,14000,4647000,57050000000,150,true,1.23
"TCH",141352,"/Date(1700118865000)/",12350,500,4633000,56877000000,150,false,1.23
"TCH",141352,"/Date(1700118865000)/",12350,1000,4632500,56871000000,150,false,1.23
"TCH",141352,"/Date(1700118865000)/",12350,4500,4631500,56859000000,150,false,1.23
"TCH",141352,"/Date(1700118865000)/",12350,1000,4627000,56803000000,150,false,1.23
"TCH",141352,"/Date(1700118865000)/",12350,2000,4626000,56791000000,150,false,1.23
"TCH",141352,"/Date(1700118865000)/",12350,5000,4624000,56766000000,150,false,1.23
"TCH",141352,"/Date(1700118865000)/",12350,200,4619000,56705000000,150,false,1.23
"TCH",141352,"/Date(1700118865000)/",12350,2000,4618800,56702000000,150,false,1.23
"TCH",141352,"/Date(1700118865000)/",12350,200,4616800,56677000000,150,false,1.23
"TCH",141352,"/Date(1700118865000)/",12350,5000,4616600,56675000000,150,false,1.23
"TCH",141352,"/Date(1700118865000)/",12350,300,4611600,56613000000,150,false,1.23
"TCH",141352,"/Date(1700118865000)/",12350,1000,4611300,56609000000,150,false,1.23
"TCH",141352,"/Date(1700118865000)/",12350,5000,4610300,56597000000,150,false,1.23
"TCH",141352,"/Date(1700118865000)/",12350,800,4605300,56535000000,150,false,1.23
"TCH",141352,"/Date(1700118865000)/",12350,100,4604500,56525000000,150,false,1.23
"TCH",141352,"/Date(1700118865000)/",12350,400,4604400,56524000000,150,false,1.23
"TCH",141352,"/Date(1700118865000)/",12350,2000,4604000,56519000000,150,false,1.23
"TCH",141352,"/Date(1700118865000)/",12350,2000,4602000,56495000000,150,false,1.23
"TCH",141352,"/Date(1700118865000)/",12350,300,4600000,56470000000,150,false,1.23
"TCH",141352,"/Date(1700118865000)/",12350,5000,4599700,56466000000,150,false,1.23
"TCH",141352,"/Date(1700118865000)/",12350,200,4594700,56404000000,150,false,1.23
"TCH",141352,"/Date(1700118865000)/",12350,1000,4594500,56402000000,150,false,1.23
"TCH",141352,"/Date(1700118865000)/",12350,10000,4593500,56390000000,150,false,1.23
"TCH",141352,"/Date(1700118865000)/",12350,21500,4583500,56266000000,150,false,1.23
"TCH",141336,"/Date(1700118851000)/",12350,2000,4562000,56001000000,150,false,1.23
"TCH",141320,"/Date(1700118833000)/",12300,10000,4560000,55976000000,100,true,0.82
"TCH",141225,"/Date(1700118780000)/",12300,1000,4550000,55853000000,100,true,0.82
"TCH",141225,"/Date(1700118779000)/",12300,100,4549000,55841000000,100,true,0.82
"TCH",141212,"/Date(1700118768000)/",12300,100,4548900,55839000000,100,true,0.82
"TCH",141137,"/Date(1700118733000)/",12300,1500,4548800,55838000000,100,true,0.82
"TCH",141137,"/Date(1700118733000)/",12300,1500,4547300,55820000000,100,true,0.82
"TCH",141137,"/Date(1700118733000)/",12300,1000,4545800,55801000000,100,true,0.82
"TCH",141137,"/Date(1700118733000)/",12300,100,4544800,55789000000,100,true,0.82
"TCH",141137,"/Date(1700118733000)/",12300,1000,4544700,55788000000,100,true,0.82
"TCH",141137,"/Date(1700118733000)/",12300,1000,4543700,55775000000,100,true,0.82
"TCH",141137,"/Date(1700118733000)/",12300,100,4542700,55763000000,100,true,0.82
"TCH",141137,"/Date(1700118733000)/",12300,4100,4542600,55762000000,100,true,0.82
"TCH",141137,"/Date(1700118733000)/",12300,1000,4538500,55711000000,100,true,0.82
"TCH",141137,"/Date(1700118733000)/",12300,1000,4537500,55699000000,100,true,0.82
"TCH",141137,"/Date(1700118733000)/",12300,1000,4536500,55687000000,100,true,0.82
"TCH",141137,"/Date(1700118733000)/",12300,400,4535500,55675000000,100,true,0.82
"TCH",141137,"/Date(1700118733000)/",12300,500,4535100,55670000000,100,true,0.82
"TCH",141137,"/Date(1700118733000)/",12300,100,4534600,55663000000,100,true,0.82
"TCH",141137,"/Date(1700118733000)/",12300,5000,4534500,55662000000,100,true,0.82
"TCH",141137,"/Date(1700118733000)/",12300,900,4529500,55601000000,100,true,0.82
"TCH",141131,"/Date(1700118726000)/",12300,100,4528600,55590000000,100,false,0.82
"TCH",141131,"/Date(1700118726000)/",12300,2000,4528500,55588000000,100,false,0.82
"TCH",141131,"/Date(1700118726000)/",12300,5000,4526500,55564000000,100,false,0.82
"TCH",141131,"/Date(1700118726000)/",12300,3000,4521500,55502000000,100,false,0.82
"TCH",141131,"/Date(1700118726000)/",12300,6000,4518500,55465000000,100,false,0.82
"TCH",141131,"/Date(1700118726000)/",12300,8900,4512500,55392000000,100,false,0.82
"TCH",141118,"/Date(1700118712000)/",12300,2000,4503600,55282000000,100,false,0.82
"TCH",141118,"/Date(1700118712000)/",12300,100,4501600,55258000000,100,false,0.82
"TCH",141115,"/Date(1700118708000)/",12300,10000,4501500,55256000000,100,false,0.82
"TCH",141105,"/Date(1700118699000)/",12300,1000,4491500,55133000000,100,false,0.82
"TCH",141052,"/Date(1700118686000)/",12300,1000,4490500,55121000000,100,false,0.82
"TCH",141039,"/Date(1700118673000)/",12300,500,4489500,55109000000,100,false,0.82
"TCH",141020,"/Date(1700118655000)/",12250,100,4489000,55103000000,50,true,0.41
"TCH",141011,"/Date(1700118644000)/",12250,100,4488900,55101000000,50,true,0.41
"TCH",141001,"/Date(1700118635000)/",12250,5700,4488800,55100000000,50,true,0.41
"TCH",141001,"/Date(1700118635000)/",12250,200,4483100,55030000000,50,true,0.41
"TCH",141001,"/Date(1700118635000)/",12250,4100,4482900,55028000000,50,true,0.41
"TCH",140951,"/Date(1700118624000)/",12250,900,4478800,54978000000,50,true,0.41
"TCH",140951,"/Date(1700118624000)/",12250,100,4477900,54967000000,50,true,0.41
"TCH",140951,"/Date(1700118624000)/",12250,1000,4477800,54965000000,50,true,0.41
"TCH",140951,"/Date(1700118624000)/",12250,1000,4476800,54953000000,50,true,0.41
"TCH",140951,"/Date(1700118624000)/",12250,1000,4475800,54941000000,50,true,0.41
"TCH",140951,"/Date(1700118624000)/",12250,1000,4474800,54929000000,50,true,0.41
"TCH",140951,"/Date(1700118624000)/",12250,1000,4473800,54916000000,50,true,0.41
"TCH",140951,"/Date(1700118624000)/",12250,4000,4472800,54904000000,50,true,0.41
"TCH",140942,"/Date(1700118615000)/",12300,300,4468800,54855000000,100,false,0.82
"TCH",140939,"/Date(1700118611000)/",12250,1100,4468500,54851000000,50,true,0.41
"TCH",140935,"/Date(1700118609000)/",12250,200,4467400,54838000000,50,true,0.41
"TCH",140903,"/Date(1700118578000)/",12250,1900,4467200,54836000000,50,true,0.41
"TCH",140841,"/Date(1700118555000)/",12250,200,4465300,54812000000,50,true,0.41
"TCH",140825,"/Date(1700118537000)/",12250,1000,4465100,54810000000,50,true,0.41
"TCH",140815,"/Date(1700118530000)/",12250,1600,4464100,54798000000,50,true,0.41
"TCH",140815,"/Date(1700118530000)/",12250,200,4462500,54778000000,50,true,0.41
"TCH",140815,"/Date(1700118530000)/",12250,1200,4462300,54776000000,50,true,0.41
"TCH",140753,"/Date(1700118506000)/",12250,3800,4461100,54761000000,50,true,0.41
"TCH",140753,"/Date(1700118506000)/",12250,200,4457300,54714000000,50,true,0.41
"TCH",140750,"/Date(1700118504000)/",12250,400,4457100,54712000000,50,true,0.41
"TCH",140737,"/Date(1700118490000)/",12250,300,4456700,54707000000,50,true,0.41
"TCH",140731,"/Date(1700118485000)/",12250,100,4456400,54703000000,50,true,0.41
"TCH",140731,"/Date(1700118485000)/",12250,900,4456300,54702000000,50,true,0.41
"TCH",140718,"/Date(1700118472000)/",12300,3000,4455400,54691000000,100,false,0.82
"TCH",140636,"/Date(1700118431000)/",12300,100,4452400,54654000000,100,true,0.82
"TCH",140636,"/Date(1700118431000)/",12300,500,4452300,54653000000,100,true,0.82
"TCH",140636,"/Date(1700118431000)/",12300,2600,4451800,54647000000,100,true,0.82
"TCH",140636,"/Date(1700118431000)/",12300,4000,4449200,54615000000,100,true,0.82
"TCH",140636,"/Date(1700118431000)/",12300,5000,4445200,54566000000,100,true,0.82
"TCH",140636,"/Date(1700118429000)/",12300,1000,4440200,54504000000,100,true,0.82
"TCH",140633,"/Date(1700118428000)/",12300,2900,4439200,54492000000,100,true,0.82
"TCH",140633,"/Date(1700118428000)/",12300,100,4436300,54456000000,100,true,0.82
"TCH",140630,"/Date(1700118424000)/",12300,900,4436200,54455000000,100,true,0.82
"TCH",140630,"/Date(1700118424000)/",12300,800,4435300,54444000000,100,true,0.82
"TCH",140630,"/Date(1700118424000)/",12300,1000,4434500,54434000000,100,true,0.82
"TCH",140630,"/Date(1700118424000)/",12300,2300,4433500,54422000000,100,true,0.82
"TCH",140630,"/Date(1700118424000)/",12300,1000,4431200,54393000000,100,true,0.82
"TCH",140627,"/Date(1700118422000)/",12300,1000,4430200,54381000000,100,true,0.82
"TCH",140627,"/Date(1700118421000)/",12300,1800,4429200,54369000000,100,true,0.82
"TCH",140627,"/Date(1700118420000)/",12300,5000,4427400,54347000000,100,true,0.82
"TCH",140620,"/Date(1700118415000)/",12300,5000,4422400,54285000000,100,true,0.82
"TCH",140617,"/Date(1700118410000)/",12300,300,4417400,54224000000,100,true,0.82
"TCH",140617,"/Date(1700118410000)/",12300,1000,4417100,54220000000,100,true,0.82
"TCH",140614,"/Date(1700118408000)/",12300,1900,4416100,54208000000,100,true,0.82
"TCH",140607,"/Date(1700118401000)/",12300,10000,4414200,54184000000,100,true,0.82
"TCH",140604,"/Date(1700118398000)/",12300,20000,4404200,54061000000,100,true,0.82
"TCH",140555,"/Date(1700118389000)/",12300,700,4384200,53815000000,100,true,0.82
"TCH",140555,"/Date(1700118389000)/",12300,2300,4383500,53807000000,100,true,0.82
"TCH",140523,"/Date(1700118355000)/",12300,200,4381200,53778000000,100,true,0.82
"TCH",140516,"/Date(1700118348000)/",12300,700,4381000,53776000000,100,true,0.82
"TCH",140438,"/Date(1700118312000)/",12300,700,4380300,53767000000,100,true,0.82
"TCH",140438,"/Date(1700118312000)/",12300,500,4379600,53759000000,100,true,0.82
"TCH",140438,"/Date(1700118312000)/",12300,1000,4379100,53753000000,100,true,0.82
"TCH",140438,"/Date(1700118312000)/",12300,100,4378100,53740000000,100,true,0.82
"TCH",140438,"/Date(1700118312000)/",12300,500,4378000,53739000000,100,true,0.82
"TCH",140438,"/Date(1700118312000)/",12300,2200,4377500,53733000000,100,true,0.82
"TCH",140418,"/Date(1700118293000)/",12300,2800,4375300,53706000000,100,true,0.82
"TCH",140418,"/Date(1700118293000)/",12300,1000,4372500,53671000000,100,true,0.82
"TCH",140418,"/Date(1700118293000)/",12300,500,4371500,53659000000,100,true,0.82
"TCH",140418,"/Date(1700118293000)/",12300,100,4371000,53653000000,100,true,0.82
"TCH",140418,"/Date(1700118293000)/",12300,200,4370900,53652000000,100,true,0.82
"TCH",140418,"/Date(1700118293000)/",12300,1000,4370700,53649000000,100,true,0.82
"TCH",140418,"/Date(1700118293000)/",12300,500,4369700,53637000000,100,true,0.82
"TCH",140418,"/Date(1700118293000)/",12300,4000,4369200,53631000000,100,true,0.82
"TCH",140418,"/Date(1700118293000)/",12300,300,4365200,53582000000,100,true,0.82
"TCH",140418,"/Date(1700118293000)/",12300,4600,4364900,53578000000,100,true,0.82
"TCH",140324,"/Date(1700118236000)/",12350,1000,4360300,53521000000,150,false,1.23
"TCH",140308,"/Date(1700118221000)/",12300,200,4359300,53509000000,100,true,0.82
"TCH",140246,"/Date(1700118201000)/",12300,5200,4359100,53506000000,100,true,0.82
"TCH",140246,"/Date(1700118201000)/",12300,100,4353900,53442000000,100,true,0.82
"TCH",140246,"/Date(1700118201000)/",12300,500,4353800,53441000000,100,true,0.82
"TCH",140246,"/Date(1700118201000)/",12300,100,4353300,53435000000,100,true,0.82
"TCH",140210,"/Date(1700118164000)/",12300,2900,4353200,53434000000,100,true,0.82
"TCH",140204,"/Date(1700118156000)/",12350,100,4350300,53398000000,150,false,1.23
"TCH",140148,"/Date(1700118143000)/",12300,200,4350200,53397000000,100,true,0.82
"TCH",140148,"/Date(1700118143000)/",12300,500,4350000,53395000000,100,true,0.82
"TCH",140148,"/Date(1700118143000)/",12300,100,4349500,53388000000,100,true,0.82
"TCH",140148,"/Date(1700118143000)/",12300,3000,4349400,53387000000,100,true,0.82
"TCH",140148,"/Date(1700118143000)/",12300,1200,4346400,53350000000,100,true,0.82
"TCH",140129,"/Date(1700118121000)/",12300,3800,4345200,53335000000,100,true,0.82
"TCH",140129,"/Date(1700118121000)/",12300,200,4341400,53289000000,100,true,0.82
"TCH",140100,"/Date(1700118094000)/",12300,2600,4341200,53286000000,100,true,0.82
"TCH",140100,"/Date(1700118094000)/",12300,10000,4338600,53254000000,100,true,0.82
"TCH",140100,"/Date(1700118094000)/",12300,2400,4328600,53131000000,100,true,0.82
"TCH",135942,"/Date(1700118014000)/",12300,200,4326200,53102000000,100,true,0.82
"TCH",135920,"/Date(1700117995000)/",12300,200,4326000,53099000000,100,true,0.82
"TCH",135816,"/Date(1700117929000)/",12300,1600,4325800,53097000000,100,true,0.82
"TCH",135630,"/Date(1700117823000)/",12300,100,4324200,53077000000,100,true,0.82
"TCH",135630,"/Date(1700117823000)/",12300,6900,4324100,53076000000,100,true,0.82
"TCH",135617,"/Date(1700117810000)/",12300,2300,4317200,52991000000,100,true,0.82
"TCH",135549,"/Date(1700117782000)/",12300,100,4314900,52963000000,100,true,0.82
"TCH",135517,"/Date(1700117750000)/",12300,500,4314800,52962000000,100,true,0.82
"TCH",135513,"/Date(1700117747000)/",12300,10000,4314300,52955000000,100,true,0.82
"TCH",135442,"/Date(1700117714000)/",12300,1000,4304300,52832000000,100,true,0.82
"TCH",135426,"/Date(1700117699000)/",12300,1200,4303300,52820000000,100,false,0.82
"TCH",135403,"/Date(1700117677000)/",12300,2200,4302100,52805000000,100,false,0.82
"TCH",135403,"/Date(1700117677000)/",12300,26600,4299900,52778000000,100,false,0.82
"TCH",135305,"/Date(1700117619000)/",12300,100,4273300,52451000000,100,false,0.82
"TCH",135305,"/Date(1700117619000)/",12300,2000,4273200,52450000000,100,false,0.82
"TCH",135305,"/Date(1700117619000)/",12300,1300,4271200,52425000000,100,false,0.82
"TCH",135302,"/Date(1700117615000)/",12300,400,4269900,52409000000,100,false,0.82
"TCH",135302,"/Date(1700117615000)/",12300,100,4269500,52404000000,100,false,0.82
"TCH",135259,"/Date(1700117612000)/",12250,1000,4269400,52403000000,50,true,0.41
"TCH",135237,"/Date(1700117590000)/",12250,200,4268400,52391000000,50,true,0.41
"TCH",135230,"/Date(1700117582000)/",12300,200,4268200,52388000000,100,false,0.82
"TCH",135214,"/Date(1700117566000)/",12300,200,4268000,52386000000,100,false,0.82
"TCH",135155,"/Date(1700117548000)/",12300,1000,4267800,52384000000,100,false,0.82
"TCH",135107,"/Date(1700117500000)/",12250,100,4266800,52371000000,50,true,0.41
"TCH",135101,"/Date(1700117494000)/",12300,200,4266700,52370000000,100,false,0.82
"TCH",135101,"/Date(1700117492000)/",12250,800,4266500,52368000000,50,true,0.41
"TCH",135101,"/Date(1700117492000)/",12250,9200,4265700,52358000000,50,true,0.41
"TCH",135058,"/Date(1700117491000)/",12300,3000,4256500,52245000000,100,false,0.82
"TCH",135058,"/Date(1700117490000)/",12300,6800,4253500,52208000000,100,false,0.82
"TCH",135058,"/Date(1700117490000)/",12300,100,4246700,52124000000,100,false,0.82
"TCH",135058,"/Date(1700117490000)/",12300,600,4246600,52123000000,100,false,0.82
"TCH",135058,"/Date(1700117490000)/",12300,200,4246000,52116000000,100,false,0.82
"TCH",135058,"/Date(1700117490000)/",12300,5000,4245800,52113000000,100,false,0.82
"TCH",135058,"/Date(1700117490000)/",12300,3000,4240800,52052000000,100,false,0.82
"TCH",135058,"/Date(1700117490000)/",12300,14300,4237800,52015000000,100,false,0.82
"TCH",135003,"/Date(1700117437000)/",12300,1000,4223500,51839000000,100,false,0.82
"TCH",135003,"/Date(1700117436000)/",12250,800,4222500,51827000000,50,true,0.41
"TCH",135003,"/Date(1700117436000)/",12250,2000,4221700,51817000000,50,true,0.41
"TCH",135003,"/Date(1700117436000)/",12250,100,4219700,51793000000,50,true,0.41
"TCH",135003,"/Date(1700117436000)/",12250,200,4219600,51791000000,50,true,0.41
"TCH",135003,"/Date(1700117436000)/",12250,500,4219400,51789000000,50,true,0.41
"TCH",135003,"/Date(1700117436000)/",12250,8000,4218900,51783000000,50,true,0.41
"TCH",135003,"/Date(1700117436000)/",12250,1000,4210900,51685000000,50,true,0.41
"TCH",135003,"/Date(1700117436000)/",12250,400,4209900,51672000000,50,true,0.41
"TCH",135003,"/Date(1700117436000)/",12250,7000,4209500,51668000000,50,true,0.41
"TCH",135000,"/Date(1700117434000)/",12300,100,4202500,51582000000,100,false,0.82
"TCH",134925,"/Date(1700117398000)/",12300,300,4202400,51581000000,100,false,0.82
"TCH",134912,"/Date(1700117385000)/",12300,10000,4202100,51577000000,100,false,0.82
"TCH",134906,"/Date(1700117378000)/",12250,3000,4192100,51454000000,50,true,0.41
"TCH",134906,"/Date(1700117378000)/",12250,5000,4189100,51417000000,50,true,0.41
"TCH",134906,"/Date(1700117378000)/",12250,500,4184100,51356000000,50,true,0.41
"TCH",134846,"/Date(1700117360000)/",12300,300,4183600,51350000000,100,true,0.82
"TCH",134846,"/Date(1700117360000)/",12300,1000,4183300,51346000000,100,true,0.82
"TCH",134846,"/Date(1700117360000)/",12300,2000,4182300,51334000000,100,true,0.82
"TCH",134846,"/Date(1700117360000)/",12300,500,4180300,51309000000,100,true,0.82
"TCH",134846,"/Date(1700117360000)/",12300,1000,4179800,51303000000,100,true,0.82
"TCH",134846,"/Date(1700117360000)/",12300,20000,4178800,51291000000,100,true,0.82
"TCH",134846,"/Date(1700117360000)/",12300,1000,4158800,51045000000,100,true,0.82
"TCH",134846,"/Date(1700117360000)/",12300,500,4157800,51032000000,100,true,0.82
"TCH",134846,"/Date(1700117360000)/",12300,500,4157300,51026000000,100,true,0.82
"TCH",134846,"/Date(1700117360000)/",12300,500,4156800,51020000000,100,true,0.82
"TCH",134846,"/Date(1700117360000)/",12300,1000,4156300,51014000000,100,true,0.82
"TCH",134846,"/Date(1700117360000)/",12300,10000,4155300,51002000000,100,true,0.82
"TCH",134846,"/Date(1700117360000)/",12300,100,4145300,50879000000,100,true,0.82
"TCH",134846,"/Date(1700117360000)/",12300,3000,4145200,50877000000,100,true,0.82
"TCH",134846,"/Date(1700117360000)/",12300,100,4142200,50841000000,100,true,0.82
"TCH",134846,"/Date(1700117360000)/",12300,100,4142100,50839000000,100,true,0.82
"TCH",134846,"/Date(1700117360000)/",12300,1000,4142000,50838000000,100,true,0.82
"TCH",134846,"/Date(1700117360000)/",12300,1000,4141000,50826000000,100,true,0.82
"TCH",134846,"/Date(1700117360000)/",12300,1000,4140000,50814000000,100,true,0.82
"TCH",134846,"/Date(1700117360000)/",12300,5000,4139000,50801000000,100,true,0.82
"TCH",134846,"/Date(1700117360000)/",12300,3000,4134000,50740000000,100,true,0.82
"TCH",134846,"/Date(1700117360000)/",12300,5000,4131000,50703000000,100,true,0.82
"TCH",134846,"/Date(1700117360000)/",12300,5000,4126000,50641000000,100,true,0.82
"TCH",134846,"/Date(1700117360000)/",12300,100,4121000,50580000000,100,true,0.82
"TCH",134846,"/Date(1700117360000)/",12300,2000,4120900,50579000000,100,true,0.82
"TCH",134846,"/Date(1700117360000)/",12300,10000,4118900,50554000000,100,true,0.82
"TCH",134846,"/Date(1700117360000)/",12300,100,4108900,50431000000,100,true,0.82
"TCH",134846,"/Date(1700117360000)/",12300,17000,4108800,50430000000,100,true,0.82
"TCH",134840,"/Date(1700117353000)/",12350,1000,4091800,50221000000,150,false,1.23
"TCH",134739,"/Date(1700117290000)/",12350,5000,4090800,50208000000,150,false,1.23
"TCH",134648,"/Date(1700117238000)/",12350,1000,4085800,50147000000,150,false,1.23
"TCH",134625,"/Date(1700117218000)/",12350,100,4084800,50134000000,150,false,1.23
"TCH",134603,"/Date(1700117194000)/",12350,5000,4084700,50133000000,150,true,1.23
"TCH",134603,"/Date(1700117194000)/",12350,13300,4079700,50071000000,150,true,1.23
"TCH",134556,"/Date(1700117188000)/",12350,3100,4066400,49907000000,150,true,1.23
"TCH",134556,"/Date(1700117188000)/",12350,400,4063300,49869000000,150,true,1.23
"TCH",134556,"/Date(1700117188000)/",12350,100,4062900,49864000000,150,true,1.23
"TCH",134556,"/Date(1700117188000)/",12350,100,4062800,49862000000,150,true,1.23
"TCH",134556,"/Date(1700117188000)/",12350,300,4062700,49861000000,150,true,1.23
"TCH",134550,"/Date(1700117181000)/",12350,1000,4062400,49858000000,150,true,1.23
"TCH",134544,"/Date(1700117175000)/",12350,700,4061400,49845000000,150,true,1.23
"TCH",134544,"/Date(1700117175000)/",12350,3000,4060700,49837000000,150,true,1.23
"TCH",134544,"/Date(1700117175000)/",12350,2000,4057700,49800000000,150,true,1.23
"TCH",134544,"/Date(1700117175000)/",12350,200,4055700,49775000000,150,true,1.23
"TCH",134544,"/Date(1700117175000)/",12350,500,4055500,49772000000,150,true,1.23
"TCH",134544,"/Date(1700117175000)/",12350,100,4055000,49766000000,150,true,1.23
"TCH",134544,"/Date(1700117175000)/",12350,500,4054900,49765000000,150,true,1.23
"TCH",134544,"/Date(1700117175000)/",12350,100,4054400,49759000000,150,true,1.23
"TCH",134544,"/Date(1700117175000)/",12350,4200,4054300,49758000000,150,true,1.23
"TCH",134544,"/Date(1700117175000)/",12350,100,4050100,49706000000,150,true,1.23
"TCH",134544,"/Date(1700117175000)/",12350,5000,4050000,49704000000,150,true,1.23
"TCH",134544,"/Date(1700117175000)/",12350,200,4045000,49643000000,150,true,1.23
"TCH",134544,"/Date(1700117175000)/",12350,400,4044800,49640000000,150,true,1.23
"TCH",134544,"/Date(1700117175000)/",12350,2000,4044400,49635000000,150,true,1.23
"TCH",134544,"/Date(1700117175000)/",12350,100,4042400,49611000000,150,true,1.23
"TCH",134544,"/Date(1700117175000)/",12350,900,4042300,49609000000,150,true,1.23
"TCH",134541,"/Date(1700117174000)/",12350,2800,4041400,49598000000,150,true,1.23
"TCH",134537,"/Date(1700117169000)/",12350,300,4038600,49564000000,150,true,1.23
"TCH",134537,"/Date(1700117169000)/",12350,4700,4038300,49560000000,150,true,1.23
"TCH",134512,"/Date(1700117145000)/",12350,2000,4033600,49502000000,150,true,1.23
"TCH",134505,"/Date(1700117138000)/",12350,5000,4031600,49477000000,150,true,1.23
"TCH",134453,"/Date(1700117125000)/",12350,1000,4026600,49415000000,150,true,1.23
"TCH",134427,"/Date(1700117099000)/",12350,500,4025600,49403000000,150,true,1.23
"TCH",134417,"/Date(1700117091000)/",12400,300,4025100,49397000000,200,false,1.64
"TCH",134417,"/Date(1700117090000)/",12350,300,4024800,49393000000,150,true,1.23
"TCH",134417,"/Date(1700117089000)/",12350,18500,4024500,49389000000,150,true,1.23
"TCH",134417,"/Date(1700117089000)/",12350,500,4006000,49161000000,150,true,1.23
"TCH",134417,"/Date(1700117089000)/",12350,1000,4005500,49155000000,150,true,1.23
"TCH",134358,"/Date(1700117069000)/",12350,3000,4004500,49142000000,150,true,1.23
"TCH",134358,"/Date(1700117069000)/",12350,200,4001500,49105000000,150,true,1.23
"TCH",134358,"/Date(1700117069000)/",12350,30000,4001300,49103000000,150,true,1.23
"TCH",134358,"/Date(1700117069000)/",12350,30000,3971300,48732000000,150,true,1.23
"TCH",134358,"/Date(1700117069000)/",12350,1600,3941300,48362000000,150,true,1.23
"TCH",134358,"/Date(1700117069000)/",12400,9000,3939700,48342000000,200,false,1.64
"TCH",134349,"/Date(1700117059000)/",12400,1000,3930700,48231000000,200,false,1.64
"TCH",134342,"/Date(1700117053000)/",12400,100,3929700,48218000000,200,false,1.64
"TCH",134342,"/Date(1700117053000)/",12400,2000,3929600,48217000000,200,false,1.64
"TCH",134336,"/Date(1700117049000)/",12400,500,3927600,48192000000,200,true,1.64
"TCH",134336,"/Date(1700117049000)/",12400,800,3927100,48186000000,200,true,1.64
"TCH",134336,"/Date(1700117049000)/",12400,3000,3926300,48176000000,200,true,1.64
"TCH",134336,"/Date(1700117049000)/",12400,2000,3923300,48139000000,200,true,1.64
"TCH",134336,"/Date(1700117049000)/",12400,10000,3921300,48114000000,200,true,1.64
"TCH",134336,"/Date(1700117049000)/",12400,1000,3911300,47990000000,200,true,1.64
"TCH",134336,"/Date(1700117049000)/",12400,1000,3910300,47978000000,200,true,1.64
"TCH",134336,"/Date(1700117049000)/",12400,500,3909300,47965000000,200,true,1.64
"TCH",134336,"/Date(1700117049000)/",12400,11700,3908800,47959000000,200,true,1.64
"TCH",134333,"/Date(1700117046000)/",12400,1000,3897100,47814000000,200,true,1.64
"TCH",134326,"/Date(1700117039000)/",12400,5000,3896100,47802000000,200,true,1.64
"TCH",134320,"/Date(1700117032000)/",12400,800,3891100,47740000000,200,true,1.64
"TCH",134320,"/Date(1700117032000)/",12450,10000,3890300,47730000000,250,false,2.05
"TCH",134320,"/Date(1700117031000)/",12400,500,3880300,47605000000,200,true,1.64
"TCH",134307,"/Date(1700117020000)/",12400,100,3879800,47599000000,200,true,1.64
"TCH",134304,"/Date(1700117015000)/",12450,100,3879700,47598000000,250,false,2.05
"TCH",134248,"/Date(1700116999000)/",12450,4200,3879600,47596000000,250,false,2.05
"TCH",134248,"/Date(1700116999000)/",12450,5800,3875400,47544000000,250,false,2.05
"TCH",134203,"/Date(1700116954000)/",12450,900,3869600,47472000000,250,false,2.05
"TCH",134119,"/Date(1700116910000)/",12450,1000,3868700,47461000000,250,false,2.05
"TCH",134109,"/Date(1700116901000)/",12450,4700,3867700,47448000000,250,false,2.05
"TCH",134109,"/Date(1700116901000)/",12450,200,3863000,47390000000,250,false,2.05
"TCH",134109,"/Date(1700116901000)/",12450,100,3862800,47387000000,250,false,2.05
"TCH",134103,"/Date(1700116894000)/",12400,900,3862700,47386000000,200,true,1.64
"TCH",134103,"/Date(1700116894000)/",12400,2100,3861800,47375000000,200,true,1.64
"TCH",134100,"/Date(1700116892000)/",12400,100,3859700,47349000000,200,true,1.64
"TCH",134100,"/Date(1700116891000)/",12400,500,3859600,47348000000,200,true,1.64
"TCH",134056,"/Date(1700116888000)/",12400,2000,3859100,47341000000,200,false,1.64
"TCH",134056,"/Date(1700116888000)/",12400,300,3857100,47317000000,200,false,1.64
"TCH",134053,"/Date(1700116885000)/",12400,9700,3856800,47313000000,200,false,1.64
"TCH",134053,"/Date(1700116885000)/",12400,2300,3847100,47193000000,200,false,1.64
"TCH",134050,"/Date(1700116882000)/",12400,300,3844800,47164000000,200,false,1.64
"TCH",134044,"/Date(1700116874000)/",12400,2000,3844500,47160000000,200,false,1.64
"TCH",134037,"/Date(1700116868000)/",12400,3100,3842500,47136000000,200,false,1.64
"TCH",134037,"/Date(1700116868000)/",12400,1900,3839400,47097000000,200,false,1.64
"TCH",134031,"/Date(1700116862000)/",12400,500,3837500,47074000000,200,false,1.64
"TCH",134031,"/Date(1700116861000)/",12400,500,3837000,47067000000,200,false,1.64
"TCH",134028,"/Date(1700116860000)/",12400,500,3836500,47061000000,200,false,1.64
"TCH",134028,"/Date(1700116860000)/",12400,1600,3836000,47055000000,200,false,1.64
"TCH",134028,"/Date(1700116858000)/",12400,400,3834400,47035000000,200,false,1.64
"TCH",134028,"/Date(1700116858000)/",12400,600,3834000,47030000000,200,false,1.64
"TCH",134028,"/Date(1700116858000)/",12400,1800,3833400,47023000000,200,false,1.64
"TCH",134028,"/Date(1700116858000)/",12400,1600,3831600,47000000000,200,false,1.64
"TCH",134021,"/Date(1700116853000)/",12400,400,3830000,46981000000,200,false,1.64
"TCH",134021,"/Date(1700116853000)/",12400,200,3829600,46976000000,200,false,1.64
"TCH",134018,"/Date(1700116850000)/",12400,1000,3829400,46973000000,200,false,1.64
"TCH",134018,"/Date(1700116850000)/",12400,400,3828400,46961000000,200,false,1.64
"TCH",134018,"/Date(1700116850000)/",12400,500,3828000,46956000000,200,false,1.64
"TCH",134018,"/Date(1700116850000)/",12400,2000,3827500,46950000000,200,false,1.64
"TCH",134018,"/Date(1700116850000)/",12400,1000,3825500,46925000000,200,false,1.64
"TCH",134018,"/Date(1700116850000)/",12400,400,3824500,46912000000,200,false,1.64
"TCH",134018,"/Date(1700116850000)/",12400,400,3824100,46907000000,200,false,1.64
"TCH",134018,"/Date(1700116850000)/",12400,9300,3823700,46902000000,200,false,1.64
"TCH",134018,"/Date(1700116849000)/",12400,19600,3814400,46787000000,200,false,1.64
"TCH",134018,"/Date(1700116849000)/",12400,20000,3794800,46544000000,200,false,1.64
"TCH",134018,"/Date(1700116849000)/",12400,100,3774800,46296000000,200,false,1.64
"TCH",134018,"/Date(1700116849000)/",12400,200,3774700,46295000000,200,false,1.64
"TCH",134018,"/Date(1700116849000)/",12400,1600,3774500,46292000000,200,false,1.64
"TCH",134018,"/Date(1700116849000)/",12400,200,3772900,46273000000,200,false,1.64
"TCH",134018,"/Date(1700116849000)/",12400,1700,3772700,46270000000,200,false,1.64
"TCH",134018,"/Date(1700116849000)/",12400,800,3771000,46249000000,200,false,1.64
"TCH",134015,"/Date(1700116846000)/",12400,500,3770200,46239000000,200,false,1.64
"TCH",134015,"/Date(1700116846000)/",12400,1000,3769700,46233000000,200,false,1.64
"TCH",134015,"/Date(1700116846000)/",12400,8500,3768700,46220000000,200,false,1.64
"TCH",134015,"/Date(1700116845000)/",12400,200,3760200,46115000000,200,false,1.64
"TCH",134012,"/Date(1700116844000)/",12400,300,3760000,46113000000,200,false,1.64
"TCH",134012,"/Date(1700116844000)/",12400,200,3759700,46109000000,200,false,1.64
"TCH",134012,"/Date(1700116842000)/",12400,800,3759500,46106000000,200,false,1.64
"TCH",134012,"/Date(1700116842000)/",12400,1000,3758700,46096000000,200,false,1.64
"TCH",134012,"/Date(1700116842000)/",12400,1000,3757700,46084000000,200,false,1.64
"TCH",134012,"/Date(1700116842000)/",12400,900,3756700,46072000000,200,false,1.64
"TCH",134012,"/Date(1700116842000)/",12400,500,3755800,46060000000,200,false,1.64
"TCH",134012,"/Date(1700116842000)/",12400,800,3755300,46054000000,200,false,1.64
"TCH",134008,"/Date(1700116839000)/",12400,4200,3754500,46044000000,200,false,1.64
"TCH",134008,"/Date(1700116839000)/",12400,400,3750300,45992000000,200,false,1.64
"TCH",134008,"/Date(1700116839000)/",12400,500,3749900,45987000000,200,false,1.64
"TCH",134008,"/Date(1700116839000)/",12400,500,3749400,45981000000,200,false,1.64
"TCH",134008,"/Date(1700116839000)/",12400,3500,3748900,45975000000,200,false,1.64
"TCH",134008,"/Date(1700116839000)/",12400,500,3745400,45932000000,200,false,1.64
"TCH",134008,"/Date(1700116839000)/",12400,800,3744900,45925000000,200,false,1.64
"TCH",134008,"/Date(1700116839000)/",12400,15000,3744100,45915000000,200,false,1.64
"TCH",134008,"/Date(1700116839000)/",12400,100,3729100,45729000000,200,false,1.64
"TCH",134008,"/Date(1700116839000)/",12400,10000,3729000,45728000000,200,false,1.64
"TCH",134008,"/Date(1700116839000)/",12400,5000,3719000,45604000000,200,false,1.64
"TCH",134008,"/Date(1700116839000)/",12400,300,3714000,45542000000,200,false,1.64
"TCH",134008,"/Date(1700116839000)/",12400,100,3713700,45538000000,200,false,1.64
"TCH",134008,"/Date(1700116839000)/",12400,200,3713600,45537000000,200,false,1.64
"TCH",134008,"/Date(1700116839000)/",12400,100,3713400,45535000000,200,false,1.64
"TCH",134008,"/Date(1700116839000)/",12400,100,3713300,45533000000,200,false,1.64
"TCH",134008,"/Date(1700116839000)/",12400,1000,3713200,45532000000,200,false,1.64
"TCH",134008,"/Date(1700116839000)/",12400,2000,3712200,45520000000,200,false,1.64
"TCH",134008,"/Date(1700116839000)/",12400,10000,3710200,45495000000,200,false,1.64
"TCH",134008,"/Date(1700116839000)/",12400,45700,3700200,45371000000,200,false,1.64
"TCH",133953,"/Date(1700116823000)/",12400,300,3654500,44804000000,200,false,1.64
"TCH",133949,"/Date(1700116821000)/",12400,300,3654200,44801000000,200,false,1.64
"TCH",133946,"/Date(1700116818000)/",12400,900,3653900,44797000000,200,false,1.64
"TCH",133943,"/Date(1700116816000)/",12400,10000,3653000,44786000000,200,false,1.64
"TCH",133943,"/Date(1700116815000)/",12400,1800,3643000,44662000000,200,false,1.64
"TCH",133933,"/Date(1700116805000)/",12400,15000,3641200,44639000000,200,false,1.64
"TCH",133927,"/Date(1700116799000)/",12400,26000,3626200,44453000000,200,false,1.64
"TCH",133927,"/Date(1700116799000)/",12400,35000,3600200,44131000000,200,false,1.64
"TCH",133927,"/Date(1700116799000)/",12400,1000,3565200,43697000000,200,false,1.64
"TCH",133927,"/Date(1700116799000)/",12400,1000,3564200,43685000000,200,false,1.64
"TCH",133927,"/Date(1700116799000)/",12400,100,3563200,43672000000,200,false,1.64
"TCH",133927,"/Date(1700116799000)/",12400,100,3563100,43671000000,200,false,1.64
"TCH",133927,"/Date(1700116799000)/",12400,10000,3563000,43670000000,200,false,1.64
"TCH",133927,"/Date(1700116799000)/",12400,26800,3553000,43546000000,200,false,1.64
"TCH",133858,"/Date(1700116769000)/",12400,200,3526200,43213000000,200,false,1.64
"TCH",133858,"/Date(1700116769000)/",12400,3000,3526000,43211000000,200,false,1.64
"TCH",133858,"/Date(1700116769000)/",12400,1000,3523000,43174000000,200,false,1.64
"TCH",133820,"/Date(1700116731000)/",12350,1000,3522000,43161000000,150,false,1.23
"TCH",133820,"/Date(1700116731000)/",12350,400,3521000,43149000000,150,false,1.23
"TCH",133814,"/Date(1700116724000)/",12350,100,3520600,43144000000,150,true,1.23
"TCH",133810,"/Date(1700116721000)/",12350,1000,3520500,43143000000,150,false,1.23
"TCH",133810,"/Date(1700116721000)/",12350,5000,3519500,43130000000,150,false,1.23
"TCH",133810,"/Date(1700116721000)/",12350,1500,3514500,43069000000,150,false,1.23
"TCH",133810,"/Date(1700116721000)/",12350,300,3513000,43050000000,150,false,1.23
"TCH",133810,"/Date(1700116721000)/",12350,100,3512700,43047000000,150,false,1.23
"TCH",133810,"/Date(1700116721000)/",12350,500,3512600,43045000000,150,false,1.23
"TCH",133810,"/Date(1700116721000)/",12350,1000,3512100,43039000000,150,false,1.23
"TCH",133810,"/Date(1700116721000)/",12350,1000,3511100,43027000000,150,false,1.23
"TCH",133810,"/Date(1700116721000)/",12350,100,3510100,43014000000,150,false,1.23
"TCH",133810,"/Date(1700116721000)/",12350,100,3510000,43013000000,150,false,1.23
"TCH",133810,"/Date(1700116721000)/",12350,2500,3509900,43012000000,150,false,1.23
"TCH",133801,"/Date(1700116713000)/",12350,5000,3507400,42981000000,150,false,1.23
"TCH",133754,"/Date(1700116705000)/",12350,100,3502400,42919000000,150,false,1.23
"TCH",133751,"/Date(1700116704000)/",12350,100,3502300,42918000000,150,false,1.23
"TCH",133748,"/Date(1700116698000)/",12350,2300,3502200,42917000000,150,false,1.23
"TCH",133748,"/Date(1700116698000)/",12350,2700,3499900,42888000000,150,false,1.23
"TCH",133745,"/Date(1700116697000)/",12350,200,3497200,42855000000,150,false,1.23
"TCH",133745,"/Date(1700116696000)/",12350,100,3497000,42853000000,150,false,1.23
"TCH",133745,"/Date(1700116696000)/",12350,100,3496900,42851000000,150,false,1.23
"TCH",133745,"/Date(1700116696000)/",12350,200,3496800,42850000000,150,false,1.23
"TCH",133745,"/Date(1700116696000)/",12350,6000,3496600,42848000000,150,false,1.23
"TCH",133745,"/Date(1700116696000)/",12350,1000,3490600,42774000000,150,false,1.23
"TCH",133745,"/Date(1700116696000)/",12350,200,3489600,42761000000,150,false,1.23
"TCH",133745,"/Date(1700116696000)/",12350,2400,3489400,42759000000,150,false,1.23
"TCH",133745,"/Date(1700116696000)/",12350,10000,3487000,42729000000,150,false,1.23
"TCH",133741,"/Date(1700116692000)/",12350,10000,3477000,42606000000,150,false,1.23
"TCH",133741,"/Date(1700116692000)/",12350,5000,3467000,42482000000,150,false,1.23
"TCH",133741,"/Date(1700116692000)/",12350,300,3462000,42420000000,150,false,1.23
"TCH",133741,"/Date(1700116692000)/",12350,900,3461700,42417000000,150,false,1.23
"TCH",133741,"/Date(1700116692000)/",12350,3000,3460800,42406000000,150,false,1.23
"TCH",133741,"/Date(1700116692000)/",12350,100,3457800,42368000000,150,false,1.23
"TCH",133741,"/Date(1700116692000)/",12350,100,3457700,42367000000,150,false,1.23
"TCH",133741,"/Date(1700116692000)/",12350,200,3457600,42366000000,150,false,1.23
"TCH",133741,"/Date(1700116692000)/",12350,200,3457400,42364000000,150,false,1.23
"TCH",133741,"/Date(1700116692000)/",12350,2000,3457200,42361000000,150,false,1.23
"TCH",133741,"/Date(1700116692000)/",12350,8200,3455200,42336000000,150,false,1.23
"TCH",133738,"/Date(1700116689000)/",12350,2000,3447000,42235000000,150,false,1.23
"TCH",133729,"/Date(1700116679000)/",12350,300,3445000,42210000000,150,false,1.23
"TCH",133713,"/Date(1700116665000)/",12350,600,3444700,42207000000,150,false,1.23
"TCH",133709,"/Date(1700116661000)/",12350,5000,3444100,42199000000,150,false,1.23
"TCH",133706,"/Date(1700116659000)/",12350,1000,3439100,42138000000,150,false,1.23
"TCH",133657,"/Date(1700116648000)/",12350,32900,3438100,42125000000,150,false,1.23
"TCH",133657,"/Date(1700116648000)/",12350,100,3405200,41719000000,150,false,1.23
"TCH",133657,"/Date(1700116648000)/",12350,1500,3405100,41718000000,150,false,1.23
"TCH",133657,"/Date(1700116648000)/",12350,2000,3403600,41699000000,150,false,1.23
"TCH",133657,"/Date(1700116648000)/",12350,2000,3401600,41674000000,150,false,1.23
"TCH",133657,"/Date(1700116648000)/",12350,2000,3399600,41650000000,150,false,1.23
"TCH",133657,"/Date(1700116648000)/",12350,1000,3397600,41625000000,150,false,1.23
"TCH",133657,"/Date(1700116648000)/",12350,500,3396600,41613000000,150,false,1.23
"TCH",133657,"/Date(1700116648000)/",12350,500,3396100,41607000000,150,false,1.23
"TCH",133657,"/Date(1700116648000)/",12350,200,3395600,41600000000,150,false,1.23
"TCH",133657,"/Date(1700116648000)/",12350,5000,3395400,41598000000,150,false,1.23
"TCH",133657,"/Date(1700116648000)/",12350,1000,3390400,41536000000,150,false,1.23
"TCH",133657,"/Date(1700116648000)/",12350,1300,3389400,41524000000,150,false,1.23
"TCH",133647,"/Date(1700116639000)/",12350,3000,3388100,41508000000,150,false,1.23
"TCH",133602,"/Date(1700116594000)/",12300,2000,3385100,41471000000,100,true,0.82
"TCH",133543,"/Date(1700116573000)/",12350,5700,3383100,41446000000,150,false,1.23
"TCH",133543,"/Date(1700116573000)/",12350,1000,3377400,41376000000,150,false,1.23
"TCH",133543,"/Date(1700116573000)/",12350,2000,3376400,41363000000,150,false,1.23
"TCH",133543,"/Date(1700116573000)/",12350,2000,3374400,41339000000,150,false,1.23
"TCH",133543,"/Date(1700116573000)/",12350,4000,3372400,41314000000,150,false,1.23
"TCH",133543,"/Date(1700116573000)/",12350,300,3368400,41265000000,150,false,1.23
"TCH",133540,"/Date(1700116570000)/",12350,100,3368100,41261000000,150,false,1.23
"TCH",133530,"/Date(1700116563000)/",12350,1500,3368000,41260000000,150,false,1.23
"TCH",133446,"/Date(1700116516000)/",12300,5000,3366500,41241000000,100,true,0.82
"TCH",133442,"/Date(1700116513000)/",12300,5000,3361500,41180000000,100,true,0.82
"TCH",133436,"/Date(1700116508000)/",12300,1000,3356500,41118000000,100,true,0.82
"TCH",133417,"/Date(1700116486000)/",12300,2000,3355500,41106000000,100,true,0.82
"TCH",133417,"/Date(1700116486000)/",12300,14900,3353500,41081000000,100,true,0.82
"TCH",133417,"/Date(1700116486000)/",12300,100,3338600,40898000000,100,true,0.82
"TCH",133417,"/Date(1700116486000)/",12300,1000,3338500,40897000000,100,true,0.82
"TCH",133417,"/Date(1700116486000)/",12300,2000,3337500,40884000000,100,true,0.82
"TCH",133407,"/Date(1700116477000)/",12350,2000,3335500,40860000000,150,false,1.23
"TCH",133338,"/Date(1700116448000)/",12350,800,3333500,40835000000,150,false,1.23
"TCH",133338,"/Date(1700116448000)/",12350,1000,3332700,40825000000,150,false,1.23
"TCH",133338,"/Date(1700116448000)/",12350,4800,3331700,40813000000,150,false,1.23
"TCH",133319,"/Date(1700116429000)/",12350,100,3326900,40754000000,150,false,1.23
"TCH",133303,"/Date(1700116413000)/",12300,8000,3326800,40752000000,100,true,0.82
"TCH",133303,"/Date(1700116413000)/",12300,1000,3318800,40654000000,100,true,0.82
"TCH",133303,"/Date(1700116413000)/",12300,100,3317800,40642000000,100,true,0.82
"TCH",133303,"/Date(1700116413000)/",12300,200,3317700,40640000000,100,true,0.82
"TCH",133303,"/Date(1700116413000)/",12300,100,3317500,40638000000,100,true,0.82
"TCH",133303,"/Date(1700116413000)/",12300,4300,3317400,40637000000,100,true,0.82
"TCH",133147,"/Date(1700116339000)/",12300,700,3313100,40584000000,100,true,0.82
"TCH",133147,"/Date(1700116339000)/",12300,4300,3312400,40575000000,100,true,0.82
"TCH",133127,"/Date(1700116318000)/",12300,500,3308100,40522000000,100,true,0.82
"TCH",133127,"/Date(1700116318000)/",12350,100,3307600,40516000000,150,false,1.23
"TCH",133127,"/Date(1700116318000)/",12350,200,3307500,40515000000,150,false,1.23
"TCH",133105,"/Date(1700116297000)/",12350,300,3307300,40512000000,150,false,1.23
"TCH",133036,"/Date(1700116266000)/",12350,300,3307000,40509000000,150,false,1.23
"TCH",133033,"/Date(1700116262000)/",12300,1100,3306700,40505000000,100,true,0.82
"TCH",133020,"/Date(1700116250000)/",12300,100,3305600,40491000000,100,true,0.82
"TCH",133020,"/Date(1700116250000)/",12300,8100,3305500,40490000000,100,true,0.82
"TCH",133020,"/Date(1700116250000)/",12300,1000,3297400,40391000000,100,true,0.82
"TCH",133014,"/Date(1700116245000)/",12300,400,3296400,40378000000,100,false,0.82
"TCH",133014,"/Date(1700116244000)/",12300,1000,3296000,40373000000,100,false,0.82
"TCH",133011,"/Date(1700116242000)/",12300,5000,3295000,40361000000,100,false,0.82
"TCH",133007,"/Date(1700116238000)/",12300,14500,3290000,40300000000,100,false,0.82
"TCH",133007,"/Date(1700116238000)/",12300,100,3275500,40121000000,100,false,0.82
"TCH",133007,"/Date(1700116238000)/",12300,300,3275400,40120000000,100,false,0.82
"TCH",133007,"/Date(1700116238000)/",12300,15100,3275100,40116000000,100,false,0.82
"TCH",133007,"/Date(1700116237000)/",12300,100,3260000,39931000000,100,false,0.82
"TCH",132945,"/Date(1700116215000)/",12300,1000,3259900,39929000000,100,false,0.82
"TCH",132935,"/Date(1700116204000)/",12300,1000,3258900,39917000000,100,false,0.82
"TCH",132929,"/Date(1700116198000)/",12300,2000,3257900,39905000000,100,false,0.82
"TCH",132907,"/Date(1700116176000)/",12300,2000,3255900,39880000000,100,true,0.82
"TCH",132907,"/Date(1700116176000)/",12300,500,3253900,39856000000,100,true,0.82
"TCH",132907,"/Date(1700116176000)/",12300,1300,3253400,39849000000,100,true,0.82
"TCH",132900,"/Date(1700116172000)/",12300,700,3252100,39833000000,100,true,0.82
"TCH",132900,"/Date(1700116172000)/",12300,5000,3251400,39825000000,100,true,0.82
"TCH",132900,"/Date(1700116172000)/",12300,100,3246400,39763000000,100,true,0.82
"TCH",132900,"/Date(1700116172000)/",12300,8000,3246300,39762000000,100,true,0.82
"TCH",132900,"/Date(1700116172000)/",12300,4000,3238300,39664000000,100,true,0.82
"TCH",132900,"/Date(1700116172000)/",12300,100,3234300,39615000000,100,true,0.82
"TCH",132900,"/Date(1700116172000)/",12300,32100,3234200,39613000000,100,true,0.82
"TCH",132851,"/Date(1700116163000)/",12300,3000,3202100,39218000000,100,true,0.82
"TCH",132800,"/Date(1700116109000)/",12300,300,3199100,39182000000,100,true,0.82
"TCH",132741,"/Date(1700116090000)/",12300,600,3198800,39178000000,100,true,0.82
"TCH",132718,"/Date(1700116069000)/",12350,100,3198200,39170000000,150,false,1.23
"TCH",132656,"/Date(1700116045000)/",12300,100,3198100,39169000000,100,true,0.82
"TCH",132640,"/Date(1700116031000)/",12300,200,3198000,39168000000,100,true,0.82
"TCH",132630,"/Date(1700116022000)/",12300,1000,3197800,39166000000,100,true,0.82
"TCH",132630,"/Date(1700116021000)/",12350,100,3196800,39153000000,150,false,1.23
"TCH",132611,"/Date(1700116003000)/",12300,5000,3196700,39152000000,100,true,0.82
"TCH",132611,"/Date(1700116002000)/",12300,6800,3191700,39091000000,100,true,0.82
"TCH",132611,"/Date(1700116002000)/",12300,1200,3184900,39007000000,100,true,0.82
"TCH",132605,"/Date(1700115996000)/",12300,3400,3183700,38992000000,100,true,0.82
"TCH",132602,"/Date(1700115991000)/",12300,300,3180300,38950000000,100,true,0.82
"TCH",132549,"/Date(1700115978000)/",12300,600,3180000,38947000000,100,true,0.82
"TCH",132536,"/Date(1700115967000)/",12300,4500,3179400,38939000000,100,true,0.82
"TCH",132536,"/Date(1700115967000)/",12300,100,3174900,38884000000,100,true,0.82
"TCH",132536,"/Date(1700115967000)/",12300,400,3174800,38883000000,100,true,0.82
"TCH",132533,"/Date(1700115962000)/",12300,500,3174400,38878000000,100,true,0.82
"TCH",132527,"/Date(1700115957000)/",12300,1000,3173900,38872000000,100,true,0.82
"TCH",132523,"/Date(1700115953000)/",12300,100,3172900,38859000000,100,true,0.82
"TCH",132511,"/Date(1700115939000)/",12300,100,3172800,38858000000,100,false,0.82
"TCH",132511,"/Date(1700115939000)/",12300,100,3172700,38857000000,100,false,0.82
"TCH",132511,"/Date(1700115939000)/",12300,100,3172600,38856000000,100,false,0.82
"TCH",132511,"/Date(1700115939000)/",12300,200,3172500,38854000000,100,false,0.82
"TCH",132511,"/Date(1700115939000)/",12300,100,3172300,38852000000,100,false,0.82
"TCH",132511,"/Date(1700115939000)/",12300,300,3172200,38851000000,100,false,0.82
"TCH",132511,"/Date(1700115939000)/",12300,28200,3171900,38847000000,100,false,0.82
"TCH",132511,"/Date(1700115939000)/",12300,1300,3143700,38500000000,100,false,0.82
"TCH",132511,"/Date(1700115939000)/",12300,5000,3142400,38484000000,100,false,0.82
"TCH",132511,"/Date(1700115939000)/",12300,100,3137400,38423000000,100,false,0.82
"TCH",132511,"/Date(1700115939000)/",12300,2000,3137300,38421000000,100,false,0.82
"TCH",132511,"/Date(1700115939000)/",12300,4900,3135300,38397000000,100,false,0.82
"TCH",132507,"/Date(1700115937000)/",12300,100,3130400,38337000000,100,false,0.82
"TCH",132455,"/Date(1700115925000)/",12250,2000,3130300,38335000000,50,true,0.41
"TCH",132448,"/Date(1700115917000)/",12300,5000,3128300,38311000000,100,false,0.82
"TCH",132419,"/Date(1700115891000)/",12300,500,3123300,38249000000,100,false,0.82
"TCH",132419,"/Date(1700115891000)/",12300,1000,3122800,38243000000,100,false,0.82
"TCH",132416,"/Date(1700115888000)/",12250,8000,3121800,38231000000,50,true,0.41
"TCH",132403,"/Date(1700115874000)/",12250,1400,3113800,38133000000,50,true,0.41
"TCH",132351,"/Date(1700115860000)/",12250,3100,3112400,38116000000,50,true,0.41
"TCH",132351,"/Date(1700115860000)/",12250,1900,3109300,38078000000,50,true,0.41
"TCH",132344,"/Date(1700115855000)/",12250,4100,3107400,38054000000,50,true,0.41
"TCH",132344,"/Date(1700115855000)/",12250,20000,3103300,38004000000,50,true,0.41
"TCH",132344,"/Date(1700115855000)/",12250,900,3083300,37759000000,50,true,0.41
"TCH",132218,"/Date(1700115769000)/",12250,6000,3082400,37748000000,50,true,0.41
"TCH",132036,"/Date(1700115664000)/",12250,100,3076400,37675000000,50,true,0.41
"TCH",132013,"/Date(1700115643000)/",12250,800,3076300,37673000000,50,true,0.41
"TCH",131957,"/Date(1700115628000)/",12250,2200,3075500,37664000000,50,true,0.41
"TCH",131957,"/Date(1700115628000)/",12250,800,3073300,37637000000,50,true,0.41
"TCH",131932,"/Date(1700115602000)/",12300,2000,3072500,37627000000,100,false,0.82
"TCH",131913,"/Date(1700115583000)/",12250,500,3070500,37602000000,50,true,0.41
"TCH",131831,"/Date(1700115541000)/",12300,200,3070000,37596000000,100,false,0.82
"TCH",131831,"/Date(1700115541000)/",12300,1000,3069800,37594000000,100,false,0.82
"TCH",131831,"/Date(1700115541000)/",12300,300,3068800,37581000000,100,false,0.82
"TCH",131831,"/Date(1700115541000)/",12300,1000,3068500,37578000000,100,false,0.82
"TCH",131831,"/Date(1700115541000)/",12300,100,3067500,37565000000,100,false,0.82
"TCH",131831,"/Date(1700115541000)/",12300,300,3067400,37564000000,100,false,0.82
"TCH",131831,"/Date(1700115541000)/",12300,5000,3067100,37561000000,100,false,0.82
"TCH",131831,"/Date(1700115541000)/",12300,1000,3062100,37499000000,100,false,0.82
"TCH",131831,"/Date(1700115541000)/",12300,1000,3061100,37487000000,100,false,0.82
"TCH",131831,"/Date(1700115541000)/",12300,100,3060100,37474000000,100,false,0.82
"TCH",131825,"/Date(1700115534000)/",12300,500,3060000,37473000000,100,true,0.82
"TCH",131825,"/Date(1700115534000)/",12300,4400,3059500,37467000000,100,true,0.82
"TCH",131825,"/Date(1700115534000)/",12300,200,3055100,37413000000,100,true,0.82
"TCH",131825,"/Date(1700115534000)/",12300,4800,3054900,37410000000,100,true,0.82
"TCH",131825,"/Date(1700115534000)/",12300,5600,3050100,37351000000,100,true,0.82
"TCH",131822,"/Date(1700115531000)/",12300,500,3044500,37283000000,100,true,0.82
"TCH",131822,"/Date(1700115530000)/",12300,7900,3044000,37276000000,100,true,0.82
"TCH",131818,"/Date(1700115529000)/",12300,5000,3036100,37179000000,100,true,0.82
"TCH",131815,"/Date(1700115525000)/",12300,5000,3031100,37118000000,100,true,0.82
"TCH",131812,"/Date(1700115520000)/",12300,1000,3026100,37056000000,100,true,0.82
"TCH",131802,"/Date(1700115511000)/",12300,9000,3025100,37044000000,100,true,0.82
"TCH",131802,"/Date(1700115511000)/",12300,3300,3016100,36933000000,100,true,0.82
"TCH",131756,"/Date(1700115504000)/",12300,1000,3012800,36893000000,100,true,0.82
"TCH",131746,"/Date(1700115495000)/",12300,100,3011800,36880000000,100,true,0.82
"TCH",131730,"/Date(1700115479000)/",12350,1500,3011700,36879000000,150,false,1.23
"TCH",131730,"/Date(1700115479000)/",12350,8500,3010200,36861000000,150,false,1.23
"TCH",131724,"/Date(1700115475000)/",12350,1500,3001700,36756000000,150,false,1.23
"TCH",131724,"/Date(1700115475000)/",12350,4100,3000200,36737000000,150,false,1.23
"TCH",131718,"/Date(1700115468000)/",12350,2000,2996100,36686000000,150,false,1.23
"TCH",131718,"/Date(1700115468000)/",12300,1800,2994100,36662000000,100,true,0.82
"TCH",131652,"/Date(1700115443000)/",12350,1000,2992300,36640000000,150,false,1.23
"TCH",131652,"/Date(1700115440000)/",12350,2000,2991300,36627000000,150,false,1.23
"TCH",131646,"/Date(1700115435000)/",12350,1000,2989300,36603000000,150,false,1.23
"TCH",131642,"/Date(1700115433000)/",12350,900,2988300,36590000000,150,false,1.23
"TCH",131639,"/Date(1700115428000)/",12350,500,2987400,36579000000,150,false,1.23
"TCH",131633,"/Date(1700115423000)/",12350,1900,2986900,36573000000,150,false,1.23
"TCH",131630,"/Date(1700115419000)/",12350,100,2985000,36549000000,150,false,1.23
"TCH",131614,"/Date(1700115403000)/",12350,3000,2984900,36548000000,150,false,1.23
"TCH",131610,"/Date(1700115401000)/",12300,7200,2981900,36511000000,100,true,0.82
"TCH",131610,"/Date(1700115398000)/",12350,1000,2974700,36423000000,150,false,1.23
"TCH",131607,"/Date(1700115397000)/",12350,1000,2973700,36410000000,150,false,1.23
"TCH",131607,"/Date(1700115396000)/",12350,5000,2972700,36398000000,150,false,1.23
"TCH",131601,"/Date(1700115390000)/",12350,2000,2967700,36336000000,150,false,1.23
"TCH",131558,"/Date(1700115388000)/",12350,1300,2965700,36311000000,150,false,1.23
"TCH",131555,"/Date(1700115383000)/",12350,2000,2964400,36295000000,150,false,1.23
"TCH",131548,"/Date(1700115378000)/",12300,100,2962400,36271000000,100,true,0.82
"TCH",131548,"/Date(1700115378000)/",12350,1200,2962300,36269000000,150,false,1.23
"TCH",131548,"/Date(1700115378000)/",12350,100,2961100,36255000000,150,false,1.23
"TCH",131548,"/Date(1700115378000)/",12350,900,2961000,36253000000,150,false,1.23
"TCH",131548,"/Date(1700115378000)/",12350,200,2960100,36242000000,150,false,1.23
"TCH",131548,"/Date(1700115378000)/",12350,7600,2959900,36240000000,150,false,1.23
"TCH",131548,"/Date(1700115376000)/",12350,1000,2952300,36146000000,150,false,1.23
"TCH",131545,"/Date(1700115375000)/",12350,11400,2951300,36134000000,150,false,1.23
"TCH",131545,"/Date(1700115375000)/",12350,300,2939900,35993000000,150,false,1.23
"TCH",131545,"/Date(1700115375000)/",12350,100,2939600,35989000000,150,false,1.23
"TCH",131545,"/Date(1700115375000)/",12350,100,2939500,35988000000,150,false,1.23
"TCH",131545,"/Date(1700115375000)/",12350,100,2939400,35987000000,150,false,1.23
"TCH",131545,"/Date(1700115375000)/",12350,200,2939300,35985000000,150,false,1.23
"TCH",131545,"/Date(1700115375000)/",12350,1500,2939100,35983000000,150,false,1.23
"TCH",131545,"/Date(1700115375000)/",12350,100,2937600,35964000000,150,false,1.23
"TCH",131545,"/Date(1700115375000)/",12350,26200,2937500,35963000000,150,false,1.23
"TCH",131545,"/Date(1700115374000)/",12350,2000,2911300,35640000000,150,false,1.23
"TCH",131542,"/Date(1700115372000)/",12350,800,2909300,35615000000,150,false,1.23
"TCH",131532,"/Date(1700115360000)/",12350,100,2908500,35605000000,150,false,1.23
"TCH",131516,"/Date(1700115346000)/",12350,300,2908400,35604000000,150,false,1.23
"TCH",131516,"/Date(1700115346000)/",12350,600,2908100,35600000000,150,false,1.23
"TCH",131516,"/Date(1700115346000)/",12350,400,2907500,35593000000,150,false,1.23
"TCH",131510,"/Date(1700115337000)/",12350,1800,2907100,35588000000,150,false,1.23
"TCH",131431,"/Date(1700115299000)/",12300,1500,2905300,35566000000,100,false,0.82
"TCH",131431,"/Date(1700115299000)/",12300,5000,2903800,35547000000,100,false,0.82
"TCH",131428,"/Date(1700115298000)/",12300,5000,2898800,35486000000,100,false,0.82
"TCH",131428,"/Date(1700115298000)/",12300,400,2893800,35424000000,100,false,0.82
"TCH",131428,"/Date(1700115298000)/",12300,100,2893400,35419000000,100,false,0.82
"TCH",131428,"/Date(1700115298000)/",12300,500,2893300,35418000000,100,false,0.82
"TCH",131428,"/Date(1700115298000)/",12300,200,2892800,35412000000,100,false,0.82
"TCH",131428,"/Date(1700115298000)/",12300,600,2892600,35409000000,100,false,0.82
"TCH",131428,"/Date(1700115298000)/",12300,100,2892000,35402000000,100,false,0.82
"TCH",131428,"/Date(1700115298000)/",12300,5700,2891900,35401000000,100,false,0.82
"TCH",131428,"/Date(1700115298000)/",12300,200,2886200,35331000000,100,false,0.82
"TCH",131428,"/Date(1700115298000)/",12300,1000,2886000,35328000000,100,false,0.82
"TCH",131428,"/Date(1700115298000)/",12300,10000,2885000,35316000000,100,false,0.82
"TCH",131428,"/Date(1700115298000)/",12300,26200,2875000,35193000000,100,false,0.82
"TCH",131428,"/Date(1700115297000)/",12300,1000,2848800,34871000000,100,false,0.82
"TCH",131422,"/Date(1700115290000)/",12300,20000,2847800,34858000000,100,false,0.82
"TCH",131419,"/Date(1700115287000)/",12300,2000,2827800,34612000000,100,false,0.82
"TCH",131409,"/Date(1700115279000)/",12300,3000,2825800,34588000000,100,false,0.82
"TCH",131400,"/Date(1700115267000)/",12300,1600,2822800,34551000000,100,false,0.82
"TCH",131400,"/Date(1700115267000)/",12300,300,2821200,34531000000,100,false,0.82
"TCH",131400,"/Date(1700115267000)/",12300,100,2820900,34527000000,100,false,0.82
"TCH",131400,"/Date(1700115267000)/",12300,48000,2820800,34526000000,100,false,0.82
"TCH",131249,"/Date(1700115199000)/",12300,400,2772800,33936000000,100,false,0.82
"TCH",131246,"/Date(1700115195000)/",12300,1000,2772400,33931000000,100,false,0.82
"TCH",131243,"/Date(1700115191000)/",12300,100,2771400,33919000000,100,false,0.82
"TCH",131230,"/Date(1700115180000)/",12300,20000,2771300,33917000000,100,false,0.82
"TCH",131217,"/Date(1700115166000)/",12300,500,2751300,33671000000,100,false,0.82
"TCH",131217,"/Date(1700115166000)/",12300,20000,2750800,33665000000,100,false,0.82
"TCH",131217,"/Date(1700115166000)/",12300,100,2730800,33419000000,100,false,0.82
"TCH",131217,"/Date(1700115166000)/",12300,10000,2730700,33418000000,100,false,0.82
"TCH",131217,"/Date(1700115166000)/",12300,10000,2720700,33295000000,100,false,0.82
"TCH",131217,"/Date(1700115166000)/",12300,100,2710700,33172000000,100,false,0.82
"TCH",131217,"/Date(1700115166000)/",12300,100,2710600,33171000000,100,false,0.82
"TCH",131217,"/Date(1700115166000)/",12300,1000,2710500,33169000000,100,false,0.82
"TCH",131217,"/Date(1700115166000)/",12300,500,2709500,33157000000,100,false,0.82
"TCH",131217,"/Date(1700115166000)/",12300,100,2709000,33151000000,100,false,0.82
"TCH",131217,"/Date(1700115166000)/",12300,100,2708900,33150000000,100,false,0.82
"TCH",131217,"/Date(1700115166000)/",12300,700,2708800,33149000000,100,false,0.82
"TCH",131217,"/Date(1700115166000)/",12300,700,2708100,33140000000,100,false,0.82
"TCH",131217,"/Date(1700115166000)/",12300,20000,2707400,33131000000,100,false,0.82
"TCH",131217,"/Date(1700115166000)/",12300,36100,2687400,32885000000,100,false,0.82
"TCH",131201,"/Date(1700115150000)/",12250,700,2651300,32441000000,50,false,0.41
"TCH",131201,"/Date(1700115150000)/",12250,300,2650600,32433000000,50,false,0.41
"TCH",131201,"/Date(1700115150000)/",12250,2000,2650300,32429000000,50,false,0.41
"TCH",131201,"/Date(1700115150000)/",12250,500,2648300,32405000000,50,false,0.41
"TCH",131201,"/Date(1700115150000)/",12250,7200,2647800,32398000000,50,false,0.41
"TCH",131152,"/Date(1700115141000)/",12250,1000,2640600,32310000000,50,false,0.41
"TCH",131148,"/Date(1700115137000)/",12250,1000,2639600,32298000000,50,false,0.41
"TCH",131139,"/Date(1700115129000)/",12250,100,2638600,32286000000,50,false,0.41
"TCH",131139,"/Date(1700115128000)/",12250,700,2638500,32285000000,50,false,0.41
"TCH",131139,"/Date(1700115128000)/",12250,1000,2637800,32276000000,50,false,0.41
"TCH",131139,"/Date(1700115128000)/",12250,200,2636800,32264000000,50,false,0.41
"TCH",131139,"/Date(1700115128000)/",12250,1300,2636600,32261000000,50,false,0.41
"TCH",131136,"/Date(1700115125000)/",12250,2000,2635300,32245000000,50,false,0.41
"TCH",131136,"/Date(1700115124000)/",12250,6700,2633300,32221000000,50,false,0.41
"TCH",131136,"/Date(1700115124000)/",12250,100,2626600,32139000000,50,false,0.41
"TCH",131136,"/Date(1700115124000)/",12250,7200,2626500,32138000000,50,false,0.41
"TCH",131136,"/Date(1700115123000)/",12250,1000,2619300,32049000000,50,false,0.41
"TCH",131129,"/Date(1700115119000)/",12250,200,2618300,32037000000,50,false,0.41
"TCH",131129,"/Date(1700115119000)/",12250,1000,2618100,32035000000,50,false,0.41
"TCH",131129,"/Date(1700115119000)/",12250,2000,2617100,32022000000,50,false,0.41
"TCH",131126,"/Date(1700115115000)/",12250,2000,2615100,31998000000,50,false,0.41
"TCH",131123,"/Date(1700115113000)/",12250,1000,2613100,31973000000,50,false,0.41
"TCH",131123,"/Date(1700115111000)/",12250,300,2612100,31961000000,50,false,0.41
"TCH",131120,"/Date(1700115109000)/",12250,1000,2611800,31957000000,50,false,0.41
"TCH",131116,"/Date(1700115106000)/",12250,5000,2610800,31945000000,50,false,0.41
"TCH",131113,"/Date(1700115102000)/",12250,30000,2605800,31884000000,50,false,0.41
"TCH",131101,"/Date(1700115088000)/",12250,500,2575800,31516000000,50,false,0.41
"TCH",130937,"/Date(1700115007000)/",12250,1000,2575300,31510000000,50,false,0.41
"TCH",130925,"/Date(1700114993000)/",12250,5000,2574300,31498000000,50,false,0.41
"TCH",130925,"/Date(1700114992000)/",12250,200,2569300,31437000000,50,false,0.41
"TCH",130921,"/Date(1700114989000)/",12250,11000,2569100,31434000000,50,false,0.41
"TCH",130918,"/Date(1700114985000)/",12250,2000,2558100,31300000000,50,false,0.41
"TCH",130912,"/Date(1700114982000)/",12250,500,2556100,31275000000,50,false,0.41
"TCH",130912,"/Date(1700114979000)/",12250,2000,2555600,31269000000,50,false,0.41
"TCH",130902,"/Date(1700114971000)/",12250,7100,2553600,31244000000,50,false,0.41
"TCH",130902,"/Date(1700114971000)/",12250,1900,2546500,31158000000,50,false,0.41
"TCH",130859,"/Date(1700114969000)/",12250,2000,2544600,31134000000,50,false,0.41
"TCH",130856,"/Date(1700114965000)/",12250,6100,2542600,31110000000,50,false,0.41
"TCH",130856,"/Date(1700114965000)/",12250,5000,2536500,31035000000,50,false,0.41
"TCH",130856,"/Date(1700114965000)/",12250,2000,2531500,30974000000,50,false,0.41
"TCH",130856,"/Date(1700114965000)/",12250,4900,2529500,30949000000,50,false,0.41
"TCH",130853,"/Date(1700114962000)/",12250,5100,2524600,30889000000,50,false,0.41
"TCH",130853,"/Date(1700114962000)/",12250,800,2519500,30827000000,50,false,0.41
"TCH",130853,"/Date(1700114962000)/",12250,200,2518700,30817000000,50,false,0.41
"TCH",130853,"/Date(1700114962000)/",12250,10000,2518500,30815000000,50,false,0.41
"TCH",130853,"/Date(1700114962000)/",12250,600,2508500,30692000000,50,false,0.41
"TCH",130853,"/Date(1700114962000)/",12250,10400,2507900,30685000000,50,false,0.41
"TCH",130853,"/Date(1700114962000)/",12250,2900,2497500,30557000000,50,false,0.41
"TCH",130853,"/Date(1700114960000)/",12250,3000,2494600,30522000000,50,false,0.41
"TCH",130840,"/Date(1700114947000)/",12250,1000,2491600,30485000000,50,false,0.41
"TCH",130834,"/Date(1700114941000)/",12250,3000,2490600,30473000000,50,false,0.41
"TCH",130824,"/Date(1700114933000)/",12250,5000,2487600,30436000000,50,false,0.41
"TCH",130814,"/Date(1700114924000)/",12250,6500,2482600,30375000000,50,false,0.41
"TCH",130755,"/Date(1700114905000)/",12250,8600,2476100,30295000000,50,false,0.41
"TCH",130755,"/Date(1700114905000)/",12250,2000,2467500,30190000000,50,false,0.41
"TCH",130755,"/Date(1700114905000)/",12250,3000,2465500,30165000000,50,false,0.41
"TCH",130755,"/Date(1700114905000)/",12250,20000,2462500,30129000000,50,false,0.41
"TCH",130755,"/Date(1700114905000)/",12250,100,2442500,29884000000,50,false,0.41
"TCH",130755,"/Date(1700114905000)/",12250,6300,2442400,29882000000,50,false,0.41
"TCH",130749,"/Date(1700114896000)/",12250,5000,2436100,29805000000,50,false,0.41
"TCH",130742,"/Date(1700114890000)/",12200,4000,2431100,29744000000,0,true,0
"TCH",130730,"/Date(1700114878000)/",12250,5000,2427100,29695000000,50,false,0.41
"TCH",130723,"/Date(1700114871000)/",12250,1000,2422100,29634000000,50,false,0.41
"TCH",130632,"/Date(1700114820000)/",12250,1000,2421100,29622000000,50,false,0.41
"TCH",130532,"/Date(1700114760000)/",12250,1500,2420100,29609000000,50,false,0.41
"TCH",130506,"/Date(1700114736000)/",12200,600,2418600,29591000000,0,true,0
"TCH",130506,"/Date(1700114735000)/",12200,4000,2418000,29584000000,0,true,0
"TCH",130333,"/Date(1700114642000)/",12200,300,2414000,29535000000,0,false,0
"TCH",130333,"/Date(1700114642000)/",12200,1800,2413700,29531000000,0,false,0
"TCH",130333,"/Date(1700114642000)/",12200,500,2411900,29509000000,0,false,0
"TCH",130333,"/Date(1700114642000)/",12200,20000,2411400,29503000000,0,false,0
"TCH",130333,"/Date(1700114642000)/",12200,23100,2391400,29259000000,0,false,0
"TCH",130324,"/Date(1700114632000)/",12200,8900,2368300,28977000000,0,false,0
"TCH",130324,"/Date(1700114632000)/",12200,10000,2359400,28869000000,0,false,0
"TCH",130324,"/Date(1700114632000)/",12200,1100,2349400,28747000000,0,false,0
"TCH",130249,"/Date(1700114598000)/",12150,300,2348300,28733000000,-50,true,-0.41
"TCH",130249,"/Date(1700114598000)/",12150,1000,2348000,28730000000,-50,true,-0.41
"TCH",130249,"/Date(1700114598000)/",12150,1000,2347000,28717000000,-50,true,-0.41
"TCH",130249,"/Date(1700114598000)/",12150,1000,2346000,28705000000,-50,true,-0.41
"TCH",130249,"/Date(1700114598000)/",12150,1000,2345000,28693000000,-50,true,-0.41
"TCH",130249,"/Date(1700114598000)/",12150,300,2344000,28681000000,-50,true,-0.41
"TCH",130249,"/Date(1700114598000)/",12150,400,2343700,28677000000,-50,true,-0.41
"TCH",130245,"/Date(1700114595000)/",12150,200,2343300,28673000000,-50,true,-0.41
"TCH",130230,"/Date(1700114578000)/",12150,600,2343100,28670000000,-50,true,-0.41
"TCH",130230,"/Date(1700114578000)/",12150,100,2342500,28663000000,-50,true,-0.41
"TCH",130230,"/Date(1700114578000)/",12150,500,2342400,28662000000,-50,true,-0.41
"TCH",130230,"/Date(1700114578000)/",12150,500,2341900,28656000000,-50,true,-0.41
"TCH",130230,"/Date(1700114578000)/",12150,300,2341400,28649000000,-50,true,-0.41
"TCH",130220,"/Date(1700114567000)/",12150,200,2341100,28646000000,-50,true,-0.41
"TCH",130213,"/Date(1700114560000)/",12150,4500,2340900,28643000000,-50,true,-0.41
"TCH",130213,"/Date(1700114560000)/",12150,2700,2336400,28589000000,-50,true,-0.41
"TCH",130213,"/Date(1700114560000)/",12150,1000,2333700,28556000000,-50,true,-0.41
"TCH",130213,"/Date(1700114560000)/",12150,1800,2332700,28544000000,-50,true,-0.41
"TCH",130210,"/Date(1700114559000)/",12150,2000,2330900,28522000000,-50,true,-0.41
"TCH",130148,"/Date(1700114537000)/",12150,1000,2328900,28498000000,-50,true,-0.41
"TCH",130129,"/Date(1700114516000)/",12150,200,2327900,28485000000,-50,true,-0.41
"TCH",130129,"/Date(1700114516000)/",12150,4800,2327700,28483000000,-50,true,-0.41
"TCH",130125,"/Date(1700114513000)/",12200,700,2322900,28425000000,0,false,0
"TCH",130125,"/Date(1700114513000)/",12200,2000,2322200,28416000000,0,false,0
"TCH",130125,"/Date(1700114513000)/",12200,3200,2320200,28392000000,0,false,0
"TCH",130113,"/Date(1700114500000)/",12150,1000,2317000,28353000000,-50,true,-0.41
"TCH",130041,"/Date(1700114468000)/",12150,4200,2316000,28341000000,-50,true,-0.41
"TCH",130041,"/Date(1700114468000)/",12150,300,2311800,28290000000,-50,true,-0.41
"TCH",130041,"/Date(1700114468000)/",12150,500,2311500,28286000000,-50,true,-0.41
"TCH",130006,"/Date(1700114427000)/",12150,500,2311000,28280000000,-50,true,-0.41
"TCH",130006,"/Date(1700114427000)/",12150,900,2310500,28274000000,-50,true,-0.41
"TCH",130006,"/Date(1700114427000)/",12150,600,2309600,28263000000,-50,true,-0.41
"TCH",130006,"/Date(1700114427000)/",12150,100,2309000,28255000000,-50,true,-0.41
"TCH",130006,"/Date(1700114427000)/",12150,4000,2308900,28254000000,-50,true,-0.41
"TCH",130006,"/Date(1700114427000)/",12150,5000,2304900,28206000000,-50,true,-0.41
"TCH",130006,"/Date(1700114427000)/",12150,3000,2299900,28145000000,-50,true,-0.41
"TCH",130006,"/Date(1700114427000)/",12150,1000,2296900,28108000000,-50,true,-0.41
"TCH",130006,"/Date(1700114427000)/",12150,100,2295900,28096000000,-50,true,-0.41
"TCH",130006,"/Date(1700114427000)/",12150,1000,2295800,28095000000,-50,true,-0.41
"TCH",130006,"/Date(1700114427000)/",12150,700,2294800,28083000000,-50,true,-0.41
"TCH",130006,"/Date(1700114427000)/",12150,2000,2294100,28074000000,-50,true,-0.41
"TCH",130006,"/Date(1700114427000)/",12150,200,2292100,28050000000,-50,true,-0.41
"TCH",130006,"/Date(1700114427000)/",12150,200,2291900,28048000000,-50,true,-0.41
"TCH",130006,"/Date(1700114427000)/",12150,1500,2291700,28045000000,-50,true,-0.41
"TCH",130006,"/Date(1700114427000)/",12150,2000,2290200,28027000000,-50,true,-0.41
"TCH",130006,"/Date(1700114427000)/",12150,3000,2288200,28003000000,-50,true,-0.41
"TCH",130006,"/Date(1700114427000)/",12150,3000,2285200,27966000000,-50,true,-0.41
"TCH",130006,"/Date(1700114427000)/",12150,600,2282200,27930000000,-50,true,-0.41
"TCH",130006,"/Date(1700114427000)/",12150,1000,2281600,27923000000,-50,true,-0.41
"TCH",130006,"/Date(1700114427000)/",12150,2000,2280600,27910000000,-50,true,-0.41
"TCH",130006,"/Date(1700114427000)/",12150,200,2278600,27886000000,-50,true,-0.41
"TCH",130006,"/Date(1700114427000)/",12150,200,2278400,27884000000,-50,true,-0.41
"TCH",130006,"/Date(1700114427000)/",12150,100,2278200,27881000000,-50,true,-0.41
"TCH",130006,"/Date(1700114427000)/",12150,100,2278100,27880000000,-50,true,-0.41
"TCH",130006,"/Date(1700114427000)/",12150,1400,2278000,27879000000,-50,true,-0.41
"TCH",130006,"/Date(1700114427000)/",12150,500,2276600,27862000000,-50,true,-0.41
"TCH",130006,"/Date(1700114427000)/",12150,3000,2276100,27856000000,-50,true,-0.41
"TCH",130006,"/Date(1700114427000)/",12150,100,2273100,27819000000,-50,true,-0.41
"TCH",130006,"/Date(1700114427000)/",12150,500,2273000,27818000000,-50,true,-0.41
"TCH",130006,"/Date(1700114427000)/",12150,1500,2272500,27812000000,-50,true,-0.41
"TCH",130003,"/Date(1700114419000)/",12150,500,2271000,27794000000,-50,true,-0.41
"TCH",130003,"/Date(1700114419000)/",12150,10000,2270500,27788000000,-50,true,-0.41
"TCH",130003,"/Date(1700114419000)/",12150,600,2260500,27666000000,-50,true,-0.41
"TCH",130003,"/Date(1700114419000)/",12150,1000,2259900,27659000000,-50,true,-0.41
"TCH",130003,"/Date(1700114419000)/",12150,5000,2258900,27647000000,-50,true,-0.41
"TCH",130003,"/Date(1700114419000)/",12150,35000,2253900,27586000000,-50,true,-0.41
"TCH",130003,"/Date(1700114419000)/",12200,300,2218900,27161000000,0,false,0
"TCH",125959,"/Date(1700114414000)/",12200,100,2218600,27157000000,0,false,0
"TCH",125959,"/Date(1700114413000)/",12200,300,2218500,27156000000,0,false,0
"TCH",125959,"/Date(1700114410000)/",12200,300,2218200,27152000000,0,false,0
"TCH",125956,"/Date(1700114407000)/",12200,500,2217900,27149000000,0,false,0
"TCH",125953,"/Date(1700114403000)/",12200,400,2217400,27142000000,0,false,0
"TCH",125953,"/Date(1700114402000)/",12200,100,2217000,27138000000,0,false,0
"TCH",125947,"/Date(1700114400000)/",12200,500,2216900,27136000000,0,false,0
"TCH",125947,"/Date(1700114400000)/",12150,1000,2216400,27130000000,-50,true,-0.41
"TCH",112937,"/Date(1700108997000)/",12200,500,2215400,27118000000,0,false,0
"TCH",112918,"/Date(1700108978000)/",12200,5700,2214900,27112000000,0,false,0
"TCH",112859,"/Date(1700108957000)/",12200,11100,2209200,27042000000,0,false,0
"TCH",112859,"/Date(1700108957000)/",12200,100,2198100,26907000000,0,false,0
"TCH",112859,"/Date(1700108957000)/",12200,4500,2198000,26906000000,0,false,0
"TCH",112859,"/Date(1700108957000)/",12200,3000,2193500,26851000000,0,false,0
"TCH",112859,"/Date(1700108957000)/",12200,1300,2190500,26814000000,0,false,0
"TCH",112843,"/Date(1700108941000)/",12200,1000,2189200,26798000000,0,false,0
"TCH",112736,"/Date(1700108875000)/",12200,200,2188200,26786000000,0,false,0
"TCH",112619,"/Date(1700108799000)/",12200,7500,2188000,26784000000,0,false,0
"TCH",112619,"/Date(1700108799000)/",12200,1700,2180500,26692000000,0,false,0
"TCH",112619,"/Date(1700108799000)/",12200,800,2178800,26672000000,0,false,0
"TCH",112613,"/Date(1700108791000)/",12200,1000,2178000,26662000000,0,false,0
"TCH",112600,"/Date(1700108779000)/",12200,1000,2177000,26650000000,0,false,0
"TCH",112551,"/Date(1700108769000)/",12200,5300,2176000,26637000000,0,false,0
"TCH",112532,"/Date(1700108752000)/",12200,100,2170700,26573000000,0,false,0
"TCH",112522,"/Date(1700108740000)/",12200,1800,2170600,26572000000,0,false,0
"TCH",112522,"/Date(1700108740000)/",12200,2700,2168800,26550000000,0,false,0
"TCH",112350,"/Date(1700108649000)/",12200,100,2166100,26517000000,0,false,0
"TCH",112337,"/Date(1700108637000)/",12200,100,2166000,26515000000,0,false,0
"TCH",112334,"/Date(1700108633000)/",12200,1000,2165900,26514000000,0,false,0
"TCH",112318,"/Date(1700108618000)/",12200,10000,2164900,26502000000,0,false,0
"TCH",112227,"/Date(1700108565000)/",12200,2000,2154900,26380000000,0,false,0
"TCH",112214,"/Date(1700108554000)/",12200,200,2152900,26356000000,0,false,0
"TCH",112155,"/Date(1700108532000)/",12200,10000,2152700,26353000000,0,false,0
"TCH",112148,"/Date(1700108528000)/",12200,300,2142700,26231000000,0,false,0
"TCH",112148,"/Date(1700108528000)/",12200,3600,2142400,26228000000,0,false,0
"TCH",112148,"/Date(1700108526000)/",12200,4400,2138800,26184000000,0,false,0
"TCH",112133,"/Date(1700108513000)/",12200,2000,2134400,26130000000,0,true,0
"TCH",112133,"/Date(1700108513000)/",12200,100,2132400,26106000000,0,true,0
"TCH",112133,"/Date(1700108513000)/",12200,100,2132300,26104000000,0,true,0
"TCH",112133,"/Date(1700108513000)/",12200,3000,2132200,26103000000,0,true,0
"TCH",112133,"/Date(1700108513000)/",12200,200,2129200,26066000000,0,true,0
"TCH",112133,"/Date(1700108513000)/",12200,2000,2129000,26064000000,0,true,0
"TCH",112133,"/Date(1700108513000)/",12200,1600,2127000,26040000000,0,true,0
"TCH",112113,"/Date(1700108493000)/",12200,200,2125400,26020000000,0,true,0
"TCH",111947,"/Date(1700108406000)/",12200,200,2125200,26018000000,0,true,0
"TCH",111947,"/Date(1700108406000)/",12200,100,2125000,26015000000,0,true,0
"TCH",111947,"/Date(1700108406000)/",12200,9700,2124900,26014000000,0,true,0
"TCH",111843,"/Date(1700108342000)/",12250,100,2115200,25896000000,50,false,0.41
"TCH",111704,"/Date(1700108244000)/",12200,300,2115100,25894000000,0,true,0
"TCH",111704,"/Date(1700108244000)/",12200,1000,2114800,25891000000,0,true,0
"TCH",111704,"/Date(1700108244000)/",12200,1000,2113800,25879000000,0,true,0
"TCH",111704,"/Date(1700108244000)/",12200,600,2112800,25866000000,0,true,0
"TCH",111704,"/Date(1700108244000)/",12200,1000,2112200,25859000000,0,true,0
"TCH",111704,"/Date(1700108244000)/",12200,2000,2111200,25847000000,0,true,0
"TCH",111704,"/Date(1700108244000)/",12200,1000,2109200,25822000000,0,true,0
"TCH",111704,"/Date(1700108244000)/",12200,8100,2108200,25810000000,0,true,0
"TCH",111554,"/Date(1700108172000)/",12200,1000,2100100,25711000000,0,true,0
"TCH",111519,"/Date(1700108139000)/",12200,900,2099100,25699000000,0,true,0
"TCH",111519,"/Date(1700108139000)/",12200,1100,2098200,25688000000,0,true,0
"TCH",111506,"/Date(1700108124000)/",12200,900,2097100,25675000000,0,true,0
"TCH",111506,"/Date(1700108124000)/",12200,9900,2096200,25664000000,0,true,0
"TCH",111506,"/Date(1700108124000)/",12200,1000,2086300,25543000000,0,true,0
"TCH",111506,"/Date(1700108124000)/",12200,15200,2085300,25531000000,0,true,0
"TCH",111415,"/Date(1700108075000)/",12200,8600,2070100,25345000000,0,true,0
"TCH",111412,"/Date(1700108070000)/",12200,1000,2061500,25241000000,0,true,0
"TCH",111409,"/Date(1700108067000)/",12250,100,2060500,25228000000,50,false,0.41
"TCH",111337,"/Date(1700108036000)/",12200,5200,2060400,25227000000,0,true,0
"TCH",111334,"/Date(1700108032000)/",12200,5000,2055200,25164000000,0,false,0
"TCH",111331,"/Date(1700108029000)/",12200,500,2050200,25103000000,0,false,0
"TCH",111308,"/Date(1700108007000)/",12200,7000,2049700,25097000000,0,false,0
"TCH",111259,"/Date(1700107998000)/",12200,700,2042700,25011000000,0,true,0
"TCH",111259,"/Date(1700107998000)/",12200,5000,2042000,25003000000,0,true,0
"TCH",111259,"/Date(1700107998000)/",12200,100,2037000,24942000000,0,true,0
"TCH",111259,"/Date(1700107998000)/",12200,200,2036900,24940000000,0,true,0
"TCH",111246,"/Date(1700107982000)/",12200,500,2036700,24938000000,0,true,0
"TCH",111243,"/Date(1700107980000)/",12200,300,2036200,24932000000,0,true,0
"TCH",111243,"/Date(1700107980000)/",12200,200,2035900,24928000000,0,true,0
