"Stockcode","Package","TradingDate","Price","Vol","TotalVol","TotalVal","Change","IsBuy","PerChange"
"AGR",144422,"/Date(1701243900000)/",15600,30200,1593400,24828000000,200,false,1.3
"AGR",142922,"/Date(1701242998000)/",15650,10000,1563200,24357000000,250,false,1.62
"AGR",142922,"/Date(1701242997000)/",15600,3000,1553200,24201000000,200,true,1.3
"AGR",142906,"/Date(1701242981000)/",15600,1000,1550200,24154000000,200,true,1.3
"AGR",142902,"/Date(1701242977000)/",15650,1300,1549200,24138000000,250,false,1.62
"AGR",142902,"/Date(1701242977000)/",15650,100,1547900,24118000000,250,false,1.62
"AGR",142902,"/Date(1701242977000)/",15650,100,1547800,24116000000,250,false,1.62
"AGR",142902,"/Date(1701242977000)/",15650,200,1547700,24115000000,250,false,1.62
"AGR",142902,"/Date(1701242977000)/",15650,100,1547500,24112000000,250,false,1.62
"AGR",142902,"/Date(1701242977000)/",15650,15000,1547400,24110000000,250,false,1.62
"AGR",142902,"/Date(1701242977000)/",15650,2000,1532400,23875000000,250,false,1.62
"AGR",142902,"/Date(1701242977000)/",15650,200,1530400,23844000000,250,false,1.62
"AGR",142853,"/Date(1701242969000)/",15600,100,1530200,23841000000,200,true,1.3
"AGR",142846,"/Date(1701242962000)/",15600,200,1530100,23839000000,200,false,1.3
"AGR",142846,"/Date(1701242961000)/",15600,3000,1529900,23836000000,200,false,1.3
"AGR",142846,"/Date(1701242961000)/",15600,2000,1526900,23790000000,200,false,1.3
"AGR",142846,"/Date(1701242961000)/",15600,1500,1524900,23758000000,200,false,1.3
"AGR",142843,"/Date(1701242959000)/",15550,1000,1523400,23735000000,150,true,0.97
"AGR",142837,"/Date(1701242951000)/",15550,500,1522400,23719000000,150,true,0.97
"AGR",142837,"/Date(1701242951000)/",15550,500,1521900,23712000000,150,true,0.97
"AGR",142837,"/Date(1701242951000)/",15550,1000,1521400,23704000000,150,true,0.97
"AGR",142805,"/Date(1701242922000)/",15600,500,1520400,23688000000,200,true,1.3
"AGR",142759,"/Date(1701242915000)/",15600,500,1519900,23681000000,200,true,1.3
"AGR",142743,"/Date(1701242899000)/",15600,3000,1519400,23673000000,200,true,1.3
"AGR",142727,"/Date(1701242882000)/",15600,1000,1516400,23626000000,200,true,1.3
"AGR",142720,"/Date(1701242876000)/",15600,2800,1515400,23610000000,200,true,1.3
"AGR",142655,"/Date(1701242851000)/",15600,100,1512600,23567000000,200,true,1.3
"AGR",142648,"/Date(1701242843000)/",15600,200,1512500,23565000000,200,true,1.3
"AGR",142626,"/Date(1701242822000)/",15600,1000,1512300,23562000000,200,true,1.3
"AGR",142620,"/Date(1701242814000)/",15600,400,1511300,23546000000,200,true,1.3
"AGR",142607,"/Date(1701242801000)/",15600,500,1510900,23540000000,200,true,1.3
"AGR",142607,"/Date(1701242801000)/",15600,200,1510400,23532000000,200,true,1.3
"AGR",142607,"/Date(1701242801000)/",15600,300,1510200,23529000000,200,true,1.3
"AGR",142600,"/Date(1701242796000)/",15600,500,1509900,23525000000,200,false,1.3
"AGR",142600,"/Date(1701242796000)/",15600,500,1509400,23517000000,200,false,1.3
"AGR",142600,"/Date(1701242795000)/",15600,100,1508900,23509000000,200,false,1.3
"AGR",142557,"/Date(1701242794000)/",15550,300,1508800,23507000000,150,true,0.97
"AGR",142554,"/Date(1701242790000)/",15600,100,1508500,23503000000,200,false,1.3
"AGR",142509,"/Date(1701242746000)/",15600,300,1508400,23501000000,200,false,1.3
"AGR",142459,"/Date(1701242736000)/",15600,100,1508100,23496000000,200,true,1.3
"AGR",142456,"/Date(1701242732000)/",15600,100,1508000,23495000000,200,true,1.3
"AGR",142456,"/Date(1701242732000)/",15600,2200,1507900,23493000000,200,true,1.3
"AGR",142456,"/Date(1701242732000)/",15600,7300,1505700,23459000000,200,true,1.3
"AGR",142428,"/Date(1701242703000)/",15600,500,1498400,23345000000,200,false,1.3
"AGR",142428,"/Date(1701242703000)/",15600,3800,1497900,23337000000,200,false,1.3
"AGR",142424,"/Date(1701242699000)/",15600,500,1494100,23278000000,200,true,1.3
"AGR",142418,"/Date(1701242694000)/",15600,700,1493600,23270000000,200,true,1.3
"AGR",142418,"/Date(1701242694000)/",15600,700,1492900,23259000000,200,true,1.3
"AGR",142418,"/Date(1701242694000)/",15600,3000,1492200,23248000000,200,true,1.3
"AGR",142418,"/Date(1701242694000)/",15600,200,1489200,23202000000,200,true,1.3
"AGR",142418,"/Date(1701242694000)/",15600,900,1489000,23198000000,200,true,1.3
"AGR",142405,"/Date(1701242680000)/",15600,4100,1488100,23184000000,200,true,1.3
"AGR",142405,"/Date(1701242680000)/",15600,1100,1484000,23120000000,200,true,1.3
"AGR",142405,"/Date(1701242680000)/",15600,14800,1482900,23103000000,200,true,1.3
"AGR",142402,"/Date(1701242678000)/",15600,3000,1468100,22872000000,200,true,1.3
"AGR",142352,"/Date(1701242669000)/",15650,200,1465100,22826000000,250,false,1.62
"AGR",142352,"/Date(1701242669000)/",15650,300,1464900,22823000000,250,false,1.62
"AGR",142352,"/Date(1701242669000)/",15650,100,1464600,22818000000,250,false,1.62
"AGR",142317,"/Date(1701242633000)/",15600,2000,1464500,22816000000,200,true,1.3
"AGR",142317,"/Date(1701242632000)/",15600,200,1462500,22785000000,200,true,1.3
"AGR",142317,"/Date(1701242632000)/",15600,300,1462300,22782000000,200,true,1.3
"AGR",142207,"/Date(1701242563000)/",15600,600,1462000,22777000000,200,true,1.3
"AGR",142204,"/Date(1701242560000)/",15600,1300,1461400,22768000000,200,true,1.3
"AGR",142157,"/Date(1701242552000)/",15600,500,1460100,22748000000,200,false,1.3
"AGR",142157,"/Date(1701242552000)/",15600,300,1459600,22740000000,200,false,1.3
"AGR",142151,"/Date(1701242546000)/",15600,3000,1459300,22735000000,200,false,1.3
"AGR",142151,"/Date(1701242545000)/",15600,100,1456300,22688000000,200,false,1.3
"AGR",142148,"/Date(1701242544000)/",15600,1000,1456200,22687000000,200,false,1.3
"AGR",142145,"/Date(1701242538000)/",15600,10000,1455200,22671000000,200,false,1.3
"AGR",142113,"/Date(1701242507000)/",15600,2000,1445200,22515000000,200,false,1.3
"AGR",142113,"/Date(1701242507000)/",15600,4000,1443200,22484000000,200,false,1.3
"AGR",142113,"/Date(1701242507000)/",15600,500,1439200,22422000000,200,false,1.3
"AGR",142113,"/Date(1701242507000)/",15600,100,1438700,22414000000,200,false,1.3
"AGR",142100,"/Date(1701242495000)/",15600,200,1438600,22412000000,200,true,1.3
"AGR",142053,"/Date(1701242489000)/",15600,100,1438400,22409000000,200,true,1.3
"AGR",142031,"/Date(1701242466000)/",15600,3000,1438300,22408000000,200,true,1.3
"AGR",142028,"/Date(1701242464000)/",15600,100,1435300,22361000000,200,true,1.3
"AGR",142021,"/Date(1701242455000)/",15600,1000,1435200,22359000000,200,true,1.3
"AGR",142015,"/Date(1701242450000)/",15600,2000,1434200,22344000000,200,true,1.3
"AGR",142002,"/Date(1701242438000)/",15600,500,1432200,22312000000,200,true,1.3
"AGR",141937,"/Date(1701242413000)/",15600,100,1431700,22305000000,200,false,1.3
"AGR",141937,"/Date(1701242413000)/",15600,100,1431600,22303000000,200,false,1.3
"AGR",141937,"/Date(1701242413000)/",15600,1000,1431500,22301000000,200,false,1.3
"AGR",141937,"/Date(1701242413000)/",15600,1000,1430500,22286000000,200,false,1.3
"AGR",141937,"/Date(1701242413000)/",15600,800,1429500,22270000000,200,false,1.3
"AGR",141830,"/Date(1701242343000)/",15600,1000,1428700,22258000000,200,false,1.3
"AGR",141830,"/Date(1701242343000)/",15600,500,1427700,22242000000,200,false,1.3
"AGR",141830,"/Date(1701242343000)/",15600,2000,1427200,22234000000,200,false,1.3
"AGR",141830,"/Date(1701242343000)/",15600,700,1425200,22203000000,200,false,1.3
"AGR",141817,"/Date(1701242331000)/",15600,500,1424500,22192000000,200,true,1.3
"AGR",141804,"/Date(1701242320000)/",15600,5500,1424000,22184000000,200,true,1.3
"AGR",141755,"/Date(1701242309000)/",15600,200,1418500,22099000000,200,true,1.3
"AGR",141755,"/Date(1701242308000)/",15600,100,1418300,22096000000,200,true,1.3
"AGR",141736,"/Date(1701242292000)/",15600,1000,1418200,22094000000,200,true,1.3
"AGR",141736,"/Date(1701242292000)/",15600,3000,1417200,22078000000,200,true,1.3
"AGR",141736,"/Date(1701242292000)/",15600,500,1414200,22032000000,200,true,1.3
"AGR",141736,"/Date(1701242291000)/",15600,300,1413700,22024000000,200,true,1.3
"AGR",141736,"/Date(1701242291000)/",15600,200,1413400,22019000000,200,true,1.3
"AGR",141736,"/Date(1701242291000)/",15600,1000,1413200,22016000000,200,true,1.3
"AGR",141736,"/Date(1701242291000)/",15600,100,1412200,22000000000,200,true,1.3
"AGR",141736,"/Date(1701242291000)/",15600,100,1412100,21999000000,200,true,1.3
"AGR",141736,"/Date(1701242291000)/",15600,4100,1412000,21997000000,200,true,1.3
"AGR",141704,"/Date(1701242257000)/",15600,3000,1407900,21933000000,200,true,1.3
"AGR",141701,"/Date(1701242255000)/",15600,100,1404900,21886000000,200,true,1.3
"AGR",141635,"/Date(1701242231000)/",15600,2800,1404800,21885000000,200,true,1.3
"AGR",141635,"/Date(1701242231000)/",15600,200,1402000,21841000000,200,true,1.3
"AGR",141625,"/Date(1701242221000)/",15600,600,1401800,21838000000,200,true,1.3
"AGR",141613,"/Date(1701242208000)/",15600,1000,1401200,21829000000,200,true,1.3
"AGR",141603,"/Date(1701242198000)/",15600,1000,1400200,21813000000,200,true,1.3
"AGR",141557,"/Date(1701242192000)/",15600,200,1399200,21798000000,200,true,1.3
"AGR",141525,"/Date(1701242161000)/",15650,600,1399000,21794000000,250,false,1.62
"AGR",141525,"/Date(1701242160000)/",15650,100,1398400,21785000000,250,false,1.62
"AGR",141522,"/Date(1701242156000)/",15650,900,1398300,21783000000,250,true,1.62
"AGR",141509,"/Date(1701242144000)/",15650,500,1397400,21769000000,250,true,1.62
"AGR",141509,"/Date(1701242143000)/",15650,900,1396900,21762000000,250,true,1.62
"AGR",141509,"/Date(1701242143000)/",15650,100,1396000,21747000000,250,true,1.62
"AGR",141502,"/Date(1701242136000)/",15650,200,1395900,21746000000,250,true,1.62
"AGR",141443,"/Date(1701242118000)/",15650,1800,1395700,21743000000,250,true,1.62
"AGR",141443,"/Date(1701242118000)/",15650,3200,1393900,21715000000,250,true,1.62
"AGR",141440,"/Date(1701242115000)/",15650,800,1390700,21665000000,250,true,1.62
"AGR",141440,"/Date(1701242115000)/",15650,2000,1389900,21652000000,250,true,1.62
"AGR",141440,"/Date(1701242115000)/",15650,1000,1387900,21621000000,250,true,1.62
"AGR",141440,"/Date(1701242115000)/",15650,6200,1386900,21605000000,250,true,1.62
"AGR",141408,"/Date(1701242082000)/",15700,4200,1380700,21508000000,300,true,1.95
"AGR",141405,"/Date(1701242080000)/",15700,2000,1376500,21442000000,300,true,1.95
"AGR",141405,"/Date(1701242078000)/",15700,500,1374500,21411000000,300,true,1.95
"AGR",141402,"/Date(1701242075000)/",15700,2200,1374000,21403000000,300,true,1.95
"AGR",141359,"/Date(1701242073000)/",15700,1000,1371800,21368000000,300,true,1.95
"AGR",141349,"/Date(1701242065000)/",15700,1000,1370800,21353000000,300,true,1.95
"AGR",141320,"/Date(1701242036000)/",15700,2000,1369800,21337000000,300,true,1.95
"AGR",141317,"/Date(1701242033000)/",15700,500,1367800,21306000000,300,true,1.95
"AGR",141314,"/Date(1701242028000)/",15700,200,1367300,21298000000,300,true,1.95
"AGR",141307,"/Date(1701242022000)/",15700,100,1367100,21295000000,300,true,1.95
"AGR",141307,"/Date(1701242021000)/",15700,100,1367000,21293000000,300,true,1.95
"AGR",141304,"/Date(1701242020000)/",15700,1000,1366900,21291000000,300,true,1.95
"AGR",141239,"/Date(1701241994000)/",15700,10000,1365900,21276000000,300,true,1.95
"AGR",141239,"/Date(1701241992000)/",15750,200,1355900,21119000000,350,false,2.27
"AGR",141232,"/Date(1701241988000)/",15700,500,1355700,21116000000,300,true,1.95
"AGR",141213,"/Date(1701241967000)/",15700,400,1355200,21108000000,300,true,1.95
"AGR",141148,"/Date(1701241939000)/",15700,1000,1354800,21101000000,300,false,1.95
"AGR",141148,"/Date(1701241939000)/",15700,100,1353800,21086000000,300,false,1.95
"AGR",141148,"/Date(1701241939000)/",15700,2000,1353700,21084000000,300,false,1.95
"AGR",141148,"/Date(1701241939000)/",15700,100,1351700,21053000000,300,false,1.95
"AGR",141148,"/Date(1701241939000)/",15700,1000,1351600,21051000000,300,false,1.95
"AGR",141148,"/Date(1701241939000)/",15700,200,1350600,21035000000,300,false,1.95
"AGR",141148,"/Date(1701241939000)/",15700,100,1350400,21032000000,300,false,1.95
"AGR",141148,"/Date(1701241939000)/",15700,100,1350300,21031000000,300,false,1.95
"AGR",141148,"/Date(1701241939000)/",15700,100,1350200,21029000000,300,false,1.95
"AGR",141148,"/Date(1701241939000)/",15700,100,1350100,21028000000,300,false,1.95
"AGR",141148,"/Date(1701241939000)/",15700,200,1350000,21026000000,300,false,1.95
"AGR",141148,"/Date(1701241939000)/",15700,200,1349800,21023000000,300,false,1.95
"AGR",141148,"/Date(1701241939000)/",15700,100,1349600,21020000000,300,false,1.95
"AGR",141148,"/Date(1701241939000)/",15700,300,1349500,21018000000,300,false,1.95
"AGR",141148,"/Date(1701241939000)/",15700,3000,1349200,21013000000,300,false,1.95
"AGR",141148,"/Date(1701241939000)/",15700,1000,1346200,20966000000,300,false,1.95
"AGR",141148,"/Date(1701241939000)/",15700,900,1345200,20951000000,300,false,1.95
"AGR",141148,"/Date(1701241939000)/",15700,8000,1344300,20937000000,300,false,1.95
"AGR",141148,"/Date(1701241939000)/",15700,200,1336300,20811000000,300,false,1.95
"AGR",141148,"/Date(1701241939000)/",15700,100,1336100,20808000000,300,false,1.95
"AGR",141148,"/Date(1701241939000)/",15700,2000,1336000,20806000000,300,false,1.95
"AGR",141148,"/Date(1701241939000)/",15700,200,1334000,20775000000,300,false,1.95
"AGR",141148,"/Date(1701241939000)/",15700,100,1333800,20772000000,300,false,1.95
"AGR",141148,"/Date(1701241939000)/",15700,200,1333700,20770000000,300,false,1.95
"AGR",141148,"/Date(1701241939000)/",15700,900,1333500,20767000000,300,false,1.95
"AGR",141148,"/Date(1701241939000)/",15700,2000,1332600,20753000000,300,false,1.95
"AGR",141148,"/Date(1701241939000)/",15700,200,1330600,20721000000,300,false,1.95
"AGR",141148,"/Date(1701241939000)/",15700,1000,1330400,20718000000,300,false,1.95
"AGR",141148,"/Date(1701241939000)/",15700,1000,1329400,20703000000,300,false,1.95
"AGR",141148,"/Date(1701241939000)/",15700,600,1328400,20687000000,300,false,1.95
"AGR",141148,"/Date(1701241939000)/",15700,500,1327800,20678000000,300,false,1.95
"AGR",141148,"/Date(1701241939000)/",15700,100,1327300,20670000000,300,false,1.95
"AGR",141148,"/Date(1701241939000)/",15700,200,1327200,20668000000,300,false,1.95
"AGR",141148,"/Date(1701241939000)/",15700,1100,1327000,20665000000,300,false,1.95
"AGR",141148,"/Date(1701241939000)/",15700,100,1325900,20648000000,300,false,1.95
"AGR",141148,"/Date(1701241939000)/",15700,100,1325800,20646000000,300,false,1.95
"AGR",141148,"/Date(1701241939000)/",15700,100,1325700,20645000000,300,false,1.95
"AGR",141148,"/Date(1701241939000)/",15700,200,1325600,20643000000,300,false,1.95
"AGR",141148,"/Date(1701241939000)/",15700,1600,1325400,20640000000,300,false,1.95
"AGR",141148,"/Date(1701241939000)/",15700,400,1323800,20615000000,300,false,1.95
"AGR",141148,"/Date(1701241939000)/",15700,500,1323400,20608000000,300,false,1.95
"AGR",141148,"/Date(1701241939000)/",15700,400,1322900,20601000000,300,false,1.95
"AGR",141148,"/Date(1701241939000)/",15700,1500,1322500,20594000000,300,false,1.95
"AGR",141148,"/Date(1701241939000)/",15700,500,1321000,20571000000,300,false,1.95
"AGR",141148,"/Date(1701241939000)/",15700,1000,1320500,20563000000,300,false,1.95
"AGR",141148,"/Date(1701241939000)/",15700,100,1319500,20547000000,300,false,1.95
"AGR",141148,"/Date(1701241939000)/",15700,1000,1319400,20546000000,300,false,1.95
"AGR",141148,"/Date(1701241939000)/",15700,1500,1318400,20530000000,300,false,1.95
"AGR",141148,"/Date(1701241939000)/",15700,100,1316900,20506000000,300,false,1.95
"AGR",141148,"/Date(1701241939000)/",15700,600,1316800,20505000000,300,false,1.95
"AGR",141148,"/Date(1701241939000)/",15700,300,1316200,20495000000,300,false,1.95
"AGR",141148,"/Date(1701241939000)/",15700,600,1315900,20491000000,300,false,1.95
"AGR",141148,"/Date(1701241939000)/",15700,100,1315300,20481000000,300,false,1.95
"AGR",141148,"/Date(1701241939000)/",15700,10000,1315200,20480000000,300,false,1.95
"AGR",141148,"/Date(1701241939000)/",15700,1000,1305200,20323000000,300,false,1.95
"AGR",141148,"/Date(1701241939000)/",15700,400,1304200,20307000000,300,false,1.95
"AGR",141148,"/Date(1701241939000)/",15700,2000,1303800,20301000000,300,false,1.95
"AGR",141148,"/Date(1701241939000)/",15700,1000,1301800,20269000000,300,false,1.95
"AGR",141148,"/Date(1701241939000)/",15700,3000,1300800,20254000000,300,false,1.95
"AGR",141148,"/Date(1701241939000)/",15700,200,1297800,20207000000,300,false,1.95
"AGR",141148,"/Date(1701241939000)/",15700,2000,1297600,20203000000,300,false,1.95
"AGR",141148,"/Date(1701241939000)/",15700,3000,1295600,20172000000,300,false,1.95
"AGR",141148,"/Date(1701241939000)/",15700,1000,1292600,20125000000,300,false,1.95
"AGR",141148,"/Date(1701241939000)/",15700,500,1291600,20109000000,300,false,1.95
"AGR",141148,"/Date(1701241939000)/",15700,500,1291100,20101000000,300,false,1.95
"AGR",141148,"/Date(1701241939000)/",15700,100,1290600,20093000000,300,false,1.95
"AGR",141148,"/Date(1701241939000)/",15700,100,1290500,20092000000,300,false,1.95
"AGR",141148,"/Date(1701241939000)/",15700,300,1290400,20090000000,300,false,1.95
"AGR",141148,"/Date(1701241939000)/",15700,200,1290100,20086000000,300,false,1.95
"AGR",141148,"/Date(1701241939000)/",15700,100,1289900,20082000000,300,false,1.95
"AGR",141148,"/Date(1701241939000)/",15700,1000,1289800,20081000000,300,false,1.95
"AGR",141148,"/Date(1701241939000)/",15700,10000,1288800,20065000000,300,false,1.95
"AGR",141148,"/Date(1701241939000)/",15700,200,1278800,19908000000,300,false,1.95
"AGR",141148,"/Date(1701241939000)/",15700,100,1278600,19905000000,300,false,1.95
"AGR",141148,"/Date(1701241939000)/",15700,100,1278500,19904000000,300,false,1.95
"AGR",141148,"/Date(1701241939000)/",15700,500,1278400,19902000000,300,false,1.95
"AGR",141148,"/Date(1701241939000)/",15700,500,1277900,19894000000,300,false,1.95
"AGR",141148,"/Date(1701241939000)/",15700,1000,1277400,19886000000,300,false,1.95
"AGR",141113,"/Date(1701241908000)/",15700,1000,1276400,19871000000,300,false,1.95
"AGR",141106,"/Date(1701241901000)/",15650,100,1275400,19855000000,250,true,1.62
"AGR",141100,"/Date(1701241895000)/",15650,1000,1275300,19853000000,250,false,1.62
"AGR",141100,"/Date(1701241895000)/",15650,3000,1274300,19838000000,250,false,1.62
"AGR",141100,"/Date(1701241895000)/",15650,7000,1271300,19791000000,250,false,1.62
"AGR",141100,"/Date(1701241895000)/",15650,100,1264300,19681000000,250,false,1.62
"AGR",141100,"/Date(1701241895000)/",15650,2600,1264200,19680000000,250,false,1.62
"AGR",141057,"/Date(1701241891000)/",15650,200,1261600,19639000000,250,false,1.62
"AGR",141057,"/Date(1701241891000)/",15650,500,1261400,19636000000,250,false,1.62
"AGR",141057,"/Date(1701241891000)/",15650,300,1260900,19628000000,250,false,1.62
"AGR",141053,"/Date(1701241886000)/",15650,200,1260600,19623000000,250,false,1.62
"AGR",141053,"/Date(1701241886000)/",15650,800,1260400,19620000000,250,false,1.62
"AGR",141025,"/Date(1701241860000)/",15600,200,1259600,19608000000,200,true,1.3
"AGR",141018,"/Date(1701241853000)/",15600,100,1259400,19604000000,200,true,1.3
"AGR",141002,"/Date(1701241837000)/",15600,300,1259300,19603000000,200,true,1.3
"AGR",140934,"/Date(1701241806000)/",15650,500,1259000,19598000000,250,false,1.62
"AGR",140859,"/Date(1701241774000)/",15650,3700,1258500,19590000000,250,false,1.62
"AGR",140859,"/Date(1701241774000)/",15650,1000,1254800,19532000000,250,false,1.62
"AGR",140859,"/Date(1701241774000)/",15650,200,1253800,19517000000,250,false,1.62
"AGR",140859,"/Date(1701241774000)/",15650,1000,1253600,19514000000,250,false,1.62
"AGR",140859,"/Date(1701241774000)/",15650,100,1252600,19498000000,250,false,1.62
"AGR",140859,"/Date(1701241774000)/",15650,2000,1252500,19496000000,250,false,1.62
"AGR",140859,"/Date(1701241774000)/",15650,500,1250500,19465000000,250,false,1.62
"AGR",140859,"/Date(1701241774000)/",15650,1500,1250000,19457000000,250,false,1.62
"AGR",140855,"/Date(1701241770000)/",15650,500,1248500,19434000000,250,false,1.62
"AGR",140823,"/Date(1701241737000)/",15650,1000,1248000,19426000000,250,false,1.62
"AGR",140823,"/Date(1701241737000)/",15650,5000,1247000,19410000000,250,false,1.62
"AGR",140823,"/Date(1701241737000)/",15650,1000,1242000,19332000000,250,false,1.62
"AGR",140823,"/Date(1701241737000)/",15650,200,1241000,19317000000,250,false,1.62
"AGR",140823,"/Date(1701241737000)/",15650,800,1240800,19313000000,250,false,1.62
"AGR",140817,"/Date(1701241731000)/",15650,3200,1240000,19301000000,250,true,1.62
"AGR",140817,"/Date(1701241731000)/",15650,1800,1236800,19251000000,250,true,1.62
"AGR",140817,"/Date(1701241730000)/",15650,5700,1235000,19223000000,250,true,1.62
"AGR",140811,"/Date(1701241724000)/",15650,5000,1229300,19133000000,250,true,1.62
"AGR",140804,"/Date(1701241718000)/",15650,500,1224300,19055000000,250,true,1.62
"AGR",140726,"/Date(1701241679000)/",15650,100,1223800,19047000000,250,false,1.62
"AGR",140726,"/Date(1701241679000)/",15650,700,1223700,19046000000,250,false,1.62
"AGR",140723,"/Date(1701241677000)/",15650,300,1223000,19035000000,250,false,1.62
"AGR",140723,"/Date(1701241677000)/",15650,900,1222700,19030000000,250,false,1.62
"AGR",140723,"/Date(1701241677000)/",15650,800,1221800,19016000000,250,false,1.62
"AGR",140723,"/Date(1701241676000)/",15650,200,1221000,19004000000,250,false,1.62
"AGR",140723,"/Date(1701241676000)/",15650,1000,1220800,19000000000,250,false,1.62
"AGR",140723,"/Date(1701241676000)/",15650,200,1219800,18985000000,250,false,1.62
"AGR",140723,"/Date(1701241676000)/",15650,600,1219600,18982000000,250,false,1.62
"AGR",140720,"/Date(1701241672000)/",15650,400,1219000,18972000000,250,false,1.62
"AGR",140720,"/Date(1701241672000)/",15650,100,1218600,18966000000,250,false,1.62
"AGR",140720,"/Date(1701241672000)/",15650,300,1218500,18964000000,250,false,1.62
"AGR",140720,"/Date(1701241672000)/",15650,100,1218200,18960000000,250,false,1.62
"AGR",140720,"/Date(1701241672000)/",15650,200,1218100,18958000000,250,false,1.62
"AGR",140720,"/Date(1701241672000)/",15650,100,1217900,18955000000,250,false,1.62
"AGR",140720,"/Date(1701241672000)/",15650,100,1217800,18953000000,250,false,1.62
"AGR",140720,"/Date(1701241672000)/",15650,500,1217700,18952000000,250,false,1.62
"AGR",140720,"/Date(1701241672000)/",15650,100,1217200,18944000000,250,false,1.62
"AGR",140720,"/Date(1701241672000)/",15650,100,1217100,18942000000,250,false,1.62
"AGR",140720,"/Date(1701241672000)/",15650,500,1217000,18941000000,250,false,1.62
"AGR",140720,"/Date(1701241672000)/",15650,200,1216500,18933000000,250,false,1.62
"AGR",140720,"/Date(1701241672000)/",15650,300,1216300,18930000000,250,false,1.62
"AGR",140716,"/Date(1701241671000)/",15650,2000,1216000,18925000000,250,false,1.62
"AGR",140716,"/Date(1701241671000)/",15650,200,1214000,18894000000,250,false,1.62
"AGR",140716,"/Date(1701241671000)/",15650,1000,1213800,18891000000,250,false,1.62
"AGR",140716,"/Date(1701241671000)/",15650,3100,1212800,18875000000,250,false,1.62
"AGR",140716,"/Date(1701241670000)/",15650,100,1209700,18827000000,250,false,1.62
"AGR",140713,"/Date(1701241667000)/",15650,5000,1209600,18825000000,250,false,1.62
"AGR",140710,"/Date(1701241664000)/",15650,1000,1204600,18747000000,250,false,1.62
"AGR",140704,"/Date(1701241659000)/",15650,1300,1203600,18731000000,250,false,1.62
"AGR",140704,"/Date(1701241659000)/",15650,5000,1202300,18711000000,250,false,1.62
"AGR",140704,"/Date(1701241659000)/",15650,1000,1197300,18633000000,250,false,1.62
"AGR",140704,"/Date(1701241659000)/",15650,200,1196300,18617000000,250,false,1.62
"AGR",140704,"/Date(1701241659000)/",15650,1000,1196100,18614000000,250,false,1.62
"AGR",140704,"/Date(1701241659000)/",15650,100,1195100,18598000000,250,false,1.62
"AGR",140704,"/Date(1701241659000)/",15650,400,1195000,18597000000,250,false,1.62
"AGR",140704,"/Date(1701241659000)/",15650,1000,1194600,18590000000,250,false,1.62
"AGR",140704,"/Date(1701241659000)/",15650,1500,1193600,18575000000,250,false,1.62
"AGR",140704,"/Date(1701241659000)/",15650,15000,1192100,18551000000,250,false,1.62
"AGR",140704,"/Date(1701241659000)/",15650,200,1177100,18316000000,250,false,1.62
"AGR",140704,"/Date(1701241659000)/",15650,1000,1176900,18313000000,250,false,1.62
"AGR",140704,"/Date(1701241659000)/",15650,100,1175900,18298000000,250,false,1.62
"AGR",140704,"/Date(1701241659000)/",15650,100,1175800,18296000000,250,false,1.62
"AGR",140704,"/Date(1701241659000)/",15650,300,1175700,18295000000,250,false,1.62
"AGR",140704,"/Date(1701241659000)/",15650,1800,1175400,18290000000,250,false,1.62
"AGR",140704,"/Date(1701241658000)/",15650,100,1173600,18262000000,250,false,1.62
"AGR",140700,"/Date(1701241654000)/",15650,500,1173500,18260000000,250,false,1.62
"AGR",140657,"/Date(1701241652000)/",15650,2600,1173000,18252000000,250,false,1.62
"AGR",140657,"/Date(1701241652000)/",15650,2400,1170400,18212000000,250,false,1.62
"AGR",140651,"/Date(1701241645000)/",15650,2600,1168000,18174000000,250,false,1.62
"AGR",140651,"/Date(1701241645000)/",15650,400,1165400,18133000000,250,false,1.62
"AGR",140651,"/Date(1701241644000)/",15650,200,1165000,18127000000,250,false,1.62
"AGR",140638,"/Date(1701241632000)/",15650,400,1164800,18124000000,250,false,1.62
"AGR",140638,"/Date(1701241632000)/",15650,200,1164400,18118000000,250,false,1.62
"AGR",140638,"/Date(1701241632000)/",15650,100,1164200,18115000000,250,false,1.62
"AGR",140638,"/Date(1701241632000)/",15650,1500,1164100,18113000000,250,false,1.62
"AGR",140638,"/Date(1701241632000)/",15650,500,1162600,18090000000,250,false,1.62
"AGR",140638,"/Date(1701241632000)/",15650,1000,1162100,18082000000,250,false,1.62
"AGR",140638,"/Date(1701241632000)/",15650,100,1161100,18066000000,250,false,1.62
"AGR",140638,"/Date(1701241632000)/",15650,100,1161000,18065000000,250,false,1.62
"AGR",140638,"/Date(1701241632000)/",15650,200,1160900,18063000000,250,false,1.62
"AGR",140638,"/Date(1701241632000)/",15650,1000,1160700,18060000000,250,false,1.62
"AGR",140638,"/Date(1701241632000)/",15650,300,1159700,18044000000,250,false,1.62
"AGR",140638,"/Date(1701241632000)/",15650,2000,1159400,18039000000,250,false,1.62
"AGR",140638,"/Date(1701241632000)/",15650,900,1157400,18008000000,250,false,1.62
"AGR",140638,"/Date(1701241632000)/",15650,200,1156500,17994000000,250,false,1.62
"AGR",140638,"/Date(1701241632000)/",15650,500,1156300,17991000000,250,false,1.62
"AGR",140638,"/Date(1701241632000)/",15650,100,1155800,17983000000,250,false,1.62
"AGR",140638,"/Date(1701241632000)/",15650,300,1155700,17982000000,250,false,1.62
"AGR",140638,"/Date(1701241632000)/",15650,200,1155400,17977000000,250,false,1.62
"AGR",140638,"/Date(1701241632000)/",15650,300,1155200,17974000000,250,false,1.62
"AGR",140638,"/Date(1701241632000)/",15650,100,1154900,17969000000,250,false,1.62
"AGR",140638,"/Date(1701241632000)/",15650,10000,1154800,17967000000,250,false,1.62
"AGR",140537,"/Date(1701241572000)/",15600,1400,1144800,17811000000,200,false,1.3
"AGR",140537,"/Date(1701241572000)/",15600,600,1143400,17789000000,200,false,1.3
"AGR",140537,"/Date(1701241571000)/",15600,200,1142800,17780000000,200,false,1.3
"AGR",140537,"/Date(1701241571000)/",15600,200,1142600,17777000000,200,false,1.3
"AGR",140537,"/Date(1701241571000)/",15600,5000,1142400,17774000000,200,false,1.3
"AGR",140537,"/Date(1701241571000)/",15600,1600,1137400,17696000000,200,false,1.3
"AGR",140537,"/Date(1701241571000)/",15600,200,1135800,17671000000,200,false,1.3
"AGR",140537,"/Date(1701241571000)/",15600,500,1135600,17667000000,200,false,1.3
"AGR",140537,"/Date(1701241571000)/",15600,10000,1135100,17660000000,200,false,1.3
"AGR",140537,"/Date(1701241571000)/",15600,100,1125100,17504000000,200,false,1.3
"AGR",140537,"/Date(1701241571000)/",15600,100,1125000,17502000000,200,false,1.3
"AGR",140537,"/Date(1701241571000)/",15600,200,1124900,17501000000,200,false,1.3
"AGR",140537,"/Date(1701241571000)/",15600,1300,1124700,17497000000,200,false,1.3
"AGR",140537,"/Date(1701241571000)/",15600,700,1123400,17477000000,200,false,1.3
"AGR",140537,"/Date(1701241571000)/",15600,400,1122700,17466000000,200,false,1.3
"AGR",140537,"/Date(1701241571000)/",15600,100,1122300,17460000000,200,false,1.3
"AGR",140537,"/Date(1701241571000)/",15600,200,1122200,17458000000,200,false,1.3
"AGR",140534,"/Date(1701241569000)/",15600,100,1122000,17455000000,200,false,1.3
"AGR",140528,"/Date(1701241561000)/",15600,2000,1121900,17454000000,200,false,1.3
"AGR",140522,"/Date(1701241555000)/",15600,1500,1119900,17423000000,200,false,1.3
"AGR",140515,"/Date(1701241550000)/",15600,1500,1118400,17399000000,200,false,1.3
"AGR",140515,"/Date(1701241550000)/",15600,3500,1116900,17376000000,200,false,1.3
"AGR",140512,"/Date(1701241547000)/",15600,1000,1113400,17321000000,200,false,1.3
"AGR",140434,"/Date(1701241508000)/",15600,1000,1112400,17306000000,200,false,1.3
"AGR",140311,"/Date(1701241424000)/",15550,200,1111400,17290000000,150,true,0.97
"AGR",140311,"/Date(1701241424000)/",15550,1000,1111200,17287000000,150,true,0.97
"AGR",140307,"/Date(1701241421000)/",15550,2000,1110200,17271000000,150,false,0.97
"AGR",140252,"/Date(1701241405000)/",15550,1000,1108200,17240000000,150,false,0.97
"AGR",140252,"/Date(1701241404000)/",15550,1600,1107200,17225000000,150,false,0.97
"AGR",140252,"/Date(1701241404000)/",15550,400,1105600,17200000000,150,false,0.97
"AGR",140242,"/Date(1701241396000)/",15550,100,1105200,17194000000,150,false,0.97
"AGR",140242,"/Date(1701241395000)/",15550,100,1105100,17192000000,150,false,0.97
"AGR",140242,"/Date(1701241395000)/",15550,500,1105000,17190000000,150,false,0.97
"AGR",140242,"/Date(1701241395000)/",15550,100,1104500,17183000000,150,false,0.97
"AGR",140242,"/Date(1701241395000)/",15550,100,1104400,17181000000,150,false,0.97
"AGR",140242,"/Date(1701241394000)/",15550,500,1104300,17180000000,150,false,0.97
"AGR",140239,"/Date(1701241391000)/",15550,2000,1103800,17172000000,150,false,0.97
"AGR",140223,"/Date(1701241375000)/",15550,100,1101800,17141000000,150,false,0.97
"AGR",140050,"/Date(1701241283000)/",15500,100,1101700,17139000000,100,true,0.65
"AGR",140041,"/Date(1701241273000)/",15500,200,1101600,17138000000,100,true,0.65
"AGR",140038,"/Date(1701241271000)/",15500,700,1101400,17134000000,100,true,0.65
"AGR",140038,"/Date(1701241271000)/",15500,500,1100700,17124000000,100,true,0.65
"AGR",140038,"/Date(1701241271000)/",15500,300,1100200,17116000000,100,true,0.65
"AGR",135927,"/Date(1701241201000)/",15500,500,1099900,17111000000,100,true,0.65
"AGR",135915,"/Date(1701241187000)/",15500,200,1099400,17103000000,100,true,0.65
"AGR",135915,"/Date(1701241187000)/",15500,6500,1099200,17100000000,100,true,0.65
"AGR",135915,"/Date(1701241187000)/",15500,100,1092700,17000000000,100,true,0.65
"AGR",135915,"/Date(1701241187000)/",15500,1000,1092600,16998000000,100,true,0.65
"AGR",135915,"/Date(1701241187000)/",15500,1000,1091600,16983000000,100,true,0.65
"AGR",135915,"/Date(1701241187000)/",15500,1200,1090600,16967000000,100,true,0.65
"AGR",135830,"/Date(1701241144000)/",15500,100,1089400,16948000000,100,true,0.65
"AGR",135645,"/Date(1701241037000)/",15500,100,1089300,16947000000,100,true,0.65
"AGR",135619,"/Date(1701241014000)/",15500,3600,1089200,16945000000,100,true,0.65
"AGR",135515,"/Date(1701240947000)/",15500,1300,1085600,16890000000,100,false,0.65
"AGR",135509,"/Date(1701240943000)/",15500,300,1084300,16869000000,100,true,0.65
"AGR",135509,"/Date(1701240943000)/",15500,100,1084000,16865000000,100,true,0.65
"AGR",135509,"/Date(1701240943000)/",15500,500,1083900,16863000000,100,true,0.65
"AGR",135418,"/Date(1701240891000)/",15500,4900,1083400,16855000000,100,true,0.65
"AGR",135405,"/Date(1701240877000)/",15500,6000,1078500,16779000000,100,true,0.65
"AGR",135356,"/Date(1701240868000)/",15500,100,1072500,16686000000,100,true,0.65
"AGR",135352,"/Date(1701240866000)/",15500,500,1072400,16685000000,100,true,0.65
"AGR",135324,"/Date(1701240835000)/",15500,500,1071900,16677000000,100,true,0.65
"AGR",135252,"/Date(1701240803000)/",15500,300,1071400,16669000000,100,true,0.65
"AGR",135252,"/Date(1701240803000)/",15500,2700,1071100,16665000000,100,true,0.65
"AGR",135236,"/Date(1701240787000)/",15500,300,1068400,16623000000,100,true,0.65
"AGR",135236,"/Date(1701240787000)/",15500,200,1068100,16618000000,100,true,0.65
"AGR",135103,"/Date(1701240694000)/",15550,100,1067900,16615000000,150,true,0.97
"AGR",135054,"/Date(1701240687000)/",15500,500,1067800,16614000000,100,true,0.65
"AGR",135054,"/Date(1701240687000)/",15500,100,1067300,16606000000,100,true,0.65
"AGR",135054,"/Date(1701240687000)/",15500,800,1067200,16604000000,100,true,0.65
"AGR",135054,"/Date(1701240687000)/",15550,1000,1066400,16592000000,150,true,0.97
"AGR",135054,"/Date(1701240687000)/",15550,1100,1065400,16576000000,150,true,0.97
"AGR",135054,"/Date(1701240687000)/",15550,2500,1064300,16559000000,150,true,0.97
"AGR",135031,"/Date(1701240664000)/",15550,1500,1061800,16520000000,150,true,0.97
"AGR",135031,"/Date(1701240664000)/",15550,500,1060300,16497000000,150,true,0.97
"AGR",135022,"/Date(1701240652000)/",15550,500,1059800,16489000000,150,true,0.97
"AGR",135022,"/Date(1701240652000)/",15550,500,1059300,16482000000,150,true,0.97
"AGR",134950,"/Date(1701240623000)/",15600,100,1058800,16474000000,200,false,1.3
"AGR",134937,"/Date(1701240609000)/",15600,1000,1058700,16472000000,200,true,1.3
"AGR",134937,"/Date(1701240609000)/",15600,1800,1057700,16457000000,200,true,1.3
"AGR",134937,"/Date(1701240609000)/",15600,1600,1055900,16429000000,200,true,1.3
"AGR",134934,"/Date(1701240605000)/",15600,200,1054300,16404000000,200,true,1.3
"AGR",134927,"/Date(1701240601000)/",15600,200,1054100,16400000000,200,true,1.3
"AGR",134927,"/Date(1701240601000)/",15600,100,1053900,16397000000,200,true,1.3
"AGR",134927,"/Date(1701240601000)/",15600,300,1053800,16396000000,200,true,1.3
"AGR",134927,"/Date(1701240601000)/",15600,1000,1053500,16391000000,200,true,1.3
"AGR",134927,"/Date(1701240601000)/",15600,700,1052500,16375000000,200,true,1.3
"AGR",134927,"/Date(1701240601000)/",15600,2000,1051800,16365000000,200,true,1.3
"AGR",134927,"/Date(1701240601000)/",15600,5000,1049800,16333000000,200,true,1.3
"AGR",134927,"/Date(1701240601000)/",15600,700,1044800,16255000000,200,true,1.3
"AGR",134927,"/Date(1701240600000)/",15600,100,1044100,16244000000,200,true,1.3
"AGR",134924,"/Date(1701240596000)/",15600,1700,1044000,16243000000,200,true,1.3
"AGR",134924,"/Date(1701240596000)/",15600,300,1042300,16216000000,200,true,1.3
"AGR",134911,"/Date(1701240583000)/",15600,2000,1042000,16212000000,200,true,1.3
"AGR",134911,"/Date(1701240583000)/",15600,2000,1040000,16180000000,200,true,1.3
"AGR",134905,"/Date(1701240577000)/",15600,200,1038000,16149000000,200,true,1.3
"AGR",134902,"/Date(1701240576000)/",15600,300,1037800,16146000000,200,true,1.3
"AGR",134840,"/Date(1701240550000)/",15600,10000,1037500,16141000000,200,true,1.3
"AGR",134811,"/Date(1701240522000)/",15600,300,1027500,15985000000,200,true,1.3
"AGR",134745,"/Date(1701240497000)/",15600,1000,1027200,15981000000,200,true,1.3
"AGR",134723,"/Date(1701240475000)/",15600,400,1026200,15965000000,200,true,1.3
"AGR",134717,"/Date(1701240469000)/",15650,1000,1025800,15959000000,250,false,1.62
"AGR",134654,"/Date(1701240447000)/",15650,600,1024800,15943000000,250,false,1.62
"AGR",134651,"/Date(1701240442000)/",15650,3000,1024200,15934000000,250,false,1.62
"AGR",134557,"/Date(1701240388000)/",15650,1300,1021200,15887000000,250,false,1.62
"AGR",134550,"/Date(1701240383000)/",15650,1100,1019900,15867000000,250,false,1.62
"AGR",134547,"/Date(1701240379000)/",15650,800,1018800,15849000000,250,false,1.62
"AGR",134512,"/Date(1701240344000)/",15650,2200,1018000,15837000000,250,false,1.62
"AGR",134512,"/Date(1701240344000)/",15650,2800,1015800,15802000000,250,false,1.62
"AGR",134502,"/Date(1701240334000)/",15600,1200,1013000,15759000000,200,true,1.3
"AGR",134450,"/Date(1701240322000)/",15650,200,1011800,15740000000,250,false,1.62
"AGR",134450,"/Date(1701240322000)/",15650,700,1011600,15737000000,250,false,1.62
"AGR",134450,"/Date(1701240322000)/",15650,100,1010900,15726000000,250,false,1.62
"AGR",134450,"/Date(1701240322000)/",15650,1000,1010800,15724000000,250,false,1.62
"AGR",134434,"/Date(1701240305000)/",15600,100,1009800,15709000000,200,false,1.3
"AGR",134434,"/Date(1701240305000)/",15600,100,1009700,15707000000,200,false,1.3
"AGR",134434,"/Date(1701240305000)/",15600,2100,1009600,15706000000,200,false,1.3
"AGR",134427,"/Date(1701240297000)/",15600,900,1007500,15673000000,200,false,1.3
"AGR",134427,"/Date(1701240297000)/",15600,300,1006600,15659000000,200,false,1.3
"AGR",134427,"/Date(1701240297000)/",15600,800,1006300,15654000000,200,false,1.3
"AGR",134424,"/Date(1701240297000)/",15600,2300,1005500,15642000000,200,false,1.3
"AGR",134424,"/Date(1701240297000)/",15600,1600,1003200,15606000000,200,false,1.3
"AGR",134424,"/Date(1701240297000)/",15600,100,1001600,15581000000,200,false,1.3
"AGR",134424,"/Date(1701240297000)/",15600,500,1001500,15579000000,200,false,1.3
"AGR",134424,"/Date(1701240297000)/",15600,500,1001000,15571000000,200,false,1.3
"AGR",134421,"/Date(1701240292000)/",15600,2000,1000500,15564000000,200,false,1.3
"AGR",134421,"/Date(1701240292000)/",15600,2000,998500,15532000000,200,false,1.3
"AGR",134418,"/Date(1701240290000)/",15600,500,996500,15501000000,200,false,1.3
"AGR",134418,"/Date(1701240290000)/",15600,1000,996000,15493000000,200,false,1.3
"AGR",134418,"/Date(1701240290000)/",15600,500,995000,15478000000,200,false,1.3
"AGR",134414,"/Date(1701240286000)/",15600,800,994500,15470000000,200,false,1.3
"AGR",134411,"/Date(1701240282000)/",15600,4700,993700,15457000000,200,false,1.3
"AGR",134411,"/Date(1701240282000)/",15600,600,989000,15384000000,200,false,1.3
"AGR",134411,"/Date(1701240282000)/",15600,800,988400,15375000000,200,false,1.3
"AGR",134411,"/Date(1701240282000)/",15600,500,987600,15362000000,200,false,1.3
"AGR",134411,"/Date(1701240282000)/",15600,4500,987100,15355000000,200,false,1.3
"AGR",134411,"/Date(1701240282000)/",15600,1000,982600,15284000000,200,false,1.3
"AGR",134411,"/Date(1701240282000)/",15600,100,981600,15269000000,200,false,1.3
"AGR",134411,"/Date(1701240282000)/",15600,500,981500,15267000000,200,false,1.3
"AGR",134411,"/Date(1701240282000)/",15600,100,981000,15259000000,200,false,1.3
"AGR",134411,"/Date(1701240282000)/",15600,1000,980900,15258000000,200,false,1.3
"AGR",134411,"/Date(1701240282000)/",15600,200,979900,15242000000,200,false,1.3
"AGR",134411,"/Date(1701240282000)/",15600,600,979700,15239000000,200,false,1.3
"AGR",134411,"/Date(1701240282000)/",15600,200,979100,15230000000,200,false,1.3
"AGR",134411,"/Date(1701240282000)/",15600,1000,978900,15227000000,200,false,1.3
"AGR",134411,"/Date(1701240282000)/",15600,2000,977900,15211000000,200,false,1.3
"AGR",134411,"/Date(1701240282000)/",15600,200,975900,15180000000,200,false,1.3
"AGR",134411,"/Date(1701240282000)/",15600,2000,975700,15177000000,200,false,1.3
"AGR",134408,"/Date(1701240279000)/",15600,1000,973700,15145000000,200,false,1.3
"AGR",134408,"/Date(1701240279000)/",15600,1200,972700,15130000000,200,false,1.3
"AGR",134358,"/Date(1701240271000)/",15600,200,971500,15111000000,200,false,1.3
"AGR",134358,"/Date(1701240271000)/",15600,600,971300,15108000000,200,false,1.3
"AGR",134358,"/Date(1701240271000)/",15600,200,970700,15099000000,200,false,1.3
"AGR",134358,"/Date(1701240271000)/",15600,500,970500,15096000000,200,false,1.3
"AGR",134358,"/Date(1701240271000)/",15600,500,970000,15088000000,200,false,1.3
"AGR",134358,"/Date(1701240271000)/",15600,300,969500,15080000000,200,false,1.3
"AGR",134358,"/Date(1701240271000)/",15600,100,969200,15075000000,200,false,1.3
"AGR",134358,"/Date(1701240271000)/",15600,500,969100,15074000000,200,false,1.3
"AGR",134358,"/Date(1701240271000)/",15600,300,968600,15066000000,200,false,1.3
"AGR",134307,"/Date(1701240219000)/",15600,400,968300,15061000000,200,false,1.3
"AGR",134304,"/Date(1701240217000)/",15600,1000,967900,15055000000,200,false,1.3
"AGR",134248,"/Date(1701240198000)/",15600,300,966900,15039000000,200,false,1.3
"AGR",134248,"/Date(1701240198000)/",15600,700,966600,15035000000,200,false,1.3
"AGR",134242,"/Date(1701240193000)/",15600,100,965900,15024000000,200,false,1.3
"AGR",134239,"/Date(1701240189000)/",15600,1200,965800,15022000000,200,false,1.3
"AGR",134239,"/Date(1701240189000)/",15600,100,964600,15004000000,200,false,1.3
"AGR",134239,"/Date(1701240189000)/",15600,400,964500,15002000000,200,false,1.3
"AGR",134239,"/Date(1701240189000)/",15600,300,964100,14996000000,200,false,1.3
"AGR",134239,"/Date(1701240189000)/",15600,500,963800,14991000000,200,false,1.3
"AGR",134239,"/Date(1701240189000)/",15600,500,963300,14983000000,200,false,1.3
"AGR",134203,"/Date(1701240154000)/",15550,200,962800,14975000000,150,false,0.97
"AGR",134154,"/Date(1701240146000)/",15550,1000,962600,14972000000,150,false,0.97
"AGR",134147,"/Date(1701240138000)/",15550,1000,961600,14957000000,150,false,0.97
"AGR",134144,"/Date(1701240136000)/",15550,100,960600,14941000000,150,false,0.97
"AGR",134144,"/Date(1701240135000)/",15550,400,960500,14940000000,150,false,0.97
"AGR",134141,"/Date(1701240132000)/",15550,5000,960100,14933000000,150,false,0.97
"AGR",134131,"/Date(1701240123000)/",15550,900,955100,14856000000,150,false,0.97
"AGR",134131,"/Date(1701240123000)/",15550,100,954200,14842000000,150,false,0.97
"AGR",134122,"/Date(1701240112000)/",15550,100,954100,14840000000,150,false,0.97
"AGR",134119,"/Date(1701240111000)/",15550,1000,954000,14839000000,150,false,0.97
"AGR",134119,"/Date(1701240111000)/",15550,100,953000,14823000000,150,false,0.97
"AGR",134119,"/Date(1701240111000)/",15550,2400,952900,14821000000,150,false,0.97
"AGR",134119,"/Date(1701240111000)/",15550,100,950500,14784000000,150,false,0.97
"AGR",134119,"/Date(1701240111000)/",15550,1000,950400,14783000000,150,false,0.97
"AGR",134119,"/Date(1701240111000)/",15550,1000,949400,14767000000,150,false,0.97
"AGR",134119,"/Date(1701240111000)/",15550,500,948400,14752000000,150,false,0.97
"AGR",134119,"/Date(1701240111000)/",15550,700,947900,14744000000,150,false,0.97
"AGR",134119,"/Date(1701240111000)/",15550,300,947200,14733000000,150,false,0.97
"AGR",134119,"/Date(1701240111000)/",15550,100,946900,14728000000,150,false,0.97
"AGR",134119,"/Date(1701240111000)/",15550,100,946800,14727000000,150,false,0.97
"AGR",134119,"/Date(1701240111000)/",15550,2000,946700,14725000000,150,false,0.97
"AGR",134119,"/Date(1701240111000)/",15550,2000,944700,14694000000,150,false,0.97
"AGR",134119,"/Date(1701240111000)/",15550,1000,942700,14663000000,150,false,0.97
"AGR",134119,"/Date(1701240111000)/",15550,7700,941700,14647000000,150,false,0.97
"AGR",134116,"/Date(1701240106000)/",15550,300,934000,14528000000,150,false,0.97
"AGR",133927,"/Date(1701239999000)/",15550,100,933700,14523000000,150,false,0.97
"AGR",133914,"/Date(1701239985000)/",15500,200,933600,14521000000,100,true,0.65
"AGR",133911,"/Date(1701239984000)/",15550,100,933400,14518000000,150,false,0.97
"AGR",133908,"/Date(1701239980000)/",15500,300,933300,14517000000,100,true,0.65
"AGR",133858,"/Date(1701239970000)/",15500,100,933000,14512000000,100,true,0.65
"AGR",133858,"/Date(1701239969000)/",15550,100,932900,14511000000,150,false,0.97
"AGR",133845,"/Date(1701239956000)/",15500,200,932800,14509000000,100,true,0.65
"AGR",133807,"/Date(1701239918000)/",15550,100,932600,14506000000,150,false,0.97
"AGR",133801,"/Date(1701239913000)/",15500,100,932500,14504000000,100,true,0.65
"AGR",133631,"/Date(1701239824000)/",15550,100,932400,14503000000,150,false,0.97
"AGR",133616,"/Date(1701239807000)/",15550,100,932300,14501000000,150,false,0.97
"AGR",133609,"/Date(1701239799000)/",15500,100,932200,14500000000,100,true,0.65
"AGR",133531,"/Date(1701239761000)/",15550,100,932100,14498000000,150,false,0.97
"AGR",133443,"/Date(1701239713000)/",15550,100,932000,14497000000,150,false,0.97
"AGR",133359,"/Date(1701239669000)/",15500,100,931900,14495000000,100,true,0.65
"AGR",133311,"/Date(1701239621000)/",15550,1900,931800,14493000000,150,false,0.97
"AGR",133307,"/Date(1701239618000)/",15500,500,929900,14464000000,100,true,0.65
"AGR",133248,"/Date(1701239598000)/",15500,2500,929400,14456000000,100,true,0.65
"AGR",133236,"/Date(1701239586000)/",15500,2600,926900,14417000000,100,true,0.65
"AGR",133236,"/Date(1701239586000)/",15500,5000,924300,14377000000,100,true,0.65
"AGR",133236,"/Date(1701239586000)/",15500,1100,919300,14300000000,100,true,0.65
"AGR",133236,"/Date(1701239586000)/",15500,200,918200,14283000000,100,true,0.65
"AGR",133236,"/Date(1701239586000)/",15500,2000,918000,14279000000,100,true,0.65
"AGR",133236,"/Date(1701239586000)/",15500,200,916000,14248000000,100,true,0.65
"AGR",133223,"/Date(1701239574000)/",15500,300,915800,14245000000,100,true,0.65
"AGR",133154,"/Date(1701239545000)/",15500,1000,915500,14241000000,100,true,0.65
"AGR",133141,"/Date(1701239533000)/",15500,100,914500,14225000000,100,true,0.65
"AGR",133135,"/Date(1701239527000)/",15500,100,914400,14224000000,100,true,0.65
"AGR",133047,"/Date(1701239478000)/",15500,500,914300,14222000000,100,true,0.65
"AGR",133028,"/Date(1701239458000)/",15500,1000,913800,14214000000,100,true,0.65
"AGR",132950,"/Date(1701239421000)/",15500,200,912800,14199000000,100,false,0.65
"AGR",132950,"/Date(1701239421000)/",15500,600,912600,14196000000,100,false,0.65
"AGR",132937,"/Date(1701239407000)/",15500,200,912000,14186000000,100,false,0.65
"AGR",132931,"/Date(1701239401000)/",15500,1000,911800,14183000000,100,true,0.65
"AGR",132931,"/Date(1701239401000)/",15500,1200,910800,14168000000,100,true,0.65
"AGR",132927,"/Date(1701239397000)/",15550,300,909600,14149000000,150,false,0.97
"AGR",132927,"/Date(1701239397000)/",15550,100,909300,14145000000,150,false,0.97
"AGR",132927,"/Date(1701239397000)/",15550,100,909200,14143000000,150,false,0.97
"AGR",132836,"/Date(1701239348000)/",15500,1000,909100,14141000000,100,true,0.65
"AGR",132836,"/Date(1701239347000)/",15500,400,908100,14126000000,100,true,0.65
"AGR",132808,"/Date(1701239319000)/",15500,5000,907700,14120000000,100,true,0.65
"AGR",132804,"/Date(1701239315000)/",15500,200,902700,14042000000,100,false,0.65
"AGR",132804,"/Date(1701239315000)/",15500,4600,902500,14039000000,100,false,0.65
"AGR",132804,"/Date(1701239315000)/",15500,100,897900,13968000000,100,false,0.65
"AGR",132804,"/Date(1701239315000)/",15500,7400,897800,13966000000,100,false,0.65
"AGR",132804,"/Date(1701239315000)/",15500,1200,890400,13852000000,100,false,0.65
"AGR",132804,"/Date(1701239315000)/",15500,500,889200,13833000000,100,false,0.65
"AGR",132804,"/Date(1701239315000)/",15500,200,888700,13825000000,100,false,0.65
"AGR",132804,"/Date(1701239315000)/",15500,2800,888500,13822000000,100,false,0.65
"AGR",132804,"/Date(1701239315000)/",15500,100,885700,13779000000,100,false,0.65
"AGR",132804,"/Date(1701239315000)/",15500,100,885600,13777000000,100,false,0.65
"AGR",132804,"/Date(1701239315000)/",15500,1200,885500,13776000000,100,false,0.65
"AGR",132603,"/Date(1701239192000)/",15500,500,884300,13757000000,100,false,0.65
"AGR",132541,"/Date(1701239170000)/",15500,200,883800,13749000000,100,false,0.65
"AGR",132525,"/Date(1701239157000)/",15450,600,883600,13746000000,50,false,0.32
"AGR",132525,"/Date(1701239154000)/",15450,100,883000,13737000000,50,false,0.32
"AGR",132522,"/Date(1701239152000)/",15450,4000,882900,13735000000,50,false,0.32
"AGR",132456,"/Date(1701239126000)/",15450,400,878900,13674000000,50,false,0.32
"AGR",132409,"/Date(1701239078000)/",15450,1000,878500,13667000000,50,false,0.32
"AGR",132405,"/Date(1701239074000)/",15450,2000,877500,13652000000,50,false,0.32
"AGR",132346,"/Date(1701239056000)/",15450,500,875500,13621000000,50,false,0.32
"AGR",132249,"/Date(1701239000000)/",15400,400,875000,13613000000,0,true,0
"AGR",132249,"/Date(1701239000000)/",15400,500,874600,13607000000,0,true,0
"AGR",132249,"/Date(1701239000000)/",15400,200,874100,13599000000,0,true,0
"AGR",132249,"/Date(1701239000000)/",15400,3000,873900,13596000000,0,true,0
"AGR",132204,"/Date(1701238953000)/",15450,500,870900,13550000000,50,true,0.32
"AGR",132204,"/Date(1701238953000)/",15450,3200,870400,13542000000,50,true,0.32
"AGR",132204,"/Date(1701238953000)/",15450,100,867200,13493000000,50,true,0.32
"AGR",132204,"/Date(1701238953000)/",15450,100,867100,13491000000,50,true,0.32
"AGR",132204,"/Date(1701238953000)/",15450,100,867000,13490000000,50,true,0.32
"AGR",132204,"/Date(1701238953000)/",15450,1000,866900,13488000000,50,true,0.32
"AGR",132204,"/Date(1701238953000)/",15450,300,865900,13473000000,50,true,0.32
"AGR",132204,"/Date(1701238953000)/",15450,100,865600,13468000000,50,true,0.32
"AGR",132204,"/Date(1701238953000)/",15450,100,865500,13467000000,50,true,0.32
"AGR",132204,"/Date(1701238953000)/",15450,1000,865400,13465000000,50,true,0.32
"AGR",132204,"/Date(1701238953000)/",15450,400,864400,13450000000,50,true,0.32
"AGR",131954,"/Date(1701238822000)/",15450,100,864000,13444000000,50,true,0.32
"AGR",131915,"/Date(1701238785000)/",15500,100,863900,13442000000,100,false,0.65
"AGR",131915,"/Date(1701238785000)/",15500,100,863800,13440000000,100,false,0.65
"AGR",131856,"/Date(1701238766000)/",15500,1000,863700,13439000000,100,false,0.65
"AGR",131831,"/Date(1701238742000)/",15450,500,862700,13423000000,50,true,0.32
"AGR",131831,"/Date(1701238742000)/",15450,2000,862200,13416000000,50,true,0.32
"AGR",131831,"/Date(1701238742000)/",15450,300,860200,13385000000,50,true,0.32
"AGR",131831,"/Date(1701238742000)/",15450,100,859900,13380000000,50,true,0.32
"AGR",131831,"/Date(1701238742000)/",15450,1100,859800,13379000000,50,true,0.32
"AGR",131831,"/Date(1701238739000)/",15500,7300,858700,13362000000,100,false,0.65
"AGR",131831,"/Date(1701238739000)/",15500,300,851400,13248000000,100,false,0.65
"AGR",131831,"/Date(1701238739000)/",15500,500,851100,13244000000,100,false,0.65
"AGR",131831,"/Date(1701238739000)/",15500,100,850600,13236000000,100,false,0.65
"AGR",131831,"/Date(1701238739000)/",15500,1000,850500,13235000000,100,false,0.65
"AGR",131831,"/Date(1701238739000)/",15500,800,849500,13219000000,100,false,0.65
"AGR",131617,"/Date(1701238601000)/",15500,200,848700,13207000000,100,false,0.65
"AGR",131617,"/Date(1701238601000)/",15500,900,848500,13204000000,100,false,0.65
"AGR",131523,"/Date(1701238552000)/",15500,100,847600,13190000000,100,false,0.65
"AGR",131523,"/Date(1701238552000)/",15500,500,847500,13188000000,100,false,0.65
"AGR",131523,"/Date(1701238552000)/",15500,200,847000,13180000000,100,false,0.65
"AGR",131523,"/Date(1701238552000)/",15500,100,846800,13177000000,100,false,0.65
"AGR",131523,"/Date(1701238552000)/",15500,100,846700,13176000000,100,false,0.65
"AGR",131309,"/Date(1701238417000)/",15450,500,846600,13174000000,50,true,0.32
"AGR",131259,"/Date(1701238409000)/",15450,100,846100,13166000000,50,true,0.32
"AGR",131259,"/Date(1701238409000)/",15450,400,846000,13165000000,50,true,0.32
"AGR",131205,"/Date(1701238355000)/",15450,500,845600,13159000000,50,true,0.32
"AGR",131202,"/Date(1701238351000)/",15450,800,845100,13151000000,50,true,0.32
"AGR",131202,"/Date(1701238351000)/",15450,200,844300,13139000000,50,true,0.32
"AGR",131133,"/Date(1701238323000)/",15450,300,844100,13135000000,50,true,0.32
"AGR",131133,"/Date(1701238323000)/",15450,100,843800,13131000000,50,true,0.32
"AGR",131104,"/Date(1701238292000)/",15450,500,843700,13129000000,50,false,0.32
"AGR",131104,"/Date(1701238292000)/",15450,400,843200,13122000000,50,false,0.32
"AGR",131049,"/Date(1701238278000)/",15450,1000,842800,13115000000,50,false,0.32
"AGR",131020,"/Date(1701238249000)/",15450,1000,841800,13100000000,50,true,0.32
"AGR",131020,"/Date(1701238249000)/",15450,600,840800,13084000000,50,true,0.32
"AGR",131020,"/Date(1701238249000)/",15450,1100,840200,13075000000,50,true,0.32
"AGR",131020,"/Date(1701238249000)/",15450,2000,839100,13058000000,50,true,0.32
"AGR",131020,"/Date(1701238249000)/",15450,200,837100,13027000000,50,true,0.32
"AGR",131020,"/Date(1701238249000)/",15450,100,836900,13024000000,50,true,0.32
"AGR",131020,"/Date(1701238249000)/",15450,9400,836800,13023000000,50,true,0.32
"AGR",131017,"/Date(1701238247000)/",15450,100,827400,12877000000,50,true,0.32
"AGR",131017,"/Date(1701238246000)/",15450,1800,827300,12876000000,50,true,0.32
"AGR",131017,"/Date(1701238244000)/",15450,10000,825500,12848000000,50,true,0.32
"AGR",131010,"/Date(1701238240000)/",15450,300,815500,12694000000,50,true,0.32
"AGR",130957,"/Date(1701238225000)/",15450,1000,815200,12689000000,50,true,0.32
"AGR",130945,"/Date(1701238214000)/",15450,2400,814200,12674000000,50,true,0.32
"AGR",130945,"/Date(1701238214000)/",15450,2400,811800,12636000000,50,true,0.32
"AGR",130945,"/Date(1701238214000)/",15450,100,809400,12599000000,50,true,0.32
"AGR",130945,"/Date(1701238214000)/",15450,500,809300,12598000000,50,true,0.32
"AGR",130945,"/Date(1701238214000)/",15450,2000,808800,12590000000,50,true,0.32
"AGR",130945,"/Date(1701238214000)/",15450,5000,806800,12559000000,50,true,0.32
"AGR",130945,"/Date(1701238214000)/",15450,500,801800,12482000000,50,true,0.32
"AGR",130945,"/Date(1701238214000)/",15450,1600,801300,12474000000,50,true,0.32
"AGR",130945,"/Date(1701238214000)/",15450,500,799700,12449000000,50,true,0.32
"AGR",130945,"/Date(1701238214000)/",15450,3000,799200,12442000000,50,true,0.32
"AGR",130945,"/Date(1701238214000)/",15450,2000,796200,12395000000,50,true,0.32
"AGR",130935,"/Date(1701238205000)/",15500,2000,794200,12365000000,100,false,0.65
"AGR",130724,"/Date(1701238072000)/",15500,100,792200,12334000000,100,false,0.65
"AGR",130652,"/Date(1701238040000)/",15500,1000,792100,12332000000,100,false,0.65
"AGR",130630,"/Date(1701238018000)/",15450,500,791100,12316000000,50,true,0.32
"AGR",130523,"/Date(1701237953000)/",15450,200,790600,12309000000,50,true,0.32
"AGR",130507,"/Date(1701237935000)/",15450,2000,790400,12306000000,50,true,0.32
"AGR",130507,"/Date(1701237934000)/",15450,300,788400,12275000000,50,true,0.32
"AGR",130507,"/Date(1701237934000)/",15450,200,788100,12270000000,50,true,0.32
"AGR",130451,"/Date(1701237919000)/",15450,200,787900,12267000000,50,true,0.32
"AGR",130448,"/Date(1701237916000)/",15450,100,787700,12264000000,50,true,0.32
"AGR",130435,"/Date(1701237903000)/",15450,100,787600,12262000000,50,true,0.32
"AGR",130147,"/Date(1701237734000)/",15500,1000,787500,12261000000,100,false,0.65
"AGR",130128,"/Date(1701237716000)/",15450,600,786500,12245000000,50,true,0.32
"AGR",130128,"/Date(1701237716000)/",15450,100,785900,12236000000,50,true,0.32
"AGR",130128,"/Date(1701237716000)/",15450,200,785800,12235000000,50,true,0.32
"AGR",130128,"/Date(1701237716000)/",15450,300,785600,12231000000,50,true,0.32
"AGR",130124,"/Date(1701237713000)/",15450,200,785300,12227000000,50,true,0.32
"AGR",125958,"/Date(1701237622000)/",15500,600,785100,12224000000,100,false,0.65
"AGR",125955,"/Date(1701237611000)/",15500,400,784500,12214000000,100,false,0.65
"AGR",125952,"/Date(1701237605000)/",15500,200,784100,12208000000,100,false,0.65
"AGR",125952,"/Date(1701237605000)/",15500,1000,783900,12205000000,100,false,0.65
"AGR",125952,"/Date(1701237605000)/",15500,300,782900,12190000000,100,false,0.65
"AGR",125952,"/Date(1701237605000)/",15500,300,782600,12185000000,100,false,0.65
"AGR",125952,"/Date(1701237605000)/",15500,500,782300,12180000000,100,false,0.65
"AGR",125952,"/Date(1701237605000)/",15500,100,781800,12173000000,100,false,0.65
"AGR",125952,"/Date(1701237605000)/",15500,3900,781700,12171000000,100,false,0.65
"AGR",125952,"/Date(1701237605000)/",15500,2000,777800,12111000000,100,false,0.65
"AGR",125952,"/Date(1701237604000)/",15500,100,775800,12080000000,100,false,0.65
"AGR",125952,"/Date(1701237604000)/",15500,500,775700,12078000000,100,false,0.65
"AGR",125952,"/Date(1701237604000)/",15500,400,775200,12070000000,100,false,0.65
"AGR",125946,"/Date(1701237600000)/",15500,100,774800,12064000000,100,true,0.65
"AGR",112915,"/Date(1701232174000)/",15500,500,774700,12063000000,100,true,0.65
"AGR",112648,"/Date(1701232026000)/",15550,100,774200,12055000000,150,false,0.97
"AGR",112246,"/Date(1701231786000)/",15500,400,774100,12053000000,100,true,0.65
"AGR",112246,"/Date(1701231786000)/",15500,200,773700,12047000000,100,true,0.65
"AGR",112246,"/Date(1701231786000)/",15500,2900,773500,12044000000,100,true,0.65
"AGR",112227,"/Date(1701231768000)/",15450,1000,770600,11999000000,50,true,0.32
"AGR",112146,"/Date(1701231725000)/",15500,100,769600,11984000000,100,false,0.65
"AGR",112114,"/Date(1701231694000)/",15500,500,769500,11982000000,100,false,0.65
"AGR",111948,"/Date(1701231607000)/",15500,100,769000,11974000000,100,false,0.65
"AGR",111916,"/Date(1701231576000)/",15500,500,768900,11973000000,100,false,0.65
"AGR",111916,"/Date(1701231576000)/",15500,300,768400,11965000000,100,false,0.65
"AGR",111916,"/Date(1701231576000)/",15500,200,768100,11960000000,100,false,0.65
"AGR",111907,"/Date(1701231564000)/",15500,200,767900,11957000000,100,false,0.65
"AGR",111900,"/Date(1701231560000)/",15500,100,767700,11954000000,100,false,0.65
"AGR",111841,"/Date(1701231540000)/",15500,1000,767600,11953000000,100,false,0.65
"AGR",111747,"/Date(1701231484000)/",15500,500,766600,11937000000,100,true,0.65
"AGR",111747,"/Date(1701231484000)/",15500,500,766100,11929000000,100,true,0.65
"AGR",111738,"/Date(1701231477000)/",15500,400,765600,11922000000,100,true,0.65
"AGR",111738,"/Date(1701231477000)/",15500,100,765200,11915000000,100,true,0.65
"AGR",111715,"/Date(1701231455000)/",15500,100,765100,11914000000,100,true,0.65
"AGR",111712,"/Date(1701231450000)/",15500,100,765000,11912000000,100,true,0.65
"AGR",111712,"/Date(1701231450000)/",15500,100,764900,11911000000,100,true,0.65
"AGR",111712,"/Date(1701231450000)/",15500,100,764800,11909000000,100,true,0.65
"AGR",111712,"/Date(1701231450000)/",15500,100,764700,11908000000,100,true,0.65
"AGR",111702,"/Date(1701231442000)/",15500,100,764600,11906000000,100,true,0.65
"AGR",111624,"/Date(1701231403000)/",15500,400,764500,11904000000,100,true,0.65
"AGR",111556,"/Date(1701231373000)/",15500,100,764100,11898000000,100,true,0.65
"AGR",111336,"/Date(1701231232000)/",15500,1000,764000,11897000000,100,true,0.65
"AGR",111310,"/Date(1701231207000)/",15500,5300,763000,11881000000,100,true,0.65
"AGR",111310,"/Date(1701231207000)/",15500,100,757700,11799000000,100,true,0.65
"AGR",111310,"/Date(1701231207000)/",15500,900,757600,11798000000,100,true,0.65
"AGR",111310,"/Date(1701231207000)/",15500,3700,756700,11784000000,100,true,0.65
"AGR",111301,"/Date(1701231198000)/",15500,200,753000,11726000000,100,true,0.65
"AGR",111103,"/Date(1701231082000)/",15500,100,752800,11723000000,100,true,0.65
"AGR",110801,"/Date(1701230898000)/",15550,100,752700,11722000000,150,false,0.97
"AGR",110554,"/Date(1701230771000)/",15550,200,752600,11720000000,150,false,0.97
"AGR",110457,"/Date(1701230713000)/",15500,300,752400,11717000000,100,true,0.65
"AGR",110457,"/Date(1701230712000)/",15500,500,752100,11712000000,100,true,0.65
"AGR",110444,"/Date(1701230702000)/",15500,300,751600,11704000000,100,true,0.65
"AGR",110444,"/Date(1701230702000)/",15500,100,751300,11700000000,100,true,0.65
"AGR",110246,"/Date(1701230582000)/",15500,4800,751200,11698000000,100,true,0.65
"AGR",110246,"/Date(1701230582000)/",15500,200,746400,11624000000,100,true,0.65
"AGR",110246,"/Date(1701230582000)/",15500,2000,746200,11621000000,100,true,0.65
"AGR",110246,"/Date(1701230582000)/",15500,500,744200,11590000000,100,true,0.65
"AGR",110246,"/Date(1701230582000)/",15500,200,743700,11582000000,100,true,0.65
"AGR",110246,"/Date(1701230582000)/",15500,1000,743500,11579000000,100,true,0.65
"AGR",110246,"/Date(1701230582000)/",15500,200,742500,11563000000,100,true,0.65
"AGR",110246,"/Date(1701230582000)/",15500,100,742300,11560000000,100,true,0.65
"AGR",110246,"/Date(1701230582000)/",15500,1000,742200,11559000000,100,true,0.65
"AGR",110045,"/Date(1701230461000)/",15500,500,741200,11543000000,100,true,0.65
"AGR",105838,"/Date(1701230336000)/",15500,100,740700,11536000000,100,true,0.65
"AGR",105838,"/Date(1701230336000)/",15500,1000,740600,11534000000,100,true,0.65
"AGR",105809,"/Date(1701230307000)/",15550,1000,739600,11518000000,150,true,0.97
"AGR",105754,"/Date(1701230290000)/",15550,300,738600,11503000000,150,true,0.97
"AGR",105750,"/Date(1701230286000)/",15550,200,738300,11498000000,150,true,0.97
"AGR",105750,"/Date(1701230286000)/",15550,1400,738100,11495000000,150,true,0.97
"AGR",105750,"/Date(1701230286000)/",15550,300,736700,11473000000,150,true,0.97
"AGR",105615,"/Date(1701230191000)/",15550,400,736400,11469000000,150,true,0.97
"AGR",105615,"/Date(1701230191000)/",15550,1700,736000,11463000000,150,true,0.97
"AGR",105537,"/Date(1701230152000)/",15550,2000,734300,11436000000,150,true,0.97
"AGR",105452,"/Date(1701230109000)/",15550,100,732300,11405000000,150,true,0.97
"AGR",105449,"/Date(1701230106000)/",15550,2000,732200,11403000000,150,true,0.97
"AGR",105443,"/Date(1701230098000)/",15550,2400,730200,11372000000,150,true,0.97
"AGR",105408,"/Date(1701230064000)/",15550,100,727800,11335000000,150,true,0.97
"AGR",105408,"/Date(1701230064000)/",15550,400,727700,11333000000,150,true,0.97
"AGR",105408,"/Date(1701230064000)/",15550,200,727300,11327000000,150,true,0.97
"AGR",105408,"/Date(1701230064000)/",15550,500,727100,11324000000,150,true,0.97
"AGR",105408,"/Date(1701230064000)/",15550,300,726600,11316000000,150,true,0.97
"AGR",105408,"/Date(1701230064000)/",15550,200,726300,11312000000,150,true,0.97
"AGR",105408,"/Date(1701230064000)/",15550,100,726100,11309000000,150,true,0.97
"AGR",105248,"/Date(1701229983000)/",15550,200,726000,11307000000,150,false,0.97
"AGR",105241,"/Date(1701229976000)/",15550,3000,725800,11304000000,150,false,0.97
"AGR",105235,"/Date(1701229972000)/",15550,100,722800,11257000000,150,false,0.97
"AGR",105210,"/Date(1701229947000)/",15550,5000,722700,11256000000,150,false,0.97
"AGR",105150,"/Date(1701229927000)/",15550,100,717700,11178000000,150,false,0.97
"AGR",105128,"/Date(1701229903000)/",15550,100,717600,11176000000,150,false,0.97
"AGR",105119,"/Date(1701229894000)/",15550,100,717500,11175000000,150,false,0.97
"AGR",105106,"/Date(1701229881000)/",15550,100,717400,11173000000,150,false,0.97
"AGR",105037,"/Date(1701229853000)/",15500,500,717300,11172000000,100,true,0.65
"AGR",105037,"/Date(1701229853000)/",15500,100,716800,11164000000,100,true,0.65
"AGR",105037,"/Date(1701229853000)/",15500,500,716700,11162000000,100,true,0.65
"AGR",105037,"/Date(1701229852000)/",15550,400,716200,11155000000,150,false,0.97
"AGR",104918,"/Date(1701229772000)/",15500,100,715800,11148000000,100,true,0.65
"AGR",104918,"/Date(1701229772000)/",15500,100,715700,11147000000,100,true,0.65
"AGR",104918,"/Date(1701229772000)/",15500,1300,715600,11145000000,100,true,0.65
"AGR",104914,"/Date(1701229772000)/",15500,100,714300,11125000000,100,false,0.65
"AGR",104911,"/Date(1701229767000)/",15500,100,714200,11124000000,100,false,0.65
"AGR",104908,"/Date(1701229763000)/",15450,500,714100,11122000000,50,true,0.32
"AGR",104905,"/Date(1701229762000)/",15500,500,713600,11114000000,100,false,0.65
"AGR",104905,"/Date(1701229762000)/",15500,500,713100,11107000000,100,false,0.65
"AGR",104905,"/Date(1701229760000)/",15500,1500,712600,11099000000,100,false,0.65
"AGR",104905,"/Date(1701229760000)/",15500,500,711100,11076000000,100,false,0.65
"AGR",104902,"/Date(1701229758000)/",15500,200,710600,11068000000,100,false,0.65
"AGR",104852,"/Date(1701229748000)/",15500,500,710400,11065000000,100,false,0.65
"AGR",104849,"/Date(1701229743000)/",15500,100,709900,11057000000,100,false,0.65
"AGR",104823,"/Date(1701229720000)/",15500,100,709800,11055000000,100,false,0.65
"AGR",104755,"/Date(1701229691000)/",15500,200,709700,11054000000,100,false,0.65
"AGR",104755,"/Date(1701229691000)/",15500,300,709500,11051000000,100,false,0.65
"AGR",104755,"/Date(1701229691000)/",15500,300,709200,11046000000,100,false,0.65
"AGR",104755,"/Date(1701229691000)/",15500,300,708900,11042000000,100,false,0.65
"AGR",104755,"/Date(1701229691000)/",15500,300,708600,11037000000,100,false,0.65
"AGR",104755,"/Date(1701229691000)/",15500,200,708300,11032000000,100,false,0.65
"AGR",104755,"/Date(1701229691000)/",15500,1400,708100,11029000000,100,false,0.65
"AGR",104701,"/Date(1701229635000)/",15500,1000,706700,11007000000,100,false,0.65
"AGR",104616,"/Date(1701229591000)/",15450,100,705700,10992000000,50,true,0.32
"AGR",104440,"/Date(1701229496000)/",15450,300,705600,10990000000,50,false,0.32
"AGR",104437,"/Date(1701229494000)/",15450,3100,705300,10986000000,50,false,0.32
"AGR",104434,"/Date(1701229491000)/",15450,200,702200,10938000000,50,false,0.32
"AGR",104431,"/Date(1701229485000)/",15450,1000,702000,10935000000,50,false,0.32
"AGR",104431,"/Date(1701229485000)/",15450,2000,701000,10919000000,50,false,0.32
"AGR",104425,"/Date(1701229479000)/",15450,500,699000,10888000000,50,false,0.32
"AGR",104415,"/Date(1701229470000)/",15450,100,698500,10881000000,50,false,0.32
"AGR",104412,"/Date(1701229466000)/",15450,100,698400,10879000000,50,false,0.32
"AGR",104405,"/Date(1701229459000)/",15450,1000,698300,10878000000,50,false,0.32
"AGR",104359,"/Date(1701229454000)/",15450,100,697300,10862000000,50,false,0.32
"AGR",104359,"/Date(1701229453000)/",15400,500,697200,10861000000,0,true,0
"AGR",104359,"/Date(1701229453000)/",15450,500,696700,10853000000,50,false,0.32
"AGR",104353,"/Date(1701229447000)/",15450,1000,696200,10845000000,50,false,0.32
"AGR",104346,"/Date(1701229442000)/",15450,800,695200,10830000000,50,false,0.32
"AGR",104308,"/Date(1701229404000)/",15450,200,694400,10817000000,50,true,0.32
"AGR",104308,"/Date(1701229404000)/",15450,400,694200,10814000000,50,true,0.32
"AGR",104308,"/Date(1701229404000)/",15450,200,693800,10808000000,50,true,0.32
"AGR",104308,"/Date(1701229404000)/",15450,1000,693600,10805000000,50,true,0.32
"AGR",104308,"/Date(1701229404000)/",15450,300,692600,10790000000,50,true,0.32
"AGR",104308,"/Date(1701229404000)/",15450,700,692300,10785000000,50,true,0.32
"AGR",104308,"/Date(1701229404000)/",15450,200,691600,10774000000,50,true,0.32
"AGR",104308,"/Date(1701229404000)/",15450,400,691400,10771000000,50,true,0.32
"AGR",104308,"/Date(1701229404000)/",15450,500,691000,10765000000,50,true,0.32
"AGR",104308,"/Date(1701229404000)/",15450,200,690500,10757000000,50,true,0.32
"AGR",104308,"/Date(1701229404000)/",15450,1000,690300,10754000000,50,true,0.32
"AGR",104308,"/Date(1701229404000)/",15450,200,689300,10739000000,50,true,0.32
"AGR",104308,"/Date(1701229404000)/",15450,1500,689100,10735000000,50,true,0.32
"AGR",104308,"/Date(1701229404000)/",15450,1000,687600,10712000000,50,true,0.32
"AGR",104308,"/Date(1701229404000)/",15450,100,686600,10697000000,50,true,0.32
"AGR",104308,"/Date(1701229404000)/",15450,200,686500,10695000000,50,true,0.32
"AGR",104308,"/Date(1701229404000)/",15450,1200,686300,10692000000,50,true,0.32
"AGR",104302,"/Date(1701229397000)/",15450,500,685100,10674000000,50,true,0.32
"AGR",104230,"/Date(1701229365000)/",15450,300,684600,10666000000,50,true,0.32
"AGR",104230,"/Date(1701229365000)/",15450,100,684300,10661000000,50,true,0.32
"AGR",104055,"/Date(1701229269000)/",15450,1900,684200,10660000000,50,true,0.32
"AGR",104055,"/Date(1701229269000)/",15450,1000,682300,10630000000,50,true,0.32
"AGR",104055,"/Date(1701229269000)/",15450,2100,681300,10615000000,50,true,0.32
"AGR",104042,"/Date(1701229255000)/",15450,400,679200,10583000000,50,true,0.32
"AGR",104032,"/Date(1701229246000)/",15450,100,678800,10576000000,50,true,0.32
"AGR",103851,"/Date(1701229147000)/",15450,300,678700,10575000000,50,true,0.32
"AGR",103844,"/Date(1701229139000)/",15450,4000,678400,10570000000,50,true,0.32
"AGR",103832,"/Date(1701229125000)/",15450,300,674400,10508000000,50,true,0.32
"AGR",103809,"/Date(1701229105000)/",15450,300,674100,10504000000,50,true,0.32
"AGR",103709,"/Date(1701229042000)/",15450,2500,673800,10499000000,50,true,0.32
"AGR",103709,"/Date(1701229042000)/",15450,3000,671300,10460000000,50,true,0.32
"AGR",103709,"/Date(1701229042000)/",15450,100,668300,10414000000,50,true,0.32
"AGR",103709,"/Date(1701229042000)/",15450,200,668200,10413000000,50,true,0.32
"AGR",103709,"/Date(1701229042000)/",15450,200,668000,10409000000,50,true,0.32
"AGR",103540,"/Date(1701228956000)/",15500,200,667800,10406000000,100,false,0.65
"AGR",103540,"/Date(1701228956000)/",15500,100,667600,10403000000,100,false,0.65
"AGR",103540,"/Date(1701228956000)/",15500,100,667500,10402000000,100,false,0.65
"AGR",103540,"/Date(1701228954000)/",15500,100,667400,10400000000,100,false,0.65
"AGR",103537,"/Date(1701228952000)/",15500,100,667300,10399000000,100,false,0.65
"AGR",103527,"/Date(1701228941000)/",15500,100,667200,10397000000,100,false,0.65
"AGR",103527,"/Date(1701228941000)/",15500,300,667100,10396000000,100,false,0.65
"AGR",103527,"/Date(1701228941000)/",15500,1300,666800,10391000000,100,false,0.65
"AGR",103527,"/Date(1701228941000)/",15500,500,665500,10371000000,100,false,0.65
"AGR",103527,"/Date(1701228941000)/",15500,700,665000,10363000000,100,false,0.65
"AGR",103527,"/Date(1701228941000)/",15500,1100,664300,10352000000,100,false,0.65
"AGR",103508,"/Date(1701228924000)/",15500,800,663200,10335000000,100,false,0.65
"AGR",103505,"/Date(1701228919000)/",15500,2500,662400,10323000000,100,false,0.65
"AGR",103439,"/Date(1701228895000)/",15500,100,659900,10284000000,100,false,0.65
"AGR",103323,"/Date(1701228816000)/",15500,500,659800,10282000000,100,false,0.65
"AGR",103157,"/Date(1701228731000)/",15450,300,659300,10275000000,50,true,0.32
"AGR",103147,"/Date(1701228723000)/",15450,100,659000,10270000000,50,true,0.32
"AGR",103147,"/Date(1701228723000)/",15450,500,658900,10268000000,50,true,0.32
"AGR",103147,"/Date(1701228723000)/",15450,300,658400,10261000000,50,true,0.32
"AGR",103147,"/Date(1701228723000)/",15450,600,658100,10256000000,50,true,0.32
"AGR",103147,"/Date(1701228723000)/",15500,500,657500,10247000000,100,false,0.65
"AGR",103147,"/Date(1701228721000)/",15500,400,657000,10239000000,100,false,0.65
"AGR",103147,"/Date(1701228721000)/",15500,100,656600,10233000000,100,false,0.65
"AGR",103131,"/Date(1701228706000)/",15500,200,656500,10231000000,100,true,0.65
"AGR",103057,"/Date(1701228671000)/",15500,800,656300,10228000000,100,true,0.65
"AGR",103057,"/Date(1701228671000)/",15500,1200,655500,10216000000,100,true,0.65
"AGR",103050,"/Date(1701228665000)/",15500,2300,654300,10197000000,100,false,0.65
"AGR",103050,"/Date(1701228664000)/",15500,1300,652000,10162000000,100,false,0.65
"AGR",103044,"/Date(1701228657000)/",15500,500,650700,10141000000,100,true,0.65
"AGR",103044,"/Date(1701228657000)/",15500,500,650200,10134000000,100,true,0.65
"AGR",103044,"/Date(1701228657000)/",15500,500,649700,10126000000,100,true,0.65
"AGR",103044,"/Date(1701228657000)/",15500,2000,649200,10118000000,100,true,0.65
"AGR",103044,"/Date(1701228657000)/",15500,500,647200,10087000000,100,true,0.65
"AGR",103044,"/Date(1701228657000)/",15500,100,646700,10079000000,100,true,0.65
"AGR",103044,"/Date(1701228657000)/",15500,500,646600,10078000000,100,true,0.65
"AGR",103044,"/Date(1701228657000)/",15500,500,646100,10070000000,100,true,0.65
"AGR",103044,"/Date(1701228657000)/",15500,900,645600,10062000000,100,true,0.65
"AGR",103044,"/Date(1701228657000)/",15500,500,644700,10048000000,100,true,0.65
"AGR",103044,"/Date(1701228657000)/",15500,300,644200,10041000000,100,true,0.65
"AGR",103044,"/Date(1701228657000)/",15500,300,643900,10036000000,100,true,0.65
"AGR",103044,"/Date(1701228657000)/",15500,100,643600,10031000000,100,true,0.65
"AGR",103044,"/Date(1701228657000)/",15500,700,643500,10030000000,100,true,0.65
"AGR",103044,"/Date(1701228657000)/",15500,500,642800,10019000000,100,true,0.65
"AGR",103044,"/Date(1701228657000)/",15500,500,642300,10011000000,100,true,0.65
"AGR",103044,"/Date(1701228657000)/",15500,400,641800,10003000000,100,true,0.65
"AGR",103044,"/Date(1701228657000)/",15500,200,641400,9997000000,100,true,0.65
"AGR",103044,"/Date(1701228657000)/",15500,1000,641200,9994000000,100,true,0.65
"AGR",103044,"/Date(1701228657000)/",15500,1000,640200,9979000000,100,true,0.65
"AGR",103044,"/Date(1701228657000)/",15500,200,639200,9963000000,100,true,0.65
"AGR",103044,"/Date(1701228657000)/",15500,600,639000,9960000000,100,true,0.65
"AGR",103044,"/Date(1701228657000)/",15500,100,638400,9951000000,100,true,0.65
"AGR",103044,"/Date(1701228657000)/",15500,1100,638300,9949000000,100,true,0.65
"AGR",103044,"/Date(1701228657000)/",15500,2900,637200,9932000000,100,true,0.65
"AGR",102956,"/Date(1701228610000)/",15500,100,634300,9887000000,100,true,0.65
"AGR",102956,"/Date(1701228610000)/",15500,100,634200,9886000000,100,true,0.65
"AGR",102931,"/Date(1701228586000)/",15500,100,634100,9884000000,100,true,0.65
"AGR",102931,"/Date(1701228586000)/",15500,700,634000,9883000000,100,true,0.65
"AGR",102814,"/Date(1701228508000)/",15550,900,633300,9872000000,150,false,0.97
"AGR",102814,"/Date(1701228508000)/",15550,100,632400,9858000000,150,false,0.97
"AGR",102746,"/Date(1701228480000)/",15550,700,632300,9856000000,150,false,0.97
"AGR",102746,"/Date(1701228480000)/",15550,2300,631600,9845000000,150,false,0.97
"AGR",102723,"/Date(1701228458000)/",15550,100,629300,9810000000,150,false,0.97
"AGR",102723,"/Date(1701228456000)/",15500,4300,629200,9808000000,100,true,0.65
"AGR",102723,"/Date(1701228456000)/",15500,100,624900,9741000000,100,true,0.65
"AGR",102723,"/Date(1701228456000)/",15500,600,624800,9740000000,100,true,0.65
"AGR",102545,"/Date(1701228358000)/",15500,400,624200,9730000000,100,true,0.65
"AGR",102529,"/Date(1701228342000)/",15500,500,623800,9724000000,100,true,0.65
"AGR",102510,"/Date(1701228323000)/",15550,200,623300,9717000000,150,false,0.97
"AGR",102419,"/Date(1701228271000)/",15550,200,623100,9713000000,150,false,0.97
"AGR",102344,"/Date(1701228237000)/",15550,400,622900,9710000000,150,false,0.97
"AGR",102318,"/Date(1701228210000)/",15550,2500,622500,9704000000,150,false,0.97
"AGR",102318,"/Date(1701228210000)/",15550,700,620000,9665000000,150,false,0.97
"AGR",102318,"/Date(1701228210000)/",15550,4500,619300,9654000000,150,false,0.97
"AGR",102259,"/Date(1701228192000)/",15550,1600,614800,9584000000,150,true,0.97
"AGR",102240,"/Date(1701228173000)/",15550,1900,613200,9559000000,150,true,0.97
"AGR",102240,"/Date(1701228173000)/",15550,100,611300,9530000000,150,true,0.97
"AGR",102140,"/Date(1701228112000)/",15550,500,611200,9528000000,150,true,0.97
"AGR",102108,"/Date(1701228080000)/",15550,700,610700,9521000000,150,true,0.97
"AGR",102108,"/Date(1701228080000)/",15550,2000,610000,9510000000,150,true,0.97
"AGR",102108,"/Date(1701228080000)/",15550,1700,608000,9479000000,150,true,0.97
"AGR",101958,"/Date(1701228010000)/",15550,200,606300,9452000000,150,true,0.97
"AGR",101958,"/Date(1701228010000)/",15550,300,606100,9449000000,150,true,0.97
"AGR",101958,"/Date(1701228010000)/",15550,800,605800,9444000000,150,true,0.97
"AGR",101936,"/Date(1701227990000)/",15550,200,605000,9432000000,150,true,0.97
"AGR",101936,"/Date(1701227990000)/",15550,300,604800,9429000000,150,true,0.97
"AGR",101747,"/Date(1701227879000)/",15550,200,604500,9424000000,150,false,0.97
"AGR",101741,"/Date(1701227872000)/",15550,200,604300,9421000000,150,true,0.97
"AGR",101741,"/Date(1701227872000)/",15550,4600,604100,9418000000,150,true,0.97
"AGR",101734,"/Date(1701227869000)/",15550,400,599500,9346000000,150,true,0.97
"AGR",101731,"/Date(1701227865000)/",15550,700,599100,9340000000,150,true,0.97
"AGR",101731,"/Date(1701227865000)/",15550,200,598400,9329000000,150,true,0.97
"AGR",101731,"/Date(1701227865000)/",15550,400,598200,9326000000,150,true,0.97
"AGR",101731,"/Date(1701227865000)/",15550,500,597800,9320000000,150,true,0.97
"AGR",101731,"/Date(1701227865000)/",15550,5800,597300,9312000000,150,true,0.97
"AGR",101725,"/Date(1701227859000)/",15550,400,591500,9222000000,150,true,0.97
"AGR",101715,"/Date(1701227849000)/",15550,500,591100,9216000000,150,true,0.97
"AGR",101709,"/Date(1701227842000)/",15550,5000,590600,9208000000,150,true,0.97
"AGR",101700,"/Date(1701227831000)/",15550,2400,585600,9130000000,150,true,0.97
"AGR",101656,"/Date(1701227830000)/",15550,13900,583200,9093000000,150,true,0.97
"AGR",101656,"/Date(1701227830000)/",15550,1000,569300,8877000000,150,true,0.97
"AGR",101656,"/Date(1701227830000)/",15550,100,568300,8861000000,150,true,0.97
"AGR",101656,"/Date(1701227830000)/",15550,1000,568200,8860000000,150,true,0.97
"AGR",101656,"/Date(1701227830000)/",15550,3000,567200,8844000000,150,true,0.97
"AGR",101656,"/Date(1701227830000)/",15550,400,564200,8798000000,150,true,0.97
"AGR",101656,"/Date(1701227830000)/",15550,100,563800,8791000000,150,true,0.97
"AGR",101656,"/Date(1701227830000)/",15550,2000,563700,8790000000,150,true,0.97
"AGR",101656,"/Date(1701227830000)/",15550,1000,561700,8759000000,150,true,0.97
"AGR",101656,"/Date(1701227830000)/",15550,200,560700,8743000000,150,true,0.97
"AGR",101656,"/Date(1701227830000)/",15550,7300,560500,8740000000,150,true,0.97
"AGR",101653,"/Date(1701227827000)/",15550,2700,553200,8626000000,150,true,0.97
"AGR",101653,"/Date(1701227827000)/",15550,100,550500,8585000000,150,true,0.97
"AGR",101653,"/Date(1701227827000)/",15550,200,550400,8583000000,150,true,0.97
"AGR",101615,"/Date(1701227788000)/",15550,100,550200,8580000000,150,true,0.97
"AGR",101615,"/Date(1701227787000)/",15550,500,550100,8578000000,150,true,0.97
"AGR",101612,"/Date(1701227785000)/",15550,3000,549600,8571000000,150,true,0.97
"AGR",101537,"/Date(1701227750000)/",15600,500,546600,8524000000,200,false,1.3
"AGR",101233,"/Date(1701227566000)/",15600,1000,546100,8516000000,200,false,1.3
"AGR",101148,"/Date(1701227519000)/",15600,3100,545100,8500000000,200,false,1.3
"AGR",101148,"/Date(1701227519000)/",15600,700,542000,8452000000,200,false,1.3
"AGR",101148,"/Date(1701227519000)/",15600,200,541300,8441000000,200,false,1.3
"AGR",101148,"/Date(1701227519000)/",15600,500,541100,8438000000,200,false,1.3
"AGR",101148,"/Date(1701227519000)/",15600,1400,540600,8430000000,200,false,1.3
"AGR",101135,"/Date(1701227507000)/",15600,1100,539200,8408000000,200,true,1.3
"AGR",101107,"/Date(1701227479000)/",15600,300,538100,8391000000,200,true,1.3
"AGR",101057,"/Date(1701227469000)/",15600,1000,537800,8387000000,200,true,1.3
"AGR",101048,"/Date(1701227460000)/",15600,1500,536800,8371000000,200,true,1.3
"AGR",101044,"/Date(1701227455000)/",15600,2200,535300,8348000000,200,true,1.3
"AGR",101019,"/Date(1701227431000)/",15600,2500,533100,8313000000,200,true,1.3
"AGR",101019,"/Date(1701227431000)/",15600,2000,530600,8274000000,200,true,1.3
"AGR",101019,"/Date(1701227431000)/",15600,5000,528600,8243000000,200,true,1.3
"AGR",101019,"/Date(1701227431000)/",15600,400,523600,8165000000,200,true,1.3
"AGR",101019,"/Date(1701227431000)/",15600,100,523200,8159000000,200,true,1.3
"AGR",100909,"/Date(1701227362000)/",15600,100,523100,8157000000,200,true,1.3
"AGR",100906,"/Date(1701227337000)/",15600,200,523000,8156000000,200,true,1.3
"AGR",100731,"/Date(1701227263000)/",15650,200,522800,8153000000,250,false,1.62
"AGR",100649,"/Date(1701227221000)/",15650,1000,522600,8149000000,250,false,1.62
"AGR",100649,"/Date(1701227220000)/",15600,500,521600,8134000000,200,true,1.3
"AGR",100649,"/Date(1701227220000)/",15600,1600,521100,8126000000,200,true,1.3
"AGR",100646,"/Date(1701227218000)/",15600,100,519500,8101000000,200,false,1.3
"AGR",100614,"/Date(1701227187000)/",15600,200,519400,8099000000,200,false,1.3
"AGR",100614,"/Date(1701227185000)/",15600,500,519200,8096000000,200,false,1.3
"AGR",100614,"/Date(1701227185000)/",15600,600,518700,8089000000,200,false,1.3
"AGR",100602,"/Date(1701227174000)/",15600,2500,518100,8079000000,200,false,1.3
"AGR",100602,"/Date(1701227174000)/",15600,1900,515600,8040000000,200,false,1.3
"AGR",100530,"/Date(1701227141000)/",15600,100,513700,8011000000,200,false,1.3
"AGR",100530,"/Date(1701227141000)/",15600,100,513600,8009000000,200,false,1.3
"AGR",100514,"/Date(1701227124000)/",15600,900,513500,8007000000,200,true,1.3
"AGR",100511,"/Date(1701227121000)/",15600,100,512600,7993000000,200,true,1.3
"AGR",100433,"/Date(1701227083000)/",15600,500,512500,7992000000,200,false,1.3
"AGR",100420,"/Date(1701227071000)/",15600,200,512000,7984000000,200,false,1.3
"AGR",100420,"/Date(1701227071000)/",15600,300,511800,7981000000,200,false,1.3
"AGR",100401,"/Date(1701227053000)/",15600,700,511500,7976000000,200,false,1.3
"AGR",100354,"/Date(1701227045000)/",15600,1000,510800,7965000000,200,false,1.3
"AGR",100354,"/Date(1701227045000)/",15600,800,509800,7950000000,200,false,1.3
"AGR",100339,"/Date(1701227030000)/",15600,100,509000,7937000000,200,true,1.3
"AGR",100326,"/Date(1701227018000)/",15600,100,508900,7936000000,200,true,1.3
"AGR",100326,"/Date(1701227018000)/",15600,500,508800,7934000000,200,true,1.3
"AGR",100326,"/Date(1701227018000)/",15600,1400,508300,7926000000,200,true,1.3
"AGR",100320,"/Date(1701227012000)/",15650,700,506900,7904000000,250,false,1.62
"AGR",100238,"/Date(1701226969000)/",15600,1000,506200,7894000000,200,true,1.3
"AGR",100203,"/Date(1701226936000)/",15600,600,505200,7878000000,200,true,1.3
"AGR",100157,"/Date(1701226927000)/",15600,100,504600,7869000000,200,false,1.3
"AGR",100147,"/Date(1701226919000)/",15600,300,504500,7867000000,200,true,1.3
"AGR",100125,"/Date(1701226896000)/",15600,300,504200,7862000000,200,true,1.3
"AGR",100125,"/Date(1701226896000)/",15600,3000,503900,7858000000,200,true,1.3
"AGR",100125,"/Date(1701226896000)/",15600,300,500900,7811000000,200,true,1.3
"AGR",100125,"/Date(1701226896000)/",15600,1400,500600,7806000000,200,true,1.3
"AGR",100109,"/Date(1701226880000)/",15600,100,499200,7784000000,200,true,1.3
"AGR",100050,"/Date(1701226863000)/",15600,1400,499100,7783000000,200,false,1.3
"AGR",100041,"/Date(1701226853000)/",15600,600,497700,7761000000,200,false,1.3
"AGR",100041,"/Date(1701226853000)/",15600,1000,497100,7752000000,200,false,1.3
"AGR",100041,"/Date(1701226853000)/",15600,2000,496100,7736000000,200,false,1.3
"AGR",100041,"/Date(1701226853000)/",15600,100,494100,7705000000,200,false,1.3
"AGR",100041,"/Date(1701226853000)/",15600,1300,494000,7703000000,200,false,1.3
"AGR",100037,"/Date(1701226850000)/",15600,1400,492700,7683000000,200,false,1.3
"AGR",100037,"/Date(1701226848000)/",15600,1000,491300,7661000000,200,false,1.3
"AGR",100034,"/Date(1701226845000)/",15600,300,490300,7645000000,200,false,1.3
"AGR",100034,"/Date(1701226845000)/",15600,200,490000,7641000000,200,false,1.3
"AGR",100034,"/Date(1701226845000)/",15600,1000,489800,7638000000,200,false,1.3
"AGR",100034,"/Date(1701226845000)/",15600,100,488800,7622000000,200,false,1.3
"AGR",100034,"/Date(1701226845000)/",15600,1000,488700,7621000000,200,false,1.3
"AGR",100034,"/Date(1701226845000)/",15600,100,487700,7605000000,200,false,1.3
"AGR",100034,"/Date(1701226845000)/",15600,100,487600,7603000000,200,false,1.3
"AGR",100034,"/Date(1701226845000)/",15600,200,487500,7602000000,200,false,1.3
"AGR",100025,"/Date(1701226835000)/",15600,800,487300,7599000000,200,false,1.3
"AGR",100025,"/Date(1701226835000)/",15600,300,486500,7586000000,200,false,1.3
"AGR",100025,"/Date(1701226835000)/",15600,900,486200,7582000000,200,false,1.3
"AGR",100012,"/Date(1701226823000)/",15600,100,485300,7567000000,200,false,1.3
"AGR",100006,"/Date(1701226816000)/",15550,100,485200,7566000000,150,true,0.97
"AGR",100003,"/Date(1701226813000)/",15550,300,485100,7564000000,150,true,0.97
"AGR",95846,"/Date(1701226739000)/",15550,400,484800,7560000000,150,true,0.97
"AGR",95752,"/Date(1701226682000)/",15550,600,484400,7553000000,150,true,0.97
"AGR",95749,"/Date(1701226680000)/",15600,2000,483800,7544000000,200,false,1.3
"AGR",95658,"/Date(1701226630000)/",15600,100,481800,7513000000,200,false,1.3
"AGR",95617,"/Date(1701226589000)/",15600,3300,481700,7511000000,200,false,1.3
"AGR",95536,"/Date(1701226548000)/",15600,400,478400,7460000000,200,true,1.3
"AGR",95536,"/Date(1701226548000)/",15600,200,478000,7454000000,200,true,1.3
"AGR",95536,"/Date(1701226548000)/",15600,1000,477800,7451000000,200,true,1.3
"AGR",95533,"/Date(1701226543000)/",15600,500,476800,7435000000,200,true,1.3
"AGR",95533,"/Date(1701226542000)/",15600,500,476300,7427000000,200,true,1.3
"AGR",95533,"/Date(1701226542000)/",15600,500,475800,7419000000,200,true,1.3
"AGR",95526,"/Date(1701226539000)/",15600,500,475300,7412000000,200,true,1.3
"AGR",95526,"/Date(1701226539000)/",15600,1200,474800,7404000000,200,true,1.3
"AGR",95526,"/Date(1701226539000)/",15600,18300,473600,7385000000,200,true,1.3
"AGR",95523,"/Date(1701226535000)/",15600,1700,455300,7100000000,200,true,1.3
"AGR",95523,"/Date(1701226535000)/",15600,100,453600,7073000000,200,true,1.3
"AGR",95523,"/Date(1701226535000)/",15600,200,453500,7071000000,200,true,1.3
"AGR",95523,"/Date(1701226535000)/",15600,2000,453300,7068000000,200,true,1.3
"AGR",95520,"/Date(1701226532000)/",15600,500,451300,7037000000,200,true,1.3
"AGR",95517,"/Date(1701226529000)/",15600,400,450800,7029000000,200,true,1.3
"AGR",95514,"/Date(1701226525000)/",15600,2100,450400,7023000000,200,true,1.3
"AGR",95514,"/Date(1701226525000)/",15600,100,448300,6990000000,200,true,1.3
"AGR",95514,"/Date(1701226525000)/",15600,2000,448200,6989000000,200,true,1.3
"AGR",95514,"/Date(1701226525000)/",15600,100,446200,6958000000,200,true,1.3
"AGR",95514,"/Date(1701226525000)/",15600,5700,446100,6956000000,200,true,1.3
"AGR",95514,"/Date(1701226524000)/",15600,1500,440400,6867000000,200,true,1.3
"AGR",95451,"/Date(1701226502000)/",15600,1000,438900,6844000000,200,true,1.3
"AGR",95413,"/Date(1701226464000)/",15600,500,437900,6828000000,200,true,1.3
"AGR",95407,"/Date(1701226456000)/",15600,1000,437400,6820000000,200,true,1.3
"AGR",95404,"/Date(1701226456000)/",15600,2800,436400,6805000000,200,true,1.3
"AGR",95341,"/Date(1701226432000)/",15600,500,433600,6761000000,200,true,1.3
"AGR",95338,"/Date(1701226429000)/",15600,200,433100,6753000000,200,true,1.3
"AGR",95316,"/Date(1701226406000)/",15600,2500,432900,6750000000,200,true,1.3
"AGR",95310,"/Date(1701226400000)/",15600,100,430400,6711000000,200,true,1.3
"AGR",95232,"/Date(1701226364000)/",15600,100,430300,6710000000,200,true,1.3
"AGR",95200,"/Date(1701226330000)/",15650,500,430200,6708000000,250,false,1.62
"AGR",95150,"/Date(1701226320000)/",15650,400,429700,6700000000,250,false,1.62
"AGR",95135,"/Date(1701226306000)/",15650,1000,429300,6694000000,250,false,1.62
"AGR",95131,"/Date(1701226302000)/",15650,500,428300,6678000000,250,false,1.62
"AGR",95131,"/Date(1701226302000)/",15650,500,427800,6670000000,250,false,1.62
"AGR",95106,"/Date(1701226277000)/",15650,1500,427300,6663000000,250,false,1.62
"AGR",95106,"/Date(1701226277000)/",15650,1300,425800,6639000000,250,false,1.62
"AGR",95106,"/Date(1701226277000)/",15650,300,424500,6619000000,250,false,1.62
"AGR",95106,"/Date(1701226277000)/",15650,200,424200,6614000000,250,false,1.62
"AGR",95106,"/Date(1701226277000)/",15650,1700,424000,6611000000,250,false,1.62
"AGR",94927,"/Date(1701226179000)/",15650,3900,422300,6584000000,250,false,1.62
"AGR",94927,"/Date(1701226179000)/",15650,500,418400,6523000000,250,false,1.62
"AGR",94927,"/Date(1701226179000)/",15650,1000,417900,6515000000,250,false,1.62
"AGR",94927,"/Date(1701226179000)/",15650,300,416900,6500000000,250,false,1.62
"AGR",94927,"/Date(1701226179000)/",15650,100,416600,6495000000,250,false,1.62
"AGR",94927,"/Date(1701226179000)/",15650,4200,416500,6494000000,250,false,1.62
"AGR",94833,"/Date(1701226122000)/",15600,200,412300,6428000000,200,true,1.3
"AGR",94818,"/Date(1701226109000)/",15600,3900,412100,6425000000,200,true,1.3
"AGR",94818,"/Date(1701226109000)/",15600,1100,408200,6364000000,200,true,1.3
"AGR",94811,"/Date(1701226101000)/",15600,200,407100,6347000000,200,true,1.3
"AGR",94811,"/Date(1701226101000)/",15600,100,406900,6344000000,200,true,1.3
"AGR",94805,"/Date(1701226096000)/",15600,5000,406800,6342000000,200,true,1.3
"AGR",94730,"/Date(1701226059000)/",15650,100,401800,6264000000,250,false,1.62
"AGR",94720,"/Date(1701226049000)/",15600,100,401700,6262000000,200,true,1.3
"AGR",94717,"/Date(1701226046000)/",15650,400,401600,6261000000,250,false,1.62
"AGR",94652,"/Date(1701226023000)/",15650,100,401200,6255000000,250,false,1.62
"AGR",94639,"/Date(1701226008000)/",15600,300,401100,6253000000,200,true,1.3
"AGR",94636,"/Date(1701226007000)/",15650,200,400800,6248000000,250,false,1.62
"AGR",94614,"/Date(1701225985000)/",15600,400,400600,6245000000,200,true,1.3
"AGR",94611,"/Date(1701225981000)/",15650,1000,400200,6239000000,250,false,1.62
"AGR",94607,"/Date(1701225978000)/",15600,500,399200,6223000000,200,false,1.3
"AGR",94601,"/Date(1701225971000)/",15600,9500,398700,6216000000,200,true,1.3
"AGR",94545,"/Date(1701225957000)/",15600,500,389200,6067000000,200,true,1.3
"AGR",94545,"/Date(1701225957000)/",15600,100,388700,6060000000,200,true,1.3
"AGR",94545,"/Date(1701225957000)/",15600,400,388600,6058000000,200,true,1.3
"AGR",94520,"/Date(1701225929000)/",15600,200,388200,6052000000,200,true,1.3
"AGR",94520,"/Date(1701225929000)/",15600,1000,388000,6049000000,200,true,1.3
"AGR",94520,"/Date(1701225929000)/",15600,1000,387000,6033000000,200,true,1.3
"AGR",94520,"/Date(1701225929000)/",15600,1000,386000,6017000000,200,true,1.3
"AGR",94520,"/Date(1701225929000)/",15600,6100,385000,6002000000,200,true,1.3
"AGR",94520,"/Date(1701225929000)/",15600,2000,378900,5907000000,200,true,1.3
"AGR",94413,"/Date(1701225862000)/",15600,100,376900,5876000000,200,true,1.3
"AGR",94413,"/Date(1701225862000)/",15600,5000,376800,5874000000,200,true,1.3
"AGR",94413,"/Date(1701225862000)/",15600,2000,371800,5796000000,200,true,1.3
"AGR",94413,"/Date(1701225862000)/",15600,5000,369800,5765000000,200,true,1.3
"AGR",94413,"/Date(1701225862000)/",15600,100,364800,5687000000,200,true,1.3
"AGR",94413,"/Date(1701225862000)/",15600,200,364700,5685000000,200,true,1.3
"AGR",94413,"/Date(1701225862000)/",15600,5000,364500,5682000000,200,true,1.3
"AGR",94413,"/Date(1701225862000)/",15600,2000,359500,5604000000,200,true,1.3
"AGR",94413,"/Date(1701225862000)/",15600,1000,357500,5573000000,200,true,1.3
"AGR",94413,"/Date(1701225862000)/",15600,400,356500,5557000000,200,true,1.3
"AGR",94413,"/Date(1701225862000)/",15600,300,356100,5551000000,200,true,1.3
"AGR",94413,"/Date(1701225862000)/",15600,300,355800,5546000000,200,true,1.3
"AGR",94413,"/Date(1701225862000)/",15600,100,355500,5542000000,200,true,1.3
"AGR",94413,"/Date(1701225862000)/",15600,400,355400,5540000000,200,true,1.3
"AGR",94413,"/Date(1701225862000)/",15600,1200,355000,5534000000,200,true,1.3
"AGR",94413,"/Date(1701225862000)/",15600,100,353800,5515000000,200,true,1.3
"AGR",94413,"/Date(1701225862000)/",15600,1200,353700,5514000000,200,true,1.3
"AGR",94413,"/Date(1701225862000)/",15600,500,352500,5495000000,200,true,1.3
"AGR",94413,"/Date(1701225862000)/",15600,1100,352000,5487000000,200,true,1.3
"AGR",94413,"/Date(1701225862000)/",15600,100,350900,5470000000,200,true,1.3
"AGR",94413,"/Date(1701225862000)/",15600,4000,350800,5468000000,200,true,1.3
"AGR",94413,"/Date(1701225862000)/",15600,100,346800,5406000000,200,true,1.3
"AGR",94413,"/Date(1701225862000)/",15600,1000,346700,5404000000,200,true,1.3
"AGR",94413,"/Date(1701225862000)/",15600,1000,345700,5389000000,200,true,1.3
"AGR",94413,"/Date(1701225862000)/",15600,9700,344700,5373000000,200,true,1.3
"AGR",94319,"/Date(1701225808000)/",15550,100,335000,5222000000,150,true,0.97
"AGR",94254,"/Date(1701225783000)/",15550,100,334900,5220000000,150,true,0.97
"AGR",94247,"/Date(1701225777000)/",15600,100,334800,5219000000,200,false,1.3
"AGR",94232,"/Date(1701225760000)/",15550,200,334700,5217000000,150,true,0.97
"AGR",94135,"/Date(1701225703000)/",15550,1700,334500,5214000000,150,true,0.97
"AGR",94106,"/Date(1701225677000)/",15550,900,332800,5188000000,150,false,0.97
"AGR",94106,"/Date(1701225677000)/",15550,100,331900,5174000000,150,false,0.97
"AGR",94106,"/Date(1701225677000)/",15550,200,331800,5172000000,150,false,0.97
"AGR",94106,"/Date(1701225677000)/",15550,1000,331600,5169000000,150,false,0.97
"AGR",94106,"/Date(1701225677000)/",15550,500,330600,5153000000,150,false,0.97
"AGR",94056,"/Date(1701225666000)/",15550,100,330100,5146000000,150,false,0.97
"AGR",94050,"/Date(1701225661000)/",15550,2000,330000,5144000000,150,false,0.97
"AGR",94044,"/Date(1701225652000)/",15550,2000,328000,5113000000,150,false,0.97
"AGR",94041,"/Date(1701225650000)/",15550,400,326000,5082000000,150,false,0.97
"AGR",94041,"/Date(1701225650000)/",15550,500,325600,5076000000,150,false,0.97
"AGR",94041,"/Date(1701225650000)/",15550,100,325100,5068000000,150,false,0.97
"AGR",94041,"/Date(1701225650000)/",15550,1000,325000,5066000000,150,false,0.97
"AGR",94034,"/Date(1701225644000)/",15550,100,324000,5051000000,150,false,0.97
"AGR",94015,"/Date(1701225626000)/",15550,300,323900,5049000000,150,false,0.97
"AGR",94002,"/Date(1701225613000)/",15550,1000,323600,5045000000,150,false,0.97
"AGR",93959,"/Date(1701225609000)/",15550,700,322600,5029000000,150,false,0.97
"AGR",93934,"/Date(1701225583000)/",15550,300,321900,5018000000,150,false,0.97
"AGR",93915,"/Date(1701225566000)/",15500,100,321600,5014000000,100,false,0.65
"AGR",93915,"/Date(1701225566000)/",15500,800,321500,5012000000,100,false,0.65
"AGR",93915,"/Date(1701225566000)/",15500,100,320700,5000000000,100,false,0.65
"AGR",93915,"/Date(1701225563000)/",15550,1000,320600,4998000000,150,false,0.97
"AGR",93846,"/Date(1701225536000)/",15550,1000,319600,4982000000,150,false,0.97
"AGR",93805,"/Date(1701225493000)/",15500,1000,318600,4967000000,100,false,0.65
"AGR",93721,"/Date(1701225450000)/",15500,100,317600,4951000000,100,true,0.65
"AGR",93711,"/Date(1701225441000)/",15500,100,317500,4950000000,100,false,0.65
"AGR",93711,"/Date(1701225441000)/",15500,800,317400,4948000000,100,false,0.65
"AGR",93705,"/Date(1701225433000)/",15500,300,316600,4936000000,100,true,0.65
"AGR",93705,"/Date(1701225433000)/",15500,600,316300,4931000000,100,true,0.65
"AGR",93705,"/Date(1701225433000)/",15500,500,315700,4922000000,100,true,0.65
"AGR",93705,"/Date(1701225433000)/",15500,100,315200,4914000000,100,true,0.65
"AGR",93705,"/Date(1701225433000)/",15500,800,315100,4913000000,100,true,0.65
"AGR",93705,"/Date(1701225433000)/",15500,100,314300,4900000000,100,true,0.65
"AGR",93705,"/Date(1701225433000)/",15500,300,314200,4899000000,100,true,0.65
"AGR",93705,"/Date(1701225433000)/",15500,1000,313900,4894000000,100,true,0.65
"AGR",93705,"/Date(1701225433000)/",15500,100,312900,4879000000,100,true,0.65
"AGR",93705,"/Date(1701225433000)/",15500,5000,312800,4877000000,100,true,0.65
"AGR",93705,"/Date(1701225433000)/",15500,400,307800,4800000000,100,true,0.65
"AGR",93705,"/Date(1701225433000)/",15500,1000,307400,4793000000,100,true,0.65
"AGR",93705,"/Date(1701225433000)/",15500,5000,306400,4778000000,100,true,0.65
"AGR",93705,"/Date(1701225433000)/",15500,4000,301400,4700000000,100,true,0.65
"AGR",93649,"/Date(1701225419000)/",15500,100,297400,4638000000,100,true,0.65
"AGR",93611,"/Date(1701225381000)/",15500,1000,297300,4637000000,100,true,0.65
"AGR",93549,"/Date(1701225358000)/",15500,4900,296300,4621000000,100,true,0.65
"AGR",93549,"/Date(1701225358000)/",15500,100,291400,4545000000,100,true,0.65
"AGR",93504,"/Date(1701225312000)/",15550,3000,291300,4544000000,150,true,0.97
"AGR",93504,"/Date(1701225312000)/",15550,3000,288300,4497000000,150,true,0.97
"AGR",93504,"/Date(1701225312000)/",15550,5000,285300,4450000000,150,true,0.97
"AGR",93504,"/Date(1701225312000)/",15550,5000,280300,4373000000,150,true,0.97
"AGR",93504,"/Date(1701225312000)/",15550,8600,275300,4295000000,150,true,0.97
"AGR",93452,"/Date(1701225301000)/",15550,100,266700,4161000000,150,true,0.97
"AGR",93436,"/Date(1701225285000)/",15550,200,266600,4160000000,150,true,0.97
"AGR",93329,"/Date(1701225218000)/",15550,300,266400,4157000000,150,true,0.97
"AGR",93242,"/Date(1701225170000)/",15600,100,266100,4152000000,200,false,1.3
"AGR",93235,"/Date(1701225163000)/",15550,2000,266000,4150000000,150,true,0.97
"AGR",93216,"/Date(1701225145000)/",15550,500,264000,4119000000,150,true,0.97
"AGR",93216,"/Date(1701225145000)/",15550,300,263500,4111000000,150,true,0.97
"AGR",93213,"/Date(1701225142000)/",15550,700,263200,4107000000,150,false,0.97
"AGR",93126,"/Date(1701225093000)/",15550,300,262500,4096000000,150,false,0.97
"AGR",93113,"/Date(1701225083000)/",15550,200,262200,4091000000,150,false,0.97
"AGR",93107,"/Date(1701225074000)/",15550,900,262000,4088000000,150,true,0.97
"AGR",93107,"/Date(1701225074000)/",15550,1900,261100,4074000000,150,true,0.97
"AGR",93051,"/Date(1701225060000)/",15550,500,259200,4045000000,150,true,0.97
"AGR",93051,"/Date(1701225060000)/",15550,37600,258700,4037000000,150,true,0.97
"AGR",93041,"/Date(1701225050000)/",15600,100,221100,3452000000,200,false,1.3
"AGR",93041,"/Date(1701225050000)/",15600,100,221000,3451000000,200,false,1.3
"AGR",93006,"/Date(1701225015000)/",15550,500,220900,3449000000,150,true,0.97
"AGR",92903,"/Date(1701224951000)/",15550,1000,220400,3441000000,150,false,0.97
"AGR",92903,"/Date(1701224951000)/",15550,900,219400,3426000000,150,false,0.97
"AGR",92850,"/Date(1701224939000)/",15550,100,218500,3412000000,150,false,0.97
"AGR",92850,"/Date(1701224939000)/",15550,100,218400,3410000000,150,false,0.97
"AGR",92847,"/Date(1701224937000)/",15550,100,218300,3409000000,150,false,0.97
"AGR",92847,"/Date(1701224937000)/",15550,200,218200,3407000000,150,false,0.97
"AGR",92847,"/Date(1701224937000)/",15550,700,218000,3404000000,150,false,0.97
"AGR",92831,"/Date(1701224919000)/",15550,1300,217300,3393000000,150,false,0.97
"AGR",92831,"/Date(1701224919000)/",15550,200,216000,3373000000,150,false,0.97
"AGR",92831,"/Date(1701224919000)/",15550,500,215800,3370000000,150,false,0.97
"AGR",92828,"/Date(1701224916000)/",15550,300,215300,3362000000,150,false,0.97
"AGR",92737,"/Date(1701224864000)/",15550,100,215000,3357000000,150,false,0.97
"AGR",92722,"/Date(1701224850000)/",15550,300,214900,3356000000,150,false,0.97
"AGR",92718,"/Date(1701224845000)/",15550,200,214600,3351000000,150,false,0.97
"AGR",92718,"/Date(1701224845000)/",15550,200,214400,3348000000,150,false,0.97
"AGR",92718,"/Date(1701224845000)/",15550,100,214200,3345000000,150,false,0.97
"AGR",92615,"/Date(1701224783000)/",15550,1000,214100,3343000000,150,false,0.97
"AGR",92609,"/Date(1701224777000)/",15550,3300,213100,3328000000,150,false,0.97
"AGR",92609,"/Date(1701224777000)/",15550,1700,209800,3276000000,150,false,0.97
"AGR",92547,"/Date(1701224755000)/",15550,7000,208100,3250000000,150,true,0.97
"AGR",92547,"/Date(1701224755000)/",15550,1300,201100,3141000000,150,true,0.97
"AGR",92502,"/Date(1701224709000)/",15550,6700,199800,3121000000,150,true,0.97
"AGR",92459,"/Date(1701224706000)/",15550,3000,193100,3017000000,150,false,0.97
"AGR",92459,"/Date(1701224706000)/",15550,300,190100,2970000000,150,false,0.97
"AGR",92459,"/Date(1701224706000)/",15550,4700,189800,2965000000,150,false,0.97
"AGR",92459,"/Date(1701224706000)/",15550,1500,185100,2892000000,150,false,0.97
"AGR",92437,"/Date(1701224685000)/",15550,500,183600,2869000000,150,true,0.97
"AGR",92437,"/Date(1701224685000)/",15550,500,183100,2861000000,150,true,0.97
"AGR",92437,"/Date(1701224685000)/",15550,1000,182600,2853000000,150,true,0.97
"AGR",92428,"/Date(1701224675000)/",15550,1000,181600,2838000000,150,true,0.97
"AGR",92405,"/Date(1701224654000)/",15550,1000,180600,2822000000,150,true,0.97
"AGR",92331,"/Date(1701224617000)/",15550,2000,179600,2807000000,150,true,0.97
"AGR",92331,"/Date(1701224617000)/",15550,1000,177600,2776000000,150,true,0.97
"AGR",92318,"/Date(1701224606000)/",15600,100,176600,2760000000,200,false,1.3
"AGR",92318,"/Date(1701224605000)/",15600,100,176500,2759000000,200,false,1.3
"AGR",92318,"/Date(1701224605000)/",15600,500,176400,2757000000,200,false,1.3
"AGR",92318,"/Date(1701224605000)/",15600,400,175900,2749000000,200,false,1.3
"AGR",92250,"/Date(1701224579000)/",15600,600,175500,2743000000,200,false,1.3
"AGR",92250,"/Date(1701224579000)/",15600,200,174900,2734000000,200,false,1.3
"AGR",92250,"/Date(1701224579000)/",15600,200,174700,2731000000,200,false,1.3
"AGR",92250,"/Date(1701224579000)/",15600,300,174500,2727000000,200,false,1.3
"AGR",92250,"/Date(1701224579000)/",15600,200,174200,2723000000,200,false,1.3
"AGR",92250,"/Date(1701224579000)/",15600,500,174000,2720000000,200,false,1.3
"AGR",92224,"/Date(1701224551000)/",15600,500,173500,2712000000,200,false,1.3
"AGR",92202,"/Date(1701224531000)/",15600,100,173000,2704000000,200,false,1.3
