"Stockcode","Package","TradingDate","Price","Vol","TotalVol","TotalVal","Change","IsBuy","PerChange"
"CII",144425,"/Date(1701243900000)/",17100,84600,6146600,104985000000,250,false,1.48
"CII",142918,"/Date(1701242996000)/",17100,100,6062000,103539000000,250,true,1.48
"CII",142918,"/Date(1701242996000)/",17100,100,6061900,103537000000,250,true,1.48
"CII",142918,"/Date(1701242996000)/",17100,1000,6061800,103535000000,250,true,1.48
"CII",142918,"/Date(1701242996000)/",17100,1000,6060800,103518000000,250,true,1.48
"CII",142918,"/Date(1701242996000)/",17100,1000,6059800,103501000000,250,true,1.48
"CII",142918,"/Date(1701242996000)/",17100,100,6058800,103484000000,250,true,1.48
"CII",142918,"/Date(1701242996000)/",17100,500,6058700,103482000000,250,true,1.48
"CII",142918,"/Date(1701242996000)/",17100,200,6058200,103474000000,250,true,1.48
"CII",142918,"/Date(1701242996000)/",17100,1000,6058000,103470000000,250,true,1.48
"CII",142918,"/Date(1701242996000)/",17100,100,6057000,103453000000,250,true,1.48
"CII",142918,"/Date(1701242996000)/",17100,300,6056900,103451000000,250,true,1.48
"CII",142918,"/Date(1701242996000)/",17100,2000,6056600,103446000000,250,true,1.48
"CII",142918,"/Date(1701242996000)/",17100,1600,6054600,103412000000,250,true,1.48
"CII",142918,"/Date(1701242993000)/",17100,5000,6053000,103385000000,250,true,1.48
"CII",142915,"/Date(1701242991000)/",17100,3400,6048000,103299000000,250,true,1.48
"CII",142915,"/Date(1701242991000)/",17100,1600,6044600,103241000000,250,true,1.48
"CII",142915,"/Date(1701242991000)/",17150,1000,6043000,103214000000,300,false,1.78
"CII",142915,"/Date(1701242990000)/",17150,400,6042000,103197000000,300,false,1.78
"CII",142912,"/Date(1701242987000)/",17150,100,6041600,103190000000,300,false,1.78
"CII",142853,"/Date(1701242970000)/",17100,400,6041500,103188000000,250,true,1.48
"CII",142853,"/Date(1701242970000)/",17100,500,6041100,103181000000,250,true,1.48
"CII",142853,"/Date(1701242970000)/",17100,4100,6040600,103173000000,250,true,1.48
"CII",142850,"/Date(1701242966000)/",17100,900,6036500,103102000000,250,true,1.48
"CII",142850,"/Date(1701242966000)/",17100,100,6035600,103087000000,250,true,1.48
"CII",142850,"/Date(1701242964000)/",17150,100,6035500,103085000000,300,false,1.78
"CII",142846,"/Date(1701242964000)/",17100,400,6035400,103084000000,250,true,1.48
"CII",142846,"/Date(1701242964000)/",17100,100,6035000,103077000000,250,true,1.48
"CII",142846,"/Date(1701242964000)/",17100,500,6034900,103075000000,250,true,1.48
"CII",142846,"/Date(1701242961000)/",17100,500,6034400,103067000000,250,true,1.48
"CII",142846,"/Date(1701242961000)/",17100,100,6033900,103058000000,250,true,1.48
"CII",142846,"/Date(1701242961000)/",17100,1000,6033800,103056000000,250,true,1.48
"CII",142846,"/Date(1701242961000)/",17100,500,6032800,103039000000,250,true,1.48
"CII",142846,"/Date(1701242961000)/",17100,500,6032300,103031000000,250,true,1.48
"CII",142846,"/Date(1701242961000)/",17100,500,6031800,103022000000,250,true,1.48
"CII",142846,"/Date(1701242961000)/",17100,1000,6031300,103014000000,250,true,1.48
"CII",142846,"/Date(1701242961000)/",17100,200,6030300,102996000000,250,true,1.48
"CII",142846,"/Date(1701242961000)/",17100,1000,6030100,102993000000,250,true,1.48
"CII",142846,"/Date(1701242961000)/",17100,100,6029100,102976000000,250,true,1.48
"CII",142846,"/Date(1701242961000)/",17100,1000,6029000,102974000000,250,true,1.48
"CII",142846,"/Date(1701242961000)/",17100,1000,6028000,102957000000,250,true,1.48
"CII",142843,"/Date(1701242960000)/",17100,400,6027000,102940000000,250,true,1.48
"CII",142843,"/Date(1701242960000)/",17150,1000,6026600,102933000000,300,false,1.78
"CII",142840,"/Date(1701242955000)/",17100,5500,6025600,102916000000,250,true,1.48
"CII",142840,"/Date(1701242955000)/",17100,2000,6020100,102822000000,250,true,1.48
"CII",142840,"/Date(1701242955000)/",17100,200,6018100,102788000000,250,true,1.48
"CII",142840,"/Date(1701242955000)/",17100,1200,6017900,102784000000,250,true,1.48
"CII",142840,"/Date(1701242955000)/",17100,10000,6016700,102764000000,250,true,1.48
"CII",142840,"/Date(1701242955000)/",17100,200,6006700,102593000000,250,true,1.48
"CII",142840,"/Date(1701242955000)/",17100,15000,6006500,102589000000,250,true,1.48
"CII",142840,"/Date(1701242955000)/",17100,1000,5991500,102333000000,250,true,1.48
"CII",142840,"/Date(1701242955000)/",17100,1000,5990500,102316000000,250,true,1.48
"CII",142840,"/Date(1701242955000)/",17100,1000,5989500,102299000000,250,true,1.48
"CII",142840,"/Date(1701242955000)/",17100,200,5988500,102282000000,250,true,1.48
"CII",142840,"/Date(1701242955000)/",17100,300,5988300,102278000000,250,true,1.48
"CII",142840,"/Date(1701242955000)/",17100,300,5988000,102273000000,250,true,1.48
"CII",142840,"/Date(1701242955000)/",17100,100,5987700,102268000000,250,true,1.48
"CII",142840,"/Date(1701242955000)/",17100,800,5987600,102266000000,250,true,1.48
"CII",142840,"/Date(1701242955000)/",17100,10000,5986800,102253000000,250,true,1.48
"CII",142840,"/Date(1701242955000)/",17100,500,5976800,102082000000,250,true,1.48
"CII",142840,"/Date(1701242955000)/",17100,200,5976300,102073000000,250,true,1.48
"CII",142840,"/Date(1701242955000)/",17100,300,5976100,102070000000,250,true,1.48
"CII",142840,"/Date(1701242955000)/",17100,200,5975800,102064000000,250,true,1.48
"CII",142837,"/Date(1701242952000)/",17100,100,5975600,102061000000,250,true,1.48
"CII",142837,"/Date(1701242952000)/",17100,500,5975500,102059000000,250,true,1.48
"CII",142837,"/Date(1701242952000)/",17100,800,5975000,102051000000,250,true,1.48
"CII",142837,"/Date(1701242952000)/",17100,100,5974200,102037000000,250,true,1.48
"CII",142837,"/Date(1701242952000)/",17100,2000,5974100,102035000000,250,true,1.48
"CII",142837,"/Date(1701242952000)/",17100,500,5972100,102001000000,250,true,1.48
"CII",142837,"/Date(1701242952000)/",17100,2000,5971600,101993000000,250,true,1.48
"CII",142837,"/Date(1701242952000)/",17100,2000,5969600,101958000000,250,true,1.48
"CII",142837,"/Date(1701242952000)/",17100,500,5967600,101924000000,250,true,1.48
"CII",142837,"/Date(1701242952000)/",17100,200,5967100,101916000000,250,true,1.48
"CII",142837,"/Date(1701242952000)/",17100,15000,5966900,101912000000,250,true,1.48
"CII",142837,"/Date(1701242952000)/",17100,500,5951900,101656000000,250,true,1.48
"CII",142837,"/Date(1701242952000)/",17100,500,5951400,101647000000,250,true,1.48
"CII",142837,"/Date(1701242952000)/",17100,3000,5950900,101639000000,250,true,1.48
"CII",142837,"/Date(1701242952000)/",17100,1000,5947900,101587000000,250,true,1.48
"CII",142837,"/Date(1701242952000)/",17100,500,5946900,101570000000,250,true,1.48
"CII",142837,"/Date(1701242952000)/",17100,100,5946400,101562000000,250,true,1.48
"CII",142837,"/Date(1701242952000)/",17100,2000,5946300,101560000000,250,true,1.48
"CII",142837,"/Date(1701242952000)/",17100,18700,5944300,101526000000,250,true,1.48
"CII",142834,"/Date(1701242951000)/",17150,100,5925600,101206000000,300,false,1.78
"CII",142818,"/Date(1701242934000)/",17150,200,5925500,101204000000,300,false,1.78
"CII",142818,"/Date(1701242932000)/",17150,600,5925300,101201000000,300,false,1.78
"CII",142815,"/Date(1701242930000)/",17150,200,5924700,101191000000,300,false,1.78
"CII",142815,"/Date(1701242930000)/",17150,2000,5924500,101187000000,300,false,1.78
"CII",142808,"/Date(1701242923000)/",17150,100,5922500,101153000000,300,false,1.78
"CII",142805,"/Date(1701242922000)/",17150,800,5922400,101151000000,300,false,1.78
"CII",142805,"/Date(1701242922000)/",17150,200,5921600,101137000000,300,false,1.78
"CII",142805,"/Date(1701242922000)/",17150,400,5921400,101134000000,300,false,1.78
"CII",142805,"/Date(1701242922000)/",17150,200,5921000,101127000000,300,false,1.78
"CII",142805,"/Date(1701242922000)/",17150,3400,5920800,101124000000,300,false,1.78
"CII",142755,"/Date(1701242911000)/",17150,1000,5917400,101065000000,300,false,1.78
"CII",142755,"/Date(1701242910000)/",17150,2000,5916400,101048000000,300,false,1.78
"CII",142752,"/Date(1701242909000)/",17150,600,5914400,101014000000,300,false,1.78
"CII",142752,"/Date(1701242909000)/",17150,400,5913800,101004000000,300,false,1.78
"CII",142752,"/Date(1701242909000)/",17150,700,5913400,100997000000,300,false,1.78
"CII",142739,"/Date(1701242894000)/",17150,500,5912700,100985000000,300,false,1.78
"CII",142736,"/Date(1701242893000)/",17150,1000,5912200,100976000000,300,true,1.78
"CII",142736,"/Date(1701242891000)/",17150,100,5911200,100959000000,300,true,1.78
"CII",142736,"/Date(1701242891000)/",17150,1000,5911100,100957000000,300,true,1.78
"CII",142736,"/Date(1701242891000)/",17150,500,5910100,100940000000,300,true,1.78
"CII",142736,"/Date(1701242891000)/",17150,1000,5909600,100932000000,300,true,1.78
"CII",142736,"/Date(1701242891000)/",17150,1800,5908600,100914000000,300,true,1.78
"CII",142730,"/Date(1701242884000)/",17150,100,5906800,100884000000,300,true,1.78
"CII",142730,"/Date(1701242884000)/",17150,2300,5906700,100882000000,300,true,1.78
"CII",142723,"/Date(1701242880000)/",17150,100,5904400,100842000000,300,false,1.78
"CII",142723,"/Date(1701242880000)/",17150,100,5904300,100841000000,300,false,1.78
"CII",142723,"/Date(1701242880000)/",17150,2000,5904200,100839000000,300,false,1.78
"CII",142723,"/Date(1701242880000)/",17150,500,5902200,100805000000,300,false,1.78
"CII",142723,"/Date(1701242880000)/",17150,200,5901700,100796000000,300,false,1.78
"CII",142723,"/Date(1701242880000)/",17150,500,5901500,100793000000,300,false,1.78
"CII",142723,"/Date(1701242880000)/",17150,2000,5901000,100784000000,300,false,1.78
"CII",142723,"/Date(1701242880000)/",17150,400,5899000,100750000000,300,false,1.78
"CII",142723,"/Date(1701242880000)/",17150,100,5898600,100743000000,300,false,1.78
"CII",142723,"/Date(1701242880000)/",17150,200,5898500,100741000000,300,false,1.78
"CII",142723,"/Date(1701242880000)/",17150,1000,5898300,100738000000,300,false,1.78
"CII",142723,"/Date(1701242880000)/",17150,200,5897300,100721000000,300,false,1.78
"CII",142723,"/Date(1701242880000)/",17150,100,5897100,100717000000,300,false,1.78
"CII",142723,"/Date(1701242880000)/",17150,400,5897000,100715000000,300,false,1.78
"CII",142723,"/Date(1701242880000)/",17150,600,5896600,100709000000,300,false,1.78
"CII",142723,"/Date(1701242880000)/",17150,500,5896000,100698000000,300,false,1.78
"CII",142723,"/Date(1701242880000)/",17150,900,5895500,100690000000,300,false,1.78
"CII",142723,"/Date(1701242878000)/",17150,1100,5894600,100674000000,300,false,1.78
"CII",142723,"/Date(1701242878000)/",17150,300,5893500,100655000000,300,false,1.78
"CII",142723,"/Date(1701242878000)/",17150,900,5893200,100650000000,300,false,1.78
"CII",142723,"/Date(1701242878000)/",17150,3700,5892300,100635000000,300,false,1.78
"CII",142720,"/Date(1701242875000)/",17150,4700,5888600,100571000000,300,false,1.78
"CII",142717,"/Date(1701242874000)/",17150,1000,5883900,100491000000,300,false,1.78
"CII",142717,"/Date(1701242873000)/",17150,600,5882900,100474000000,300,false,1.78
"CII",142717,"/Date(1701242873000)/",17150,5000,5882300,100463000000,300,false,1.78
"CII",142717,"/Date(1701242873000)/",17150,100,5877300,100378000000,300,false,1.78
"CII",142717,"/Date(1701242873000)/",17150,4300,5877200,100376000000,300,false,1.78
"CII",142711,"/Date(1701242864000)/",17150,700,5872900,100302000000,300,false,1.78
"CII",142711,"/Date(1701242864000)/",17150,1200,5872200,100290000000,300,false,1.78
"CII",142707,"/Date(1701242862000)/",17150,10000,5871000,100270000000,300,false,1.78
"CII",142704,"/Date(1701242861000)/",17150,1000,5861000,100098000000,300,false,1.78
"CII",142704,"/Date(1701242861000)/",17150,17500,5860000,100081000000,300,false,1.78
"CII",142704,"/Date(1701242860000)/",17150,300,5842500,99781000000,300,false,1.78
"CII",142701,"/Date(1701242857000)/",17150,1500,5842200,99776000000,300,false,1.78
"CII",142701,"/Date(1701242856000)/",17150,1000,5840700,99750000000,300,false,1.78
"CII",142701,"/Date(1701242855000)/",17150,1000,5839700,99733000000,300,false,1.78
"CII",142658,"/Date(1701242852000)/",17150,200,5838700,99716000000,300,false,1.78
"CII",142651,"/Date(1701242848000)/",17150,1500,5838500,99712000000,300,false,1.78
"CII",142648,"/Date(1701242845000)/",17150,1000,5837000,99686000000,300,false,1.78
"CII",142645,"/Date(1701242841000)/",17150,800,5836000,99669000000,300,false,1.78
"CII",142645,"/Date(1701242840000)/",17150,1500,5835200,99656000000,300,false,1.78
"CII",142645,"/Date(1701242840000)/",17150,500,5833700,99630000000,300,false,1.78
"CII",142639,"/Date(1701242835000)/",17150,500,5833200,99621000000,300,false,1.78
"CII",142635,"/Date(1701242831000)/",17150,100,5832700,99613000000,300,false,1.78
"CII",142626,"/Date(1701242822000)/",17150,5000,5832600,99611000000,300,false,1.78
"CII",142620,"/Date(1701242814000)/",17150,100,5827600,99525000000,300,false,1.78
"CII",142616,"/Date(1701242812000)/",17100,700,5827500,99524000000,250,true,1.48
"CII",142616,"/Date(1701242811000)/",17150,500,5826800,99512000000,300,false,1.78
"CII",142603,"/Date(1701242800000)/",17100,1000,5826300,99503000000,250,true,1.48
"CII",142603,"/Date(1701242799000)/",17100,100,5825300,99486000000,250,true,1.48
"CII",142600,"/Date(1701242797000)/",17100,5000,5825200,99484000000,250,true,1.48
"CII",142547,"/Date(1701242782000)/",17100,800,5820200,99399000000,250,true,1.48
"CII",142544,"/Date(1701242779000)/",17150,500,5819400,99385000000,300,false,1.78
"CII",142544,"/Date(1701242779000)/",17150,2300,5818900,99376000000,300,false,1.78
"CII",142541,"/Date(1701242777000)/",17150,2000,5816600,99337000000,300,false,1.78
"CII",142538,"/Date(1701242773000)/",17150,200,5814600,99303000000,300,false,1.78
"CII",142528,"/Date(1701242765000)/",17150,800,5814400,99299000000,300,false,1.78
"CII",142528,"/Date(1701242765000)/",17150,1000,5813600,99286000000,300,false,1.78
"CII",142528,"/Date(1701242765000)/",17150,1000,5812600,99268000000,300,false,1.78
"CII",142512,"/Date(1701242749000)/",17150,100,5811600,99251000000,300,false,1.78
"CII",142512,"/Date(1701242748000)/",17100,7000,5811500,99250000000,250,true,1.48
"CII",142509,"/Date(1701242746000)/",17150,2900,5804500,99130000000,300,false,1.78
"CII",142509,"/Date(1701242746000)/",17150,100,5801600,99080000000,300,false,1.78
"CII",142503,"/Date(1701242738000)/",17100,500,5801500,99078000000,250,true,1.48
"CII",142447,"/Date(1701242721000)/",17150,200,5801000,99070000000,300,false,1.78
"CII",142447,"/Date(1701242721000)/",17150,100,5800800,99066000000,300,false,1.78
"CII",142437,"/Date(1701242714000)/",17150,500,5800700,99065000000,300,false,1.78
"CII",142437,"/Date(1701242714000)/",17150,400,5800200,99056000000,300,false,1.78
"CII",142437,"/Date(1701242712000)/",17150,600,5799800,99049000000,300,false,1.78
"CII",142437,"/Date(1701242712000)/",17150,100,5799200,99039000000,300,false,1.78
"CII",142437,"/Date(1701242712000)/",17150,1800,5799100,99037000000,300,false,1.78
"CII",142437,"/Date(1701242712000)/",17150,5000,5797300,99006000000,300,false,1.78
"CII",142437,"/Date(1701242712000)/",17150,2000,5792300,98921000000,300,false,1.78
"CII",142437,"/Date(1701242712000)/",17150,500,5790300,98886000000,300,false,1.78
"CII",142434,"/Date(1701242710000)/",17150,2500,5789800,98878000000,300,true,1.78
"CII",142434,"/Date(1701242710000)/",17150,1000,5787300,98835000000,300,true,1.78
"CII",142434,"/Date(1701242710000)/",17150,100,5786300,98818000000,300,true,1.78
"CII",142434,"/Date(1701242710000)/",17150,1000,5786200,98816000000,300,true,1.78
"CII",142434,"/Date(1701242710000)/",17150,5400,5785200,98799000000,300,true,1.78
"CII",142431,"/Date(1701242707000)/",17150,2000,5779800,98706000000,300,true,1.78
"CII",142431,"/Date(1701242706000)/",17150,600,5777800,98672000000,300,true,1.78
"CII",142428,"/Date(1701242704000)/",17150,1000,5777200,98662000000,300,true,1.78
"CII",142428,"/Date(1701242702000)/",17150,1000,5776200,98645000000,300,true,1.78
"CII",142428,"/Date(1701242702000)/",17150,5000,5775200,98627000000,300,true,1.78
"CII",142428,"/Date(1701242702000)/",17150,500,5770200,98542000000,300,true,1.78
"CII",142428,"/Date(1701242702000)/",17150,500,5769700,98533000000,300,true,1.78
"CII",142428,"/Date(1701242702000)/",17150,500,5769200,98524000000,300,true,1.78
"CII",142428,"/Date(1701242702000)/",17150,200,5768700,98516000000,300,true,1.78
"CII",142428,"/Date(1701242702000)/",17150,100,5768500,98512000000,300,true,1.78
"CII",142428,"/Date(1701242702000)/",17150,100,5768400,98511000000,300,true,1.78
"CII",142428,"/Date(1701242702000)/",17150,1200,5768300,98509000000,300,true,1.78
"CII",142428,"/Date(1701242702000)/",17150,900,5767100,98488000000,300,true,1.78
"CII",142424,"/Date(1701242700000)/",17150,2700,5766200,98473000000,300,true,1.78
"CII",142424,"/Date(1701242700000)/",17150,400,5763500,98427000000,300,true,1.78
"CII",142415,"/Date(1701242690000)/",17150,100,5763100,98420000000,300,true,1.78
"CII",142415,"/Date(1701242690000)/",17150,200,5763000,98418000000,300,true,1.78
"CII",142415,"/Date(1701242690000)/",17150,200,5762800,98415000000,300,true,1.78
"CII",142412,"/Date(1701242686000)/",17200,1000,5762600,98411000000,350,false,2.08
"CII",142408,"/Date(1701242684000)/",17150,800,5761600,98394000000,300,true,1.78
"CII",142408,"/Date(1701242684000)/",17150,1000,5760800,98380000000,300,true,1.78
"CII",142408,"/Date(1701242684000)/",17150,3000,5759800,98363000000,300,true,1.78
"CII",142408,"/Date(1701242684000)/",17150,5200,5756800,98312000000,300,true,1.78
"CII",142408,"/Date(1701242684000)/",17200,4500,5751600,98223000000,350,false,2.08
"CII",142405,"/Date(1701242681000)/",17150,1000,5747100,98145000000,300,true,1.78
"CII",142405,"/Date(1701242680000)/",17150,43800,5746100,98128000000,300,true,1.78
"CII",142405,"/Date(1701242680000)/",17150,5000,5702300,97377000000,300,true,1.78
"CII",142405,"/Date(1701242680000)/",17150,2400,5697300,97291000000,300,true,1.78
"CII",142405,"/Date(1701242680000)/",17150,500,5694900,97250000000,300,true,1.78
"CII",142405,"/Date(1701242680000)/",17150,1600,5694400,97241000000,300,true,1.78
"CII",142405,"/Date(1701242680000)/",17150,5900,5692800,97214000000,300,true,1.78
"CII",142405,"/Date(1701242680000)/",17150,1000,5686900,97113000000,300,true,1.78
"CII",142405,"/Date(1701242680000)/",17150,8000,5685900,97096000000,300,true,1.78
"CII",142405,"/Date(1701242680000)/",17150,5000,5677900,96958000000,300,true,1.78
"CII",142405,"/Date(1701242680000)/",17150,100,5672900,96873000000,300,true,1.78
"CII",142405,"/Date(1701242680000)/",17150,700,5672800,96871000000,300,true,1.78
"CII",142405,"/Date(1701242680000)/",17150,26000,5672100,96859000000,300,true,1.78
"CII",142402,"/Date(1701242678000)/",17150,10000,5646100,96413000000,300,true,1.78
"CII",142359,"/Date(1701242674000)/",17150,1000,5636100,96242000000,300,true,1.78
"CII",142356,"/Date(1701242672000)/",17150,2000,5635100,96224000000,300,true,1.78
"CII",142349,"/Date(1701242664000)/",17200,500,5633100,96190000000,350,false,2.08
"CII",142349,"/Date(1701242664000)/",17150,500,5632600,96181000000,300,true,1.78
"CII",142343,"/Date(1701242660000)/",17150,100,5632100,96173000000,300,true,1.78
"CII",142337,"/Date(1701242651000)/",17150,1000,5632000,96171000000,300,true,1.78
"CII",142333,"/Date(1701242649000)/",17200,100,5631000,96154000000,350,false,2.08
"CII",142330,"/Date(1701242646000)/",17150,9400,5630900,96152000000,300,true,1.78
"CII",142330,"/Date(1701242646000)/",17150,600,5621500,95991000000,300,true,1.78
"CII",142317,"/Date(1701242632000)/",17200,1500,5620900,95981000000,350,false,2.08
"CII",142317,"/Date(1701242632000)/",17200,500,5619400,95955000000,350,false,2.08
"CII",142311,"/Date(1701242626000)/",17200,500,5618900,95946000000,350,false,2.08
"CII",142311,"/Date(1701242626000)/",17200,1500,5618400,95938000000,350,false,2.08
"CII",142308,"/Date(1701242622000)/",17150,1400,5616900,95912000000,300,true,1.78
"CII",142308,"/Date(1701242622000)/",17150,3600,5615500,95888000000,300,true,1.78
"CII",142308,"/Date(1701242622000)/",17200,500,5611900,95826000000,350,false,2.08
"CII",142308,"/Date(1701242622000)/",17200,1000,5611400,95818000000,350,false,2.08
"CII",142305,"/Date(1701242621000)/",17200,300,5610400,95800000000,350,false,2.08
"CII",142305,"/Date(1701242620000)/",17150,200,5610100,95795000000,300,true,1.78
"CII",142305,"/Date(1701242619000)/",17150,1200,5609900,95792000000,300,true,1.78
"CII",142305,"/Date(1701242619000)/",17150,500,5608700,95771000000,300,true,1.78
"CII",142305,"/Date(1701242619000)/",17150,300,5608200,95763000000,300,true,1.78
"CII",142255,"/Date(1701242610000)/",17200,1000,5607900,95758000000,350,false,2.08
"CII",142252,"/Date(1701242606000)/",17150,100,5606900,95740000000,300,true,1.78
"CII",142252,"/Date(1701242606000)/",17150,100,5606800,95739000000,300,true,1.78
"CII",142245,"/Date(1701242599000)/",17200,500,5606700,95737000000,350,false,2.08
"CII",142242,"/Date(1701242599000)/",17200,100,5606200,95728000000,350,false,2.08
"CII",142226,"/Date(1701242582000)/",17150,500,5606100,95727000000,300,true,1.78
"CII",142223,"/Date(1701242577000)/",17150,500,5605600,95718000000,300,true,1.78
"CII",142220,"/Date(1701242575000)/",17200,100,5605100,95709000000,350,false,2.08
"CII",142213,"/Date(1701242569000)/",17150,200,5605000,95708000000,300,true,1.78
"CII",142210,"/Date(1701242565000)/",17150,500,5604800,95704000000,300,true,1.78
"CII",142204,"/Date(1701242560000)/",17150,2100,5604300,95696000000,300,true,1.78
"CII",142200,"/Date(1701242556000)/",17150,1100,5602200,95660000000,300,true,1.78
"CII",142200,"/Date(1701242556000)/",17150,900,5601100,95641000000,300,true,1.78
"CII",142145,"/Date(1701242539000)/",17150,200,5600200,95625000000,300,true,1.78
"CII",142138,"/Date(1701242534000)/",17150,100,5600000,95622000000,300,true,1.78
"CII",142138,"/Date(1701242532000)/",17200,2000,5599900,95620000000,350,false,2.08
"CII",142119,"/Date(1701242516000)/",17150,800,5597900,95586000000,300,true,1.78
"CII",142119,"/Date(1701242515000)/",17150,500,5597100,95572000000,300,true,1.78
"CII",142119,"/Date(1701242515000)/",17150,200,5596600,95564000000,300,true,1.78
"CII",142116,"/Date(1701242512000)/",17150,400,5596400,95560000000,300,true,1.78
"CII",142116,"/Date(1701242511000)/",17200,100,5596000,95553000000,350,false,2.08
"CII",142109,"/Date(1701242505000)/",17150,100,5595900,95552000000,300,true,1.78
"CII",142106,"/Date(1701242501000)/",17150,100,5595800,95550000000,300,true,1.78
"CII",142106,"/Date(1701242501000)/",17150,200,5595700,95548000000,300,true,1.78
"CII",142106,"/Date(1701242501000)/",17150,2000,5595500,95545000000,300,true,1.78
"CII",142106,"/Date(1701242501000)/",17150,300,5593500,95510000000,300,true,1.78
"CII",142106,"/Date(1701242501000)/",17150,2000,5593200,95505000000,300,true,1.78
"CII",142106,"/Date(1701242501000)/",17150,300,5591200,95471000000,300,true,1.78
"CII",142106,"/Date(1701242501000)/",17150,400,5590900,95466000000,300,true,1.78
"CII",142106,"/Date(1701242501000)/",17150,200,5590500,95459000000,300,true,1.78
"CII",142106,"/Date(1701242501000)/",17150,700,5590300,95456000000,300,true,1.78
"CII",142106,"/Date(1701242501000)/",17150,100,5589600,95444000000,300,true,1.78
"CII",142106,"/Date(1701242501000)/",17150,500,5589500,95442000000,300,true,1.78
"CII",142103,"/Date(1701242498000)/",17150,1000,5589000,95433000000,300,false,1.78
"CII",142103,"/Date(1701242498000)/",17150,1000,5588000,95416000000,300,false,1.78
"CII",142103,"/Date(1701242498000)/",17150,200,5587000,95399000000,300,false,1.78
"CII",142103,"/Date(1701242498000)/",17150,1200,5586800,95396000000,300,false,1.78
"CII",142103,"/Date(1701242498000)/",17150,6000,5585600,95375000000,300,false,1.78
"CII",142103,"/Date(1701242498000)/",17150,1200,5579600,95272000000,300,false,1.78
"CII",142103,"/Date(1701242498000)/",17150,300,5578400,95251000000,300,false,1.78
"CII",142103,"/Date(1701242498000)/",17150,6200,5578100,95246000000,300,false,1.78
"CII",142103,"/Date(1701242498000)/",17150,2000,5571900,95140000000,300,false,1.78
"CII",142103,"/Date(1701242498000)/",17150,900,5569900,95106000000,300,false,1.78
"CII",142057,"/Date(1701242492000)/",17150,600,5569000,95090000000,300,false,1.78
"CII",142057,"/Date(1701242492000)/",17150,1000,5568400,95080000000,300,false,1.78
"CII",142057,"/Date(1701242492000)/",17150,2000,5567400,95063000000,300,false,1.78
"CII",142057,"/Date(1701242492000)/",17150,9000,5565400,95029000000,300,false,1.78
"CII",142057,"/Date(1701242492000)/",17150,1000,5556400,94874000000,300,false,1.78
"CII",142057,"/Date(1701242492000)/",17150,4000,5555400,94857000000,300,false,1.78
"CII",142057,"/Date(1701242492000)/",17150,1000,5551400,94788000000,300,false,1.78
"CII",142057,"/Date(1701242492000)/",17150,3000,5550400,94771000000,300,false,1.78
"CII",142057,"/Date(1701242492000)/",17150,1000,5547400,94720000000,300,false,1.78
"CII",142057,"/Date(1701242492000)/",17150,10000,5546400,94703000000,300,false,1.78
"CII",142057,"/Date(1701242492000)/",17150,4700,5536400,94531000000,300,false,1.78
"CII",142057,"/Date(1701242492000)/",17150,5000,5531700,94451000000,300,false,1.78
"CII",142057,"/Date(1701242492000)/",17150,5000,5526700,94365000000,300,false,1.78
"CII",142057,"/Date(1701242492000)/",17150,100,5521700,94279000000,300,false,1.78
"CII",142057,"/Date(1701242492000)/",17150,100,5521600,94277000000,300,false,1.78
"CII",142057,"/Date(1701242492000)/",17150,2500,5521500,94276000000,300,false,1.78
"CII",142047,"/Date(1701242482000)/",17100,200,5519000,94233000000,250,true,1.48
"CII",142047,"/Date(1701242481000)/",17150,1000,5518800,94229000000,300,false,1.78
"CII",142041,"/Date(1701242476000)/",17150,1000,5517800,94212000000,300,false,1.78
"CII",142041,"/Date(1701242475000)/",17150,100,5516800,94195000000,300,false,1.78
"CII",142034,"/Date(1701242471000)/",17150,100,5516700,94193000000,300,false,1.78
"CII",142025,"/Date(1701242459000)/",17150,600,5516600,94192000000,300,false,1.78
"CII",142025,"/Date(1701242458000)/",17150,1000,5516000,94181000000,300,false,1.78
"CII",142015,"/Date(1701242452000)/",17100,700,5515000,94164000000,250,true,1.48
"CII",142015,"/Date(1701242450000)/",17150,2400,5514300,94152000000,300,false,1.78
"CII",141946,"/Date(1701242422000)/",17150,1300,5511900,94111000000,300,false,1.78
"CII",141946,"/Date(1701242422000)/",17150,100,5510600,94089000000,300,false,1.78
"CII",141946,"/Date(1701242422000)/",17150,100,5510500,94087000000,300,false,1.78
"CII",141946,"/Date(1701242422000)/",17150,1000,5510400,94085000000,300,false,1.78
"CII",141946,"/Date(1701242422000)/",17150,200,5509400,94068000000,300,false,1.78
"CII",141946,"/Date(1701242422000)/",17150,2000,5509200,94065000000,300,false,1.78
"CII",141946,"/Date(1701242422000)/",17150,300,5507200,94030000000,300,false,1.78
"CII",141946,"/Date(1701242422000)/",17150,200,5506900,94025000000,300,false,1.78
"CII",141927,"/Date(1701242403000)/",17150,100,5506700,94022000000,300,false,1.78
"CII",141924,"/Date(1701242399000)/",17150,100,5506600,94020000000,300,false,1.78
"CII",141924,"/Date(1701242399000)/",17150,400,5506500,94018000000,300,false,1.78
"CII",141918,"/Date(1701242393000)/",17100,200,5506100,94012000000,250,true,1.48
"CII",141915,"/Date(1701242390000)/",17150,300,5505900,94008000000,300,false,1.78
"CII",141905,"/Date(1701242379000)/",17150,1000,5505600,94003000000,300,false,1.78
"CII",141902,"/Date(1701242376000)/",17100,500,5504600,93986000000,250,true,1.48
"CII",141859,"/Date(1701242374000)/",17150,1300,5504100,93977000000,300,false,1.78
"CII",141859,"/Date(1701242374000)/",17150,200,5502800,93955000000,300,false,1.78
"CII",141859,"/Date(1701242374000)/",17150,100,5502600,93952000000,300,false,1.78
"CII",141859,"/Date(1701242374000)/",17150,900,5502500,93950000000,300,false,1.78
"CII",141859,"/Date(1701242374000)/",17150,100,5501600,93934000000,300,false,1.78
"CII",141859,"/Date(1701242374000)/",17150,2000,5501500,93933000000,300,false,1.78
"CII",141855,"/Date(1701242370000)/",17150,1000,5499500,93898000000,300,false,1.78
"CII",141846,"/Date(1701242361000)/",17150,300,5498500,93881000000,300,false,1.78
"CII",141846,"/Date(1701242360000)/",17150,700,5498200,93876000000,300,false,1.78
"CII",141846,"/Date(1701242360000)/",17150,100,5497500,93864000000,300,false,1.78
"CII",141846,"/Date(1701242360000)/",17150,3900,5497400,93862000000,300,false,1.78
"CII",141846,"/Date(1701242360000)/",17150,300,5493500,93796000000,300,false,1.78
"CII",141836,"/Date(1701242352000)/",17100,500,5493200,93790000000,250,true,1.48
"CII",141833,"/Date(1701242349000)/",17150,200,5492700,93782000000,300,false,1.78
"CII",141830,"/Date(1701242344000)/",17150,500,5492500,93778000000,300,false,1.78
"CII",141830,"/Date(1701242344000)/",17150,100,5492000,93770000000,300,false,1.78
"CII",141830,"/Date(1701242344000)/",17150,1400,5491900,93768000000,300,false,1.78
"CII",141827,"/Date(1701242342000)/",17150,1200,5490500,93744000000,300,false,1.78
"CII",141820,"/Date(1701242337000)/",17150,2000,5489300,93724000000,300,false,1.78
"CII",141820,"/Date(1701242336000)/",17150,100,5487300,93689000000,300,false,1.78
"CII",141814,"/Date(1701242330000)/",17100,2000,5487200,93688000000,250,true,1.48
"CII",141814,"/Date(1701242329000)/",17150,100,5485200,93653000000,300,false,1.78
"CII",141808,"/Date(1701242323000)/",17150,500,5485100,93652000000,300,false,1.78
"CII",141755,"/Date(1701242311000)/",17150,400,5484600,93643000000,300,false,1.78
"CII",141748,"/Date(1701242302000)/",17100,12100,5484200,93636000000,250,true,1.48
"CII",141748,"/Date(1701242302000)/",17100,600,5472100,93429000000,250,true,1.48
"CII",141748,"/Date(1701242302000)/",17100,200,5471500,93419000000,250,true,1.48
"CII",141748,"/Date(1701242302000)/",17100,300,5471300,93416000000,250,true,1.48
"CII",141748,"/Date(1701242302000)/",17100,200,5471000,93410000000,250,true,1.48
"CII",141745,"/Date(1701242301000)/",17150,1100,5470800,93407000000,300,false,1.78
"CII",141732,"/Date(1701242288000)/",17100,200,5469700,93388000000,250,true,1.48
"CII",141732,"/Date(1701242288000)/",17150,2500,5469500,93385000000,300,false,1.78
"CII",141710,"/Date(1701242264000)/",17150,9300,5467000,93342000000,300,false,1.78
"CII",141710,"/Date(1701242264000)/",17150,100,5457700,93182000000,300,false,1.78
"CII",141710,"/Date(1701242263000)/",17150,4900,5457600,93181000000,300,false,1.78
"CII",141710,"/Date(1701242263000)/",17150,200,5452700,93097000000,300,false,1.78
"CII",141710,"/Date(1701242263000)/",17150,5000,5452500,93093000000,300,false,1.78
"CII",141710,"/Date(1701242263000)/",17150,5500,5447500,93007000000,300,false,1.78
"CII",141710,"/Date(1701242263000)/",17150,5000,5442000,92913000000,300,false,1.78
"CII",141710,"/Date(1701242263000)/",17150,2000,5437000,92827000000,300,false,1.78
"CII",141710,"/Date(1701242263000)/",17150,2000,5435000,92793000000,300,false,1.78
"CII",141710,"/Date(1701242263000)/",17150,17400,5433000,92759000000,300,false,1.78
"CII",141701,"/Date(1701242257000)/",17150,2000,5415600,92460000000,300,false,1.78
"CII",141651,"/Date(1701242246000)/",17150,500,5413600,92426000000,300,false,1.78
"CII",141648,"/Date(1701242243000)/",17150,1000,5413100,92417000000,300,false,1.78
"CII",141645,"/Date(1701242241000)/",17100,500,5412100,92400000000,250,true,1.48
"CII",141641,"/Date(1701242235000)/",17150,500,5411600,92392000000,300,false,1.78
"CII",141638,"/Date(1701242232000)/",17150,1000,5411100,92383000000,300,false,1.78
"CII",141629,"/Date(1701242222000)/",17150,27600,5410100,92366000000,300,false,1.78
"CII",141629,"/Date(1701242222000)/",17150,5000,5382500,91893000000,300,false,1.78
"CII",141629,"/Date(1701242222000)/",17150,500,5377500,91807000000,300,false,1.78
"CII",141629,"/Date(1701242222000)/",17150,1000,5377000,91798000000,300,false,1.78
"CII",141629,"/Date(1701242222000)/",17150,700,5376000,91781000000,300,false,1.78
"CII",141629,"/Date(1701242222000)/",17150,1000,5375300,91769000000,300,false,1.78
"CII",141629,"/Date(1701242222000)/",17150,5400,5374300,91752000000,300,false,1.78
"CII",141629,"/Date(1701242222000)/",17150,500,5368900,91659000000,300,false,1.78
"CII",141629,"/Date(1701242222000)/",17150,2000,5368400,91651000000,300,false,1.78
"CII",141629,"/Date(1701242222000)/",17150,5000,5366400,91617000000,300,false,1.78
"CII",141629,"/Date(1701242222000)/",17150,100,5361400,91531000000,300,false,1.78
"CII",141629,"/Date(1701242222000)/",17150,1200,5361300,91529000000,300,false,1.78
"CII",141629,"/Date(1701242222000)/",17100,1000,5360100,91509000000,250,true,1.48
"CII",141619,"/Date(1701242213000)/",17150,2000,5359100,91491000000,300,false,1.78
"CII",141613,"/Date(1701242207000)/",17100,700,5357100,91457000000,250,true,1.48
"CII",141553,"/Date(1701242187000)/",17100,1400,5356400,91445000000,250,true,1.48
"CII",141553,"/Date(1701242187000)/",17100,100,5355000,91421000000,250,true,1.48
"CII",141553,"/Date(1701242187000)/",17100,1000,5354900,91420000000,250,true,1.48
"CII",141553,"/Date(1701242187000)/",17100,2500,5353900,91402000000,250,true,1.48
"CII",141550,"/Date(1701242186000)/",17150,100,5351400,91360000000,300,false,1.78
"CII",141547,"/Date(1701242181000)/",17100,1500,5351300,91358000000,250,true,1.48
"CII",141547,"/Date(1701242181000)/",17100,500,5349800,91332000000,250,true,1.48
"CII",141541,"/Date(1701242176000)/",17100,400,5349300,91324000000,250,true,1.48
"CII",141538,"/Date(1701242173000)/",17150,1700,5348900,91317000000,300,false,1.78
"CII",141538,"/Date(1701242173000)/",17150,300,5347200,91288000000,300,false,1.78
"CII",141538,"/Date(1701242172000)/",17100,5000,5346900,91283000000,250,true,1.48
"CII",141538,"/Date(1701242172000)/",17150,500,5341900,91197000000,300,false,1.78
"CII",141522,"/Date(1701242157000)/",17150,200,5341400,91189000000,300,false,1.78
"CII",141522,"/Date(1701242157000)/",17150,100,5341200,91185000000,300,false,1.78
"CII",141522,"/Date(1701242157000)/",17150,200,5341100,91183000000,300,false,1.78
"CII",141518,"/Date(1701242152000)/",17100,100,5340900,91180000000,250,true,1.48
"CII",141515,"/Date(1701242149000)/",17100,500,5340800,91178000000,250,true,1.48
"CII",141512,"/Date(1701242147000)/",17150,700,5340300,91170000000,300,false,1.78
"CII",141512,"/Date(1701242146000)/",17100,4400,5339600,91158000000,250,true,1.48
"CII",141512,"/Date(1701242146000)/",17100,600,5335200,91082000000,250,true,1.48
"CII",141509,"/Date(1701242142000)/",17100,2000,5334600,91072000000,250,true,1.48
"CII",141502,"/Date(1701242138000)/",17150,1500,5332600,91038000000,300,false,1.78
"CII",141453,"/Date(1701242128000)/",17100,7400,5331100,91012000000,250,true,1.48
"CII",141453,"/Date(1701242128000)/",17100,500,5323700,90886000000,250,true,1.48
"CII",141453,"/Date(1701242128000)/",17100,5000,5323200,90877000000,250,true,1.48
"CII",141453,"/Date(1701242128000)/",17100,100,5318200,90792000000,250,true,1.48
"CII",141446,"/Date(1701242121000)/",17150,200,5318100,90790000000,300,false,1.78
"CII",141446,"/Date(1701242121000)/",17150,500,5317900,90787000000,300,false,1.78
"CII",141440,"/Date(1701242116000)/",17100,500,5317400,90778000000,250,true,1.48
"CII",141440,"/Date(1701242115000)/",17100,200,5316900,90769000000,250,true,1.48
"CII",141437,"/Date(1701242111000)/",17150,600,5316700,90766000000,300,false,1.78
"CII",141421,"/Date(1701242097000)/",17150,200,5316100,90756000000,300,false,1.78
"CII",141411,"/Date(1701242086000)/",17100,200,5315900,90752000000,250,true,1.48
"CII",141411,"/Date(1701242085000)/",17150,200,5315700,90749000000,300,false,1.78
"CII",141408,"/Date(1701242082000)/",17150,100,5315500,90745000000,300,false,1.78
"CII",141405,"/Date(1701242080000)/",17150,1600,5315400,90744000000,300,false,1.78
"CII",141405,"/Date(1701242080000)/",17150,300,5313800,90716000000,300,false,1.78
"CII",141402,"/Date(1701242077000)/",17150,100,5313500,90711000000,300,false,1.78
"CII",141359,"/Date(1701242074000)/",17150,100,5313400,90709000000,300,false,1.78
"CII",141359,"/Date(1701242074000)/",17150,100,5313300,90708000000,300,false,1.78
"CII",141359,"/Date(1701242074000)/",17150,200,5313200,90706000000,300,false,1.78
"CII",141359,"/Date(1701242074000)/",17150,300,5313000,90703000000,300,false,1.78
"CII",141359,"/Date(1701242074000)/",17150,200,5312700,90697000000,300,false,1.78
"CII",141359,"/Date(1701242072000)/",17150,2000,5312500,90694000000,300,false,1.78
"CII",141355,"/Date(1701242070000)/",17150,1000,5310500,90660000000,300,false,1.78
"CII",141352,"/Date(1701242067000)/",17150,1300,5309500,90643000000,300,false,1.78
"CII",141349,"/Date(1701242064000)/",17150,200,5308200,90620000000,300,false,1.78
"CII",141346,"/Date(1701242062000)/",17150,100,5308000,90617000000,300,false,1.78
"CII",141343,"/Date(1701242056000)/",17150,2000,5307900,90615000000,300,false,1.78
"CII",141339,"/Date(1701242055000)/",17150,300,5305900,90581000000,300,false,1.78
"CII",141327,"/Date(1701242041000)/",17150,3900,5305600,90576000000,300,false,1.78
"CII",141327,"/Date(1701242041000)/",17150,1000,5301700,90509000000,300,false,1.78
"CII",141317,"/Date(1701242032000)/",17150,100,5300700,90492000000,300,false,1.78
"CII",141317,"/Date(1701242032000)/",17150,500,5300600,90490000000,300,false,1.78
"CII",141314,"/Date(1701242029000)/",17150,200,5300100,90481000000,300,false,1.78
"CII",141314,"/Date(1701242029000)/",17150,500,5299900,90478000000,300,false,1.78
"CII",141314,"/Date(1701242026000)/",17150,4000,5299400,90469000000,300,false,1.78
"CII",141307,"/Date(1701242022000)/",17150,500,5295400,90401000000,300,false,1.78
"CII",141307,"/Date(1701242022000)/",17150,1000,5294900,90392000000,300,false,1.78
"CII",141301,"/Date(1701242016000)/",17150,100,5293900,90375000000,300,false,1.78
"CII",141258,"/Date(1701242013000)/",17150,500,5293800,90373000000,300,false,1.78
"CII",141258,"/Date(1701242012000)/",17150,600,5293300,90365000000,300,false,1.78
"CII",141255,"/Date(1701242010000)/",17150,200,5292700,90354000000,300,false,1.78
"CII",141251,"/Date(1701242005000)/",17150,1200,5292500,90351000000,300,false,1.78
"CII",141245,"/Date(1701242001000)/",17150,7400,5291300,90330000000,300,true,1.78
"CII",141245,"/Date(1701241998000)/",17150,300,5283900,90203000000,300,true,1.78
"CII",141245,"/Date(1701241998000)/",17150,200,5283600,90198000000,300,true,1.78
"CII",141245,"/Date(1701241998000)/",17150,1300,5283400,90195000000,300,true,1.78
"CII",141245,"/Date(1701241998000)/",17150,1000,5282100,90173000000,300,true,1.78
"CII",141245,"/Date(1701241998000)/",17150,1000,5281100,90155000000,300,true,1.78
"CII",141245,"/Date(1701241998000)/",17150,200,5280100,90138000000,300,true,1.78
"CII",141245,"/Date(1701241998000)/",17150,300,5279900,90135000000,300,true,1.78
"CII",141245,"/Date(1701241998000)/",17150,500,5279600,90130000000,300,true,1.78
"CII",141245,"/Date(1701241998000)/",17150,700,5279100,90121000000,300,true,1.78
"CII",141245,"/Date(1701241998000)/",17150,2000,5278400,90109000000,300,true,1.78
"CII",141245,"/Date(1701241998000)/",17150,1600,5276400,90075000000,300,true,1.78
"CII",141245,"/Date(1701241998000)/",17150,100,5274800,90047000000,300,true,1.78
"CII",141245,"/Date(1701241998000)/",17150,1000,5274700,90046000000,300,true,1.78
"CII",141245,"/Date(1701241998000)/",17150,5500,5273700,90029000000,300,true,1.78
"CII",141245,"/Date(1701241998000)/",17150,100,5268200,89934000000,300,true,1.78
"CII",141245,"/Date(1701241998000)/",17150,100,5268100,89933000000,300,true,1.78
"CII",141245,"/Date(1701241998000)/",17150,1000,5268000,89931000000,300,true,1.78
"CII",141245,"/Date(1701241998000)/",17150,200,5267000,89914000000,300,true,1.78
"CII",141245,"/Date(1701241998000)/",17150,5000,5266800,89910000000,300,true,1.78
"CII",141245,"/Date(1701241998000)/",17150,10000,5261800,89824000000,300,true,1.78
"CII",141245,"/Date(1701241998000)/",17150,600,5251800,89653000000,300,true,1.78
"CII",141245,"/Date(1701241998000)/",17150,500,5251200,89643000000,300,true,1.78
"CII",141245,"/Date(1701241998000)/",17150,1000,5250700,89634000000,300,true,1.78
"CII",141245,"/Date(1701241998000)/",17150,500,5249700,89617000000,300,true,1.78
"CII",141245,"/Date(1701241998000)/",17150,1000,5249200,89608000000,300,true,1.78
"CII",141245,"/Date(1701241998000)/",17150,400,5248200,89591000000,300,true,1.78
"CII",141245,"/Date(1701241998000)/",17150,1000,5247800,89584000000,300,true,1.78
"CII",141245,"/Date(1701241998000)/",17150,1000,5246800,89567000000,300,true,1.78
"CII",141245,"/Date(1701241998000)/",17150,1000,5245800,89550000000,300,true,1.78
"CII",141245,"/Date(1701241998000)/",17150,300,5244800,89533000000,300,true,1.78
"CII",141245,"/Date(1701241998000)/",17150,100,5244500,89528000000,300,true,1.78
"CII",141245,"/Date(1701241998000)/",17150,200,5244400,89526000000,300,true,1.78
"CII",141245,"/Date(1701241998000)/",17150,500,5244200,89523000000,300,true,1.78
"CII",141245,"/Date(1701241998000)/",17150,400,5243700,89514000000,300,true,1.78
"CII",141245,"/Date(1701241998000)/",17150,100,5243300,89507000000,300,true,1.78
"CII",141245,"/Date(1701241998000)/",17150,1000,5243200,89505000000,300,true,1.78
"CII",141245,"/Date(1701241998000)/",17150,5000,5242200,89488000000,300,true,1.78
"CII",141245,"/Date(1701241998000)/",17150,2500,5237200,89403000000,300,true,1.78
"CII",141245,"/Date(1701241998000)/",17150,5000,5234700,89360000000,300,true,1.78
"CII",141245,"/Date(1701241998000)/",17150,12900,5229700,89274000000,300,true,1.78
"CII",141245,"/Date(1701241998000)/",17150,3000,5216800,89053000000,300,true,1.78
"CII",141245,"/Date(1701241998000)/",17150,5000,5213800,89001000000,300,true,1.78
"CII",141245,"/Date(1701241998000)/",17150,2000,5208800,88916000000,300,true,1.78
"CII",141245,"/Date(1701241998000)/",17150,1000,5206800,88881000000,300,true,1.78
"CII",141245,"/Date(1701241998000)/",17150,2000,5205800,88864000000,300,true,1.78
"CII",141245,"/Date(1701241998000)/",17150,5000,5203800,88830000000,300,true,1.78
"CII",141245,"/Date(1701241998000)/",17150,100,5198800,88744000000,300,true,1.78
"CII",141245,"/Date(1701241998000)/",17150,600,5198700,88742000000,300,true,1.78
"CII",141245,"/Date(1701241998000)/",17150,5000,5198100,88732000000,300,true,1.78
"CII",141245,"/Date(1701241998000)/",17150,400,5193100,88646000000,300,true,1.78
"CII",141239,"/Date(1701241992000)/",17150,100,5192700,88639000000,300,true,1.78
"CII",141229,"/Date(1701241984000)/",17150,100,5192600,88638000000,300,true,1.78
"CII",141229,"/Date(1701241982000)/",17150,800,5192500,88636000000,300,true,1.78
"CII",141229,"/Date(1701241982000)/",17150,100,5191700,88622000000,300,true,1.78
"CII",141229,"/Date(1701241982000)/",17150,200,5191600,88621000000,300,true,1.78
"CII",141220,"/Date(1701241973000)/",17200,1000,5191400,88617000000,350,false,2.08
"CII",141207,"/Date(1701241961000)/",17200,500,5190400,88600000000,350,false,2.08
"CII",141204,"/Date(1701241960000)/",17200,1000,5189900,88591000000,350,false,2.08
"CII",141200,"/Date(1701241956000)/",17200,1000,5188900,88574000000,350,false,2.08
"CII",141157,"/Date(1701241952000)/",17200,1900,5187900,88557000000,350,false,2.08
"CII",141157,"/Date(1701241951000)/",17150,800,5186000,88524000000,300,true,1.78
"CII",141157,"/Date(1701241951000)/",17150,2000,5185200,88511000000,300,true,1.78
"CII",141157,"/Date(1701241951000)/",17150,5000,5183200,88476000000,300,true,1.78
"CII",141157,"/Date(1701241951000)/",17150,500,5178200,88390000000,300,true,1.78
"CII",141157,"/Date(1701241951000)/",17150,5000,5177700,88382000000,300,true,1.78
"CII",141157,"/Date(1701241951000)/",17150,1700,5172700,88296000000,300,true,1.78
"CII",141154,"/Date(1701241949000)/",17200,5000,5171000,88267000000,350,false,2.08
"CII",141154,"/Date(1701241948000)/",17200,100,5166000,88181000000,350,false,2.08
"CII",141151,"/Date(1701241945000)/",17200,4800,5165900,88179000000,350,false,2.08
"CII",141151,"/Date(1701241944000)/",17200,500,5161100,88097000000,350,false,2.08
"CII",141141,"/Date(1701241933000)/",17200,1000,5160600,88088000000,350,false,2.08
"CII",141141,"/Date(1701241932000)/",17150,100,5159600,88071000000,300,true,1.78
"CII",141141,"/Date(1701241927000)/",17200,100,5159500,88069000000,350,false,2.08
"CII",141129,"/Date(1701241924000)/",17200,300,5159400,88067000000,350,false,2.08
"CII",141125,"/Date(1701241920000)/",17150,1000,5159100,88062000000,300,true,1.78
"CII",141122,"/Date(1701241916000)/",17200,2000,5158100,88045000000,350,false,2.08
"CII",141122,"/Date(1701241915000)/",17200,1000,5156100,88011000000,350,false,2.08
"CII",141119,"/Date(1701241914000)/",17150,10000,5155100,87994000000,300,true,1.78
"CII",141119,"/Date(1701241913000)/",17150,2000,5145100,87822000000,300,true,1.78
"CII",141119,"/Date(1701241912000)/",17150,100,5143100,87788000000,300,true,1.78
"CII",141116,"/Date(1701241911000)/",17200,100,5143000,87786000000,350,false,2.08
"CII",141113,"/Date(1701241906000)/",17200,900,5142900,87784000000,350,false,2.08
"CII",141106,"/Date(1701241901000)/",17200,200,5142000,87769000000,350,false,2.08
"CII",141103,"/Date(1701241896000)/",17200,500,5141800,87765000000,350,false,2.08
"CII",141057,"/Date(1701241891000)/",17200,3500,5141300,87757000000,350,false,2.08
"CII",141057,"/Date(1701241890000)/",17200,300,5137800,87697000000,350,false,2.08
"CII",141047,"/Date(1701241882000)/",17200,500,5137500,87691000000,350,false,2.08
"CII",141041,"/Date(1701241876000)/",17200,2000,5137000,87683000000,350,false,2.08
"CII",141038,"/Date(1701241870000)/",17200,1000,5135000,87648000000,350,false,2.08
"CII",141034,"/Date(1701241869000)/",17200,1500,5134000,87631000000,350,false,2.08
"CII",141025,"/Date(1701241858000)/",17200,10000,5132500,87605000000,350,false,2.08
"CII",141018,"/Date(1701241853000)/",17200,300,5122500,87433000000,350,false,2.08
"CII",141015,"/Date(1701241850000)/",17200,1000,5122200,87428000000,350,false,2.08
"CII",141012,"/Date(1701241845000)/",17200,500,5121200,87411000000,350,false,2.08
"CII",141012,"/Date(1701241845000)/",17200,400,5120700,87402000000,350,false,2.08
"CII",141012,"/Date(1701241845000)/",17200,500,5120300,87396000000,350,false,2.08
"CII",141012,"/Date(1701241845000)/",17200,100,5119800,87387000000,350,false,2.08
"CII",141009,"/Date(1701241843000)/",17200,500,5119700,87385000000,350,false,2.08
"CII",141009,"/Date(1701241842000)/",17200,300,5119200,87377000000,350,false,2.08
"CII",141009,"/Date(1701241842000)/",17200,1000,5118900,87372000000,350,false,2.08
"CII",141009,"/Date(1701241842000)/",17200,300,5117900,87354000000,350,false,2.08
"CII",141009,"/Date(1701241842000)/",17200,400,5117600,87349000000,350,false,2.08
"CII",141009,"/Date(1701241842000)/",17200,1000,5117200,87342000000,350,false,2.08
"CII",141002,"/Date(1701241837000)/",17200,400,5116200,87325000000,350,false,2.08
"CII",141002,"/Date(1701241837000)/",17200,100,5115800,87318000000,350,false,2.08
"CII",140959,"/Date(1701241833000)/",17200,900,5115700,87316000000,350,false,2.08
"CII",140959,"/Date(1701241833000)/",17200,100,5114800,87301000000,350,false,2.08
"CII",140959,"/Date(1701241832000)/",17200,2000,5114700,87299000000,350,false,2.08
"CII",140946,"/Date(1701241819000)/",17200,1000,5112700,87265000000,350,false,2.08
"CII",140943,"/Date(1701241818000)/",17200,500,5111700,87248000000,350,false,2.08
"CII",140943,"/Date(1701241817000)/",17200,1500,5111200,87239000000,350,false,2.08
"CII",140943,"/Date(1701241817000)/",17200,500,5109700,87213000000,350,false,2.08
"CII",140940,"/Date(1701241814000)/",17200,1400,5109200,87205000000,350,false,2.08
"CII",140934,"/Date(1701241806000)/",17200,100,5107800,87181000000,350,false,2.08
"CII",140934,"/Date(1701241806000)/",17200,100,5107700,87179000000,350,false,2.08
"CII",140934,"/Date(1701241806000)/",17200,100,5107600,87177000000,350,false,2.08
"CII",140934,"/Date(1701241806000)/",17200,1000,5107500,87175000000,350,false,2.08
"CII",140934,"/Date(1701241806000)/",17200,1600,5106500,87158000000,350,false,2.08
"CII",140934,"/Date(1701241806000)/",17200,1800,5104900,87131000000,350,false,2.08
"CII",140934,"/Date(1701241806000)/",17200,200,5103100,87100000000,350,false,2.08
"CII",140934,"/Date(1701241806000)/",17200,100,5102900,87096000000,350,false,2.08
"CII",140934,"/Date(1701241806000)/",17200,200,5102800,87095000000,350,false,2.08
"CII",140934,"/Date(1701241806000)/",17200,200,5102600,87091000000,350,false,2.08
"CII",140934,"/Date(1701241806000)/",17200,5000,5102400,87088000000,350,false,2.08
"CII",140934,"/Date(1701241806000)/",17200,3500,5097400,87002000000,350,false,2.08
"CII",140934,"/Date(1701241806000)/",17200,300,5093900,86942000000,350,false,2.08
"CII",140934,"/Date(1701241806000)/",17200,500,5093600,86936000000,350,false,2.08
"CII",140934,"/Date(1701241806000)/",17200,200,5093100,86928000000,350,false,2.08
"CII",140934,"/Date(1701241806000)/",17200,2000,5092900,86924000000,350,false,2.08
"CII",140934,"/Date(1701241806000)/",17200,500,5090900,86890000000,350,false,2.08
"CII",140934,"/Date(1701241806000)/",17200,200,5090400,86881000000,350,false,2.08
"CII",140934,"/Date(1701241806000)/",17200,1000,5090200,86878000000,350,false,2.08
"CII",140934,"/Date(1701241806000)/",17200,100,5089200,86861000000,350,false,2.08
"CII",140934,"/Date(1701241806000)/",17200,1300,5089100,86859000000,350,false,2.08
"CII",140930,"/Date(1701241805000)/",17200,2000,5087800,86837000000,350,false,2.08
"CII",140930,"/Date(1701241803000)/",17200,4700,5085800,86802000000,350,false,2.08
"CII",140930,"/Date(1701241803000)/",17200,200,5081100,86721000000,350,false,2.08
"CII",140930,"/Date(1701241803000)/",17200,300,5080900,86718000000,350,false,2.08
"CII",140930,"/Date(1701241803000)/",17200,200,5080600,86713000000,350,false,2.08
"CII",140930,"/Date(1701241803000)/",17200,400,5080400,86709000000,350,false,2.08
"CII",140930,"/Date(1701241803000)/",17200,100,5080000,86702000000,350,false,2.08
"CII",140930,"/Date(1701241803000)/",17200,200,5079900,86701000000,350,false,2.08
"CII",140930,"/Date(1701241803000)/",17200,1500,5079700,86697000000,350,false,2.08
"CII",140930,"/Date(1701241803000)/",17200,500,5078200,86671000000,350,false,2.08
"CII",140930,"/Date(1701241803000)/",17200,200,5077700,86663000000,350,false,2.08
"CII",140930,"/Date(1701241803000)/",17200,10000,5077500,86659000000,350,false,2.08
"CII",140930,"/Date(1701241803000)/",17200,1700,5067500,86487000000,350,false,2.08
"CII",140927,"/Date(1701241802000)/",17200,200,5065800,86458000000,350,false,2.08
"CII",140927,"/Date(1701241800000)/",17200,800,5065600,86455000000,350,false,2.08
"CII",140924,"/Date(1701241799000)/",17200,800,5064800,86441000000,350,false,2.08
"CII",140924,"/Date(1701241799000)/",17200,500,5064000,86427000000,350,false,2.08
"CII",140924,"/Date(1701241799000)/",17200,3700,5063500,86419000000,350,false,2.08
"CII",140924,"/Date(1701241796000)/",17200,1300,5059800,86355000000,350,false,2.08
"CII",140924,"/Date(1701241796000)/",17200,400,5058500,86333000000,350,false,2.08
"CII",140924,"/Date(1701241796000)/",17200,200,5058100,86326000000,350,false,2.08
"CII",140924,"/Date(1701241796000)/",17200,500,5057900,86322000000,350,false,2.08
"CII",140924,"/Date(1701241796000)/",17200,400,5057400,86314000000,350,false,2.08
"CII",140924,"/Date(1701241796000)/",17200,5000,5057000,86307000000,350,false,2.08
"CII",140924,"/Date(1701241796000)/",17200,2000,5052000,86221000000,350,false,2.08
"CII",140924,"/Date(1701241796000)/",17200,100,5050000,86186000000,350,false,2.08
"CII",140924,"/Date(1701241796000)/",17200,1000,5049900,86185000000,350,false,2.08
"CII",140924,"/Date(1701241796000)/",17200,200,5048900,86168000000,350,false,2.08
"CII",140924,"/Date(1701241796000)/",17200,500,5048700,86164000000,350,false,2.08
"CII",140924,"/Date(1701241796000)/",17200,100,5048200,86155000000,350,false,2.08
"CII",140924,"/Date(1701241796000)/",17200,200,5048100,86154000000,350,false,2.08
"CII",140924,"/Date(1701241796000)/",17200,1000,5047900,86150000000,350,false,2.08
"CII",140924,"/Date(1701241796000)/",17200,500,5046900,86133000000,350,false,2.08
"CII",140924,"/Date(1701241796000)/",17200,500,5046400,86125000000,350,false,2.08
"CII",140924,"/Date(1701241796000)/",17200,4500,5045900,86116000000,350,false,2.08
"CII",140924,"/Date(1701241796000)/",17200,200,5041400,86039000000,350,false,2.08
"CII",140924,"/Date(1701241796000)/",17200,300,5041200,86035000000,350,false,2.08
"CII",140921,"/Date(1701241796000)/",17200,200,5040900,86030000000,350,false,2.08
"CII",140921,"/Date(1701241796000)/",17200,100,5040700,86026000000,350,false,2.08
"CII",140921,"/Date(1701241796000)/",17200,200,5040600,86025000000,350,false,2.08
"CII",140921,"/Date(1701241796000)/",17200,200,5040400,86021000000,350,false,2.08
"CII",140921,"/Date(1701241796000)/",17200,400,5040200,86018000000,350,false,2.08
"CII",140921,"/Date(1701241795000)/",17200,600,5039800,86011000000,350,false,2.08
"CII",140921,"/Date(1701241795000)/",17200,600,5039200,86001000000,350,false,2.08
"CII",140921,"/Date(1701241794000)/",17200,400,5038600,85990000000,350,false,2.08
"CII",140921,"/Date(1701241794000)/",17200,100,5038200,85983000000,350,false,2.08
"CII",140918,"/Date(1701241792000)/",17200,500,5038100,85982000000,350,false,2.08
"CII",140918,"/Date(1701241792000)/",17200,500,5037600,85973000000,350,false,2.08
"CII",140918,"/Date(1701241792000)/",17200,2000,5037100,85965000000,350,false,2.08
"CII",140915,"/Date(1701241787000)/",17200,10000,5035100,85930000000,350,false,2.08
"CII",140911,"/Date(1701241786000)/",17200,2000,5025100,85758000000,350,false,2.08
"CII",140911,"/Date(1701241786000)/",17200,2000,5023100,85724000000,350,false,2.08
"CII",140908,"/Date(1701241783000)/",17200,500,5021100,85689000000,350,false,2.08
"CII",140908,"/Date(1701241781000)/",17200,2500,5020600,85681000000,350,false,2.08
"CII",140902,"/Date(1701241775000)/",17200,2000,5018100,85638000000,350,false,2.08
"CII",140852,"/Date(1701241768000)/",17200,100,5016100,85603000000,350,false,2.08
"CII",140849,"/Date(1701241764000)/",17200,500,5016000,85602000000,350,false,2.08
"CII",140849,"/Date(1701241762000)/",17200,500,5015500,85593000000,350,false,2.08
"CII",140846,"/Date(1701241758000)/",17200,2500,5015000,85584000000,350,false,2.08
"CII",140839,"/Date(1701241753000)/",17150,100,5012500,85541000000,300,true,1.78
"CII",140833,"/Date(1701241747000)/",17150,2000,5012400,85540000000,300,true,1.78
"CII",140830,"/Date(1701241745000)/",17200,1000,5010400,85505000000,350,false,2.08
"CII",140830,"/Date(1701241744000)/",17200,1000,5009400,85488000000,350,false,2.08
"CII",140827,"/Date(1701241741000)/",17200,2000,5008400,85471000000,350,false,2.08
"CII",140827,"/Date(1701241741000)/",17200,900,5006400,85437000000,350,false,2.08
"CII",140827,"/Date(1701241741000)/",17200,1000,5005500,85421000000,350,false,2.08
"CII",140827,"/Date(1701241741000)/",17200,1000,5004500,85404000000,350,false,2.08
"CII",140827,"/Date(1701241741000)/",17200,100,5003500,85387000000,350,false,2.08
"CII",140820,"/Date(1701241734000)/",17200,100,5003400,85385000000,350,false,2.08
"CII",140820,"/Date(1701241733000)/",17200,100,5003300,85383000000,350,false,2.08
"CII",140817,"/Date(1701241731000)/",17200,100,5003200,85382000000,350,false,2.08
"CII",140817,"/Date(1701241731000)/",17200,400,5003100,85380000000,350,false,2.08
"CII",140807,"/Date(1701241723000)/",17200,2600,5002700,85373000000,350,false,2.08
"CII",140807,"/Date(1701241723000)/",17200,18000,5000100,85328000000,350,false,2.08
"CII",140807,"/Date(1701241723000)/",17200,1000,4982100,85019000000,350,false,2.08
"CII",140807,"/Date(1701241723000)/",17200,1000,4981100,85001000000,350,false,2.08
"CII",140807,"/Date(1701241723000)/",17200,100,4980100,84984000000,350,false,2.08
"CII",140807,"/Date(1701241723000)/",17200,100,4980000,84983000000,350,false,2.08
"CII",140807,"/Date(1701241723000)/",17200,1000,4979900,84981000000,350,false,2.08
"CII",140807,"/Date(1701241723000)/",17200,6200,4978900,84964000000,350,false,2.08
"CII",140807,"/Date(1701241721000)/",17200,100,4972700,84857000000,350,false,2.08
"CII",140804,"/Date(1701241720000)/",17200,400,4972600,84855000000,350,false,2.08
"CII",140804,"/Date(1701241719000)/",17200,5000,4972200,84848000000,350,false,2.08
"CII",140748,"/Date(1701241701000)/",17150,3000,4967200,84762000000,300,true,1.78
"CII",140745,"/Date(1701241701000)/",17150,200,4964200,84711000000,300,false,1.78
"CII",140745,"/Date(1701241700000)/",17150,100,4964000,84708000000,300,false,1.78
"CII",140745,"/Date(1701241699000)/",17150,1500,4963900,84706000000,300,false,1.78
"CII",140745,"/Date(1701241699000)/",17150,100,4962400,84680000000,300,false,1.78
"CII",140745,"/Date(1701241699000)/",17150,100,4962300,84678000000,300,false,1.78
"CII",140745,"/Date(1701241699000)/",17150,300,4962200,84677000000,300,false,1.78
"CII",140745,"/Date(1701241698000)/",17150,200,4961900,84671000000,300,false,1.78
"CII",140742,"/Date(1701241697000)/",17150,10000,4961700,84668000000,300,false,1.78
"CII",140742,"/Date(1701241696000)/",17150,2000,4951700,84497000000,300,false,1.78
"CII",140739,"/Date(1701241691000)/",17150,500,4949700,84462000000,300,false,1.78
"CII",140736,"/Date(1701241689000)/",17150,1400,4949200,84454000000,300,false,1.78
"CII",140736,"/Date(1701241689000)/",17150,1000,4947800,84430000000,300,false,1.78
"CII",140736,"/Date(1701241689000)/",17150,2000,4946800,84413000000,300,false,1.78
"CII",140736,"/Date(1701241689000)/",17150,1000,4944800,84378000000,300,false,1.78
"CII",140736,"/Date(1701241689000)/",17150,400,4943800,84361000000,300,false,1.78
"CII",140736,"/Date(1701241689000)/",17150,100,4943400,84354000000,300,false,1.78
"CII",140736,"/Date(1701241689000)/",17150,800,4943300,84353000000,300,false,1.78
"CII",140736,"/Date(1701241689000)/",17150,3000,4942500,84339000000,300,false,1.78
"CII",140736,"/Date(1701241689000)/",17150,300,4939500,84287000000,300,false,1.78
"CII",140732,"/Date(1701241687000)/",17150,200,4939200,84282000000,300,false,1.78
"CII",140732,"/Date(1701241687000)/",17150,300,4939000,84279000000,300,false,1.78
"CII",140732,"/Date(1701241687000)/",17150,500,4938700,84274000000,300,false,1.78
"CII",140732,"/Date(1701241687000)/",17150,300,4938200,84265000000,300,false,1.78
"CII",140732,"/Date(1701241687000)/",17150,300,4937900,84260000000,300,false,1.78
"CII",140732,"/Date(1701241687000)/",17150,400,4937600,84255000000,300,false,1.78
"CII",140729,"/Date(1701241685000)/",17150,2600,4937200,84248000000,300,false,1.78
"CII",140729,"/Date(1701241685000)/",17150,1700,4934600,84203000000,300,false,1.78
"CII",140729,"/Date(1701241685000)/",17150,20000,4932900,84174000000,300,false,1.78
"CII",140729,"/Date(1701241685000)/",17150,1000,4912900,83831000000,300,false,1.78
"CII",140729,"/Date(1701241685000)/",17150,2000,4911900,83814000000,300,false,1.78
"CII",140729,"/Date(1701241685000)/",17150,10000,4909900,83780000000,300,false,1.78
"CII",140729,"/Date(1701241685000)/",17150,200,4899900,83608000000,300,false,1.78
"CII",140729,"/Date(1701241685000)/",17150,1000,4899700,83605000000,300,false,1.78
"CII",140729,"/Date(1701241685000)/",17150,1000,4898700,83588000000,300,false,1.78
"CII",140729,"/Date(1701241685000)/",17150,1000,4897700,83570000000,300,false,1.78
"CII",140729,"/Date(1701241685000)/",17150,3000,4896700,83553000000,300,false,1.78
"CII",140729,"/Date(1701241685000)/",17150,100,4893700,83502000000,300,false,1.78
"CII",140729,"/Date(1701241685000)/",17150,10000,4893600,83500000000,300,false,1.78
"CII",140729,"/Date(1701241685000)/",17150,100,4883600,83329000000,300,false,1.78
"CII",140729,"/Date(1701241685000)/",17150,200,4883500,83327000000,300,false,1.78
"CII",140729,"/Date(1701241685000)/",17150,100,4883300,83324000000,300,false,1.78
"CII",140729,"/Date(1701241685000)/",17150,5000,4883200,83322000000,300,false,1.78
"CII",140729,"/Date(1701241685000)/",17150,2000,4878200,83236000000,300,false,1.78
"CII",140729,"/Date(1701241685000)/",17150,500,4876200,83202000000,300,false,1.78
"CII",140729,"/Date(1701241685000)/",17150,1500,4875700,83193000000,300,false,1.78
"CII",140729,"/Date(1701241685000)/",17150,3000,4874200,83167000000,300,false,1.78
"CII",140729,"/Date(1701241685000)/",17150,100,4871200,83116000000,300,false,1.78
"CII",140729,"/Date(1701241685000)/",17150,100,4871100,83114000000,300,false,1.78
"CII",140729,"/Date(1701241685000)/",17150,2000,4871000,83113000000,300,false,1.78
"CII",140729,"/Date(1701241685000)/",17150,100,4869000,83078000000,300,false,1.78
"CII",140729,"/Date(1701241685000)/",17150,10000,4868900,83077000000,300,false,1.78
"CII",140729,"/Date(1701241685000)/",17150,2000,4858900,82905000000,300,false,1.78
"CII",140729,"/Date(1701241685000)/",17150,1000,4856900,82871000000,300,false,1.78
"CII",140729,"/Date(1701241685000)/",17150,200,4855900,82854000000,300,false,1.78
"CII",140729,"/Date(1701241685000)/",17150,400,4855700,82850000000,300,false,1.78
"CII",140729,"/Date(1701241685000)/",17150,2000,4855300,82843000000,300,false,1.78
"CII",140729,"/Date(1701241685000)/",17150,3000,4853300,82809000000,300,false,1.78
"CII",140729,"/Date(1701241685000)/",17150,300,4850300,82758000000,300,false,1.78
"CII",140729,"/Date(1701241685000)/",17150,5000,4850000,82752000000,300,false,1.78
"CII",140729,"/Date(1701241685000)/",17150,1000,4845000,82667000000,300,false,1.78
"CII",140729,"/Date(1701241685000)/",17150,6800,4844000,82650000000,300,false,1.78
"CII",140729,"/Date(1701241684000)/",17100,1600,4837200,82533000000,250,true,1.48
"CII",140729,"/Date(1701241684000)/",17100,2000,4835600,82506000000,250,true,1.48
"CII",140729,"/Date(1701241684000)/",17100,300,4833600,82471000000,250,true,1.48
"CII",140729,"/Date(1701241684000)/",17100,1100,4833300,82466000000,250,true,1.48
"CII",140729,"/Date(1701241682000)/",17150,1000,4832200,82447000000,300,false,1.78
"CII",140716,"/Date(1701241671000)/",17150,1000,4831200,82430000000,300,false,1.78
"CII",140713,"/Date(1701241666000)/",17150,5000,4830200,82413000000,300,false,1.78
"CII",140704,"/Date(1701241656000)/",17150,500,4825200,82327000000,300,false,1.78
"CII",140657,"/Date(1701241650000)/",17150,6000,4824700,82319000000,300,false,1.78
"CII",140654,"/Date(1701241648000)/",17150,2000,4818700,82216000000,300,false,1.78
"CII",140648,"/Date(1701241641000)/",17150,20000,4816700,82182000000,300,false,1.78
"CII",140641,"/Date(1701241635000)/",17150,2000,4796700,81839000000,300,false,1.78
"CII",140632,"/Date(1701241626000)/",17100,300,4794700,81804000000,250,true,1.48
"CII",140625,"/Date(1701241619000)/",17150,1200,4794400,81799000000,300,false,1.78
"CII",140622,"/Date(1701241617000)/",17150,1000,4793200,81779000000,300,false,1.78
"CII",140609,"/Date(1701241603000)/",17150,4000,4792200,81761000000,300,false,1.78
"CII",140606,"/Date(1701241599000)/",17150,100,4788200,81693000000,300,false,1.78
"CII",140557,"/Date(1701241590000)/",17150,3000,4788100,81691000000,300,false,1.78
"CII",140531,"/Date(1701241565000)/",17100,5600,4785100,81640000000,250,true,1.48
"CII",140531,"/Date(1701241565000)/",17100,2000,4779500,81544000000,250,true,1.48
"CII",140531,"/Date(1701241565000)/",17100,100,4777500,81510000000,250,true,1.48
"CII",140531,"/Date(1701241565000)/",17100,1000,4777400,81508000000,250,true,1.48
"CII",140531,"/Date(1701241565000)/",17100,500,4776400,81491000000,250,true,1.48
"CII",140531,"/Date(1701241565000)/",17100,800,4775900,81482000000,250,true,1.48
"CII",140531,"/Date(1701241565000)/",17100,5500,4775100,81469000000,250,true,1.48
"CII",140531,"/Date(1701241565000)/",17100,4500,4769600,81375000000,250,true,1.48
"CII",140522,"/Date(1701241556000)/",17150,100,4765100,81298000000,300,false,1.78
"CII",140515,"/Date(1701241549000)/",17100,500,4765000,81296000000,250,true,1.48
"CII",140515,"/Date(1701241549000)/",17100,1000,4764500,81287000000,250,true,1.48
"CII",140515,"/Date(1701241549000)/",17100,500,4763500,81270000000,250,true,1.48
"CII",140515,"/Date(1701241549000)/",17100,500,4763000,81262000000,250,true,1.48
"CII",140515,"/Date(1701241549000)/",17100,7500,4762500,81253000000,250,true,1.48
"CII",140502,"/Date(1701241536000)/",17150,300,4755000,81125000000,300,false,1.78
"CII",140443,"/Date(1701241517000)/",17100,500,4754700,81120000000,250,true,1.48
"CII",140443,"/Date(1701241517000)/",17100,500,4754200,81111000000,250,true,1.48
"CII",140437,"/Date(1701241512000)/",17150,500,4753700,81103000000,300,false,1.78
"CII",140437,"/Date(1701241511000)/",17150,2000,4753200,81094000000,300,false,1.78
"CII",140427,"/Date(1701241500000)/",17050,900,4751200,81060000000,200,true,1.19
"CII",140427,"/Date(1701241500000)/",17050,6300,4750300,81044000000,200,true,1.19
"CII",140427,"/Date(1701241500000)/",17100,400,4744000,80937000000,250,true,1.48
"CII",140427,"/Date(1701241500000)/",17100,100,4743600,80930000000,250,true,1.48
"CII",140427,"/Date(1701241500000)/",17100,900,4743500,80928000000,250,true,1.48
"CII",140427,"/Date(1701241500000)/",17100,4000,4742600,80913000000,250,true,1.48
"CII",140427,"/Date(1701241500000)/",17100,200,4738600,80845000000,250,true,1.48
"CII",140427,"/Date(1701241500000)/",17100,1000,4738400,80841000000,250,true,1.48
"CII",140427,"/Date(1701241500000)/",17100,20000,4737400,80824000000,250,true,1.48
"CII",140427,"/Date(1701241500000)/",17100,1000,4717400,80482000000,250,true,1.48
"CII",140427,"/Date(1701241500000)/",17100,600,4716400,80465000000,250,true,1.48
"CII",140427,"/Date(1701241500000)/",17100,4600,4715800,80455000000,250,true,1.48
"CII",140411,"/Date(1701241486000)/",17150,3000,4711200,80376000000,300,false,1.78
"CII",140402,"/Date(1701241475000)/",17150,100,4708200,80325000000,300,false,1.78
"CII",140352,"/Date(1701241467000)/",17100,400,4708100,80323000000,250,false,1.48
"CII",140352,"/Date(1701241467000)/",17100,1500,4707700,80316000000,250,false,1.48
"CII",140352,"/Date(1701241465000)/",17100,100,4706200,80291000000,250,false,1.48
"CII",140352,"/Date(1701241465000)/",17100,100,4706100,80289000000,250,false,1.48
"CII",140352,"/Date(1701241465000)/",17100,100,4706000,80287000000,250,false,1.48
"CII",140352,"/Date(1701241465000)/",17100,1000,4705900,80285000000,250,false,1.48
"CII",140352,"/Date(1701241465000)/",17100,200,4704900,80268000000,250,false,1.48
"CII",140352,"/Date(1701241465000)/",17100,2500,4704700,80265000000,250,false,1.48
"CII",140352,"/Date(1701241465000)/",17100,100,4702200,80222000000,250,false,1.48
"CII",140352,"/Date(1701241465000)/",17100,900,4702100,80220000000,250,false,1.48
"CII",140349,"/Date(1701241463000)/",17100,5000,4701200,80205000000,250,false,1.48
"CII",140349,"/Date(1701241463000)/",17100,500,4696200,80120000000,250,false,1.48
"CII",140346,"/Date(1701241460000)/",17100,1300,4695700,80111000000,250,false,1.48
"CII",140346,"/Date(1701241460000)/",17100,700,4694400,80089000000,250,false,1.48
"CII",140346,"/Date(1701241458000)/",17100,100,4693700,80077000000,250,false,1.48
"CII",140343,"/Date(1701241456000)/",17100,1500,4693600,80075000000,250,false,1.48
"CII",140343,"/Date(1701241456000)/",17100,500,4692100,80049000000,250,false,1.48
"CII",140336,"/Date(1701241449000)/",17100,1000,4691600,80041000000,250,false,1.48
"CII",140333,"/Date(1701241446000)/",17100,200,4690600,80024000000,250,false,1.48
"CII",140333,"/Date(1701241445000)/",17100,1000,4690400,80020000000,250,false,1.48
"CII",140333,"/Date(1701241445000)/",17100,1000,4689400,80003000000,250,false,1.48
"CII",140320,"/Date(1701241434000)/",17100,100,4688400,79986000000,250,false,1.48
"CII",140320,"/Date(1701241433000)/",17100,1200,4688300,79984000000,250,false,1.48
"CII",140320,"/Date(1701241433000)/",17100,500,4687100,79964000000,250,false,1.48
"CII",140320,"/Date(1701241433000)/",17100,300,4686600,79955000000,250,false,1.48
"CII",140314,"/Date(1701241428000)/",17100,300,4686300,79950000000,250,false,1.48
"CII",140314,"/Date(1701241428000)/",17100,300,4686000,79945000000,250,false,1.48
"CII",140314,"/Date(1701241428000)/",17100,100,4685700,79940000000,250,false,1.48
"CII",140314,"/Date(1701241428000)/",17100,800,4685600,79938000000,250,false,1.48
"CII",140314,"/Date(1701241426000)/",17100,3000,4684800,79925000000,250,false,1.48
"CII",140307,"/Date(1701241422000)/",17100,1000,4681800,79873000000,250,false,1.48
"CII",140307,"/Date(1701241422000)/",17100,200,4680800,79856000000,250,false,1.48
"CII",140304,"/Date(1701241418000)/",17100,700,4680600,79853000000,250,false,1.48
"CII",140304,"/Date(1701241418000)/",17100,1000,4679900,79841000000,250,false,1.48
"CII",140304,"/Date(1701241418000)/",17100,300,4678900,79824000000,250,false,1.48
"CII",140301,"/Date(1701241413000)/",17100,200,4678600,79819000000,250,false,1.48
"CII",140301,"/Date(1701241413000)/",17100,800,4678400,79815000000,250,false,1.48
"CII",140258,"/Date(1701241411000)/",17100,200,4677600,79801000000,250,false,1.48
"CII",140255,"/Date(1701241409000)/",17100,1000,4677400,79798000000,250,false,1.48
"CII",140255,"/Date(1701241409000)/",17100,3600,4676400,79781000000,250,false,1.48
"CII",140255,"/Date(1701241407000)/",17100,1100,4672800,79719000000,250,false,1.48
"CII",140252,"/Date(1701241405000)/",17100,300,4671700,79701000000,250,false,1.48
"CII",140252,"/Date(1701241405000)/",17100,100,4671400,79695000000,250,false,1.48
"CII",140252,"/Date(1701241405000)/",17100,600,4671300,79694000000,250,false,1.48
"CII",140252,"/Date(1701241405000)/",17100,500,4670700,79683000000,250,false,1.48
"CII",140252,"/Date(1701241405000)/",17100,2100,4670200,79675000000,250,false,1.48
"CII",140252,"/Date(1701241405000)/",17100,6400,4668100,79639000000,250,false,1.48
"CII",140245,"/Date(1701241397000)/",17100,1200,4661700,79530000000,250,false,1.48
"CII",140239,"/Date(1701241391000)/",17100,10000,4660500,79509000000,250,false,1.48
"CII",140236,"/Date(1701241389000)/",17100,100,4650500,79338000000,250,false,1.48
"CII",140207,"/Date(1701241360000)/",17100,800,4650400,79336000000,250,false,1.48
"CII",140204,"/Date(1701241357000)/",17100,400,4649600,79323000000,250,false,1.48
"CII",140154,"/Date(1701241348000)/",17100,1100,4649200,79316000000,250,false,1.48
"CII",140154,"/Date(1701241348000)/",17100,100,4648100,79297000000,250,false,1.48
"CII",140154,"/Date(1701241348000)/",17100,3800,4648000,79295000000,250,false,1.48
"CII",140154,"/Date(1701241346000)/",17100,2100,4644200,79230000000,250,false,1.48
"CII",140154,"/Date(1701241346000)/",17100,1000,4642100,79194000000,250,false,1.48
"CII",140154,"/Date(1701241346000)/",17100,400,4641100,79177000000,250,false,1.48
"CII",140148,"/Date(1701241342000)/",17100,200,4640700,79170000000,250,false,1.48
"CII",140145,"/Date(1701241338000)/",17100,3000,4640500,79167000000,250,false,1.48
"CII",140132,"/Date(1701241324000)/",17100,100,4637500,79116000000,250,false,1.48
"CII",140116,"/Date(1701241309000)/",17100,1300,4637400,79114000000,250,false,1.48
"CII",140116,"/Date(1701241309000)/",17100,8700,4636100,79092000000,250,false,1.48
"CII",140106,"/Date(1701241299000)/",17100,2800,4627400,78943000000,250,false,1.48
"CII",140106,"/Date(1701241298000)/",17100,2000,4624600,78895000000,250,false,1.48
"CII",140103,"/Date(1701241296000)/",17100,1000,4622600,78861000000,250,false,1.48
"CII",140100,"/Date(1701241292000)/",17100,5500,4621600,78844000000,250,false,1.48
"CII",140100,"/Date(1701241292000)/",17100,100,4616100,78750000000,250,false,1.48
"CII",140100,"/Date(1701241292000)/",17100,1000,4616000,78748000000,250,false,1.48
"CII",140100,"/Date(1701241292000)/",17100,2000,4615000,78731000000,250,false,1.48
"CII",140100,"/Date(1701241292000)/",17100,100,4613000,78697000000,250,false,1.48
"CII",140100,"/Date(1701241292000)/",17100,100,4612900,78695000000,250,false,1.48
"CII",140100,"/Date(1701241292000)/",17100,1200,4612800,78693000000,250,false,1.48
"CII",140057,"/Date(1701241291000)/",17100,200,4611600,78673000000,250,false,1.48
"CII",140057,"/Date(1701241289000)/",17100,100,4611400,78669000000,250,false,1.48
"CII",140047,"/Date(1701241282000)/",17100,500,4611300,78668000000,250,false,1.48
"CII",140047,"/Date(1701241282000)/",17100,2500,4610800,78659000000,250,false,1.48
"CII",140044,"/Date(1701241278000)/",17050,3700,4608300,78616000000,200,true,1.19
"CII",140044,"/Date(1701241278000)/",17050,300,4604600,78553000000,200,true,1.19
"CII",140044,"/Date(1701241278000)/",17050,100,4604300,78548000000,200,true,1.19
"CII",140044,"/Date(1701241278000)/",17050,1000,4604200,78547000000,200,true,1.19
"CII",140044,"/Date(1701241278000)/",17050,5000,4603200,78529000000,200,true,1.19
"CII",140044,"/Date(1701241278000)/",17050,2000,4598200,78444000000,200,true,1.19
"CII",140044,"/Date(1701241278000)/",17050,700,4596200,78410000000,200,true,1.19
"CII",140044,"/Date(1701241278000)/",17050,100,4595500,78398000000,200,true,1.19
"CII",140044,"/Date(1701241278000)/",17050,500,4595400,78396000000,200,true,1.19
"CII",140044,"/Date(1701241278000)/",17050,2100,4594900,78388000000,200,true,1.19
"CII",140044,"/Date(1701241276000)/",17100,200,4592800,78352000000,250,false,1.48
"CII",140041,"/Date(1701241274000)/",17100,1000,4592600,78349000000,250,false,1.48
"CII",140041,"/Date(1701241274000)/",17100,800,4591600,78332000000,250,false,1.48
"CII",140041,"/Date(1701241274000)/",17100,400,4590800,78318000000,250,false,1.48
"CII",140031,"/Date(1701241265000)/",17100,8000,4590400,78311000000,250,false,1.48
"CII",140028,"/Date(1701241260000)/",17100,1000,4582400,78174000000,250,false,1.48
"CII",140019,"/Date(1701241251000)/",17100,2000,4581400,78157000000,250,false,1.48
"CII",140012,"/Date(1701241246000)/",17100,500,4579400,78123000000,250,false,1.48
"CII",140003,"/Date(1701241236000)/",17100,500,4578900,78114000000,250,false,1.48
"CII",140003,"/Date(1701241236000)/",17100,100,4578400,78106000000,250,false,1.48
"CII",135959,"/Date(1701241234000)/",17100,5000,4578300,78104000000,250,false,1.48
"CII",135959,"/Date(1701241233000)/",17100,1000,4573300,78019000000,250,false,1.48
"CII",135918,"/Date(1701241191000)/",17100,3200,4572300,78002000000,250,false,1.48
"CII",135911,"/Date(1701241186000)/",17100,1000,4569100,77947000000,250,false,1.48
"CII",135902,"/Date(1701241173000)/",17050,100,4568100,77930000000,200,true,1.19
"CII",135827,"/Date(1701241141000)/",17100,2000,4568000,77928000000,250,false,1.48
"CII",135755,"/Date(1701241108000)/",17050,1000,4566000,77894000000,200,true,1.19
"CII",135745,"/Date(1701241098000)/",17050,900,4565000,77877000000,200,true,1.19
"CII",135745,"/Date(1701241097000)/",17100,100,4564100,77861000000,250,false,1.48
"CII",135739,"/Date(1701241092000)/",17050,900,4564000,77860000000,200,true,1.19
"CII",135739,"/Date(1701241092000)/",17050,100,4563100,77844000000,200,true,1.19
"CII",135723,"/Date(1701241074000)/",17050,1900,4563000,77843000000,200,true,1.19
"CII",135723,"/Date(1701241074000)/",17050,5000,4561100,77810000000,200,true,1.19
"CII",135723,"/Date(1701241074000)/",17050,500,4556100,77725000000,200,true,1.19
"CII",135723,"/Date(1701241074000)/",17050,1000,4555600,77717000000,200,true,1.19
"CII",135723,"/Date(1701241074000)/",17050,1000,4554600,77699000000,200,true,1.19
"CII",135723,"/Date(1701241074000)/",17050,100,4553600,77682000000,200,true,1.19
"CII",135723,"/Date(1701241074000)/",17050,600,4553500,77681000000,200,true,1.19
"CII",135723,"/Date(1701241074000)/",17050,200,4552900,77671000000,200,true,1.19
"CII",135723,"/Date(1701241074000)/",17050,100,4552700,77667000000,200,true,1.19
"CII",135723,"/Date(1701241074000)/",17050,300,4552600,77665000000,200,true,1.19
"CII",135723,"/Date(1701241074000)/",17050,200,4552300,77660000000,200,true,1.19
"CII",135723,"/Date(1701241074000)/",17050,500,4552100,77657000000,200,true,1.19
"CII",135723,"/Date(1701241074000)/",17050,600,4551600,77648000000,200,true,1.19
"CII",135704,"/Date(1701241055000)/",17100,1000,4551000,77638000000,250,false,1.48
"CII",135625,"/Date(1701241019000)/",17100,8500,4550000,77621000000,250,false,1.48
"CII",135622,"/Date(1701241014000)/",17050,400,4541500,77476000000,200,true,1.19
"CII",135622,"/Date(1701241014000)/",17050,500,4541100,77469000000,200,true,1.19
"CII",135622,"/Date(1701241014000)/",17050,100,4540600,77460000000,200,true,1.19
"CII",135622,"/Date(1701241014000)/",17050,200,4540500,77459000000,200,true,1.19
"CII",135622,"/Date(1701241014000)/",17050,5000,4540300,77455000000,200,true,1.19
"CII",135622,"/Date(1701241014000)/",17050,800,4535300,77370000000,200,true,1.19
"CII",135619,"/Date(1701241011000)/",17050,9200,4534500,77356000000,200,true,1.19
"CII",135619,"/Date(1701241011000)/",17050,1200,4525300,77199000000,200,true,1.19
"CII",135619,"/Date(1701241011000)/",17050,1500,4524100,77179000000,200,true,1.19
"CII",135619,"/Date(1701241011000)/",17050,1000,4522600,77153000000,200,true,1.19
"CII",135619,"/Date(1701241011000)/",17050,1000,4521600,77136000000,200,true,1.19
"CII",135619,"/Date(1701241011000)/",17050,1000,4520600,77119000000,200,true,1.19
"CII",135619,"/Date(1701241011000)/",17050,300,4519600,77102000000,200,true,1.19
"CII",135619,"/Date(1701241011000)/",17050,1000,4519300,77097000000,200,true,1.19
"CII",135619,"/Date(1701241011000)/",17050,3200,4518300,77080000000,200,true,1.19
"CII",135525,"/Date(1701240959000)/",17100,1100,4515100,77026000000,250,false,1.48
"CII",135509,"/Date(1701240941000)/",17050,4000,4514000,77007000000,200,true,1.19
"CII",135506,"/Date(1701240938000)/",17100,100,4510000,76939000000,250,true,1.48
"CII",135506,"/Date(1701240938000)/",17100,1000,4509900,76937000000,250,true,1.48
"CII",135506,"/Date(1701240938000)/",17100,9000,4508900,76920000000,250,true,1.48
"CII",135437,"/Date(1701240910000)/",17100,100,4499900,76766000000,250,false,1.48
"CII",135437,"/Date(1701240910000)/",17100,300,4499800,76764000000,250,false,1.48
"CII",135437,"/Date(1701240910000)/",17100,5000,4499500,76759000000,250,false,1.48
"CII",135437,"/Date(1701240910000)/",17100,5000,4494500,76673000000,250,false,1.48
"CII",135437,"/Date(1701240910000)/",17100,600,4489500,76588000000,250,false,1.48
"CII",135431,"/Date(1701240904000)/",17100,400,4488900,76578000000,250,false,1.48
"CII",135431,"/Date(1701240904000)/",17100,100,4488500,76571000000,250,false,1.48
"CII",135405,"/Date(1701240877000)/",17100,1900,4488400,76569000000,250,false,1.48
"CII",135405,"/Date(1701240877000)/",17100,500,4486500,76537000000,250,false,1.48
"CII",135405,"/Date(1701240877000)/",17100,5000,4486000,76528000000,250,false,1.48
"CII",135405,"/Date(1701240877000)/",17100,600,4481000,76443000000,250,false,1.48
"CII",135405,"/Date(1701240877000)/",17100,3000,4480400,76432000000,250,false,1.48
"CII",135405,"/Date(1701240877000)/",17100,100,4477400,76381000000,250,false,1.48
"CII",135405,"/Date(1701240877000)/",17100,8900,4477300,76379000000,250,false,1.48
"CII",135343,"/Date(1701240856000)/",17100,1100,4468400,76227000000,250,false,1.48
"CII",135343,"/Date(1701240856000)/",17100,1100,4467300,76208000000,250,false,1.48
"CII",135343,"/Date(1701240855000)/",17100,1000,4466200,76190000000,250,false,1.48
"CII",135330,"/Date(1701240843000)/",17100,400,4465200,76172000000,250,true,1.48
"CII",135330,"/Date(1701240843000)/",17100,200,4464800,76166000000,250,true,1.48
"CII",135330,"/Date(1701240843000)/",17100,1900,4464600,76162000000,250,true,1.48
"CII",135327,"/Date(1701240841000)/",17100,1000,4462700,76130000000,250,true,1.48
"CII",135324,"/Date(1701240837000)/",17100,400,4461700,76113000000,250,true,1.48
"CII",135320,"/Date(1701240832000)/",17100,2700,4461300,76106000000,250,true,1.48
"CII",135320,"/Date(1701240832000)/",17100,100,4458600,76060000000,250,true,1.48
"CII",135320,"/Date(1701240832000)/",17100,7200,4458500,76058000000,250,true,1.48
"CII",135317,"/Date(1701240830000)/",17100,3000,4451300,75935000000,250,true,1.48
"CII",135311,"/Date(1701240825000)/",17150,4000,4448300,75883000000,300,false,1.78
"CII",135308,"/Date(1701240819000)/",17150,100,4444300,75815000000,300,false,1.78
"CII",135252,"/Date(1701240802000)/",17100,500,4444200,75813000000,250,true,1.48
"CII",135249,"/Date(1701240802000)/",17100,500,4443700,75805000000,250,true,1.48
"CII",135245,"/Date(1701240797000)/",17100,3500,4443200,75796000000,250,true,1.48
"CII",135242,"/Date(1701240795000)/",17100,100,4439700,75736000000,250,true,1.48
"CII",135242,"/Date(1701240794000)/",17150,200,4439600,75734000000,300,false,1.78
"CII",135236,"/Date(1701240789000)/",17100,1500,4439400,75731000000,250,true,1.48
"CII",135236,"/Date(1701240787000)/",17100,5000,4437900,75705000000,250,true,1.48
"CII",135232,"/Date(1701240786000)/",17100,1400,4432900,75620000000,250,true,1.48
"CII",135229,"/Date(1701240782000)/",17100,1300,4431500,75596000000,250,true,1.48
"CII",135229,"/Date(1701240782000)/",17100,500,4430200,75574000000,250,true,1.48
"CII",135229,"/Date(1701240782000)/",17100,2200,4429700,75565000000,250,true,1.48
"CII",135226,"/Date(1701240779000)/",17100,1000,4427500,75528000000,250,true,1.48
"CII",135226,"/Date(1701240779000)/",17100,2000,4426500,75510000000,250,true,1.48
"CII",135220,"/Date(1701240774000)/",17100,3000,4424500,75476000000,250,true,1.48
"CII",135220,"/Date(1701240772000)/",17100,1000,4421500,75425000000,250,true,1.48
"CII",135220,"/Date(1701240771000)/",17100,1000,4420500,75408000000,250,true,1.48
"CII",135217,"/Date(1701240769000)/",17100,10000,4419500,75391000000,250,true,1.48
"CII",135213,"/Date(1701240767000)/",17100,5000,4409500,75220000000,250,true,1.48
"CII",135213,"/Date(1701240765000)/",17100,500,4404500,75134000000,250,true,1.48
"CII",135210,"/Date(1701240764000)/",17100,1000,4404000,75126000000,250,true,1.48
"CII",135207,"/Date(1701240761000)/",17100,600,4403000,75109000000,250,true,1.48
"CII",135207,"/Date(1701240759000)/",17100,1000,4402400,75098000000,250,true,1.48
"CII",135201,"/Date(1701240754000)/",17150,100,4401400,75081000000,300,false,1.78
"CII",135201,"/Date(1701240754000)/",17100,2000,4401300,75080000000,250,true,1.48
"CII",135201,"/Date(1701240752000)/",17100,500,4399300,75045000000,250,true,1.48
"CII",135201,"/Date(1701240750000)/",17100,10000,4398800,75037000000,250,true,1.48
"CII",135201,"/Date(1701240750000)/",17100,5000,4388800,74866000000,250,true,1.48
"CII",135157,"/Date(1701240742000)/",17100,1000,4383800,74780000000,250,false,1.48
"CII",135157,"/Date(1701240742000)/",17100,5000,4382800,74763000000,250,false,1.48
"CII",135157,"/Date(1701240742000)/",17100,2000,4377800,74678000000,250,false,1.48
"CII",135157,"/Date(1701240742000)/",17100,16200,4375800,74643000000,250,false,1.48
"CII",135145,"/Date(1701240736000)/",17100,200,4359600,74366000000,250,false,1.48
"CII",135145,"/Date(1701240736000)/",17100,100,4359400,74363000000,250,false,1.48
"CII",135145,"/Date(1701240736000)/",17100,1300,4359300,74361000000,250,false,1.48
"CII",135145,"/Date(1701240736000)/",17100,2000,4358000,74339000000,250,false,1.48
"CII",135145,"/Date(1701240736000)/",17100,200,4356000,74305000000,250,false,1.48
"CII",135141,"/Date(1701240735000)/",17100,800,4355800,74301000000,250,true,1.48
"CII",135141,"/Date(1701240735000)/",17100,1000,4355000,74288000000,250,true,1.48
"CII",135141,"/Date(1701240735000)/",17100,200,4354000,74271000000,250,true,1.48
"CII",135141,"/Date(1701240735000)/",17100,500,4353800,74267000000,250,true,1.48
"CII",135141,"/Date(1701240735000)/",17100,2500,4353300,74259000000,250,true,1.48
"CII",135141,"/Date(1701240734000)/",17100,500,4350800,74216000000,250,true,1.48
"CII",135141,"/Date(1701240734000)/",17100,200,4350300,74207000000,250,true,1.48
"CII",135141,"/Date(1701240734000)/",17100,100,4350100,74204000000,250,true,1.48
"CII",135141,"/Date(1701240734000)/",17100,5000,4350000,74202000000,250,true,1.48
"CII",135141,"/Date(1701240734000)/",17100,300,4345000,74117000000,250,true,1.48
"CII",135141,"/Date(1701240734000)/",17100,100,4344700,74112000000,250,true,1.48
"CII",135141,"/Date(1701240734000)/",17100,100,4344600,74110000000,250,true,1.48
"CII",135141,"/Date(1701240734000)/",17100,200,4344500,74108000000,250,true,1.48
"CII",135141,"/Date(1701240734000)/",17100,500,4344300,74105000000,250,true,1.48
"CII",135141,"/Date(1701240734000)/",17100,500,4343800,74096000000,250,true,1.48
"CII",135141,"/Date(1701240734000)/",17100,32500,4343300,74088000000,250,true,1.48
"CII",135138,"/Date(1701240731000)/",17100,400,4310800,73532000000,250,true,1.48
"CII",135138,"/Date(1701240730000)/",17100,1000,4310400,73525000000,250,true,1.48
"CII",135132,"/Date(1701240726000)/",17100,1000,4309400,73508000000,250,true,1.48
"CII",135129,"/Date(1701240720000)/",17100,15100,4308400,73491000000,250,true,1.48
"CII",135129,"/Date(1701240720000)/",17100,200,4293300,73233000000,250,true,1.48
"CII",135129,"/Date(1701240720000)/",17100,2000,4293100,73229000000,250,true,1.48
"CII",135129,"/Date(1701240720000)/",17100,1000,4291100,73195000000,250,true,1.48
"CII",135129,"/Date(1701240720000)/",17100,31700,4290100,73178000000,250,true,1.48
"CII",135126,"/Date(1701240718000)/",17150,500,4258400,72636000000,300,false,1.78
"CII",135126,"/Date(1701240717000)/",17100,5400,4257900,72627000000,250,true,1.48
"CII",135122,"/Date(1701240716000)/",17100,5000,4252500,72535000000,250,true,1.48
"CII",135113,"/Date(1701240705000)/",17100,200,4247500,72450000000,250,true,1.48
"CII",135113,"/Date(1701240704000)/",17100,500,4247300,72446000000,250,true,1.48
"CII",135113,"/Date(1701240704000)/",17150,400,4246800,72438000000,300,false,1.78
"CII",135110,"/Date(1701240703000)/",17100,800,4246400,72431000000,250,true,1.48
"CII",135106,"/Date(1701240698000)/",17100,1000,4245600,72417000000,250,true,1.48
"CII",135057,"/Date(1701240691000)/",17100,2000,4244600,72400000000,250,true,1.48
"CII",135047,"/Date(1701240679000)/",17150,300,4242600,72366000000,300,false,1.78
"CII",135044,"/Date(1701240678000)/",17100,5000,4242300,72361000000,250,true,1.48
"CII",135031,"/Date(1701240664000)/",17100,200,4237300,72275000000,250,true,1.48
"CII",135025,"/Date(1701240658000)/",17100,1000,4237100,72272000000,250,true,1.48
"CII",135025,"/Date(1701240657000)/",17150,200,4236100,72255000000,300,false,1.78
"CII",135015,"/Date(1701240648000)/",17150,100,4235900,72251000000,300,false,1.78
"CII",135006,"/Date(1701240639000)/",17150,100,4235800,72249000000,300,false,1.78
"CII",135006,"/Date(1701240638000)/",17100,3000,4235700,72248000000,250,true,1.48
"CII",135006,"/Date(1701240638000)/",17150,3000,4232700,72196000000,300,false,1.78
"CII",134959,"/Date(1701240632000)/",17100,5000,4229700,72145000000,250,true,1.48
"CII",134959,"/Date(1701240631000)/",17150,500,4224700,72059000000,300,false,1.78
"CII",134956,"/Date(1701240627000)/",17150,200,4224200,72051000000,300,false,1.78
"CII",134953,"/Date(1701240624000)/",17100,1000,4224000,72047000000,250,true,1.48
"CII",134950,"/Date(1701240622000)/",17150,5000,4223000,72030000000,300,false,1.78
"CII",134947,"/Date(1701240619000)/",17150,500,4218000,71945000000,300,false,1.78
"CII",134940,"/Date(1701240611000)/",17150,100,4217500,71936000000,300,false,1.78
"CII",134931,"/Date(1701240605000)/",17150,1000,4217400,71934000000,300,false,1.78
"CII",134931,"/Date(1701240604000)/",17150,500,4216400,71917000000,300,false,1.78
"CII",134927,"/Date(1701240599000)/",17150,500,4215900,71909000000,300,false,1.78
"CII",134924,"/Date(1701240598000)/",17150,500,4215400,71900000000,300,false,1.78
"CII",134921,"/Date(1701240594000)/",17150,500,4214900,71891000000,300,false,1.78
"CII",134902,"/Date(1701240574000)/",17150,1000,4214400,71883000000,300,false,1.78
"CII",134859,"/Date(1701240571000)/",17100,400,4213400,71866000000,250,true,1.48
"CII",134856,"/Date(1701240568000)/",17150,9000,4213000,71859000000,300,false,1.78
"CII",134852,"/Date(1701240565000)/",17150,800,4204000,71705000000,300,false,1.78
"CII",134852,"/Date(1701240565000)/",17150,600,4203200,71691000000,300,false,1.78
"CII",134849,"/Date(1701240562000)/",17150,600,4202600,71681000000,300,false,1.78
"CII",134846,"/Date(1701240558000)/",17150,6000,4202000,71670000000,300,false,1.78
"CII",134846,"/Date(1701240557000)/",17150,4100,4196000,71567000000,300,false,1.78
"CII",134846,"/Date(1701240557000)/",17150,500,4191900,71497000000,300,false,1.78
"CII",134846,"/Date(1701240557000)/",17150,400,4191400,71488000000,300,false,1.78
"CII",134833,"/Date(1701240546000)/",17150,100,4191000,71482000000,300,true,1.78
"CII",134830,"/Date(1701240542000)/",17150,100,4190900,71480000000,300,true,1.78
"CII",134820,"/Date(1701240531000)/",17150,500,4190800,71478000000,300,true,1.78
"CII",134817,"/Date(1701240530000)/",17200,8300,4190300,71470000000,350,false,2.08
"CII",134817,"/Date(1701240530000)/",17200,1700,4182000,71327000000,350,false,2.08
"CII",134814,"/Date(1701240528000)/",17150,500,4180300,71298000000,300,true,1.78
"CII",134811,"/Date(1701240523000)/",17200,8300,4179800,71289000000,350,false,2.08
"CII",134811,"/Date(1701240523000)/",17200,100,4171500,71146000000,350,false,2.08
"CII",134811,"/Date(1701240523000)/",17200,2200,4171400,71145000000,350,false,2.08
"CII",134811,"/Date(1701240523000)/",17200,2100,4169200,71107000000,350,false,2.08
"CII",134811,"/Date(1701240523000)/",17200,700,4167100,71071000000,350,false,2.08
"CII",134811,"/Date(1701240523000)/",17150,600,4166400,71059000000,300,false,1.78
"CII",134805,"/Date(1701240518000)/",17150,600,4165800,71048000000,300,false,1.78
"CII",134805,"/Date(1701240518000)/",17150,100,4165200,71038000000,300,false,1.78
"CII",134805,"/Date(1701240518000)/",17150,2000,4165100,71036000000,300,false,1.78
"CII",134805,"/Date(1701240518000)/",17150,2700,4163100,71002000000,300,false,1.78
"CII",134805,"/Date(1701240518000)/",17200,100,4160400,70956000000,350,false,2.08
"CII",134805,"/Date(1701240517000)/",17200,200,4160300,70954000000,350,false,2.08
"CII",134805,"/Date(1701240517000)/",17200,100,4160100,70950000000,350,false,2.08
"CII",134805,"/Date(1701240517000)/",17200,1700,4160000,70949000000,350,false,2.08
"CII",134801,"/Date(1701240512000)/",17150,1000,4158300,70919000000,300,true,1.78
"CII",134755,"/Date(1701240508000)/",17150,1800,4157300,70902000000,300,false,1.78
"CII",134755,"/Date(1701240508000)/",17150,100,4155500,70871000000,300,false,1.78
"CII",134755,"/Date(1701240508000)/",17150,100,4155400,70870000000,300,false,1.78
"CII",134755,"/Date(1701240508000)/",17150,500,4155300,70868000000,300,false,1.78
"CII",134755,"/Date(1701240508000)/",17150,300,4154800,70859000000,300,false,1.78
"CII",134755,"/Date(1701240508000)/",17150,600,4154500,70854000000,300,false,1.78
"CII",134755,"/Date(1701240508000)/",17150,200,4153900,70844000000,300,false,1.78
"CII",134755,"/Date(1701240507000)/",17150,600,4153700,70841000000,300,false,1.78
"CII",134749,"/Date(1701240502000)/",17150,4200,4153100,70830000000,300,false,1.78
"CII",134749,"/Date(1701240502000)/",17150,1000,4148900,70758000000,300,false,1.78
"CII",134749,"/Date(1701240502000)/",17150,1000,4147900,70741000000,300,false,1.78
"CII",134749,"/Date(1701240502000)/",17150,3000,4146900,70724000000,300,false,1.78
"CII",134749,"/Date(1701240502000)/",17150,3000,4143900,70673000000,300,false,1.78
"CII",134749,"/Date(1701240502000)/",17150,3400,4140900,70621000000,300,false,1.78
"CII",134749,"/Date(1701240501000)/",17150,500,4137500,70563000000,300,false,1.78
"CII",134749,"/Date(1701240500000)/",17150,5000,4137000,70554000000,300,false,1.78
"CII",134745,"/Date(1701240499000)/",17150,100,4132000,70468000000,300,false,1.78
"CII",134745,"/Date(1701240499000)/",17150,500,4131900,70467000000,300,false,1.78
"CII",134742,"/Date(1701240496000)/",17150,200,4131400,70458000000,300,false,1.78
"CII",134742,"/Date(1701240495000)/",17150,300,4131200,70455000000,300,false,1.78
"CII",134742,"/Date(1701240495000)/",17150,1000,4130900,70450000000,300,false,1.78
"CII",134742,"/Date(1701240495000)/",17150,3700,4129900,70432000000,300,false,1.78
"CII",134726,"/Date(1701240479000)/",17150,1300,4126200,70369000000,300,false,1.78
"CII",134726,"/Date(1701240479000)/",17150,1000,4124900,70347000000,300,false,1.78
"CII",134726,"/Date(1701240479000)/",17150,700,4123900,70330000000,300,false,1.78
"CII",134726,"/Date(1701240477000)/",17150,1000,4123200,70318000000,300,false,1.78
"CII",134720,"/Date(1701240473000)/",17100,100,4122200,70300000000,250,true,1.48
"CII",134707,"/Date(1701240459000)/",17100,7700,4122100,70299000000,250,true,1.48
"CII",134657,"/Date(1701240450000)/",17100,100,4114400,70167000000,250,false,1.48
"CII",134657,"/Date(1701240449000)/",17100,6500,4114300,70165000000,250,false,1.48
"CII",134657,"/Date(1701240449000)/",17100,500,4107800,70054000000,250,false,1.48
"CII",134657,"/Date(1701240449000)/",17100,700,4107300,70046000000,250,false,1.48
"CII",134657,"/Date(1701240449000)/",17100,2000,4106600,70034000000,250,false,1.48
"CII",134657,"/Date(1701240449000)/",17100,500,4104600,69999000000,250,false,1.48
"CII",134657,"/Date(1701240449000)/",17100,100,4104100,69991000000,250,false,1.48
"CII",134657,"/Date(1701240449000)/",17100,500,4104000,69989000000,250,false,1.48
"CII",134657,"/Date(1701240449000)/",17100,2000,4103500,69981000000,250,false,1.48
"CII",134657,"/Date(1701240449000)/",17100,2000,4101500,69946000000,250,false,1.48
"CII",134657,"/Date(1701240449000)/",17100,1900,4099500,69912000000,250,false,1.48
"CII",134657,"/Date(1701240449000)/",17100,39000,4097600,69880000000,250,false,1.48
"CII",134657,"/Date(1701240449000)/",17100,1000,4058600,69213000000,250,false,1.48
"CII",134657,"/Date(1701240449000)/",17100,1000,4057600,69196000000,250,false,1.48
"CII",134657,"/Date(1701240449000)/",17100,6000,4056600,69179000000,250,false,1.48
"CII",134657,"/Date(1701240449000)/",17100,100,4050600,69076000000,250,false,1.48
"CII",134657,"/Date(1701240449000)/",17100,500,4050500,69074000000,250,false,1.48
"CII",134657,"/Date(1701240449000)/",17100,1000,4050000,69066000000,250,false,1.48
"CII",134657,"/Date(1701240449000)/",17100,500,4049000,69049000000,250,false,1.48
"CII",134657,"/Date(1701240449000)/",17100,400,4048500,69040000000,250,false,1.48
"CII",134657,"/Date(1701240449000)/",17100,2200,4048100,69033000000,250,false,1.48
"CII",134657,"/Date(1701240449000)/",17100,1000,4045900,68996000000,250,false,1.48
"CII",134657,"/Date(1701240449000)/",17100,400,4044900,68979000000,250,false,1.48
"CII",134657,"/Date(1701240449000)/",17100,5000,4044500,68972000000,250,false,1.48
"CII",134657,"/Date(1701240449000)/",17100,500,4039500,68886000000,250,false,1.48
"CII",134657,"/Date(1701240449000)/",17100,3000,4039000,68878000000,250,false,1.48
"CII",134657,"/Date(1701240449000)/",17100,1000,4036000,68826000000,250,false,1.48
"CII",134657,"/Date(1701240449000)/",17100,2000,4035000,68809000000,250,false,1.48
"CII",134657,"/Date(1701240449000)/",17100,10000,4033000,68775000000,250,false,1.48
"CII",134657,"/Date(1701240449000)/",17100,900,4023000,68604000000,250,false,1.48
"CII",134654,"/Date(1701240447000)/",17100,2100,4022100,68589000000,250,true,1.48
"CII",134654,"/Date(1701240447000)/",17100,100,4020000,68553000000,250,true,1.48
"CII",134654,"/Date(1701240447000)/",17100,1500,4019900,68551000000,250,true,1.48
"CII",134654,"/Date(1701240447000)/",17100,1300,4018400,68525000000,250,true,1.48
"CII",134654,"/Date(1701240446000)/",17150,100,4017100,68503000000,300,false,1.78
"CII",134654,"/Date(1701240445000)/",17150,1000,4017000,68501000000,300,false,1.78
"CII",134654,"/Date(1701240445000)/",17150,200,4016000,68484000000,300,false,1.78
"CII",134654,"/Date(1701240445000)/",17150,600,4015800,68481000000,300,false,1.78
"CII",134654,"/Date(1701240445000)/",17150,15100,4015200,68471000000,300,false,1.78
"CII",134651,"/Date(1701240442000)/",17150,200,4000100,68212000000,300,true,1.78
"CII",134641,"/Date(1701240433000)/",17150,200,3999900,68208000000,300,false,1.78
"CII",134641,"/Date(1701240433000)/",17150,5000,3999700,68205000000,300,false,1.78
"CII",134641,"/Date(1701240433000)/",17150,500,3994700,68119000000,300,false,1.78
"CII",134641,"/Date(1701240433000)/",17150,5000,3994200,68110000000,300,false,1.78
"CII",134641,"/Date(1701240433000)/",17150,1100,3989200,68025000000,300,false,1.78
"CII",134641,"/Date(1701240433000)/",17150,1000,3988100,68006000000,300,false,1.78
"CII",134641,"/Date(1701240433000)/",17150,500,3987100,67989000000,300,false,1.78
"CII",134641,"/Date(1701240433000)/",17150,1000,3986600,67980000000,300,false,1.78
"CII",134641,"/Date(1701240433000)/",17150,200,3985600,67963000000,300,false,1.78
"CII",134641,"/Date(1701240433000)/",17150,300,3985400,67960000000,300,false,1.78
"CII",134641,"/Date(1701240433000)/",17150,1000,3985100,67954000000,300,false,1.78
"CII",134641,"/Date(1701240433000)/",17150,5000,3984100,67937000000,300,false,1.78
"CII",134641,"/Date(1701240433000)/",17150,200,3979100,67851000000,300,false,1.78
"CII",134641,"/Date(1701240433000)/",17150,1100,3978900,67848000000,300,false,1.78
"CII",134641,"/Date(1701240433000)/",17150,2000,3977800,67829000000,300,false,1.78
"CII",134641,"/Date(1701240433000)/",17150,3000,3975800,67795000000,300,false,1.78
"CII",134641,"/Date(1701240433000)/",17150,1000,3972800,67743000000,300,false,1.78
"CII",134641,"/Date(1701240433000)/",17150,500,3971800,67726000000,300,false,1.78
"CII",134641,"/Date(1701240433000)/",17150,600,3971300,67718000000,300,false,1.78
"CII",134641,"/Date(1701240433000)/",17150,5000,3970700,67707000000,300,false,1.78
"CII",134641,"/Date(1701240433000)/",17150,200,3965700,67622000000,300,false,1.78
"CII",134641,"/Date(1701240433000)/",17150,200,3965500,67618000000,300,false,1.78
"CII",134641,"/Date(1701240433000)/",17150,100,3965300,67615000000,300,false,1.78
"CII",134641,"/Date(1701240432000)/",17150,400,3965200,67613000000,300,false,1.78
"CII",134641,"/Date(1701240432000)/",17150,1000,3964800,67606000000,300,false,1.78
"CII",134641,"/Date(1701240432000)/",17150,1400,3963800,67589000000,300,false,1.78
"CII",134638,"/Date(1701240431000)/",17150,500,3962400,67565000000,300,false,1.78
"CII",134638,"/Date(1701240430000)/",17150,300,3961900,67556000000,300,false,1.78
"CII",134635,"/Date(1701240426000)/",17150,200,3961600,67551000000,300,false,1.78
"CII",134625,"/Date(1701240417000)/",17150,100,3961400,67548000000,300,false,1.78
"CII",134625,"/Date(1701240417000)/",17150,700,3961300,67546000000,300,false,1.78
"CII",134619,"/Date(1701240411000)/",17150,100,3960600,67534000000,300,false,1.78
"CII",134619,"/Date(1701240409000)/",17150,1000,3960500,67532000000,300,false,1.78
"CII",134616,"/Date(1701240407000)/",17150,500,3959500,67515000000,300,false,1.78
"CII",134612,"/Date(1701240404000)/",17150,200,3959000,67507000000,300,false,1.78
"CII",134612,"/Date(1701240404000)/",17150,200,3958800,67503000000,300,false,1.78
"CII",134612,"/Date(1701240404000)/",17150,200,3958600,67500000000,300,false,1.78
"CII",134612,"/Date(1701240404000)/",17150,100,3958400,67496000000,300,false,1.78
"CII",134612,"/Date(1701240404000)/",17150,100,3958300,67495000000,300,false,1.78
"CII",134612,"/Date(1701240404000)/",17150,1400,3958200,67493000000,300,false,1.78
"CII",134612,"/Date(1701240404000)/",17150,100,3956800,67469000000,300,false,1.78
"CII",134612,"/Date(1701240404000)/",17150,700,3956700,67467000000,300,false,1.78
"CII",134612,"/Date(1701240403000)/",17150,2000,3956000,67455000000,300,false,1.78
"CII",134609,"/Date(1701240401000)/",17100,4000,3954000,67421000000,250,true,1.48
"CII",134603,"/Date(1701240394000)/",17150,1000,3950000,67353000000,300,false,1.78
"CII",134600,"/Date(1701240392000)/",17150,900,3949000,67335000000,300,false,1.78
"CII",134600,"/Date(1701240390000)/",17150,2000,3948100,67320000000,300,false,1.78
"CII",134557,"/Date(1701240389000)/",17150,2500,3946100,67286000000,300,false,1.78
"CII",134557,"/Date(1701240388000)/",17150,300,3943600,67243000000,300,false,1.78
"CII",134557,"/Date(1701240388000)/",17150,200,3943300,67238000000,300,false,1.78
"CII",134557,"/Date(1701240388000)/",17150,500,3943100,67234000000,300,false,1.78
"CII",134553,"/Date(1701240385000)/",17150,500,3942600,67226000000,300,false,1.78
"CII",134553,"/Date(1701240384000)/",17150,2600,3942100,67217000000,300,false,1.78
"CII",134550,"/Date(1701240382000)/",17150,17000,3939500,67173000000,300,false,1.78
"CII",134550,"/Date(1701240382000)/",17150,5000,3922500,66881000000,300,false,1.78
"CII",134550,"/Date(1701240381000)/",17150,500,3917500,66795000000,300,false,1.78
"CII",134547,"/Date(1701240380000)/",17150,100,3917000,66787000000,300,false,1.78
"CII",134547,"/Date(1701240378000)/",17150,14200,3916900,66785000000,300,false,1.78
"CII",134547,"/Date(1701240378000)/",17150,500,3902700,66541000000,300,false,1.78
"CII",134547,"/Date(1701240378000)/",17150,1000,3902200,66533000000,300,false,1.78
"CII",134547,"/Date(1701240378000)/",17150,200,3901200,66516000000,300,false,1.78
"CII",134547,"/Date(1701240378000)/",17150,1000,3901000,66512000000,300,false,1.78
"CII",134547,"/Date(1701240378000)/",17150,1000,3900000,66495000000,300,false,1.78
"CII",134547,"/Date(1701240378000)/",17150,500,3899000,66478000000,300,false,1.78
"CII",134547,"/Date(1701240378000)/",17150,1000,3898500,66469000000,300,false,1.78
"CII",134547,"/Date(1701240378000)/",17150,2700,3897500,66452000000,300,false,1.78
"CII",134547,"/Date(1701240378000)/",17150,4000,3894800,66406000000,300,false,1.78
