"Stockcode","Package","TradingDate","Price","Vol","TotalVol","TotalVal","Change","IsBuy","PerChange"
"SHB",144428,"/Date(1701243901000)/",10850,513800,7753300,84272000000,0,true,0
"SHB",142909,"/Date(1701242985000)/",10900,1000,7239500,78697000000,50,false,0.46
"SHB",142906,"/Date(1701242983000)/",10900,1500,7238500,78686000000,50,false,0.46
"SHB",142906,"/Date(1701242980000)/",10900,200,7237000,78670000000,50,false,0.46
"SHB",142853,"/Date(1701242968000)/",10900,100,7236800,78668000000,50,false,0.46
"SHB",142843,"/Date(1701242960000)/",10900,6400,7236700,78667000000,50,false,0.46
"SHB",142843,"/Date(1701242960000)/",10900,5000,7230300,78597000000,50,false,0.46
"SHB",142843,"/Date(1701242960000)/",10900,1600,7225300,78542000000,50,false,0.46
"SHB",142843,"/Date(1701242960000)/",10900,700,7223700,78525000000,50,false,0.46
"SHB",142843,"/Date(1701242960000)/",10900,1000,7223000,78517000000,50,false,0.46
"SHB",142843,"/Date(1701242960000)/",10900,2700,7222000,78506000000,50,false,0.46
"SHB",142843,"/Date(1701242960000)/",10900,100,7219300,78477000000,50,false,0.46
"SHB",142843,"/Date(1701242960000)/",10900,1500,7219200,78476000000,50,false,0.46
"SHB",142843,"/Date(1701242958000)/",10850,3500,7217700,78460000000,0,true,0
"SHB",142827,"/Date(1701242944000)/",10850,50000,7214200,78422000000,0,true,0
"SHB",142824,"/Date(1701242941000)/",10850,200,7164200,77879000000,0,true,0
"SHB",142824,"/Date(1701242939000)/",10850,200,7164000,77877000000,0,true,0
"SHB",142821,"/Date(1701242938000)/",10850,200,7163800,77875000000,0,true,0
"SHB",142821,"/Date(1701242936000)/",10850,200,7163600,77873000000,0,true,0
"SHB",142818,"/Date(1701242934000)/",10850,200,7163400,77870000000,0,true,0
"SHB",142815,"/Date(1701242932000)/",10900,4600,7163200,77868000000,50,false,0.46
"SHB",142815,"/Date(1701242932000)/",10850,200,7158600,77818000000,0,true,0
"SHB",142815,"/Date(1701242931000)/",10850,200,7158400,77816000000,0,true,0
"SHB",142811,"/Date(1701242929000)/",10850,200,7158200,77814000000,0,true,0
"SHB",142811,"/Date(1701242927000)/",10850,200,7158000,77812000000,0,true,0
"SHB",142808,"/Date(1701242925000)/",10850,200,7157800,77809000000,0,true,0
"SHB",142808,"/Date(1701242924000)/",10850,200,7157600,77807000000,0,true,0
"SHB",142805,"/Date(1701242922000)/",10850,200,7157400,77805000000,0,true,0
"SHB",142805,"/Date(1701242920000)/",10850,200,7157200,77803000000,0,true,0
"SHB",142802,"/Date(1701242918000)/",10900,4400,7157000,77801000000,50,false,0.46
"SHB",142802,"/Date(1701242918000)/",10900,600,7152600,77753000000,50,false,0.46
"SHB",142802,"/Date(1701242918000)/",10850,200,7152000,77746000000,0,true,0
"SHB",142802,"/Date(1701242916000)/",10850,200,7151800,77744000000,0,true,0
"SHB",142759,"/Date(1701242915000)/",10850,200,7151600,77742000000,0,true,0
"SHB",142755,"/Date(1701242913000)/",10850,200,7151400,77740000000,0,true,0
"SHB",142755,"/Date(1701242911000)/",10850,200,7151200,77738000000,0,true,0
"SHB",142755,"/Date(1701242910000)/",10850,200,7151000,77735000000,0,true,0
"SHB",142752,"/Date(1701242908000)/",10850,200,7150800,77733000000,0,true,0
"SHB",142752,"/Date(1701242907000)/",10850,500,7150600,77731000000,0,true,0
"SHB",142749,"/Date(1701242906000)/",10850,200,7150100,77726000000,0,true,0
"SHB",142749,"/Date(1701242904000)/",10850,200,7149900,77723000000,0,true,0
"SHB",142746,"/Date(1701242903000)/",10850,200,7149700,77721000000,0,true,0
"SHB",142746,"/Date(1701242901000)/",10850,200,7149500,77719000000,0,true,0
"SHB",142743,"/Date(1701242899000)/",10850,200,7149300,77717000000,0,true,0
"SHB",142739,"/Date(1701242897000)/",10850,200,7149100,77715000000,0,true,0
"SHB",142739,"/Date(1701242896000)/",10850,200,7148900,77713000000,0,true,0
"SHB",142739,"/Date(1701242894000)/",10850,200,7148700,77710000000,0,true,0
"SHB",142736,"/Date(1701242893000)/",10900,59400,7148500,77708000000,50,false,0.46
"SHB",142736,"/Date(1701242893000)/",10900,1000,7089100,77061000000,50,false,0.46
"SHB",142736,"/Date(1701242893000)/",10900,600,7088100,77050000000,50,false,0.46
"SHB",142736,"/Date(1701242892000)/",10850,200,7087500,77043000000,0,true,0
"SHB",142733,"/Date(1701242890000)/",10850,200,7087300,77041000000,0,true,0
"SHB",142733,"/Date(1701242889000)/",10850,200,7087100,77039000000,0,true,0
"SHB",142730,"/Date(1701242887000)/",10850,200,7086900,77037000000,0,true,0
"SHB",142730,"/Date(1701242884000)/",10850,200,7086700,77035000000,0,true,0
"SHB",142727,"/Date(1701242883000)/",10850,200,7086500,77033000000,0,true,0
"SHB",142727,"/Date(1701242882000)/",10850,200,7086300,77030000000,0,true,0
"SHB",142723,"/Date(1701242880000)/",10850,200,7086100,77028000000,0,true,0
"SHB",142723,"/Date(1701242878000)/",10850,200,7085900,77026000000,0,true,0
"SHB",142720,"/Date(1701242876000)/",10850,200,7085700,77024000000,0,true,0
"SHB",142720,"/Date(1701242875000)/",10850,200,7085500,77022000000,0,true,0
"SHB",142717,"/Date(1701242873000)/",10850,200,7085300,77019000000,0,true,0
"SHB",142714,"/Date(1701242871000)/",10850,200,7085100,77017000000,0,true,0
"SHB",142714,"/Date(1701242869000)/",10850,200,7084900,77015000000,0,true,0
"SHB",142714,"/Date(1701242868000)/",10850,200,7084700,77013000000,0,true,0
"SHB",142714,"/Date(1701242866000)/",10850,200,7084500,77011000000,0,true,0
"SHB",142711,"/Date(1701242864000)/",10850,200,7084300,77009000000,0,true,0
"SHB",142704,"/Date(1701242862000)/",10850,200,7084100,77006000000,0,true,0
"SHB",142704,"/Date(1701242861000)/",10850,200,7083900,77004000000,0,true,0
"SHB",142704,"/Date(1701242859000)/",10850,200,7083700,77002000000,0,true,0
"SHB",142701,"/Date(1701242857000)/",10850,200,7083500,77000000000,0,true,0
"SHB",142658,"/Date(1701242855000)/",10850,200,7083300,76998000000,0,true,0
"SHB",142658,"/Date(1701242854000)/",10850,200,7083100,76996000000,0,true,0
"SHB",142655,"/Date(1701242852000)/",10850,200,7082900,76993000000,0,true,0
"SHB",142655,"/Date(1701242850000)/",10850,200,7082700,76991000000,0,true,0
"SHB",142655,"/Date(1701242849000)/",10850,500,7082500,76989000000,0,true,0
"SHB",142651,"/Date(1701242848000)/",10850,200,7082000,76984000000,0,true,0
"SHB",142651,"/Date(1701242847000)/",10850,200,7081800,76982000000,0,true,0
"SHB",142648,"/Date(1701242845000)/",10850,200,7081600,76979000000,0,true,0
"SHB",142648,"/Date(1701242843000)/",10850,200,7081400,76977000000,0,true,0
"SHB",142645,"/Date(1701242841000)/",10850,200,7081200,76975000000,0,true,0
"SHB",142645,"/Date(1701242840000)/",10850,200,7081000,76973000000,0,true,0
"SHB",142642,"/Date(1701242838000)/",10850,200,7080800,76971000000,0,true,0
"SHB",142639,"/Date(1701242836000)/",10850,200,7080600,76968000000,0,true,0
"SHB",142639,"/Date(1701242834000)/",10850,200,7080400,76966000000,0,true,0
"SHB",142635,"/Date(1701242833000)/",10850,200,7080200,76964000000,0,true,0
"SHB",142635,"/Date(1701242831000)/",10850,4600,7080000,76962000000,0,true,0
"SHB",142635,"/Date(1701242831000)/",10850,1000,7075400,76912000000,0,true,0
"SHB",142635,"/Date(1701242831000)/",10850,200,7074400,76901000000,0,true,0
"SHB",142635,"/Date(1701242831000)/",10850,1000,7074200,76899000000,0,true,0
"SHB",142635,"/Date(1701242831000)/",10850,6000,7073200,76888000000,0,true,0
"SHB",142635,"/Date(1701242831000)/",10850,200,7067200,76823000000,0,true,0
"SHB",142635,"/Date(1701242831000)/",10850,100,7067000,76821000000,0,true,0
"SHB",142635,"/Date(1701242831000)/",10850,20000,7066900,76820000000,0,true,0
"SHB",142635,"/Date(1701242831000)/",10850,5000,7046900,76603000000,0,true,0
"SHB",142635,"/Date(1701242831000)/",10850,100,7041900,76549000000,0,true,0
"SHB",142635,"/Date(1701242831000)/",10850,1000,7041800,76548000000,0,true,0
"SHB",142635,"/Date(1701242831000)/",10850,1000,7040800,76537000000,0,true,0
"SHB",142635,"/Date(1701242831000)/",10850,9800,7039800,76526000000,0,true,0
"SHB",142635,"/Date(1701242831000)/",10850,200,7030000,76419000000,0,true,0
"SHB",142632,"/Date(1701242829000)/",10850,200,7029800,76417000000,0,true,0
"SHB",142632,"/Date(1701242827000)/",10850,200,7029600,76415000000,0,true,0
"SHB",142629,"/Date(1701242826000)/",10850,200,7029400,76413000000,0,true,0
"SHB",142629,"/Date(1701242824000)/",10850,200,7029200,76411000000,0,true,0
"SHB",142626,"/Date(1701242822000)/",10850,200,7029000,76409000000,0,true,0
"SHB",142623,"/Date(1701242820000)/",10850,200,7028800,76406000000,0,true,0
"SHB",142623,"/Date(1701242819000)/",10850,200,7028600,76404000000,0,true,0
"SHB",142623,"/Date(1701242818000)/",10900,300,7028400,76402000000,50,false,0.46
"SHB",142620,"/Date(1701242817000)/",10850,200,7028100,76399000000,0,true,0
"SHB",142620,"/Date(1701242815000)/",10850,200,7027900,76397000000,0,true,0
"SHB",142616,"/Date(1701242813000)/",10850,200,7027700,76395000000,0,true,0
"SHB",142616,"/Date(1701242812000)/",10850,200,7027500,76392000000,0,true,0
"SHB",142613,"/Date(1701242810000)/",10850,200,7027300,76390000000,0,true,0
"SHB",142613,"/Date(1701242808000)/",10850,200,7027100,76388000000,0,true,0
"SHB",142610,"/Date(1701242806000)/",10850,200,7026900,76386000000,0,true,0
"SHB",142610,"/Date(1701242805000)/",10850,200,7026700,76384000000,0,true,0
"SHB",142607,"/Date(1701242803000)/",10850,200,7026500,76381000000,0,true,0
"SHB",142607,"/Date(1701242801000)/",10850,200,7026300,76379000000,0,true,0
"SHB",142603,"/Date(1701242800000)/",10850,100,7026100,76377000000,0,true,0
"SHB",142603,"/Date(1701242799000)/",10850,200,7026000,76376000000,0,true,0
"SHB",142603,"/Date(1701242798000)/",10850,200,7025800,76374000000,0,true,0
"SHB",142600,"/Date(1701242796000)/",10850,200,7025600,76372000000,0,true,0
"SHB",142557,"/Date(1701242794000)/",10850,200,7025400,76370000000,0,true,0
"SHB",142557,"/Date(1701242792000)/",10850,200,7025200,76367000000,0,true,0
"SHB",142554,"/Date(1701242791000)/",10850,200,7025000,76365000000,0,true,0
"SHB",142554,"/Date(1701242789000)/",10850,200,7024800,76363000000,0,true,0
"SHB",142551,"/Date(1701242787000)/",10850,200,7024600,76361000000,0,true,0
"SHB",142551,"/Date(1701242785000)/",10850,200,7024400,76359000000,0,true,0
"SHB",142547,"/Date(1701242784000)/",10850,200,7024200,76357000000,0,true,0
"SHB",142547,"/Date(1701242782000)/",10850,200,7024000,76354000000,0,true,0
"SHB",142544,"/Date(1701242780000)/",10850,200,7023800,76352000000,0,true,0
"SHB",142541,"/Date(1701242778000)/",10850,200,7023600,76350000000,0,true,0
"SHB",142541,"/Date(1701242777000)/",10850,200,7023400,76348000000,0,true,0
"SHB",142541,"/Date(1701242776000)/",10900,100,7023200,76346000000,50,false,0.46
"SHB",142541,"/Date(1701242776000)/",10900,700,7023100,76345000000,50,false,0.46
"SHB",142541,"/Date(1701242776000)/",10900,100,7022400,76337000000,50,false,0.46
"SHB",142541,"/Date(1701242776000)/",10900,1100,7022300,76336000000,50,false,0.46
"SHB",142538,"/Date(1701242775000)/",10850,200,7021200,76324000000,0,true,0
"SHB",142538,"/Date(1701242773000)/",10850,200,7021000,76322000000,0,true,0
"SHB",142535,"/Date(1701242771000)/",10850,200,7020800,76320000000,0,true,0
"SHB",142535,"/Date(1701242770000)/",10850,200,7020600,76317000000,0,true,0
"SHB",142532,"/Date(1701242768000)/",10850,200,7020400,76315000000,0,true,0
"SHB",142528,"/Date(1701242763000)/",10850,4800,7020200,76313000000,0,true,0
"SHB",142512,"/Date(1701242749000)/",10900,300,7015400,76261000000,50,false,0.46
"SHB",142512,"/Date(1701242749000)/",10900,400,7015100,76258000000,50,false,0.46
"SHB",142453,"/Date(1701242730000)/",10900,3700,7014700,76253000000,50,false,0.46
"SHB",142453,"/Date(1701242730000)/",10900,6300,7011000,76213000000,50,false,0.46
"SHB",142440,"/Date(1701242716000)/",10850,100,7004700,76144000000,0,true,0
"SHB",142440,"/Date(1701242714000)/",10850,700,7004600,76143000000,0,true,0
"SHB",142431,"/Date(1701242706000)/",10900,5000,7003900,76136000000,50,false,0.46
"SHB",142431,"/Date(1701242705000)/",10900,900,6998900,76081000000,50,false,0.46
"SHB",142418,"/Date(1701242695000)/",10900,100,6998000,76071000000,50,false,0.46
"SHB",142402,"/Date(1701242677000)/",10900,400,6997900,76070000000,50,false,0.46
"SHB",142352,"/Date(1701242668000)/",10900,100,6997500,76066000000,50,false,0.46
"SHB",142352,"/Date(1701242668000)/",10900,8000,6997400,76065000000,50,false,0.46
"SHB",142346,"/Date(1701242660000)/",10900,100,6989400,75978000000,50,false,0.46
"SHB",142343,"/Date(1701242659000)/",10900,1000,6989300,75977000000,50,false,0.46
"SHB",142340,"/Date(1701242655000)/",10900,300,6988300,75966000000,50,false,0.46
"SHB",142321,"/Date(1701242636000)/",10900,3000,6988000,75962000000,50,false,0.46
"SHB",142317,"/Date(1701242634000)/",10900,300,6985000,75930000000,50,false,0.46
"SHB",142308,"/Date(1701242622000)/",10900,1000,6984700,75926000000,50,false,0.46
"SHB",142305,"/Date(1701242621000)/",10850,100,6983700,75915000000,0,true,0
"SHB",142305,"/Date(1701242620000)/",10900,23500,6983600,75914000000,50,false,0.46
"SHB",142305,"/Date(1701242620000)/",10900,100,6960100,75658000000,50,false,0.46
"SHB",142305,"/Date(1701242620000)/",10900,100,6960000,75657000000,50,false,0.46
"SHB",142305,"/Date(1701242620000)/",10900,1000,6959900,75656000000,50,false,0.46
"SHB",142305,"/Date(1701242620000)/",10900,5000,6958900,75645000000,50,false,0.46
"SHB",142305,"/Date(1701242620000)/",10900,100,6953900,75591000000,50,false,0.46
"SHB",142305,"/Date(1701242620000)/",10900,100,6953800,75590000000,50,false,0.46
"SHB",142305,"/Date(1701242620000)/",10900,200,6953700,75588000000,50,false,0.46
"SHB",142305,"/Date(1701242620000)/",10900,1000,6953500,75586000000,50,false,0.46
"SHB",142305,"/Date(1701242620000)/",10900,1500,6952500,75575000000,50,false,0.46
"SHB",142305,"/Date(1701242620000)/",10900,1100,6951000,75559000000,50,false,0.46
"SHB",142305,"/Date(1701242620000)/",10900,2000,6949900,75547000000,50,false,0.46
"SHB",142305,"/Date(1701242620000)/",10900,400,6947900,75525000000,50,false,0.46
"SHB",142305,"/Date(1701242620000)/",10900,1000,6947500,75521000000,50,false,0.46
"SHB",142305,"/Date(1701242620000)/",10900,200,6946500,75510000000,50,false,0.46
"SHB",142305,"/Date(1701242620000)/",10900,10000,6946300,75508000000,50,false,0.46
"SHB",142305,"/Date(1701242620000)/",10900,2000,6936300,75399000000,50,false,0.46
"SHB",142305,"/Date(1701242620000)/",10900,700,6934300,75377000000,50,false,0.46
"SHB",142301,"/Date(1701242618000)/",10900,22700,6933600,75369000000,50,false,0.46
"SHB",142258,"/Date(1701242612000)/",10900,1000,6910900,75122000000,50,false,0.46
"SHB",142258,"/Date(1701242612000)/",10900,600,6909900,75111000000,50,false,0.46
"SHB",142258,"/Date(1701242612000)/",10900,400,6909300,75105000000,50,false,0.46
"SHB",142239,"/Date(1701242595000)/",10900,500,6908900,75100000000,50,false,0.46
"SHB",142230,"/Date(1701242585000)/",10900,200,6908400,75095000000,50,false,0.46
"SHB",142226,"/Date(1701242583000)/",10900,100,6908200,75093000000,50,false,0.46
"SHB",142226,"/Date(1701242582000)/",10900,200,6908100,75091000000,50,false,0.46
"SHB",142223,"/Date(1701242577000)/",10850,7200,6907900,75089000000,0,true,0
"SHB",142213,"/Date(1701242570000)/",10900,1600,6900700,75011000000,50,false,0.46
"SHB",142213,"/Date(1701242570000)/",10900,3400,6899100,74994000000,50,false,0.46
"SHB",142204,"/Date(1701242559000)/",10900,200,6895700,74957000000,50,false,0.46
"SHB",142148,"/Date(1701242542000)/",10900,100,6895500,74954000000,50,false,0.46
"SHB",142132,"/Date(1701242527000)/",10900,400,6895400,74953000000,50,false,0.46
"SHB",142132,"/Date(1701242527000)/",10900,600,6895000,74949000000,50,false,0.46
"SHB",142129,"/Date(1701242524000)/",10900,1000,6894400,74942000000,50,false,0.46
"SHB",142125,"/Date(1701242522000)/",10900,100,6893400,74932000000,50,false,0.46
"SHB",142119,"/Date(1701242513000)/",10900,4200,6893300,74930000000,50,false,0.46
"SHB",142119,"/Date(1701242513000)/",10900,15800,6889100,74885000000,50,false,0.46
"SHB",142113,"/Date(1701242507000)/",10900,400,6873300,74712000000,50,false,0.46
"SHB",142103,"/Date(1701242499000)/",10850,2000,6872900,74708000000,0,true,0
"SHB",142053,"/Date(1701242489000)/",10900,300,6870900,74686000000,50,false,0.46
"SHB",142025,"/Date(1701242460000)/",10900,200,6870600,74683000000,50,false,0.46
"SHB",142025,"/Date(1701242459000)/",10850,400,6870400,74681000000,0,true,0
"SHB",142015,"/Date(1701242450000)/",10900,700,6870000,74677000000,50,false,0.46
"SHB",142015,"/Date(1701242450000)/",10900,2300,6869300,74669000000,50,false,0.46
"SHB",142002,"/Date(1701242439000)/",10900,100,6867000,74644000000,50,false,0.46
"SHB",141953,"/Date(1701242427000)/",10900,200,6866900,74643000000,50,false,0.46
"SHB",141953,"/Date(1701242427000)/",10900,1000,6866700,74641000000,50,false,0.46
"SHB",141953,"/Date(1701242427000)/",10900,500,6865700,74630000000,50,false,0.46
"SHB",141953,"/Date(1701242427000)/",10900,2000,6865200,74624000000,50,false,0.46
"SHB",141953,"/Date(1701242427000)/",10900,2000,6863200,74603000000,50,false,0.46
"SHB",141953,"/Date(1701242427000)/",10900,1000,6861200,74581000000,50,false,0.46
"SHB",141953,"/Date(1701242427000)/",10900,6900,6860200,74570000000,50,false,0.46
"SHB",141950,"/Date(1701242426000)/",10900,5000,6853300,74495000000,50,true,0.46
"SHB",141937,"/Date(1701242410000)/",10900,25000,6848300,74440000000,50,true,0.46
"SHB",141930,"/Date(1701242406000)/",10900,400,6823300,74168000000,50,true,0.46
"SHB",141902,"/Date(1701242375000)/",10900,1000,6822900,74163000000,50,true,0.46
"SHB",141902,"/Date(1701242375000)/",10900,5000,6821900,74152000000,50,true,0.46
"SHB",141855,"/Date(1701242372000)/",10900,6600,6816900,74098000000,50,true,0.46
"SHB",141849,"/Date(1701242365000)/",10900,200,6810300,74026000000,50,true,0.46
"SHB",141849,"/Date(1701242364000)/",10900,100,6810100,74024000000,50,true,0.46
"SHB",141846,"/Date(1701242361000)/",10900,5000,6810000,74023000000,50,true,0.46
"SHB",141843,"/Date(1701242358000)/",10900,500,6805000,73968000000,50,true,0.46
"SHB",141836,"/Date(1701242352000)/",10900,5000,6804500,73963000000,50,true,0.46
"SHB",141836,"/Date(1701242352000)/",10900,39300,6799500,73908000000,50,true,0.46
"SHB",141836,"/Date(1701242352000)/",10900,1000,6760200,73480000000,50,true,0.46
"SHB",141836,"/Date(1701242352000)/",10900,3000,6759200,73469000000,50,true,0.46
"SHB",141836,"/Date(1701242352000)/",10900,500,6756200,73436000000,50,true,0.46
"SHB",141836,"/Date(1701242352000)/",10900,6200,6755700,73431000000,50,true,0.46
"SHB",141824,"/Date(1701242338000)/",10900,1000,6749500,73363000000,50,true,0.46
"SHB",141820,"/Date(1701242335000)/",10900,200,6748500,73352000000,50,false,0.46
"SHB",141820,"/Date(1701242335000)/",10900,2000,6748300,73350000000,50,false,0.46
"SHB",141820,"/Date(1701242335000)/",10900,200,6746300,73328000000,50,false,0.46
"SHB",141820,"/Date(1701242334000)/",10900,1800,6746100,73326000000,50,false,0.46
"SHB",141820,"/Date(1701242334000)/",10900,1000,6744300,73306000000,50,false,0.46
"SHB",141820,"/Date(1701242334000)/",10900,7200,6743300,73296000000,50,false,0.46
"SHB",141804,"/Date(1701242320000)/",10900,1800,6736100,73217000000,50,false,0.46
"SHB",141804,"/Date(1701242320000)/",10900,1200,6734300,73197000000,50,false,0.46
"SHB",141801,"/Date(1701242317000)/",10900,2400,6733100,73184000000,50,false,0.46
"SHB",141755,"/Date(1701242311000)/",10900,6400,6730700,73158000000,50,false,0.46
"SHB",141755,"/Date(1701242311000)/",10900,8000,6724300,73088000000,50,false,0.46
"SHB",141752,"/Date(1701242307000)/",10900,200,6716300,73001000000,50,false,0.46
"SHB",141745,"/Date(1701242302000)/",10900,2800,6716100,72999000000,50,false,0.46
"SHB",141745,"/Date(1701242302000)/",10900,1200,6713300,72969000000,50,false,0.46
"SHB",141736,"/Date(1701242291000)/",10900,100,6712100,72956000000,50,false,0.46
"SHB",141726,"/Date(1701242280000)/",10900,200,6712000,72954000000,50,false,0.46
"SHB",141720,"/Date(1701242275000)/",10900,1500,6711800,72952000000,50,false,0.46
"SHB",141720,"/Date(1701242275000)/",10900,1000,6710300,72936000000,50,false,0.46
"SHB",141720,"/Date(1701242275000)/",10900,1000,6709300,72925000000,50,false,0.46
"SHB",141720,"/Date(1701242275000)/",10900,7000,6708300,72914000000,50,false,0.46
"SHB",141707,"/Date(1701242261000)/",10900,1000,6701300,72838000000,50,false,0.46
"SHB",141704,"/Date(1701242259000)/",10850,500,6700300,72827000000,0,true,0
"SHB",141641,"/Date(1701242236000)/",10900,2000,6699800,72821000000,50,false,0.46
"SHB",141638,"/Date(1701242233000)/",10900,5400,6697800,72800000000,50,false,0.46
"SHB",141635,"/Date(1701242230000)/",10900,400,6692400,72741000000,50,false,0.46
"SHB",141613,"/Date(1701242207000)/",10900,1000,6692000,72736000000,50,false,0.46
"SHB",141613,"/Date(1701242207000)/",10900,3200,6691000,72726000000,50,false,0.46
"SHB",141603,"/Date(1701242198000)/",10900,16800,6687800,72691000000,50,true,0.46
"SHB",141603,"/Date(1701242198000)/",10900,200,6671000,72508000000,50,true,0.46
"SHB",141603,"/Date(1701242198000)/",10900,2000,6670800,72505000000,50,true,0.46
"SHB",141603,"/Date(1701242198000)/",10900,1000,6668800,72484000000,50,true,0.46
"SHB",141603,"/Date(1701242197000)/",10900,200,6667800,72473000000,50,true,0.46
"SHB",141557,"/Date(1701242192000)/",10900,800,6667600,72470000000,50,true,0.46
"SHB",141557,"/Date(1701242192000)/",10900,200,6666800,72462000000,50,true,0.46
"SHB",141557,"/Date(1701242192000)/",10900,3000,6666600,72460000000,50,true,0.46
"SHB",141557,"/Date(1701242191000)/",10900,300,6663600,72427000000,50,true,0.46
"SHB",141547,"/Date(1701242181000)/",10900,300,6663300,72424000000,50,true,0.46
"SHB",141547,"/Date(1701242181000)/",10900,100,6663000,72420000000,50,true,0.46
"SHB",141547,"/Date(1701242181000)/",10900,1600,6662900,72419000000,50,true,0.46
"SHB",141541,"/Date(1701242176000)/",10900,3000,6661300,72402000000,50,true,0.46
"SHB",141534,"/Date(1701242170000)/",10900,100,6658300,72369000000,50,true,0.46
"SHB",141534,"/Date(1701242167000)/",10900,100,6658200,72368000000,50,true,0.46
"SHB",141528,"/Date(1701242164000)/",10900,100,6658100,72367000000,50,true,0.46
"SHB",141522,"/Date(1701242156000)/",10900,300,6658000,72366000000,50,true,0.46
"SHB",141522,"/Date(1701242154000)/",10900,1000,6657700,72363000000,50,true,0.46
"SHB",141518,"/Date(1701242152000)/",10900,200,6656700,72352000000,50,true,0.46
"SHB",141515,"/Date(1701242150000)/",10900,100,6656500,72349000000,50,true,0.46
"SHB",141512,"/Date(1701242148000)/",10900,500,6656400,72348000000,50,true,0.46
"SHB",141506,"/Date(1701242142000)/",10900,12400,6655900,72343000000,50,true,0.46
"SHB",141506,"/Date(1701242141000)/",10900,500,6643500,72208000000,50,true,0.46
"SHB",141506,"/Date(1701242141000)/",10900,31000,6643000,72202000000,50,true,0.46
"SHB",141506,"/Date(1701242140000)/",10900,1700,6612000,71864000000,50,true,0.46
"SHB",141502,"/Date(1701242137000)/",10900,1000,6610300,71846000000,50,true,0.46
"SHB",141502,"/Date(1701242136000)/",10900,7500,6609300,71835000000,50,true,0.46
"SHB",141459,"/Date(1701242133000)/",10900,1000,6601800,71753000000,50,true,0.46
"SHB",141459,"/Date(1701242133000)/",10900,500,6600800,71742000000,50,true,0.46
"SHB",141453,"/Date(1701242128000)/",10900,2000,6600300,71737000000,50,true,0.46
"SHB",141450,"/Date(1701242125000)/",10900,900,6598300,71715000000,50,true,0.46
"SHB",141446,"/Date(1701242122000)/",10900,1500,6597400,71705000000,50,true,0.46
"SHB",141446,"/Date(1701242120000)/",10900,200,6595900,71689000000,50,true,0.46
"SHB",141440,"/Date(1701242116000)/",10900,200,6595700,71687000000,50,true,0.46
"SHB",141437,"/Date(1701242111000)/",10900,5000,6595500,71685000000,50,true,0.46
"SHB",141431,"/Date(1701242106000)/",10900,100,6590500,71630000000,50,false,0.46
"SHB",141431,"/Date(1701242106000)/",10900,27500,6590400,71629000000,50,false,0.46
"SHB",141424,"/Date(1701242100000)/",10850,100,6562900,71329000000,0,true,0
"SHB",141424,"/Date(1701242100000)/",10900,2500,6562800,71328000000,50,false,0.46
"SHB",141424,"/Date(1701242100000)/",10900,2500,6560300,71301000000,50,false,0.46
"SHB",141424,"/Date(1701242097000)/",10900,20000,6557800,71274000000,50,false,0.46
"SHB",141408,"/Date(1701242083000)/",10900,900,6537800,71056000000,50,false,0.46
"SHB",141405,"/Date(1701242080000)/",10900,400,6536900,71046000000,50,true,0.46
"SHB",141405,"/Date(1701242080000)/",10900,500,6536500,71042000000,50,true,0.46
"SHB",141405,"/Date(1701242080000)/",10900,3000,6536000,71036000000,50,true,0.46
"SHB",141405,"/Date(1701242080000)/",10900,600,6533000,71003000000,50,true,0.46
"SHB",141405,"/Date(1701242080000)/",10900,100,6532400,70997000000,50,true,0.46
"SHB",141405,"/Date(1701242080000)/",10900,500,6532300,70996000000,50,true,0.46
"SHB",141405,"/Date(1701242080000)/",10900,200,6531800,70990000000,50,true,0.46
"SHB",141405,"/Date(1701242080000)/",10900,100,6531600,70988000000,50,true,0.46
"SHB",141405,"/Date(1701242080000)/",10900,100,6531500,70987000000,50,true,0.46
"SHB",141405,"/Date(1701242080000)/",10900,500,6531400,70986000000,50,true,0.46
"SHB",141405,"/Date(1701242080000)/",10900,200,6530900,70980000000,50,true,0.46
"SHB",141405,"/Date(1701242080000)/",10900,1000,6530700,70978000000,50,true,0.46
"SHB",141405,"/Date(1701242080000)/",10900,300,6529700,70967000000,50,true,0.46
"SHB",141402,"/Date(1701242077000)/",10900,200,6529400,70964000000,50,true,0.46
"SHB",141402,"/Date(1701242076000)/",10900,4500,6529200,70962000000,50,true,0.46
"SHB",141402,"/Date(1701242076000)/",10900,1000,6524700,70913000000,50,true,0.46
"SHB",141402,"/Date(1701242076000)/",10900,100,6523700,70902000000,50,true,0.46
"SHB",141402,"/Date(1701242076000)/",10900,100,6523600,70901000000,50,true,0.46
"SHB",141402,"/Date(1701242076000)/",10900,1000,6523500,70900000000,50,true,0.46
"SHB",141402,"/Date(1701242076000)/",10900,200,6522500,70889000000,50,true,0.46
"SHB",141402,"/Date(1701242076000)/",10900,100,6522300,70887000000,50,true,0.46
"SHB",141402,"/Date(1701242076000)/",10900,1000,6522200,70886000000,50,true,0.46
"SHB",141402,"/Date(1701242076000)/",10900,200,6521200,70875000000,50,true,0.46
"SHB",141402,"/Date(1701242076000)/",10900,100,6521000,70873000000,50,true,0.46
"SHB",141402,"/Date(1701242076000)/",10900,1400,6520900,70871000000,50,true,0.46
"SHB",141402,"/Date(1701242076000)/",10900,1000,6519500,70856000000,50,true,0.46
"SHB",141402,"/Date(1701242076000)/",10900,500,6518500,70845000000,50,true,0.46
"SHB",141402,"/Date(1701242076000)/",10900,100,6518000,70840000000,50,true,0.46
"SHB",141402,"/Date(1701242076000)/",10900,5000,6517900,70839000000,50,true,0.46
"SHB",141402,"/Date(1701242076000)/",10900,100,6512900,70784000000,50,true,0.46
"SHB",141402,"/Date(1701242076000)/",10900,300,6512800,70783000000,50,true,0.46
"SHB",141402,"/Date(1701242076000)/",10900,100,6512500,70780000000,50,true,0.46
"SHB",141402,"/Date(1701242076000)/",10900,23300,6512400,70779000000,50,true,0.46
"SHB",141402,"/Date(1701242075000)/",10900,27900,6489100,70525000000,50,true,0.46
"SHB",141359,"/Date(1701242074000)/",10900,18300,6461200,70221000000,50,true,0.46
"SHB",141359,"/Date(1701242074000)/",10900,1000,6442900,70021000000,50,true,0.46
"SHB",141359,"/Date(1701242073000)/",10900,50000,6441900,70010000000,50,true,0.46
"SHB",141359,"/Date(1701242072000)/",10900,100,6391900,69465000000,50,true,0.46
"SHB",141355,"/Date(1701242071000)/",10900,5000,6391800,69464000000,50,true,0.46
"SHB",141355,"/Date(1701242070000)/",10900,40000,6386800,69410000000,50,true,0.46
"SHB",141355,"/Date(1701242069000)/",10900,4800,6346800,68974000000,50,true,0.46
"SHB",141355,"/Date(1701242069000)/",10900,4800,6342000,68921000000,50,true,0.46
"SHB",141355,"/Date(1701242068000)/",10950,400,6337200,68869000000,100,false,0.92
"SHB",141352,"/Date(1701242068000)/",10900,4800,6336800,68865000000,50,true,0.46
"SHB",141352,"/Date(1701242068000)/",10900,4800,6332000,68812000000,50,true,0.46
"SHB",141352,"/Date(1701242066000)/",10900,4800,6327200,68760000000,50,true,0.46
"SHB",141352,"/Date(1701242065000)/",10900,300,6322400,68708000000,50,true,0.46
"SHB",141343,"/Date(1701242058000)/",10900,10000,6322100,68705000000,50,true,0.46
"SHB",141339,"/Date(1701242055000)/",10900,3500,6312100,68596000000,50,true,0.46
"SHB",141336,"/Date(1701242051000)/",10900,1000,6308600,68557000000,50,true,0.46
"SHB",141301,"/Date(1701242016000)/",10900,800,6307600,68546000000,50,true,0.46
"SHB",141226,"/Date(1701241981000)/",10950,200,6306800,68538000000,100,false,0.92
"SHB",141226,"/Date(1701241981000)/",10950,800,6306600,68536000000,100,false,0.92
"SHB",141216,"/Date(1701241971000)/",10950,1000,6305800,68527000000,100,false,0.92
"SHB",141148,"/Date(1701241943000)/",10950,700,6304800,68516000000,100,false,0.92
"SHB",141106,"/Date(1701241902000)/",10950,300,6304100,68508000000,100,false,0.92
"SHB",141106,"/Date(1701241899000)/",10950,200,6303800,68505000000,100,false,0.92
"SHB",141106,"/Date(1701241899000)/",10950,300,6303600,68503000000,100,false,0.92
"SHB",141103,"/Date(1701241896000)/",10900,10000,6303300,68499000000,50,true,0.46
"SHB",141100,"/Date(1701241894000)/",10900,2000,6293300,68390000000,50,true,0.46
"SHB",141057,"/Date(1701241890000)/",10950,400,6291300,68369000000,100,false,0.92
"SHB",141057,"/Date(1701241890000)/",10950,100,6290900,68364000000,100,false,0.92
"SHB",141057,"/Date(1701241890000)/",10950,300,6290800,68363000000,100,false,0.92
"SHB",141057,"/Date(1701241890000)/",10950,2000,6290500,68360000000,100,false,0.92
"SHB",141057,"/Date(1701241890000)/",10950,200,6288500,68338000000,100,false,0.92
"SHB",141057,"/Date(1701241890000)/",10950,200,6288300,68336000000,100,false,0.92
"SHB",141057,"/Date(1701241890000)/",10950,200,6288100,68334000000,100,false,0.92
"SHB",141057,"/Date(1701241890000)/",10950,300,6287900,68331000000,100,false,0.92
"SHB",141057,"/Date(1701241890000)/",10950,200,6287600,68328000000,100,false,0.92
"SHB",141057,"/Date(1701241890000)/",10950,5000,6287400,68326000000,100,false,0.92
"SHB",141057,"/Date(1701241890000)/",10950,100,6282400,68271000000,100,false,0.92
"SHB",141057,"/Date(1701241890000)/",10950,300,6282300,68270000000,100,false,0.92
"SHB",141057,"/Date(1701241890000)/",10950,300,6282000,68267000000,100,false,0.92
"SHB",141057,"/Date(1701241890000)/",10950,100,6281700,68264000000,100,false,0.92
"SHB",141057,"/Date(1701241890000)/",10950,300,6281600,68262000000,100,false,0.92
"SHB",141057,"/Date(1701241890000)/",10950,7000,6281300,68259000000,100,false,0.92
"SHB",141057,"/Date(1701241890000)/",10950,500,6274300,68182000000,100,false,0.92
"SHB",141057,"/Date(1701241890000)/",10950,1000,6273800,68177000000,100,false,0.92
"SHB",141053,"/Date(1701241888000)/",10950,100,6272800,68166000000,100,false,0.92
"SHB",141047,"/Date(1701241881000)/",10950,200,6272700,68165000000,100,false,0.92
"SHB",141038,"/Date(1701241870000)/",10950,1000,6272500,68163000000,100,false,0.92
"SHB",141034,"/Date(1701241870000)/",10950,1900,6271500,68152000000,100,false,0.92
"SHB",141031,"/Date(1701241865000)/",10900,100,6269600,68131000000,50,true,0.46
"SHB",141015,"/Date(1701241850000)/",10900,500,6269500,68130000000,50,true,0.46
"SHB",141015,"/Date(1701241850000)/",10950,24000,6269000,68124000000,100,false,0.92
"SHB",141006,"/Date(1701241841000)/",10950,15000,6245000,67862000000,100,false,0.92
"SHB",140953,"/Date(1701241826000)/",10900,32000,6230000,67697000000,50,true,0.46
"SHB",140950,"/Date(1701241824000)/",10900,2000,6198000,67349000000,50,true,0.46
"SHB",140930,"/Date(1701241806000)/",10900,300,6196000,67327000000,50,true,0.46
"SHB",140930,"/Date(1701241805000)/",10900,500,6195700,67324000000,50,true,0.46
"SHB",140911,"/Date(1701241784000)/",10900,47400,6195200,67318000000,50,true,0.46
"SHB",140911,"/Date(1701241784000)/",10900,1000,6147800,66801000000,50,true,0.46
"SHB",140911,"/Date(1701241784000)/",10900,10000,6146800,66791000000,50,true,0.46
"SHB",140911,"/Date(1701241784000)/",10900,2000,6136800,66682000000,50,true,0.46
"SHB",140911,"/Date(1701241784000)/",10900,18900,6134800,66660000000,50,true,0.46
"SHB",140911,"/Date(1701241784000)/",10900,5500,6115900,66454000000,50,true,0.46
"SHB",140911,"/Date(1701241784000)/",10900,600,6110400,66394000000,50,true,0.46
"SHB",140911,"/Date(1701241784000)/",10900,200,6109800,66387000000,50,true,0.46
"SHB",140911,"/Date(1701241784000)/",10900,4400,6109600,66385000000,50,true,0.46
"SHB",140908,"/Date(1701241781000)/",10900,1000,6105200,66337000000,50,true,0.46
"SHB",140846,"/Date(1701241759000)/",10950,900,6104200,66326000000,100,false,0.92
"SHB",140846,"/Date(1701241759000)/",10950,17400,6103300,66316000000,100,false,0.92
"SHB",140846,"/Date(1701241759000)/",10950,500,6085900,66126000000,100,false,0.92
"SHB",140846,"/Date(1701241759000)/",10950,1000,6085400,66120000000,100,false,0.92
"SHB",140846,"/Date(1701241759000)/",10950,300,6084400,66109000000,100,false,0.92
"SHB",140846,"/Date(1701241759000)/",10950,1000,6084100,66106000000,100,false,0.92
"SHB",140846,"/Date(1701241759000)/",10950,3800,6083100,66095000000,100,false,0.92
"SHB",140836,"/Date(1701241751000)/",10900,100,6079300,66054000000,50,true,0.46
"SHB",140814,"/Date(1701241728000)/",10950,500,6079200,66052000000,100,false,0.92
"SHB",140751,"/Date(1701241706000)/",10900,4500,6078700,66047000000,50,true,0.46
"SHB",140751,"/Date(1701241706000)/",10900,1500,6074200,65998000000,50,true,0.46
"SHB",140742,"/Date(1701241695000)/",10950,700,6072700,65982000000,100,false,0.92
"SHB",140742,"/Date(1701241695000)/",10950,500,6072000,65974000000,100,false,0.92
"SHB",140742,"/Date(1701241695000)/",10950,4000,6071500,65968000000,100,false,0.92
"SHB",140742,"/Date(1701241695000)/",10950,18800,6067500,65925000000,100,false,0.92
"SHB",140726,"/Date(1701241680000)/",10950,1000,6048700,65719000000,100,false,0.92
"SHB",140720,"/Date(1701241675000)/",10900,100,6047700,65708000000,50,true,0.46
"SHB",140651,"/Date(1701241644000)/",10950,1000,6047600,65707000000,100,false,0.92
"SHB",140651,"/Date(1701241643000)/",10950,1000,6046600,65696000000,100,false,0.92
"SHB",140632,"/Date(1701241625000)/",10950,100,6045600,65685000000,100,false,0.92
"SHB",140613,"/Date(1701241607000)/",10950,24000,6045500,65684000000,100,false,0.92
"SHB",140557,"/Date(1701241589000)/",10900,1400,6021500,65421000000,50,true,0.46
"SHB",140557,"/Date(1701241589000)/",10900,200,6020100,65406000000,50,true,0.46
"SHB",140550,"/Date(1701241585000)/",10900,100,6019900,65404000000,50,false,0.46
"SHB",140550,"/Date(1701241585000)/",10900,300,6019800,65402000000,50,false,0.46
"SHB",140547,"/Date(1701241580000)/",10950,1400,6019500,65399000000,100,false,0.92
"SHB",140547,"/Date(1701241580000)/",10900,1000,6018100,65384000000,50,false,0.46
"SHB",140547,"/Date(1701241580000)/",10900,400,6017100,65373000000,50,false,0.46
"SHB",140547,"/Date(1701241580000)/",10900,1700,6016700,65369000000,50,false,0.46
"SHB",140547,"/Date(1701241580000)/",10900,48300,6015000,65350000000,50,false,0.46
"SHB",140547,"/Date(1701241580000)/",10900,100,5966700,64824000000,50,false,0.46
"SHB",140547,"/Date(1701241580000)/",10900,10000,5966600,64822000000,50,false,0.46
"SHB",140547,"/Date(1701241580000)/",10900,300,5956600,64713000000,50,false,0.46
"SHB",140547,"/Date(1701241580000)/",10900,400,5956300,64710000000,50,false,0.46
"SHB",140547,"/Date(1701241580000)/",10900,100,5955900,64706000000,50,false,0.46
"SHB",140547,"/Date(1701241580000)/",10900,5000,5955800,64705000000,50,false,0.46
"SHB",140547,"/Date(1701241580000)/",10900,1000,5950800,64650000000,50,false,0.46
"SHB",140547,"/Date(1701241580000)/",10900,1000,5949800,64639000000,50,false,0.46
"SHB",140547,"/Date(1701241580000)/",10900,2000,5948800,64628000000,50,false,0.46
"SHB",140547,"/Date(1701241580000)/",10900,400,5946800,64607000000,50,false,0.46
"SHB",140547,"/Date(1701241580000)/",10900,100,5946400,64602000000,50,false,0.46
"SHB",140547,"/Date(1701241580000)/",10900,3000,5946300,64601000000,50,false,0.46
"SHB",140547,"/Date(1701241580000)/",10900,20000,5943300,64568000000,50,false,0.46
"SHB",140547,"/Date(1701241580000)/",10900,6700,5923300,64350000000,50,false,0.46
"SHB",140547,"/Date(1701241580000)/",10900,700,5916600,64277000000,50,false,0.46
"SHB",140547,"/Date(1701241580000)/",10900,5000,5915900,64270000000,50,false,0.46
"SHB",140547,"/Date(1701241580000)/",10900,2000,5910900,64215000000,50,false,0.46
"SHB",140547,"/Date(1701241580000)/",10900,100,5908900,64194000000,50,false,0.46
"SHB",140547,"/Date(1701241580000)/",10900,50000,5908800,64192000000,50,false,0.46
"SHB",140547,"/Date(1701241580000)/",10900,200,5858800,63647000000,50,false,0.46
"SHB",140547,"/Date(1701241580000)/",10900,100,5858600,63645000000,50,false,0.46
"SHB",140547,"/Date(1701241580000)/",10900,10000,5858500,63644000000,50,false,0.46
"SHB",140547,"/Date(1701241580000)/",10900,100,5848500,63535000000,50,false,0.46
"SHB",140547,"/Date(1701241580000)/",10900,1000,5848400,63534000000,50,false,0.46
"SHB",140547,"/Date(1701241580000)/",10900,1100,5847400,63523000000,50,false,0.46
"SHB",140547,"/Date(1701241580000)/",10900,100,5846300,63511000000,50,false,0.46
"SHB",140547,"/Date(1701241580000)/",10900,100,5846200,63510000000,50,false,0.46
"SHB",140547,"/Date(1701241580000)/",10900,20000,5846100,63509000000,50,false,0.46
"SHB",140547,"/Date(1701241580000)/",10900,100,5826100,63291000000,50,false,0.46
"SHB",140547,"/Date(1701241580000)/",10900,1000,5826000,63290000000,50,false,0.46
"SHB",140547,"/Date(1701241580000)/",10900,5000,5825000,63279000000,50,false,0.46
"SHB",140547,"/Date(1701241580000)/",10900,500,5820000,63225000000,50,false,0.46
"SHB",140547,"/Date(1701241580000)/",10900,4500,5819500,63219000000,50,false,0.46
"SHB",140537,"/Date(1701241572000)/",10900,100,5815000,63170000000,50,false,0.46
"SHB",140534,"/Date(1701241569000)/",10900,400,5814900,63169000000,50,false,0.46
"SHB",140534,"/Date(1701241569000)/",10900,9600,5814500,63165000000,50,false,0.46
"SHB",140534,"/Date(1701241567000)/",10900,3400,5804900,63060000000,50,false,0.46
"SHB",140534,"/Date(1701241567000)/",10900,600,5801500,63023000000,50,false,0.46
"SHB",140534,"/Date(1701241567000)/",10900,500,5800900,63016000000,50,false,0.46
"SHB",140534,"/Date(1701241567000)/",10900,1000,5800400,63011000000,50,false,0.46
"SHB",140534,"/Date(1701241567000)/",10900,1000,5799400,63000000000,50,false,0.46
"SHB",140534,"/Date(1701241567000)/",10900,1000,5798400,62989000000,50,false,0.46
"SHB",140534,"/Date(1701241567000)/",10900,2500,5797400,62978000000,50,false,0.46
"SHB",140531,"/Date(1701241563000)/",10900,3500,5794900,62951000000,50,false,0.46
"SHB",140531,"/Date(1701241563000)/",10900,1000,5791400,62913000000,50,false,0.46
"SHB",140531,"/Date(1701241563000)/",10900,5000,5790400,62902000000,50,false,0.46
"SHB",140531,"/Date(1701241563000)/",10900,300,5785400,62847000000,50,false,0.46
"SHB",140531,"/Date(1701241563000)/",10900,4600,5785100,62844000000,50,false,0.46
"SHB",140531,"/Date(1701241563000)/",10900,600,5780500,62794000000,50,false,0.46
"SHB",140522,"/Date(1701241556000)/",10900,500,5779900,62787000000,50,false,0.46
"SHB",140522,"/Date(1701241554000)/",10900,15000,5779400,62782000000,50,false,0.46
"SHB",140518,"/Date(1701241551000)/",10900,14400,5764400,62618000000,50,false,0.46
"SHB",140512,"/Date(1701241545000)/",10900,5000,5750000,62462000000,50,false,0.46
"SHB",140506,"/Date(1701241539000)/",10900,7900,5745000,62407000000,50,false,0.46
"SHB",140459,"/Date(1701241533000)/",10900,5000,5737100,62321000000,50,false,0.46
"SHB",140456,"/Date(1701241531000)/",10900,1600,5732100,62266000000,50,false,0.46
"SHB",140456,"/Date(1701241531000)/",10900,10000,5730500,62249000000,50,false,0.46
"SHB",140456,"/Date(1701241531000)/",10900,2800,5720500,62140000000,50,false,0.46
"SHB",140443,"/Date(1701241518000)/",10900,900,5717700,62109000000,50,false,0.46
"SHB",140443,"/Date(1701241517000)/",10900,100,5716800,62100000000,50,false,0.46
"SHB",140443,"/Date(1701241516000)/",10900,2000,5716700,62099000000,50,false,0.46
"SHB",140443,"/Date(1701241516000)/",10900,5200,5714700,62077000000,50,false,0.46
"SHB",140443,"/Date(1701241516000)/",10900,100,5709500,62020000000,50,false,0.46
"SHB",140443,"/Date(1701241516000)/",10900,400,5709400,62019000000,50,false,0.46
"SHB",140443,"/Date(1701241516000)/",10900,100,5709000,62015000000,50,false,0.46
"SHB",140443,"/Date(1701241516000)/",10900,100,5708900,62014000000,50,false,0.46
"SHB",140443,"/Date(1701241516000)/",10900,2100,5708800,62012000000,50,false,0.46
"SHB",140437,"/Date(1701241512000)/",10900,200,5706700,61990000000,50,false,0.46
"SHB",140434,"/Date(1701241508000)/",10900,100,5706500,61987000000,50,false,0.46
"SHB",140434,"/Date(1701241506000)/",10900,14400,5706400,61986000000,50,false,0.46
"SHB",140427,"/Date(1701241501000)/",10900,3200,5692000,61829000000,50,false,0.46
"SHB",140427,"/Date(1701241501000)/",10900,300,5688800,61794000000,50,false,0.46
"SHB",140427,"/Date(1701241501000)/",10900,300,5688500,61791000000,50,false,0.46
"SHB",140427,"/Date(1701241501000)/",10900,300,5688200,61788000000,50,false,0.46
"SHB",140427,"/Date(1701241501000)/",10900,1000,5687900,61785000000,50,false,0.46
"SHB",140427,"/Date(1701241501000)/",10900,30000,5686900,61774000000,50,false,0.46
"SHB",140427,"/Date(1701241501000)/",10900,9900,5656900,61447000000,50,false,0.46
"SHB",140424,"/Date(1701241496000)/",10900,500,5647000,61339000000,50,false,0.46
"SHB",140415,"/Date(1701241489000)/",10900,100,5646500,61333000000,50,false,0.46
"SHB",140415,"/Date(1701241489000)/",10900,900,5646400,61332000000,50,false,0.46
"SHB",140411,"/Date(1701241483000)/",10900,100,5645500,61322000000,50,false,0.46
"SHB",140411,"/Date(1701241483000)/",10900,14300,5645400,61321000000,50,false,0.46
"SHB",140349,"/Date(1701241462000)/",10900,5700,5631100,61166000000,50,false,0.46
"SHB",140349,"/Date(1701241462000)/",10900,5500,5625400,61103000000,50,false,0.46
"SHB",140349,"/Date(1701241462000)/",10900,100,5619900,61043000000,50,false,0.46
"SHB",140349,"/Date(1701241462000)/",10900,100,5619800,61042000000,50,false,0.46
"SHB",140349,"/Date(1701241462000)/",10900,100,5619700,61041000000,50,false,0.46
"SHB",140349,"/Date(1701241462000)/",10900,2000,5619600,61040000000,50,false,0.46
"SHB",140349,"/Date(1701241462000)/",10900,900,5617600,61018000000,50,false,0.46
"SHB",140346,"/Date(1701241459000)/",10900,9100,5616700,61009000000,50,false,0.46
"SHB",140346,"/Date(1701241459000)/",10900,1000,5607600,60909000000,50,false,0.46
"SHB",140346,"/Date(1701241459000)/",10900,100,5606600,60898000000,50,false,0.46
"SHB",140346,"/Date(1701241459000)/",10900,7000,5606500,60897000000,50,false,0.46
"SHB",140346,"/Date(1701241459000)/",10900,2000,5599500,60821000000,50,false,0.46
"SHB",140343,"/Date(1701241457000)/",10900,500,5597500,60799000000,50,false,0.46
"SHB",140343,"/Date(1701241456000)/",10900,500,5597000,60794000000,50,false,0.46
"SHB",140320,"/Date(1701241435000)/",10900,4800,5596500,60788000000,50,false,0.46
"SHB",140220,"/Date(1701241373000)/",10850,100,5591700,60736000000,0,true,0
"SHB",140210,"/Date(1701241365000)/",10850,200,5591600,60735000000,0,true,0
"SHB",140148,"/Date(1701241342000)/",10900,2200,5591400,60733000000,50,false,0.46
"SHB",140148,"/Date(1701241342000)/",10900,1000,5589200,60709000000,50,false,0.46
"SHB",140148,"/Date(1701241342000)/",10900,100,5588200,60698000000,50,false,0.46
"SHB",140148,"/Date(1701241342000)/",10900,15000,5588100,60697000000,50,false,0.46
"SHB",140148,"/Date(1701241342000)/",10900,2000,5573100,60533000000,50,false,0.46
"SHB",140148,"/Date(1701241342000)/",10900,100,5571100,60512000000,50,false,0.46
"SHB",140148,"/Date(1701241342000)/",10900,1000,5571000,60510000000,50,false,0.46
"SHB",140148,"/Date(1701241342000)/",10900,2600,5570000,60500000000,50,false,0.46
"SHB",140138,"/Date(1701241330000)/",10900,1000,5567400,60471000000,50,false,0.46
"SHB",140119,"/Date(1701241313000)/",10900,100,5566400,60460000000,50,false,0.46
"SHB",140106,"/Date(1701241301000)/",10850,500,5566300,60459000000,0,true,0
"SHB",140100,"/Date(1701241294000)/",10900,200,5565800,60454000000,50,false,0.46
"SHB",140057,"/Date(1701241291000)/",10900,6100,5565600,60452000000,50,false,0.46
"SHB",140057,"/Date(1701241291000)/",10900,8300,5559500,60385000000,50,false,0.46
"SHB",140057,"/Date(1701241290000)/",10900,1000,5551200,60295000000,50,false,0.46
"SHB",140047,"/Date(1701241281000)/",10900,300,5550200,60284000000,50,false,0.46
"SHB",140041,"/Date(1701241275000)/",10900,14400,5549900,60280000000,50,false,0.46
"SHB",140034,"/Date(1701241267000)/",10900,10000,5535500,60124000000,50,false,0.46
"SHB",140031,"/Date(1701241266000)/",10850,1000,5525500,60015000000,0,true,0
"SHB",140031,"/Date(1701241266000)/",10850,500,5524500,60004000000,0,true,0
"SHB",140031,"/Date(1701241265000)/",10900,3000,5524000,59998000000,50,false,0.46
"SHB",140031,"/Date(1701241265000)/",10850,200,5521000,59966000000,0,true,0
"SHB",140025,"/Date(1701241259000)/",10900,4800,5520800,59963000000,50,false,0.46
"SHB",140022,"/Date(1701241254000)/",10900,1000,5516000,59911000000,50,false,0.46
"SHB",140019,"/Date(1701241252000)/",10900,500,5515000,59900000000,50,false,0.46
"SHB",140012,"/Date(1701241244000)/",10900,6700,5514500,59895000000,50,false,0.46
"SHB",140012,"/Date(1701241244000)/",10900,10000,5507800,59822000000,50,false,0.46
"SHB",140012,"/Date(1701241244000)/",10900,5000,5497800,59713000000,50,false,0.46
"SHB",140012,"/Date(1701241244000)/",10900,500,5492800,59658000000,50,false,0.46
"SHB",140012,"/Date(1701241244000)/",10900,1000,5492300,59653000000,50,false,0.46
"SHB",140012,"/Date(1701241244000)/",10900,200,5491300,59642000000,50,false,0.46
"SHB",140012,"/Date(1701241244000)/",10900,300,5491100,59640000000,50,false,0.46
"SHB",140012,"/Date(1701241244000)/",10900,300,5490800,59636000000,50,false,0.46
"SHB",140009,"/Date(1701241242000)/",10900,700,5490500,59633000000,50,false,0.46
"SHB",140009,"/Date(1701241242000)/",10900,4100,5489800,59625000000,50,false,0.46
"SHB",135940,"/Date(1701241213000)/",10900,1600,5485700,59581000000,50,false,0.46
"SHB",135924,"/Date(1701241198000)/",10900,500,5484100,59563000000,50,false,0.46
"SHB",135918,"/Date(1701241191000)/",10850,1000,5483600,59558000000,0,true,0
"SHB",135908,"/Date(1701241182000)/",10900,1500,5482600,59547000000,50,false,0.46
"SHB",135849,"/Date(1701241163000)/",10900,14400,5481100,59531000000,50,false,0.46
"SHB",135843,"/Date(1701241157000)/",10900,100,5466700,59374000000,50,false,0.46
"SHB",135820,"/Date(1701241135000)/",10850,200,5466600,59373000000,0,true,0
"SHB",135707,"/Date(1701241059000)/",10900,100,5466400,59370000000,50,false,0.46
"SHB",135704,"/Date(1701241056000)/",10850,1800,5466300,59369000000,0,true,0
"SHB",135704,"/Date(1701241056000)/",10850,2000,5464500,59350000000,0,true,0
"SHB",135704,"/Date(1701241056000)/",10850,200,5462500,59328000000,0,true,0
"SHB",135550,"/Date(1701240983000)/",10850,1800,5462300,59326000000,0,false,0
"SHB",135547,"/Date(1701240980000)/",10850,1000,5460500,59306000000,0,false,0
"SHB",135547,"/Date(1701240980000)/",10850,10000,5459500,59296000000,0,false,0
"SHB",135544,"/Date(1701240977000)/",10850,100,5449500,59187000000,0,false,0
"SHB",135544,"/Date(1701240977000)/",10850,100,5449400,59186000000,0,false,0
"SHB",135544,"/Date(1701240977000)/",10850,9800,5449300,59185000000,0,false,0
"SHB",135544,"/Date(1701240977000)/",10850,200,5439500,59079000000,0,false,0
"SHB",135450,"/Date(1701240923000)/",10850,11400,5439300,59076000000,0,true,0
"SHB",135450,"/Date(1701240922000)/",10850,500,5427900,58953000000,0,true,0
"SHB",135450,"/Date(1701240922000)/",10850,50000,5427400,58947000000,0,true,0
"SHB",135450,"/Date(1701240922000)/",10850,1700,5377400,58405000000,0,true,0
"SHB",135450,"/Date(1701240922000)/",10850,10000,5375700,58386000000,0,true,0
"SHB",135450,"/Date(1701240922000)/",10850,1000,5365700,58278000000,0,true,0
"SHB",135450,"/Date(1701240922000)/",10850,300,5364700,58267000000,0,true,0
"SHB",135450,"/Date(1701240922000)/",10850,4800,5364400,58264000000,0,true,0
"SHB",135450,"/Date(1701240922000)/",10850,14400,5359600,58212000000,0,true,0
"SHB",135450,"/Date(1701240922000)/",10850,2400,5345200,58055000000,0,true,0
"SHB",135450,"/Date(1701240922000)/",10850,1000,5342800,58029000000,0,true,0
"SHB",135450,"/Date(1701240922000)/",10850,20500,5341800,58019000000,0,true,0
"SHB",135424,"/Date(1701240898000)/",10850,10000,5321300,57796000000,0,true,0
"SHB",135415,"/Date(1701240886000)/",10850,10000,5311300,57688000000,0,true,0
"SHB",135408,"/Date(1701240882000)/",10900,4800,5301300,57579000000,50,false,0.46
"SHB",135405,"/Date(1701240877000)/",10850,10000,5296500,57527000000,0,true,0
"SHB",135359,"/Date(1701240872000)/",10850,10000,5286500,57418000000,0,false,0
"SHB",135359,"/Date(1701240871000)/",10850,2600,5276500,57310000000,0,false,0
"SHB",135359,"/Date(1701240871000)/",10850,15000,5273900,57282000000,0,false,0
"SHB",135359,"/Date(1701240871000)/",10850,2100,5258900,57119000000,0,false,0
"SHB",135359,"/Date(1701240871000)/",10850,2500,5256800,57096000000,0,false,0
"SHB",135359,"/Date(1701240871000)/",10850,77300,5254300,57069000000,0,false,0
"SHB",135359,"/Date(1701240870000)/",10850,2000,5177000,56230000000,0,false,0
"SHB",135352,"/Date(1701240866000)/",10850,800,5175000,56209000000,0,false,0
"SHB",135346,"/Date(1701240860000)/",10850,14400,5174200,56200000000,0,false,0
"SHB",135340,"/Date(1701240853000)/",10850,900,5159800,56044000000,0,false,0
"SHB",135340,"/Date(1701240852000)/",10850,100000,5158900,56034000000,0,false,0
"SHB",135327,"/Date(1701240840000)/",10850,100,5058900,54949000000,0,false,0
"SHB",135327,"/Date(1701240840000)/",10850,6100,5058800,54948000000,0,false,0
"SHB",135324,"/Date(1701240838000)/",10850,100,5052700,54882000000,0,false,0
"SHB",135324,"/Date(1701240837000)/",10850,10000,5052600,54880000000,0,false,0
"SHB",135305,"/Date(1701240818000)/",10850,1000,5042600,54772000000,0,false,0
"SHB",135305,"/Date(1701240817000)/",10850,200,5041600,54761000000,0,false,0
"SHB",135301,"/Date(1701240815000)/",10850,1000,5041400,54759000000,0,false,0
"SHB",135245,"/Date(1701240797000)/",10850,10000,5040400,54748000000,0,false,0
"SHB",135236,"/Date(1701240789000)/",10850,4800,5030400,54640000000,0,true,0
"SHB",135236,"/Date(1701240789000)/",10850,14400,5025600,54588000000,0,true,0
"SHB",135236,"/Date(1701240789000)/",10850,1000,5011200,54431000000,0,true,0
"SHB",135236,"/Date(1701240789000)/",10850,1000,5010200,54420000000,0,true,0
"SHB",135236,"/Date(1701240789000)/",10850,100,5009200,54410000000,0,true,0
"SHB",135236,"/Date(1701240789000)/",10850,5100,5009100,54409000000,0,true,0
"SHB",135236,"/Date(1701240789000)/",10850,1000,5004000,54353000000,0,true,0
"SHB",135236,"/Date(1701240789000)/",10850,500,5003000,54342000000,0,true,0
"SHB",135236,"/Date(1701240789000)/",10850,1000,5002500,54337000000,0,true,0
"SHB",135236,"/Date(1701240789000)/",10850,1000,5001500,54326000000,0,true,0
"SHB",135236,"/Date(1701240789000)/",10850,100,5000500,54315000000,0,true,0
"SHB",135236,"/Date(1701240789000)/",10850,400,5000400,54314000000,0,true,0
"SHB",135236,"/Date(1701240789000)/",10850,1000,5000000,54310000000,0,true,0
"SHB",135236,"/Date(1701240789000)/",10850,50000,4999000,54299000000,0,true,0
"SHB",135236,"/Date(1701240789000)/",10850,1500,4949000,53756000000,0,true,0
"SHB",135236,"/Date(1701240789000)/",10850,1500,4947500,53740000000,0,true,0
"SHB",135236,"/Date(1701240789000)/",10850,6200,4946000,53724000000,0,true,0
"SHB",135236,"/Date(1701240789000)/",10850,3000,4939800,53657000000,0,true,0
"SHB",135236,"/Date(1701240789000)/",10850,5000,4936800,53624000000,0,true,0
"SHB",135236,"/Date(1701240789000)/",10850,100,4931800,53570000000,0,true,0
"SHB",135236,"/Date(1701240789000)/",10850,1000,4931700,53569000000,0,true,0
"SHB",135236,"/Date(1701240789000)/",10850,100,4930700,53558000000,0,true,0
"SHB",135236,"/Date(1701240789000)/",10850,100,4930600,53557000000,0,true,0
"SHB",135236,"/Date(1701240789000)/",10850,100,4930500,53556000000,0,true,0
"SHB",135236,"/Date(1701240789000)/",10850,1000,4930400,53555000000,0,true,0
"SHB",135236,"/Date(1701240789000)/",10850,100,4929400,53544000000,0,true,0
"SHB",135236,"/Date(1701240789000)/",10850,10000,4929300,53543000000,0,true,0
"SHB",135236,"/Date(1701240789000)/",10850,500,4919300,53434000000,0,true,0
"SHB",135236,"/Date(1701240789000)/",10850,10000,4918800,53429000000,0,true,0
"SHB",135236,"/Date(1701240789000)/",10850,10000,4908800,53320000000,0,true,0
"SHB",135236,"/Date(1701240789000)/",10850,8200,4898800,53212000000,0,true,0
"SHB",135236,"/Date(1701240789000)/",10850,5000,4890600,53123000000,0,true,0
"SHB",135236,"/Date(1701240789000)/",10850,400,4885600,53069000000,0,true,0
"SHB",135236,"/Date(1701240789000)/",10850,1000,4885200,53064000000,0,true,0
"SHB",135236,"/Date(1701240789000)/",10850,1000,4884200,53053000000,0,true,0
"SHB",135236,"/Date(1701240789000)/",10850,100,4883200,53043000000,0,true,0
"SHB",135236,"/Date(1701240789000)/",10850,1800,4883100,53041000000,0,true,0
"SHB",135236,"/Date(1701240789000)/",10850,900,4881300,53022000000,0,true,0
"SHB",135236,"/Date(1701240789000)/",10850,1000,4880400,53012000000,0,true,0
"SHB",135236,"/Date(1701240789000)/",10850,500,4879400,53001000000,0,true,0
"SHB",135236,"/Date(1701240789000)/",10850,3300,4878900,52996000000,0,true,0
"SHB",135236,"/Date(1701240789000)/",10850,45000,4875600,52960000000,0,true,0
"SHB",135236,"/Date(1701240789000)/",10850,5000,4830600,52472000000,0,true,0
"SHB",135236,"/Date(1701240789000)/",10850,10000,4825600,52418000000,0,true,0
"SHB",135236,"/Date(1701240789000)/",10850,200,4815600,52309000000,0,true,0
"SHB",135236,"/Date(1701240789000)/",10850,200,4815400,52307000000,0,true,0
"SHB",135236,"/Date(1701240789000)/",10850,1000,4815200,52305000000,0,true,0
"SHB",135236,"/Date(1701240789000)/",10850,1000,4814200,52294000000,0,true,0
"SHB",135236,"/Date(1701240789000)/",10850,20000,4813200,52283000000,0,true,0
"SHB",135236,"/Date(1701240789000)/",10850,1000,4793200,52066000000,0,true,0
"SHB",135236,"/Date(1701240789000)/",10850,10000,4792200,52055000000,0,true,0
"SHB",135236,"/Date(1701240789000)/",10850,1000,4782200,51947000000,0,true,0
"SHB",135236,"/Date(1701240789000)/",10850,100,4781200,51936000000,0,true,0
"SHB",135236,"/Date(1701240789000)/",10850,2000,4781100,51935000000,0,true,0
"SHB",135236,"/Date(1701240789000)/",10850,800,4779100,51913000000,0,true,0
"SHB",135236,"/Date(1701240789000)/",10850,10000,4778300,51904000000,0,true,0
"SHB",135236,"/Date(1701240789000)/",10850,5000,4768300,51796000000,0,true,0
"SHB",135236,"/Date(1701240789000)/",10850,1000,4763300,51742000000,0,true,0
"SHB",135236,"/Date(1701240789000)/",10850,1000,4762300,51731000000,0,true,0
"SHB",135236,"/Date(1701240789000)/",10850,1000,4761300,51720000000,0,true,0
"SHB",135236,"/Date(1701240789000)/",10850,5000,4760300,51709000000,0,true,0
"SHB",135236,"/Date(1701240789000)/",10850,1000,4755300,51655000000,0,true,0
"SHB",135223,"/Date(1701240774000)/",10850,1000,4754300,51644000000,0,true,0
"SHB",135223,"/Date(1701240774000)/",10850,1000,4753300,51633000000,0,true,0
"SHB",135223,"/Date(1701240774000)/",10850,2000,4752300,51622000000,0,true,0
"SHB",135223,"/Date(1701240774000)/",10850,100,4750300,51601000000,0,true,0
"SHB",135223,"/Date(1701240774000)/",10850,900,4750200,51599000000,0,true,0
"SHB",135201,"/Date(1701240754000)/",10850,600,4749300,51590000000,0,true,0
"SHB",135201,"/Date(1701240754000)/",10850,200,4748700,51583000000,0,true,0
"SHB",135157,"/Date(1701240746000)/",10900,1000,4748500,51581000000,50,false,0.46
"SHB",135157,"/Date(1701240745000)/",10900,1000,4747500,51570000000,50,false,0.46
"SHB",135044,"/Date(1701240677000)/",10900,14400,4746500,51559000000,50,false,0.46
"SHB",134921,"/Date(1701240593000)/",10900,5000,4732100,51402000000,50,false,0.46
"SHB",134905,"/Date(1701240577000)/",10850,100,4727100,51348000000,0,true,0
"SHB",134852,"/Date(1701240565000)/",10850,200,4727000,51347000000,0,true,0
"SHB",134852,"/Date(1701240565000)/",10850,4300,4726800,51344000000,0,true,0
"SHB",134843,"/Date(1701240554000)/",10900,200,4722500,51298000000,50,false,0.46
"SHB",134801,"/Date(1701240515000)/",10850,700,4722300,51296000000,0,true,0
"SHB",134745,"/Date(1701240497000)/",10900,200,4721600,51288000000,50,false,0.46
"SHB",134745,"/Date(1701240496000)/",10900,1000,4721400,51286000000,50,false,0.46
"SHB",134726,"/Date(1701240479000)/",10850,5000,4720400,51275000000,0,true,0
"SHB",134707,"/Date(1701240460000)/",10900,100,4715400,51221000000,50,false,0.46
"SHB",134707,"/Date(1701240460000)/",10900,500,4715300,51220000000,50,false,0.46
"SHB",134707,"/Date(1701240460000)/",10900,100,4714800,51214000000,50,false,0.46
"SHB",134707,"/Date(1701240460000)/",10900,1100,4714700,51213000000,50,false,0.46
"SHB",134707,"/Date(1701240458000)/",10900,200,4713600,51201000000,50,false,0.46
"SHB",134654,"/Date(1701240445000)/",10900,3700,4713400,51199000000,50,false,0.46
"SHB",134654,"/Date(1701240445000)/",10900,1000,4709700,51159000000,50,false,0.46
"SHB",134654,"/Date(1701240445000)/",10900,600,4708700,51148000000,50,false,0.46
"SHB",134654,"/Date(1701240445000)/",10900,2000,4708100,51141000000,50,false,0.46
"SHB",134654,"/Date(1701240445000)/",10900,2500,4706100,51119000000,50,false,0.46
"SHB",134654,"/Date(1701240445000)/",10900,500,4703600,51092000000,50,false,0.46
"SHB",134654,"/Date(1701240445000)/",10900,500,4703100,51087000000,50,false,0.46
"SHB",134654,"/Date(1701240445000)/",10900,6900,4702600,51081000000,50,false,0.46
"SHB",134651,"/Date(1701240444000)/",10900,3100,4695700,51006000000,50,false,0.46
"SHB",134651,"/Date(1701240444000)/",10900,3000,4692600,50972000000,50,false,0.46
"SHB",134651,"/Date(1701240444000)/",10900,100,4689600,50940000000,50,false,0.46
"SHB",134651,"/Date(1701240444000)/",10900,7300,4689500,50938000000,50,false,0.46
"SHB",134651,"/Date(1701240444000)/",10900,900,4682200,50859000000,50,false,0.46
"SHB",134644,"/Date(1701240437000)/",10900,100,4681300,50849000000,50,false,0.46
"SHB",134603,"/Date(1701240394000)/",10900,500,4681200,50848000000,50,false,0.46
"SHB",134603,"/Date(1701240394000)/",10900,3000,4680700,50843000000,50,false,0.46
"SHB",134603,"/Date(1701240394000)/",10900,900,4677700,50810000000,50,false,0.46
"SHB",134603,"/Date(1701240394000)/",10900,12000,4676800,50800000000,50,false,0.46
"SHB",134603,"/Date(1701240394000)/",10900,5000,4664800,50669000000,50,false,0.46
"SHB",134603,"/Date(1701240394000)/",10900,500,4659800,50615000000,50,false,0.46
"SHB",134603,"/Date(1701240394000)/",10900,100,4659300,50609000000,50,false,0.46
"SHB",134603,"/Date(1701240394000)/",10900,9100,4659200,50608000000,50,false,0.46
"SHB",134603,"/Date(1701240394000)/",10900,600,4650100,50509000000,50,false,0.46
"SHB",134603,"/Date(1701240394000)/",10900,500,4649500,50502000000,50,false,0.46
"SHB",134603,"/Date(1701240394000)/",10900,200,4649000,50497000000,50,false,0.46
"SHB",134603,"/Date(1701240394000)/",10900,100,4648800,50495000000,50,false,0.46
"SHB",134603,"/Date(1701240394000)/",10900,100,4648700,50494000000,50,false,0.46
"SHB",134603,"/Date(1701240394000)/",10900,4000,4648600,50493000000,50,false,0.46
"SHB",134603,"/Date(1701240394000)/",10900,1000,4644600,50449000000,50,false,0.46
"SHB",134603,"/Date(1701240394000)/",10900,1000,4643600,50438000000,50,false,0.46
"SHB",134603,"/Date(1701240394000)/",10900,200,4642600,50427000000,50,false,0.46
"SHB",134603,"/Date(1701240394000)/",10900,200,4642400,50425000000,50,false,0.46
"SHB",134603,"/Date(1701240394000)/",10900,500,4642200,50423000000,50,false,0.46
"SHB",134603,"/Date(1701240394000)/",10900,100,4641700,50417000000,50,false,0.46
"SHB",134603,"/Date(1701240394000)/",10900,1700,4641600,50416000000,50,false,0.46
"SHB",134603,"/Date(1701240394000)/",10900,300,4639900,50398000000,50,false,0.46
"SHB",134603,"/Date(1701240394000)/",10900,1000,4639600,50395000000,50,false,0.46
"SHB",134603,"/Date(1701240394000)/",10900,200,4638600,50384000000,50,false,0.46
"SHB",134603,"/Date(1701240394000)/",10900,7200,4638400,50381000000,50,false,0.46
"SHB",134600,"/Date(1701240391000)/",10900,2800,4631200,50303000000,50,false,0.46
"SHB",134600,"/Date(1701240391000)/",10900,100,4628400,50272000000,50,false,0.46
"SHB",134600,"/Date(1701240391000)/",10900,1900,4628300,50271000000,50,false,0.46
"SHB",134600,"/Date(1701240391000)/",10900,100,4626400,50251000000,50,false,0.46
"SHB",134547,"/Date(1701240380000)/",10900,7000,4626300,50250000000,50,false,0.46
"SHB",134544,"/Date(1701240377000)/",10900,1000,4619300,50173000000,50,false,0.46
"SHB",134544,"/Date(1701240377000)/",10900,1000,4618300,50162000000,50,false,0.46
"SHB",134544,"/Date(1701240377000)/",10900,400,4617300,50151000000,50,false,0.46
"SHB",134544,"/Date(1701240377000)/",10900,600,4616900,50147000000,50,false,0.46
"SHB",134541,"/Date(1701240372000)/",10900,1100,4616300,50141000000,50,false,0.46
"SHB",134541,"/Date(1701240372000)/",10900,1000,4615200,50129000000,50,false,0.46
"SHB",134541,"/Date(1701240372000)/",10900,500,4614200,50118000000,50,false,0.46
"SHB",134541,"/Date(1701240372000)/",10900,300,4613700,50112000000,50,false,0.46
"SHB",134541,"/Date(1701240372000)/",10900,900,4613400,50109000000,50,false,0.46
"SHB",134541,"/Date(1701240372000)/",10900,2000,4612500,50099000000,50,false,0.46
"SHB",134541,"/Date(1701240372000)/",10900,100,4610500,50077000000,50,false,0.46
"SHB",134541,"/Date(1701240372000)/",10900,200,4610400,50076000000,50,false,0.46
"SHB",134541,"/Date(1701240372000)/",10900,8900,4610200,50074000000,50,false,0.46
"SHB",134537,"/Date(1701240369000)/",10900,2000,4601300,49977000000,50,false,0.46
"SHB",134534,"/Date(1701240365000)/",10900,100,4599300,49955000000,50,false,0.46
"SHB",134518,"/Date(1701240351000)/",10900,500,4599200,49954000000,50,false,0.46
"SHB",134518,"/Date(1701240349000)/",10900,4800,4598700,49949000000,50,false,0.46
"SHB",134518,"/Date(1701240349000)/",10900,2000,4593900,49896000000,50,false,0.46
"SHB",134515,"/Date(1701240346000)/",10900,31700,4591900,49875000000,50,false,0.46
"SHB",134515,"/Date(1701240346000)/",10900,400,4560200,49529000000,50,false,0.46
"SHB",134515,"/Date(1701240346000)/",10900,1000,4559800,49525000000,50,false,0.46
"SHB",134515,"/Date(1701240346000)/",10900,100,4558800,49514000000,50,false,0.46
"SHB",134515,"/Date(1701240346000)/",10900,100,4558700,49513000000,50,false,0.46
"SHB",134515,"/Date(1701240346000)/",10900,5000,4558600,49512000000,50,false,0.46
"SHB",134515,"/Date(1701240346000)/",10900,1000,4553600,49457000000,50,false,0.46
"SHB",134515,"/Date(1701240346000)/",10900,700,4552600,49446000000,50,false,0.46
"SHB",134446,"/Date(1701240318000)/",10900,1100,4551900,49439000000,50,false,0.46
"SHB",134414,"/Date(1701240287000)/",10900,200,4550800,49427000000,50,false,0.46
"SHB",134414,"/Date(1701240287000)/",10900,800,4550600,49424000000,50,false,0.46
"SHB",134402,"/Date(1701240273000)/",10900,5000,4549800,49416000000,50,false,0.46
"SHB",134358,"/Date(1701240271000)/",10900,4200,4544800,49361000000,50,false,0.46
"SHB",134358,"/Date(1701240271000)/",10900,1700,4540600,49315000000,50,false,0.46
"SHB",134358,"/Date(1701240271000)/",10900,4100,4538900,49297000000,50,false,0.46
"SHB",134355,"/Date(1701240266000)/",10900,900,4534800,49252000000,50,false,0.46
"SHB",134355,"/Date(1701240266000)/",10900,200,4533900,49242000000,50,false,0.46
"SHB",134355,"/Date(1701240266000)/",10900,1600,4533700,49240000000,50,false,0.46
"SHB",134355,"/Date(1701240266000)/",10900,2100,4532100,49223000000,50,false,0.46
"SHB",134346,"/Date(1701240257000)/",10900,10400,4530000,49200000000,50,false,0.46
"SHB",134346,"/Date(1701240257000)/",10900,200,4519600,49087000000,50,false,0.46
"SHB",134346,"/Date(1701240257000)/",10900,1000,4519400,49084000000,50,false,0.46
"SHB",134346,"/Date(1701240257000)/",10900,1000,4518400,49073000000,50,false,0.46
"SHB",134346,"/Date(1701240257000)/",10900,500,4517400,49063000000,50,false,0.46
"SHB",134346,"/Date(1701240257000)/",10900,1300,4516900,49057000000,50,false,0.46
"SHB",134320,"/Date(1701240233000)/",10900,700,4515600,49043000000,50,false,0.46
"SHB",134320,"/Date(1701240233000)/",10900,500,4514900,49035000000,50,false,0.46
"SHB",134320,"/Date(1701240233000)/",10900,300,4514400,49030000000,50,false,0.46
"SHB",134310,"/Date(1701240221000)/",10850,2000,4514100,49027000000,0,false,0
"SHB",134310,"/Date(1701240221000)/",10850,1300,4512100,49005000000,0,false,0
"SHB",134310,"/Date(1701240221000)/",10850,4900,4510800,48991000000,0,false,0
"SHB",134307,"/Date(1701240219000)/",10850,9000,4505900,48938000000,0,false,0
"SHB",134307,"/Date(1701240219000)/",10850,10000,4496900,48840000000,0,false,0
"SHB",134307,"/Date(1701240218000)/",10850,10000,4486900,48731000000,0,false,0
"SHB",134304,"/Date(1701240216000)/",10850,23000,4476900,48623000000,0,false,0
"SHB",134251,"/Date(1701240204000)/",10850,10000,4453900,48373000000,0,false,0
"SHB",134251,"/Date(1701240203000)/",10850,10000,4443900,48265000000,0,false,0
"SHB",134248,"/Date(1701240201000)/",10850,1000,4433900,48156000000,0,false,0
"SHB",134248,"/Date(1701240201000)/",10850,1000,4432900,48146000000,0,false,0
"SHB",134248,"/Date(1701240200000)/",10850,500,4431900,48135000000,0,false,0
"SHB",134248,"/Date(1701240200000)/",10850,200,4431400,48129000000,0,false,0
"SHB",134245,"/Date(1701240197000)/",10850,1000,4431200,48127000000,0,false,0
"SHB",134245,"/Date(1701240196000)/",10850,1000,4430200,48116000000,0,false,0
"SHB",134242,"/Date(1701240194000)/",10850,50000,4429200,48105000000,0,false,0
"SHB",134242,"/Date(1701240193000)/",10850,5000,4379200,47563000000,0,false,0
"SHB",134242,"/Date(1701240193000)/",10850,2000,4374200,47509000000,0,false,0
"SHB",134235,"/Date(1701240189000)/",10850,1900,4372200,47487000000,0,true,0
"SHB",134235,"/Date(1701240187000)/",10850,500,4370300,47466000000,0,true,0
"SHB",134235,"/Date(1701240186000)/",10850,1600,4369800,47461000000,0,true,0
"SHB",134235,"/Date(1701240186000)/",10850,2500,4368200,47444000000,0,true,0
"SHB",134235,"/Date(1701240186000)/",10850,50000,4365700,47416000000,0,true,0
"SHB",134235,"/Date(1701240186000)/",10850,100,4315700,46874000000,0,true,0
"SHB",134235,"/Date(1701240186000)/",10850,100,4315600,46873000000,0,true,0
"SHB",134235,"/Date(1701240186000)/",10850,1000,4315500,46872000000,0,true,0
"SHB",134235,"/Date(1701240186000)/",10850,200,4314500,46861000000,0,true,0
"SHB",134235,"/Date(1701240186000)/",10850,2200,4314300,46859000000,0,true,0
"SHB",134226,"/Date(1701240178000)/",10850,5000,4312100,46835000000,0,true,0
"SHB",134226,"/Date(1701240178000)/",10850,1000,4307100,46781000000,0,true,0
"SHB",134226,"/Date(1701240178000)/",10850,1000,4306100,46770000000,0,true,0
"SHB",134226,"/Date(1701240178000)/",10850,100,4305100,46759000000,0,true,0
"SHB",134226,"/Date(1701240178000)/",10850,200,4305000,46758000000,0,true,0
"SHB",134226,"/Date(1701240178000)/",10850,500,4304800,46756000000,0,true,0
"SHB",134226,"/Date(1701240178000)/",10850,25000,4304300,46750000000,0,true,0
"SHB",134226,"/Date(1701240178000)/",10850,500,4279300,46479000000,0,true,0
"SHB",134226,"/Date(1701240178000)/",10850,2100,4278800,46474000000,0,true,0
"SHB",134226,"/Date(1701240178000)/",10850,2000,4276700,46451000000,0,true,0
"SHB",134226,"/Date(1701240178000)/",10850,20400,4274700,46429000000,0,true,0
"SHB",134226,"/Date(1701240177000)/",10850,600,4254300,46208000000,0,true,0
"SHB",134226,"/Date(1701240177000)/",10850,2000,4253700,46201000000,0,true,0
"SHB",134223,"/Date(1701240174000)/",10850,300,4251700,46180000000,0,false,0
"SHB",134219,"/Date(1701240171000)/",10850,1000,4251400,46176000000,0,false,0
"SHB",134219,"/Date(1701240170000)/",10850,10000,4250400,46165000000,0,false,0
"SHB",134219,"/Date(1701240170000)/",10850,1000,4240400,46057000000,0,false,0
"SHB",134219,"/Date(1701240169000)/",10850,20000,4239400,46046000000,0,false,0
"SHB",134216,"/Date(1701240169000)/",10850,500,4219400,45829000000,0,false,0
"SHB",134216,"/Date(1701240169000)/",10850,1000,4218900,45824000000,0,false,0
"SHB",134216,"/Date(1701240167000)/",10850,4700,4217900,45813000000,0,false,0
"SHB",134213,"/Date(1701240164000)/",10850,10000,4213200,45762000000,0,false,0
"SHB",134213,"/Date(1701240163000)/",10850,1000,4203200,45653000000,0,false,0
"SHB",134210,"/Date(1701240162000)/",10850,1500,4202200,45642000000,0,false,0
"SHB",134207,"/Date(1701240157000)/",10850,1100,4200700,45626000000,0,false,0
"SHB",134203,"/Date(1701240155000)/",10850,600,4199600,45614000000,0,false,0
"SHB",134203,"/Date(1701240154000)/",10850,10000,4199000,45608000000,0,false,0
"SHB",134200,"/Date(1701240151000)/",10850,14400,4189000,45499000000,0,false,0
"SHB",134157,"/Date(1701240149000)/",10850,2000,4174600,45343000000,0,false,0
"SHB",134157,"/Date(1701240149000)/",10850,200,4172600,45321000000,0,false,0
"SHB",134157,"/Date(1701240148000)/",10850,5000,4172400,45319000000,0,false,0
"SHB",134154,"/Date(1701240147000)/",10850,1000,4167400,45265000000,0,false,0
"SHB",134154,"/Date(1701240145000)/",10850,200,4166400,45254000000,0,false,0
"SHB",134154,"/Date(1701240145000)/",10850,4800,4166200,45252000000,0,false,0
"SHB",134154,"/Date(1701240145000)/",10850,1400,4161400,45200000000,0,false,0
"SHB",134154,"/Date(1701240144000)/",10850,20000,4160000,45185000000,0,false,0
"SHB",134154,"/Date(1701240144000)/",10850,1000,4140000,44968000000,0,false,0
"SHB",134151,"/Date(1701240143000)/",10850,19000,4139000,44957000000,0,false,0
"SHB",134151,"/Date(1701240142000)/",10850,45300,4120000,44751000000,0,false,0
"SHB",134151,"/Date(1701240142000)/",10850,4700,4074700,44259000000,0,false,0
"SHB",134151,"/Date(1701240141000)/",10850,600,4070000,44208000000,0,false,0
"SHB",134144,"/Date(1701240135000)/",10850,44700,4069400,44202000000,0,false,0
"SHB",134144,"/Date(1701240135000)/",10850,5300,4024700,43717000000,0,false,0
"SHB",134141,"/Date(1701240133000)/",10850,100,4019400,43659000000,0,false,0
"SHB",134141,"/Date(1701240133000)/",10850,14400,4019300,43658000000,0,false,0
"SHB",134141,"/Date(1701240133000)/",10850,1000,4004900,43502000000,0,false,0
"SHB",134138,"/Date(1701240130000)/",10850,10000,4003900,43491000000,0,false,0
"SHB",134138,"/Date(1701240130000)/",10850,500,3993900,43382000000,0,false,0
"SHB",134128,"/Date(1701240118000)/",10850,7600,3993400,43377000000,0,false,0
"SHB",134125,"/Date(1701240117000)/",10850,9100,3985800,43295000000,0,false,0
"SHB",134125,"/Date(1701240117000)/",10850,2000,3976700,43196000000,0,false,0
"SHB",134125,"/Date(1701240117000)/",10850,1000,3974700,43174000000,0,false,0
"SHB",134125,"/Date(1701240117000)/",10850,1700,3973700,43163000000,0,false,0
"SHB",134125,"/Date(1701240117000)/",10850,3100,3972000,43145000000,0,false,0
"SHB",134125,"/Date(1701240117000)/",10850,3000,3968900,43111000000,0,false,0
"SHB",134125,"/Date(1701240116000)/",10850,13900,3965900,43079000000,0,false,0
"SHB",134125,"/Date(1701240116000)/",10850,500,3952000,42928000000,0,false,0
"SHB",134119,"/Date(1701240112000)/",10850,100,3951500,42922000000,0,false,0
"SHB",134119,"/Date(1701240111000)/",10850,1000,3951400,42921000000,0,false,0
"SHB",134116,"/Date(1701240106000)/",10850,11200,3950400,42910000000,0,false,0
"SHB",134109,"/Date(1701240102000)/",10850,14400,3939200,42789000000,0,false,0
"SHB",134106,"/Date(1701240098000)/",10850,7600,3924800,42633000000,0,false,0
"SHB",134103,"/Date(1701240095000)/",10850,10300,3917200,42550000000,0,false,0
"SHB",134103,"/Date(1701240093000)/",10850,4800,3906900,42438000000,0,false,0
"SHB",134100,"/Date(1701240091000)/",10850,100,3902100,42386000000,0,false,0
"SHB",134056,"/Date(1701240088000)/",10850,1000,3902000,42385000000,0,false,0
"SHB",134056,"/Date(1701240087000)/",10850,2000,3901000,42374000000,0,false,0
"SHB",134053,"/Date(1701240084000)/",10850,14400,3899000,42353000000,0,false,0
"SHB",134053,"/Date(1701240083000)/",10850,5000,3884600,42196000000,0,false,0
"SHB",134050,"/Date(1701240080000)/",10850,7600,3879600,42142000000,0,false,0
"SHB",134047,"/Date(1701240080000)/",10850,100,3872000,42060000000,0,false,0
"SHB",134047,"/Date(1701240078000)/",10850,6900,3871900,42059000000,0,false,0
"SHB",134047,"/Date(1701240078000)/",10850,4200,3865000,41984000000,0,false,0
"SHB",134047,"/Date(1701240077000)/",10850,3000,3860800,41938000000,0,false,0
"SHB",134040,"/Date(1701240072000)/",10850,100,3857800,41906000000,0,false,0
"SHB",134034,"/Date(1701240065000)/",10850,2700,3857700,41905000000,0,false,0
"SHB",134034,"/Date(1701240065000)/",10850,2100,3855000,41875000000,0,false,0
"SHB",134028,"/Date(1701240059000)/",10850,1200,3852900,41853000000,0,false,0
"SHB",134028,"/Date(1701240059000)/",10850,2000,3851700,41840000000,0,false,0
"SHB",134024,"/Date(1701240054000)/",10850,300,3849700,41818000000,0,false,0
"SHB",134018,"/Date(1701240048000)/",10850,1500,3849400,41815000000,0,false,0
"SHB",134002,"/Date(1701240034000)/",10850,900,3847900,41798000000,0,false,0
"SHB",133943,"/Date(1701240016000)/",10850,100,3847000,41789000000,0,false,0
"SHB",133924,"/Date(1701239996000)/",10850,1000,3846900,41787000000,0,false,0
"SHB",133911,"/Date(1701239982000)/",10850,100,3845900,41777000000,0,false,0
"SHB",133905,"/Date(1701239975000)/",10800,1900,3845800,41776000000,-50,true,-0.46
"SHB",133852,"/Date(1701239964000)/",10850,1000,3843900,41755000000,0,false,0
"SHB",133820,"/Date(1701239930000)/",10850,100,3842900,41744000000,0,false,0
"SHB",133814,"/Date(1701239924000)/",10850,100,3842800,41743000000,0,false,0
"SHB",133754,"/Date(1701239905000)/",10850,400,3842700,41742000000,0,false,0
"SHB",133739,"/Date(1701239889000)/",10800,4000,3842300,41738000000,-50,true,-0.46
"SHB",133719,"/Date(1701239870000)/",10800,1300,3838300,41694000000,-50,true,-0.46
"SHB",133707,"/Date(1701239857000)/",10850,300,3837000,41680000000,0,false,0
"SHB",133703,"/Date(1701239856000)/",10850,2700,3836700,41677000000,0,false,0
"SHB",133700,"/Date(1701239851000)/",10850,1500,3834000,41648000000,0,false,0
"SHB",133657,"/Date(1701239849000)/",10850,100,3832500,41632000000,0,false,0
"SHB",133644,"/Date(1701239836000)/",10850,300,3832400,41630000000,0,true,0
"SHB",133644,"/Date(1701239834000)/",10850,300,3832100,41627000000,0,true,0
"SHB",133644,"/Date(1701239834000)/",10850,100,3831800,41624000000,0,true,0
"SHB",133644,"/Date(1701239834000)/",10850,1500,3831700,41623000000,0,true,0
"SHB",133644,"/Date(1701239834000)/",10850,1800,3830200,41607000000,0,true,0
"SHB",133644,"/Date(1701239834000)/",10850,500,3828400,41587000000,0,true,0
"SHB",133644,"/Date(1701239834000)/",10850,100,3827900,41582000000,0,true,0
"SHB",133635,"/Date(1701239826000)/",10850,300,3827800,41581000000,0,true,0
"SHB",133635,"/Date(1701239826000)/",10850,100,3827500,41577000000,0,true,0
"SHB",133635,"/Date(1701239826000)/",10850,100,3827400,41576000000,0,true,0
"SHB",133600,"/Date(1701239791000)/",10850,1800,3827300,41575000000,0,true,0
"SHB",133600,"/Date(1701239791000)/",10850,200,3825500,41556000000,0,true,0
"SHB",133600,"/Date(1701239791000)/",10850,200,3825300,41553000000,0,true,0
"SHB",133600,"/Date(1701239791000)/",10850,500,3825100,41551000000,0,true,0
"SHB",133600,"/Date(1701239791000)/",10850,1000,3824600,41546000000,0,true,0
"SHB",133600,"/Date(1701239791000)/",10850,100,3823600,41535000000,0,true,0
"SHB",133600,"/Date(1701239791000)/",10850,200,3823500,41534000000,0,true,0
"SHB",133528,"/Date(1701239757000)/",10850,800,3823300,41532000000,0,true,0
"SHB",133528,"/Date(1701239757000)/",10850,1000,3822500,41523000000,0,true,0
"SHB",133528,"/Date(1701239757000)/",10850,6000,3821500,41512000000,0,true,0
"SHB",133528,"/Date(1701239757000)/",10850,40000,3815500,41447000000,0,true,0
"SHB",133528,"/Date(1701239757000)/",10850,700,3775500,41013000000,0,true,0
"SHB",133528,"/Date(1701239757000)/",10850,15000,3774800,41006000000,0,true,0
"SHB",133528,"/Date(1701239757000)/",10850,2000,3759800,40843000000,0,true,0
"SHB",133528,"/Date(1701239757000)/",10850,5300,3757800,40821000000,0,true,0
"SHB",133528,"/Date(1701239757000)/",10850,500,3752500,40764000000,0,true,0
"SHB",133528,"/Date(1701239757000)/",10850,100,3752000,40758000000,0,true,0
"SHB",133528,"/Date(1701239757000)/",10850,3000,3751900,40757000000,0,true,0
"SHB",133528,"/Date(1701239757000)/",10850,10000,3748900,40725000000,0,true,0
"SHB",133528,"/Date(1701239757000)/",10850,15000,3738900,40616000000,0,true,0
"SHB",133528,"/Date(1701239757000)/",10850,7900,3723900,40453000000,0,true,0
"SHB",133528,"/Date(1701239757000)/",10850,5000,3716000,40368000000,0,true,0
"SHB",133528,"/Date(1701239757000)/",10850,83000,3711000,40313000000,0,true,0
"SHB",133528,"/Date(1701239757000)/",10850,7500,3628000,39413000000,0,true,0
"SHB",133528,"/Date(1701239757000)/",10850,1100,3620500,39331000000,0,true,0
"SHB",133528,"/Date(1701239757000)/",10850,40000,3619400,39319000000,0,true,0
"SHB",133528,"/Date(1701239757000)/",10850,1000,3579400,38885000000,0,true,0
"SHB",133528,"/Date(1701239757000)/",10850,300,3578400,38875000000,0,true,0
"SHB",133528,"/Date(1701239757000)/",10850,6000,3578100,38871000000,0,true,0
"SHB",133528,"/Date(1701239757000)/",10850,2500,3572100,38806000000,0,true,0
"SHB",133528,"/Date(1701239757000)/",10850,200,3569600,38779000000,0,true,0
"SHB",133528,"/Date(1701239757000)/",10850,2000,3569400,38777000000,0,true,0
"SHB",133528,"/Date(1701239757000)/",10850,100,3567400,38755000000,0,true,0
"SHB",133528,"/Date(1701239757000)/",10850,44000,3567300,38754000000,0,true,0
"SHB",133521,"/Date(1701239752000)/",10850,500,3523300,38277000000,0,true,0
"SHB",133509,"/Date(1701239739000)/",10850,1000,3522800,38271000000,0,true,0
"SHB",133440,"/Date(1701239712000)/",10850,2000,3521800,38260000000,0,true,0
"SHB",133405,"/Date(1701239674000)/",10850,500,3519800,38239000000,0,true,0
"SHB",133352,"/Date(1701239663000)/",10850,2500,3519300,38233000000,0,true,0
"SHB",133336,"/Date(1701239646000)/",10850,1000,3516800,38206000000,0,true,0
"SHB",133307,"/Date(1701239619000)/",10850,8500,3515800,38195000000,0,true,0
"SHB",133307,"/Date(1701239619000)/",10850,3000,3507300,38103000000,0,true,0
"SHB",133307,"/Date(1701239619000)/",10850,100,3504300,38071000000,0,true,0
"SHB",133307,"/Date(1701239619000)/",10850,5000,3504200,38070000000,0,true,0
"SHB",133307,"/Date(1701239619000)/",10850,1000,3499200,38015000000,0,true,0
"SHB",133307,"/Date(1701239619000)/",10850,2400,3498200,38004000000,0,true,0
"SHB",133223,"/Date(1701239575000)/",10850,100,3495800,37978000000,0,false,0
"SHB",133223,"/Date(1701239575000)/",10850,7500,3495700,37977000000,0,false,0
"SHB",133223,"/Date(1701239574000)/",10850,1000,3488200,37896000000,0,false,0
"SHB",133223,"/Date(1701239572000)/",10850,300,3487200,37885000000,0,false,0
"SHB",133220,"/Date(1701239571000)/",10850,800,3486900,37882000000,0,false,0
"SHB",133220,"/Date(1701239571000)/",10850,9600,3486100,37873000000,0,false,0
"SHB",133220,"/Date(1701239571000)/",10850,1000,3476500,37769000000,0,false,0
"SHB",133220,"/Date(1701239571000)/",10850,22500,3475500,37758000000,0,false,0
"SHB",133220,"/Date(1701239571000)/",10850,100,3453000,37514000000,0,false,0
"SHB",133220,"/Date(1701239571000)/",10850,100,3452900,37513000000,0,false,0
"SHB",133220,"/Date(1701239571000)/",10850,600,3452800,37512000000,0,false,0
"SHB",133220,"/Date(1701239571000)/",10850,14300,3452200,37505000000,0,false,0
"SHB",133213,"/Date(1701239563000)/",10850,2400,3437900,37350000000,0,false,0
"SHB",133210,"/Date(1701239562000)/",10850,3200,3435500,37324000000,0,false,0
"SHB",133210,"/Date(1701239562000)/",10850,10000,3432300,37289000000,0,false,0
"SHB",133210,"/Date(1701239562000)/",10850,5000,3422300,37181000000,0,false,0
"SHB",133210,"/Date(1701239559000)/",10850,5000,3417300,37127000000,0,false,0
"SHB",133210,"/Date(1701239559000)/",10850,100,3412300,37072000000,0,false,0
"SHB",133210,"/Date(1701239559000)/",10850,50000,3412200,37071000000,0,false,0
"SHB",133207,"/Date(1701239558000)/",10850,6400,3362200,36529000000,0,false,0
"SHB",133207,"/Date(1701239557000)/",10850,400,3355800,36459000000,0,false,0
"SHB",133207,"/Date(1701239556000)/",10850,25000,3355400,36455000000,0,false,0
"SHB",133204,"/Date(1701239553000)/",10850,5000,3330400,36184000000,0,false,0
"SHB",133157,"/Date(1701239549000)/",10850,1000,3325400,36130000000,0,false,0
"SHB",133157,"/Date(1701239549000)/",10850,28900,3324400,36119000000,0,false,0
"SHB",133148,"/Date(1701239539000)/",10850,15000,3295500,35805000000,0,false,0
"SHB",133144,"/Date(1701239535000)/",10850,3000,3280500,35642000000,0,false,0
"SHB",133141,"/Date(1701239533000)/",10850,1000,3277500,35610000000,0,false,0
"SHB",133141,"/Date(1701239530000)/",10850,30000,3276500,35599000000,0,false,0
"SHB",133132,"/Date(1701239524000)/",10850,20000,3246500,35273000000,0,false,0
"SHB",133132,"/Date(1701239522000)/",10850,50000,3226500,35056000000,0,false,0
"SHB",133119,"/Date(1701239509000)/",10850,1000,3176500,34514000000,0,false,0
"SHB",133116,"/Date(1701239507000)/",10850,5000,3175500,34503000000,0,false,0
"SHB",133103,"/Date(1701239492000)/",10850,18300,3170500,34449000000,0,false,0
"SHB",133103,"/Date(1701239492000)/",10850,1100,3152200,34250000000,0,false,0
"SHB",133103,"/Date(1701239492000)/",10850,600,3151100,34238000000,0,false,0
"SHB",133050,"/Date(1701239482000)/",10800,500,3150500,34232000000,-50,true,-0.46
"SHB",133037,"/Date(1701239468000)/",10850,400,3150000,34226000000,0,false,0
"SHB",133037,"/Date(1701239468000)/",10850,300,3149600,34222000000,0,false,0
"SHB",133031,"/Date(1701239463000)/",10850,10000,3149300,34219000000,0,false,0
"SHB",133028,"/Date(1701239458000)/",10850,2500,3139300,34110000000,0,false,0
"SHB",133022,"/Date(1701239454000)/",10850,200,3136800,34083000000,0,false,0
"SHB",133022,"/Date(1701239450000)/",10850,4000,3136600,34081000000,0,false,0
"SHB",133022,"/Date(1701239450000)/",10850,34500,3132600,34038000000,0,false,0
"SHB",133022,"/Date(1701239450000)/",10850,100,3098100,33663000000,0,false,0
"SHB",133022,"/Date(1701239450000)/",10850,300,3098000,33662000000,0,false,0
"SHB",133022,"/Date(1701239450000)/",10850,400,3097700,33659000000,0,false,0
"SHB",133022,"/Date(1701239450000)/",10850,600,3097300,33655000000,0,false,0
"SHB",133022,"/Date(1701239450000)/",10850,100,3096700,33648000000,0,false,0
"SHB",133022,"/Date(1701239450000)/",10850,10000,3096600,33647000000,0,false,0
"SHB",133022,"/Date(1701239450000)/",10850,15000,3086600,33539000000,0,false,0
"SHB",133018,"/Date(1701239450000)/",10850,100,3071600,33376000000,0,false,0
"SHB",133018,"/Date(1701239448000)/",10850,5000,3071500,33375000000,0,false,0
"SHB",133006,"/Date(1701239436000)/",10850,200,3066500,33320000000,0,false,0
"SHB",133002,"/Date(1701239432000)/",10850,4800,3066300,33318000000,0,false,0
"SHB",132956,"/Date(1701239427000)/",10850,40000,3061500,33266000000,0,false,0
"SHB",132956,"/Date(1701239427000)/",10850,8000,3021500,32832000000,0,false,0
"SHB",132927,"/Date(1701239399000)/",10850,200,3013500,32745000000,0,false,0
"SHB",132924,"/Date(1701239395000)/",10850,3400,3013300,32743000000,0,false,0
"SHB",132918,"/Date(1701239388000)/",10850,10000,3009900,32706000000,0,false,0
"SHB",132911,"/Date(1701239383000)/",10850,7300,2999900,32598000000,0,false,0
"SHB",132911,"/Date(1701239381000)/",10850,30000,2992600,32519000000,0,false,0
"SHB",132908,"/Date(1701239379000)/",10850,10000,2962600,32193000000,0,false,0
"SHB",132905,"/Date(1701239375000)/",10850,20000,2952600,32085000000,0,false,0
"SHB",132852,"/Date(1701239363000)/",10850,2000,2932600,31868000000,0,false,0
"SHB",132846,"/Date(1701239358000)/",10850,800,2930600,31846000000,0,false,0
"SHB",132804,"/Date(1701239315000)/",10850,500,2929800,31837000000,0,false,0
"SHB",132755,"/Date(1701239304000)/",10850,100,2929300,31832000000,0,false,0
"SHB",132748,"/Date(1701239300000)/",10850,300,2929200,31831000000,0,false,0
"SHB",132739,"/Date(1701239289000)/",10850,100,2928900,31828000000,0,false,0
"SHB",132739,"/Date(1701239288000)/",10850,2000,2928800,31826000000,0,false,0
"SHB",132739,"/Date(1701239288000)/",10850,2000,2926800,31805000000,0,false,0
"SHB",132729,"/Date(1701239281000)/",10850,4800,2924800,31783000000,0,false,0
"SHB",132726,"/Date(1701239278000)/",10850,1000,2920000,31731000000,0,false,0
"SHB",132645,"/Date(1701239236000)/",10850,6000,2919000,31720000000,0,false,0
"SHB",132645,"/Date(1701239233000)/",10850,300,2913000,31655000000,0,false,0
"SHB",132638,"/Date(1701239228000)/",10850,12000,2912700,31652000000,0,false,0
"SHB",132635,"/Date(1701239226000)/",10850,1000,2900700,31522000000,0,false,0
"SHB",132635,"/Date(1701239224000)/",10850,3100,2899700,31511000000,0,false,0
"SHB",132635,"/Date(1701239224000)/",10850,1700,2896600,31477000000,0,false,0
"SHB",132632,"/Date(1701239222000)/",10850,100,2894900,31459000000,0,false,0
"SHB",132632,"/Date(1701239222000)/",10850,200,2894800,31458000000,0,false,0
"SHB",132632,"/Date(1701239222000)/",10850,200,2894600,31455000000,0,false,0
"SHB",132632,"/Date(1701239222000)/",10850,1000,2894400,31453000000,0,false,0
"SHB",132632,"/Date(1701239222000)/",10850,500,2893400,31442000000,0,false,0
"SHB",132619,"/Date(1701239209000)/",10850,1500,2892900,31437000000,0,false,0
"SHB",132619,"/Date(1701239209000)/",10850,1500,2891400,31421000000,0,false,0
"SHB",132525,"/Date(1701239156000)/",10850,100,2889900,31404000000,0,false,0
"SHB",132506,"/Date(1701239136000)/",10850,1600,2889800,31403000000,0,false,0
"SHB",132431,"/Date(1701239101000)/",10850,5000,2888200,31386000000,0,false,0
"SHB",132431,"/Date(1701239101000)/",10850,1500,2883200,31332000000,0,false,0
"SHB",132412,"/Date(1701239081000)/",10850,20000,2881700,31315000000,0,false,0
"SHB",132330,"/Date(1701239041000)/",10850,100,2861700,31098000000,0,false,0
"SHB",132255,"/Date(1701239007000)/",10850,1000,2861600,31097000000,0,false,0
"SHB",132252,"/Date(1701239003000)/",10850,30000,2860600,31086000000,0,false,0
"SHB",132246,"/Date(1701238995000)/",10850,200,2830600,30761000000,0,false,0
"SHB",132236,"/Date(1701238987000)/",10850,200,2830400,30759000000,0,false,0
"SHB",132236,"/Date(1701238987000)/",10850,14200,2830200,30757000000,0,false,0
"SHB",132236,"/Date(1701238987000)/",10850,2500,2816000,30603000000,0,false,0
"SHB",132236,"/Date(1701238987000)/",10850,1600,2813500,30575000000,0,false,0
"SHB",132236,"/Date(1701238987000)/",10850,1700,2811900,30558000000,0,false,0
"SHB",132233,"/Date(1701238983000)/",10850,100,2810200,30540000000,0,false,0
"SHB",132220,"/Date(1701238971000)/",10850,100,2810100,30539000000,0,false,0
"SHB",132220,"/Date(1701238971000)/",10850,2300,2810000,30537000000,0,false,0
"SHB",132220,"/Date(1701238971000)/",10850,1600,2807700,30513000000,0,false,0
"SHB",132220,"/Date(1701238971000)/",10850,200,2806100,30495000000,0,false,0
"SHB",132220,"/Date(1701238971000)/",10850,6000,2805900,30493000000,0,false,0
"SHB",132220,"/Date(1701238971000)/",10850,100,2799900,30428000000,0,false,0
"SHB",132220,"/Date(1701238971000)/",10850,10000,2799800,30427000000,0,false,0
"SHB",132220,"/Date(1701238971000)/",10850,4700,2789800,30318000000,0,false,0
"SHB",132204,"/Date(1701238954000)/",10850,1500,2785100,30267000000,0,false,0
"SHB",132204,"/Date(1701238954000)/",10850,100,2783600,30251000000,0,false,0
"SHB",132158,"/Date(1701238947000)/",10850,100,2783500,30250000000,0,false,0
"SHB",132145,"/Date(1701238936000)/",10850,4000,2783400,30249000000,0,false,0
"SHB",132139,"/Date(1701238927000)/",10850,5000,2779400,30205000000,0,false,0
"SHB",132136,"/Date(1701238924000)/",10850,30000,2774400,30151000000,0,false,0
"SHB",132117,"/Date(1701238906000)/",10850,10500,2744400,29826000000,0,false,0
"SHB",132048,"/Date(1701238879000)/",10850,8200,2733900,29712000000,0,false,0
"SHB",132038,"/Date(1701238868000)/",10850,10000,2725700,29623000000,0,false,0
"SHB",132016,"/Date(1701238845000)/",10850,100,2715700,29514000000,0,false,0
"SHB",131938,"/Date(1701238808000)/",10850,100,2715600,29513000000,0,false,0
"SHB",131919,"/Date(1701238787000)/",10850,2000,2715500,29512000000,0,false,0
"SHB",131909,"/Date(1701238778000)/",10850,200,2713500,29490000000,0,false,0
"SHB",131906,"/Date(1701238777000)/",10850,1000,2713300,29488000000,0,false,0
"SHB",131906,"/Date(1701238776000)/",10850,100,2712300,29477000000,0,false,0
"SHB",131906,"/Date(1701238776000)/",10850,400,2712200,29476000000,0,false,0
"SHB",131906,"/Date(1701238775000)/",10850,1000,2711800,29472000000,0,false,0
"SHB",131859,"/Date(1701238768000)/",10850,700,2710800,29461000000,0,false,0
"SHB",131856,"/Date(1701238766000)/",10850,300,2710100,29454000000,0,false,0
"SHB",131815,"/Date(1701238725000)/",10850,1000,2709800,29450000000,0,false,0
"SHB",131756,"/Date(1701238707000)/",10800,100,2708800,29439000000,-50,true,-0.46
"SHB",131753,"/Date(1701238701000)/",10850,500,2708700,29438000000,0,false,0
"SHB",131753,"/Date(1701238701000)/",10850,400,2708200,29433000000,0,false,0
"SHB",131733,"/Date(1701238683000)/",10850,10000,2707800,29429000000,0,false,0
"SHB",131727,"/Date(1701238678000)/",10850,900,2697800,29320000000,0,false,0
"SHB",131724,"/Date(1701238673000)/",10850,200000,2696900,29310000000,0,false,0
"SHB",131721,"/Date(1701238669000)/",10850,3000,2496900,27140000000,0,false,0
"SHB",131714,"/Date(1701238664000)/",10850,500,2493900,27108000000,0,false,0
"SHB",131711,"/Date(1701238662000)/",10850,3700,2493400,27102000000,0,false,0
"SHB",131711,"/Date(1701238662000)/",10850,1800,2489700,27062000000,0,false,0
"SHB",131655,"/Date(1701238643000)/",10850,100,2487900,27043000000,0,false,0
"SHB",131649,"/Date(1701238639000)/",10850,7900,2487800,27042000000,0,false,0
"SHB",131649,"/Date(1701238639000)/",10850,19100,2479900,26956000000,0,false,0
"SHB",131623,"/Date(1701238612000)/",10850,4800,2460800,26749000000,0,false,0
"SHB",131536,"/Date(1701238566000)/",10850,1000,2456000,26697000000,0,false,0
"SHB",131536,"/Date(1701238564000)/",10850,1000,2455000,26686000000,0,false,0
"SHB",131513,"/Date(1701238542000)/",10850,200,2454000,26675000000,0,false,0
"SHB",131457,"/Date(1701238525000)/",10850,100,2453800,26673000000,0,false,0
"SHB",131438,"/Date(1701238507000)/",10850,2000,2453700,26672000000,0,false,0
"SHB",131428,"/Date(1701238496000)/",10850,1000,2451700,26650000000,0,true,0
"SHB",131428,"/Date(1701238496000)/",10850,300,2450700,26639000000,0,true,0
"SHB",131428,"/Date(1701238496000)/",10850,300,2450400,26636000000,0,true,0
"SHB",131428,"/Date(1701238496000)/",10850,10000,2450100,26633000000,0,true,0
"SHB",131428,"/Date(1701238496000)/",10850,10200,2440100,26524000000,0,true,0
"SHB",131425,"/Date(1701238495000)/",10850,100,2429900,26413000000,0,true,0
"SHB",131400,"/Date(1701238468000)/",10900,200,2429800,26412000000,50,false,0.46
"SHB",131331,"/Date(1701238440000)/",10850,100,2429600,26410000000,0,true,0
"SHB",131318,"/Date(1701238428000)/",10850,100,2429500,26409000000,0,true,0
"SHB",131315,"/Date(1701238426000)/",10900,600,2429400,26408000000,50,false,0.46
"SHB",131302,"/Date(1701238412000)/",10850,200,2428800,26401000000,0,true,0
"SHB",131243,"/Date(1701238393000)/",10850,100,2428600,26399000000,0,true,0
"SHB",131243,"/Date(1701238393000)/",10850,200,2428500,26398000000,0,true,0
"SHB",131243,"/Date(1701238392000)/",10850,1000,2428300,26396000000,0,true,0
"SHB",131243,"/Date(1701238392000)/",10850,500,2427300,26385000000,0,true,0
"SHB",131243,"/Date(1701238392000)/",10850,2000,2426800,26380000000,0,true,0
"SHB",131243,"/Date(1701238392000)/",10850,100,2424800,26358000000,0,true,0
"SHB",131243,"/Date(1701238392000)/",10850,1000,2424700,26357000000,0,true,0
"SHB",131243,"/Date(1701238392000)/",10850,1900,2423700,26346000000,0,true,0
"SHB",131243,"/Date(1701238392000)/",10850,7900,2421800,26325000000,0,true,0
"SHB",131243,"/Date(1701238392000)/",10850,6000,2413900,26240000000,0,true,0
"SHB",131243,"/Date(1701238392000)/",10850,4000,2407900,26175000000,0,true,0
"SHB",131243,"/Date(1701238392000)/",10850,100,2403900,26131000000,0,true,0
"SHB",131243,"/Date(1701238392000)/",10850,3000,2403800,26130000000,0,true,0
"SHB",131243,"/Date(1701238392000)/",10850,100,2400800,26098000000,0,true,0
"SHB",131243,"/Date(1701238392000)/",10850,2400,2400700,26097000000,0,true,0
"SHB",131243,"/Date(1701238392000)/",10850,22800,2398300,26070000000,0,true,0
"SHB",131243,"/Date(1701238392000)/",10850,136200,2375500,25823000000,0,true,0
"SHB",131240,"/Date(1701238388000)/",10850,2500,2239300,24345000000,0,false,0
"SHB",131237,"/Date(1701238387000)/",10850,2700,2236800,24318000000,0,false,0
"SHB",131227,"/Date(1701238378000)/",10850,500,2234100,24289000000,0,false,0
"SHB",131221,"/Date(1701238371000)/",10850,1000,2233600,24283000000,0,false,0
"SHB",131202,"/Date(1701238351000)/",10850,200,2232600,24273000000,0,false,0
"SHB",131155,"/Date(1701238344000)/",10850,40000,2232400,24270000000,0,false,0
"SHB",131149,"/Date(1701238337000)/",10850,9600,2192400,23836000000,0,false,0
"SHB",131108,"/Date(1701238297000)/",10800,1000,2182800,23732000000,-50,true,-0.46
"SHB",131055,"/Date(1701238284000)/",10850,5000,2181800,23722000000,0,false,0
"SHB",131039,"/Date(1701238266000)/",10850,100,2176800,23667000000,0,false,0
"SHB",131036,"/Date(1701238265000)/",10800,100,2176700,23666000000,-50,true,-0.46
"SHB",131033,"/Date(1701238260000)/",10850,14400,2176600,23665000000,0,false,0
"SHB",130951,"/Date(1701238220000)/",10850,9600,2162200,23509000000,0,false,0
"SHB",130945,"/Date(1701238212000)/",10850,200,2152600,23405000000,0,false,0
"SHB",130942,"/Date(1701238211000)/",10800,200,2152400,23403000000,-50,true,-0.46
"SHB",130932,"/Date(1701238200000)/",10800,1000,2152200,23400000000,-50,true,-0.46
"SHB",130835,"/Date(1701238142000)/",10800,2000,2151200,23390000000,-50,true,-0.46
"SHB",130809,"/Date(1701238116000)/",10800,200,2149200,23368000000,-50,true,-0.46
"SHB",130803,"/Date(1701238111000)/",10800,400,2149000,23366000000,-50,true,-0.46
"SHB",130759,"/Date(1701238108000)/",10800,1000,2148600,23361000000,-50,true,-0.46
"SHB",130712,"/Date(1701238059000)/",10800,200,2147600,23351000000,-50,true,-0.46
"SHB",130659,"/Date(1701238048000)/",10850,78000,2147400,23349000000,0,false,0
"SHB",130659,"/Date(1701238048000)/",10850,13200,2069400,22502000000,0,false,0
"SHB",130659,"/Date(1701238048000)/",10850,7400,2056200,22359000000,0,false,0
"SHB",130659,"/Date(1701238048000)/",10850,100,2048800,22279000000,0,false,0
"SHB",130659,"/Date(1701238048000)/",10850,1000,2048700,22278000000,0,false,0
"SHB",130659,"/Date(1701238048000)/",10850,300,2047700,22267000000,0,false,0
"SHB",130656,"/Date(1701238043000)/",10850,100,2047400,22264000000,0,false,0
"SHB",130640,"/Date(1701238028000)/",10850,100,2047300,22262000000,0,false,0
"SHB",130640,"/Date(1701238028000)/",10850,400,2047200,22261000000,0,false,0
"SHB",130640,"/Date(1701238028000)/",10850,400,2046800,22257000000,0,false,0
"SHB",130640,"/Date(1701238028000)/",10850,6800,2046400,22253000000,0,false,0
"SHB",130640,"/Date(1701238028000)/",10850,2300,2039600,22179000000,0,false,0
"SHB",130630,"/Date(1701238018000)/",10850,2000,2037300,22154000000,0,false,0
"SHB",130630,"/Date(1701238017000)/",10850,700,2035300,22132000000,0,false,0
"SHB",130630,"/Date(1701238017000)/",10850,300,2034600,22125000000,0,false,0
"SHB",130621,"/Date(1701238009000)/",10850,200,2034300,22121000000,0,false,0
"SHB",130617,"/Date(1701238005000)/",10850,100,2034100,22119000000,0,false,0
"SHB",130552,"/Date(1701237981000)/",10850,300,2034000,22118000000,0,false,0
"SHB",130552,"/Date(1701237981000)/",10850,500,2033700,22115000000,0,false,0
"SHB",130552,"/Date(1701237981000)/",10850,200,2033200,22109000000,0,false,0
"SHB",130533,"/Date(1701237960000)/",10850,300,2033000,22107000000,0,false,0
"SHB",130533,"/Date(1701237960000)/",10850,700,2032700,22104000000,0,false,0
"SHB",130530,"/Date(1701237957000)/",10850,1000,2032000,22096000000,0,false,0
"SHB",130523,"/Date(1701237952000)/",10850,5000,2031000,22086000000,0,false,0
"SHB",130520,"/Date(1701237949000)/",10850,1000,2026000,22031000000,0,false,0
"SHB",130520,"/Date(1701237948000)/",10850,100,2025000,22020000000,0,false,0
"SHB",130504,"/Date(1701237933000)/",10850,900,2024900,22019000000,0,false,0
"SHB",130504,"/Date(1701237932000)/",10850,500,2024000,22010000000,0,false,0
"SHB",130445,"/Date(1701237912000)/",10850,1800,2023500,22004000000,0,false,0
"SHB",130442,"/Date(1701237909000)/",10850,100,2021700,21985000000,0,false,0
"SHB",130435,"/Date(1701237903000)/",10850,5600,2021600,21984000000,0,false,0
"SHB",130432,"/Date(1701237901000)/",10850,200,2016000,21923000000,0,false,0
"SHB",130429,"/Date(1701237899000)/",10850,500,2015800,21921000000,0,false,0
"SHB",130416,"/Date(1701237884000)/",10850,100000,2015300,21915000000,0,false,0
"SHB",130357,"/Date(1701237866000)/",10850,1800,1915300,20830000000,0,false,0
"SHB",130247,"/Date(1701237794000)/",10850,400,1913500,20811000000,0,false,0
"SHB",130241,"/Date(1701237790000)/",10850,100,1913100,20806000000,0,false,0
"SHB",130128,"/Date(1701237714000)/",10850,5000,1913000,20805000000,0,true,0
"SHB",130128,"/Date(1701237714000)/",10850,1000,1908000,20751000000,0,true,0
"SHB",130128,"/Date(1701237714000)/",10850,300,1907000,20740000000,0,true,0
"SHB",130128,"/Date(1701237714000)/",10850,100,1906700,20737000000,0,true,0
"SHB",130128,"/Date(1701237714000)/",10850,20000,1906600,20736000000,0,true,0
"SHB",130128,"/Date(1701237714000)/",10850,100,1886600,20519000000,0,true,0
"SHB",130128,"/Date(1701237714000)/",10850,100,1886500,20518000000,0,true,0
"SHB",130128,"/Date(1701237714000)/",10850,100,1886400,20517000000,0,true,0
"SHB",130128,"/Date(1701237714000)/",10850,2000,1886300,20516000000,0,true,0
"SHB",130128,"/Date(1701237714000)/",10850,3000,1884300,20494000000,0,true,0
"SHB",130128,"/Date(1701237714000)/",10850,1500,1881300,20461000000,0,true,0
"SHB",130128,"/Date(1701237714000)/",10850,300,1879800,20445000000,0,true,0
"SHB",130128,"/Date(1701237714000)/",10850,1000,1879500,20442000000,0,true,0
"SHB",130128,"/Date(1701237714000)/",10850,30000,1878500,20431000000,0,true,0
"SHB",130128,"/Date(1701237714000)/",10850,200,1848500,20105000000,0,true,0
"SHB",130128,"/Date(1701237714000)/",10850,500,1848300,20103000000,0,true,0
"SHB",130128,"/Date(1701237714000)/",10850,1000,1847800,20098000000,0,true,0
"SHB",130128,"/Date(1701237714000)/",10850,400,1846800,20087000000,0,true,0
"SHB",130128,"/Date(1701237714000)/",10850,1000,1846400,20083000000,0,true,0
"SHB",130128,"/Date(1701237714000)/",10850,2000,1845400,20072000000,0,true,0
"SHB",130128,"/Date(1701237714000)/",10850,100,1843400,20050000000,0,true,0
"SHB",130128,"/Date(1701237714000)/",10850,5000,1843300,20049000000,0,true,0
"SHB",130128,"/Date(1701237714000)/",10850,1800,1838300,19995000000,0,true,0
"SHB",130128,"/Date(1701237714000)/",10850,3800,1836500,19975000000,0,true,0
"SHB",130118,"/Date(1701237706000)/",10850,500,1832700,19934000000,0,true,0
"SHB",130027,"/Date(1701237655000)/",10850,300,1832200,19929000000,0,true,0
"SHB",125958,"/Date(1701237622000)/",10850,2000,1831900,19925000000,0,true,0
"SHB",125958,"/Date(1701237621000)/",10850,2300,1829900,19904000000,0,true,0
"SHB",125958,"/Date(1701237621000)/",10850,2400,1827600,19879000000,0,true,0
"SHB",125958,"/Date(1701237621000)/",10850,300,1825200,19853000000,0,true,0
"SHB",125958,"/Date(1701237618000)/",10850,1900,1824900,19849000000,0,true,0
"SHB",125958,"/Date(1701237617000)/",10850,600,1823000,19829000000,0,true,0
"SHB",125955,"/Date(1701237615000)/",10900,100,1822400,19822000000,50,false,0.46
"SHB",125955,"/Date(1701237615000)/",10850,200,1822300,19821000000,0,true,0
"SHB",125955,"/Date(1701237611000)/",10900,2500,1822100,19819000000,50,false,0.46
"SHB",125955,"/Date(1701237610000)/",10850,200,1819600,19792000000,0,true,0
"SHB",125952,"/Date(1701237609000)/",10850,100,1819400,19790000000,0,true,0
"SHB",125952,"/Date(1701237607000)/",10850,3000,1819300,19789000000,0,true,0
"SHB",125952,"/Date(1701237605000)/",10850,1000,1816300,19756000000,0,true,0
"SHB",125952,"/Date(1701237604000)/",10850,1100,1815300,19745000000,0,true,0
"SHB",125952,"/Date(1701237603000)/",10850,800,1814200,19733000000,0,true,0
"SHB",125949,"/Date(1701237602000)/",10850,200,1813400,19724000000,0,true,0
"SHB",125949,"/Date(1701237601000)/",10850,600,1813200,19722000000,0,true,0
"SHB",125949,"/Date(1701237601000)/",10850,100,1812600,19716000000,0,true,0
"SHB",125949,"/Date(1701237601000)/",10850,7600,1812500,19715000000,0,true,0
"SHB",125949,"/Date(1701237601000)/",10850,6000,1804900,19632000000,0,true,0
"SHB",125949,"/Date(1701237601000)/",10850,5700,1798900,19567000000,0,true,0
"SHB",125949,"/Date(1701237601000)/",10850,300,1793200,19505000000,0,true,0
"SHB",125949,"/Date(1701237601000)/",10900,100,1792900,19502000000,50,false,0.46
"SHB",125949,"/Date(1701237601000)/",10850,4000,1792800,19501000000,0,true,0
"SHB",125949,"/Date(1701237601000)/",10850,5000,1788800,19458000000,0,true,0
"SHB",125949,"/Date(1701237601000)/",10850,1000,1783800,19403000000,0,true,0
"SHB",125949,"/Date(1701237601000)/",10850,100,1782800,19392000000,0,true,0
"SHB",125946,"/Date(1701237600000)/",10850,100,1782700,19391000000,0,true,0
"SHB",125946,"/Date(1701237600000)/",10850,300,1782600,19390000000,0,true,0
