"price","change","match_qtty","side","time","total_vol"
22150,100,67300,"sd","09:15:03",67300
22050,0,200,"sd","09:15:34",67500
22000,-50,2500,"bu","09:15:34",70000
22100,50,800,"bu","09:15:47",70800
22000,-50,2700,"sd","09:15:47",73500
22100,50,100,"bu","09:15:49",73600
22000,-50,2700,"sd","09:15:51",76300
22000,-50,2700,"bu","09:16:07",79000
22000,-50,2700,"bu","09:16:11",81700
22000,-50,5500,"sd","09:16:24",87200
22000,-50,2700,"bu","09:16:30",89900
22000,-50,22700,"sd","09:16:45",112600
22000,-50,2700,"bu","09:16:46",115300
22000,-50,7300,"sd","09:17:04",122600
22000,-50,800,"sd","09:17:04",123400
22000,-50,2700,"sd","09:17:09",126100
22000,-50,2700,"sd","09:17:15",128800
22000,-50,2700,"sd","09:17:50",131500
22000,-50,6200,"sd","09:18:05",137700
22000,-50,1900,"sd","09:18:05",139600
22000,-50,3000,"bu","09:18:16",142600
22000,-50,2700,"bu","09:18:20",145300
22000,-50,5500,"sd","09:18:42",150800
22000,-50,2700,"bu","09:18:46",153500
22000,-50,2800,"sd","09:18:51",156300
22000,-50,2700,"sd","09:18:55",159000
22000,-50,29600,"sd","09:19:32",188600
22000,-50,2200,"bu","09:19:32",190800
22000,-50,1000,"sd","09:19:41",191800
21950,-100,2700,"sd","09:20:02",194500
21950,-100,2700,"sd","09:20:15",197200
21950,-100,1000,"bu","09:20:27",198200
21950,-100,2700,"sd","09:20:28",200900
21950,-100,2700,"bu","09:20:39",203600
22000,-50,1000,"sd","09:20:44",204600
21950,-100,2700,"bu","09:20:49",207300
22000,-50,100,"bu","09:20:54",207400
22000,-50,3600,"bu","09:21:00",211000
21950,-100,2700,"sd","09:21:02",213700
21950,-100,2700,"bu","09:21:07",216400
21950,-100,5400,"sd","09:21:18",221800
21950,-100,2700,"bu","09:21:21",224500
21950,-100,8100,"bu","09:21:36",232600
22000,-50,500,"bu","09:21:40",233100
21950,-100,2600,"sd","09:21:44",235700
21950,-100,100,"bu","09:21:44",235800
21950,-100,2700,"sd","09:21:49",238500
21950,-100,39800,"sd","09:23:07",278300
21950,-100,2700,"bu","09:23:07",281000
22000,-50,2900,"sd","09:23:31",283900
22000,-50,12300,"bu","09:24:04",296200
22000,-50,300,"bu","09:24:04",296500
22100,50,1000,"bu","09:24:54",297500
22000,-50,200,"bu","09:25:07",297700
22000,-50,100,"bu","09:26:12",297800
22050,0,1800,"sd","09:26:41",299600
22050,0,100,"bu","09:26:44",299700
22050,0,1100,"bu","09:26:53",300800
22050,0,100,"sd","09:28:24",300900
22050,0,200,"bu","09:28:37",301100
22050,0,1700,"sd","09:28:41",302800
22050,0,900,"bu","09:29:34",303700
22050,0,300,"sd","09:29:37",304000
22050,0,3000,"sd","09:30:39",307000
22050,0,100,"bu","09:32:07",307100
22050,0,17400,"sd","09:32:41",324500
22050,0,200,"bu","09:32:59",324700
22050,0,5000,"bu","09:33:09",329700
22050,0,17400,"bu","09:33:15",347100
22050,0,11800,"bu","09:33:53",358900
22000,-50,98000,"sd","09:35:08",456900
22000,-50,2000,"bu","09:35:55",458900
22000,-50,2300,"bu","09:36:12",461200
22000,-50,96200,"bu","09:36:27",557400
22000,-50,153800,"sd","09:36:48",711200
22000,-50,47700,"bu","09:37:46",758900
22000,-50,100,"bu","09:37:51",759000
22000,-50,40100,"bu","09:38:06",799100
22000,-50,100,"sd","09:38:10",799200
22000,-50,600,"bu","09:38:25",799800
21950,-100,2000,"sd","09:38:39",801800
21950,-100,28000,"sd","09:38:39",829800
22000,-50,161400,"sd","09:38:41",991200
22050,0,100,"bu","09:39:00",991300
22000,-50,38600,"bu","09:39:18",1029900
22000,-50,1000,"bu","09:39:18",1030900
22000,-50,2000,"bu","09:41:02",1032900
22000,-50,100,"bu","09:42:05",1033000
22000,-50,2000,"sd","09:42:10",1035000
22000,-50,206300,"sd","09:42:54",1241300
22050,0,1000,"sd","09:43:17",1242300
22000,-50,100,"sd","09:43:33",1242400
22050,0,1000,"sd","09:43:44",1243400
22000,-50,43600,"sd","09:44:49",1287000
22000,-50,1500,"sd","09:44:49",1288500
22000,-50,2000,"bu","09:44:51",1290500
22000,-50,1000,"sd","09:44:52",1291500
22000,-50,80000,"bu","09:45:12",1371500
22000,-50,181900,"sd","09:45:18",1553400
22050,0,30200,"sd","09:45:36",1583600
22000,-50,19600,"sd","09:45:37",1603200
22000,-50,100,"bu","09:45:50",1603300
22000,-50,3000,"bu","09:45:52",1606300
21950,-100,9000,"sd","09:46:05",1615300
22000,-50,10000,"bu","09:46:06",1625300
22000,-50,10200,"bu","09:46:12",1635500
22000,-50,5000,"sd","09:46:13",1640500
21950,-100,18400,"sd","09:46:16",1658900
22000,-50,1100,"sd","09:46:19",1660000
22000,-50,8900,"bu","09:46:30",1668900
22000,-50,100,"sd","09:46:48",1669000
21950,-100,17400,"sd","09:46:58",1686400
22000,-50,100,"bu","09:46:59",1686500
22000,-50,500,"bu","09:47:14",1687000
22000,-50,100,"bu","09:47:22",1687100
21950,-100,11100,"bu","09:47:39",1698200
22000,-50,9000,"sd","09:48:18",1707200
22000,-50,1100,"bu","09:48:36",1708300
22000,-50,400,"bu","09:49:11",1708700
22000,-50,800,"bu","09:49:18",1709500
22000,-50,600,"bu","09:49:22",1710100
22000,-50,500,"sd","09:50:14",1710600
22000,-50,800,"sd","09:50:18",1711400
21950,-100,17400,"sd","09:51:23",1728800
22000,-50,17500,"sd","09:52:11",1746300
22000,-50,1100,"sd","09:52:41",1747400
21950,-100,5400,"bu","09:52:42",1752800
21950,-100,44600,"bu","09:52:42",1797400
22000,-50,600,"bu","09:52:49",1798000
22000,-50,100,"bu","09:54:33",1798100
22000,-50,500,"bu","09:54:46",1798600
22000,-50,100,"sd","09:55:14",1798700
22000,-50,4000,"bu","09:55:23",1802700
22000,-50,100,"bu","09:55:47",1802800
22000,-50,200,"sd","09:56:00",1803000
21950,-100,50000,"sd","09:56:03",1853000
22000,-50,100,"bu","09:56:06",1853100
22000,-50,400,"sd","09:56:59",1853500
21950,-100,6000,"bu","09:57:02",1859500
21950,-100,17400,"bu","09:58:50",1876900
21950,-100,19400,"bu","09:59:06",1896300
22000,-50,1000,"bu","09:59:53",1897300
22000,-50,700,"bu","10:00:53",1898000
22000,-50,100,"bu","10:02:11",1898100
22000,-50,1500,"sd","10:02:33",1899600
22000,-50,4000,"bu","10:04:40",1903600
22000,-50,5000,"sd","10:04:49",1908600
22000,-50,3300,"bu","10:05:11",1911900
22000,-50,1700,"bu","10:05:11",1913600
21950,-100,300,"sd","10:08:01",1913900
22000,-50,5000,"sd","10:08:11",1918900
22000,-50,1000,"bu","10:08:16",1919900
22000,-50,100,"bu","10:08:21",1920000
21950,-100,1000,"sd","10:08:24",1921000
22000,-50,5000,"bu","10:08:56",1926000
22000,-50,1000,"bu","10:09:11",1927000
22000,-50,5000,"bu","10:09:17",1932000
22000,-50,4500,"sd","10:10:01",1936500
22000,-50,18000,"bu","10:11:36",1954500
22000,-50,100,"bu","10:12:04",1954600
21950,-100,500,"bu","10:12:23",1955100
21950,-100,8400,"bu","10:12:37",1963500
22000,-50,500,"bu","10:13:35",1964000
21950,-100,10300,"sd","10:14:35",1974300
21950,-100,1000,"sd","10:15:47",1975300
21950,-100,300,"bu","10:16:15",1975600
21950,-100,200,"bu","10:18:01",1975800
21950,-100,2000,"sd","10:18:49",1977800
21950,-100,1000,"bu","10:19:08",1978800
21950,-100,11500,"sd","10:19:15",1990300
21950,-100,1100,"bu","10:19:43",1991400
21950,-100,2000,"sd","10:19:52",1993400
21950,-100,1300,"sd","10:20:23",1994700
21950,-100,3000,"bu","10:21:15",1997700
21950,-100,1600,"sd","10:21:17",1999300
21950,-100,1400,"sd","10:22:01",2000700
21950,-100,2000,"bu","10:22:33",2002700
21950,-100,1200,"sd","10:22:44",2003900
21950,-100,30000,"bu","10:22:49",2033900
21950,-100,7000,"bu","10:22:59",2040900
21950,-100,150000,"bu","10:23:11",2190900
21950,-100,10000,"sd","10:23:18",2200900
21950,-100,1200,"sd","10:23:23",2202100
21950,-100,4100,"sd","10:23:26",2206200
21950,-100,50000,"bu","10:23:48",2256200
21950,-100,1200,"sd","10:24:02",2257400
21950,-100,54700,"bu","10:24:05",2312100
21950,-100,1000,"sd","10:24:13",2313100
21900,-150,1400,"sd","10:24:45",2314500
21900,-150,1000,"bu","10:24:46",2315500
21900,-150,1000,"bu","10:25:20",2316500
21900,-150,1000,"sd","10:25:38",2317500
21950,-100,600,"bu","10:25:52",2318100
21900,-150,1200,"sd","10:25:59",2319300
21900,-150,3200,"sd","10:26:37",2322500
21900,-150,1300,"bu","10:27:22",2323800
21900,-150,1100,"sd","10:27:58",2324900
21950,-100,500,"bu","10:28:17",2325400
21950,-100,10000,"sd","10:28:30",2335400
21900,-150,1100,"sd","10:28:39",2336500
21900,-150,200,"sd","10:28:45",2336700
21950,-100,100,"bu","10:29:09",2336800
21900,-150,1300,"bu","10:29:17",2338100
21900,-150,3000,"sd","10:29:25",2341100
21900,-150,1000,"sd","10:29:50",2342100
21900,-150,15000,"sd","10:30:22",2357100
21900,-150,100,"sd","10:30:27",2357200
21900,-150,1200,"bu","10:30:28",2358400
21950,-100,100,"bu","10:30:47",2358500
21900,-150,1000,"bu","10:31:02",2359500
21950,-100,100,"bu","10:31:05",2359600
21950,-100,2000,"bu","10:31:16",2361600
21950,-100,100,"bu","10:31:24",2361700
21900,-150,1000,"sd","10:31:35",2362700
21950,-100,2000,"sd","10:31:45",2364700
21950,-100,5000,"bu","10:32:05",2369700
21900,-150,1200,"sd","10:32:13",2370900
21950,-100,1300,"bu","10:32:56",2372200
21950,-100,1000,"sd","10:32:59",2373200
21950,-100,2000,"bu","10:33:07",2375200
21950,-100,200,"bu","10:33:16",2375400
21950,-100,2000,"bu","10:33:23",2377400
21900,-150,1000,"sd","10:33:25",2378400
21950,-100,6000,"bu","10:33:40",2384400
21950,-100,1000,"sd","10:33:47",2385400
21950,-100,2700,"bu","10:33:55",2388100
21900,-150,1000,"sd","10:33:58",2389100
21950,-100,200,"sd","10:34:14",2389300
21950,-100,1400,"sd","10:34:21",2390700
21900,-150,1100,"sd","10:34:35",2391800
21950,-100,1000,"bu","10:34:38",2392800
21950,-100,2000,"sd","10:34:50",2394800
21950,-100,4600,"bu","10:35:15",2399400
21950,-100,1000,"sd","10:35:47",2400400
21950,-100,1100,"sd","10:36:23",2401500
21950,-100,2800,"sd","10:36:24",2404300
21950,-100,1100,"sd","10:36:57",2405400
21950,-100,1000,"bu","10:37:30",2406400
21950,-100,100,"sd","10:37:36",2406500
21950,-100,1300,"bu","10:38:10",2407800
21950,-100,1000,"sd","10:38:43",2408800
21950,-100,1100,"sd","10:39:19",2409900
21950,-100,400,"bu","10:39:23",2410300
21950,-100,1200,"sd","10:39:58",2411500
21950,-100,2600,"sd","10:40:35",2414100
21950,-100,2000,"sd","10:40:54",2416100
21900,-150,1100,"bu","10:41:12",2417200
21900,-150,5000,"sd","10:41:36",2422200
21900,-150,1200,"sd","10:41:50",2423400
21900,-150,300,"bu","10:42:15",2423700
21900,-150,1100,"bu","10:42:28",2424800
21950,-100,300,"bu","10:42:37",2425100
21900,-150,1100,"sd","10:43:01",2426200
21950,-100,20000,"sd","10:43:21",2446200
21950,-100,2000,"sd","10:43:36",2448200
21900,-150,1100,"sd","10:43:39",2449300
21900,-150,1000,"sd","10:44:49",2450300
21900,-150,1100,"sd","10:45:25",2451400
21900,-150,1200,"bu","10:46:04",2452600
21900,-150,1100,"sd","10:46:39",2453700
21950,-100,6900,"bu","10:46:51",2460600
21950,-100,1100,"bu","10:47:14",2461700
21950,-100,2000,"bu","10:47:35",2463700
21900,-150,1000,"sd","10:47:49",2464700
21900,-150,1200,"bu","10:48:29",2465900
21900,-150,2100,"bu","10:48:39",2468000
21900,-150,1200,"sd","10:49:07",2469200
21900,-150,2300,"bu","10:49:50",2471500
21900,-150,1000,"sd","10:50:25",2472500
21950,-100,1500,"bu","10:50:58",2474000
21950,-100,200,"sd","10:51:00",2474200
21900,-150,1200,"bu","10:51:01",2475400
22000,-50,7600,"sd","10:51:03",2483000
21950,-100,2000,"bu","10:52:44",2485000
21950,-100,1100,"bu","10:54:52",2486100
21900,-150,1200,"sd","10:55:15",2487300
21900,-150,1100,"sd","10:55:51",2488400
21900,-150,6000,"bu","10:56:27",2494400
21900,-150,100000,"bu","10:56:34",2594400
21900,-150,1300,"bu","10:56:36",2595700
21900,-150,5000,"bu","10:56:43",2600700
21900,-150,500,"sd","10:57:04",2601200
21900,-150,1200,"bu","10:57:14",2602400
21900,-150,1300,"sd","10:58:03",2603700
21900,-150,1200,"bu","10:58:34",2604900
21900,-150,1200,"bu","10:59:13",2606100
21900,-150,500,"sd","10:59:28",2606600
21900,-150,1100,"sd","10:59:50",2607700
21900,-150,1300,"sd","11:00:31",2609000
21900,-150,1200,"sd","11:01:11",2610200
21900,-150,1100,"bu","11:01:46",2611300
21900,-150,1100,"sd","11:02:08",2612400
21900,-150,1200,"sd","11:02:30",2613600
21900,-150,1200,"sd","11:03:09",2614800
21950,-100,200,"bu","11:03:25",2615000
21900,-150,1200,"bu","11:03:47",2616200
21900,-150,1100,"sd","11:04:20",2617300
21900,-150,1100,"bu","11:04:59",2618400
21900,-150,1100,"sd","11:05:37",2619500
21900,-150,1400,"bu","11:06:22",2620900
21950,-100,100,"bu","11:06:37",2621000
21900,-150,400,"sd","11:06:39",2621400
21900,-150,32500,"bu","11:06:57",2653900
21850,-200,1200,"bu","11:07:02",2655100
21850,-200,1200,"bu","11:07:39",2656300
21900,-150,200,"bu","11:07:42",2656500
21900,-150,4000,"bu","11:07:45",2660500
21900,-150,1000,"bu","11:07:46",2661500
21900,-150,100,"bu","11:08:08",2661600
21850,-200,1100,"bu","11:08:17",2662700
21900,-150,30000,"bu","11:08:20",2692700
21900,-150,1000,"sd","11:08:25",2693700
21900,-150,30000,"bu","11:08:49",2723700
21850,-200,2200,"sd","11:08:57",2725900
21900,-150,2000,"bu","11:09:00",2727900
21900,-150,1000,"sd","11:09:03",2728900
21900,-150,2800,"sd","11:09:08",2731700
21900,-150,200,"bu","11:09:35",2731900
21850,-200,1000,"sd","11:09:36",2732900
21900,-150,2200,"bu","11:10:47",2735100
21950,-100,300,"bu","11:10:48",2735400
21900,-150,1000,"bu","11:11:21",2736400
21900,-150,1200,"bu","11:11:59",2737600
21900,-150,20500,"bu","11:12:19",2758100
21850,-200,1200,"bu","11:12:39",2759300
21900,-150,10000,"sd","11:13:00",2769300
21900,-150,600,"bu","11:13:21",2769900
21850,-200,1300,"sd","11:13:21",2771200
21900,-150,200,"sd","11:13:22",2771400
21900,-150,100,"bu","11:13:25",2771500
21900,-150,5000,"sd","11:13:45",2776500
21900,-150,14800,"bu","11:13:49",2791300
21900,-150,1100,"sd","11:13:57",2792400
21900,-150,8200,"sd","11:14:07",2800600
21900,-150,1100,"sd","11:14:35",2801700
21900,-150,2300,"sd","11:15:52",2804000
21900,-150,1000,"bu","11:16:18",2805000
21950,-100,5000,"sd","11:17:06",2810000
21900,-150,1100,"bu","11:17:31",2811100
21900,-150,500,"sd","11:17:32",2811600
21900,-150,1000,"bu","11:18:03",2812600
21900,-150,1100,"sd","11:18:42",2813700
21900,-150,1000,"sd","11:19:15",2814700
21950,-100,100,"sd","11:19:20",2814800
21900,-150,1100,"bu","11:19:51",2815900
21900,-150,1000,"bu","11:20:24",2816900
21950,-100,100,"sd","11:20:29",2817000
21900,-150,1300,"sd","11:21:04",2818300
21900,-150,1000,"bu","11:21:36",2819300
21900,-150,1800,"bu","11:22:10",2821100
21900,-150,1100,"bu","11:22:11",2822200
21900,-150,1100,"bu","11:22:49",2823300
21900,-150,5500,"sd","11:22:57",2828800
21900,-150,5500,"bu","11:23:12",2834300
21900,-150,4400,"sd","11:23:27",2838700
21850,-200,1200,"bu","11:23:27",2839900
21850,-200,5500,"sd","11:23:50",2845400
21900,-150,100,"bu","11:24:09",2845500
21900,-150,1600,"sd","11:24:23",2847100
21900,-150,2500,"sd","11:24:37",2849600
21900,-150,100,"sd","11:25:02",2849700
21900,-150,2100,"sd","11:25:44",2851800
21850,-200,1200,"sd","11:25:56",2853000
21850,-200,1100,"sd","11:26:33",2854100
21850,-200,1200,"bu","11:27:12",2855300
21850,-200,1300,"bu","11:27:54",2856600
21850,-200,14200,"bu","11:28:01",2870800
21850,-200,1000,"bu","11:28:28",2871800
21850,-200,1200,"bu","11:29:07",2873000
21850,-200,15000,"sd","11:29:39",2888000
21850,-200,1000,"sd","11:29:41",2889000
21900,-150,700,"sd","13:00:14",2889700
21900,-150,100,"sd","13:00:18",2889800
21900,-150,1000,"sd","13:00:39",2890800
21900,-150,100,"sd","13:00:40",2890900
21850,-200,300,"sd","13:00:43",2891200
21850,-200,1100,"sd","13:00:48",2892300
21900,-150,100,"sd","13:00:50",2892400
21850,-200,4600,"sd","13:00:53",2897000
21850,-200,1100,"sd","13:00:58",2898100
21850,-200,100,"bu","13:01:00",2898200
21850,-200,31100,"sd","13:01:27",2929300
21850,-200,88200,"bu","13:01:56",3017500
21850,-200,4100,"bu","13:01:57",3021600
21800,-250,1600,"sd","13:02:06",3023200
21850,-200,7300,"bu","13:02:28",3030500
21850,-200,1000,"sd","13:02:40",3031500
21850,-200,1200,"bu","13:03:45",3032700
21850,-200,1100,"sd","13:03:50",3033800
21850,-200,1400,"sd","13:04:37",3035200
21850,-200,8000,"bu","13:05:02",3043200
21850,-200,1100,"sd","13:05:14",3044300
21850,-200,5600,"sd","13:05:54",3049900
21850,-200,10000,"sd","13:06:02",3059900
21900,-150,1000,"sd","13:06:03",3060900
21900,-150,500,"sd","13:06:19",3061400
21850,-200,1000,"bu","13:06:20",3062400
21850,-200,58400,"sd","13:06:25",3120800
21850,-200,500,"sd","13:06:34",3121300
21850,-200,10000,"bu","13:06:45",3131300
21800,-250,1100,"bu","13:06:57",3132400
21850,-200,2000,"bu","13:07:00",3134400
21850,-200,10000,"bu","13:07:05",3144400
21850,-200,12000,"bu","13:07:32",3156400
21850,-200,10000,"sd","13:07:33",3166400
21800,-250,1200,"bu","13:07:38",3167600
21850,-200,4500,"bu","13:07:40",3172100
21850,-200,400,"bu","13:07:52",3172500
21850,-200,1000,"bu","13:07:59",3173500
21850,-200,6200,"sd","13:08:14",3179700
21850,-200,5800,"sd","13:08:19",3185500
21800,-250,1300,"bu","13:08:20",3186800
21850,-200,500,"sd","13:08:46",3187300
21850,-200,200,"bu","13:08:50",3187500
21850,-200,3000,"bu","13:08:53",3190500
21800,-250,1600,"bu","13:09:13",3192100
21850,-200,4000,"sd","13:09:13",3196100
21850,-200,1300,"sd","13:09:24",3197400
21850,-200,200,"bu","13:09:27",3197600
21850,-200,2100,"sd","13:10:23",3199700
21850,-200,3000,"sd","13:11:30",3202700
21850,-200,1200,"bu","13:11:32",3203900
21850,-200,1000,"bu","13:12:08",3204900
21850,-200,27700,"bu","13:12:22",3232600
21800,-250,1100,"bu","13:12:42",3233700
21850,-200,2000,"bu","13:12:50",3235700
21850,-200,67900,"bu","13:13:03",3303600
21850,-200,200,"bu","13:14:10",3303800
21850,-200,1200,"sd","13:14:44",3305000
21850,-200,1300,"sd","13:15:25",3306300
21850,-200,1100,"bu","13:15:59",3307400
21850,-200,1200,"bu","13:16:39",3308600
21900,-150,1400,"bu","13:17:35",3310000
21900,-150,600,"sd","13:17:52",3310600
21900,-150,100,"sd","13:17:54",3310700
21850,-200,1200,"bu","13:18:00",3311900
21900,-150,17400,"sd","13:18:22",3329300
21850,-200,1300,"sd","13:18:40",3330600
21900,-150,400,"bu","13:18:42",3331000
21900,-150,100,"sd","13:18:48",3331100
21900,-150,17400,"bu","13:18:58",3348500
21900,-150,2700,"bu","13:19:09",3351200
21850,-200,1100,"sd","13:19:16",3352300
21900,-150,2000,"bu","13:19:25",3354300
21900,-150,200,"bu","13:19:46",3354500
21850,-200,1100,"sd","13:19:52",3355600
21900,-150,100,"sd","13:19:54",3355700
21850,-200,1000,"sd","13:20:27",3356700
21850,-200,100,"sd","13:20:29",3356800
21850,-200,1100,"bu","13:21:03",3357900
21850,-200,1200,"sd","13:21:44",3359100
21850,-200,1300,"sd","13:22:24",3360400
21850,-200,100,"bu","13:22:31",3360500
21850,-200,5500,"bu","13:22:38",3366000
21850,-200,1100,"sd","13:23:04",3367100
21850,-200,4300,"sd","13:25:23",3371400
21850,-200,69900,"sd","13:25:24",3441300
21850,-200,3100,"sd","13:25:33",3444400
21850,-200,500,"bu","13:25:39",3444900
21850,-200,1000,"sd","13:25:47",3445900
21850,-200,2000,"bu","13:25:49",3447900
21850,-200,5000,"sd","13:25:51",3452900
21850,-200,3000,"sd","13:25:59",3455900
21850,-200,200,"bu","13:26:00",3456100
21850,-200,100,"sd","13:26:04",3456200
21850,-200,200,"bu","13:26:11",3456400
21850,-200,2000,"sd","13:26:17",3458400
21850,-200,5000,"bu","13:26:21",3463400
21850,-200,9000,"sd","13:26:30",3472400
21850,-200,1100,"sd","13:26:33",3473500
21850,-200,6600,"bu","13:27:13",3480100
21850,-200,1000,"bu","13:27:41",3481100
21850,-200,5500,"sd","13:27:43",3486600
21850,-200,1100,"bu","13:28:17",3487700
21850,-200,5500,"bu","13:28:26",3493200
21900,-150,100,"bu","13:28:31",3493300
21850,-200,500,"sd","13:28:33",3493800
21850,-200,1200,"sd","13:28:56",3495000
21850,-200,1100,"bu","13:29:35",3496100
21850,-200,1200,"bu","13:30:12",3497300
21850,-200,1700,"sd","13:30:31",3499000
21850,-200,1300,"bu","13:30:57",3500300
21850,-200,500,"bu","13:31:22",3500800
21850,-200,1100,"sd","13:31:31",3501900
21900,-150,500,"sd","13:31:49",3502400
21900,-150,300,"bu","13:32:06",3502700
21850,-200,1200,"sd","13:32:14",3503900
21900,-150,300,"bu","13:32:36",3504200
21850,-200,1000,"sd","13:32:45",3505200
21850,-200,5000,"bu","13:32:56",3510200
21850,-200,41800,"sd","13:33:03",3552000
21800,-250,1300,"sd","13:33:25",3553300
21800,-250,98100,"sd","13:33:36",3651400
21800,-250,151900,"sd","13:33:37",3803300
21800,-250,500,"bu","13:34:03",3803800
21800,-250,1100,"bu","13:34:04",3804900
21800,-250,5000,"bu","13:34:13",3809900
21800,-250,21000,"bu","13:34:24",3830900
21850,-200,100,"sd","13:34:40",3831000
21800,-250,1100,"bu","13:34:40",3832100
21800,-250,400,"sd","13:34:43",3832500
21800,-250,1200,"sd","13:35:20",3833700
21850,-200,5000,"bu","13:35:23",3838700
21850,-200,2000,"sd","13:35:51",3840700
21800,-250,1000,"bu","13:35:52",3841700
21800,-250,1100,"bu","13:35:56",3842800
21850,-200,100,"bu","13:36:25",3842900
21800,-250,1100,"bu","13:36:30",3844000
21850,-200,300,"sd","13:36:37",3844300
21850,-200,100,"sd","13:36:43",3844400
21850,-200,5000,"bu","13:36:51",3849400
21850,-200,100,"sd","13:36:58",3849500
21850,-200,300,"bu","13:37:07",3849800
21800,-250,1500,"bu","13:37:11",3851300
21850,-200,1000,"sd","13:37:14",3852300
21800,-250,1500,"sd","13:37:18",3853800
21850,-200,1000,"bu","13:37:25",3854800
21850,-200,1100,"bu","13:38:17",3855900
21800,-250,1100,"sd","13:38:18",3857000
21800,-250,5500,"bu","13:38:24",3862500
21850,-200,3000,"sd","13:38:54",3865500
21800,-250,3100,"bu","13:39:29",3868600
21850,-200,6300,"sd","13:39:32",3874900
21850,-200,1400,"bu","13:40:14",3876300
21850,-200,1700,"bu","13:40:47",3878000
21850,-200,1300,"bu","13:40:56",3879300
21850,-200,5300,"sd","13:41:10",3884600
21850,-200,5000,"bu","13:41:21",3889600
21850,-200,1100,"bu","13:41:35",3890700
21850,-200,3000,"sd","13:41:58",3893700
21850,-200,1200,"bu","13:42:14",3894900
21850,-200,5000,"sd","13:42:20",3899900
21850,-200,1300,"bu","13:42:55",3901200
21850,-200,100,"bu","13:42:57",3901300
21850,-200,1000,"sd","13:43:29",3902300
21850,-200,1300,"bu","13:44:11",3903600
21850,-200,1100,"bu","13:44:48",3904700
21850,-200,2300,"sd","13:46:03",3907000
21850,-200,1100,"bu","13:46:39",3908100
21900,-150,100,"sd","13:46:43",3908200
21850,-200,1100,"bu","13:47:12",3909300
21850,-200,5000,"bu","13:47:33",3914300
21900,-150,100,"sd","13:47:36",3914400
21850,-200,1300,"sd","13:47:56",3915700
21900,-150,1000,"sd","13:47:57",3916700
21900,-150,100,"bu","13:48:10",3916800
21850,-200,1000,"bu","13:48:30",3917800
21900,-150,100,"sd","13:48:57",3917900
21850,-200,1200,"sd","13:49:09",3919100
21850,-200,20000,"sd","13:49:34",3939100
21850,-200,15100,"sd","13:49:37",3954200
21800,-250,1200,"bu","13:49:47",3955400
21800,-250,500,"bu","13:49:55",3955900
21850,-200,200,"sd","13:49:56",3956100
21800,-250,10000,"bu","13:50:00",3966100
21800,-250,300,"sd","13:50:16",3966400
21850,-200,100,"sd","13:50:17",3966500
21800,-250,1200,"sd","13:50:28",3967700
21800,-250,1200,"sd","13:51:03",3968900
21800,-250,34900,"bu","13:51:20",4003800
21800,-250,246000,"sd","13:51:22",4249800
21800,-250,1500,"bu","13:51:33",4251300
21800,-250,100,"bu","13:51:39",4251400
21800,-250,20000,"sd","13:51:52",4271400
21800,-250,1400,"sd","13:52:55",4272800
21800,-250,100,"bu","13:53:17",4272900
21800,-250,10000,"bu","13:53:18",4282900
21800,-250,100,"sd","13:53:26",4283000
21800,-250,15000,"bu","13:53:32",4298000
21750,-300,1400,"bu","13:53:38",4299400
21750,-300,1000,"sd","13:53:39",4300400
21800,-250,100,"bu","13:53:44",4300500
21800,-250,2500,"bu","13:54:16",4303000
21800,-250,10000,"bu","13:54:17",4313000
21750,-300,1200,"bu","13:54:18",4314200
21800,-250,100,"bu","13:54:20",4314300
21850,-200,11400,"sd","13:54:24",4325700
21850,-200,11400,"sd","13:54:32",4337100
21850,-200,12700,"sd","13:54:47",4349800
21850,-200,300,"bu","13:55:18",4350100
21850,-200,500,"sd","13:55:24",4350600
21850,-200,100,"bu","13:55:30",4350700
21850,-200,2200,"sd","13:57:11",4352900
21850,-200,100,"sd","13:57:16",4353000
21850,-200,1600,"sd","13:57:40",4354600
21850,-200,1000,"sd","13:57:51",4355600
21850,-200,400,"bu","13:57:54",4356000
21850,-200,100,"bu","13:57:54",4356100
21850,-200,3100,"sd","13:58:16",4359200
21850,-200,300,"sd","13:58:33",4359500
21800,-250,23300,"sd","13:58:45",4382800
21850,-200,100,"bu","13:58:46",4382900
21800,-250,4000,"bu","14:00:57",4386900
21800,-250,14700,"bu","14:01:20",4401600
21800,-250,2300,"bu","14:01:26",4403900
21800,-250,500,"bu","14:01:30",4404400
21750,-300,1100,"bu","14:01:33",4405500
21800,-250,200,"bu","14:01:40",4405700
21800,-250,300,"sd","14:01:57",4406000
21750,-300,4300,"bu","14:02:27",4410300
21800,-250,7900,"sd","14:02:34",4418200
21800,-250,1000,"sd","14:02:44",4419200
21800,-250,10000,"bu","14:02:45",4429200
21800,-250,2000,"sd","14:02:47",4431200
21750,-300,1200,"bu","14:02:51",4432400
21800,-250,2000,"sd","14:02:53",4434400
21800,-250,3000,"bu","14:02:56",4437400
21800,-250,500,"bu","14:02:57",4437900
21800,-250,1000,"bu","14:03:01",4438900
21800,-250,100,"sd","14:03:02",4439000
21800,-250,400,"sd","14:03:04",4439400
21800,-250,3500,"sd","14:03:06",4442900
21800,-250,100,"bu","14:03:10",4443000
21800,-250,1000,"sd","14:03:12",4444000
21800,-250,1200,"bu","14:03:14",4445200
21850,-200,12700,"bu","14:03:20",4457900
21850,-200,4300,"sd","14:03:32",4462200
21900,-150,12700,"bu","14:03:43",4474900
21900,-150,12700,"bu","14:03:51",4487600
21900,-150,17400,"sd","14:03:59",4505000
21900,-150,12800,"bu","14:04:03",4517800
21900,-150,10700,"sd","14:04:11",4528500
21900,-150,11600,"sd","14:04:12",4540100
21950,-100,17400,"sd","14:04:17",4557500
21950,-100,11800,"bu","14:04:20",4569300
21900,-150,100,"sd","14:04:27",4569400
21950,-100,10400,"sd","14:04:31",4579800
21950,-100,17400,"bu","14:04:35",4597200
21950,-100,10000,"bu","14:04:39",4607200
21950,-100,11800,"bu","14:04:41",4619000
21950,-100,11400,"bu","14:04:52",4630400
21950,-100,17400,"sd","14:04:54",4647800
21950,-100,5200,"sd","14:05:01",4653000
21900,-150,2000,"sd","14:05:03",4655000
21900,-150,200,"bu","14:05:04",4655200
21900,-150,1000,"sd","14:05:17",4656200
21950,-100,11400,"sd","14:05:27",4667600
21950,-100,100,"sd","14:05:55",4667700
21950,-100,2000,"sd","14:06:14",4669700
21900,-150,3500,"sd","14:06:24",4673200
21900,-150,100,"bu","14:07:19",4673300
21900,-150,1700,"sd","14:07:20",4675000
21900,-150,4200,"bu","14:07:25",4679200
21900,-150,500,"sd","14:07:32",4679700
21850,-200,1100,"sd","14:07:55",4680800
21900,-150,1600,"sd","14:08:29",4682400
21900,-150,500,"bu","14:08:54",4682900
21900,-150,100,"bu","14:09:03",4683000
21900,-150,500,"bu","14:09:23",4683500
21900,-150,1000,"sd","14:09:31",4684500
21850,-200,1400,"bu","14:09:50",4685900
21850,-200,1600,"bu","14:10:41",4687500
21850,-200,1000,"bu","14:10:51",4688500
21900,-150,10000,"bu","14:11:03",4698500
21900,-150,3000,"sd","14:11:08",4701500
21900,-150,1000,"bu","14:11:18",4702500
21900,-150,100,"sd","14:11:19",4702600
21850,-200,1300,"sd","14:11:25",4703900
21900,-150,10000,"bu","14:11:26",4713900
21900,-150,100,"bu","14:11:38",4714000
21850,-200,1100,"bu","14:12:00",4715100
21850,-200,100,"sd","14:12:12",4715200
21900,-150,11000,"sd","14:12:16",4726200
21900,-150,500,"sd","14:12:22",4726700
21850,-200,1200,"bu","14:12:41",4727900
21850,-200,3000,"bu","14:13:17",4730900
21850,-200,1700,"sd","14:13:35",4732600
21850,-200,1200,"sd","14:14:15",4733800
21900,-150,12700,"bu","14:14:35",4746500
21900,-150,10200,"bu","14:14:41",4756700
21850,-200,1000,"bu","14:14:52",4757700
21900,-150,11400,"bu","14:14:54",4769100
21900,-150,10400,"bu","14:15:06",4779500
21900,-150,12700,"sd","14:15:15",4792200
21900,-150,200,"sd","14:15:19",4792400
21900,-150,100,"sd","14:15:22",4792500
21900,-150,12800,"bu","14:15:24",4805300
21900,-150,5000,"bu","14:15:28",4810300
21900,-150,23200,"sd","14:15:32",4833500
21900,-150,10400,"bu","14:15:39",4843900
21950,-100,10100,"bu","14:15:48",4854000
21950,-100,17400,"bu","14:15:50",4871400
21950,-100,12700,"bu","14:16:00",4884100
21900,-150,1100,"sd","14:16:05",4885200
21950,-100,17400,"sd","14:16:07",4902600
21950,-100,10800,"bu","14:16:08",4913400
21950,-100,11400,"sd","14:16:18",4924800
21950,-100,27600,"bu","14:16:41",4952400
22000,-50,17400,"bu","14:16:55",4969800
22000,-50,17400,"bu","14:17:14",4987200
22000,-50,200,"sd","14:17:28",4987400
22000,-50,67400,"bu","14:17:30",5054800
22000,-50,900,"sd","14:17:36",5055700
21950,-100,100,"bu","14:17:51",5055800
21950,-100,400,"sd","14:17:54",5056200
21950,-100,2000,"sd","14:17:55",5058200
21950,-100,1400,"bu","14:18:12",5059600
21950,-100,1000,"sd","14:18:13",5060600
22000,-50,20000,"bu","14:18:18",5080600
22000,-50,1000,"sd","14:18:37",5081600
21950,-100,1500,"bu","14:19:03",5083100
22000,-50,2500,"bu","14:19:07",5085600
22000,-50,1000,"bu","14:19:12",5086600
22000,-50,600,"bu","14:19:27",5087200
21950,-100,200,"sd","14:19:39",5087400
21900,-150,27900,"sd","14:20:08",5115300
21950,-100,500,"sd","14:20:16",5115800
21950,-100,73600,"sd","14:20:28",5189400
21950,-100,100,"sd","14:21:13",5189500
22000,-50,17400,"bu","14:21:30",5206900
22000,-50,50000,"bu","14:21:44",5256900
21950,-100,44800,"sd","14:22:51",5301700
21950,-100,500,"sd","14:22:53",5302200
21950,-100,30000,"bu","14:23:08",5332200
21900,-150,100,"bu","14:23:17",5332300
21900,-150,400,"sd","14:23:36",5332700
21900,-150,2000,"bu","14:23:45",5334700
21900,-150,500,"bu","14:24:06",5335200
21900,-150,1800,"sd","14:24:23",5337000
21900,-150,11000,"bu","14:24:53",5348000
21900,-150,2100,"sd","14:25:32",5350100
21950,-100,17400,"bu","14:25:39",5367500
21900,-150,200,"sd","14:25:43",5367700
21950,-100,100,"bu","14:25:56",5367800
22000,-50,17400,"sd","14:26:00",5385200
22000,-50,4100,"bu","14:26:19",5389300
21950,-100,1500,"bu","14:26:25",5390800
21950,-100,38600,"sd","14:26:28",5429400
21950,-100,1700,"bu","14:26:42",5431100
21950,-100,4000,"sd","14:26:44",5435100
21900,-150,1300,"bu","14:27:06",5436400
21950,-100,100,"sd","14:27:28",5436500
21950,-100,1000,"sd","14:27:31",5437500
21950,-100,100,"sd","14:27:47",5437600
21950,-100,500,"bu","14:27:49",5438100
21900,-150,67100,"bu","14:27:50",5505200
21850,-200,1400,"sd","14:27:53",5506600
21850,-200,5500,"sd","14:28:06",5512100
21900,-150,32900,"sd","14:28:27",5545000
21900,-150,5500,"bu","14:28:29",5550500
21900,-150,8500,"bu","14:28:36",5559000
21900,-150,100,"sd","14:29:01",5559100
21900,-150,800,"bu","14:29:27",5559900
21900,-150,100,"sd","14:29:34",5560000
21900,-150,3900,"bu","14:29:37",5563900
21900,-150,400,"bu","14:30:01",5564300
21950,-100,100,"sd","14:30:03",5564400
21950,-100,170300,"bu","14:45:05",5734700
