"price","change","match_qtty","side","time","total_vol"
16600,150,386600,"sd","09:15:12",386600
16600,150,26500,"sd","09:15:15",413100
16600,150,100,"bu","09:15:24",413200
16650,200,200,"sd","09:15:25",413400
16650,200,4800,"sd","09:15:25",418200
16650,200,12300,"bu","09:15:27",430500
16650,200,500,"bu","09:15:27",431000
16650,200,100,"sd","09:15:29",431100
16650,200,9600,"sd","09:15:36",440700
16650,200,2500,"bu","09:15:37",443200
16650,200,500,"bu","09:15:40",443700
16650,200,5200,"sd","09:15:43",448900
16600,150,400,"sd","09:15:49",449300
16600,150,900,"bu","09:15:49",450200
16600,150,4800,"sd","09:15:56",455000
16600,150,200,"sd","09:15:56",455200
16600,150,2600,"bu","09:15:57",457800
16650,200,40000,"bu","09:16:02",497800
16600,150,15500,"sd","09:16:06",513300
16600,150,2000,"bu","09:16:09",515300
16650,200,6000,"bu","09:16:14",521300
16650,200,3000,"sd","09:16:17",524300
16650,200,6000,"sd","09:16:25",530300
16600,150,10000,"sd","09:16:26",540300
16600,150,20000,"sd","09:16:28",560300
16600,150,10300,"sd","09:16:32",570600
16600,150,2000,"sd","09:16:32",572600
16600,150,10000,"bu","09:16:33",582600
16600,150,2800,"sd","09:16:34",585400
16600,150,2200,"bu","09:16:34",587600
16650,200,100,"bu","09:16:36",587700
16600,150,3000,"bu","09:16:36",590700
16600,150,28300,"sd","09:16:37",619000
16600,150,100,"bu","09:16:38",619100
16600,150,4500,"sd","09:16:39",623600
16600,150,300,"sd","09:16:40",623900
16600,150,700,"sd","09:16:48",624600
16600,150,3800,"bu","09:16:56",628400
16600,150,500,"bu","09:16:57",628900
16550,100,100,"bu","09:16:58",629000
16600,150,500,"bu","09:16:59",629500
16600,150,1000,"bu","09:17:01",630500
16600,150,1300,"sd","09:17:08",631800
16600,150,200,"bu","09:17:09",632000
16550,100,100,"sd","09:17:14",632100
16600,150,2000,"bu","09:17:16",634100
16600,150,3600,"sd","09:17:19",637700
16600,150,200,"sd","09:17:34",637900
16600,150,2200,"sd","09:17:39",640100
16600,150,100,"bu","09:17:44",640200
16600,150,200,"sd","09:17:44",640400
16600,150,1600,"bu","09:17:51",642000
16600,150,100,"bu","09:17:53",642100
16550,100,1000,"sd","09:17:55",643100
16550,100,200,"sd","09:18:02",643300
16600,150,600,"sd","09:18:04",643900
16600,150,500,"bu","09:18:05",644400
16550,100,300,"sd","09:18:08",644700
16600,150,10000,"bu","09:18:12",654700
16600,150,100,"bu","09:18:13",654800
16600,150,500,"sd","09:18:21",655300
16550,100,100,"sd","09:18:22",655400
16600,150,1100,"sd","09:18:33",656500
16600,150,400,"sd","09:18:34",656900
16600,150,500,"bu","09:18:40",657400
16550,100,1200,"sd","09:18:41",658600
16550,100,800,"sd","09:18:41",659400
16550,100,2000,"bu","09:18:48",661400
16600,150,200,"sd","09:18:54",661600
16600,150,10200,"bu","09:19:02",671800
16550,100,1000,"bu","09:19:09",672800
16600,150,2200,"bu","09:19:14",675000
16550,100,6500,"sd","09:19:25",681500
16550,100,10000,"bu","09:19:30",691500
16550,100,5000,"sd","09:19:36",696500
16550,100,500,"bu","09:19:39",697000
16550,100,100,"bu","09:19:40",697100
16550,100,600,"sd","09:19:40",697700
16550,100,4400,"sd","09:19:40",702100
16550,100,500,"bu","09:19:43",702600
16550,100,300,"bu","09:19:45",702900
16550,100,1000,"bu","09:19:47",703900
16550,100,1000,"sd","09:19:50",704900
16550,100,2300,"bu","09:19:58",707200
16550,100,600,"bu","09:20:00",707800
16550,100,5000,"sd","09:20:01",712800
16550,100,500,"bu","09:20:01",713300
16550,100,7300,"sd","09:20:04",720600
16550,100,600,"sd","09:20:04",721200
16550,100,500,"bu","09:20:06",721700
16550,100,600,"sd","09:20:06",722300
16550,100,300,"sd","09:20:06",722600
16550,100,2000,"bu","09:20:07",724600
16550,100,200,"bu","09:20:08",724800
16550,100,100,"sd","09:20:08",724900
16550,100,200,"sd","09:20:08",725100
16550,100,500,"sd","09:20:11",725600
16550,100,1800,"bu","09:20:20",727400
16550,100,500,"sd","09:20:21",727900
16550,100,5000,"sd","09:20:21",732900
16600,150,1500,"bu","09:20:23",734400
16550,100,55000,"bu","09:20:34",789400
16550,100,2000,"sd","09:20:35",791400
16600,150,1000,"sd","09:20:41",792400
16550,100,3000,"sd","09:20:42",795400
16550,100,2200,"sd","09:20:44",797600
16550,100,5000,"bu","09:20:45",802600
16550,100,400,"sd","09:20:48",803000
16550,100,1600,"bu","09:20:49",804600
16550,100,100,"bu","09:20:50",804700
16550,100,1000,"sd","09:20:51",805700
16550,100,1000,"bu","09:20:54",806700
16550,100,1500,"bu","09:20:55",808200
16550,100,500,"bu","09:20:55",808700
16550,100,6000,"bu","09:20:57",814700
16550,100,300,"bu","09:20:57",815000
16550,100,600,"sd","09:21:00",815600
16550,100,100,"sd","09:21:03",815700
16550,100,300,"sd","09:21:05",816000
16550,100,3000,"sd","09:21:05",819000
16550,100,500,"sd","09:21:08",819500
16550,100,2000,"sd","09:21:10",821500
16550,100,100,"bu","09:21:14",821600
16550,100,2000,"bu","09:21:17",823600
16600,150,6000,"bu","09:21:21",829600
16550,100,5000,"bu","09:21:22",834600
16550,100,4100,"sd","09:21:23",838700
16600,150,500,"bu","09:21:26",839200
16550,100,400,"bu","09:21:28",839600
16600,150,10000,"sd","09:21:35",849600
16550,100,100,"sd","09:21:39",849700
16550,100,15000,"sd","09:21:43",864700
16550,100,3000,"bu","09:21:45",867700
16600,150,2000,"bu","09:21:46",869700
16550,100,5700,"sd","09:21:47",875400
16550,100,6300,"bu","09:21:47",881700
16550,100,700,"bu","09:21:51",882400
16550,100,500,"bu","09:21:51",882900
16600,150,4000,"bu","09:21:53",886900
16550,100,7000,"sd","09:21:53",893900
16600,150,2000,"sd","09:21:54",895900
16550,100,5000,"bu","09:21:54",900900
16600,150,500,"sd","09:21:56",901400
16550,100,1500,"bu","09:21:58",902900
16550,100,5000,"bu","09:21:59",907900
16550,100,3300,"bu","09:22:00",911200
16550,100,300,"bu","09:22:00",911500
16550,100,8800,"bu","09:22:04",920300
16550,100,20000,"bu","09:22:06",940300
16550,100,35000,"sd","09:22:08",975300
16550,100,2000,"sd","09:22:08",977300
16550,100,2300,"sd","09:22:09",979600
16550,100,8700,"sd","09:22:09",988300
16550,100,800,"sd","09:22:10",989100
16550,100,10000,"bu","09:22:10",999100
16500,50,500,"bu","09:22:11",999600
16500,50,500,"sd","09:22:11",1000100
16550,100,1700,"bu","09:22:13",1001800
16550,100,5000,"bu","09:22:24",1006800
16550,100,2400,"sd","09:22:25",1009200
16550,100,300,"bu","09:22:26",1009500
16550,100,20000,"bu","09:22:28",1029500
16550,100,1000,"bu","09:22:34",1030500
16500,50,3000,"sd","09:22:37",1033500
16500,50,5300,"sd","09:22:38",1038800
16550,100,1500,"bu","09:22:44",1040300
16550,100,5200,"bu","09:22:46",1045500
16550,100,2000,"sd","09:22:48",1047500
16550,100,11000,"sd","09:22:54",1058500
16500,50,100000,"bu","09:22:54",1158500
16550,100,500,"sd","09:22:58",1159000
16500,50,3000,"bu","09:22:58",1162000
16500,50,500,"bu","09:23:07",1162500
16500,50,100,"sd","09:23:10",1162600
16500,50,2200,"bu","09:23:16",1164800
16500,50,100,"bu","09:23:16",1164900
16500,50,3000,"bu","09:23:16",1167900
16550,100,50000,"sd","09:23:19",1217900
16550,100,200,"sd","09:23:19",1218100
16550,100,300,"bu","09:23:25",1218400
16550,100,500,"bu","09:23:34",1218900
16550,100,600,"bu","09:23:36",1219500
16550,100,500,"bu","09:23:37",1220000
16550,100,5800,"bu","09:23:39",1225800
16550,100,20000,"bu","09:23:43",1245800
16550,100,30000,"bu","09:23:43",1275800
16550,100,1000,"bu","09:23:43",1276800
16550,100,6000,"bu","09:23:44",1282800
16550,100,5000,"sd","09:23:44",1287800
16550,100,2500,"sd","09:23:45",1290300
16550,100,18100,"bu","09:23:47",1308400
16550,100,700,"sd","09:23:48",1309100
16550,100,10000,"sd","09:23:49",1319100
16550,100,300,"sd","09:23:52",1319400
16550,100,1000,"sd","09:23:56",1320400
16550,100,500,"sd","09:23:56",1320900
16550,100,2200,"sd","09:23:58",1323100
16550,100,300,"bu","09:23:59",1323400
16550,100,11700,"sd","09:24:01",1335100
16550,100,5000,"bu","09:24:08",1340100
16550,100,6400,"sd","09:24:15",1346500
16550,100,500,"sd","09:24:15",1347000
16550,100,1100,"bu","09:24:18",1348100
16550,100,2000,"bu","09:24:18",1350100
16550,100,10200,"bu","09:24:20",1360300
16550,100,1000,"sd","09:24:21",1361300
16550,100,200,"bu","09:24:24",1361500
16550,100,100,"bu","09:24:28",1361600
16550,100,1000,"bu","09:24:33",1362600
16550,100,900,"sd","09:24:33",1363500
16550,100,2000,"bu","09:24:38",1365500
16550,100,600,"sd","09:24:40",1366100
16550,100,200,"sd","09:24:41",1366300
16550,100,2000,"bu","09:24:43",1368300
16550,100,1200,"bu","09:24:44",1369500
16550,100,100,"bu","09:24:47",1369600
16550,100,2000,"sd","09:24:47",1371600
16550,100,3000,"bu","09:24:53",1374600
16550,100,2000,"bu","09:24:54",1376600
16550,100,50000,"bu","09:24:55",1426600
16600,150,300,"bu","09:24:56",1426900
16550,100,100,"bu","09:24:56",1427000
16550,100,4000,"sd","09:24:58",1431000
16550,100,6900,"bu","09:24:58",1437900
16550,100,100,"sd","09:25:10",1438000
16500,50,2000,"bu","09:25:15",1440000
16550,100,2300,"bu","09:25:20",1442300
16550,100,500,"bu","09:25:21",1442800
16550,100,6000,"bu","09:25:24",1448800
16550,100,2000,"sd","09:25:31",1450800
16550,100,500,"bu","09:25:47",1451300
16500,50,100,"sd","09:25:48",1451400
16550,100,2700,"sd","09:25:54",1454100
16550,100,4000,"bu","09:25:54",1458100
16500,50,2000,"sd","09:25:55",1460100
16500,50,1000,"sd","09:26:01",1461100
16500,50,100,"bu","09:26:02",1461200
16500,50,400,"sd","09:26:10",1461600
16500,50,100,"bu","09:26:19",1461700
16500,50,500,"sd","09:26:21",1462200
16500,50,800,"bu","09:26:22",1463000
16500,50,4200,"bu","09:26:22",1467200
16500,50,2000,"bu","09:26:26",1469200
16500,50,100,"sd","09:26:30",1469300
16500,50,2000,"sd","09:26:32",1471300
16500,50,600,"sd","09:26:32",1471900
16500,50,1000,"sd","09:26:35",1472900
16550,100,5000,"sd","09:26:36",1477900
16550,100,5500,"bu","09:26:41",1483400
16550,100,8500,"sd","09:26:41",1491900
16500,50,100,"bu","09:26:43",1492000
16550,100,5000,"sd","09:26:44",1497000
16550,100,6400,"sd","09:26:47",1503400
16550,100,5000,"bu","09:26:48",1508400
16550,100,400,"bu","09:26:52",1508800
16550,100,3100,"bu","09:26:52",1511900
16550,100,10000,"bu","09:26:54",1521900
16500,50,2000,"sd","09:26:59",1523900
16550,100,4500,"bu","09:27:01",1528400
16500,50,300,"bu","09:27:05",1528700
16550,100,1300,"bu","09:27:07",1530000
16550,100,4000,"sd","09:27:11",1534000
16550,100,10000,"bu","09:27:12",1544000
16500,50,1000,"bu","09:27:13",1545000
16550,100,10800,"sd","09:27:15",1555800
16550,100,48000,"bu","09:27:17",1603800
16550,100,5000,"sd","09:27:19",1608800
16500,50,100,"bu","09:27:22",1608900
16550,100,1000,"sd","09:27:24",1609900
16550,100,700,"sd","09:27:31",1610600
16550,100,2700,"sd","09:27:33",1613300
16550,100,100,"bu","09:27:39",1613400
16550,100,300,"sd","09:27:46",1613700
16550,100,1000,"bu","09:27:46",1614700
16550,100,5000,"bu","09:27:47",1619700
16550,100,500,"bu","09:27:48",1620200
16550,100,1000,"bu","09:27:52",1621200
16550,100,2000,"sd","09:27:54",1623200
16550,100,5000,"bu","09:27:58",1628200
16550,100,500,"bu","09:28:00",1628700
16550,100,200,"sd","09:28:04",1628900
16550,100,10000,"sd","09:28:04",1638900
16550,100,1000,"sd","09:28:06",1639900
16550,100,2500,"sd","09:28:07",1642400
16550,100,100,"sd","09:28:10",1642500
16550,100,5100,"bu","09:28:16",1647600
16550,100,1000,"bu","09:28:17",1648600
16550,100,6000,"sd","09:28:21",1654600
16550,100,3600,"bu","09:28:21",1658200
16550,100,600,"bu","09:28:26",1658800
16550,100,200,"bu","09:28:26",1659000
16550,100,2000,"bu","09:28:31",1661000
16550,100,1000,"bu","09:28:36",1662000
16550,100,2000,"sd","09:28:36",1664000
16550,100,100,"sd","09:28:38",1664100
16550,100,400,"bu","09:28:39",1664500
16550,100,1000,"sd","09:28:40",1665500
16550,100,5000,"sd","09:28:44",1670500
16550,100,6000,"bu","09:28:50",1676500
16550,100,300,"bu","09:28:52",1676800
16550,100,400,"sd","09:28:55",1677200
16550,100,100,"bu","09:28:56",1677300
16550,100,2100,"sd","09:29:03",1679400
16600,150,200,"bu","09:29:05",1679600
16550,100,700,"bu","09:29:06",1680300
16550,100,5000,"sd","09:29:08",1685300
16550,100,100,"bu","09:29:09",1685400
16550,100,6800,"bu","09:29:12",1692200
16550,100,700,"bu","09:29:13",1692900
16550,100,1000,"bu","09:29:13",1693900
16550,100,400,"bu","09:29:14",1694300
16550,100,1500,"bu","09:29:15",1695800
16550,100,52500,"sd","09:29:15",1748300
16550,100,1000,"sd","09:29:18",1749300
16550,100,200,"sd","09:29:30",1749500
16550,100,4000,"sd","09:29:34",1753500
16500,50,5000,"sd","09:29:36",1758500
16550,100,100,"bu","09:29:39",1758600
16550,100,4000,"bu","09:29:39",1762600
16550,100,100,"bu","09:29:42",1762700
16550,100,700,"sd","09:29:57",1763400
16550,100,1000,"bu","09:29:59",1764400
16550,100,200,"bu","09:29:59",1764600
16550,100,300,"bu","09:30:04",1764900
16550,100,100,"sd","09:30:09",1765000
16550,100,6200,"sd","09:30:10",1771200
16550,100,5800,"sd","09:30:14",1777000
16550,100,21200,"bu","09:30:18",1798200
16550,100,1300,"bu","09:30:26",1799500
16550,100,1000,"bu","09:30:26",1800500
16550,100,500,"sd","09:30:28",1801000
16550,100,200,"sd","09:30:39",1801200
16550,100,1100,"bu","09:30:39",1802300
16550,100,3000,"bu","09:30:40",1805300
16550,100,5000,"sd","09:30:41",1810300
16550,100,4900,"sd","09:30:42",1815200
16550,100,2000,"bu","09:30:47",1817200
16550,100,500,"sd","09:30:47",1817700
16550,100,800,"bu","09:30:50",1818500
16550,100,5000,"bu","09:30:51",1823500
16550,100,300,"sd","09:30:55",1823800
16550,100,800,"sd","09:30:58",1824600
16550,100,1000,"sd","09:31:06",1825600
16550,100,300,"sd","09:31:07",1825900
16550,100,1000,"bu","09:31:16",1826900
16550,100,1500,"sd","09:31:19",1828400
16550,100,1800,"bu","09:31:20",1830200
16550,100,4700,"sd","09:31:20",1834900
16550,100,1000,"bu","09:31:21",1835900
16550,100,4000,"bu","09:31:31",1839900
16550,100,500,"sd","09:31:34",1840400
16550,100,100,"bu","09:31:37",1840500
16550,100,1000,"sd","09:31:37",1841500
16550,100,8000,"sd","09:31:38",1849500
16550,100,10000,"sd","09:32:01",1859500
16550,100,500,"bu","09:32:05",1860000
16550,100,1000,"bu","09:32:09",1861000
16550,100,100,"bu","09:32:10",1861100
16600,150,5000,"sd","09:32:17",1866100
16550,100,900,"sd","09:32:44",1867000
16600,150,97000,"bu","09:32:46",1964000
16550,100,100,"sd","09:32:49",1964100
16600,150,5000,"sd","09:32:56",1969100
16600,150,100,"sd","09:32:56",1969200
16550,100,600,"bu","09:32:58",1969800
16600,150,3100,"sd","09:33:06",1972900
16600,150,500,"bu","09:33:12",1973400
16600,150,1100,"bu","09:33:19",1974500
16550,100,3000,"sd","09:33:35",1977500
16550,100,200,"sd","09:33:41",1977700
16550,100,300,"bu","09:33:52",1978000
16550,100,1000,"sd","09:34:01",1979000
16550,100,4000,"sd","09:34:09",1983000
16550,100,10000,"bu","09:34:13",1993000
16550,100,300,"bu","09:34:26",1993300
16550,100,2100,"sd","09:34:33",1995400
16550,100,33000,"bu","09:34:42",2028400
16550,100,4000,"sd","09:34:42",2032400
16550,100,1000,"bu","09:34:47",2033400
16550,100,7000,"sd","09:34:50",2040400
16600,150,1000,"sd","09:34:51",2041400
16550,100,1000,"bu","09:35:13",2042400
16550,100,500,"sd","09:35:18",2042900
16550,100,2800,"sd","09:35:23",2045700
16600,150,100,"bu","09:35:24",2045800
16600,150,100000,"sd","09:35:28",2145800
16600,150,6100,"bu","09:35:40",2151900
16600,150,1000,"sd","09:35:41",2152900
16600,150,600,"sd","09:35:44",2153500
16600,150,7000,"sd","09:36:36",2160500
16600,150,2000,"bu","09:36:37",2162500
16600,150,100,"sd","09:36:40",2162600
16550,100,500,"bu","09:36:45",2163100
16600,150,200,"bu","09:36:47",2163300
16600,150,100,"bu","09:36:49",2163400
16600,150,1000,"sd","09:37:13",2164400
16600,150,500,"sd","09:37:15",2164900
16600,150,100,"bu","09:37:16",2165000
16550,100,2200,"sd","09:37:51",2167200
16550,100,1000,"bu","09:38:14",2168200
16550,100,1200,"bu","09:38:19",2169400
16550,100,100,"sd","09:38:22",2169500
16550,100,10000,"bu","09:38:27",2179500
16550,100,500,"bu","09:38:38",2180000
16550,100,4000,"bu","09:38:42",2184000
16550,100,55000,"sd","09:38:59",2239000
16600,150,100,"sd","09:39:00",2239100
16550,100,1000,"bu","09:39:18",2240100
16550,100,2000,"sd","09:39:42",2242100
16600,150,100,"sd","09:39:52",2242200
16600,150,200,"sd","09:40:01",2242400
16600,150,500,"bu","09:40:23",2242900
16600,150,50000,"sd","09:40:26",2292900
16600,150,5000,"bu","09:40:31",2297900
16550,100,10000,"sd","09:41:02",2307900
16550,100,11000,"sd","09:41:12",2318900
16550,100,8000,"bu","09:41:24",2326900
16550,100,2000,"sd","09:41:31",2328900
16550,100,1000,"sd","09:41:33",2329900
16550,100,1000,"bu","09:41:43",2330900
16600,150,2900,"sd","09:41:56",2333800
16550,100,5200,"sd","09:42:06",2339000
16550,100,1000,"sd","09:42:06",2340000
16550,100,10000,"bu","09:42:07",2350000
16550,100,20000,"sd","09:42:11",2370000
16600,150,5000,"sd","09:42:12",2375000
16550,100,300,"bu","09:42:18",2375300
16550,100,100,"bu","09:42:18",2375400
16600,150,1100,"bu","09:42:32",2376500
16550,100,55000,"bu","09:42:37",2431500
16550,100,700,"sd","09:42:40",2432200
16600,150,5000,"bu","09:42:46",2437200
16550,100,300,"sd","09:42:52",2437500
16550,100,1000,"sd","09:42:54",2438500
16600,150,11000,"sd","09:43:32",2449500
16550,100,2000,"bu","09:43:49",2451500
16600,150,100,"sd","09:43:53",2451600
16600,150,2000,"sd","09:43:55",2453600
16550,100,3100,"bu","09:43:56",2456700
16600,150,2900,"sd","09:44:06",2459600
16550,100,200,"bu","09:44:13",2459800
16600,150,2500,"bu","09:44:14",2462300
16600,150,1500,"bu","09:44:39",2463800
16600,150,130000,"sd","09:44:41",2593800
16600,150,29000,"sd","09:44:46",2622800
16600,150,91000,"bu","09:44:46",2713800
16550,100,800,"sd","09:44:47",2714600
16600,150,200,"bu","09:44:53",2714800
16600,150,1500,"bu","09:44:55",2716300
16600,150,1000,"sd","09:44:56",2717300
16600,150,500,"sd","09:45:02",2717800
16600,150,400,"bu","09:45:04",2718200
16600,150,10000,"sd","09:45:05",2728200
16600,150,2000,"bu","09:45:06",2730200
16600,150,2500,"bu","09:45:14",2732700
16600,150,11000,"sd","09:45:21",2743700
16600,150,3000,"bu","09:45:23",2746700
16600,150,10000,"bu","09:45:27",2756700
16600,150,500,"bu","09:45:27",2757200
16600,150,5000,"bu","09:45:27",2762200
16600,150,8200,"sd","09:45:28",2770400
16600,150,50000,"sd","09:45:29",2820400
16600,150,100,"sd","09:45:29",2820500
16600,150,3500,"bu","09:45:30",2824000
16600,150,5400,"sd","09:45:31",2829400
16600,150,500,"sd","09:45:32",2829900
16600,150,1100,"bu","09:45:32",2831000
16600,150,20000,"bu","09:45:34",2851000
16600,150,1000,"sd","09:45:34",2852000
16600,150,3000,"bu","09:45:36",2855000
16600,150,600,"sd","09:45:39",2855600
16600,150,6500,"bu","09:45:40",2862100
16600,150,1100,"bu","09:45:41",2863200
16600,150,5000,"bu","09:45:43",2868200
16600,150,3200,"bu","09:45:44",2871400
16600,150,3200,"sd","09:45:44",2874600
16600,150,2000,"bu","09:45:45",2876600
16600,150,1000,"sd","09:45:46",2877600
16600,150,100,"bu","09:45:46",2877700
16600,150,2000,"sd","09:45:47",2879700
16600,150,300,"sd","09:45:48",2880000
16600,150,2000,"bu","09:45:49",2882000
16600,150,1000,"bu","09:45:49",2883000
16600,150,1100,"bu","09:45:50",2884100
16600,150,1000,"bu","09:45:52",2885100
16600,150,800,"bu","09:45:52",2885900
16600,150,10000,"sd","09:45:53",2895900
16600,150,3000,"sd","09:45:55",2898900
16600,150,200,"bu","09:45:55",2899100
16600,150,4200,"bu","09:45:57",2903300
16600,150,10300,"bu","09:45:57",2913600
16600,150,1100,"bu","09:45:58",2914700
16600,150,2200,"bu","09:45:58",2916900
16600,150,4300,"bu","09:45:59",2921200
16600,150,30000,"sd","09:46:00",2951200
16600,150,8000,"sd","09:46:01",2959200
16600,150,2000,"bu","09:46:01",2961200
16600,150,100,"sd","09:46:02",2961300
16600,150,5000,"sd","09:46:02",2966300
16600,150,1000,"sd","09:46:04",2967300
16600,150,3000,"sd","09:46:04",2970300
16600,150,100,"bu","09:46:05",2970400
16600,150,2000,"sd","09:46:06",2972400
16600,150,3000,"sd","09:46:06",2975400
16600,150,3500,"sd","09:46:07",2978900
16600,150,1500,"sd","09:46:09",2980400
16650,200,6000,"bu","09:46:29",2986400
16600,150,100,"sd","09:46:30",2986500
16650,200,2700,"bu","09:46:41",2989200
16600,150,500,"sd","09:46:44",2989700
16650,200,100,"sd","09:46:44",2989800
16650,200,1000,"bu","09:46:50",2990800
16650,200,500,"sd","09:46:59",2991300
16650,200,5000,"sd","09:47:16",2996300
16600,150,1000,"bu","09:47:27",2997300
16600,150,5000,"sd","09:47:40",3002300
16600,150,12000,"bu","09:47:54",3014300
16600,150,200,"sd","09:47:55",3014500
16600,150,21400,"bu","09:47:55",3035900
16600,150,200,"bu","09:47:56",3036100
16600,150,16000,"sd","09:47:59",3052100
16650,200,30000,"bu","09:48:17",3082100
16650,200,100000,"bu","09:48:17",3182100
16600,150,100,"sd","09:48:20",3182200
16650,200,16500,"sd","09:48:20",3198700
16650,200,33500,"sd","09:48:21",3232200
16650,200,200,"sd","09:48:23",3232400
16650,200,500,"bu","09:48:24",3232900
16650,200,3000,"sd","09:48:28",3235900
16650,200,1000,"sd","09:48:30",3236900
16650,200,200,"bu","09:48:31",3237100
16650,200,100,"sd","09:48:32",3237200
16650,200,300,"sd","09:48:34",3237500
16650,200,100,"sd","09:48:34",3237600
16650,200,300,"sd","09:48:38",3237900
16650,200,5000,"sd","09:48:40",3242900
16650,200,200,"bu","09:48:41",3243100
16650,200,3000,"sd","09:48:41",3246100
16650,200,1000,"bu","09:48:43",3247100
16650,200,2800,"sd","09:48:45",3249900
16650,200,5000,"sd","09:48:46",3254900
16650,200,1000,"sd","09:48:46",3255900
16650,200,3000,"sd","09:48:47",3258900
16650,200,7300,"bu","09:48:51",3266200
16650,200,12800,"bu","09:48:52",3279000
16650,200,10000,"bu","09:48:53",3289000
16650,200,1000,"sd","09:48:55",3290000
16650,200,7400,"sd","09:48:56",3297400
16650,200,24800,"sd","09:48:57",3322200
16650,200,4200,"sd","09:48:59",3326400
16650,200,500,"sd","09:49:00",3326900
16650,200,8500,"sd","09:49:02",3335400
16700,250,2000,"bu","09:49:04",3337400
16650,200,1000,"sd","09:49:13",3338400
16700,250,500,"bu","09:49:24",3338900
16650,200,900,"bu","09:49:38",3339800
16700,250,500,"bu","09:49:42",3340300
16650,200,2500,"bu","09:49:47",3342800
16700,250,200,"sd","09:49:52",3343000
16650,200,10000,"bu","09:49:55",3353000
16700,250,100,"bu","09:49:57",3353100
16700,250,3200,"bu","09:50:03",3356300
16700,250,100,"sd","09:50:06",3356400
16700,250,4500,"sd","09:50:08",3360900
16700,250,500,"bu","09:50:11",3361400
16700,250,100,"sd","09:50:15",3361500
16700,250,3000,"sd","09:50:18",3364500
16700,250,5000,"bu","09:50:21",3369500
16700,250,300,"bu","09:50:25",3369800
16700,250,100,"bu","09:50:27",3369900
16700,250,5000,"sd","09:50:29",3374900
16700,250,3000,"bu","09:50:30",3377900
16700,250,1000,"bu","09:50:30",3378900
16700,250,2000,"bu","09:50:30",3380900
16700,250,200,"bu","09:50:34",3381100
16650,200,10000,"bu","09:50:34",3391100
16700,250,10500,"bu","09:50:36",3401600
16700,250,30000,"sd","09:50:38",3431600
16650,200,15000,"bu","09:50:43",3446600
16700,250,5000,"sd","09:50:48",3451600
16700,250,2500,"sd","09:50:49",3454100
16700,250,1000,"bu","09:50:54",3455100
16700,250,100,"bu","09:50:56",3455200
16700,250,2000,"bu","09:51:09",3457200
16700,250,200,"sd","09:51:10",3457400
16700,250,2200,"sd","09:51:13",3459600
16650,200,100,"bu","09:51:15",3459700
16700,250,1000,"bu","09:51:16",3460700
16700,250,3000,"bu","09:51:18",3463700
16700,250,100000,"sd","09:51:20",3563700
16700,250,3700,"bu","09:51:21",3567400
16700,250,6300,"bu","09:51:22",3573700
16700,250,3500,"sd","09:51:27",3577200
16650,200,100,"sd","09:51:30",3577300
16700,250,1000,"bu","09:51:35",3578300
16700,250,10000,"bu","09:51:36",3588300
16700,250,500,"sd","09:51:36",3588800
16700,250,1000,"bu","09:51:39",3589800
16700,250,500,"sd","09:51:47",3590300
16650,200,1000,"bu","09:51:53",3591300
16650,200,100,"sd","09:51:55",3591400
16700,250,2100,"sd","09:52:02",3593500
16700,250,300,"sd","09:52:05",3593800
16700,250,15600,"sd","09:52:13",3609400
16650,200,33000,"bu","09:52:31",3642400
16650,200,6500,"sd","09:52:33",3648900
16650,200,50000,"sd","09:52:35",3698900
16650,200,100,"bu","09:52:36",3699000
16700,250,200,"bu","09:52:37",3699200
16650,200,1000,"bu","09:52:41",3700200
16650,200,60000,"bu","09:52:44",3760200
16650,200,20000,"sd","09:52:46",3780200
16700,250,200,"bu","09:52:47",3780400
16650,200,10000,"bu","09:52:47",3790400
16650,200,1000,"bu","09:52:48",3791400
16650,200,100,"sd","09:52:49",3791500
16650,200,5000,"bu","09:52:50",3796500
16700,250,5100,"bu","09:52:50",3801600
16650,200,2100,"bu","09:52:51",3803700
16650,200,500,"sd","09:52:52",3804200
16650,200,45200,"bu","09:52:53",3849400
16650,200,2000,"sd","09:52:56",3851400
16650,200,1000,"bu","09:52:57",3852400
16650,200,200,"bu","09:52:59",3852600
16650,200,6000,"sd","09:53:10",3858600
16650,200,2000,"sd","09:53:12",3860600
16650,200,9500,"sd","09:53:17",3870100
16650,200,1000,"bu","09:53:18",3871100
16650,200,300,"bu","09:53:20",3871400
16650,200,1000,"sd","09:53:23",3872400
16650,200,12000,"bu","09:53:27",3884400
16650,200,200,"sd","09:53:28",3884600
16650,200,500,"bu","09:53:29",3885100
16650,200,200,"sd","09:53:38",3885300
16650,200,10000,"bu","09:53:38",3895300
16650,200,2800,"bu","09:53:40",3898100
16650,200,100,"bu","09:53:45",3898200
16650,200,1200,"sd","09:53:55",3899400
16650,200,10600,"sd","09:54:16",3910000
16650,200,400,"bu","09:54:17",3910400
16650,200,1000,"sd","09:54:25",3911400
16650,200,1500,"sd","09:54:32",3912900
16650,200,900,"sd","09:54:42",3913800
16600,150,500,"bu","09:54:52",3914300
16600,150,100,"bu","09:54:54",3914400
16600,150,10000,"bu","09:55:07",3924400
16650,200,2900,"bu","09:55:12",3927300
16600,150,6000,"bu","09:55:13",3933300
16650,200,1200,"bu","09:55:19",3934500
16600,150,100,"bu","09:55:20",3934600
16650,200,1900,"bu","09:55:26",3936500
16650,200,3000,"sd","09:55:27",3939500
16650,200,4000,"bu","09:55:38",3943500
16650,200,700,"sd","09:55:39",3944200
16600,150,900,"bu","09:55:44",3945100
16600,150,200,"sd","09:55:50",3945300
16600,150,1000,"bu","09:55:53",3946300
16600,150,1500,"bu","09:55:56",3947800
16650,200,500,"bu","09:55:57",3948300
16650,200,1000,"bu","09:56:06",3949300
16650,200,900,"bu","09:56:08",3950200
16600,150,2000,"sd","09:56:12",3952200
16650,200,100,"bu","09:56:14",3952300
16650,200,500,"bu","09:56:19",3952800
16600,150,100,"bu","09:56:32",3952900
16650,200,2900,"bu","09:56:33",3955800
16650,200,100,"sd","09:56:46",3955900
16600,150,1100,"bu","09:56:59",3957000
16600,150,2000,"bu","09:57:18",3959000
16650,200,600,"bu","09:57:32",3959600
16650,200,5000,"bu","09:58:20",3964600
16650,200,7000,"bu","09:58:28",3971600
16650,200,1000,"bu","09:58:29",3972600
16650,200,400,"bu","09:58:29",3973000
16650,200,1300,"sd","09:58:42",3974300
16650,200,2400,"bu","09:58:46",3976700
16650,200,2200,"bu","09:59:05",3978900
16650,200,100,"bu","09:59:07",3979000
16650,200,1200,"sd","09:59:32",3980200
16650,200,2000,"sd","09:59:32",3982200
16650,200,1000,"bu","09:59:36",3983200
16600,150,3000,"bu","09:59:38",3986200
16650,200,100,"bu","09:59:39",3986300
16600,150,500,"bu","09:59:44",3986800
16600,150,6100,"sd","10:00:00",3992900
16600,150,5200,"sd","10:00:02",3998100
16600,150,1000,"sd","10:00:02",3999100
16650,200,100,"sd","10:00:17",3999200
16600,150,2500,"sd","10:00:31",4001700
16650,200,1800,"sd","10:00:35",4003500
16600,150,500,"bu","10:00:35",4004000
16600,150,2500,"bu","10:00:38",4006500
16600,150,500,"sd","10:00:44",4007000
16600,150,5300,"bu","10:00:51",4012300
16600,150,300,"bu","10:00:52",4012600
16600,150,6000,"bu","10:00:57",4018600
16600,150,2200,"bu","10:00:57",4020800
16600,150,2300,"bu","10:01:01",4023100
16600,150,25000,"bu","10:01:01",4048100
16600,150,200,"bu","10:01:03",4048300
16650,200,500,"bu","10:01:04",4048800
16600,150,1000,"sd","10:01:06",4049800
16600,150,900,"bu","10:01:09",4050700
16600,150,2100,"bu","10:01:09",4052800
16600,150,3100,"sd","10:01:11",4055900
16600,150,6100,"bu","10:01:19",4062000
16600,150,10000,"sd","10:01:21",4072000
16600,150,11000,"bu","10:01:23",4083000
16650,200,100,"bu","10:01:23",4083100
16600,150,44800,"bu","10:01:24",4127900
16600,150,260000,"bu","10:01:25",4387900
16600,150,100,"bu","10:01:28",4388000
16600,150,300,"bu","10:01:36",4388300
16600,150,3000,"bu","10:01:48",4391300
16600,150,1000,"bu","10:01:49",4392300
16600,150,100,"bu","10:02:01",4392400
16600,150,5000,"bu","10:02:03",4397400
16600,150,2000,"sd","10:02:08",4399400
16600,150,200,"sd","10:02:10",4399600
16600,150,300,"bu","10:02:15",4399900
16600,150,100,"sd","10:02:19",4400000
16600,150,200,"bu","10:02:22",4400200
16600,150,6000,"sd","10:02:23",4406200
16600,150,500,"bu","10:02:33",4406700
16600,150,3100,"bu","10:02:36",4409800
16600,150,5000,"sd","10:02:44",4414800
16600,150,4000,"bu","10:03:15",4418800
16600,150,200,"bu","10:03:17",4419000
16550,100,30000,"sd","10:03:20",4449000
16550,100,2000,"sd","10:03:28",4451000
16550,100,500,"bu","10:03:37",4451500
16600,150,6000,"bu","10:03:38",4457500
16600,150,25000,"bu","10:03:47",4482500
16600,150,7100,"sd","10:03:54",4489600
16600,150,1500,"bu","10:04:05",4491100
16600,150,3000,"bu","10:04:07",4494100
16600,150,2000,"sd","10:04:15",4496100
16600,150,5000,"bu","10:04:19",4501100
16600,150,400,"bu","10:04:35",4501500
16550,100,200,"sd","10:04:52",4501700
16600,150,1000,"bu","10:04:53",4502700
16600,150,12000,"sd","10:05:13",4514700
16600,150,15000,"bu","10:05:18",4529700
16550,100,100,"bu","10:05:21",4529800
16550,100,1000,"sd","10:05:22",4530800
16550,100,200,"bu","10:05:35",4531000
16600,150,12800,"sd","10:06:05",4543800
16600,150,15000,"sd","10:06:11",4558800
16600,150,1000,"bu","10:06:25",4559800
16600,150,5000,"bu","10:06:33",4564800
16600,150,3000,"sd","10:06:41",4567800
16600,150,100,"bu","10:06:46",4567900
16600,150,200,"bu","10:06:53",4568100
16600,150,2200,"bu","10:07:07",4570300
16600,150,1000,"bu","10:07:40",4571300
16600,150,2000,"bu","10:07:45",4573300
16600,150,2400,"sd","10:07:57",4575700
16600,150,13000,"bu","10:08:02",4588700
16550,100,1000,"sd","10:08:03",4589700
16600,150,500,"sd","10:08:06",4590200
16550,100,23700,"bu","10:08:26",4613900
16600,150,500,"sd","10:08:56",4614400
16550,100,3000,"sd","10:08:57",4617400
16550,100,19600,"sd","10:09:18",4637000
16550,100,230400,"sd","10:09:19",4867400
16550,100,20400,"bu","10:09:22",4887800
16550,100,29600,"bu","10:09:22",4917400
16600,150,400,"bu","10:09:24",4917800
16550,100,12400,"bu","10:09:25",4930200
16550,100,800,"sd","10:09:31",4931000
16550,100,200,"sd","10:09:32",4931200
16550,100,2000,"bu","10:09:42",4933200
16550,100,5000,"bu","10:09:43",4938200
16550,100,1200,"sd","10:09:48",4939400
16550,100,6200,"bu","10:09:57",4945600
16550,100,9000,"bu","10:10:01",4954600
16550,100,1700,"sd","10:10:03",4956300
16550,100,1700,"bu","10:10:11",4958000
16550,100,17500,"bu","10:10:11",4975500
16500,50,2000,"bu","10:10:13",4977500
16550,100,4900,"sd","10:10:18",4982400
16550,100,300,"bu","10:10:23",4982700
16500,50,60000,"sd","10:10:26",5042700
16500,50,10000,"sd","10:10:34",5052700
16500,50,3000,"sd","10:10:50",5055700
16500,50,2000,"bu","10:10:52",5057700
16500,50,1000,"sd","10:11:07",5058700
16500,50,1500,"sd","10:11:14",5060200
16550,100,200,"bu","10:11:20",5060400
16550,100,12000,"bu","10:11:27",5072400
16550,100,200,"bu","10:11:31",5072600
16550,100,50000,"sd","10:11:31",5122600
16550,100,1000,"bu","10:11:35",5123600
16550,100,2000,"bu","10:11:40",5125600
16550,100,20700,"sd","10:11:50",5146300
16550,100,200,"bu","10:11:51",5146500
16550,100,55000,"sd","10:11:53",5201500
16550,100,8400,"bu","10:11:54",5209900
16550,100,400,"bu","10:11:55",5210300
16550,100,7000,"sd","10:11:56",5217300
16550,100,200,"sd","10:11:57",5217500
16550,100,3500,"sd","10:12:00",5221000
16550,100,200,"bu","10:12:01",5221200
16550,100,3000,"bu","10:12:02",5224200
16550,100,1500,"sd","10:12:17",5225700
16500,50,500,"sd","10:12:18",5226200
16550,100,9000,"sd","10:12:18",5235200
16550,100,100,"bu","10:12:20",5235300
16550,100,5400,"sd","10:12:20",5240700
16550,100,2100,"sd","10:12:21",5242800
16500,50,19900,"sd","10:12:29",5262700
16550,100,3000,"sd","10:12:29",5265700
16550,100,3500,"sd","10:12:35",5269200
16550,100,4200,"sd","10:12:40",5273400
16550,100,1000,"sd","10:12:40",5274400
16550,100,500,"bu","10:12:48",5274900
16550,100,200,"sd","10:12:51",5275100
16550,100,6000,"bu","10:12:52",5281100
16550,100,100,"bu","10:12:52",5281200
16550,100,3600,"sd","10:13:00",5284800
16550,100,400,"sd","10:13:01",5285200
16550,100,4600,"sd","10:13:10",5289800
16500,50,1000,"bu","10:13:14",5290800
16500,50,200,"bu","10:13:28",5291000
16500,50,600,"sd","10:13:29",5291600
16550,100,1100,"bu","10:13:30",5292700
16550,100,200,"sd","10:13:34",5292900
16550,100,500,"sd","10:13:44",5293400
16550,100,100,"bu","10:13:47",5293500
16550,100,900,"sd","10:13:55",5294400
16550,100,100,"bu","10:14:16",5294500
16500,50,1000,"sd","10:14:52",5295500
16500,50,1200,"sd","10:15:09",5296700
16550,100,3000,"bu","10:15:21",5299700
16500,50,1000,"sd","10:15:25",5300700
16500,50,1500,"sd","10:15:25",5302200
16550,100,5000,"bu","10:15:28",5307200
16500,50,5000,"sd","10:15:30",5312200
16550,100,1000,"sd","10:15:36",5313200
16500,50,300,"sd","10:15:50",5313500
16500,50,3000,"sd","10:15:51",5316500
16550,100,300,"sd","10:15:52",5316800
16550,100,200,"bu","10:15:58",5317000
16550,100,5000,"bu","10:16:14",5322000
16500,50,5000,"bu","10:16:22",5327000
16550,100,200,"sd","10:16:32",5327200
16500,50,1200,"sd","10:16:38",5328400
16500,50,5000,"bu","10:16:42",5333400
16500,50,1000,"bu","10:16:57",5334400
16500,50,81200,"sd","10:17:03",5415600
16500,50,69100,"sd","10:17:03",5484700
16500,50,128200,"bu","10:17:05",5612900
16500,50,100,"sd","10:17:10",5613000
16500,50,5000,"bu","10:17:13",5618000
16500,50,4100,"bu","10:17:16",5622100
16500,50,1900,"sd","10:17:17",5624000
16500,50,1000,"sd","10:17:18",5625000
16500,50,2400,"bu","10:17:21",5627400
16500,50,20100,"bu","10:17:23",5647500
16500,50,100,"bu","10:17:23",5647600
16500,50,1900,"sd","10:17:26",5649500
16500,50,100,"sd","10:17:28",5649600
16500,50,3000,"sd","10:17:28",5652600
16500,50,100,"sd","10:17:31",5652700
16500,50,1300,"bu","10:17:37",5654000
16500,50,600,"bu","10:17:39",5654600
16500,50,20800,"sd","10:17:48",5675400
16500,50,300,"sd","10:17:49",5675700
16500,50,1000,"sd","10:17:53",5676700
16500,50,2000,"sd","10:17:54",5678700
16500,50,1000,"bu","10:17:55",5679700
16500,50,3000,"sd","10:17:56",5682700
16500,50,200,"sd","10:17:57",5682900
16500,50,34200,"sd","10:17:58",5717100
16500,50,6000,"bu","10:17:59",5723100
16500,50,33300,"bu","10:18:03",5756400
16500,50,14200,"bu","10:18:04",5770600
16500,50,1000,"bu","10:18:04",5771600
16500,50,3500,"sd","10:18:07",5775100
16500,50,500,"sd","10:18:09",5775600
16500,50,20000,"sd","10:18:14",5795600
16500,50,1000,"sd","10:18:18",5796600
16500,50,500,"sd","10:18:23",5797100
16500,50,9000,"bu","10:18:25",5806100
16500,50,5000,"sd","10:18:26",5811100
16500,50,43000,"sd","10:18:34",5854100
16500,50,1500,"sd","10:18:37",5855600
16500,50,4500,"sd","10:18:37",5860100
16500,50,15500,"bu","10:18:37",5875600
16500,50,5000,"bu","10:18:41",5880600
16500,50,8000,"sd","10:18:45",5888600
16500,50,1100,"bu","10:18:46",5889700
16500,50,1000,"bu","10:18:47",5890700
16500,50,8200,"sd","10:18:47",5898900
16500,50,12400,"sd","10:18:49",5911300
16500,50,1000,"bu","10:18:49",5912300
16450,0,200,"bu","10:18:53",5912500
16500,50,7100,"sd","10:18:55",5919600
16500,50,300,"bu","10:19:01",5919900
16500,50,900,"bu","10:19:03",5920800
16500,50,600,"bu","10:19:04",5921400
16450,0,300,"sd","10:19:08",5921700
16500,50,1000,"bu","10:19:10",5922700
16500,50,5000,"bu","10:19:12",5927700
16500,50,100,"bu","10:19:14",5927800
16500,50,600,"sd","10:19:15",5928400
16450,0,5000,"bu","10:19:23",5933400
16500,50,2000,"bu","10:19:24",5935400
16500,50,1000,"sd","10:19:28",5936400
16500,50,5000,"bu","10:19:28",5941400
16500,50,4000,"sd","10:19:32",5945400
16500,50,30000,"bu","10:19:34",5975400
16500,50,1000,"bu","10:19:34",5976400
16450,0,5000,"bu","10:19:34",5981400
16500,50,2200,"sd","10:19:39",5983600
16500,50,9300,"sd","10:19:43",5992900
16500,50,200,"bu","10:19:46",5993100
16500,50,1500,"sd","10:19:52",5994600
16500,50,5000,"sd","10:19:54",5999600
16500,50,100,"sd","10:19:59",5999700
16500,50,200,"sd","10:20:00",5999900
16500,50,300,"sd","10:20:01",6000200
16500,50,10000,"bu","10:20:02",6010200
16500,50,1000,"sd","10:20:03",6011200
16500,50,26400,"sd","10:20:05",6037600
16500,50,3000,"sd","10:20:07",6040600
16500,50,200,"bu","10:20:07",6040800
16500,50,10200,"sd","10:20:09",6051000
16500,50,2000,"bu","10:20:11",6053000
16500,50,300,"sd","10:20:13",6053300
16500,50,6100,"sd","10:20:14",6059400
16500,50,200,"bu","10:20:14",6059600
16500,50,8000,"sd","10:20:20",6067600
16500,50,400,"sd","10:20:21",6068000
16500,50,33000,"sd","10:20:23",6101000
16500,50,500,"sd","10:20:26",6101500
16500,50,5000,"bu","10:20:39",6106500
16500,50,11100,"bu","10:20:41",6117600
16500,50,3800,"sd","10:20:44",6121400
16500,50,600,"sd","10:20:45",6122000
16500,50,5000,"bu","10:20:51",6127000
16500,50,1900,"bu","10:20:53",6128900
16500,50,1500,"sd","10:20:55",6130400
16500,50,200,"bu","10:20:55",6130600
16500,50,1100,"sd","10:20:58",6131700
16450,0,100,"bu","10:21:03",6131800
16500,50,200,"sd","10:21:05",6132000
16500,50,500000,"sd","10:21:15",6632000
16450,0,100,"bu","10:21:16",6632100
16500,50,2000,"sd","10:21:19",6634100
16450,0,500,"bu","10:21:21",6634600
16500,50,10000,"sd","10:21:27",6644600
16450,0,300,"sd","10:21:28",6644900
16450,0,49700,"bu","10:21:29",6694600
16500,50,23100,"bu","10:21:31",6717700
16500,50,300,"sd","10:21:32",6718000
16500,50,275800,"bu","10:21:33",6993800
16500,50,10000,"bu","10:21:35",7003800
16500,50,800,"bu","10:21:39",7004600
16450,0,2000,"bu","10:21:42",7006600
16500,50,1000,"sd","10:21:43",7007600
16500,50,49000,"sd","10:21:48",7056600
16500,50,5100,"bu","10:21:50",7061700
16500,50,400,"sd","10:21:53",7062100
16500,50,46500,"sd","10:21:56",7108600
16500,50,200,"sd","10:21:56",7108800
16500,50,100,"bu","10:21:58",7108900
16500,50,2000,"bu","10:21:58",7110900
16500,50,100,"bu","10:21:59",7111000
16500,50,1500,"sd","10:22:00",7112500
16500,50,5000,"sd","10:22:01",7117500
16500,50,500,"sd","10:22:04",7118000
16500,50,200,"bu","10:22:05",7118200
16500,50,5000,"bu","10:22:06",7123200
16500,50,100,"bu","10:22:07",7123300
16500,50,3000,"bu","10:22:08",7126300
16550,100,100,"sd","10:22:09",7126400
16500,50,500,"sd","10:22:17",7126900
16500,50,900,"bu","10:22:23",7127800
16500,50,1500,"sd","10:22:34",7129300
16500,50,400,"bu","10:22:35",7129700
16500,50,100,"bu","10:22:39",7129800
16500,50,1000,"sd","10:22:43",7130800
16500,50,6300,"sd","10:22:48",7137100
16500,50,2100,"bu","10:23:00",7139200
16500,50,15000,"bu","10:23:04",7154200
16500,50,500,"sd","10:23:22",7154700
16500,50,8000,"sd","10:23:24",7162700
16500,50,300,"bu","10:23:26",7163000
16500,50,2200,"sd","10:23:34",7165200
16500,50,3000,"bu","10:23:37",7168200
16500,50,300,"bu","10:23:41",7168500
16500,50,9100,"sd","10:23:42",7177600
16500,50,8000,"bu","10:23:43",7185600
16500,50,500,"bu","10:23:46",7186100
16500,50,900,"bu","10:23:46",7187000
16500,50,1000,"sd","10:23:50",7188000
16500,50,40000,"sd","10:23:55",7228000
16550,100,300,"sd","10:23:58",7228300
16500,50,100,"sd","10:23:58",7228400
16550,100,300,"bu","10:24:01",7228700
16550,100,10200,"sd","10:24:02",7238900
16550,100,300,"bu","10:24:04",7239200
16500,50,2000,"sd","10:24:11",7241200
16550,100,300,"sd","10:24:32",7241500
16550,100,15000,"bu","10:24:35",7256500
16550,100,1000,"bu","10:25:03",7257500
16500,50,21000,"sd","10:25:04",7278500
16550,100,35000,"bu","10:25:11",7313500
16500,50,100,"sd","10:25:17",7313600
16500,50,500,"sd","10:25:17",7314100
16500,50,1500,"bu","10:25:27",7315600
16500,50,4100,"bu","10:25:43",7319700
16500,50,10000,"sd","10:25:44",7329700
16500,50,6000,"sd","10:25:45",7335700
16500,50,1000,"bu","10:25:47",7336700
16500,50,2500,"bu","10:25:49",7339200
16500,50,10000,"sd","10:25:51",7349200
16500,50,22000,"sd","10:25:55",7371200
16500,50,1000,"sd","10:25:55",7372200
16500,50,3600,"bu","10:25:59",7375800
16500,50,20000,"sd","10:26:03",7395800
16500,50,500,"bu","10:26:10",7396300
16500,50,5000,"bu","10:26:17",7401300
16500,50,3000,"sd","10:26:19",7404300
16500,50,500,"sd","10:26:19",7404800
16500,50,3000,"sd","10:26:20",7407800
16500,50,5000,"bu","10:26:20",7412800
16500,50,200,"sd","10:26:21",7413000
16500,50,500,"sd","10:26:23",7413500
16500,50,5000,"sd","10:26:26",7418500
16500,50,5200,"bu","10:26:28",7423700
16500,50,15000,"sd","10:26:29",7438700
16550,100,100,"sd","10:26:29",7438800
16500,50,45900,"bu","10:26:30",7484700
16500,50,5000,"sd","10:26:31",7489700
16500,50,5900,"bu","10:26:37",7495600
16500,50,3000,"sd","10:26:43",7498600
16500,50,500,"bu","10:26:46",7499100
16500,50,100,"sd","10:26:48",7499200
16500,50,10100,"sd","10:26:51",7509300
16500,50,5000,"bu","10:26:54",7514300
16500,50,5600,"bu","10:26:58",7519900
16500,50,6400,"bu","10:26:59",7526300
16500,50,5000,"sd","10:27:00",7531300
16500,50,5000,"bu","10:27:02",7536300
16500,50,1000,"bu","10:27:07",7537300
16500,50,6000,"bu","10:27:12",7543300
16500,50,500,"sd","10:27:16",7543800
16500,50,700,"bu","10:27:19",7544500
16500,50,60000,"bu","10:27:22",7604500
16500,50,200,"sd","10:27:23",7604700
16500,50,1000,"bu","10:27:23",7605700
16500,50,1500,"sd","10:27:32",7607200
16550,100,2000,"sd","10:27:46",7609200
16500,50,200,"bu","10:27:52",7609400
16500,50,400,"bu","10:27:53",7609800
16500,50,1000,"sd","10:27:57",7610800
16550,100,101000,"bu","10:28:11",7711800
16550,100,500,"sd","10:28:13",7712300
16550,100,300,"sd","10:28:23",7712600
16550,100,1100,"bu","10:28:28",7713700
16550,100,200,"bu","10:28:29",7713900
16550,100,500,"sd","10:28:31",7714400
16500,50,2500,"sd","10:28:41",7716900
16550,100,20000,"sd","10:28:41",7736900
16550,100,10000,"bu","10:28:44",7746900
16550,100,1500,"sd","10:28:46",7748400
16550,100,3000,"sd","10:28:48",7751400
16550,100,10000,"sd","10:28:50",7761400
16550,100,5000,"sd","10:28:50",7766400
16550,100,100,"sd","10:28:51",7766500
16550,100,1900,"bu","10:29:01",7768400
16550,100,3100,"sd","10:29:01",7771500
16550,100,1000,"sd","10:29:02",7772500
16550,100,500,"bu","10:29:04",7773000
16550,100,1000,"sd","10:29:04",7774000
16550,100,5400,"sd","10:29:11",7779400
16600,150,100,"bu","10:29:16",7779500
16550,100,500,"sd","10:29:23",7780000
16550,100,3500,"bu","10:29:46",7783500
16600,150,30000,"sd","10:30:01",7813500
16600,150,600,"bu","10:30:08",7814100
16600,150,7400,"sd","10:30:11",7821500
16550,100,900,"sd","10:30:27",7822400
16600,150,500,"bu","10:30:29",7822900
16600,150,1300,"bu","10:30:33",7824200
16600,150,1000,"bu","10:30:42",7825200
16550,100,1000,"sd","10:30:44",7826200
16600,150,10000,"bu","10:30:48",7836200
16600,150,200,"bu","10:31:06",7836400
16600,150,300,"sd","10:31:18",7836700
16600,150,34400,"sd","10:31:20",7871100
16550,100,400,"sd","10:31:35",7871500
16550,100,9700,"sd","10:31:48",7881200
16550,100,1000,"sd","10:31:53",7882200
16550,100,100,"sd","10:32:01",7882300
16550,100,2000,"sd","10:32:05",7884300
16550,100,3900,"sd","10:32:07",7888200
16600,150,100,"bu","10:32:12",7888300
16550,100,200,"sd","10:32:27",7888500
16600,150,10900,"bu","10:32:27",7899400
16600,150,5000,"bu","10:32:29",7904400
16600,150,500,"bu","10:32:34",7904900
16600,150,400,"bu","10:32:39",7905300
16550,100,200,"sd","10:32:49",7905500
16550,100,1000,"sd","10:32:52",7906500
16600,150,900,"bu","10:33:06",7907400
16550,100,500,"sd","10:33:07",7907900
16600,150,24000,"sd","10:33:24",7931900
16550,100,5500,"bu","10:34:03",7937400
16600,150,5000,"bu","10:34:13",7942400
16600,150,8600,"bu","10:34:29",7951000
16600,150,200,"bu","10:34:33",7951200
16550,100,500,"sd","10:34:35",7951700
16600,150,700,"sd","10:34:44",7952400
16600,150,800,"sd","10:35:13",7953200
16550,100,900,"sd","10:35:16",7954100
16600,150,500,"sd","10:35:17",7954600
16600,150,300,"bu","10:35:22",7954900
16550,100,500,"sd","10:35:23",7955400
16550,100,1000,"bu","10:35:24",7956400
16550,100,100,"bu","10:35:31",7956500
16550,100,600,"bu","10:35:37",7957100
16550,100,2000,"bu","10:35:46",7959100
16550,100,1000,"bu","10:35:52",7960100
16600,150,100,"bu","10:35:57",7960200
16550,100,500,"sd","10:35:58",7960700
16550,100,30000,"sd","10:36:06",7990700
16600,150,52000,"bu","10:36:25",8042700
16550,100,1600,"sd","10:36:43",8044300
16550,100,40000,"sd","10:36:50",8084300
16550,100,1100,"sd","10:37:03",8085400
16550,100,300,"sd","10:37:05",8085700
16550,100,400,"sd","10:37:13",8086100
16550,100,6000,"sd","10:37:15",8092100
16550,100,500,"bu","10:37:17",8092600
16550,100,2100,"bu","10:37:25",8094700
16550,100,400,"sd","10:37:25",8095100
16550,100,100,"sd","10:37:27",8095200
16550,100,2200,"sd","10:37:43",8097400
16550,100,6000,"sd","10:37:45",8103400
16550,100,300,"sd","10:37:49",8103700
16550,100,3100,"sd","10:37:50",8106800
16550,100,7000,"sd","10:37:56",8113800
16550,100,1000,"sd","10:37:59",8114800
16550,100,3000,"sd","10:38:03",8117800
16550,100,100,"sd","10:38:03",8117900
16550,100,2100,"sd","10:38:06",8120000
16550,100,2900,"sd","10:38:09",8122900
16550,100,200,"sd","10:38:10",8123100
16550,100,20200,"sd","10:38:12",8143300
16550,100,3000,"sd","10:38:15",8146300
16550,100,100,"bu","10:38:16",8146400
16550,100,500,"sd","10:38:18",8146900
16550,100,1000,"bu","10:38:19",8147900
16600,150,100,"sd","10:38:20",8148000
16550,100,3000,"bu","10:38:24",8151000
16550,100,1700,"bu","10:38:29",8152700
16550,100,5000,"bu","10:38:33",8157700
16550,100,1000,"sd","10:38:37",8158700
16550,100,6000,"sd","10:38:37",8164700
16550,100,3000,"sd","10:38:38",8167700
16550,100,1000,"bu","10:38:41",8168700
16550,100,2600,"sd","10:38:55",8171300
16550,100,1000,"bu","10:38:56",8172300
16550,100,1000,"sd","10:39:03",8173300
16550,100,600,"bu","10:39:10",8173900
16550,100,500,"bu","10:39:15",8174400
16550,100,2900,"bu","10:39:27",8177300
16550,100,17100,"sd","10:39:27",8194400
16550,100,1000,"bu","10:39:41",8195400
16550,100,100,"sd","10:39:45",8195500
16550,100,200,"bu","10:39:45",8195700
16500,50,50000,"sd","10:40:01",8245700
16550,100,5000,"sd","10:40:09",8250700
16550,100,1500,"sd","10:40:10",8252200
16550,100,7100,"sd","10:40:39",8259300
16550,100,1000,"bu","10:40:54",8260300
16550,100,500,"bu","10:41:06",8260800
16550,100,3000,"sd","10:41:09",8263800
16500,50,400,"bu","10:41:12",8264200
16500,50,5000,"bu","10:41:23",8269200
16550,100,100,"bu","10:41:32",8269300
16550,100,3000,"sd","10:41:37",8272300
16500,50,300,"bu","10:42:01",8272600
16550,100,5000,"sd","10:42:08",8277600
16550,100,500,"bu","10:42:28",8278100
16500,50,600,"sd","10:42:29",8278700
16550,100,1800,"bu","10:42:55",8280500
16550,100,400,"bu","10:43:00",8280900
16500,50,1500,"sd","10:43:02",8282400
16550,100,100,"bu","10:43:04",8282500
16550,100,200,"sd","10:43:13",8282700
16550,100,100,"bu","10:43:41",8282800
16500,50,2000,"sd","10:43:49",8284800
16500,50,500,"sd","10:44:36",8285300
16500,50,3200,"sd","10:44:42",8288500
16500,50,60000,"bu","10:44:48",8348500
16500,50,50000,"sd","10:44:58",8398500
16500,50,40000,"sd","10:45:03",8438500
16500,50,4000,"bu","10:45:03",8442500
16500,50,500,"bu","10:45:13",8443000
16500,50,1000,"sd","10:45:21",8444000
16500,50,64000,"sd","10:45:26",8508000
16500,50,20000,"bu","10:45:27",8528000
16500,50,1000,"sd","10:45:34",8529000
16500,50,1000,"sd","10:45:37",8530000
16500,50,11000,"bu","10:45:42",8541000
16500,50,5000,"bu","10:45:44",8546000
16500,50,2000,"bu","10:45:46",8548000
16500,50,2400,"bu","10:45:48",8550400
16500,50,100,"bu","10:45:49",8550500
16500,50,1500,"sd","10:45:51",8552000
16500,50,5800,"bu","10:45:55",8557800
16500,50,1600,"sd","10:45:55",8559400
16550,100,45000,"bu","10:46:05",8604400
16500,50,2600,"sd","10:46:19",8607000
16500,50,3000,"bu","10:46:32",8610000
16500,50,200,"bu","10:46:33",8610200
16500,50,100,"bu","10:46:43",8610300
16500,50,2000,"sd","10:46:46",8612300
16500,50,600,"sd","10:46:47",8612900
16500,50,500,"sd","10:46:57",8613400
16500,50,1000,"bu","10:47:12",8614400
16500,50,28600,"sd","10:47:20",8643000
16500,50,1000,"bu","10:47:35",8644000
16550,100,500,"sd","10:47:39",8644500
16550,100,10500,"sd","10:47:44",8655000
16500,50,2000,"bu","10:47:48",8657000
16500,50,30000,"bu","10:48:31",8687000
16500,50,3000,"sd","10:48:36",8690000
16500,50,200,"sd","10:48:39",8690200
16500,50,300,"bu","10:48:47",8690500
16500,50,3000,"bu","10:48:49",8693500
16500,50,49200,"sd","10:48:58",8742700
16500,50,500,"sd","10:49:03",8743200
16500,50,100,"sd","10:49:08",8743300
16500,50,1200,"bu","10:49:19",8744500
16500,50,2500,"sd","10:49:19",8747000
16500,50,1000,"sd","10:49:20",8748000
16500,50,800,"bu","10:49:35",8748800
16500,50,1500,"sd","10:49:38",8750300
16500,50,2100,"bu","10:49:41",8752400
16500,50,5000,"bu","10:49:47",8757400
16500,50,2000,"bu","10:49:49",8759400
16500,50,800,"sd","10:49:49",8760200
16500,50,3000,"sd","10:49:52",8763200
16500,50,1000,"bu","10:49:54",8764200
16500,50,3400,"bu","10:50:09",8767600
16500,50,300,"bu","10:50:12",8767900
16500,50,500,"sd","10:50:44",8768400
16500,50,1000,"sd","10:50:53",8769400
16500,50,100,"sd","10:51:24",8769500
16500,50,1500,"sd","10:51:42",8771000
16500,50,3500,"bu","10:51:49",8774500
16450,0,5000,"bu","10:51:54",8779500
16450,0,20000,"bu","10:52:04",8799500
16450,0,100,"sd","10:52:12",8799600
16450,0,10000,"bu","10:52:14",8809600
16450,0,25800,"sd","10:52:14",8835400
16450,0,174200,"sd","10:52:15",9009600
16450,0,103900,"sd","10:52:21",9113500
16450,0,2000,"bu","10:52:25",9115500
16450,0,3000,"sd","10:52:27",9118500
16450,0,24100,"sd","10:52:28",9142600
16450,0,5400,"bu","10:52:30",9148000
16450,0,200,"bu","10:52:32",9148200
16450,0,500,"sd","10:52:39",9148700
16450,0,2000,"sd","10:52:42",9150700
16450,0,100,"bu","10:52:43",9150800
16450,0,7600,"bu","10:52:47",9158400
16450,0,5500,"sd","10:52:49",9163900
16450,0,100,"bu","10:52:49",9164000
16450,0,10000,"sd","10:52:54",9174000
16450,0,41100,"bu","10:52:55",9215100
16450,0,8900,"sd","10:52:55",9224000
16500,50,5400,"sd","10:52:58",9229400
16450,0,17400,"sd","10:53:01",9246800
16450,0,10300,"bu","10:53:03",9257100
16450,0,2600,"sd","10:53:04",9259700
16450,0,2400,"sd","10:53:06",9262100
16400,-50,700,"bu","10:53:08",9262800
16450,0,1000,"sd","10:53:09",9263800
16450,0,400,"sd","10:53:19",9264200
16450,0,800,"sd","10:53:34",9265000
16450,0,8200,"sd","10:53:43",9273200
16450,0,300,"sd","10:53:43",9273500
16450,0,1000,"bu","10:53:46",9274500
16450,0,1000,"sd","10:53:50",9275500
16450,0,5000,"sd","10:53:51",9280500
16450,0,5000,"sd","10:53:53",9285500
16450,0,400,"sd","10:53:54",9285900
16450,0,6000,"bu","10:53:55",9291900
16450,0,4900,"sd","10:54:02",9296800
16450,0,300,"sd","10:54:16",9297100
16450,0,1000,"sd","10:54:17",9298100
16450,0,100,"bu","10:54:29",9298200
16450,0,5000,"sd","10:54:35",9303200
16450,0,200,"bu","10:54:38",9303400
16450,0,300,"bu","10:54:44",9303700
16450,0,10000,"bu","10:54:53",9313700
16450,0,300,"sd","10:54:55",9314000
16450,0,1500,"bu","10:54:58",9315500
16450,0,14000,"bu","10:54:59",9329500
16450,0,3000,"sd","10:55:01",9332500
16450,0,4600,"sd","10:55:05",9337100
16450,0,1500,"sd","10:55:09",9338600
16450,0,100,"bu","10:55:11",9338700
16450,0,1500,"sd","10:55:12",9340200
16450,0,20900,"bu","10:55:13",9361100
16450,0,5100,"sd","10:55:14",9366200
16450,0,2000,"sd","10:55:14",9368200
16450,0,500,"sd","10:55:16",9368700
16450,0,1000,"bu","10:55:16",9369700
16450,0,5000,"sd","10:55:18",9374700
16450,0,700,"bu","10:55:18",9375400
16450,0,3400,"sd","10:55:19",9378800
16450,0,2000,"sd","10:55:22",9380800
16450,0,100,"bu","10:55:22",9380900
16450,0,7500,"bu","10:55:24",9388400
16450,0,11500,"sd","10:55:27",9399900
16450,0,500,"bu","10:55:28",9400400
16450,0,200,"sd","10:55:29",9400600
16450,0,1400,"sd","10:55:30",9402000
16450,0,10100,"sd","10:55:32",9412100
16450,0,3000,"bu","10:55:34",9415100
16450,0,400,"sd","10:55:55",9415500
16450,0,2000,"bu","10:56:05",9417500
16400,-50,4800,"bu","10:56:07",9422300
16450,0,10000,"bu","10:56:13",9432300
16450,0,5000,"sd","10:56:24",9437300
16450,0,1000,"bu","10:56:32",9438300
16450,0,11200,"sd","10:56:38",9449500
16450,0,17700,"bu","10:56:38",9467200
16450,0,400,"sd","10:56:40",9467600
16450,0,20200,"bu","10:56:45",9487800
16450,0,500,"sd","10:56:46",9488300
16400,-50,3000,"bu","10:56:48",9491300
16450,0,3200,"bu","10:56:51",9494500
16450,0,500,"bu","10:56:52",9495000
16400,-50,200,"bu","10:56:53",9495200
16450,0,5200,"bu","10:56:57",9500400
16450,0,2000,"sd","10:57:03",9502400
16450,0,300,"bu","10:57:04",9502700
16450,0,9000,"sd","10:57:04",9511700
16450,0,10000,"sd","10:57:06",9521700
16450,0,2000,"sd","10:57:08",9523700
16400,-50,200,"bu","10:57:09",9523900
16450,0,2500,"bu","10:57:10",9526400
16450,0,100,"bu","10:57:10",9526500
16450,0,1000,"sd","10:57:11",9527500
16450,0,31100,"sd","10:57:14",9558600
16450,0,17800,"sd","10:57:16",9576400
16450,0,2200,"sd","10:57:17",9578600
16500,50,2200,"bu","10:57:27",9580800
16450,0,600,"sd","10:57:27",9581400
16450,0,100,"bu","10:57:30",9581500
16450,0,56300,"sd","10:57:34",9637800
16500,50,300,"sd","10:57:40",9638100
16450,0,2000,"bu","10:57:47",9640100
16500,50,3000,"bu","10:57:54",9643100
16450,0,1000,"bu","10:57:58",9644100
16500,50,100,"sd","10:58:03",9644200
16450,0,5000,"bu","10:58:08",9649200
16450,0,200,"bu","10:58:14",9649400
16450,0,300,"sd","10:58:27",9649700
16450,0,400,"bu","10:58:43",9650100
16450,0,4600,"sd","10:58:44",9654700
16450,0,3000,"bu","10:58:46",9657700
16450,0,100,"sd","10:58:53",9657800
16450,0,5700,"bu","10:58:57",9663500
16450,0,1000,"bu","10:58:57",9664500
16500,50,100,"bu","10:59:09",9664600
16500,50,2200,"bu","10:59:12",9666800
16500,50,100,"bu","10:59:16",9666900
16500,50,300,"bu","10:59:27",9667200
16500,50,5100,"sd","10:59:58",9672300
16500,50,4000,"sd","11:00:07",9676300
16500,50,2000,"sd","11:00:32",9678300
16500,50,6200,"sd","11:01:02",9684500
16500,50,8800,"bu","11:01:03",9693300
16500,50,100,"bu","11:01:12",9693400
16500,50,4800,"sd","11:01:18",9698200
16500,50,100,"bu","11:01:18",9698300
16500,50,500,"bu","11:01:25",9698800
16500,50,200,"bu","11:01:28",9699000
16500,50,3000,"bu","11:01:28",9702000
16500,50,8100,"sd","11:01:29",9710100
16500,50,3400,"bu","11:01:46",9713500
16500,50,1000,"sd","11:02:03",9714500
16500,50,200,"bu","11:02:10",9714700
16500,50,1000,"sd","11:02:12",9715700
16500,50,1000,"bu","11:02:13",9716700
16500,50,1200,"sd","11:02:15",9717900
16500,50,45000,"sd","11:02:17",9762900
16500,50,25000,"bu","11:02:19",9787900
16500,50,600,"sd","11:02:20",9788500
16500,50,2000,"sd","11:02:22",9790500
16500,50,200,"bu","11:02:23",9790700
16500,50,1000,"bu","11:02:27",9791700
16500,50,500,"bu","11:02:31",9792200
16500,50,30000,"sd","11:02:34",9822200
16500,50,400,"bu","11:02:36",9822600
16500,50,1000,"bu","11:02:37",9823600
16500,50,10800,"bu","11:02:38",9834400
16500,50,1700,"bu","11:02:38",9836100
16500,50,100,"sd","11:02:54",9836200
16500,50,4000,"bu","11:02:57",9840200
16500,50,3500,"sd","11:03:14",9843700
16500,50,10000,"sd","11:03:37",9853700
16500,50,10300,"bu","11:03:42",9864000
16500,50,3000,"sd","11:03:47",9867000
16500,50,20000,"sd","11:03:48",9887000
16500,50,500,"bu","11:03:58",9887500
16500,50,5000,"bu","11:04:02",9892500
16500,50,400,"sd","11:04:06",9892900
16500,50,2000,"sd","11:04:11",9894900
16500,50,300,"bu","11:04:16",9895200
16500,50,200,"bu","11:04:21",9895400
16500,50,100,"bu","11:04:29",9895500
16500,50,300,"sd","11:04:38",9895800
16550,100,1000,"bu","11:04:42",9896800
16550,100,1100,"sd","11:05:24",9897900
16500,50,400,"sd","11:05:26",9898300
16500,50,103500,"sd","11:05:55",10001800
16500,50,3600,"sd","11:06:07",10005400
16500,50,1000,"bu","11:06:08",10006400
16500,50,400,"sd","11:06:10",10006800
16500,50,400,"bu","11:06:13",10007200
16500,50,100,"bu","11:06:17",10007300
16500,50,400,"bu","11:06:26",10007700
16500,50,1000,"bu","11:06:36",10008700
16500,50,500,"sd","11:06:46",10009200
16500,50,3000,"sd","11:06:48",10012200
16550,100,4000,"sd","11:06:51",10016200
16500,50,2200,"bu","11:06:52",10018400
16500,50,700,"bu","11:07:04",10019100
16500,50,2000,"bu","11:07:11",10021100
16500,50,700,"sd","11:07:16",10021800
16500,50,1100,"sd","11:07:21",10022900
16500,50,200,"bu","11:07:24",10023100
16500,50,800,"sd","11:07:26",10023900
16500,50,300,"bu","11:07:27",10024200
16450,0,5000,"sd","11:07:31",10029200
16500,50,3000,"sd","11:07:37",10032200
16500,50,500,"sd","11:07:38",10032700
16500,50,5000,"bu","11:07:40",10037700
16500,50,4800,"sd","11:07:41",10042500
16500,50,1000,"sd","11:08:17",10043500
16550,100,100,"sd","11:08:18",10043600
16550,100,500,"sd","11:08:18",10044100
16550,100,100,"bu","11:08:21",10044200
16500,50,13100,"sd","11:08:35",10057300
16500,50,100,"bu","11:08:40",10057400
16500,50,6800,"sd","11:08:46",10064200
16500,50,200,"sd","11:08:55",10064400
16500,50,2000,"sd","11:09:04",10066400
16500,50,400,"sd","11:09:07",10066800
16500,50,200,"sd","11:09:07",10067000
16500,50,700,"sd","11:09:14",10067700
16500,50,1500,"bu","11:09:36",10069200
16500,50,500,"bu","11:09:39",10069700
16500,50,4700,"bu","11:09:42",10074400
16500,50,300,"sd","11:09:47",10074700
16500,50,200,"bu","11:09:48",10074900
16500,50,3000,"sd","11:09:51",10077900
16500,50,300,"sd","11:09:52",10078200
16500,50,1000,"bu","11:09:54",10079200
16500,50,500,"bu","11:09:58",10079700
16500,50,1000,"sd","11:10:01",10080700
16500,50,100,"sd","11:10:03",10080800
16500,50,500,"bu","11:10:05",10081300
16500,50,100,"sd","11:10:14",10081400
16500,50,12800,"sd","11:10:15",10094200
16500,50,1000,"sd","11:10:15",10095200
16500,50,3200,"bu","11:10:17",10098400
16500,50,6800,"sd","11:10:22",10105200
16500,50,6000,"bu","11:10:27",10111200
16500,50,1500,"sd","11:10:37",10112700
16500,50,500,"bu","11:10:39",10113200
16500,50,600,"sd","11:10:53",10113800
16500,50,500,"sd","11:10:56",10114300
16500,50,1100,"bu","11:10:57",10115400
16500,50,2600,"bu","11:10:58",10118000
16500,50,100,"bu","11:11:00",10118100
16500,50,6000,"bu","11:11:03",10124100
16500,50,100,"sd","11:11:13",10124200
16500,50,6200,"bu","11:11:14",10130400
16500,50,100,"sd","11:11:15",10130500
16500,50,1000,"sd","11:11:31",10131500
16500,50,10000,"bu","11:11:35",10141500
16500,50,3900,"bu","11:11:39",10145400
16500,50,3000,"sd","11:11:40",10148400
16500,50,800,"bu","11:11:44",10149200
16500,50,2100,"sd","11:11:56",10151300
16500,50,500,"bu","11:12:08",10151800
16500,50,200,"sd","11:12:11",10152000
16500,50,10200,"sd","11:12:23",10162200
16500,50,100,"bu","11:12:33",10162300
16500,50,15000,"sd","11:12:40",10177300
16500,50,300,"sd","11:12:45",10177600
16500,50,2000,"bu","11:12:52",10179600
16500,50,5300,"bu","11:13:01",10184900
16500,50,500,"sd","11:13:07",10185400
16500,50,8000,"bu","11:13:12",10193400
16500,50,300,"sd","11:13:27",10193700
16500,50,2000,"bu","11:13:35",10195700
16500,50,5000,"bu","11:13:52",10200700
16500,50,400,"sd","11:14:03",10201100
16500,50,5000,"sd","11:14:05",10206100
16550,100,100,"bu","11:14:10",10206200
16500,50,1100,"sd","11:14:29",10207300
16500,50,800,"bu","11:14:39",10208100
16500,50,200,"bu","11:14:50",10208300
16500,50,500,"sd","11:14:52",10208800
16500,50,1000,"sd","11:14:59",10209800
16500,50,700,"bu","11:15:00",10210500
16500,50,200,"bu","11:15:04",10210700
16500,50,300,"sd","11:15:10",10211000
16500,50,25000,"sd","11:15:23",10236000
16500,50,10000,"bu","11:15:32",10246000
16500,50,4900,"sd","11:15:34",10250900
16500,50,800,"bu","11:15:35",10251700
16500,50,5000,"bu","11:15:42",10256700
16500,50,600,"sd","11:15:44",10257300
16500,50,2000,"sd","11:15:50",10259300
16500,50,600,"bu","11:15:52",10259900
16500,50,2200,"bu","11:15:54",10262100
16500,50,12600,"bu","11:15:56",10274700
16500,50,1000,"sd","11:15:57",10275700
16500,50,500,"sd","11:16:00",10276200
16500,50,200,"sd","11:16:01",10276400
16500,50,300,"sd","11:16:02",10276700
16500,50,1300,"bu","11:16:06",10278000
16500,50,2000,"sd","11:17:02",10280000
16450,0,20000,"sd","11:17:24",10300000
16500,50,100,"bu","11:17:27",10300100
16450,0,1300,"bu","11:17:38",10301400
16500,50,100,"bu","11:17:51",10301500
16500,50,300,"sd","11:17:59",10301800
16500,50,2000,"sd","11:18:07",10303800
16500,50,200,"bu","11:18:27",10304000
16500,50,300,"sd","11:18:27",10304300
16500,50,100,"bu","11:18:54",10304400
16500,50,2700,"sd","11:19:21",10307100
16500,50,1000,"bu","11:19:22",10308100
16500,50,20000,"bu","11:19:24",10328100
16450,0,2000,"bu","11:19:29",10330100
16450,0,1000,"bu","11:19:41",10331100
16450,0,1800,"sd","11:19:42",10332900
16450,0,1200,"sd","11:19:42",10334100
16450,0,3000,"bu","11:19:43",10337100
16450,0,4000,"bu","11:19:44",10341100
16450,0,1000,"bu","11:19:53",10342100
16450,0,300,"sd","11:19:59",10342400
16450,0,1300,"bu","11:20:03",10343700
16450,0,5900,"sd","11:20:16",10349600
16450,0,100000,"sd","11:20:18",10449600
16450,0,1000,"bu","11:20:21",10450600
16450,0,18600,"sd","11:20:21",10469200
16450,0,700,"bu","11:20:24",10469900
16450,0,50000,"bu","11:20:24",10519900
16450,0,3600,"sd","11:20:25",10523500
16450,0,800,"sd","11:20:28",10524300
16450,0,3000,"bu","11:20:41",10527300
16450,0,200,"bu","11:20:44",10527500
16450,0,100,"sd","11:20:46",10527600
16450,0,6000,"sd","11:20:49",10533600
16450,0,200,"bu","11:20:51",10533800
16450,0,100,"sd","11:20:56",10533900
16450,0,10000,"bu","11:21:12",10543900
16450,0,200,"sd","11:21:14",10544100
16450,0,500,"bu","11:21:21",10544600
16450,0,1000,"sd","11:21:22",10545600
16450,0,100,"bu","11:21:25",10545700
16450,0,1000,"bu","11:21:27",10546700
16450,0,6000,"sd","11:21:32",10552700
16450,0,700,"sd","11:21:37",10553400
16450,0,3700,"sd","11:21:39",10557100
16450,0,1000,"sd","11:21:40",10558100
16450,0,500,"bu","11:21:42",10558600
16450,0,7800,"sd","11:21:45",10566400
16450,0,100,"sd","11:21:47",10566500
16450,0,2000,"bu","11:21:53",10568500
16450,0,100,"sd","11:22:00",10568600
16450,0,200,"sd","11:22:05",10568800
16450,0,500,"bu","11:22:06",10569300
16450,0,3000,"sd","11:22:06",10572300
16450,0,2000,"bu","11:22:18",10574300
16450,0,200,"sd","11:22:24",10574500
16450,0,700,"bu","11:22:30",10575200
16450,0,1000,"bu","11:22:31",10576200
16450,0,4000,"bu","11:22:42",10580200
16450,0,200,"bu","11:22:44",10580400
16450,0,800,"sd","11:22:53",10581200
16450,0,2000,"sd","11:23:00",10583200
16450,0,2500,"sd","11:23:13",10585700
16450,0,2000,"sd","11:23:20",10587700
16450,0,3000,"sd","11:23:23",10590700
16400,-50,5000,"sd","11:23:24",10595700
16450,0,1000,"bu","11:23:33",10596700
16450,0,100,"bu","11:23:35",10596800
16400,-50,40000,"bu","11:23:41",10636800
16400,-50,1000,"sd","11:23:46",10637800
16400,-50,900,"bu","11:23:48",10638700
16400,-50,1100,"sd","11:23:48",10639800
16450,0,1000,"sd","11:24:00",10640800
16450,0,100,"bu","11:24:08",10640900
16450,0,10000,"sd","11:24:18",10650900
16400,-50,283600,"bu","11:24:20",10934500
16450,0,26400,"sd","11:24:21",10960900
16450,0,100,"sd","11:24:25",10961000
16450,0,500,"sd","11:24:34",10961500
16450,0,11600,"sd","11:24:38",10973100
16450,0,1000,"bu","11:24:39",10974100
16450,0,6000,"bu","11:24:41",10980100
16450,0,100,"bu","11:24:47",10980200
16450,0,2000,"bu","11:25:00",10982200
16400,-50,65500,"bu","11:25:03",11047700
16450,0,500,"bu","11:25:04",11048200
16450,0,12600,"sd","11:25:09",11060800
16450,0,300,"sd","11:25:15",11061100
16450,0,1300,"bu","11:25:36",11062400
16400,-50,200,"sd","11:25:37",11062600
16450,0,500,"bu","11:25:43",11063100
16400,-50,2500,"bu","11:25:50",11065600
16400,-50,100,"sd","11:26:04",11065700
16400,-50,13600,"sd","11:26:07",11079300
16400,-50,8000,"bu","11:26:14",11087300
16400,-50,200,"bu","11:26:14",11087500
16400,-50,5000,"bu","11:26:15",11092500
16400,-50,100,"sd","11:26:19",11092600
16400,-50,20000,"bu","11:26:30",11112600
16400,-50,2000,"bu","11:26:31",11114600
16400,-50,4000,"bu","11:26:33",11118600
16400,-50,3000,"sd","11:26:34",11121600
16400,-50,4600,"bu","11:27:01",11126200
16450,0,1000,"bu","11:27:03",11127200
16400,-50,100000,"bu","11:27:17",11227200
16450,0,2300,"sd","11:27:18",11229500
16400,-50,2000,"bu","11:27:22",11231500
16450,0,1000,"sd","11:27:39",11232500
16400,-50,100,"bu","11:27:41",11232600
16400,-50,15000,"bu","11:27:44",11247600
16450,0,100,"sd","11:27:53",11247700
16450,0,5000,"bu","11:28:02",11252700
16450,0,100,"bu","11:28:04",11252800
16400,-50,1100,"sd","11:28:06",11253900
16400,-50,100000,"sd","11:28:21",11353900
16400,-50,600,"bu","11:28:35",11354500
16450,0,1000,"sd","11:28:38",11355500
16450,0,31700,"sd","11:28:50",11387200
16400,-50,1000,"sd","11:28:50",11388200
16400,-50,100,"bu","11:28:51",11388300
16400,-50,10000,"bu","11:28:53",11398300
16400,-50,50000,"bu","11:28:59",11448300
16400,-50,10000,"sd","11:29:01",11458300
16400,-50,3600,"sd","11:29:01",11461900
16400,-50,100000,"sd","11:29:02",11561900
16400,-50,9000,"bu","11:29:14",11570900
16400,-50,27300,"bu","11:29:16",11598200
16400,-50,1100,"sd","11:29:26",11599300
16400,-50,500,"sd","11:29:27",11599800
16400,-50,2000,"sd","11:29:34",11601800
16400,-50,20000,"bu","11:29:37",11621800
16400,-50,1100,"bu","11:29:38",11622900
16400,-50,500,"sd","11:29:43",11623400
16400,-50,100,"bu","11:29:45",11623500
16400,-50,2100,"bu","11:29:46",11625600
16400,-50,300,"sd","11:29:50",11625900
16400,-50,600,"bu","11:29:53",11626500
16400,-50,500,"sd","11:29:58",11627000
16350.000000000002,-100,600,"sd","11:30:02",11627600
16400,-50,1500,"sd","13:00:15",11629100
16350.000000000002,-100,200,"sd","13:00:17",11629300
16350.000000000002,-100,10600,"bu","13:00:21",11639900
16400,-50,300,"bu","13:00:23",11640200
16350.000000000002,-100,100,"sd","13:00:25",11640300
16350.000000000002,-100,1000,"sd","13:00:26",11641300
16350.000000000002,-100,2100,"bu","13:00:28",11643400
16400,-50,110000,"bu","13:00:36",11753400
16350.000000000002,-100,2500,"bu","13:00:38",11755900
16350.000000000002,-100,500,"sd","13:00:40",11756400
16350.000000000002,-100,400,"sd","13:00:40",11756800
16350.000000000002,-100,25000,"bu","13:00:41",11781800
16400,-50,100,"bu","13:00:42",11781900
16350.000000000002,-100,200,"sd","13:00:42",11782100
16350.000000000002,-100,9300,"bu","13:00:46",11791400
16350.000000000002,-100,200,"bu","13:00:46",11791600
16350.000000000002,-100,10000,"bu","13:00:47",11801600
16350.000000000002,-100,5000,"bu","13:00:48",11806600
16350.000000000002,-100,1900,"bu","13:00:49",11808500
16400,-50,600,"sd","13:00:50",11809100
16400,-50,1000,"bu","13:00:54",11810100
16350.000000000002,-100,5000,"sd","13:00:54",11815100
16350.000000000002,-100,200,"sd","13:00:55",11815300
16350.000000000002,-100,15700,"bu","13:00:57",11831000
16350.000000000002,-100,5000,"sd","13:00:58",11836000
16350.000000000002,-100,1900,"sd","13:00:59",11837900
16350.000000000002,-100,200,"sd","13:01:02",11838100
16350.000000000002,-100,800,"sd","13:01:03",11838900
16350.000000000002,-100,1300,"sd","13:01:05",11840200
16350.000000000002,-100,100,"sd","13:01:07",11840300
16350.000000000002,-100,200,"sd","13:01:09",11840500
16400,-50,100,"sd","13:01:12",11840600
16350.000000000002,-100,5000,"sd","13:01:14",11845600
16400,-50,10000,"sd","13:01:21",11855600
16350.000000000002,-100,200,"bu","13:01:22",11855800
16400,-50,100,"sd","13:01:23",11855900
16400,-50,1000,"bu","13:01:28",11856900
16400,-50,100,"bu","13:01:32",11857000
16400,-50,2000,"bu","13:01:34",11859000
16400,-50,13300,"sd","13:01:37",11872300
16400,-50,100,"bu","13:01:46",11872400
16400,-50,1000,"bu","13:01:47",11873400
16400,-50,200,"bu","13:01:47",11873600
16400,-50,3000,"bu","13:02:02",11876600
16400,-50,200,"bu","13:02:07",11876800
16400,-50,30000,"sd","13:02:13",11906800
16400,-50,1000,"bu","13:02:16",11907800
16400,-50,100,"bu","13:02:18",11907900
16400,-50,200,"sd","13:02:19",11908100
16400,-50,1500,"sd","13:02:22",11909600
16400,-50,500,"sd","13:02:30",11910100
16400,-50,10000,"sd","13:02:31",11920100
16400,-50,5000,"sd","13:02:32",11925100
16400,-50,5000,"bu","13:02:34",11930100
16400,-50,5000,"sd","13:02:38",11935100
16400,-50,6000,"sd","13:02:39",11941100
16400,-50,100,"bu","13:02:40",11941200
16400,-50,500,"bu","13:02:41",11941700
16400,-50,200,"sd","13:02:45",11941900
16350.000000000002,-100,1000,"sd","13:02:45",11942900
16400,-50,5800,"bu","13:02:48",11948700
16350.000000000002,-100,2000,"bu","13:02:48",11950700
16350.000000000002,-100,4600,"bu","13:02:54",11955300
16350.000000000002,-100,1100,"sd","13:02:55",11956400
16400,-50,2000,"bu","13:02:56",11958400
16400,-50,10000,"sd","13:03:03",11968400
16350.000000000002,-100,100,"bu","13:03:04",11968500
16350.000000000002,-100,1500,"bu","13:03:06",11970000
16400,-50,100,"sd","13:03:15",11970100
16350.000000000002,-100,10000,"sd","13:03:15",11980100
16350.000000000002,-100,200,"bu","13:03:17",11980300
16400,-50,100,"sd","13:03:18",11980400
16400,-50,2500,"sd","13:03:22",11982900
16350.000000000002,-100,100,"bu","13:03:23",11983000
16400,-50,2000,"sd","13:03:27",11985000
16400,-50,2000,"bu","13:03:30",11987000
16400,-50,3000,"bu","13:03:46",11990000
16400,-50,3000,"sd","13:03:50",11993000
16400,-50,1000,"bu","13:03:50",11994000
16350.000000000002,-100,50000,"bu","13:03:51",12044000
16400,-50,500,"sd","13:03:52",12044500
16400,-50,600,"sd","13:03:58",12045100
16400,-50,1200,"sd","13:04:00",12046300
16400,-50,100,"sd","13:04:04",12046400
16400,-50,5100,"bu","13:04:09",12051500
16400,-50,50000,"sd","13:04:15",12101500
16350.000000000002,-100,9000,"sd","13:04:18",12110500
16400,-50,500,"bu","13:04:19",12111000
16400,-50,100,"sd","13:04:20",12111100
16400,-50,3000,"bu","13:04:23",12114100
16400,-50,1000,"sd","13:04:25",12115100
16400,-50,1000,"sd","13:04:27",12116100
16400,-50,800,"bu","13:04:30",12116900
16400,-50,600,"bu","13:04:30",12117500
16400,-50,500,"sd","13:04:31",12118000
16350.000000000002,-100,800,"bu","13:04:31",12118800
16400,-50,100,"bu","13:04:40",12118900
16350.000000000002,-100,6000,"sd","13:04:44",12124900
16350.000000000002,-100,100,"sd","13:04:52",12125000
16350.000000000002,-100,700,"bu","13:04:54",12125700
16400,-50,200,"bu","13:04:59",12125900
16350.000000000002,-100,10000,"sd","13:05:01",12135900
16350.000000000002,-100,23000,"bu","13:05:15",12158900
16400,-50,100,"bu","13:05:18",12159000
16400,-50,10000,"sd","13:05:21",12169000
16350.000000000002,-100,160200,"bu","13:05:26",12329200
16350.000000000002,-100,39800,"sd","13:05:26",12369000
16350.000000000002,-100,2000,"sd","13:05:29",12371000
16350.000000000002,-100,6000,"bu","13:05:30",12377000
16350.000000000002,-100,100,"bu","13:05:32",12377100
16350.000000000002,-100,10000,"bu","13:05:34",12387100
16350.000000000002,-100,1000,"sd","13:05:36",12388100
16350.000000000002,-100,67500,"sd","13:05:36",12455600
16350.000000000002,-100,5900,"sd","13:05:37",12461500
16350.000000000002,-100,500,"bu","13:05:39",12462000
16350.000000000002,-100,300,"bu","13:05:40",12462300
16350.000000000002,-100,600,"bu","13:05:42",12462900
16350.000000000002,-100,500,"bu","13:05:43",12463400
16350.000000000002,-100,500,"sd","13:05:45",12463900
16350.000000000002,-100,5000,"sd","13:05:46",12468900
16350.000000000002,-100,500,"sd","13:05:47",12469400
16300,-150,2100,"sd","13:05:48",12471500
16350.000000000002,-100,5000,"bu","13:05:51",12476500
16350.000000000002,-100,2000,"bu","13:05:56",12478500
16350.000000000002,-100,200,"sd","13:05:59",12478700
16350.000000000002,-100,400,"sd","13:06:00",12479100
16350.000000000002,-100,200,"bu","13:06:01",12479300
16350.000000000002,-100,11000,"sd","13:06:06",12490300
16350.000000000002,-100,400,"bu","13:06:07",12490700
16350.000000000002,-100,500,"bu","13:06:09",12491200
16300,-150,1200,"sd","13:06:15",12492400
16350.000000000002,-100,200,"bu","13:06:18",12492600
16350.000000000002,-100,6100,"sd","13:06:19",12498700
16350.000000000002,-100,100,"bu","13:06:20",12498800
16350.000000000002,-100,10000,"sd","13:06:21",12508800
16350.000000000002,-100,200,"bu","13:06:24",12509000
16350.000000000002,-100,4000,"sd","13:06:24",12513000
16350.000000000002,-100,3700,"sd","13:06:25",12516700
16350.000000000002,-100,5000,"bu","13:06:26",12521700
16350.000000000002,-100,600,"sd","13:06:27",12522300
16350.000000000002,-100,1000,"sd","13:06:32",12523300
16350.000000000002,-100,100,"bu","13:06:33",12523400
16350.000000000002,-100,3000,"bu","13:06:36",12526400
16350.000000000002,-100,10000,"sd","13:06:37",12536400
16350.000000000002,-100,1000,"bu","13:06:38",12537400
16350.000000000002,-100,4400,"bu","13:06:40",12541800
16350.000000000002,-100,2000,"bu","13:06:40",12543800
16350.000000000002,-100,100,"sd","13:06:42",12543900
16350.000000000002,-100,10100,"bu","13:06:44",12554000
16350.000000000002,-100,3000,"sd","13:06:46",12557000
16350.000000000002,-100,200,"bu","13:06:47",12557200
16350.000000000002,-100,5700,"sd","13:06:47",12562900
16350.000000000002,-100,10000,"bu","13:06:55",12572900
16350.000000000002,-100,11000,"sd","13:06:57",12583900
16350.000000000002,-100,100,"sd","13:06:58",12584000
16350.000000000002,-100,2000,"sd","13:07:02",12586000
16350.000000000002,-100,20200,"bu","13:07:05",12606200
16350.000000000002,-100,7000,"bu","13:07:06",12613200
16350.000000000002,-100,100,"sd","13:07:08",12613300
16350.000000000002,-100,1000,"bu","13:07:08",12614300
16350.000000000002,-100,5000,"sd","13:07:09",12619300
16350.000000000002,-100,500,"sd","13:07:12",12619800
16300,-150,10200,"sd","13:07:13",12630000
16350.000000000002,-100,6200,"bu","13:07:15",12636200
16350.000000000002,-100,3000,"bu","13:07:27",12639200
16350.000000000002,-100,100,"bu","13:07:28",12639300
16350.000000000002,-100,400,"sd","13:07:35",12639700
16350.000000000002,-100,10000,"bu","13:07:56",12649700
16350.000000000002,-100,800,"sd","13:07:59",12650500
16400,-50,5000,"sd","13:08:00",12655500
16400,-50,8600,"sd","13:08:08",12664100
16400,-50,500,"sd","13:08:09",12664600
16400,-50,600,"sd","13:08:12",12665200
16350.000000000002,-100,20000,"bu","13:08:13",12685200
16400,-50,200,"bu","13:08:19",12685400
16400,-50,100,"sd","13:08:24",12685500
16400,-50,1100,"sd","13:08:31",12686600
16400,-50,1800,"bu","13:08:32",12688400
16400,-50,10000,"bu","13:08:36",12698400
16400,-50,500,"sd","13:08:39",12698900
16400,-50,10000,"bu","13:08:41",12708900
16400,-50,300,"bu","13:08:42",12709200
16400,-50,6000,"bu","13:08:48",12715200
16400,-50,200,"bu","13:08:49",12715400
16350.000000000002,-100,300,"sd","13:08:54",12715700
16350.000000000002,-100,5500,"bu","13:09:08",12721200
16350.000000000002,-100,5000,"sd","13:09:10",12726200
16400,-50,900,"bu","13:09:11",12727100
16400,-50,10000,"sd","13:09:14",12737100
16400,-50,2500,"bu","13:09:20",12739600
16400,-50,4500,"sd","13:09:27",12744100
16400,-50,1000,"bu","13:09:29",12745100
16400,-50,3100,"bu","13:09:32",12748200
16400,-50,1100,"bu","13:09:34",12749300
16400,-50,1500,"sd","13:09:35",12750800
16400,-50,1300,"bu","13:09:36",12752100
16400,-50,1500,"bu","13:09:40",12753600
16400,-50,1500,"bu","13:09:42",12755100
16350.000000000002,-100,800,"bu","13:09:43",12755900
16400,-50,800,"bu","13:09:45",12756700
16400,-50,1000,"bu","13:09:46",12757700
16400,-50,17000,"sd","13:09:56",12774700
16400,-50,100,"sd","13:09:57",12774800
16400,-50,100000,"sd","13:10:02",12874800
16400,-50,3100,"bu","13:10:04",12877900
16400,-50,3200,"sd","13:10:05",12881100
16400,-50,600,"sd","13:10:05",12881700
16350.000000000002,-100,3600,"sd","13:10:06",12885300
16400,-50,500,"sd","13:10:07",12885800
16400,-50,6700,"bu","13:10:07",12892500
16400,-50,300,"sd","13:10:08",12892800
16400,-50,5000,"bu","13:10:13",12897800
16450,0,300,"sd","13:10:23",12898100
16400,-50,20300,"bu","13:10:34",12918400
16450,0,300,"bu","13:10:38",12918700
16400,-50,1000,"bu","13:10:44",12919700
16400,-50,5000,"sd","13:10:48",12924700
16450,0,2000,"bu","13:10:50",12926700
16400,-50,2100,"bu","13:10:54",12928800
16450,0,500,"sd","13:11:02",12929300
16450,0,40200,"bu","13:11:04",12969500
16450,0,100,"sd","13:11:07",12969600
16450,0,4100,"bu","13:11:20",12973700
16450,0,2000,"sd","13:11:22",12975700
16400,-50,800,"sd","13:11:28",12976500
16450,0,1000,"bu","13:11:29",12977500
16450,0,5000,"bu","13:12:02",12982500
16450,0,100,"bu","13:12:04",12982600
16450,0,30000,"sd","13:12:05",13012600
16450,0,100,"bu","13:12:06",13012700
16450,0,500,"bu","13:12:07",13013200
16450,0,1800,"bu","13:12:20",13015000
16450,0,100,"sd","13:12:25",13015100
16450,0,10000,"bu","13:12:32",13025100
16450,0,600,"sd","13:12:32",13025700
16450,0,300,"bu","13:12:33",13026000
16450,0,4000,"bu","13:12:37",13030000
16450,0,2000,"sd","13:12:39",13032000
16450,0,5000,"bu","13:13:08",13037000
16400,-50,8000,"sd","13:13:12",13045000
16450,0,100,"sd","13:13:22",13045100
16450,0,2100,"sd","13:13:29",13047200
16450,0,5000,"sd","13:13:32",13052200
16450,0,8000,"sd","13:13:36",13060200
16450,0,200,"sd","13:13:44",13060400
16450,0,29900,"sd","13:13:48",13090300
16400,-50,1100,"sd","13:13:49",13091400
16450,0,10000,"sd","13:13:51",13101400
16450,0,2000,"bu","13:13:53",13103400
16450,0,1600,"bu","13:13:54",13105000
16450,0,2000,"sd","13:13:56",13107000
16450,0,10000,"sd","13:14:00",13117000
16450,0,300,"sd","13:14:02",13117300
16450,0,10000,"sd","13:14:03",13127300
16450,0,20000,"bu","13:14:03",13147300
16450,0,5100,"sd","13:14:05",13152400
16450,0,500,"sd","13:14:05",13152900
16450,0,3000,"bu","13:14:08",13155900
16450,0,400,"bu","13:14:09",13156300
16450,0,1700,"bu","13:14:10",13158000
16450,0,5000,"sd","13:14:10",13163000
16450,0,700,"sd","13:14:12",13163700
16450,0,2000,"bu","13:14:15",13165700
16450,0,1000,"sd","13:14:17",13166700
16450,0,70000,"bu","13:14:18",13236700
16450,0,5000,"bu","13:14:19",13241700
16450,0,7100,"bu","13:14:20",13248800
16450,0,1200,"bu","13:14:20",13250000
16450,0,50500,"bu","13:14:22",13300500
16450,0,1500,"bu","13:14:23",13302000
16450,0,500,"sd","13:14:24",13302500
16450,0,3800,"bu","13:14:24",13306300
16450,0,5100,"bu","13:14:25",13311400
16450,0,2000,"bu","13:14:30",13313400
16450,0,500,"sd","13:14:32",13313900
16500,50,200,"sd","13:14:33",13314100
16450,0,100,"sd","13:14:34",13314200
16500,50,2000,"sd","13:14:36",13316200
16450,0,700,"bu","13:14:56",13316900
16500,50,200,"bu","13:15:02",13317100
16500,50,3000,"sd","13:15:10",13320100
16500,50,300,"sd","13:15:16",13320400
16500,50,1400,"sd","13:15:30",13321800
16500,50,1000,"sd","13:15:34",13322800
16500,50,100,"sd","13:15:37",13322900
16500,50,2500,"bu","13:15:42",13325400
16500,50,100,"sd","13:15:59",13325500
16500,50,500,"sd","13:16:04",13326000
16500,50,5500,"bu","13:16:14",13331500
16500,50,40000,"bu","13:16:15",13371500
16500,50,4000,"bu","13:16:16",13375500
16500,50,1600,"bu","13:16:20",13377100
16450,0,3000,"bu","13:16:21",13380100
16500,50,300,"bu","13:16:24",13380400
16500,50,100,"bu","13:16:31",13380500
16500,50,200,"bu","13:16:36",13380700
16500,50,20000,"bu","13:16:37",13400700
16450,0,800,"bu","13:16:40",13401500
16450,0,1000,"sd","13:16:42",13402500
16500,50,100,"sd","13:16:45",13402600
16500,50,1000,"sd","13:16:52",13403600
16500,50,2600,"bu","13:16:54",13406200
16500,50,1100,"sd","13:16:55",13407300
16500,50,200,"sd","13:16:56",13407500
16500,50,100,"bu","13:16:57",13407600
16500,50,3000,"bu","13:16:58",13410600
16500,50,4200,"bu","13:17:01",13414800
16500,50,15000,"bu","13:17:01",13429800
16500,50,30000,"sd","13:17:02",13459800
16500,50,500,"bu","13:17:03",13460300
16500,50,1000,"sd","13:17:07",13461300
16500,50,3100,"sd","13:17:10",13464400
16500,50,81200,"bu","13:17:11",13545600
16500,50,3400,"bu","13:17:11",13549000
16500,50,1800,"sd","13:17:12",13550800
16500,50,5100,"bu","13:17:16",13555900
16550,100,200,"sd","13:17:20",13556100
16500,50,1000,"bu","13:17:22",13557100
16550,100,200,"sd","13:17:23",13557300
16500,50,5000,"bu","13:17:31",13562300
16550,100,1100,"bu","13:17:35",13563400
16500,50,600,"sd","13:17:36",13564000
16550,100,2000,"bu","13:17:39",13566000
16550,100,6200,"bu","13:17:51",13572200
16550,100,9800,"bu","13:17:52",13582000
16550,100,50000,"sd","13:17:55",13632000
16550,100,7700,"sd","13:17:59",13639700
16550,100,2200,"bu","13:18:03",13641900
16500,50,5000,"bu","13:18:04",13646900
16550,100,2200,"sd","13:18:04",13649100
16550,100,1100,"bu","13:18:08",13650200
16550,100,100,"bu","13:18:09",13650300
16550,100,200,"sd","13:18:12",13650500
16550,100,600,"bu","13:18:23",13651100
16500,50,900,"bu","13:18:24",13652000
16500,50,100,"sd","13:18:31",13652100
16500,50,1000,"sd","13:18:37",13653100
16550,100,400,"sd","13:18:42",13653500
16550,100,4000,"sd","13:18:46",13657500
16550,100,6300,"bu","13:18:59",13663800
16550,100,50500,"sd","13:19:06",13714300
16550,100,100,"sd","13:19:10",13714400
16500,50,6000,"sd","13:19:14",13720400
16500,50,100,"sd","13:19:21",13720500
16500,50,1000,"sd","13:19:24",13721500
16500,50,36000,"sd","13:19:26",13757500
16500,50,2000,"bu","13:19:29",13759500
16500,50,4000,"sd","13:19:31",13763500
16500,50,9000,"bu","13:19:32",13772500
16500,50,1000,"bu","13:19:35",13773500
16500,50,2500,"bu","13:19:36",13776000
16500,50,5000,"sd","13:19:42",13781000
16550,100,1000,"sd","13:19:44",13782000
16500,50,200,"sd","13:19:46",13782200
16500,50,4000,"bu","13:19:52",13786200
16500,50,30000,"bu","13:19:55",13816200
16500,50,500,"bu","13:19:58",13816700
16500,50,25000,"sd","13:20:06",13841700
16500,50,6000,"bu","13:20:08",13847700
16500,50,1000,"bu","13:20:10",13848700
16550,100,200,"sd","13:20:11",13848900
16500,50,100,"bu","13:20:25",13849000
16500,50,500,"bu","13:20:34",13849500
16500,50,1000,"bu","13:20:34",13850500
16550,100,100,"sd","13:20:36",13850600
16550,100,1100,"sd","13:20:50",13851700
16550,100,100,"bu","13:20:52",13851800
16550,100,300,"sd","13:20:54",13852100
16550,100,5000,"sd","13:20:59",13857100
16550,100,2000,"sd","13:21:07",13859100
16500,50,100,"bu","13:21:09",13859200
16550,100,1000,"sd","13:21:10",13860200
16550,100,400,"bu","13:21:11",13860600
16500,50,10200,"sd","13:21:14",13870800
16500,50,200,"bu","13:21:23",13871000
16500,50,100,"bu","13:21:43",13871100
16500,50,1000,"sd","13:21:45",13872100
16500,50,800,"sd","13:21:53",13872900
16550,100,2200,"sd","13:21:57",13875100
16500,50,3000,"bu","13:21:58",13878100
16500,50,900,"bu","13:21:58",13879000
16500,50,5100,"bu","13:22:07",13884100
16500,50,144900,"bu","13:22:07",14029000
16500,50,7900,"sd","13:22:10",14036900
16500,50,1300,"sd","13:22:12",14038200
16500,50,200,"bu","13:22:13",14038400
16500,50,300,"sd","13:22:16",14038700
16500,50,1500,"bu","13:22:20",14040200
16500,50,5300,"bu","13:22:22",14045500
16500,50,400,"bu","13:22:26",14045900
16450,0,300,"sd","13:22:30",14046200
16500,50,2000,"bu","13:22:33",14048200
16500,50,100,"bu","13:22:43",14048300
16500,50,300,"sd","13:22:59",14048600
16500,50,1000,"sd","13:23:00",14049600
16500,50,3000,"sd","13:23:00",14052600
16500,50,500,"bu","13:23:04",14053100
16500,50,3000,"sd","13:23:08",14056100
16500,50,100,"bu","13:23:18",14056200
16500,50,1900,"bu","13:23:24",14058100
16450,0,5100,"sd","13:23:33",14063200
16500,50,500,"bu","13:23:36",14063700
16450,0,700,"bu","13:23:36",14064400
16500,50,100,"bu","13:23:38",14064500
16500,50,6500,"bu","13:23:44",14071000
16500,50,100,"bu","13:23:47",14071100
16450,0,1000,"sd","13:23:52",14072100
16500,50,200,"sd","13:23:55",14072300
16500,50,2700,"sd","13:24:07",14075000
16500,50,30000,"bu","13:24:10",14105000
16450,0,3000,"bu","13:24:39",14108000
16500,50,500,"sd","13:24:41",14108500
16500,50,20000,"sd","13:24:49",14128500
16500,50,50000,"bu","13:24:58",14178500
16500,50,5600,"sd","13:25:10",14184100
16500,50,300,"sd","13:25:14",14184400
16500,50,400,"sd","13:25:15",14184800
16500,50,200,"sd","13:25:18",14185000
16500,50,700,"sd","13:25:19",14185700
16500,50,1800,"sd","13:25:20",14187500
16500,50,19100,"sd","13:25:24",14206600
16500,50,10900,"sd","13:25:24",14217500
16450,0,20000,"sd","13:25:26",14237500
16450,0,8000,"bu","13:25:27",14245500
16500,50,200,"sd","13:25:28",14245700
16500,50,2000,"bu","13:25:29",14247700
16500,50,5000,"bu","13:25:30",14252700
16500,50,15000,"bu","13:25:31",14267700
16500,50,20000,"bu","13:25:32",14287700
16500,50,200,"bu","13:25:33",14287900
16500,50,1000,"bu","13:25:35",14288900
16500,50,5000,"bu","13:25:36",14293900
16500,50,20000,"sd","13:25:39",14313900
16500,50,2000,"bu","13:25:40",14315900
16500,50,10000,"bu","13:25:44",14325900
16500,50,2000,"bu","13:25:45",14327900
16500,50,6000,"sd","13:25:49",14333900
16500,50,9600,"sd","13:25:49",14343500
16500,50,3800,"sd","13:25:52",14347300
16500,50,800,"bu","13:25:53",14348100
16500,50,1100,"sd","13:26:00",14349200
16500,50,100,"bu","13:26:02",14349300
16500,50,2800,"bu","13:26:08",14352100
16500,50,100,"sd","13:26:10",14352200
16500,50,6100,"bu","13:26:16",14358300
16500,50,500,"bu","13:26:19",14358800
16500,50,100,"bu","13:26:20",14358900
16500,50,2000,"bu","13:26:25",14360900
16550,100,100,"bu","13:26:30",14361000
16500,50,2000,"sd","13:26:38",14363000
16500,50,1000,"bu","13:26:38",14364000
16550,100,200,"sd","13:26:40",14364200
16500,50,59800,"sd","13:26:55",14424000
16500,50,2000,"bu","13:27:00",14426000
16450,0,800,"sd","13:27:04",14426800
16500,50,100,"sd","13:27:20",14426900
16500,50,1000,"sd","13:27:34",14427900
16500,50,3000,"bu","13:27:36",14430900
16500,50,1500,"sd","13:27:44",14432400
16500,50,20000,"sd","13:27:47",14452400
16500,50,100,"bu","13:27:53",14452500
16500,50,200,"sd","13:28:00",14452700
16500,50,3000,"sd","13:28:02",14455700
16500,50,5500,"sd","13:28:08",14461200
16500,50,2500,"sd","13:28:09",14463700
16500,50,200,"sd","13:28:09",14463900
16500,50,50000,"sd","13:28:19",14513900
16500,50,500,"sd","13:28:22",14514400
16500,50,700,"sd","13:28:31",14515100
16500,50,3000,"sd","13:28:35",14518100
16500,50,4800,"sd","13:28:45",14522900
16500,50,20000,"sd","13:28:47",14542900
16500,50,5800,"bu","13:28:48",14548700
16500,50,1500,"sd","13:28:49",14550200
16500,50,1000,"bu","13:28:56",14551200
16500,50,500,"sd","13:28:57",14551700
16500,50,11200,"sd","13:29:12",14562900
16500,50,200,"sd","13:29:18",14563100
16500,50,600,"bu","13:29:24",14563700
16450,0,2000,"sd","13:29:25",14565700
16500,50,500,"bu","13:29:26",14566200
16500,50,1000,"bu","13:29:33",14567200
16500,50,100,"bu","13:29:50",14567300
16500,50,1600,"sd","13:29:54",14568900
16500,50,5000,"bu","13:30:06",14573900
16500,50,1000,"bu","13:30:08",14574900
16500,50,5300,"sd","13:30:17",14580200
16500,50,100,"sd","13:30:23",14580300
16450,0,800,"bu","13:30:32",14581100
16500,50,1000,"sd","13:30:36",14582100
16450,0,700,"sd","13:30:40",14582800
16450,0,1500,"sd","13:30:44",14584300
16500,50,10000,"bu","13:30:49",14594300
16500,50,6300,"bu","13:30:51",14600600
16450,0,5000,"bu","13:31:07",14605600
16450,0,5000,"bu","13:31:19",14610600
16450,0,15000,"bu","13:31:27",14625600
16500,50,10000,"sd","13:31:31",14635600
16450,0,1000,"sd","13:31:32",14636600
16500,50,3800,"sd","13:31:33",14640400
16500,50,20000,"bu","13:31:34",14660400
16450,0,200,"sd","13:31:36",14660600
16450,0,30000,"sd","13:31:48",14690600
16450,0,20100,"sd","13:31:54",14710700
16450,0,200,"bu","13:31:57",14710900
16450,0,800,"sd","13:31:57",14711700
16500,50,3500,"sd","13:32:03",14715200
16450,0,2000,"bu","13:32:06",14717200
16500,50,3000,"bu","13:32:09",14720200
16450,0,4000,"sd","13:32:14",14724200
16450,0,800,"bu","13:32:16",14725000
16450,0,500,"bu","13:32:24",14725500
16450,0,10000,"sd","13:32:26",14735500
16450,0,5000,"bu","13:32:29",14740500
16450,0,60000,"bu","13:32:39",14800500
16450,0,22000,"bu","13:32:42",14822500
16450,0,900,"sd","13:32:43",14823400
16450,0,21200,"sd","13:32:45",14844600
16450,0,36000,"bu","13:32:46",14880600
16450,0,14400,"sd","13:32:46",14895000
16450,0,4400,"sd","13:32:48",14899400
16450,0,500,"sd","13:32:49",14899900
16450,0,7500,"bu","13:32:49",14907400
16450,0,100,"sd","13:32:51",14907500
16450,0,4600,"sd","13:32:53",14912100
16450,0,2000,"sd","13:32:55",14914100
16450,0,4500,"bu","13:32:56",14918600
16450,0,4300,"sd","13:32:57",14922900
16450,0,300,"sd","13:33:11",14923200
16450,0,500,"sd","13:33:14",14923700
16400,-50,10000,"bu","13:33:18",14933700
16450,0,5000,"sd","13:33:19",14938700
16400,-50,10000,"bu","13:33:20",14948700
16450,0,200,"bu","13:33:21",14948900
16450,0,500,"sd","13:33:29",14949400
16450,0,1500,"bu","13:33:40",14950900
16450,0,500,"sd","13:33:45",14951400
16450,0,3900,"bu","13:33:52",14955300
16450,0,1000,"sd","13:33:56",14956300
16400,-50,700,"bu","13:34:01",14957000
16400,-50,23500,"sd","13:34:14",14980500
16400,-50,200,"sd","13:34:19",14980700
16450,0,2200,"bu","13:34:33",14982900
16450,0,300,"bu","13:34:38",14983200
16450,0,500,"bu","13:34:39",14983700
16450,0,6200,"sd","13:34:41",14989900
16400,-50,2500,"sd","13:34:42",14992400
16450,0,4000,"sd","13:34:59",14996400
16400,-50,600,"sd","13:35:00",14997000
16400,-50,6700,"bu","13:35:18",15003700
16450,0,1500,"bu","13:35:19",15005200
16450,0,1000,"bu","13:35:20",15006200
16450,0,100,"bu","13:35:22",15006300
16400,-50,3400,"sd","13:35:23",15009700
16400,-50,300,"sd","13:35:26",15010000
16450,0,14800,"bu","13:35:27",15024800
16400,-50,900,"bu","13:35:37",15025700
16400,-50,3100,"bu","13:35:42",15028800
16400,-50,1000,"sd","13:35:44",15029800
16400,-50,800,"sd","13:35:45",15030600
16400,-50,65000,"sd","13:35:46",15095600
16400,-50,1000,"sd","13:35:59",15096600
16450,0,100,"bu","13:36:01",15096700
16450,0,500,"bu","13:36:23",15097200
16450,0,10500,"bu","13:36:29",15107700
16450,0,100,"bu","13:36:34",15107800
16450,0,2200,"bu","13:36:41",15110000
16450,0,200,"sd","13:36:43",15110200
16400,-50,300,"sd","13:36:52",15110500
16450,0,100,"sd","13:36:52",15110600
16450,0,300,"sd","13:37:07",15110900
16450,0,1000,"bu","13:37:09",15111900
16400,-50,200,"bu","13:37:10",15112100
16450,0,300,"bu","13:37:13",15112400
16450,0,10000,"sd","13:37:15",15122400
16450,0,10200,"sd","13:37:23",15132600
16450,0,5000,"sd","13:37:28",15137600
16400,-50,800,"sd","13:37:29",15138400
16400,-50,1000,"bu","13:37:33",15139400
16400,-50,600,"bu","13:37:40",15140000
16450,0,500,"bu","13:37:42",15140500
16450,0,1000,"sd","13:37:44",15141500
16450,0,100,"bu","13:37:48",15141600
16400,-50,52100,"sd","13:38:04",15193700
16400,-50,1000,"bu","13:38:11",15194700
16400,-50,500,"bu","13:38:12",15195200
16400,-50,1000,"sd","13:38:20",15196200
16450,0,1100,"sd","13:38:23",15197300
16450,0,300,"bu","13:38:50",15197600
16450,0,126600,"bu","13:38:53",15324200
16450,0,200,"bu","13:38:56",15324400
16450,0,500,"sd","13:38:57",15324900
16500,50,100,"bu","13:39:05",15325000
16450,0,1000,"bu","13:39:08",15326000
16450,0,800,"sd","13:39:13",15326800
16450,0,400,"bu","13:39:20",15327200
16450,0,1500,"bu","13:39:22",15328700
16450,0,700,"sd","13:39:23",15329400
16450,0,3400,"sd","13:39:24",15332800
16450,0,1000,"bu","13:39:25",15333800
16450,0,5000,"bu","13:39:25",15338800
16450,0,3000,"sd","13:39:27",15341800
16450,0,300,"sd","13:39:28",15342100
16450,0,3000,"sd","13:39:31",15345100
16450,0,24500,"bu","13:39:32",15369600
16450,0,2500,"bu","13:39:46",15372100
16450,0,1000,"sd","13:39:58",15373100
16450,0,3000,"sd","13:40:00",15376100
16450,0,5000,"bu","13:40:12",15381100
16450,0,2000,"sd","13:40:15",15383100
16450,0,400,"sd","13:40:17",15383500
16450,0,200,"sd","13:40:18",15383700
16450,0,2000,"bu","13:40:20",15385700
16450,0,200,"sd","13:40:22",15385900
16400,-50,100,"sd","13:40:23",15386000
16400,-50,1500,"sd","13:40:47",15387500
16400,-50,100,"bu","13:40:50",15387600
16400,-50,800,"bu","13:40:58",15388400
16400,-50,7200,"sd","13:41:01",15395600
16400,-50,300,"bu","13:41:14",15395900
16400,-50,2000,"bu","13:41:22",15397900
16400,-50,200,"sd","13:41:29",15398100
16450,0,500,"bu","13:41:35",15398600
16450,0,1100,"bu","13:41:51",15399700
16400,-50,29300,"bu","13:42:03",15429000
16400,-50,10400,"bu","13:42:06",15439400
16450,0,300,"bu","13:42:11",15439700
16400,-50,3000,"sd","13:42:13",15442700
16450,0,400,"bu","13:42:17",15443100
16450,0,5000,"bu","13:42:30",15448100
16450,0,100,"sd","13:42:34",15448200
16400,-50,700,"bu","13:42:42",15448900
16450,0,300,"sd","13:42:44",15449200
16450,0,100,"sd","13:42:44",15449300
16450,0,4000,"sd","13:42:45",15453300
16450,0,200,"sd","13:42:47",15453500
16450,0,5200,"bu","13:43:01",15458700
16450,0,1000,"bu","13:43:16",15459700
16400,-50,7900,"bu","13:43:17",15467600
16400,-50,100,"sd","13:43:18",15467700
16400,-50,2000,"sd","13:43:33",15469700
16450,0,5000,"bu","13:43:44",15474700
16400,-50,1000,"bu","13:43:48",15475700
16400,-50,500,"sd","13:43:50",15476200
16450,0,100,"sd","13:43:57",15476300
16450,0,5200,"bu","13:44:16",15481500
16450,0,1000,"bu","13:44:18",15482500
16400,-50,800,"bu","13:44:25",15483300
16400,-50,5500,"sd","13:44:33",15488800
16450,0,23600,"bu","13:44:42",15512400
16450,0,100000,"bu","13:44:49",15612400
16450,0,500,"sd","13:44:50",15612900
16450,0,1000,"bu","13:44:52",15613900
16400,-50,53200,"bu","13:44:54",15667100
16450,0,29500,"sd","13:44:54",15696600
16400,-50,4000,"sd","13:44:55",15700600
16450,0,6800,"sd","13:44:56",15707400
16450,0,2000,"bu","13:44:57",15709400
16450,0,1500,"bu","13:44:58",15710900
16450,0,6000,"sd","13:45:00",15716900
16450,0,10000,"sd","13:45:01",15726900
16450,0,3000,"bu","13:45:02",15729900
16450,0,1400,"bu","13:45:04",15731300
16450,0,600,"sd","13:45:08",15731900
16450,0,200,"sd","13:45:10",15732100
16450,0,1400,"bu","13:45:22",15733500
16450,0,1000,"sd","13:45:24",15734500
16450,0,100,"bu","13:45:26",15734600
16450,0,6700,"sd","13:45:39",15741300
16450,0,1500,"sd","13:45:41",15742800
16450,0,1200,"sd","13:45:45",15744000
16400,-50,400,"bu","13:45:46",15744400
16450,0,1000,"bu","13:45:51",15745400
16400,-50,300,"sd","13:45:54",15745700
16450,0,5000,"bu","13:45:59",15750700
16450,0,6000,"sd","13:46:05",15756700
16450,0,41800,"bu","13:46:07",15798500
16450,0,800,"bu","13:46:09",15799300
16450,0,1100,"bu","13:46:13",15800400
16450,0,200,"bu","13:46:20",15800600
16450,0,300,"sd","13:46:21",15800900
16450,0,5000,"bu","13:46:22",15805900
16450,0,900,"sd","13:46:23",15806800
16400,-50,12000,"bu","13:46:25",15818800
16450,0,7200,"bu","13:46:30",15826000
16450,0,5600,"sd","13:46:37",15831600
16450,0,11500,"bu","13:46:38",15843100
16400,-50,18900,"bu","13:46:39",15862000
16450,0,100,"bu","13:46:58",15862100
16450,0,8000,"sd","13:47:01",15870100
16450,0,2000,"bu","13:47:07",15872100
16450,0,500,"bu","13:47:09",15872600
16450,0,5000,"sd","13:47:12",15877600
16450,0,3000,"sd","13:47:15",15880600
16450,0,500,"bu","13:47:24",15881100
16450,0,200,"bu","13:47:28",15881300
16450,0,1200,"sd","13:47:31",15882500
16450,0,5200,"sd","13:47:45",15887700
16400,-50,120000,"sd","13:47:46",16007700
16400,-50,800,"bu","13:47:53",16008500
16400,-50,104900,"sd","13:48:03",16113400
16400,-50,1000,"sd","13:48:06",16114400
16400,-50,22000,"sd","13:48:12",16136400
16400,-50,300,"sd","13:48:13",16136700
16400,-50,400,"sd","13:48:15",16137100
16400,-50,3000,"sd","13:48:17",16140100
16400,-50,11000,"bu","13:48:21",16151100
16400,-50,1600,"bu","13:48:22",16152700
16400,-50,25400,"sd","13:48:25",16178100
16400,-50,11000,"bu","13:48:28",16189100
16400,-50,13000,"bu","13:48:29",16202100
16400,-50,6000,"bu","13:48:30",16208100
16400,-50,10800,"sd","13:48:30",16218900
16400,-50,3200,"bu","13:48:32",16222100
16400,-50,3000,"sd","13:48:34",16225100
16400,-50,5000,"sd","13:48:37",16230100
16400,-50,10800,"sd","13:48:40",16240900
16400,-50,1100,"sd","13:48:41",16242000
16400,-50,600,"sd","13:48:41",16242600
16400,-50,1000,"sd","13:48:42",16243600
16400,-50,200,"sd","13:48:45",16243800
16400,-50,400,"bu","13:48:48",16244200
16400,-50,700,"bu","13:48:49",16244900
16400,-50,4200,"sd","13:49:13",16249100
16400,-50,500,"sd","13:49:15",16249600
16400,-50,7000,"bu","13:49:23",16256600
16400,-50,200,"sd","13:49:26",16256800
16400,-50,100,"bu","13:49:27",16256900
16400,-50,3600,"bu","13:49:37",16260500
16350.000000000002,-100,800,"sd","13:49:38",16261300
16350.000000000002,-100,1000,"bu","13:49:38",16262300
16400,-50,900,"sd","13:49:39",16263200
16350.000000000002,-100,10000,"bu","13:49:41",16273200
16400,-50,10100,"bu","13:49:45",16283300
16400,-50,1700,"bu","13:49:49",16285000
16400,-50,11000,"sd","13:49:50",16296000
16400,-50,100,"sd","13:49:52",16296100
16400,-50,500,"bu","13:49:56",16296600
16400,-50,2000,"bu","13:49:58",16298600
16400,-50,500,"bu","13:50:01",16299100
16400,-50,100,"bu","13:50:06",16299200
16400,-50,500,"sd","13:50:07",16299700
16400,-50,2000,"bu","13:50:08",16301700
16400,-50,100,"bu","13:50:09",16301800
16400,-50,600,"bu","13:50:31",16302400
16400,-50,6500,"bu","13:50:36",16308900
16400,-50,500,"sd","13:50:40",16309400
16350.000000000002,-100,1000,"bu","13:50:57",16310400
16350.000000000002,-100,100000,"sd","13:50:58",16410400
16350.000000000002,-100,500,"sd","13:51:03",16410900
16350.000000000002,-100,1000,"bu","13:51:12",16411900
16350.000000000002,-100,4000,"bu","13:51:14",16415900
16350.000000000002,-100,1000,"sd","13:51:15",16416900
16350.000000000002,-100,2200,"sd","13:51:22",16419100
16350.000000000002,-100,1800,"sd","13:51:25",16420900
16350.000000000002,-100,5000,"bu","13:51:32",16425900
16350.000000000002,-100,2300,"sd","13:51:34",16428200
16350.000000000002,-100,10000,"sd","13:51:36",16438200
16350.000000000002,-100,5000,"bu","13:51:36",16443200
16400,-50,100,"bu","13:51:40",16443300
16350.000000000002,-100,10000,"bu","13:51:41",16453300
16350.000000000002,-100,1000,"bu","13:51:42",16454300
16350.000000000002,-100,700,"bu","13:51:44",16455000
16350.000000000002,-100,10000,"sd","13:51:46",16465000
16350.000000000002,-100,3900,"sd","13:51:47",16468900
16350.000000000002,-100,1000,"sd","13:51:56",16469900
16350.000000000002,-100,1500,"bu","13:52:01",16471400
16350.000000000002,-100,800,"bu","13:52:04",16472200
16350.000000000002,-100,2000,"bu","13:52:05",16474200
16350.000000000002,-100,1000,"sd","13:52:07",16475200
16350.000000000002,-100,200,"sd","13:52:09",16475400
16350.000000000002,-100,8200,"sd","13:52:11",16483600
16350.000000000002,-100,1100,"sd","13:52:12",16484700
16350.000000000002,-100,1000,"bu","13:52:14",16485700
16350.000000000002,-100,10000,"bu","13:52:20",16495700
16350.000000000002,-100,300,"bu","13:52:22",16496000
16350.000000000002,-100,15300,"sd","13:52:26",16511300
16350.000000000002,-100,200,"bu","13:52:28",16511500
16350.000000000002,-100,10000,"bu","13:52:31",16521500
16350.000000000002,-100,1700,"bu","13:52:32",16523200
16350.000000000002,-100,500,"bu","13:52:33",16523700
16350.000000000002,-100,400,"sd","13:52:35",16524100
16350.000000000002,-100,3300,"bu","13:52:37",16527400
16350.000000000002,-100,5700,"bu","13:52:42",16533100
16350.000000000002,-100,2000,"sd","13:52:43",16535100
16350.000000000002,-100,5000,"bu","13:52:46",16540100
16350.000000000002,-100,500,"bu","13:52:48",16540600
16350.000000000002,-100,300,"bu","13:52:54",16540900
16350.000000000002,-100,6000,"bu","13:52:56",16546900
16350.000000000002,-100,31100,"bu","13:52:59",16578000
16350.000000000002,-100,800,"bu","13:53:00",16578800
16350.000000000002,-100,50000,"bu","13:53:04",16628800
16350.000000000002,-100,800,"sd","13:53:05",16629600
16350.000000000002,-100,6000,"bu","13:53:06",16635600
16350.000000000002,-100,200,"bu","13:53:08",16635800
16350.000000000002,-100,5700,"sd","13:53:10",16641500
16400,-50,13000,"sd","13:53:10",16654500
16350.000000000002,-100,2900,"bu","13:53:13",16657400
16350.000000000002,-100,3500,"bu","13:53:14",16660900
16350.000000000002,-100,5000,"bu","13:53:15",16665900
16350.000000000002,-100,300,"bu","13:53:15",16666200
16400,-50,5000,"bu","13:53:16",16671200
16350.000000000002,-100,5400,"sd","13:53:17",16676600
16350.000000000002,-100,21600,"bu","13:53:18",16698200
16350.000000000002,-100,10100,"bu","13:53:20",16708300
16350.000000000002,-100,24400,"bu","13:53:22",16732700
16350.000000000002,-100,2000,"sd","13:53:23",16734700
16400,-50,4200,"sd","13:53:24",16738900
16350.000000000002,-100,16200,"bu","13:53:26",16755100
16400,-50,500,"bu","13:53:27",16755600
16400,-50,8400,"sd","13:53:28",16764000
16350.000000000002,-100,9200,"bu","13:53:29",16773200
16350.000000000002,-100,5000,"bu","13:53:30",16778200
16350.000000000002,-100,2000,"sd","13:53:31",16780200
16350.000000000002,-100,1500,"sd","13:53:32",16781700
16400,-50,10300,"bu","13:53:38",16792000
16350.000000000002,-100,1000,"bu","13:53:39",16793000
16350.000000000002,-100,24000,"sd","13:53:40",16817000
16350.000000000002,-100,24700,"bu","13:53:42",16841700
16350.000000000002,-100,3000,"sd","13:53:43",16844700
16350.000000000002,-100,600,"bu","13:53:43",16845300
16350.000000000002,-100,2000,"bu","13:53:44",16847300
16350.000000000002,-100,10000,"bu","13:53:45",16857300
16350.000000000002,-100,300,"bu","13:53:49",16857600
16350.000000000002,-100,100,"bu","13:53:52",16857700
16350.000000000002,-100,1000,"bu","13:53:53",16858700
16350.000000000002,-100,300,"sd","13:53:56",16859000
16350.000000000002,-100,100,"bu","13:53:57",16859100
16350.000000000002,-100,800,"sd","13:53:59",16859900
16350.000000000002,-100,200,"bu","13:54:01",16860100
16350.000000000002,-100,10000,"sd","13:54:04",16870100
16350.000000000002,-100,100,"sd","13:54:05",16870200
16350.000000000002,-100,2000,"sd","13:54:06",16872200
16350.000000000002,-100,200,"bu","13:54:09",16872400
16350.000000000002,-100,2000,"sd","13:54:10",16874400
16350.000000000002,-100,1000,"sd","13:54:11",16875400
16400,-50,1400,"sd","13:54:13",16876800
16350.000000000002,-100,2500,"bu","13:54:15",16879300
16400,-50,1000,"bu","13:54:16",16880300
16400,-50,2000,"sd","13:54:16",16882300
16350.000000000002,-100,1000,"bu","13:54:20",16883300
16350.000000000002,-100,2800,"bu","13:54:21",16886100
16350.000000000002,-100,300,"bu","13:54:25",16886400
