"price","change","match_qtty","side","time","total_vol"
11000,50,51000,"sd","09:15:10",51000
11000,50,500,"sd","09:15:14",51500
11000,50,17000,"bu","09:16:09",68500
11000,50,300,"sd","09:16:22",68800
11050,100,2000,"bu","09:16:33",70800
11050,100,800,"sd","09:16:58",71600
11050,100,200,"bu","09:16:58",71800
11000,50,1000,"bu","09:16:59",72800
11050,100,1000,"bu","09:17:12",73800
11000,50,500,"sd","09:17:21",74300
11000,50,800,"sd","09:17:29",75100
11000,50,200,"bu","09:17:32",75300
10950,0,800,"bu","09:18:14",76100
11000,50,2000,"bu","09:18:30",78100
10950,0,2000,"sd","09:18:34",80100
10950,0,400,"bu","09:18:44",80500
10950,0,200,"bu","09:18:46",80700
10950,0,3000,"bu","09:19:59",83700
10950,0,10000,"sd","09:20:49",93700
10950,0,2000,"sd","09:21:02",95700
11000,50,500,"bu","09:21:16",96200
10950,0,600,"sd","09:21:44",96800
10950,0,5400,"sd","09:21:53",102200
10950,0,600,"bu","09:22:08",102800
10950,0,1900,"bu","09:22:10",104700
10950,0,3000,"sd","09:22:32",107700
10950,0,700,"sd","09:22:45",108400
10950,0,2200,"sd","09:22:56",110600
10900,-50,3000,"sd","09:22:58",113600
10950,0,1000,"sd","09:23:01",114600
10950,0,1300,"bu","09:24:07",115900
10950,0,1000,"sd","09:24:13",116900
10950,0,2000,"sd","09:24:14",118900
10950,0,700,"sd","09:24:32",119600
10950,0,1800,"bu","09:24:42",121400
10950,0,1800,"bu","09:25:32",123200
10950,0,600,"bu","09:25:58",123800
10950,0,100,"sd","09:26:07",123900
10950,0,9000,"sd","09:26:11",132900
10950,0,900,"bu","09:26:25",133800
10950,0,5600,"sd","09:27:09",139400
10950,0,100,"bu","09:27:22",139500
10950,0,4000,"sd","09:27:25",143500
10950,0,500,"bu","09:27:30",144000
10950,0,100,"sd","09:27:40",144100
10950,0,1000,"sd","09:28:10",145100
10950,0,3400,"sd","09:28:13",148500
10950,0,500,"bu","09:28:25",149000
10950,0,500,"sd","09:29:04",149500
10950,0,300,"bu","09:29:45",149800
10950,0,5000,"sd","09:29:55",154800
10950,0,1000,"bu","09:30:15",155800
11000,50,34600,"sd","09:30:19",190400
11000,50,2000,"sd","09:31:36",192400
11000,50,100,"sd","09:31:37",192500
11050,100,2900,"sd","09:32:25",195400
11050,100,20000,"bu","09:32:55",215400
11000,50,100,"bu","09:32:55",215500
11050,100,600,"sd","09:33:17",216100
11050,100,4500,"bu","09:33:17",220600
11050,100,600,"sd","09:33:34",221200
11050,100,700,"bu","09:33:40",221900
11050,100,1100,"sd","09:33:56",223000
11050,100,100,"sd","09:34:25",223100
11050,100,1000,"bu","09:34:36",224100
11050,100,100,"bu","09:34:47",224200
11050,100,3000,"sd","09:34:55",227200
11050,100,200,"sd","09:35:07",227400
11050,100,2000,"sd","09:35:28",229400
11050,100,5200,"sd","09:36:07",234600
11050,100,2700,"bu","09:36:09",237300
11050,100,100,"bu","09:36:57",237400
11000,50,3000,"bu","09:37:11",240400
11050,100,800,"bu","09:37:29",241200
11050,100,1200,"bu","09:37:39",242400
11050,100,100,"bu","09:37:50",242500
11050,100,5200,"sd","09:38:36",247700
11050,100,4800,"sd","09:38:52",252500
11050,100,1100,"bu","09:39:03",253600
11050,100,10000,"sd","09:39:52",263600
11050,100,100,"bu","09:39:57",263700
11000,50,8800,"sd","09:39:57",272500
11050,100,2000,"bu","09:40:06",274500
11050,100,100,"sd","09:40:24",274600
11050,100,1500,"sd","09:41:00",276100
11050,100,2000,"bu","09:41:10",278100
11050,100,5900,"sd","09:41:20",284000
11050,100,300,"bu","09:41:47",284300
11100,150,3000,"bu","09:42:12",287300
11100,150,12900,"sd","09:42:25",300200
11100,150,10000,"bu","09:42:33",310200
11100,150,900,"bu","09:42:36",311100
11100,150,7100,"sd","09:43:07",318200
11100,150,400,"sd","09:43:19",318600
11100,150,1000,"sd","09:43:39",319600
11100,150,5000,"sd","09:43:43",324600
11100,150,100,"sd","09:43:44",324700
11050,100,3600,"sd","09:44:04",328300
11050,100,4000,"bu","09:44:36",332300
11100,150,50000,"bu","09:44:37",382300
11100,150,50000,"bu","09:44:43",432300
11100,150,5000,"bu","09:44:45",437300
11100,150,1400,"sd","09:44:48",438700
11100,150,5000,"sd","09:44:50",443700
11100,150,3000,"bu","09:44:53",446700
11100,150,13000,"sd","09:44:56",459700
11100,150,800,"sd","09:44:57",460500
11100,150,10400,"bu","09:44:57",470900
11100,150,1000,"bu","09:45:01",471900
11100,150,300,"sd","09:45:06",472200
11100,150,500,"sd","09:45:13",472700
11150,200,100,"sd","09:45:16",472800
11150,200,19900,"sd","09:45:16",492700
11150,200,600,"sd","09:45:21",493300
11150,200,1000,"sd","09:45:27",494300
11150,200,4000,"bu","09:45:28",498300
11150,200,800,"bu","09:45:36",499100
11150,200,8000,"sd","09:45:39",507100
11150,200,40600,"sd","09:45:47",547700
11150,200,1000,"sd","09:45:49",548700
11200,250,5000,"sd","09:46:01",553700
11150,200,100,"sd","09:46:08",553800
11200,250,2000,"bu","09:46:10",555800
11200,250,300,"bu","09:46:21",556100
11200,250,1400,"sd","09:46:30",557500
11200,250,200,"sd","09:46:42",557700
11200,250,100,"bu","09:47:09",557800
11200,250,200,"bu","09:47:21",558000
11200,250,5000,"bu","09:47:22",563000
11200,250,10000,"bu","09:47:50",573000
11200,250,100,"bu","09:47:54",573100
11200,250,2000,"sd","09:47:57",575100
11150,200,1000,"sd","09:47:59",576100
11200,250,500,"sd","09:48:02",576600
11200,250,20000,"bu","09:48:06",596600
11200,250,1000,"bu","09:48:08",597600
11200,250,5000,"sd","09:48:12",602600
11200,250,7400,"sd","09:48:13",610000
11200,250,2600,"sd","09:48:14",612600
11200,250,5000,"bu","09:48:17",617600
11200,250,100,"bu","09:48:17",617700
11200,250,6100,"bu","09:48:17",623800
11200,250,7100,"sd","09:48:18",630900
11200,250,1000,"bu","09:48:19",631900
11200,250,1500,"bu","09:48:23",633400
11200,250,2000,"sd","09:48:23",635400
11200,250,100,"bu","09:48:24",635500
11200,250,700,"sd","09:48:26",636200
11200,250,19400,"bu","09:48:26",655600
11200,250,100,"sd","09:48:28",655700
11200,250,200,"sd","09:48:29",655900
11200,250,1700,"bu","09:48:29",657600
11200,250,5000,"bu","09:48:30",662600
11200,250,2000,"sd","09:48:32",664600
11200,250,200,"sd","09:48:33",664800
11200,250,10100,"bu","09:48:33",674900
11200,250,1000,"sd","09:48:38",675900
11200,250,3000,"bu","09:48:39",678900
11200,250,1400,"sd","09:48:40",680300
11200,250,2800,"bu","09:48:43",683100
11200,250,1000,"bu","09:48:54",684100
11200,250,2000,"bu","09:49:04",686100
11250,300,4900,"bu","09:49:19",691000
11200,250,300,"bu","09:49:22",691300
11200,250,1000,"bu","09:50:03",692300
11200,250,100,"bu","09:50:06",692400
11200,250,13100,"bu","09:50:21",705500
11200,250,1100,"sd","09:50:41",706600
11200,250,300,"bu","09:50:46",706900
11200,250,12400,"bu","09:50:54",719300
11200,250,3000,"bu","09:51:00",722300
11250,300,5000,"bu","09:51:05",727300
11250,300,100,"bu","09:51:19",727400
11250,300,600,"sd","09:51:44",728000
11250,300,3000,"sd","09:51:51",731000
11250,300,100,"bu","09:52:00",731100
11250,300,6100,"sd","09:52:30",737200
11250,300,300,"sd","09:52:44",737500
11250,300,3000,"bu","09:52:49",740500
11250,300,200,"bu","09:52:51",740700
11250,300,3000,"sd","09:52:59",743700
11250,300,3000,"bu","09:53:03",746700
11200,250,100,"sd","09:53:04",746800
11200,250,1800,"bu","09:53:27",748600
11200,250,1000,"bu","09:54:03",749600
11250,300,1000,"bu","09:54:06",750600
11200,250,10000,"sd","09:54:07",760600
11200,250,5000,"sd","09:54:27",765600
11200,250,1000,"bu","09:54:40",766600
11200,250,500,"sd","09:54:41",767100
11200,250,1000,"bu","09:55:02",768100
11200,250,5000,"bu","09:55:21",773100
11200,250,5100,"sd","09:55:24",778200
11200,250,4500,"bu","09:55:24",782700
11200,250,200,"bu","09:55:42",782900
11200,250,500,"bu","09:56:15",783400
11200,250,2000,"bu","09:56:54",785400
11200,250,200,"bu","09:58:08",785600
11150,200,6700,"bu","09:58:12",792300
11150,200,8500,"bu","09:59:32",800800
11150,200,45000,"bu","09:59:35",845800
11150,200,5000,"bu","09:59:36",850800
11150,200,9100,"sd","09:59:40",859900
11100,150,12200,"sd","10:00:16",872100
11150,200,100,"bu","10:00:25",872200
11100,150,200,"bu","10:01:11",872400
11150,200,1800,"bu","10:01:42",874200
11150,200,500,"bu","10:01:44",874700
11150,200,1800,"bu","10:02:06",876500
11150,200,200,"sd","10:02:09",876700
11150,200,5000,"bu","10:02:26",881700
11100,150,1000,"sd","10:02:49",882700
11100,150,300,"sd","10:03:17",883000
11100,150,5300,"sd","10:04:04",888300
11150,200,900,"sd","10:04:07",889200
11150,200,5000,"sd","10:04:43",894200
11150,200,600,"sd","10:06:18",894800
11100,150,30000,"sd","10:07:33",924800
11150,200,700,"sd","10:07:34",925500
11150,200,7200,"bu","10:07:34",932700
11150,200,1500,"bu","10:07:35",934200
11100,150,700,"sd","10:08:13",934900
11100,150,13000,"bu","10:08:17",947900
11100,150,10400,"bu","10:08:26",958300
11100,150,200,"sd","10:08:41",958500
11100,150,800,"sd","10:09:11",959300
11050,100,5000,"bu","10:09:12",964300
11100,150,5500,"sd","10:09:32",969800
11100,150,3400,"bu","10:09:33",973200
11100,150,5000,"sd","10:09:43",978200
11050,100,5000,"bu","10:09:57",983200
11100,150,2000,"sd","10:10:04",985200
11100,150,900,"sd","10:10:09",986100
11100,150,200,"bu","10:10:12",986300
11050,100,5200,"sd","10:10:40",991500
11100,150,300,"bu","10:10:48",991800
11150,200,21200,"bu","10:11:01",1013000
11150,200,100,"sd","10:11:09",1013100
11150,200,1400,"sd","10:11:18",1014500
11100,150,3000,"bu","10:11:55",1017500
11100,150,1000,"sd","10:12:26",1018500
11100,150,4000,"sd","10:13:00",1022500
11100,150,3400,"sd","10:13:15",1025900
11100,150,1600,"bu","10:13:22",1027500
11100,150,1000,"bu","10:13:35",1028500
11100,150,6700,"bu","10:13:35",1035200
11100,150,100,"sd","10:13:54",1035300
11100,150,800,"bu","10:14:24",1036100
11050,100,15000,"bu","10:14:31",1051100
11100,150,1000,"sd","10:14:56",1052100
11050,100,3000,"sd","10:15:13",1055100
11050,100,100,"sd","10:16:27",1055200
11050,100,3200,"sd","10:17:33",1058400
11100,150,200,"sd","10:17:42",1058600
11100,150,100,"sd","10:18:11",1058700
11100,150,1200,"sd","10:18:24",1059900
11050,100,200,"bu","10:18:32",1060100
11100,150,8200,"sd","10:20:00",1068300
11050,100,3400,"sd","10:20:06",1071700
11050,100,3000,"sd","10:21:08",1074700
11050,100,27300,"sd","10:21:46",1102000
11050,100,500,"bu","10:21:51",1102500
11050,100,10000,"bu","10:21:53",1112500
11050,100,10000,"bu","10:22:11",1122500
11050,100,10000,"bu","10:22:28",1132500
11050,100,200,"sd","10:23:29",1132700
11050,100,100,"bu","10:24:21",1132800
11100,150,400,"bu","10:27:53",1133200
11100,150,300,"sd","10:27:58",1133500
11100,150,5000,"sd","10:28:01",1138500
11100,150,2000,"sd","10:28:04",1140500
11100,150,1000,"bu","10:28:36",1141500
11100,150,200,"sd","10:28:48",1141700
11100,150,500,"sd","10:28:57",1142200
11100,150,2800,"sd","10:29:00",1145000
11100,150,1000,"bu","10:29:22",1146000
11100,150,6000,"bu","10:30:13",1152000
11100,150,500,"bu","10:30:21",1152500
11100,150,2000,"bu","10:30:29",1154500
11100,150,3000,"bu","10:30:32",1157500
11050,100,500,"bu","10:30:42",1158000
11100,150,8000,"sd","10:31:11",1166000
11100,150,5000,"bu","10:31:26",1171000
11050,100,10000,"bu","10:31:53",1181000
11100,150,1800,"bu","10:31:55",1182800
11100,150,3300,"sd","10:32:19",1186100
11100,150,1900,"sd","10:33:15",1188000
11100,150,3100,"bu","10:33:46",1191100
11100,150,100,"bu","10:34:16",1191200
11100,150,400,"sd","10:34:44",1191600
11100,150,100,"sd","10:37:43",1191700
11150,200,1000,"bu","10:39:24",1192700
11100,150,200,"sd","10:39:38",1192900
11150,200,1600,"sd","10:40:06",1194500
11150,200,5300,"bu","10:41:24",1199800
11150,200,1000,"sd","10:42:58",1200800
11100,150,700,"sd","10:44:42",1201500
11100,150,10000,"bu","10:46:41",1211500
11100,150,3000,"sd","10:47:27",1214500
11100,150,14700,"sd","10:49:13",1229200
11050,100,5000,"bu","10:49:58",1234200
11050,100,200,"bu","10:50:24",1234400
11050,100,61000,"sd","10:50:49",1295400
11050,100,200,"sd","10:52:47",1295600
11050,100,100,"sd","10:52:50",1295700
11050,100,1500,"sd","10:53:18",1297200
11050,100,500,"sd","10:53:49",1297700
11050,100,800,"bu","10:53:57",1298500
11050,100,100,"sd","10:54:02",1298600
11050,100,1100,"sd","10:55:25",1299700
11050,100,3000,"bu","10:56:02",1302700
11000,50,8000,"sd","10:56:55",1310700
11100,150,100,"sd","10:57:03",1310800
11100,150,3000,"sd","10:57:48",1313800
11100,150,30000,"sd","10:58:05",1343800
11100,150,100,"sd","10:58:27",1343900
11100,150,500,"sd","10:58:59",1344400
11100,150,100,"sd","10:59:13",1344500
11100,150,1100,"bu","11:00:14",1345600
11100,150,2100,"sd","11:01:35",1347700
11100,150,400,"bu","11:02:12",1348100
11100,150,11400,"bu","11:02:41",1359500
11100,150,1500,"sd","11:02:53",1361000
11100,150,2100,"sd","11:03:28",1363100
11150,200,100,"sd","11:03:44",1363200
11100,150,500,"bu","11:03:53",1363700
11100,150,2000,"bu","11:05:05",1365700
11100,150,6900,"bu","11:08:27",1372600
11050,100,100,"sd","11:11:35",1372700
11100,150,500,"sd","11:11:56",1373200
11050,100,2500,"sd","11:13:04",1375700
11100,150,1000,"bu","11:14:10",1376700
11050,100,73400,"bu","11:16:16",1450100
11050,100,100,"bu","11:16:49",1450200
11000,50,100100,"bu","11:21:45",1550300
11000,50,3000,"sd","11:21:53",1553300
11000,50,5500,"bu","11:22:28",1558800
11000,50,21000,"sd","11:22:29",1579800
11050,100,500,"sd","11:22:40",1580300
11000,50,100,"bu","11:22:41",1580400
11000,50,1000,"bu","11:23:28",1581400
11000,50,300,"sd","11:23:29",1581700
11050,100,3000,"sd","11:23:30",1584700
11000,50,12400,"bu","11:24:10",1597100
11000,50,11600,"bu","11:24:30",1608700
10950,0,2000,"sd","11:24:52",1610700
11000,50,100,"sd","11:29:37",1610800
11000,50,3400,"sd","13:00:21",1614200
11000,50,5000,"sd","13:00:38",1619200
11000,50,100,"sd","13:00:41",1619300
10950,0,1500,"bu","13:00:43",1620800
10950,0,8600,"sd","13:00:43",1629400
11000,50,1000,"sd","13:00:53",1630400
11000,50,200,"sd","13:00:55",1630600
10950,0,700,"sd","13:01:46",1631300
10950,0,100,"bu","13:01:48",1631400
11000,50,1100,"sd","13:03:35",1632500
11000,50,20000,"sd","13:03:59",1652500
11000,50,7800,"sd","13:04:04",1660300
11050,100,3100,"sd","13:07:05",1663400
11000,50,10000,"sd","13:07:11",1673400
11000,50,1000,"sd","13:07:27",1674400
11000,50,100,"sd","13:07:56",1674500
11000,50,1500,"bu","13:08:19",1676000
11000,50,500,"sd","13:08:24",1676500
11000,50,100,"bu","13:08:45",1676600
11000,50,600,"sd","13:08:46",1677200
11000,50,400,"bu","13:09:09",1677600
11050,100,2000,"bu","13:09:11",1679600
11000,50,100,"bu","13:09:13",1679700
11000,50,1000,"sd","13:09:16",1680700
11050,100,2000,"sd","13:09:24",1682700
11050,100,5400,"bu","13:09:48",1688100
11050,100,11100,"bu","13:10:23",1699200
11050,100,3600,"sd","13:10:28",1702800
11000,50,1000,"sd","13:10:35",1703800
11050,100,300,"bu","13:10:49",1704100
11000,50,29300,"bu","13:10:57",1733400
11000,50,18000,"sd","13:11:11",1751400
11000,50,100,"bu","13:11:13",1751500
11000,50,11100,"bu","13:11:38",1762600
11000,50,1300,"bu","13:11:41",1763900
11050,100,100,"sd","13:12:50",1764000
11050,100,1000,"sd","13:13:05",1765000
11050,100,300,"sd","13:13:31",1765300
11050,100,5300,"bu","13:13:35",1770600
11150,200,83000,"sd","13:14:33",1853600
11150,200,1000,"sd","13:15:02",1854600
11150,200,5000,"sd","13:15:19",1859600
11150,200,500,"sd","13:15:22",1860100
11200,250,100,"bu","13:15:32",1860200
11150,200,200,"bu","13:15:38",1860400
11150,200,1800,"sd","13:15:52",1862200
11150,200,300,"sd","13:15:54",1862500
11150,200,1000,"sd","13:16:00",1863500
11150,200,2000,"sd","13:16:22",1865500
11150,200,5700,"sd","13:16:25",1871200
11150,200,300,"bu","13:16:39",1871500
11150,200,10300,"bu","13:17:37",1881800
11150,200,300,"sd","13:17:45",1882100
11150,200,2000,"bu","13:18:02",1884100
11150,200,3000,"bu","13:18:07",1887100
11100,150,1300,"bu","13:18:53",1888400
11150,200,400,"sd","13:19:00",1888800
11150,200,500,"sd","13:19:24",1889300
11100,150,10100,"bu","13:21:33",1899400
11100,150,100,"bu","13:22:17",1899500
11150,200,600,"bu","13:22:46",1900100
11100,150,5000,"bu","13:22:54",1905100
11100,150,5000,"sd","13:23:22",1910100
11100,150,100,"bu","13:23:25",1910200
11100,150,1900,"sd","13:23:33",1912100
11100,150,1000,"bu","13:24:32",1913100
11100,150,1500,"bu","13:26:00",1914600
11100,150,1000,"sd","13:26:31",1915600
11100,150,2000,"sd","13:26:51",1917600
11100,150,10000,"bu","13:28:09",1927600
11100,150,26600,"sd","13:28:26",1954200
11100,150,1900,"sd","13:28:33",1956100
11100,150,2000,"sd","13:29:49",1958100
11050,100,500,"bu","13:30:11",1958600
11100,150,1700,"sd","13:30:18",1960300
11100,150,2000,"bu","13:30:20",1962300
11100,150,800,"sd","13:30:39",1963100
11100,150,2600,"bu","13:30:53",1965700
11100,150,400,"sd","13:30:54",1966100
11100,150,2500,"sd","13:31:54",1968600
11050,100,6000,"bu","13:37:22",1974600
11050,100,400,"sd","13:38:27",1975000
11050,100,4500,"sd","13:39:27",1979500
11050,100,900,"bu","13:40:46",1980400
11050,100,300,"sd","13:40:57",1980700
11100,150,400,"sd","13:45:11",1981100
11100,150,1000,"bu","13:46:16",1982100
11100,150,1000,"sd","13:47:55",1983100
11050,100,1100,"bu","13:49:15",1984200
11100,150,2900,"sd","13:50:07",1987100
11050,100,1000,"bu","13:51:25",1988100
11050,100,500,"bu","13:51:34",1988600
11050,100,1000,"bu","13:51:41",1989600
11050,100,200,"sd","13:51:47",1989800
11050,100,1200,"bu","13:51:52",1991000
11050,100,5000,"sd","13:52:18",1996000
11050,100,5100,"bu","13:52:25",2001100
11050,100,8000,"sd","13:52:29",2009100
11050,100,500,"sd","13:52:34",2009600
11100,150,100,"sd","13:52:46",2009700
11050,100,4000,"sd","13:53:26",2013700
11050,100,5000,"sd","13:53:28",2018700
11050,100,3100,"sd","13:53:32",2021800
11050,100,2100,"bu","13:53:32",2023900
11050,100,1000,"bu","13:53:50",2024900
11050,100,1100,"bu","13:54:32",2026000
11050,100,1000,"sd","13:54:45",2027000
11050,100,10000,"bu","13:54:51",2037000
11050,100,14000,"sd","13:54:55",2051000
11100,150,2000,"sd","13:54:56",2053000
11100,150,2000,"sd","13:54:58",2055000
11100,150,5400,"bu","13:55:19",2060400
11050,100,100,"sd","13:55:32",2060500
11100,150,1000,"sd","13:55:39",2061500
11100,150,10000,"bu","13:55:44",2071500
11100,150,1000,"sd","13:55:55",2072500
11150,200,27900,"sd","13:56:33",2100400
11150,200,100,"sd","13:56:56",2100500
11150,200,5000,"bu","13:57:47",2105500
11100,150,200,"sd","13:58:17",2105700
11100,150,2000,"bu","13:58:36",2107700
11100,150,1000,"bu","14:00:23",2108700
11100,150,2400,"bu","14:00:25",2111100
11100,150,1500,"bu","14:00:31",2112600
11100,150,5000,"sd","14:01:12",2117600
11100,150,2000,"sd","14:02:13",2119600
11100,150,1500,"sd","14:02:24",2121100
11100,150,500,"sd","14:02:26",2121600
11100,150,5000,"bu","14:02:29",2126600
11100,150,1000,"sd","14:02:53",2127600
11100,150,1400,"sd","14:03:23",2129000
11150,200,100,"bu","14:03:25",2129100
11100,150,1000,"bu","14:03:26",2130100
11100,150,5000,"bu","14:03:29",2135100
11150,200,2000,"bu","14:03:37",2137100
11100,150,1000,"bu","14:03:52",2138100
11150,200,23500,"bu","14:04:44",2161600
11150,200,50000,"sd","14:04:50",2211600
11150,200,3300,"bu","14:04:55",2214900
11200,250,1800,"bu","14:05:30",2216700
11200,250,600,"bu","14:05:43",2217300
11200,250,8500,"bu","14:05:45",2225800
11200,250,100,"bu","14:05:46",2225900
11200,250,17000,"bu","14:05:51",2242900
11200,250,3000,"sd","14:05:53",2245900
11200,250,2800,"sd","14:05:56",2248700
11200,250,1800,"sd","14:06:02",2250500
11200,250,400,"bu","14:06:06",2250900
11200,250,6800,"bu","14:06:28",2257700
11200,250,8000,"bu","14:06:35",2265700
11200,250,21500,"bu","14:06:38",2287200
11200,250,30000,"bu","14:06:41",2317200
11200,250,36500,"sd","14:06:43",2353700
11250,300,3100,"sd","14:07:33",2356800
11200,250,1000,"bu","14:07:38",2357800
11250,300,5000,"bu","14:07:52",2362800
11250,300,3000,"bu","14:07:56",2365800
11250,300,1000,"bu","14:07:58",2366800
11250,300,2000,"bu","14:08:22",2368800
11250,300,2200,"bu","14:08:31",2371000
11250,300,800,"sd","14:08:53",2371800
11250,300,300,"bu","14:08:57",2372100
11200,250,100,"sd","14:09:08",2372200
11200,250,2000,"bu","14:10:00",2374200
11250,300,3000,"sd","14:10:21",2377200
11200,250,3000,"sd","14:10:40",2380200
11200,250,200,"bu","14:10:46",2380400
11250,300,1000,"sd","14:10:47",2381400
11250,300,300,"bu","14:11:21",2381700
11200,250,2000,"bu","14:11:46",2383700
11200,250,500,"sd","14:11:56",2384200
11200,250,2800,"bu","14:12:06",2387000
11200,250,100,"sd","14:12:32",2387100
11200,250,500,"bu","14:12:37",2387600
11200,250,10000,"sd","14:12:44",2397600
11200,250,1800,"sd","14:12:52",2399400
11200,250,2000,"sd","14:13:19",2401400
11200,250,100,"sd","14:13:21",2401500
11200,250,2000,"sd","14:13:23",2403500
11200,250,500,"sd","14:13:31",2404000
11200,250,100,"bu","14:13:38",2404100
11200,250,500,"bu","14:13:41",2404600
11250,300,1000,"bu","14:13:41",2405600
11250,300,2000,"sd","14:14:05",2407600
11250,300,500,"bu","14:14:12",2408100
11200,250,20000,"sd","14:14:32",2428100
11200,250,6000,"bu","14:14:38",2434100
11250,300,1000,"bu","14:14:42",2435100
11250,300,1500,"sd","14:14:43",2436600
11200,250,200,"sd","14:14:46",2436800
11200,250,400,"bu","14:14:54",2437200
11200,250,100,"bu","14:15:12",2437300
11200,250,1000,"bu","14:15:34",2438300
11250,300,800,"bu","14:16:49",2439100
11250,300,200,"bu","14:17:34",2439300
11200,250,10900,"bu","14:17:43",2450200
11250,300,500,"sd","14:17:44",2450700
11200,250,40000,"bu","14:17:57",2490700
11200,250,18600,"bu","14:18:15",2509300
11200,250,2000,"bu","14:18:19",2511300
11200,250,4000,"bu","14:18:24",2515300
11200,250,1500,"bu","14:18:41",2516800
11200,250,1500,"bu","14:18:59",2518300
11200,250,6400,"sd","14:19:00",2524700
11200,250,16700,"bu","14:19:03",2541400
11200,250,20000,"sd","14:19:37",2561400
11200,250,10000,"bu","14:19:46",2571400
11200,250,1000,"sd","14:19:53",2572400
11200,250,1100,"sd","14:19:59",2573500
11200,250,32000,"bu","14:20:05",2605500
11200,250,1000,"bu","14:20:25",2606500
11200,250,500,"bu","14:20:30",2607000
11200,250,1500,"bu","14:20:33",2608500
11200,250,1000,"sd","14:20:37",2609500
11200,250,7500,"sd","14:20:42",2617000
11200,250,5000,"bu","14:20:48",2622000
11200,250,900,"sd","14:20:50",2622900
11200,250,100,"sd","14:20:56",2623000
11200,250,7000,"bu","14:20:58",2630000
11250,300,3000,"sd","14:21:01",2633000
11250,300,200,"bu","14:21:25",2633200
11200,250,300,"bu","14:22:40",2633500
11250,300,200,"bu","14:22:41",2633700
11250,300,22000,"bu","14:22:47",2655700
11200,250,10000,"bu","14:23:01",2665700
11250,300,1600,"bu","14:23:13",2667300
11200,250,8000,"bu","14:23:14",2675300
11200,250,100,"bu","14:23:18",2675400
11200,250,20000,"bu","14:23:42",2695400
11250,300,100,"bu","14:23:42",2695500
11200,250,2000,"bu","14:23:43",2697500
11250,300,500,"sd","14:24:17",2698000
11250,300,300,"bu","14:24:22",2698300
11200,250,3600,"sd","14:24:43",2701900
11200,250,400,"bu","14:24:54",2702300
11250,300,500,"sd","14:25:15",2702800
11200,250,400,"sd","14:25:18",2703200
11200,250,900,"sd","14:25:31",2704100
11200,250,2000,"sd","14:25:34",2706100
11250,300,400,"bu","14:25:35",2706500
11200,250,100,"sd","14:25:36",2706600
11200,250,1000,"sd","14:26:02",2707600
11200,250,6800,"bu","14:26:18",2714400
11200,250,10500,"bu","14:26:41",2724900
11200,250,2900,"bu","14:26:46",2727800
11200,250,5000,"bu","14:26:49",2732800
11200,250,2000,"bu","14:27:01",2734800
11250,300,700,"sd","14:27:08",2735500
11200,250,100,"sd","14:27:10",2735600
11200,250,1100,"sd","14:27:45",2736700
11200,250,100,"bu","14:27:58",2736800
11200,250,5000,"sd","14:28:32",2741800
11200,250,1700,"sd","14:28:35",2743500
11200,250,10000,"bu","14:28:36",2753500
11200,250,6600,"bu","14:28:44",2760100
11200,250,200,"bu","14:29:02",2760300
11200,250,1000,"bu","14:29:18",2761300
11200,250,700,"bu","14:29:19",2762000
11200,250,2000,"bu","14:29:21",2764000
11200,250,100,"sd","14:29:22",2764100
11200,250,1000,"bu","14:29:29",2765100
11200,250,1100,"sd","14:29:36",2766200
11200,250,500,"sd","14:29:38",2766700
11200,250,300,"sd","14:29:44",2767000
11200,250,5000,"bu","14:29:45",2772000
11250,300,100,"bu","14:30:03",2772100
11250,300,175500,"bu","14:45:16",2947600
