"symbol","time","price","change","vol","total","side"
"CTD","14:45:00",65.7,1.3,38200,1285400,
"CTD","14:29:56",65.8,1.4,100,1247200,"S"
"CTD","14:29:53",65.8,1.4,200,1247100,"S"
"CTD","14:29:49",65.7,1.3,300,1246900,"B"
"CTD","14:29:44",65.8,1.4,200,1246600,"S"
"CTD","14:29:39",65.8,1.4,8700,1246400,"B"
"CTD","14:29:37",65.8,1.4,200,1237700,"B"
"CTD","14:29:26",65.8,1.4,500,1237500,"B"
"CTD","14:29:26",65.9,1.5,1600,1237000,"S"
"CTD","14:29:23",65.8,1.4,700,1235400,"B"
"CTD","14:29:22",65.8,1.4,1000,1234700,"B"
"CTD","14:29:18",65.8,1.4,100,1233700,"B"
"CTD","14:29:02",65.8,1.4,100,1233600,"B"
"CTD","14:29:00",65.9,1.5,100,1233500,"S"
"CTD","14:28:57",65.8,1.4,200,1233400,"B"
"CTD","14:28:48",65.9,1.5,1000,1233200,"S"
"CTD","14:28:47",65.8,1.4,1000,1232200,"B"
"CTD","14:28:28",65.8,1.4,100,1231200,"B"
"CTD","14:28:19",65.8,1.4,400,1231100,"B"
"CTD","14:28:19",65.9,1.5,100,1230700,"S"
"CTD","14:28:11",65.8,1.4,100,1230600,"B"
"CTD","14:28:05",65.8,1.4,500,1230500,"B"
"CTD","14:28:04",65.8,1.4,100,1230000,"B"
"CTD","14:28:00",65.9,1.5,1000,1229900,"S"
"CTD","14:27:58",65.8,1.4,1400,1228900,"B"
"CTD","14:27:57",65.8,1.4,200,1227500,"B"
"CTD","14:27:45",65.8,1.4,200,1227300,"B"
"CTD","14:27:37",65.8,1.4,100,1227100,"B"
"CTD","14:27:36",65.9,1.5,600,1227000,"S"
"CTD","14:27:09",65.9,1.5,100,1226400,"S"
"CTD","14:27:00",65.9,1.5,1000,1226300,"S"
"CTD","14:26:49",65.9,1.5,200,1225300,"S"
"CTD","14:26:43",65.9,1.5,2000,1225100,"S"
"CTD","14:26:43",65.8,1.4,200,1223100,"B"
"CTD","14:26:36",65.9,1.5,1000,1222900,"S"
"CTD","14:26:32",65.9,1.5,2000,1221900,"S"
"CTD","14:26:26",65.9,1.5,500,1219900,"B"
"CTD","14:26:16",65.9,1.5,2000,1219400,"B"
"CTD","14:26:08",66,1.6,900,1217400,"S"
"CTD","14:26:08",65.9,1.5,2100,1216500,"S"
"CTD","14:26:05",65.9,1.5,100,1214400,"S"
"CTD","14:25:58",65.9,1.5,2000,1214300,"S"
"CTD","14:25:57",65.9,1.5,3100,1212300,"S"
"CTD","14:25:43",65.9,1.5,900,1209200,"S"
"CTD","14:25:36",65.9,1.5,200,1208300,"S"
"CTD","14:25:29",65.9,1.5,200,1208100,"S"
"CTD","14:25:28",65.8,1.4,500,1207900,"B"
"CTD","14:25:24",65.9,1.5,100,1207400,"S"
"CTD","14:25:19",65.8,1.4,200,1207300,"B"
"CTD","14:25:16",65.8,1.4,300,1207100,"B"
"CTD","14:25:15",65.9,1.5,100,1206800,"S"
"CTD","14:25:01",65.8,1.4,5400,1206700,"S"
"CTD","14:24:58",65.7,1.3,4400,1201300,"B"
"CTD","14:24:48",65.7,1.3,100,1196900,"B"
"CTD","14:24:33",65.7,1.3,5300,1196800,"S"
"CTD","14:24:14",65.7,1.3,4700,1191500,"B"
"CTD","14:24:01",65.7,1.3,1000,1186800,"B"
"CTD","14:23:46",65.7,1.3,100,1185800,"B"
"CTD","14:23:41",65.7,1.3,500,1185700,"B"
"CTD","14:23:23",65.7,1.3,1000,1185200,"B"
"CTD","14:23:18",65.7,1.3,200,1184200,"B"
"CTD","14:23:07",65.7,1.3,500,1184000,"B"
"CTD","14:23:04",65.7,1.3,800,1183500,"S"
"CTD","14:23:01",65.7,1.3,2300,1182700,"S"
"CTD","14:22:55",65.7,1.3,100,1180400,"S"
"CTD","14:22:44",65.7,1.3,4000,1180300,"B"
"CTD","14:22:41",65.7,1.3,2000,1176300,"B"
"CTD","14:22:41",65.7,1.3,300,1174300,"B"
"CTD","14:22:18",65.7,1.3,3400,1174000,"S"
"CTD","14:22:16",65.7,1.3,200,1170600,"S"
"CTD","14:21:56",65.6,1.2,1800,1170400,"S"
"CTD","14:21:51",65.6,1.2,1100,1168600,"S"
"CTD","14:21:44",65.6,1.2,100,1167500,"B"
"CTD","14:21:42",65.6,1.2,3100,1167400,"S"
"CTD","14:21:39",65.6,1.2,1000,1164300,"S"
"CTD","14:21:35",65.6,1.2,100,1163300,"S"
"CTD","14:21:26",65.6,1.2,3000,1163200,"S"
"CTD","14:21:15",65.5,1.1,3800,1160200,"B"
"CTD","14:21:06",65.6,1.2,1000,1156400,"S"
"CTD","14:21:05",65.6,1.2,3000,1155400,"S"
"CTD","14:21:03",65.6,1.2,4000,1152400,"S"
"CTD","14:20:55",65.6,1.2,500,1148400,"S"
"CTD","14:20:47",65.6,1.2,1000,1147900,"S"
"CTD","14:20:27",65.5,1.1,3100,1146900,"S"
"CTD","14:20:24",65.4,1,1500,1143800,"B"
"CTD","14:20:23",65.5,1.1,5000,1142300,"S"
"CTD","14:20:21",65.5,1.1,100,1137300,"S"
"CTD","14:20:17",65.5,1.1,1000,1137200,"S"
"CTD","14:20:16",65.5,1.1,100,1136200,"S"
"CTD","14:19:43",65.4,1,200,1136100,"B"
"CTD","14:19:16",65.4,1,9800,1135900,"S"
"CTD","14:18:47",65.3,0.9,2100,1126100,"B"
"CTD","14:18:41",65.4,1,100,1124000,"S"
"CTD","14:18:35",65.4,1,500,1123900,"S"
"CTD","14:18:05",65.4,1,600,1123400,"B"
"CTD","14:18:01",65.4,1,100,1122800,"B"
"CTD","14:17:45",65.4,1,300,1122700,"S"
"CTD","14:17:38",65.4,1,200,1122400,"S"
"CTD","14:17:26",65.4,1,200,1122200,"S"
"CTD","14:17:12",65.4,1,500,1122000,"S"
"CTD","14:16:24",65.4,1,100,1121500,"S"
"CTD","14:16:06",65.3,0.9,6100,1121400,"S"
"CTD","14:15:36",65.3,0.9,100,1115300,"S"
"CTD","14:14:56",65.3,0.9,4400,1115200,"B"
"CTD","14:14:51",65.4,1,900,1110800,"S"
"CTD","14:14:36",65.3,0.9,1300,1109900,"B"
"CTD","14:14:15",65.3,0.9,1200,1108600,"B"
"CTD","14:13:41",65.4,1,100,1107400,"S"
"CTD","14:13:03",65.4,1,9600,1107300,"B"
"CTD","14:12:59",65.4,1,900,1097700,"B"
"CTD","14:12:44",65.4,1,1000,1096800,"B"
"CTD","14:12:25",65.4,1,1500,1095800,"B"
"CTD","14:11:43",65.5,1.1,200,1094300,"S"
"CTD","14:11:20",65.5,1.1,100,1094100,"S"
"CTD","14:10:59",65.5,1.1,200,1094000,"S"
"CTD","14:10:58",65.5,1.1,300,1093800,"S"
"CTD","14:10:20",65.4,1,1000,1093500,"B"
"CTD","14:09:51",65.4,1,1100,1092500,"B"
"CTD","14:09:36",65.4,1,100,1091400,"B"
"CTD","14:09:31",65.4,1,10000,1091300,"B"
"CTD","14:09:17",65.4,1,200,1081300,"B"
"CTD","14:09:14",65.4,1,100,1081100,"B"
"CTD","14:09:10",65.4,1,6000,1081000,"B"
"CTD","14:08:33",65.4,1,1500,1075000,"B"
"CTD","14:08:30",65.4,1,200,1073500,"B"
"CTD","14:07:47",65.5,1.1,1300,1073300,"B"
"CTD","14:07:46",65.5,1.1,3100,1072000,"B"
"CTD","14:07:43",65.5,1.1,2000,1068900,"B"
"CTD","14:07:35",65.5,1.1,500,1066900,"B"
"CTD","14:07:04",65.5,1.1,1500,1066400,"B"
"CTD","14:06:10",65.5,1.1,1000,1064900,"B"
"CTD","14:06:03",65.5,1.1,100,1063900,"B"
"CTD","14:05:29",65.5,1.1,100,1063800,"B"
"CTD","14:04:52",65.6,1.2,100,1063700,"S"
"CTD","14:04:36",65.5,1.1,200,1063600,"B"
"CTD","14:04:31",65.5,1.1,100,1063400,"B"
"CTD","14:04:21",65.5,1.1,500,1063300,"B"
"CTD","14:04:09",65.5,1.1,500,1062800,"B"
"CTD","14:03:17",65.5,1.1,1000,1062300,"B"
"CTD","14:03:15",65.5,1.1,2900,1061300,"S"
"CTD","14:03:11",65.5,1.1,200,1058400,"S"
"CTD","14:03:09",65.5,1.1,3000,1058200,"S"
"CTD","14:03:03",65.5,1.1,200,1055200,"S"
"CTD","14:02:40",65.5,1.1,500,1055000,"S"
"CTD","14:02:35",65.5,1.1,100,1054500,"S"
"CTD","14:02:24",65.5,1.1,1000,1054400,"S"
"CTD","14:01:12",65.5,1.1,3000,1053400,"S"
"CTD","14:01:02",65.5,1.1,500,1050400,"S"
"CTD","14:00:36",65.5,1.1,9000,1049900,"S"
"CTD","13:59:48",65.5,1.1,200,1040900,"S"
"CTD","13:59:42",65.5,1.1,200,1040700,"S"
"CTD","13:59:12",65.5,1.1,7000,1040500,"B"
"CTD","13:58:58",65.6,1.2,500,1033500,"B"
"CTD","13:58:53",65.6,1.2,200,1033000,"B"
"CTD","13:58:49",65.7,1.3,100,1032800,"S"
"CTD","13:58:44",65.6,1.2,100,1032700,"B"
"CTD","13:58:41",65.6,1.2,2500,1032600,"B"
"CTD","13:58:37",65.7,1.3,200,1030100,"S"
"CTD","13:58:35",65.7,1.3,100,1029900,"S"
"CTD","13:58:31",65.7,1.3,200,1029800,"S"
"CTD","13:58:28",65.7,1.3,1800,1029600,"B"
"CTD","13:58:20",65.8,1.4,500,1027800,"S"
"CTD","13:58:19",65.7,1.3,600,1027300,"B"
"CTD","13:58:04",65.7,1.3,400,1026700,"B"
"CTD","13:57:52",65.7,1.3,100,1026300,"B"
"CTD","13:57:51",65.7,1.3,100,1026200,"B"
"CTD","13:57:45",65.7,1.3,100,1026100,"B"
"CTD","13:57:39",65.8,1.4,500,1026000,"S"
"CTD","13:57:33",65.7,1.3,200,1025500,"B"
"CTD","13:57:26",65.7,1.3,1100,1025300,"B"
"CTD","13:56:53",65.7,1.3,1200,1024200,"S"
"CTD","13:56:41",65.7,1.3,100,1023000,"S"
"CTD","13:56:28",65.7,1.3,1000,1022900,"S"
"CTD","13:56:23",65.7,1.3,500,1021900,"S"
"CTD","13:56:17",65.7,1.3,100,1021400,"S"
"CTD","13:56:15",65.7,1.3,1000,1021300,"S"
"CTD","13:56:13",65.7,1.3,300,1020300,"S"
"CTD","13:55:55",65.7,1.3,200,1020000,"S"
"CTD","13:55:49",65.7,1.3,600,1019800,"S"
"CTD","13:55:28",65.7,1.3,1000,1019200,"S"
"CTD","13:55:15",65.6,1.2,100,1018200,"S"
"CTD","13:54:54",65.7,1.3,100,1018100,"S"
"CTD","13:54:52",65.5,1.1,1500,1018000,"B"
"CTD","13:54:47",65.5,1.1,1600,1016500,"B"
"CTD","13:54:47",65.6,1.2,1400,1014900,"B"
"CTD","13:54:46",65.6,1.2,8600,1013500,"S"
"CTD","13:54:40",65.5,1.1,600,1004900,"B"
"CTD","13:54:11",65.4,1,4100,1004300,"B"
"CTD","13:54:08",65.5,1.1,100,1000200,"S"
"CTD","13:53:49",65.6,1.2,2900,1000100,"S"
"CTD","13:53:49",65.5,1.1,100,997200,"S"
"CTD","13:53:34",65.5,1.1,4000,997100,"S"
"CTD","13:53:31",65.5,1.1,100,993100,"S"
"CTD","13:53:30",65.5,1.1,500,993000,"S"
"CTD","13:53:27",65.5,1.1,400,992500,"S"
"CTD","13:53:12",65.5,1.1,900,992100,"S"
"CTD","13:52:53",65.5,1.1,500,991200,"S"
"CTD","13:52:48",65.5,1.1,400,990700,"S"
"CTD","13:52:45",65.4,1,300,990300,"B"
"CTD","13:52:32",65.5,1.1,2100,990000,"S"
"CTD","13:52:29",65.5,1.1,1200,987900,"S"
"CTD","13:52:25",65.5,1.1,5000,986700,"S"
"CTD","13:51:56",65.4,1,100,981700,"B"
"CTD","13:51:33",65.4,1,1500,981600,"B"
"CTD","13:51:02",65.5,1.1,3000,980100,"S"
"CTD","13:50:59",65.4,1,1000,977100,"B"
"CTD","13:50:42",65.4,1,700,976100,"B"
"CTD","13:50:33",65.4,1,1000,975400,"B"
"CTD","13:50:32",65.4,1,2000,974400,"B"
"CTD","13:50:14",65.4,1,100,972400,"B"
"CTD","13:49:37",65.4,1,300,972300,"B"
"CTD","13:49:30",65.4,1,200,972000,"B"
"CTD","13:48:49",65.4,1,600,971800,"B"
"CTD","13:48:26",65.4,1,900,971200,"B"
"CTD","13:48:20",65.4,1,1500,970300,"B"
"CTD","13:48:15",65.4,1,1500,968800,"B"
"CTD","13:47:28",65.4,1,300,967300,"B"
"CTD","13:45:51",65.4,1,1900,967000,"B"
"CTD","13:45:47",65.4,1,300,965100,"B"
"CTD","13:45:40",65.4,1,5000,964800,"B"
"CTD","13:45:39",65.5,1.1,100,959800,"S"
"CTD","13:45:26",65.4,1,1400,959700,"B"
"CTD","13:45:22",65.4,1,300,958300,"B"
"CTD","13:45:13",65.4,1,100,958000,"B"
"CTD","13:44:47",65.4,1,3000,957900,"B"
"CTD","13:44:34",65.4,1,2000,954900,"B"
"CTD","13:44:30",65.4,1,2000,952900,"B"
"CTD","13:44:25",65.4,1,1400,950900,"S"
"CTD","13:44:16",65.4,1,100,949500,"S"
"CTD","13:44:07",65.4,1,800,949400,"B"
"CTD","13:44:06",65.4,1,1000,948600,"B"
"CTD","13:44:04",65.4,1,300,947600,"B"
"CTD","13:43:30",65.4,1,500,947300,"B"
"CTD","13:43:05",65.5,1.1,500,946800,"S"
"CTD","13:42:58",65.4,1,200,946300,"S"
"CTD","13:42:58",65.4,1,2500,946100,"S"
"CTD","13:42:45",65.4,1,500,943600,"B"
"CTD","13:42:43",65.4,1,400,943100,"B"
"CTD","13:42:41",65.4,1,2400,942700,"B"
"CTD","13:42:38",65.4,1,3000,940300,"B"
"CTD","13:42:32",65.4,1,400,937300,"B"
"CTD","13:42:28",65.4,1,2000,936900,"B"
"CTD","13:42:10",65.4,1,100,934900,"B"
"CTD","13:41:42",65.5,1.1,400,934800,"S"
"CTD","13:41:41",65.4,1,200,934400,"B"
"CTD","13:40:50",65.5,1.1,100,934200,"S"
"CTD","13:40:45",65.5,1.1,2500,934100,"B"
"CTD","13:40:29",65.5,1.1,2900,931600,"B"
"CTD","13:40:29",65.6,1.2,1200,928700,"S"
"CTD","13:40:22",65.5,1.1,1000,927500,"B"
"CTD","13:40:22",65.5,1.1,200,926500,"B"
"CTD","13:40:11",65.5,1.1,1000,926300,"B"
"CTD","13:40:02",65.5,1.1,3000,925300,"B"
"CTD","13:39:49",65.5,1.1,300,922300,"B"
"CTD","13:39:47",65.6,1.2,9100,922000,"S"
"CTD","13:39:26",65.5,1.1,100,912900,"B"
"CTD","13:39:18",65.5,1.1,100,912800,"B"
"CTD","13:39:15",65.5,1.1,1000,912700,"B"
"CTD","13:39:07",65.5,1.1,1000,911700,"B"
"CTD","13:39:04",65.5,1.1,300,910700,"B"
"CTD","13:38:45",65.5,1.1,4600,910400,"S"
"CTD","13:38:44",65.5,1.1,1000,905800,"S"
"CTD","13:37:12",65.4,1,1000,904800,"B"
"CTD","13:37:08",65.4,1,1000,903800,"B"
"CTD","13:36:57",65.4,1,1000,902800,"B"
"CTD","13:36:18",65.5,1.1,100,901800,"S"
"CTD","13:36:08",65.5,1.1,100,901700,"S"
"CTD","13:35:57",65.5,1.1,2000,901600,"S"
"CTD","13:35:24",65.4,1,1000,899600,"B"
"CTD","13:34:57",65.4,1,100,898600,"B"
"CTD","13:34:57",65.5,1.1,1000,898500,"S"
"CTD","13:33:47",65.5,1.1,500,897500,"S"
"CTD","13:33:31",65.5,1.1,1400,897000,"S"
"CTD","13:33:20",65.5,1.1,500,895600,"S"
"CTD","13:31:25",65.6,1.2,300,895100,"S"
"CTD","13:31:25",65.5,1.1,2000,894800,"S"
"CTD","13:31:22",65.4,1,900,892800,"B"
"CTD","13:31:20",65.4,1,1700,891900,"B"
"CTD","13:30:43",65.4,1,5000,890200,"B"
"CTD","13:30:41",65.4,1,300,885200,"B"
"CTD","13:29:49",65.4,1,100,884900,"B"
"CTD","13:29:49",65.5,1.1,400,884800,"B"
"CTD","13:29:22",65.5,1.1,200,884400,"B"
"CTD","13:29:20",65.5,1.1,100,884200,"B"
"CTD","13:29:16",65.5,1.1,100,884100,"B"
"CTD","13:29:03",65.5,1.1,600,884000,"S"
"CTD","13:28:56",65.4,1,500,883400,"B"
"CTD","13:28:49",65.4,1,900,882900,"B"
"CTD","13:28:42",65.4,1,200,882000,"B"
"CTD","13:28:31",65.5,1.1,100,881800,"S"
"CTD","13:28:31",65.5,1.1,4800,881700,"B"
"CTD","13:28:21",65.6,1.2,200,876900,"S"
"CTD","13:27:59",65.6,1.2,2000,876700,"S"
"CTD","13:27:53",65.5,1.1,100,874700,"B"
"CTD","13:27:39",65.6,1.2,1800,874600,"S"
"CTD","13:27:30",65.5,1.1,500,872800,"S"
"CTD","13:27:27",65.5,1.1,100,872300,"S"
"CTD","13:27:08",65.5,1.1,2300,872200,"S"
"CTD","13:27:03",65.5,1.1,1300,869900,"S"
"CTD","13:26:46",65.5,1.1,300,868600,"S"
"CTD","13:26:43",65.5,1.1,4100,868300,"S"
"CTD","13:26:20",65.5,1.1,200,864200,"S"
"CTD","13:26:17",65.5,1.1,200,864000,"S"
"CTD","13:26:13",65.5,1.1,1900,863800,"S"
"CTD","13:26:04",65.5,1.1,2000,861900,"S"
"CTD","13:25:41",65.4,1,1000,859900,"B"
"CTD","13:25:24",65.4,1,100,858900,"S"
"CTD","13:25:20",65.4,1,300,858800,"S"
"CTD","13:25:06",65.4,1,1000,858500,"S"
"CTD","13:24:17",65.3,0.9,400,857500,"B"
"CTD","13:23:52",65.3,0.9,300,857100,"B"
"CTD","13:23:51",65.4,1,100,856800,"S"
"CTD","13:23:33",65.3,0.9,700,856700,"S"
"CTD","13:23:25",65.3,0.9,400,856000,"S"
"CTD","13:23:21",65.3,0.9,3900,855600,"B"
"CTD","13:22:50",65.5,1.1,1000,851700,"S"
"CTD","13:22:39",65.4,1,100,850700,"S"
"CTD","13:22:29",65.4,1,2000,850600,"S"
"CTD","13:22:19",65.4,1,600,848600,"S"
"CTD","13:21:35",65.4,1,100,848000,"S"
"CTD","13:21:30",65.4,1,100,847900,"S"
"CTD","13:21:21",65.4,1,100,847800,"S"
"CTD","13:21:03",65.4,1,200,847700,"S"
"CTD","13:20:58",65.4,1,1000,847500,"S"
"CTD","13:20:55",65.4,1,100,846500,"S"
"CTD","13:20:40",65.4,1,1800,846400,"B"
"CTD","13:20:19",65.4,1,2000,844600,"B"
"CTD","13:20:07",65.4,1,200,842600,"B"
"CTD","13:20:05",65.5,1.1,200,842400,"S"
"CTD","13:20:00",65.5,1.1,100,842200,"S"
"CTD","13:19:42",65.5,1.1,100,842100,"S"
"CTD","13:19:32",65.5,1.1,500,842000,"S"
"CTD","13:18:51",65.5,1.1,17000,841500,"B"
"CTD","13:18:47",65.6,1.2,500,824500,"S"
"CTD","13:18:32",65.6,1.2,1000,824000,"S"
"CTD","13:18:23",65.6,1.2,3200,823000,"B"
"CTD","13:18:11",65.6,1.2,100,819800,"B"
"CTD","13:17:44",65.6,1.2,100,819700,"B"
"CTD","13:17:34",65.5,1.1,2700,819600,"B"
"CTD","13:17:34",65.6,1.2,3300,816900,"B"
"CTD","13:17:25",65.6,1.2,1700,813600,"S"
"CTD","13:17:10",65.6,1.2,300,811900,"B"
"CTD","13:16:51",65.6,1.2,500,811600,"B"
"CTD","13:16:47",65.6,1.2,100,811100,"B"
"CTD","13:16:36",65.6,1.2,500,811000,"S"
"CTD","13:16:30",65.6,1.2,1500,810500,"B"
"CTD","13:16:25",65.6,1.2,500,809000,"B"
"CTD","13:15:33",65.7,1.3,500,808500,"S"
"CTD","13:15:22",65.7,1.3,200,808000,"S"
"CTD","13:15:05",65.7,1.3,200,807800,"S"
"CTD","13:15:04",65.7,1.3,500,807600,"S"
"CTD","13:14:48",65.7,1.3,100,807100,"S"
"CTD","13:14:26",65.7,1.3,3000,807000,"S"
"CTD","13:14:17",65.6,1.2,100,804000,"B"
"CTD","13:14:12",65.7,1.3,5000,803900,"S"
"CTD","13:14:00",65.6,1.2,2500,798900,"S"
"CTD","13:13:20",65.6,1.2,600,796400,"S"
"CTD","13:13:01",65.6,1.2,1000,795800,"S"
"CTD","13:12:57",65.6,1.2,300,794800,"S"
"CTD","13:12:52",65.6,1.2,100,794500,"S"
"CTD","13:12:27",65.6,1.2,500,794400,"S"
"CTD","13:12:26",65.5,1.1,1000,793900,"B"
"CTD","13:12:22",65.6,1.2,1000,792900,"S"
"CTD","13:11:48",65.6,1.2,100,791900,"S"
"CTD","13:11:34",65.5,1.1,1000,791800,"B"
"CTD","13:11:33",65.5,1.1,400,790800,"S"
"CTD","13:11:20",65.5,1.1,100,790400,"B"
"CTD","13:11:12",65.5,1.1,900,790300,"S"
"CTD","13:11:08",65.5,1.1,100,789400,"S"
"CTD","13:10:47",65.5,1.1,500,789300,"S"
"CTD","13:10:46",65.5,1.1,100,788800,"S"
"CTD","13:10:44",65.5,1.1,100,788700,"S"
"CTD","13:10:24",65.5,1.1,500,788600,"S"
"CTD","13:10:21",65.5,1.1,100,788100,"S"
"CTD","13:10:16",65.5,1.1,1400,788000,"S"
"CTD","13:10:08",65.5,1.1,1800,786600,"B"
"CTD","13:09:43",65.6,1.2,1000,784800,"S"
"CTD","13:08:50",65.5,1.1,300,783800,"S"
"CTD","13:08:49",65.5,1.1,500,783500,"S"
"CTD","13:08:43",65.5,1.1,200,783000,"S"
"CTD","13:08:37",65.5,1.1,5000,782800,"S"
"CTD","13:08:25",65.5,1.1,100,777800,"S"
"CTD","13:06:49",65.4,1,300,777700,"B"
"CTD","13:06:47",65.4,1,100,777400,"B"
"CTD","13:06:46",65.5,1.1,1000,777300,"S"
"CTD","13:06:44",65.5,1.1,1300,776300,"S"
"CTD","13:06:43",65.5,1.1,2500,775000,"S"
"CTD","13:06:35",65.5,1.1,700,772500,"S"
"CTD","13:06:25",65.5,1.1,1100,771800,"S"
"CTD","13:06:14",65.5,1.1,1000,770700,"S"
"CTD","13:06:09",65.5,1.1,600,769700,"S"
"CTD","13:05:33",65.5,1.1,1000,769100,"S"
"CTD","13:05:22",65.5,1.1,100,768100,"S"
"CTD","13:05:19",65.4,1,1500,768000,"S"
"CTD","13:05:06",65.4,1,500,766500,"B"
"CTD","13:04:26",65.4,1,800,766000,"B"
"CTD","13:03:28",65.4,1,4000,765200,"S"
"CTD","13:03:24",65.3,0.9,500,761200,"S"
"CTD","13:03:19",65.3,0.9,3000,760700,"S"
"CTD","13:02:54",65.3,0.9,1700,757700,"B"
"CTD","13:02:43",65.3,0.9,300,756000,"B"
"CTD","13:01:53",65.3,0.9,500,755700,"S"
"CTD","13:01:48",65.2,0.8,1000,755200,"B"
"CTD","13:00:24",65.2,0.8,300,754200,"B"
"CTD","13:00:23",65.2,0.8,1200,753900,"B"
"CTD","13:00:15",65.2,0.8,100,752700,"B"
"CTD","13:00:03",65.2,0.8,100,752600,"B"
"CTD","13:00:02",65.2,0.8,21400,752500,"B"
"CTD","13:00:02",65.3,0.9,300,731100,"B"
"CTD","13:00:00",65.2,0.8,700,730800,"B"
"CTD","11:29:55",65.2,0.8,1000,730100,"B"
"CTD","11:29:03",65.2,0.8,400,729100,"B"
"CTD","11:28:42",65.2,0.8,500,728700,"B"
"CTD","11:28:23",65.2,0.8,300,728200,"B"
"CTD","11:28:05",65.2,0.8,100,727900,"B"
"CTD","11:27:46",65.2,0.8,100,727800,"B"
"CTD","11:26:12",65.2,0.8,1000,727700,"B"
"CTD","11:26:12",65.3,0.9,5600,726700,"B"
"CTD","11:24:40",65.4,1,100,721100,"S"
"CTD","11:24:02",65.4,1,100,721000,"S"
"CTD","11:23:23",65.4,1,100,720900,"S"
"CTD","11:22:51",65.4,1,500,720800,"S"
"CTD","11:22:43",65.4,1,100,720300,"S"
"CTD","11:22:41",65.4,1,5000,720200,"S"
"CTD","11:22:39",65.3,0.9,2000,715200,"B"
"CTD","11:22:35",65.4,1,2000,713200,"S"
"CTD","11:22:26",65.4,1,500,711200,"S"
"CTD","11:22:11",65.3,0.9,100,710700,"B"
"CTD","11:21:55",65.4,1,1000,710600,"B"
"CTD","11:21:32",65.5,1.1,200,709600,"S"
"CTD","11:21:05",65.5,1.1,1500,709400,"B"
"CTD","11:20:57",65.5,1.1,700,707900,"B"
"CTD","11:20:54",65.5,1.1,2800,707200,"S"
"CTD","11:20:40",65.3,0.9,14200,704400,"B"
"CTD","11:20:23",65.5,1.1,5000,684400,"S"
"CTD","11:20:06",65.4,1,100,679400,"B"
"CTD","11:19:43",65.4,1,3000,679300,"B"
"CTD","11:19:42",65.5,1.1,1000,676300,"S"
"CTD","11:19:29",65.4,1,200,675300,"B"
"CTD","11:19:20",65.5,1.1,1000,675100,"S"
"CTD","11:19:11",65.5,1.1,11000,674100,"B"
"CTD","11:18:16",65.5,1.1,15800,663100,"B"
"CTD","11:18:16",65.6,1.2,4100,647300,"B"
"CTD","11:18:16",65.7,1.3,100,643200,"B"
"CTD","11:18:05",65.6,1.2,100,643100,"B"
"CTD","11:18:03",65.8,1.4,100,643000,"S"
"CTD","11:18:03",65.7,1.3,4900,642900,"S"
"CTD","11:16:59",65.5,1.1,1500,638000,"B"
"CTD","11:16:57",65.7,1.3,300,636500,"S"
"CTD","11:16:46",65.5,1.1,4800,636200,"S"
"CTD","11:16:36",65.5,1.1,9500,631400,"B"
"CTD","11:16:36",65.6,1.2,5700,621900,"B"
"CTD","11:16:28",65.7,1.3,100,616200,"S"
"CTD","11:16:22",65.7,1.3,500,616100,"S"
"CTD","11:15:45",65.7,1.3,300,615600,"S"
"CTD","11:15:42",65.6,1.2,100,615300,"B"
"CTD","11:15:24",65.6,1.2,500,615200,"B"
"CTD","11:15:19",65.6,1.2,100,614700,"B"
"CTD","11:15:17",65.7,1.3,300,614600,"S"
"CTD","11:15:14",65.7,1.3,300,614300,"S"
"CTD","11:14:58",65.6,1.2,200,614000,"B"
"CTD","11:14:52",65.6,1.2,1500,613800,"S"
"CTD","11:14:42",65.6,1.2,100,612300,"S"
"CTD","11:13:51",65.6,1.2,3000,612200,"S"
"CTD","11:13:13",65.5,1.1,300,609200,"B"
"CTD","11:13:12",65.5,1.1,100,608900,"B"
"CTD","11:13:06",65.6,1.2,500,608800,"S"
"CTD","11:12:56",65.6,1.2,2900,608300,"B"
"CTD","11:12:54",65.6,1.2,1000,605400,"B"
"CTD","11:12:32",65.6,1.2,500,604400,"B"
"CTD","11:12:25",65.6,1.2,600,603900,"S"
"CTD","11:12:22",65.6,1.2,4400,603300,"B"
"CTD","11:12:22",65.6,1.2,600,598900,"S"
"CTD","11:12:20",65.6,1.2,2000,598300,"S"
"CTD","11:12:11",65.6,1.2,5000,596300,"S"
"CTD","11:11:57",65.6,1.2,1000,591300,"S"
"CTD","11:11:45",65.6,1.2,3400,590300,"B"
"CTD","11:11:25",65.6,1.2,1000,586900,"B"
"CTD","11:11:10",65.7,1.3,500,585900,"S"
"CTD","11:10:39",65.7,1.3,900,585400,"S"
"CTD","11:10:37",65.6,1.2,1000,584500,"B"
"CTD","11:10:34",65.7,1.3,1400,583500,"S"
"CTD","11:10:08",65.6,1.2,400,582100,"B"
"CTD","11:10:05",65.6,1.2,4600,581700,"S"
"CTD","11:10:02",65.6,1.2,100,577100,"S"
"CTD","11:08:42",65.6,1.2,1000,577000,"S"
"CTD","11:08:28",65.5,1.1,500,576000,"B"
"CTD","11:08:14",65.6,1.2,100,575500,"S"
"CTD","11:08:07",65.6,1.2,1700,575400,"S"
"CTD","11:08:00",65.6,1.2,500,573700,"S"
"CTD","11:07:31",65.5,1.1,100,573200,"B"
"CTD","11:07:31",65.5,1.1,100,573100,"B"
"CTD","11:07:30",65.5,1.1,500,573000,"B"
"CTD","11:06:50",65.5,1.1,11300,572500,"B"
"CTD","11:06:50",65.6,1.2,3700,561200,"B"
"CTD","11:06:47",65.6,1.2,500,557500,"B"
"CTD","11:06:44",65.6,1.2,1500,557000,"B"
"CTD","11:06:27",65.6,1.2,800,555500,"B"
"CTD","11:06:24",65.7,1.3,1300,554700,"S"
"CTD","11:06:24",65.7,1.3,100,553400,"S"
"CTD","11:06:04",65.7,1.3,1900,553300,"B"
"CTD","11:05:57",65.7,1.3,1000,551400,"B"
"CTD","11:05:45",65.7,1.3,2000,550400,"B"
"CTD","11:05:37",65.7,1.3,200,548400,"B"
"CTD","11:05:34",65.7,1.3,100,548200,"B"
"CTD","11:05:29",65.7,1.3,100,548100,"B"
"CTD","11:04:54",65.7,1.3,100,548000,"B"
"CTD","11:04:50",65.7,1.3,2500,547900,"B"
"CTD","11:04:45",65.7,1.3,1100,545400,"S"
"CTD","11:04:44",65.7,1.3,500,544300,"S"
"CTD","11:04:38",65.7,1.3,100,543800,"S"
"CTD","11:04:35",65.7,1.3,300,543700,"B"
"CTD","11:04:33",65.8,1.4,400,543400,"B"
"CTD","11:04:32",65.8,1.4,300,543000,"B"
"CTD","11:04:12",65.8,1.4,4500,542700,"S"
"CTD","11:04:07",65.7,1.3,700,538200,"B"
"CTD","11:03:57",65.7,1.3,100,537500,"B"
"CTD","11:03:56",65.7,1.3,3500,537400,"S"
"CTD","11:03:54",65.6,1.2,1500,533900,"B"
"CTD","11:03:19",65.7,1.3,100,532400,"B"
"CTD","11:03:13",65.7,1.3,3000,532300,"B"
"CTD","11:03:08",65.8,1.4,5600,529300,"S"
"CTD","11:03:08",65.7,1.3,1000,523700,"B"
"CTD","11:02:59",65.7,1.3,100,522700,"B"
"CTD","11:02:42",65.8,1.4,300,522600,"S"
"CTD","11:02:40",65.8,1.4,500,522300,"S"
"CTD","11:02:33",65.8,1.4,300,521800,"S"
"CTD","11:02:26",65.8,1.4,100,521500,"S"
"CTD","11:02:20",65.8,1.4,200,521400,"S"
"CTD","11:02:16",65.8,1.4,100,521200,"S"
"CTD","11:02:10",65.8,1.4,1200,521100,"S"
"CTD","11:02:06",65.9,1.5,1000,519900,"S"
"CTD","11:01:43",66,1.6,5600,518900,"S"
"CTD","11:01:42",65.9,1.5,6900,513300,"S"
"CTD","11:01:42",65.8,1.4,2500,506400,"S"
"CTD","11:01:36",65.7,1.3,5000,503900,"B"
"CTD","11:01:33",65.8,1.4,500,498900,"B"
"CTD","11:01:28",65.9,1.5,900,498400,"S"
"CTD","11:01:28",65.8,1.4,100,497500,"S"
"CTD","11:01:26",65.8,1.4,100,497400,"B"
"CTD","11:01:23",65.8,1.4,2000,497300,"B"
"CTD","11:01:18",65.9,1.5,100,495300,"S"
"CTD","11:01:10",65.9,1.5,100,495200,"S"
"CTD","11:01:07",65.8,1.4,500,495100,"B"
"CTD","11:01:05",65.9,1.5,500,494600,"S"
"CTD","11:01:05",65.9,1.5,300,494100,"S"
"CTD","11:00:57",66,1.6,400,493800,"S"
"CTD","11:00:54",66,1.6,200,493400,"S"
"CTD","11:00:53",66,1.6,1000,493200,"S"
"CTD","11:00:53",66,1.6,400,492200,"S"
"CTD","11:00:50",66,1.6,700,491800,"S"
"CTD","11:00:48",66,1.6,200,491100,"S"
"CTD","11:00:46",66,1.6,2100,490900,"S"
"CTD","11:00:45",66,1.6,900,488800,"S"
"CTD","11:00:38",66,1.6,400,487900,"S"
"CTD","11:00:37",66,1.6,100,487500,"S"
"CTD","11:00:32",66,1.6,400,487400,"S"
"CTD","11:00:29",66,1.6,1300,487000,"B"
"CTD","11:00:29",66.1,1.7,100,485700,"B"
"CTD","11:00:26",66.1,1.7,300,485600,"S"
"CTD","11:00:25",66,1.6,300,485300,"B"
"CTD","11:00:22",66,1.6,100,485000,"B"
"CTD","11:00:20",66,1.6,100,484900,"B"
"CTD","11:00:17",65.8,1.4,600,484800,"B"
"CTD","11:00:17",66,1.6,1400,484200,"B"
"CTD","11:00:15",66,1.6,3900,482800,"S"
"CTD","11:00:11",66,1.6,2000,478900,"S"
"CTD","11:00:07",66,1.6,11000,476900,"S"
"CTD","11:00:06",65.8,1.4,1000,465900,"B"
"CTD","11:00:03",66,1.6,26000,464900,"S"
"CTD","11:00:03",65.9,1.5,4000,438900,"S"
"CTD","10:59:58",65.8,1.4,500,434900,"S"
"CTD","10:59:58",65.7,1.3,300,434400,"B"
"CTD","10:59:58",66,1.6,1600,434100,"S"
"CTD","10:59:58",65.9,1.5,3400,432500,"S"
"CTD","10:59:58",65.8,1.4,5000,429100,"S"
"CTD","10:59:57",65.7,1.3,100,424100,"B"
"CTD","10:59:52",65.7,1.3,100,424000,"B"
"CTD","10:59:51",65.7,1.3,100,423900,"B"
"CTD","10:59:49",65.7,1.3,2400,423800,"S"
"CTD","10:59:48",65.7,1.3,700,421400,"S"
"CTD","10:59:47",65.7,1.3,1200,420700,"S"
"CTD","10:59:46",65.7,1.3,500,419500,"S"
"CTD","10:59:44",65.7,1.3,100,419000,"S"
"CTD","10:59:40",65.7,1.3,100,418900,"S"
"CTD","10:59:38",65.7,1.3,500,418800,"S"
"CTD","10:59:36",65.7,1.3,200,418300,"S"
"CTD","10:59:35",65.6,1.2,100,418100,"B"
"CTD","10:59:27",65.6,1.2,100,418000,"B"
"CTD","10:59:26",65.6,1.2,1100,417900,"S"
"CTD","10:59:25",65.6,1.2,2900,416800,"S"
"CTD","10:59:23",65.5,1.1,100,413900,"B"
"CTD","10:59:19",65.5,1.1,100,413800,"B"
"CTD","10:59:19",65.6,1.2,100,413700,"S"
"CTD","10:59:18",65.6,1.2,200,413600,"S"
"CTD","10:59:17",65.5,1.1,1000,413400,"B"
"CTD","10:59:08",65.5,1.1,900,412400,"B"
"CTD","10:59:04",65.5,1.1,100,411500,"S"
"CTD","10:59:03",65.5,1.1,400,411400,"S"
"CTD","10:58:52",65.5,1.1,200,411000,"B"
"CTD","10:58:47",65.5,1.1,100,410800,"B"
"CTD","10:58:45",65.5,1.1,500,410700,"B"
"CTD","10:58:44",65.5,1.1,600,410200,"B"
"CTD","10:58:33",65.5,1.1,100,409600,"B"
"CTD","10:58:25",65.5,1.1,27100,409500,"S"
"CTD","10:58:25",65.4,1,1500,382400,"S"
"CTD","10:58:11",65.4,1,2900,380900,"S"
"CTD","10:58:11",65.3,0.9,10800,378000,"S"
"CTD","10:58:11",65.2,0.8,1300,367200,"S"
"CTD","10:58:02",65.1,0.7,600,365900,"S"
"CTD","10:57:56",65.1,0.7,100,365300,"S"
"CTD","10:57:48",65.1,0.7,100,365200,"S"
"CTD","10:57:45",65.1,0.7,200,365100,"S"
"CTD","10:57:37",65.1,0.7,200,364900,"S"
"CTD","10:57:36",65,0.6,100,364700,"B"
"CTD","10:57:28",65,0.6,2700,364600,"S"
"CTD","10:57:27",65,0.6,23000,361900,"S"
"CTD","10:57:07",64.9,0.5,1300,338900,"S"
"CTD","10:57:03",64.8,0.4,700,337600,"B"
"CTD","10:56:53",64.9,0.5,2000,336900,"S"
"CTD","10:56:50",64.9,0.5,2000,334900,"S"
"CTD","10:56:45",64.9,0.5,1000,332900,"S"
"CTD","10:56:42",64.9,0.5,1000,331900,"S"
"CTD","10:56:39",64.9,0.5,100,330900,"S"
"CTD","10:56:27",64.9,0.5,500,330800,"S"
"CTD","10:56:24",64.9,0.5,200,330300,"S"
"CTD","10:55:58",64.8,0.4,14000,330100,"S"
"CTD","10:55:57",64.8,0.4,6400,316100,"S"
"CTD","10:55:51",64.8,0.4,2000,309700,"S"
"CTD","10:55:48",64.8,0.4,5600,307700,"B"
"CTD","10:55:33",64.8,0.4,5000,302100,"B"
"CTD","10:54:42",64.8,0.4,5000,297100,"B"
"CTD","10:54:37",64.9,0.5,800,292100,"S"
"CTD","10:54:32",64.9,0.5,400,291300,"S"
"CTD","10:54:01",64.8,0.4,1000,290900,"B"
"CTD","10:53:23",64.8,0.4,100,289900,"S"
"CTD","10:53:20",64.8,0.4,300,289800,"S"
"CTD","10:53:18",64.8,0.4,1000,289500,"S"
"CTD","10:53:06",64.8,0.4,100,288500,"S"
"CTD","10:53:03",64.8,0.4,100,288400,"S"
"CTD","10:52:29",64.8,0.4,100,288300,"S"
"CTD","10:51:57",64.8,0.4,2600,288200,"S"
"CTD","10:51:53",64.8,0.4,400,285600,"S"
"CTD","10:51:31",64.8,0.4,100,285200,"S"
"CTD","10:51:25",64.8,0.4,100,285100,"S"
"CTD","10:51:22",64.8,0.4,100,285000,"S"
"CTD","10:51:20",64.8,0.4,100,284900,"S"
"CTD","10:50:02",64.8,0.4,1700,284800,"S"
"CTD","10:49:12",64.8,0.4,600,283100,"S"
"CTD","10:49:08",64.8,0.4,1100,282500,"S"
"CTD","10:48:51",64.8,0.4,200,281400,"S"
"CTD","10:48:48",64.8,0.4,100,281200,"S"
"CTD","10:48:21",64.8,0.4,2000,281100,"S"
"CTD","10:48:11",64.8,0.4,400,279100,"S"
"CTD","10:47:59",64.8,0.4,1200,278700,"S"
"CTD","10:47:22",64.7,0.3,500,277500,"B"
"CTD","10:47:00",64.7,0.3,1800,277000,"S"
"CTD","10:46:59",64.7,0.3,400,275200,"S"
"CTD","10:46:44",64.7,0.3,2000,274800,"S"
"CTD","10:46:35",64.7,0.3,10000,272800,"S"
"CTD","10:45:40",64.7,0.3,100,262800,"S"
"CTD","10:45:17",64.7,0.3,200,262700,"S"
"CTD","10:42:48",64.6,0.2,100,262500,"B"
"CTD","10:42:04",64.7,0.3,500,262400,"S"
"CTD","10:41:57",64.6,0.2,1000,261900,"B"
"CTD","10:41:16",64.7,0.3,100,260900,"S"
"CTD","10:41:09",64.7,0.3,200,260800,"S"
"CTD","10:40:25",64.7,0.3,100,260600,"S"
"CTD","10:40:16",64.7,0.3,100,260500,"S"
"CTD","10:40:12",64.7,0.3,100,260400,"S"
"CTD","10:40:08",64.7,0.3,300,260300,"S"
"CTD","10:40:06",64.7,0.3,2000,260000,"S"
"CTD","10:39:59",64.7,0.3,500,258000,"S"
"CTD","10:39:51",64.7,0.3,1300,257500,"S"
"CTD","10:39:42",64.7,0.3,1400,256200,"S"
"CTD","10:39:31",64.7,0.3,3000,254800,"S"
"CTD","10:39:28",64.7,0.3,1000,251800,"S"
"CTD","10:38:44",64.7,0.3,100,250800,"S"
"CTD","10:38:35",64.6,0.2,700,250700,"B"
"CTD","10:38:05",64.6,0.2,500,250000,"B"
"CTD","10:37:39",64.6,0.2,500,249500,"B"
"CTD","10:37:01",64.6,0.2,100,249000,"B"
"CTD","10:36:05",64.6,0.2,200,248900,"B"
"CTD","10:35:48",64.6,0.2,500,248700,"B"
"CTD","10:34:49",64.6,0.2,1000,248200,"B"
"CTD","10:34:21",64.6,0.2,1000,247200,"B"
"CTD","10:34:06",64.6,0.2,2800,246200,"B"
"CTD","10:33:34",64.6,0.2,500,243400,"B"
"CTD","10:29:37",64.7,0.3,100,242900,"S"
"CTD","10:29:03",64.6,0.2,500,242800,"B"
"CTD","10:28:17",64.6,0.2,4400,242300,"S"
"CTD","10:28:00",64.6,0.2,3000,237900,"S"
"CTD","10:27:49",64.6,0.2,500,234900,"S"
"CTD","10:27:47",64.6,0.2,1400,234400,"S"
"CTD","10:27:40",64.6,0.2,5000,233000,"S"
"CTD","10:26:57",64.6,0.2,500,228000,"B"
"CTD","10:26:36",64.6,0.2,1000,227500,"B"
"CTD","10:26:32",64.6,0.2,100,226500,"B"
"CTD","10:26:21",64.6,0.2,1900,226400,"S"
"CTD","10:26:02",64.6,0.2,5200,224500,"B"
"CTD","10:25:42",64.6,0.2,500,219300,"B"
"CTD","10:24:32",64.6,0.2,900,218800,"B"
"CTD","10:22:55",64.6,0.2,600,217900,"S"
"CTD","10:22:47",64.6,0.2,500,217300,"S"
"CTD","10:22:28",64.6,0.2,300,216800,"S"
"CTD","10:22:25",64.6,0.2,200,216500,"S"
"CTD","10:22:18",64.6,0.2,1000,216300,"S"
"CTD","10:22:00",64.6,0.2,1000,215300,"S"
"CTD","10:21:36",64.6,0.2,300,214300,"S"
"CTD","10:20:28",64.5,0.1,1100,214000,"B"
"CTD","10:20:12",64.5,0.1,700,212900,"B"
"CTD","10:20:08",64.6,0.2,200,212200,"S"
"CTD","10:19:40",64.6,0.2,2100,212000,"S"
"CTD","10:19:30",64.6,0.2,1000,209900,"S"
"CTD","10:19:22",64.6,0.2,100,208900,"S"
"CTD","10:19:19",64.5,0.1,500,208800,"B"
"CTD","10:19:09",64.6,0.2,400,208300,"S"
"CTD","10:19:01",64.6,0.2,1300,207900,"B"
"CTD","10:18:02",64.7,0.3,100,206600,"S"
"CTD","10:17:56",64.7,0.3,7200,206500,"B"
"CTD","10:17:39",64.8,0.4,200,199300,"S"
"CTD","10:17:25",64.8,0.4,300,199100,"S"
"CTD","10:17:01",64.7,0.3,1000,198800,"B"
"CTD","10:16:25",64.8,0.4,300,197800,"S"
"CTD","10:16:24",64.8,0.4,700,197500,"S"
"CTD","10:16:02",64.8,0.4,500,196800,"S"
"CTD","10:15:24",64.8,0.4,200,196300,"S"
"CTD","10:15:10",64.7,0.3,7400,196100,"B"
"CTD","10:13:48",64.7,0.3,300,188700,"B"
"CTD","10:13:32",64.7,0.3,300,188400,"S"
"CTD","10:13:11",64.7,0.3,200,188100,"B"
"CTD","10:13:06",64.7,0.3,4800,187900,"S"
"CTD","10:12:56",64.7,0.3,100,183100,"S"
"CTD","10:12:55",64.7,0.3,3000,183000,"S"
"CTD","10:12:50",64.7,0.3,6100,180000,"S"
"CTD","10:12:36",64.6,0.2,1700,173900,"B"
"CTD","10:12:06",64.6,0.2,1000,172200,"B"
"CTD","10:10:37",64.6,0.2,3000,171200,"B"
"CTD","10:10:18",64.7,0.3,4600,168200,"B"
"CTD","10:09:58",64.7,0.3,5400,163600,"S"
"CTD","10:09:47",64.6,0.2,1800,158200,"B"
"CTD","10:09:44",64.7,0.3,3000,156400,"S"
"CTD","10:09:42",64.7,0.3,5000,153400,"S"
"CTD","10:09:29",64.7,0.3,2000,148400,"S"
"CTD","10:09:19",64.6,0.2,1900,146400,"S"
"CTD","10:09:00",64.6,0.2,600,144500,"B"
"CTD","10:08:51",64.6,0.2,1400,143900,"S"
"CTD","10:08:37",64.6,0.2,100,142500,"S"
"CTD","10:08:21",64.6,0.2,100,142400,"S"
"CTD","10:07:50",64.6,0.2,200,142300,"S"
"CTD","10:07:33",64.6,0.2,200,142100,"B"
"CTD","10:07:29",64.6,0.2,1900,141900,"B"
"CTD","10:07:26",64.7,0.3,400,140000,"S"
"CTD","10:07:18",64.7,0.3,100,139600,"S"
"CTD","10:07:03",64.7,0.3,1100,139500,"B"
"CTD","10:06:56",64.7,0.3,2800,138400,"B"
"CTD","10:06:20",64.7,0.3,100,135600,"B"
"CTD","10:06:08",64.7,0.3,100,135500,"B"
"CTD","10:06:07",64.8,0.4,100,135400,"S"
"CTD","10:06:05",64.8,0.4,1000,135300,"S"
"CTD","10:05:54",64.8,0.4,1000,134300,"S"
"CTD","10:05:44",64.8,0.4,100,133300,"S"
"CTD","10:05:12",64.8,0.4,200,133200,"S"
"CTD","10:05:08",64.8,0.4,200,133000,"S"
"CTD","10:04:46",64.8,0.4,100,132800,"S"
"CTD","10:04:38",64.8,0.4,800,132700,"S"
"CTD","10:04:05",64.8,0.4,100,131900,"S"
"CTD","10:04:04",64.8,0.4,200,131800,"S"
"CTD","10:03:37",64.8,0.4,1800,131600,"S"
"CTD","10:03:19",64.7,0.3,600,129800,"B"
"CTD","10:03:01",64.7,0.3,3200,129200,"S"
"CTD","10:02:57",64.6,0.2,2000,126000,"B"
"CTD","10:00:14",64.6,0.2,1000,124000,"B"
"CTD","10:00:06",64.7,0.3,300,123000,"S"
"CTD","09:57:58",64.7,0.3,500,122700,"B"
"CTD","09:57:42",64.7,0.3,3000,122200,"B"
"CTD","09:57:41",64.8,0.4,100,119200,"S"
"CTD","09:57:14",64.8,0.4,100,119100,"S"
"CTD","09:56:37",64.8,0.4,500,119000,"S"
"CTD","09:55:05",64.8,0.4,300,118500,"S"
"CTD","09:54:56",64.8,0.4,1000,118200,"S"
"CTD","09:54:44",64.8,0.4,800,117200,"S"
"CTD","09:54:24",64.8,0.4,200,116400,"S"
"CTD","09:54:03",64.7,0.3,800,116200,"S"
"CTD","09:53:55",64.7,0.3,2000,115400,"S"
"CTD","09:52:02",64.7,0.3,200,113400,"B"
"CTD","09:52:00",64.9,0.5,2400,113200,"S"
"CTD","09:52:00",64.8,0.4,1700,110800,"S"
"CTD","09:51:23",64.8,0.4,400,109100,"S"
"CTD","09:51:17",64.7,0.3,200,108700,"B"
"CTD","09:51:02",64.7,0.3,100,108500,"S"
"CTD","09:50:52",64.7,0.3,1000,108400,"S"
"CTD","09:50:33",64.6,0.2,1000,107400,"S"
"CTD","09:50:00",64.6,0.2,700,106400,"S"
"CTD","09:49:42",64.6,0.2,500,105700,"S"
"CTD","09:49:40",64.6,0.2,1800,105200,"B"
"CTD","09:49:25",64.6,0.2,300,103400,"S"
"CTD","09:48:43",64.5,0.1,300,103100,"S"
"CTD","09:48:40",64.5,0.1,500,102800,"S"
"CTD","09:48:24",64.5,0.1,200,102300,"S"
"CTD","09:46:49",64.4,0,4000,102100,"S"
"CTD","09:45:48",64.3,-0.1,1000,98100,"S"
"CTD","09:45:39",64.2,-0.2,200,97100,"B"
"CTD","09:45:39",64.3,-0.1,800,96900,"B"
"CTD","09:45:30",64.3,-0.1,1000,96100,"B"
"CTD","09:45:26",64.3,-0.1,200,95100,"S"
"CTD","09:45:20",64.3,-0.1,2000,94900,"S"
"CTD","09:45:20",64.2,-0.2,1000,92900,"B"
"CTD","09:45:05",64.3,-0.1,800,91900,"B"
"CTD","09:45:04",64.3,-0.1,1000,91100,"B"
"CTD","09:44:55",64.3,-0.1,600,90100,"S"
"CTD","09:44:44",64.3,-0.1,800,89500,"S"
"CTD","09:44:32",64.3,-0.1,100,88700,"S"
"CTD","09:43:59",64.3,-0.1,100,88600,"S"
"CTD","09:43:46",64.3,-0.1,2000,88500,"S"
"CTD","09:43:41",64.2,-0.2,1000,86500,"B"
"CTD","09:43:05",64.3,-0.1,300,85500,"S"
"CTD","09:42:55",64.3,-0.1,200,85200,"B"
"CTD","09:42:39",64.3,-0.1,400,85000,"S"
"CTD","09:42:15",64.3,-0.1,200,84600,"B"
"CTD","09:41:53",64.3,-0.1,2000,84400,"B"
"CTD","09:41:26",64.3,-0.1,500,82400,"B"
"CTD","09:40:19",64.3,-0.1,500,81900,"B"
"CTD","09:40:11",64.3,-0.1,500,81400,"B"
"CTD","09:39:22",64.4,0,500,80900,"S"
"CTD","09:39:00",64.3,-0.1,200,80400,"S"
"CTD","09:38:50",64.3,-0.1,300,80200,"B"
"CTD","09:38:44",64.3,-0.1,200,79900,"S"
"CTD","09:38:33",64.3,-0.1,300,79700,"S"
"CTD","09:38:13",64.3,-0.1,1500,79400,"B"
"CTD","09:37:05",64.4,0,200,77900,"S"
"CTD","09:36:53",64.4,0,100,77700,"S"
"CTD","09:36:42",64.4,0,1800,77600,"B"
"CTD","09:36:13",64.4,0,2000,75800,"B"
"CTD","09:36:12",64.5,0.1,200,73800,"S"
"CTD","09:36:01",64.4,0,700,73600,"B"
"CTD","09:35:53",64.5,0.1,700,72900,"S"
"CTD","09:35:51",64.5,0.1,800,72200,"B"
"CTD","09:35:50",64.5,0.1,700,71400,"S"
"CTD","09:34:40",64.5,0.1,600,70700,"S"
"CTD","09:34:37",64.5,0.1,3700,70100,"B"
"CTD","09:34:35",64.5,0.1,2000,66400,"B"
"CTD","09:34:08",64.5,0.1,1000,64400,"B"
"CTD","09:34:04",64.6,0.2,100,63400,"S"
"CTD","09:34:03",64.5,0.1,300,63300,"B"
"CTD","09:33:53",64.5,0.1,2100,63000,"B"
"CTD","09:33:47",64.5,0.1,5100,60900,"B"
"CTD","09:33:45",64.6,0.2,100,55800,"S"
"CTD","09:33:37",64.5,0.1,2000,55700,"B"
"CTD","09:33:09",64.6,0.2,2000,53700,"S"
"CTD","09:32:55",64.6,0.2,1100,51700,"S"
"CTD","09:32:20",64.6,0.2,500,50600,"S"
"CTD","09:32:00",64.6,0.2,100,50100,"B"
"CTD","09:31:07",64.7,0.3,200,50000,"S"
"CTD","09:31:07",64.6,0.2,100,49800,"B"
"CTD","09:30:40",64.7,0.3,200,49700,"S"
"CTD","09:30:30",64.6,0.2,200,49500,"B"
"CTD","09:30:15",64.7,0.3,500,49300,"S"
"CTD","09:29:26",64.7,0.3,100,48800,"B"
"CTD","09:29:16",64.6,0.2,200,48700,"S"
"CTD","09:29:15",64.6,0.2,5800,48500,"B"
"CTD","09:29:10",64.6,0.2,800,42700,"B"
"CTD","09:28:59",64.7,0.3,200,41900,"S"
"CTD","09:28:36",64.6,0.2,900,41700,"B"
"CTD","09:28:36",64.7,0.3,100,40800,"B"
"CTD","09:27:29",64.6,0.2,200,40700,"B"
"CTD","09:27:23",64.7,0.3,400,40500,"S"
"CTD","09:26:08",64.8,0.4,3000,40100,"S"
"CTD","09:25:37",64.7,0.3,300,37100,"S"
"CTD","09:24:59",64.6,0.2,500,36800,"B"
"CTD","09:23:33",64.6,0.2,300,36300,"B"
"CTD","09:23:33",64.7,0.3,100,36000,"B"
"CTD","09:23:14",64.7,0.3,600,35900,"B"
"CTD","09:23:09",64.7,0.3,1000,35300,"B"
"CTD","09:22:59",64.7,0.3,2200,34300,"B"
"CTD","09:22:23",64.8,0.4,1100,32100,"B"
"CTD","09:22:13",64.8,0.4,500,31000,"B"
"CTD","09:22:07",64.8,0.4,2300,30500,"B"
"CTD","09:22:03",64.8,0.4,100,28200,"B"
"CTD","09:21:55",64.8,0.4,100,28100,"B"
"CTD","09:21:55",64.8,0.4,500,28000,"B"
"CTD","09:21:43",64.9,0.5,100,27500,"S"
"CTD","09:21:12",64.9,0.5,800,27400,"B"
"CTD","09:21:11",65,0.6,400,26600,"S"
"CTD","09:20:39",64.9,0.5,500,26200,"B"
"CTD","09:20:31",64.9,0.5,1400,25700,"S"
"CTD","09:20:31",64.8,0.4,500,24300,"B"
"CTD","09:20:29",64.9,0.5,1100,23800,"S"
"CTD","09:20:21",64.9,0.5,100,22700,"S"
"CTD","09:20:19",64.9,0.5,200,22600,"S"
"CTD","09:20:17",64.9,0.5,100,22400,"S"
"CTD","09:20:11",64.9,0.5,500,22300,"S"
"CTD","09:20:10",64.9,0.5,900,21800,"B"
"CTD","09:20:06",64.9,0.5,300,20900,"S"
"CTD","09:20:05",64.9,0.5,500,20600,"S"
"CTD","09:19:45",64.9,0.5,1500,20100,"S"
"CTD","09:19:43",64.8,0.4,300,18600,"B"
"CTD","09:19:32",64.8,0.4,500,18300,"S"
"CTD","09:19:31",64.8,0.4,500,17800,"S"
"CTD","09:19:13",64.8,0.4,1000,17300,"S"
"CTD","09:18:56",64.7,0.3,5300,16300,"B"
"CTD","09:18:23",64.7,0.3,1600,11000,"S"
"CTD","09:17:18",64.7,0.3,1500,9400,"S"
"CTD","09:17:14",64.5,0.1,100,7900,"B"
"CTD","09:17:13",64.5,0.1,100,7800,"B"
"CTD","09:15:32",64.5,0.1,100,7700,"S"
"CTD","09:15:00",64.4,0,7600,7600,
