"symbol","time","price","change","vol","total","side"
"IDI","14:45:01",12.15,0.75,67300,7098900,
"IDI","14:29:42",12.15,0.75,1000,7031600,"B"
"IDI","14:29:34",12.15,0.75,200,7030600,"B"
"IDI","14:29:20",12.15,0.75,200,7030400,"B"
"IDI","14:29:18",12.15,0.75,1000,7030200,"B"
"IDI","14:29:10",12.15,0.75,1000,7029200,"B"
"IDI","14:29:03",12.15,0.75,200,7028200,"B"
"IDI","14:28:51",12.15,0.75,100,7028000,"B"
"IDI","14:28:41",12.15,0.75,1000,7027900,"B"
"IDI","14:28:37",12.15,0.75,300,7026900,"B"
"IDI","14:28:23",12.15,0.75,200,7026600,"B"
"IDI","14:28:18",12.15,0.75,500,7026400,"B"
"IDI","14:28:08",12.15,0.75,100,7025900,"B"
"IDI","14:28:02",12.15,0.75,100,7025800,"B"
"IDI","14:27:54",12.15,0.75,10000,7025700,"B"
"IDI","14:27:36",12.15,0.75,100,7015700,"B"
"IDI","14:27:24",12.15,0.75,1000,7015600,"B"
"IDI","14:27:22",12.15,0.75,200,7014600,"B"
"IDI","14:26:49",12.15,0.75,100,7014400,"B"
"IDI","14:26:43",12.15,0.75,1000,7014300,"B"
"IDI","14:26:20",12.15,0.75,1000,7013300,"B"
"IDI","14:25:49",12.15,0.75,200,7012300,"B"
"IDI","14:25:43",12.15,0.75,1000,7012100,"B"
"IDI","14:25:27",12.15,0.75,200,7011100,"B"
"IDI","14:24:45",12.15,0.75,200,7010900,"B"
"IDI","14:24:42",12.15,0.75,100,7010700,"B"
"IDI","14:24:39",12.15,0.75,500,7010600,"B"
"IDI","14:24:34",12.15,0.75,200,7010100,"B"
"IDI","14:24:33",12.15,0.75,1000,7009900,"B"
"IDI","14:24:25",12.15,0.75,4000,7008900,"B"
"IDI","14:24:13",12.15,0.75,100,7004900,"B"
"IDI","14:24:04",12.15,0.75,600,7004800,"B"
"IDI","14:23:57",12.15,0.75,1000,7004200,"B"
"IDI","14:23:44",12.15,0.75,3000,7003200,"B"
"IDI","14:23:42",12.15,0.75,600,7000200,"B"
"IDI","14:23:25",12.15,0.75,200,6999600,"B"
"IDI","14:22:48",12.15,0.75,500,6999400,"B"
"IDI","14:22:35",12.15,0.75,100,6998900,"B"
"IDI","14:22:31",12.15,0.75,1000,6998800,"B"
"IDI","14:22:30",12.15,0.75,100,6997800,"B"
"IDI","14:22:22",12.15,0.75,3500,6997700,"B"
"IDI","14:22:21",12.15,0.75,500,6994200,"B"
"IDI","14:22:15",12.15,0.75,100,6993700,"B"
"IDI","14:22:12",12.15,0.75,700,6993600,"B"
"IDI","14:22:06",12.15,0.75,1000,6992900,"B"
"IDI","14:22:05",12.15,0.75,500,6991900,"B"
"IDI","14:22:00",12.15,0.75,95200,6991400,"S"
"IDI","14:22:00",12.15,0.75,2000,6896200,"S"
"IDI","14:21:59",12.15,0.75,8000,6894200,"S"
"IDI","14:21:58",12.15,0.75,10000,6886200,"S"
"IDI","14:21:57",12.15,0.75,42500,6876200,"S"
"IDI","14:21:56",12.15,0.75,66200,6833700,"S"
"IDI","14:21:55",12.15,0.75,3000,6767500,"S"
"IDI","14:21:55",12.15,0.75,100,6764500,"S"
"IDI","14:21:54",12.15,0.75,128800,6764400,"S"
"IDI","14:21:54",12.15,0.75,500,6635600,"S"
"IDI","14:21:53",12.15,0.75,8100,6635100,"S"
"IDI","14:21:52",12.15,0.75,124400,6627000,"S"
"IDI","14:21:52",12.15,0.75,40000,6502600,"S"
"IDI","14:21:51",12.15,0.75,20000,6462600,"S"
"IDI","14:21:50",12.15,0.75,63600,6442600,"S"
"IDI","14:21:49",12.15,0.75,11400,6379000,"S"
"IDI","14:21:48",12.15,0.75,7000,6367600,"S"
"IDI","14:21:46",12.15,0.75,200000,6360600,"S"
"IDI","14:21:46",12.1,0.7,1000,6160600,"B"
"IDI","14:21:44",12.15,0.75,20000,6159600,"S"
"IDI","14:21:42",12.15,0.75,50000,6139600,"S"
"IDI","14:21:39",12.15,0.75,1000,6089600,"S"
"IDI","14:21:35",12.15,0.75,100,6088600,"S"
"IDI","14:21:34",12.15,0.75,2700,6088500,"S"
"IDI","14:21:30",12.15,0.75,600,6085800,"S"
"IDI","14:21:29",12.15,0.75,400,6085200,"S"
"IDI","14:21:27",12.15,0.75,500,6084800,"S"
"IDI","14:21:23",12.15,0.75,10000,6084300,"S"
"IDI","14:21:23",12.15,0.75,20000,6074300,"S"
"IDI","14:21:19",12.15,0.75,5000,6054300,"S"
"IDI","14:21:18",12.15,0.75,20000,6049300,"S"
"IDI","14:21:16",12.15,0.75,1500,6029300,"S"
"IDI","14:21:14",12.15,0.75,10000,6027800,"S"
"IDI","14:21:11",12.15,0.75,57000,6017800,"S"
"IDI","14:21:10",12.15,0.75,10000,5960800,"S"
"IDI","14:20:57",12.15,0.75,1000,5950800,"S"
"IDI","14:20:55",12.1,0.7,200,5949800,"B"
"IDI","14:20:54",12.15,0.75,1000,5949600,"S"
"IDI","14:20:54",12.15,0.75,200,5948600,"S"
"IDI","14:20:48",12.15,0.75,5000,5948400,"S"
"IDI","14:20:46",12.1,0.7,200,5943400,"B"
"IDI","14:20:41",12.15,0.75,800,5943200,"S"
"IDI","14:20:40",12.15,0.75,5000,5942400,"S"
"IDI","14:20:30",12.1,0.7,10000,5937400,"B"
"IDI","14:20:29",12.15,0.75,500,5927400,"S"
"IDI","14:20:27",12.15,0.75,4000,5926900,"S"
"IDI","14:20:25",12.15,0.75,800,5922900,"S"
"IDI","14:20:24",12.15,0.75,100,5922100,"S"
"IDI","14:20:22",12.1,0.7,100,5922000,"B"
"IDI","14:20:21",12.1,0.7,1000,5921900,"B"
"IDI","14:20:10",12.15,0.75,3000,5920900,"S"
"IDI","14:20:02",12.15,0.75,100,5917900,"S"
"IDI","14:20:00",12.15,0.75,1000,5917800,"S"
"IDI","14:19:54",12.15,0.75,3000,5916800,"S"
"IDI","14:19:44",12.1,0.7,2000,5913800,"B"
"IDI","14:19:39",12.15,0.75,500,5911800,"S"
"IDI","14:19:38",12.1,0.7,2000,5911300,"B"
"IDI","14:19:24",12.15,0.75,6200,5909300,"S"
"IDI","14:19:22",12.15,0.75,34000,5903100,"S"
"IDI","14:19:01",12.1,0.7,100,5869100,"B"
"IDI","14:18:56",12.15,0.75,5000,5869000,"S"
"IDI","14:18:52",12.15,0.75,5000,5864000,"S"
"IDI","14:18:49",12.15,0.75,5000,5859000,"S"
"IDI","14:18:45",12.15,0.75,5000,5854000,"S"
"IDI","14:18:41",12.1,0.7,5000,5849000,"B"
"IDI","14:18:40",12.15,0.75,300,5844000,"S"
"IDI","14:18:38",12.15,0.75,100,5843700,"S"
"IDI","14:18:29",12.15,0.75,7600,5843600,"S"
"IDI","14:18:12",12.1,0.7,500,5836000,"B"
"IDI","14:18:06",12.1,0.7,8000,5835500,"B"
"IDI","14:17:52",12.1,0.7,4300,5827500,"S"
"IDI","14:17:45",12.1,0.7,200,5823200,"S"
"IDI","14:17:43",12.1,0.7,4000,5823000,"S"
"IDI","14:17:42",12.1,0.7,3600,5819000,"S"
"IDI","14:17:33",12.1,0.7,100,5815400,"S"
"IDI","14:17:29",12.1,0.7,500,5815300,"S"
"IDI","14:17:29",12.1,0.7,5000,5814800,"S"
"IDI","14:17:24",12.1,0.7,500,5809800,"S"
"IDI","14:17:23",12.1,0.7,13800,5809300,"S"
"IDI","14:17:23",12.1,0.7,21300,5795500,"S"
"IDI","14:17:21",12.1,0.7,10000,5774200,"S"
"IDI","14:17:19",12.1,0.7,1000,5764200,"S"
"IDI","14:17:15",12.1,0.7,400,5763200,"S"
"IDI","14:17:14",12.1,0.7,20000,5762800,"S"
"IDI","14:17:06",12.1,0.7,10000,5742800,"S"
"IDI","14:17:03",12.1,0.7,9000,5732800,"S"
"IDI","14:16:55",12.1,0.7,10000,5723800,"S"
"IDI","14:16:40",12.05,0.65,3000,5713800,"B"
"IDI","14:16:37",12.1,0.7,2000,5710800,"S"
"IDI","14:16:32",12.1,0.7,5000,5708800,"S"
"IDI","14:16:19",12.1,0.7,1000,5703800,"S"
"IDI","14:16:16",12.1,0.7,10000,5702800,"S"
"IDI","14:16:12",12.1,0.7,100,5692800,"S"
"IDI","14:16:08",12.1,0.7,100,5692700,"S"
"IDI","14:16:08",12.1,0.7,3000,5692600,"S"
"IDI","14:16:05",12.1,0.7,10000,5689600,"S"
"IDI","14:16:04",12.1,0.7,2000,5679600,"S"
"IDI","14:15:42",12.1,0.7,100,5677600,"S"
"IDI","14:15:22",12.1,0.7,1700,5677500,"S"
"IDI","14:15:22",12.1,0.7,20000,5675800,"S"
"IDI","14:15:18",12.1,0.7,500,5655800,"S"
"IDI","14:15:15",12.1,0.7,500,5655300,"S"
"IDI","14:15:06",12.1,0.7,100,5654800,"S"
"IDI","14:14:33",12.1,0.7,5000,5654700,"S"
"IDI","14:14:27",12.1,0.7,4000,5649700,"S"
"IDI","14:14:24",12.1,0.7,2000,5645700,"S"
"IDI","14:14:06",12.1,0.7,400,5643700,"S"
"IDI","14:14:03",12.05,0.65,1000,5643300,"B"
"IDI","14:13:48",12.1,0.7,2000,5642300,"S"
"IDI","14:13:40",12.05,0.65,1000,5640300,"B"
"IDI","14:13:30",12.1,0.7,500,5639300,"S"
"IDI","14:13:20",12.1,0.7,100,5638800,"S"
"IDI","14:13:16",12.05,0.65,1000,5638700,"B"
"IDI","14:13:10",12.1,0.7,100,5637700,"S"
"IDI","14:12:53",12.1,0.7,900,5637600,"S"
"IDI","14:12:51",12.1,0.7,200,5636700,"S"
"IDI","14:12:42",12.1,0.7,13700,5636500,"S"
"IDI","14:12:31",12.1,0.7,3000,5622800,"S"
"IDI","14:12:19",12.1,0.7,5500,5619800,"S"
"IDI","14:12:19",12.1,0.7,2000,5614300,"S"
"IDI","14:12:16",12.1,0.7,5000,5612300,"S"
"IDI","14:12:13",12.1,0.7,300,5607300,"S"
"IDI","14:12:10",12.1,0.7,3000,5607000,"S"
"IDI","14:12:04",12.1,0.7,100,5604000,"S"
"IDI","14:11:50",12.1,0.7,100,5603900,"S"
"IDI","14:11:45",12.1,0.7,5000,5603800,"S"
"IDI","14:11:42",12.1,0.7,100,5598800,"S"
"IDI","14:11:40",12.1,0.7,5000,5598700,"S"
"IDI","14:11:38",12.1,0.7,35000,5593700,"S"
"IDI","14:11:37",12.1,0.7,5000,5558700,"S"
"IDI","14:11:35",12.1,0.7,500,5553700,"S"
"IDI","14:11:25",12.1,0.7,10000,5553200,"S"
"IDI","14:11:20",12.1,0.7,800,5543200,"S"
"IDI","14:11:17",12.05,0.65,300,5542400,"B"
"IDI","14:11:15",12.1,0.7,5000,5542100,"S"
"IDI","14:11:10",12.05,0.65,1200,5537100,"B"
"IDI","14:11:08",12.05,0.65,1000,5535900,"B"
"IDI","14:11:02",12.05,0.65,3800,5534900,"S"
"IDI","14:10:55",12.05,0.65,1200,5531100,"B"
"IDI","14:10:45",12.05,0.65,1800,5529900,"B"
"IDI","14:10:40",12.05,0.65,700,5528100,"B"
"IDI","14:10:36",12.05,0.65,7800,5527400,"S"
"IDI","14:10:30",12.05,0.65,600,5519600,"S"
"IDI","14:10:30",12.05,0.65,10000,5519000,"S"
"IDI","14:10:21",12.05,0.65,1000,5509000,"S"
"IDI","14:10:18",12.05,0.65,100,5508000,"S"
"IDI","14:10:17",12.05,0.65,16000,5507900,"S"
"IDI","14:10:17",12.05,0.65,1000,5491900,"S"
"IDI","14:10:08",12.05,0.65,3700,5490900,"S"
"IDI","14:09:52",12.05,0.65,200,5487200,"S"
"IDI","14:09:38",12.05,0.65,3600,5487000,"S"
"IDI","14:09:31",12.05,0.65,100,5483400,"S"
"IDI","14:09:27",12,0.6,1000,5483300,"B"
"IDI","14:09:25",12,0.6,3000,5482300,"B"
"IDI","14:09:01",12,0.6,100,5479300,"B"
"IDI","14:08:57",12.05,0.65,15000,5479200,"B"
"IDI","14:08:54",12.05,0.65,15000,5464200,"B"
"IDI","14:08:49",12.05,0.65,10100,5449200,"B"
"IDI","14:08:47",12.05,0.65,100,5439100,"B"
"IDI","14:08:43",12.05,0.65,1000,5439000,"B"
"IDI","14:08:41",12.05,0.65,1000,5438000,"B"
"IDI","14:08:39",12.1,0.7,1900,5437000,"S"
"IDI","14:08:38",12.05,0.65,500,5435100,"B"
"IDI","14:08:28",12.05,0.65,400,5434600,"B"
"IDI","14:08:22",12.05,0.65,2500,5434200,"B"
"IDI","14:08:20",12.05,0.65,1000,5431700,"B"
"IDI","14:08:19",12.05,0.65,700,5430700,"B"
"IDI","14:08:16",12.05,0.65,5000,5430000,"B"
"IDI","14:08:12",12.05,0.65,100,5425000,"B"
"IDI","14:08:11",12.05,0.65,1400,5424900,"B"
"IDI","14:08:10",12.05,0.65,1000,5423500,"B"
"IDI","14:08:09",12.05,0.65,9000,5422500,"B"
"IDI","14:08:08",12.05,0.65,5000,5413500,"B"
"IDI","14:08:05",12.05,0.65,2000,5408500,"B"
"IDI","14:08:04",12.05,0.65,7000,5406500,"B"
"IDI","14:08:01",12.1,0.7,100,5399500,"S"
"IDI","14:08:00",12.05,0.65,300,5399400,"B"
"IDI","14:07:58",12.05,0.65,600,5399100,"B"
"IDI","14:07:55",12.05,0.65,2000,5388800,"B"
"IDI","14:07:53",12.05,0.65,100,5386800,"B"
"IDI","14:07:51",12.05,0.65,10000,5386700,"B"
"IDI","14:07:48",12.05,0.65,100,5376700,"B"
"IDI","14:07:46",12.05,0.65,2000,5376600,"B"
"IDI","14:07:43",12.05,0.65,1000,5374600,"B"
"IDI","14:07:41",12.05,0.65,100,5373600,"B"
"IDI","14:07:41",12.05,0.65,500,5373500,"B"
"IDI","14:07:19",12.05,0.65,5700,5373000,"B"
"IDI","14:07:17",12.05,0.65,900,5367300,"B"
"IDI","14:07:16",12.05,0.65,1000,5366400,"B"
"IDI","14:07:14",12.05,0.65,25000,5365400,"B"
"IDI","14:07:05",12.05,0.65,200,5340400,"B"
"IDI","14:07:04",12.05,0.65,1800,5340200,"B"
"IDI","14:07:04",12.05,0.65,200,5338400,"B"
"IDI","14:07:03",12.1,0.7,200,5338200,"S"
"IDI","14:06:57",12.05,0.65,100,5338000,"B"
"IDI","14:06:53",12.05,0.65,7000,5337900,"B"
"IDI","14:06:49",12.05,0.65,5000,5330900,"B"
"IDI","14:06:43",12.05,0.65,100,5325900,"B"
"IDI","14:06:34",12.05,0.65,200,5325800,"B"
"IDI","14:06:31",12.05,0.65,15600,5325600,"B"
"IDI","14:06:25",12.05,0.65,1900,5310000,"B"
"IDI","14:05:45",12.05,0.65,2000,5308100,"B"
"IDI","14:05:45",12.1,0.7,200,5306100,"S"
"IDI","14:05:43",12.05,0.65,200,5305900,"B"
"IDI","14:05:40",12.1,0.7,200,5305700,"S"
"IDI","14:05:32",12.1,0.7,100,5305500,"S"
"IDI","14:05:25",12.1,0.7,100,5305400,"S"
"IDI","14:05:22",12.1,0.7,5000,5305300,"S"
"IDI","14:05:22",12.05,0.65,3000,5300300,"B"
"IDI","14:05:04",12.1,0.7,100,5297300,"S"
"IDI","14:05:02",12.1,0.7,600,5297200,"S"
"IDI","14:04:55",12.1,0.7,7000,5296600,"S"
"IDI","14:04:55",12.1,0.7,400,5289600,"S"
"IDI","14:04:39",12.1,0.7,100,5289200,"S"
"IDI","14:04:36",12.1,0.7,800,5289100,"S"
"IDI","14:04:35",12.05,0.65,3000,5288300,"B"
"IDI","14:04:34",12.1,0.7,100,5285300,"S"
"IDI","14:04:32",12.1,0.7,50000,5285200,"S"
"IDI","14:04:21",12.1,0.7,500,5235200,"S"
"IDI","14:04:13",12.1,0.7,400,5234700,"S"
"IDI","14:04:10",12.1,0.7,1500,5234300,"S"
"IDI","14:03:50",12.1,0.7,200,5232800,"S"
"IDI","14:03:41",12.1,0.7,4000,5232600,"S"
"IDI","14:03:38",12.1,0.7,1000,5228600,"S"
"IDI","14:03:30",12.1,0.7,100,5227600,"S"
"IDI","14:03:27",12.05,0.65,3000,5227500,"B"
"IDI","14:03:22",12.1,0.7,100,5224500,"S"
"IDI","14:03:05",12.05,0.65,300,5224400,"B"
"IDI","14:03:04",12.1,0.7,2000,5224100,"S"
"IDI","14:02:55",12.05,0.65,1000,5222100,"B"
"IDI","14:02:17",12.05,0.65,100,5221100,"B"
"IDI","14:02:13",12.1,0.7,1000,5221000,"S"
"IDI","14:02:05",12.05,0.65,4500,5220000,"B"
"IDI","14:01:55",12.1,0.7,500,5215500,"S"
"IDI","14:01:54",12.1,0.7,1000,5215000,"S"
"IDI","14:01:44",12.1,0.7,5000,5214000,"S"
"IDI","14:01:39",12.05,0.65,100,5209000,"B"
"IDI","14:01:38",12.1,0.7,2000,5208900,"S"
"IDI","14:01:36",12.1,0.7,2000,5206900,"S"
"IDI","14:01:35",12.1,0.7,500,5204900,"S"
"IDI","14:01:32",12.1,0.7,2000,5204400,"S"
"IDI","14:01:26",12.1,0.7,2700,5202400,"S"
"IDI","14:01:19",12.1,0.7,400,5199700,"S"
"IDI","14:01:11",12.1,0.7,400,5199300,"S"
"IDI","14:01:05",12.1,0.7,1000,5198900,"S"
"IDI","14:00:55",12.1,0.7,200,5197900,"S"
"IDI","14:00:41",12.1,0.7,100,5197700,"S"
"IDI","14:00:41",12.1,0.7,3000,5197600,"S"
"IDI","14:00:37",12.05,0.65,300,5194600,"B"
"IDI","14:00:36",12.1,0.7,20000,5194300,"S"
"IDI","14:00:25",12.05,0.65,10000,5174300,"B"
"IDI","14:00:22",12.1,0.7,18000,5164300,"S"
"IDI","14:00:21",12.1,0.7,1000,5146300,"S"
"IDI","14:00:20",12.1,0.7,100,5145300,"S"
"IDI","14:00:17",12.05,0.65,2000,5145200,"B"
"IDI","14:00:17",12.1,0.7,50000,5143200,"S"
"IDI","14:00:13",12.1,0.7,1000,5093200,"S"
"IDI","14:00:12",12.1,0.7,700,5092200,"S"
"IDI","14:00:08",12.1,0.7,1000,5091500,"S"
"IDI","14:00:01",12.1,0.7,600,5090500,"S"
"IDI","14:00:01",12.1,0.7,5000,5089900,"S"
"IDI","14:00:01",12.05,0.65,100,5084900,"B"
"IDI","14:00:00",12.05,0.65,1000,5084800,"B"
"IDI","13:59:57",12.1,0.7,200,5083800,"S"
"IDI","13:59:55",12.05,0.65,50100,5083600,"B"
"IDI","13:59:54",12.1,0.7,10000,5033500,"S"
"IDI","13:59:49",12.1,0.7,12000,5023500,"S"
"IDI","13:59:46",12.1,0.7,10000,5011500,"S"
"IDI","13:59:43",12.1,0.7,5200,5001500,"S"
"IDI","13:59:42",12.05,0.65,600,4996300,"B"
"IDI","13:59:40",12.1,0.7,2800,4995700,"S"
"IDI","13:59:39",12.1,0.7,5000,4992900,"S"
"IDI","13:59:32",12.05,0.65,100,4987900,"B"
"IDI","13:59:10",12.05,0.65,600,4987800,"B"
"IDI","13:59:06",12.05,0.65,500,4987200,"B"
"IDI","13:59:02",12.05,0.65,14000,4986700,"S"
"IDI","13:58:59",12.05,0.65,20000,4972700,"S"
"IDI","13:58:58",12.05,0.65,15600,4952700,"S"
"IDI","13:58:57",12.05,0.65,30000,4937100,"S"
"IDI","13:58:51",12.05,0.65,4000,4907100,"S"
"IDI","13:58:50",12.05,0.65,30000,4903100,"S"
"IDI","13:58:38",12.05,0.65,500,4873100,"S"
"IDI","13:58:30",12.05,0.65,200,4872600,"S"
"IDI","13:58:27",12.05,0.65,500,4872400,"S"
"IDI","13:58:23",12.05,0.65,600,4871900,"S"
"IDI","13:58:17",12.05,0.65,800,4871300,"S"
"IDI","13:57:41",12.05,0.65,2500,4870500,"S"
"IDI","13:57:12",12,0.6,10800,4868000,"S"
"IDI","13:57:08",12,0.6,3000,4857200,"S"
"IDI","13:57:01",12,0.6,10000,4854200,"S"
"IDI","13:56:56",12,0.6,200,4844200,"S"
"IDI","13:56:54",12,0.6,28700,4844000,"S"
"IDI","13:56:53",12,0.6,42300,4815300,"S"
"IDI","13:56:52",12,0.6,19500,4773000,"S"
"IDI","13:56:51",12,0.6,5000,4753500,"S"
"IDI","13:56:50",12,0.6,2000,4748500,"S"
"IDI","13:56:49",12,0.6,1800,4746500,"S"
"IDI","13:56:48",12,0.6,1000,4744700,"S"
"IDI","13:56:47",12,0.6,2000,4743700,"S"
"IDI","13:56:45",12,0.6,20000,4741700,"S"
"IDI","13:56:43",12,0.6,5000,4721700,"S"
"IDI","13:56:42",12,0.6,200,4716700,"S"
"IDI","13:56:42",12,0.6,20000,4716500,"S"
"IDI","13:56:40",12,0.6,3000,4696500,"S"
"IDI","13:56:39",12,0.6,5000,4693500,"S"
"IDI","13:56:38",12,0.6,20000,4688500,"S"
"IDI","13:56:35",12,0.6,600,4668500,"S"
"IDI","13:56:34",12,0.6,20000,4667900,"S"
"IDI","13:56:26",12,0.6,10000,4647900,"S"
"IDI","13:56:15",12,0.6,1400,4637900,"S"
"IDI","13:56:15",11.95,0.55,200,4636500,"B"
"IDI","13:56:07",12,0.6,3400,4636300,"S"
"IDI","13:56:04",12,0.6,100,4632900,"S"
"IDI","13:56:00",12,0.6,900,4632800,"S"
"IDI","13:55:58",12,0.6,50000,4631900,"S"
"IDI","13:55:46",12,0.6,100,4581900,"S"
"IDI","13:55:40",12,0.6,40000,4581800,"S"
"IDI","13:55:19",12,0.6,20000,4541800,"S"
"IDI","13:54:29",12,0.6,50000,4521800,"S"
"IDI","13:54:25",11.95,0.55,2000,4471800,"B"
"IDI","13:54:11",11.95,0.55,300,4469800,"S"
"IDI","13:54:03",11.95,0.55,3400,4469500,"S"
"IDI","13:53:59",11.95,0.55,9000,4466100,"S"
"IDI","13:53:50",11.95,0.55,40000,4457100,"S"
"IDI","13:53:47",11.95,0.55,100,4417100,"S"
"IDI","13:53:47",11.95,0.55,19900,4417000,"S"
"IDI","13:53:39",11.9,0.5,1000,4397100,"B"
"IDI","13:53:35",11.95,0.55,20000,4396100,"S"
"IDI","13:52:57",11.95,0.55,2300,4376100,"S"
"IDI","13:52:52",11.9,0.5,400,4373800,"B"
"IDI","13:52:15",11.95,0.55,2000,4373400,"S"
"IDI","13:52:13",11.95,0.55,1400,4371400,"S"
"IDI","13:51:36",11.95,0.55,10000,4370000,"S"
"IDI","13:51:24",11.95,0.55,100,4360000,"S"
"IDI","13:50:40",11.95,0.55,5000,4359900,"S"
"IDI","13:50:26",11.95,0.55,5000,4354900,"S"
"IDI","13:50:24",11.9,0.5,100,4349900,"B"
"IDI","13:50:07",11.9,0.5,200,4349800,"B"
"IDI","13:49:29",11.9,0.5,1000,4349600,"B"
"IDI","13:49:19",11.9,0.5,1000,4348600,"B"
"IDI","13:49:09",11.95,0.55,1000,4347600,"S"
"IDI","13:49:00",11.9,0.5,1000,4346600,"B"
"IDI","13:48:54",11.9,0.5,8800,4345600,"S"
"IDI","13:48:51",11.9,0.5,5000,4336800,"S"
"IDI","13:48:50",11.9,0.5,10000,4331800,"S"
"IDI","13:48:48",11.9,0.5,15000,4321800,"S"
"IDI","13:48:47",11.9,0.5,5000,4306800,"S"
"IDI","13:48:45",11.9,0.5,10000,4301800,"S"
"IDI","13:48:43",11.9,0.5,600,4291800,"S"
"IDI","13:48:43",11.9,0.5,1500,4291200,"S"
"IDI","13:48:40",11.9,0.5,5000,4289700,"S"
"IDI","13:48:28",11.9,0.5,200,4284700,"S"
"IDI","13:48:19",11.9,0.5,20000,4284500,"S"
"IDI","13:48:04",11.9,0.5,20000,4264500,"S"
"IDI","13:47:31",11.9,0.5,5000,4244500,"S"
"IDI","13:47:12",11.9,0.5,4000,4239500,"S"
"IDI","13:46:52",11.9,0.5,1000,4235500,"S"
"IDI","13:46:29",11.9,0.5,2000,4234500,"S"
"IDI","13:46:28",11.85,0.45,500,4232500,"B"
"IDI","13:46:06",11.9,0.5,10000,4232000,"S"
"IDI","13:45:59",11.85,0.45,1800,4222000,"B"
"IDI","13:45:54",11.85,0.45,1400,4220200,"B"
"IDI","13:45:45",11.9,0.5,3000,4218800,"S"
"IDI","13:45:23",11.9,0.5,2000,4215800,"S"
"IDI","13:44:59",11.9,0.5,2000,4213800,"S"
"IDI","13:44:40",11.9,0.5,1000,4211800,"S"
"IDI","13:44:22",11.9,0.5,9300,4210800,"B"
"IDI","13:44:20",11.9,0.5,8000,4201500,"B"
"IDI","13:44:05",11.9,0.5,20500,4193500,"B"
"IDI","13:44:03",11.9,0.5,2000,4173000,"B"
"IDI","13:44:00",11.9,0.5,13000,4171000,"B"
"IDI","13:43:45",11.9,0.5,1000,4158000,"B"
"IDI","13:43:27",11.9,0.5,500,4157000,"B"
"IDI","13:43:15",11.95,0.55,5000,4156500,"S"
"IDI","13:42:50",11.9,0.5,2000,4151500,"B"
"IDI","13:42:48",11.9,0.5,100,4149500,"B"
"IDI","13:42:40",11.9,0.5,1000,4149400,"B"
"IDI","13:42:34",11.95,0.55,1000,4148400,"S"
"IDI","13:42:22",11.95,0.55,3000,4147400,"S"
"IDI","13:42:21",11.9,0.5,300,4144400,"B"
"IDI","13:42:18",11.9,0.5,3000,4144100,"B"
"IDI","13:42:16",11.95,0.55,3000,4141100,"S"
"IDI","13:42:13",11.9,0.5,1000,4138100,"B"
"IDI","13:42:12",11.95,0.55,2000,4137100,"S"
"IDI","13:42:05",11.9,0.5,2000,4135100,"B"
"IDI","13:42:02",11.95,0.55,2000,4133100,"S"
"IDI","13:41:54",11.95,0.55,5000,4131100,"S"
"IDI","13:41:53",11.9,0.5,100,4126100,"B"
"IDI","13:41:48",11.9,0.5,12000,4126000,"B"
"IDI","13:41:46",11.9,0.5,200,4114000,"B"
"IDI","13:41:42",11.9,0.5,1000,4113800,"B"
"IDI","13:41:21",11.9,0.5,1000,4112800,"B"
"IDI","13:41:18",11.9,0.5,500,4111800,"B"
"IDI","13:40:56",11.9,0.5,2000,4111300,"B"
"IDI","13:40:45",11.95,0.55,20000,4109300,"S"
"IDI","13:40:40",11.95,0.55,20000,4089300,"S"
"IDI","13:40:39",11.9,0.5,1600,4069300,"B"
"IDI","13:40:33",11.9,0.5,2000,4067700,"B"
"IDI","13:40:13",11.9,0.5,7000,4065700,"B"
"IDI","13:40:12",11.9,0.5,400,4058700,"B"
"IDI","13:40:11",11.9,0.5,500,4058300,"B"
"IDI","13:40:01",11.9,0.5,1000,4057800,"B"
"IDI","13:39:56",11.9,0.5,100,4056800,"B"
"IDI","13:39:55",11.9,0.5,500,4056700,"B"
"IDI","13:39:50",11.95,0.55,2000,4056200,"S"
"IDI","13:39:47",11.9,0.5,1500,4054200,"B"
"IDI","13:39:37",11.9,0.5,3400,4052700,"B"
"IDI","13:39:36",11.9,0.5,400,4049300,"B"
"IDI","13:39:23",11.9,0.5,14000,4048900,"B"
"IDI","13:39:16",11.9,0.5,500,4034900,"B"
"IDI","13:38:53",11.9,0.5,600,4034400,"B"
"IDI","13:38:50",11.9,0.5,11900,4033800,"S"
"IDI","13:38:44",11.9,0.5,50000,4021900,"S"
"IDI","13:38:00",11.9,0.5,500,3971900,"S"
"IDI","13:37:26",11.9,0.5,200,3971400,"S"
"IDI","13:36:57",11.9,0.5,45400,3971200,"B"
"IDI","13:36:54",11.9,0.5,10000,3925800,"B"
"IDI","13:36:51",11.9,0.5,5000,3915800,"B"
"IDI","13:36:46",11.9,0.5,1000,3910800,"B"
"IDI","13:36:46",11.9,0.5,3000,3909800,"B"
"IDI","13:36:44",11.9,0.5,9000,3906800,"B"
"IDI","13:36:34",11.9,0.5,2000,3897800,"B"
"IDI","13:36:31",11.9,0.5,1500,3895800,"B"
"IDI","13:36:30",11.9,0.5,3500,3894300,"B"
"IDI","13:36:28",11.9,0.5,14000,3890800,"B"
"IDI","13:36:10",11.9,0.5,1900,3876800,"B"
"IDI","13:36:01",11.9,0.5,500,3874900,"B"
"IDI","13:35:57",11.95,0.55,1600,3874400,"S"
"IDI","13:35:54",11.95,0.55,2000,3872800,"S"
"IDI","13:35:52",11.9,0.5,200,3870800,"B"
"IDI","13:35:33",11.9,0.5,50000,3870600,"B"
"IDI","13:35:25",11.95,0.55,500,3820600,"S"
"IDI","13:35:23",11.95,0.55,2000,3820100,"S"
"IDI","13:34:30",11.95,0.55,3400,3818100,"S"
"IDI","13:34:22",11.95,0.55,3000,3814700,"S"
"IDI","13:34:16",11.95,0.55,10000,3811700,"S"
"IDI","13:33:55",11.95,0.55,300,3801700,"S"
"IDI","13:32:51",11.95,0.55,2000,3801400,"S"
"IDI","13:32:44",11.9,0.5,200,3799400,"B"
"IDI","13:32:11",11.95,0.55,400,3799200,"S"
"IDI","13:32:07",11.95,0.55,3000,3798800,"S"
"IDI","13:32:03",11.9,0.5,1000,3795800,"B"
"IDI","13:32:02",11.9,0.5,300,3794800,"B"
"IDI","13:31:57",11.9,0.5,500,3794500,"B"
"IDI","13:31:55",11.9,0.5,200,3794000,"B"
"IDI","13:30:50",11.9,0.5,100,3793800,"B"
"IDI","13:30:26",11.95,0.55,500,3793700,"S"
"IDI","13:30:22",11.9,0.5,500,3793200,"B"
"IDI","13:30:17",11.9,0.5,2000,3792700,"B"
"IDI","13:30:12",11.9,0.5,10000,3790700,"B"
"IDI","13:30:10",11.95,0.55,3000,3780700,"S"
"IDI","13:29:57",11.9,0.5,500,3777700,"B"
"IDI","13:29:01",11.95,0.55,2000,3777200,"S"
"IDI","13:28:36",11.9,0.5,200,3775200,"B"
"IDI","13:27:33",11.95,0.55,200,3775000,"S"
"IDI","13:27:17",11.95,0.55,100,3774800,"S"
"IDI","13:26:07",11.95,0.55,100,3774700,"S"
"IDI","13:26:06",11.9,0.5,500,3774600,"B"
"IDI","13:25:59",11.9,0.5,3000,3774100,"B"
"IDI","13:25:50",11.9,0.5,100,3771100,"B"
"IDI","13:25:41",11.9,0.5,100,3771000,"B"
"IDI","13:25:40",11.9,0.5,100,3770900,"B"
"IDI","13:25:31",11.9,0.5,100,3770800,"B"
"IDI","13:25:24",11.95,0.55,100,3770700,"S"
"IDI","13:25:23",11.9,0.5,500,3770600,"B"
"IDI","13:25:22",11.9,0.5,100,3770100,"B"
"IDI","13:24:54",11.9,0.5,200,3770000,"B"
"IDI","13:24:51",11.9,0.5,3000,3769800,"B"
"IDI","13:24:50",11.9,0.5,300,3766800,"B"
"IDI","13:24:47",11.9,0.5,1400,3766500,"B"
"IDI","13:24:47",11.95,0.55,2000,3765100,"S"
"IDI","13:24:38",11.9,0.5,5000,3763100,"B"
"IDI","13:24:19",11.9,0.5,1000,3758100,"B"
"IDI","13:24:12",11.9,0.5,500,3757100,"B"
"IDI","13:24:09",11.9,0.5,18600,3756600,"B"
"IDI","13:24:03",11.9,0.5,8000,3738000,"B"
"IDI","13:24:00",11.9,0.5,11000,3730000,"S"
"IDI","13:23:58",11.9,0.5,300,3719000,"S"
"IDI","13:23:55",11.9,0.5,600,3718700,"S"
"IDI","13:23:01",11.9,0.5,14200,3718100,"B"
"IDI","13:22:27",11.9,0.5,20400,3703900,"S"
"IDI","13:22:09",11.9,0.5,100,3683500,"S"
"IDI","13:22:06",11.9,0.5,4000,3683400,"S"
"IDI","13:21:52",11.9,0.5,2000,3679400,"S"
"IDI","13:21:49",11.9,0.5,1000,3677400,"S"
"IDI","13:21:38",11.9,0.5,500,3676400,"S"
"IDI","13:21:15",11.9,0.5,500,3675900,"S"
"IDI","13:21:12",11.9,0.5,2900,3675400,"S"
"IDI","13:21:06",11.9,0.5,300,3672500,"S"
"IDI","13:21:00",11.9,0.5,200,3672200,"S"
"IDI","13:20:46",11.9,0.5,2000,3672000,"S"
"IDI","13:20:42",11.9,0.5,100,3670000,"S"
"IDI","13:20:41",11.9,0.5,100,3669900,"S"
"IDI","13:20:40",11.9,0.5,7500,3669800,"B"
"IDI","13:20:40",11.9,0.5,200,3662300,"B"
"IDI","13:20:38",11.9,0.5,500,3662100,"B"
"IDI","13:20:34",11.9,0.5,10000,3661600,"B"
"IDI","13:20:29",11.9,0.5,400,3651600,"B"
"IDI","13:20:28",11.9,0.5,500,3651200,"B"
"IDI","13:20:27",11.9,0.5,16000,3650700,"B"
"IDI","13:20:24",11.95,0.55,2000,3634700,"S"
"IDI","13:20:22",11.9,0.5,6400,3632700,"B"
"IDI","13:20:19",11.9,0.5,1000,3626300,"B"
"IDI","13:20:02",11.9,0.5,1000,3625300,"B"
"IDI","13:20:00",11.9,0.5,10000,3624300,"B"
"IDI","13:19:34",11.9,0.5,13000,3614300,"B"
"IDI","13:19:32",11.95,0.55,100,3601300,"S"
"IDI","13:19:28",11.9,0.5,300,3601200,"B"
"IDI","13:19:26",11.95,0.55,2000,3600900,"S"
"IDI","13:19:15",11.9,0.5,800,3598900,"B"
"IDI","13:19:14",11.95,0.55,5000,3598100,"S"
"IDI","13:19:06",11.9,0.5,2000,3593100,"B"
"IDI","13:19:02",11.95,0.55,1000,3591100,"S"
"IDI","13:18:57",11.9,0.5,200,3590100,"B"
"IDI","13:18:48",11.95,0.55,3000,3589900,"S"
"IDI","13:18:45",11.9,0.5,2000,3586900,"B"
"IDI","13:18:44",11.95,0.55,3000,3584900,"S"
"IDI","13:18:42",11.9,0.5,600,3581900,"B"
"IDI","13:18:38",11.9,0.5,20000,3581300,"B"
"IDI","13:18:34",11.9,0.5,3000,3561300,"B"
"IDI","13:18:32",11.95,0.55,3000,3558300,"S"
"IDI","13:18:19",11.9,0.5,1000,3555300,"B"
"IDI","13:18:18",11.9,0.5,9000,3554300,"B"
"IDI","13:17:50",11.9,0.5,500,3545300,"B"
"IDI","13:17:35",11.9,0.5,2500,3544800,"B"
"IDI","13:17:27",11.9,0.5,1500,3542300,"B"
"IDI","13:17:26",11.9,0.5,2000,3540800,"B"
"IDI","13:16:59",11.9,0.5,1000,3538800,"B"
"IDI","13:16:57",11.9,0.5,20000,3537800,"B"
"IDI","13:16:52",11.9,0.5,2000,3517800,"B"
"IDI","13:16:40",11.9,0.5,3000,3515800,"B"
"IDI","13:16:25",11.9,0.5,5000,3512800,"B"
"IDI","13:16:22",11.9,0.5,500,3507800,"B"
"IDI","13:16:19",11.9,0.5,1000,3507300,"B"
"IDI","13:16:11",11.9,0.5,1600,3506300,"B"
"IDI","13:15:47",11.9,0.5,5000,3504700,"B"
"IDI","13:15:18",11.95,0.55,200,3499700,"S"
"IDI","13:14:54",11.9,0.5,300,3499500,"B"
"IDI","13:14:19",11.95,0.55,5000,3499200,"S"
"IDI","13:13:51",11.9,0.5,200,3494200,"B"
"IDI","13:13:48",11.95,0.55,1000,3494000,"S"
"IDI","13:13:27",11.9,0.5,200,3493000,"B"
"IDI","13:13:25",11.95,0.55,2000,3492800,"S"
"IDI","13:13:21",11.9,0.5,100,3490800,"B"
"IDI","13:13:20",11.9,0.5,96700,3490700,"S"
"IDI","13:13:14",11.85,0.45,600,3394000,"B"
"IDI","13:13:00",11.85,0.45,900,3393400,"B"
"IDI","13:12:20",11.85,0.45,1000,3392500,"B"
"IDI","13:12:05",11.9,0.5,3000,3391500,"S"
"IDI","13:11:17",11.9,0.5,2000,3388500,"S"
"IDI","13:11:10",11.9,0.5,500,3386500,"S"
"IDI","13:10:34",11.9,0.5,500,3386000,"S"
"IDI","13:10:19",11.9,0.5,300,3385500,"S"
"IDI","13:10:18",11.85,0.45,1000,3385200,"B"
"IDI","13:10:16",11.85,0.45,2500,3384200,"B"
"IDI","13:10:13",11.85,0.45,4000,3381700,"B"
"IDI","13:10:10",11.85,0.45,400,3377700,"B"
"IDI","13:10:02",11.9,0.5,1800,3377300,"S"
"IDI","13:09:14",11.9,0.5,2000,3375500,"S"
"IDI","13:09:05",11.85,0.45,1000,3373500,"B"
"IDI","13:08:55",11.9,0.5,1800,3372500,"S"
"IDI","13:08:54",11.9,0.5,100,3370700,"S"
"IDI","13:08:48",11.9,0.5,100,3370600,"S"
"IDI","13:08:34",11.9,0.5,200,3370500,"S"
"IDI","13:08:26",11.9,0.5,2400,3370300,"S"
"IDI","13:08:10",11.9,0.5,200,3367900,"S"
"IDI","13:08:09",11.9,0.5,600,3367700,"S"
"IDI","13:08:03",11.9,0.5,200,3367100,"S"
"IDI","13:07:49",11.9,0.5,2500,3366900,"S"
"IDI","13:07:42",11.9,0.5,2000,3364400,"S"
"IDI","13:07:39",11.9,0.5,200,3362400,"S"
"IDI","13:07:05",11.9,0.5,5000,3362200,"S"
"IDI","13:07:01",11.9,0.5,3000,3357200,"S"
"IDI","13:07:00",11.9,0.5,11000,3354200,"S"
"IDI","13:06:37",11.9,0.5,2000,3343200,"S"
"IDI","13:05:59",11.9,0.5,2000,3341200,"S"
"IDI","13:05:20",11.9,0.5,2000,3339200,"S"
"IDI","13:05:11",11.9,0.5,2000,3337200,"S"
"IDI","13:04:30",11.85,0.45,4700,3335200,"B"
"IDI","13:04:21",11.9,0.5,5000,3330500,"S"
"IDI","13:04:14",11.85,0.45,100,3325500,"B"
"IDI","13:04:07",11.9,0.5,1000,3325400,"S"
"IDI","13:03:17",11.85,0.45,1800,3324400,"B"
"IDI","13:02:41",11.9,0.5,1300,3322600,"S"
"IDI","13:02:40",11.9,0.5,700,3321300,"S"
"IDI","13:02:33",11.85,0.45,3000,3320600,"B"
"IDI","13:02:23",11.85,0.45,2500,3317600,"B"
"IDI","13:02:17",11.85,0.45,2000,3315100,"B"
"IDI","13:02:06",11.85,0.45,500,3313100,"B"
"IDI","13:02:05",11.9,0.5,2000,3312600,"S"
"IDI","13:02:04",11.85,0.45,800,3310600,"B"
"IDI","13:01:52",11.85,0.45,8900,3309800,"S"
"IDI","13:01:10",11.85,0.45,5000,3300900,"S"
"IDI","13:01:04",11.85,0.45,2000,3295900,"S"
"IDI","13:00:25",11.85,0.45,300,3293900,"S"
"IDI","13:00:18",11.85,0.45,100,3293600,"S"
"IDI","13:00:17",11.85,0.45,100,3293500,"S"
"IDI","13:00:15",11.85,0.45,500,3293400,"S"
"IDI","13:00:14",11.85,0.45,100,3292900,"S"
"IDI","13:00:13",11.85,0.45,300,3292800,"S"
"IDI","13:00:13",11.85,0.45,400,3292500,"S"
"IDI","13:00:13",11.8,0.4,600,3292100,"B"
"IDI","13:00:11",11.8,0.4,500,3291500,"B"
"IDI","13:00:06",11.8,0.4,2200,3291000,"B"
"IDI","13:00:06",11.85,0.45,17800,3288800,"B"
"IDI","13:00:04",11.85,0.45,11400,3271000,"S"
"IDI","13:00:03",11.85,0.45,5000,3259600,"S"
"IDI","13:00:03",11.8,0.4,5000,3254600,"B"
"IDI","13:00:02",11.85,0.45,16800,3249600,"S"
"IDI","13:00:02",11.8,0.4,5000,3232800,"B"
"IDI","13:00:02",11.85,0.45,1700,3227800,"S"
"IDI","13:00:01",11.8,0.4,1600,3226100,"B"
"IDI","13:00:00",11.8,0.4,500,3224500,"B"
"IDI","13:00:00",11.85,0.45,200,3224000,"S"
"IDI","11:29:53",11.85,0.45,400,3223800,"S"
"IDI","11:29:49",11.8,0.4,1000,3223400,"B"
"IDI","11:29:44",11.8,0.4,10300,3222400,"B"
"IDI","11:29:33",11.8,0.4,1400,3212100,"B"
"IDI","11:29:16",11.8,0.4,1500,3210700,"B"
"IDI","11:28:08",11.8,0.4,500,3209200,"B"
"IDI","11:28:03",11.85,0.45,2500,3208700,"S"
"IDI","11:27:41",11.85,0.45,2000,3206200,"S"
"IDI","11:27:24",11.85,0.45,20000,3204200,"S"
"IDI","11:27:04",11.85,0.45,3000,3184200,"S"
"IDI","11:26:52",11.85,0.45,500,3181200,"S"
"IDI","11:26:39",11.85,0.45,10000,3180700,"S"
"IDI","11:26:22",11.85,0.45,500,3170700,"S"
"IDI","11:26:12",11.85,0.45,10200,3170200,"B"
"IDI","11:26:10",11.85,0.45,2000,3160000,"B"
"IDI","11:25:19",11.85,0.45,1000,3158000,"B"
"IDI","11:24:54",11.9,0.5,1500,3157000,"S"
"IDI","11:23:28",11.85,0.45,5000,3155500,"B"
"IDI","11:23:13",11.85,0.45,2000,3150500,"B"
"IDI","11:22:46",11.85,0.45,500,3148500,"B"
"IDI","11:22:37",11.85,0.45,8700,3148000,"S"
"IDI","11:21:39",11.85,0.45,2000,3139300,"S"
"IDI","11:20:48",11.85,0.45,500,3137300,"S"
"IDI","11:20:43",11.85,0.45,3000,3136800,"S"
"IDI","11:19:58",11.85,0.45,2000,3133800,"S"
"IDI","11:18:52",11.85,0.45,2000,3131800,"S"
"IDI","11:17:35",11.85,0.45,1000,3129800,"S"
"IDI","11:17:25",11.85,0.45,1000,3128800,"S"
"IDI","11:17:18",11.85,0.45,5000,3127800,"S"
"IDI","11:17:17",11.8,0.4,100,3122800,"B"
"IDI","11:17:09",11.8,0.4,500,3122700,"B"
"IDI","11:17:06",11.85,0.45,500,3122200,"S"
"IDI","11:17:04",11.85,0.45,900,3121700,"S"
"IDI","11:16:59",11.8,0.4,100,3120800,"B"
"IDI","11:16:53",11.85,0.45,3000,3120700,"S"
"IDI","11:16:23",11.85,0.45,500,3117700,"S"
"IDI","11:15:56",11.8,0.4,1100,3117200,"B"
"IDI","11:15:21",11.8,0.4,100,3116100,"B"
"IDI","11:14:54",11.85,0.45,200,3116000,"S"
"IDI","11:14:31",11.85,0.45,21600,3115800,"S"
"IDI","11:13:41",11.85,0.45,3500,3094200,"S"
"IDI","11:13:07",11.85,0.45,2000,3090700,"S"
"IDI","11:12:51",11.85,0.45,100,3088700,"S"
"IDI","11:12:19",11.8,0.4,400,3088600,"B"
"IDI","11:10:31",11.85,0.45,100,3088200,"S"
"IDI","11:09:18",11.85,0.45,3000,3088100,"S"
"IDI","11:08:18",11.85,0.45,1700,3085100,"S"
"IDI","11:07:32",11.85,0.45,1000,3083400,"S"
"IDI","11:06:58",11.85,0.45,2000,3082400,"S"
"IDI","11:06:50",11.85,0.45,1300,3080400,"S"
"IDI","11:06:27",11.85,0.45,100,3079100,"S"
"IDI","11:05:37",11.85,0.45,2600,3079000,"S"
"IDI","11:05:35",11.85,0.45,1700,3076400,"S"
"IDI","11:05:03",11.85,0.45,100,3074700,"S"
"IDI","11:03:57",11.85,0.45,100,3074600,"S"
"IDI","11:03:55",11.85,0.45,1500,3074500,"S"
"IDI","11:03:46",11.85,0.45,100,3073000,"S"
"IDI","11:03:45",11.85,0.45,200,3072900,"S"
"IDI","11:03:18",11.85,0.45,100,3072700,"S"
"IDI","11:02:24",11.85,0.45,1000,3072600,"S"
"IDI","11:02:15",11.85,0.45,3000,3071600,"S"
"IDI","11:01:57",11.8,0.4,100,3068600,"B"
"IDI","11:01:54",11.85,0.45,3100,3068500,"B"
"IDI","11:01:53",11.85,0.45,1000,3065400,"B"
"IDI","11:01:20",11.85,0.45,500,3064400,"B"
"IDI","11:01:15",11.85,0.45,2000,3063900,"B"
"IDI","11:00:32",11.85,0.45,5000,3061900,"B"
"IDI","11:00:11",11.85,0.45,100,3056900,"B"
"IDI","11:00:09",11.85,0.45,300,3056800,"B"
"IDI","10:59:50",11.85,0.45,400,3056500,"B"
"IDI","10:59:28",11.85,0.45,4800,3056100,"B"
"IDI","10:59:27",11.85,0.45,300,3051300,"B"
"IDI","10:59:22",11.85,0.45,5000,3051000,"B"
"IDI","10:58:45",11.85,0.45,1900,3046000,"B"
"IDI","10:58:41",11.85,0.45,5000,3044100,"B"
"IDI","10:58:34",11.85,0.45,2800,3039100,"B"
"IDI","10:58:26",11.85,0.45,5100,3036300,"B"
"IDI","10:58:22",11.85,0.45,12100,3031200,"B"
"IDI","10:58:17",11.85,0.45,7500,3019100,"B"
"IDI","10:58:08",11.85,0.45,20000,3011600,"B"
"IDI","10:57:44",11.85,0.45,200,2991600,"B"
"IDI","10:57:26",11.85,0.45,2700,2991400,"B"
"IDI","10:57:19",11.85,0.45,100,2988700,"B"
"IDI","10:56:40",11.85,0.45,100,2988600,"B"
"IDI","10:56:34",11.85,0.45,1000,2988500,"B"
"IDI","10:56:24",11.9,0.5,1500,2987500,"S"
"IDI","10:56:07",11.85,0.45,1000,2986000,"B"
"IDI","10:54:48",11.85,0.45,100,2985000,"B"
"IDI","10:54:36",11.9,0.5,1200,2984900,"S"
"IDI","10:54:31",11.9,0.5,100,2983700,"S"
"IDI","10:53:36",11.9,0.5,1000,2983600,"S"
"IDI","10:53:27",11.85,0.45,1000,2982600,"B"
"IDI","10:53:22",11.9,0.5,100,2981600,"S"
"IDI","10:52:10",11.9,0.5,200,2981500,"S"
"IDI","10:51:42",11.9,0.5,1400,2981300,"S"
"IDI","10:51:39",11.85,0.45,300,2979900,"B"
"IDI","10:50:35",11.85,0.45,100,2979600,"B"
"IDI","10:50:14",11.85,0.45,100,2979500,"B"
"IDI","10:48:56",11.9,0.5,1000,2979400,"S"
"IDI","10:48:55",11.9,0.5,2000,2978400,"S"
"IDI","10:48:15",11.9,0.5,100,2976400,"S"
"IDI","10:48:08",11.9,0.5,1000,2976300,"S"
"IDI","10:47:09",11.9,0.5,400,2975300,"S"
"IDI","10:47:03",11.85,0.45,2300,2974900,"B"
"IDI","10:46:56",11.85,0.45,700,2972600,"B"
"IDI","10:46:19",11.9,0.5,800,2971900,"S"
"IDI","10:44:49",11.9,0.5,3000,2971100,"S"
"IDI","10:44:39",11.9,0.5,5000,2968100,"S"
"IDI","10:44:37",11.85,0.45,3000,2963100,"B"
"IDI","10:44:33",11.9,0.5,500,2960100,"S"
"IDI","10:43:30",11.85,0.45,100,2959600,"B"
"IDI","10:43:12",11.85,0.45,3200,2959500,"S"
"IDI","10:43:09",11.85,0.45,13500,2956300,"S"
"IDI","10:43:07",11.85,0.45,4000,2942800,"S"
"IDI","10:43:01",11.85,0.45,1000,2938800,"S"
"IDI","10:42:55",11.85,0.45,1300,2937800,"S"
"IDI","10:42:51",11.85,0.45,2900,2936500,"S"
"IDI","10:42:44",11.85,0.45,6000,2933600,"S"
"IDI","10:42:27",11.85,0.45,1000,2927600,"S"
"IDI","10:42:15",11.8,0.4,100,2926600,"B"
"IDI","10:42:12",11.85,0.45,3000,2926500,"S"
"IDI","10:42:11",11.85,0.45,1000,2923500,"S"
"IDI","10:41:48",11.85,0.45,700,2922500,"S"
"IDI","10:41:27",11.85,0.45,1000,2921800,"S"
"IDI","10:41:13",11.85,0.45,500,2920800,"S"
"IDI","10:40:59",11.85,0.45,3000,2920300,"S"
"IDI","10:40:56",11.85,0.45,1300,2917300,"S"
"IDI","10:40:37",11.85,0.45,1000,2916000,"S"
"IDI","10:40:14",11.85,0.45,100,2915000,"S"
"IDI","10:40:02",11.85,0.45,1000,2914900,"S"
"IDI","10:39:58",11.85,0.45,1000,2913900,"S"
"IDI","10:39:57",11.85,0.45,1000,2912900,"S"
"IDI","10:39:44",11.85,0.45,2000,2911900,"S"
"IDI","10:39:33",11.85,0.45,3000,2909900,"S"
"IDI","10:39:30",11.85,0.45,100,2906900,"S"
"IDI","10:39:17",11.85,0.45,200,2906800,"S"
"IDI","10:39:08",11.85,0.45,500,2906600,"S"
"IDI","10:38:57",11.85,0.45,900,2906100,"S"
"IDI","10:38:52",11.85,0.45,500,2905200,"S"
"IDI","10:38:28",11.85,0.45,200,2904700,"S"
"IDI","10:37:50",11.85,0.45,10000,2904500,"S"
"IDI","10:37:28",11.8,0.4,100,2894500,"B"
"IDI","10:37:16",11.8,0.4,1000,2894400,"B"
"IDI","10:35:53",11.8,0.4,6000,2893400,"B"
"IDI","10:35:50",11.8,0.4,1900,2887400,"B"
"IDI","10:35:26",11.85,0.45,5300,2885500,"B"
"IDI","10:35:19",11.85,0.45,200,2880200,"B"
"IDI","10:34:49",11.85,0.45,700,2880000,"S"
"IDI","10:34:41",11.85,0.45,10000,2879300,"S"
"IDI","10:34:34",11.85,0.45,1200,2869300,"S"
"IDI","10:34:21",11.85,0.45,100,2868100,"S"
"IDI","10:33:57",11.85,0.45,500,2868000,"S"
"IDI","10:33:53",11.85,0.45,3100,2867500,"B"
"IDI","10:33:28",11.9,0.5,300,2864400,"S"
"IDI","10:33:25",11.85,0.45,50000,2864100,"B"
"IDI","10:33:04",11.85,0.45,5000,2814100,"B"
"IDI","10:33:02",11.9,0.5,100,2809100,"S"
"IDI","10:32:59",11.85,0.45,10000,2809000,"B"
"IDI","10:32:41",11.85,0.45,100,2799000,"B"
"IDI","10:32:40",11.85,0.45,600,2798900,"B"
"IDI","10:32:39",11.85,0.45,100,2798300,"B"
"IDI","10:32:08",11.85,0.45,500,2798200,"B"
"IDI","10:31:37",11.9,0.5,100,2797700,"S"
"IDI","10:30:48",11.9,0.5,2000,2797600,"S"
"IDI","10:30:23",11.9,0.5,2000,2795600,"S"
"IDI","10:29:44",11.9,0.5,2000,2793600,"S"
"IDI","10:29:17",11.9,0.5,1100,2791600,"S"
"IDI","10:28:42",11.9,0.5,1000,2790500,"S"
"IDI","10:28:36",11.9,0.5,500,2789500,"S"
"IDI","10:27:07",11.9,0.5,200,2789000,"S"
"IDI","10:25:53",11.9,0.5,100,2788800,"S"
"IDI","10:25:26",11.9,0.5,1000,2788700,"S"
"IDI","10:24:09",11.85,0.45,300,2787700,"B"
"IDI","10:23:36",11.85,0.45,3000,2787400,"B"
"IDI","10:22:50",11.85,0.45,1000,2784400,"B"
"IDI","10:22:47",11.9,0.5,1000,2783400,"S"
"IDI","10:22:30",11.9,0.5,2000,2782400,"S"
"IDI","10:22:15",11.9,0.5,1100,2780400,"S"
"IDI","10:22:05",11.9,0.5,1000,2779300,"S"
"IDI","10:21:58",11.9,0.5,600,2778300,"S"
"IDI","10:21:45",11.9,0.5,9000,2777700,"S"
"IDI","10:21:38",11.9,0.5,3000,2768700,"S"
"IDI","10:21:28",11.9,0.5,800,2765700,"S"
"IDI","10:21:16",11.9,0.5,1000,2764900,"S"
"IDI","10:21:11",11.85,0.45,100,2763900,"B"
"IDI","10:21:07",11.9,0.5,100,2763800,"S"
"IDI","10:21:06",11.9,0.5,1200,2763700,"B"
"IDI","10:21:00",11.9,0.5,500,2762500,"B"
"IDI","10:20:49",11.9,0.5,100,2762000,"B"
"IDI","10:20:37",11.9,0.5,500,2761900,"B"
"IDI","10:20:35",11.95,0.55,500,2761400,"S"
"IDI","10:20:31",11.9,0.5,200,2760900,"B"
"IDI","10:20:30",11.9,0.5,300,2760700,"B"
"IDI","10:20:09",11.9,0.5,5000,2760400,"B"
"IDI","10:19:45",11.9,0.5,100,2755400,"B"
"IDI","10:19:29",11.9,0.5,3000,2755300,"S"
"IDI","10:19:21",11.9,0.5,600,2752300,"S"
"IDI","10:19:21",11.9,0.5,2000,2751700,"S"
"IDI","10:19:20",11.9,0.5,800,2749700,"S"
"IDI","10:19:17",11.9,0.5,400,2748900,"B"
"IDI","10:19:15",11.9,0.5,5000,2748500,"B"
"IDI","10:19:14",11.9,0.5,3900,2743500,"B"
"IDI","10:19:13",11.9,0.5,500,2739600,"B"
"IDI","10:19:09",11.9,0.5,10000,2739100,"B"
"IDI","10:18:51",11.9,0.5,500,2729100,"B"
"IDI","10:18:46",11.9,0.5,100,2728600,"B"
"IDI","10:18:18",11.9,0.5,500,2728500,"B"
"IDI","10:18:14",11.9,0.5,200,2728000,"B"
"IDI","10:17:13",11.9,0.5,50000,2727800,"B"
"IDI","10:17:13",11.95,0.55,200,2677800,"S"
"IDI","10:16:36",11.95,0.55,200,2677600,"S"
"IDI","10:16:35",11.95,0.55,3300,2677400,"S"
"IDI","10:16:16",11.95,0.55,200,2674100,"S"
"IDI","10:16:10",11.95,0.55,3000,2673900,"S"
"IDI","10:15:48",11.95,0.55,500,2670900,"S"
"IDI","10:15:45",11.95,0.55,600,2670400,"S"
"IDI","10:15:40",11.95,0.55,300,2669800,"S"
"IDI","10:15:22",11.95,0.55,1000,2669500,"S"
"IDI","10:15:10",11.95,0.55,8000,2668500,"S"
"IDI","10:14:31",11.95,0.55,1000,2660500,"S"
"IDI","10:14:15",11.95,0.55,600,2659500,"S"
"IDI","10:14:01",11.95,0.55,1000,2658900,"S"
"IDI","10:13:59",11.95,0.55,2000,2657900,"S"
"IDI","10:13:56",11.95,0.55,200,2655900,"S"
"IDI","10:13:50",11.95,0.55,3500,2655700,"S"
"IDI","10:13:31",11.95,0.55,2000,2652200,"S"
"IDI","10:13:28",11.95,0.55,5000,2650200,"S"
"IDI","10:13:15",11.95,0.55,10000,2645200,"S"
"IDI","10:13:13",11.95,0.55,1000,2635200,"S"
"IDI","10:13:01",11.95,0.55,10000,2634200,"S"
"IDI","10:13:00",11.95,0.55,10000,2624200,"S"
"IDI","10:12:36",11.95,0.55,1500,2614200,"S"
"IDI","10:12:31",11.95,0.55,2000,2612700,"S"
"IDI","10:12:08",11.95,0.55,500,2610700,"S"
"IDI","10:11:33",11.95,0.55,2000,2610200,"S"
"IDI","10:11:33",11.95,0.55,15800,2608200,"B"
"IDI","10:11:29",11.95,0.55,20000,2592400,"B"
"IDI","10:11:25",11.95,0.55,2500,2572400,"B"
"IDI","10:11:14",11.95,0.55,5000,2569900,"B"
"IDI","10:11:10",11.95,0.55,5000,2564900,"B"
"IDI","10:10:53",11.95,0.55,600,2559900,"B"
"IDI","10:10:45",12,0.6,1000,2559300,"S"
"IDI","10:10:42",11.95,0.55,1000,2558300,"B"
"IDI","10:10:23",11.95,0.55,6000,2557300,"B"
"IDI","10:10:14",11.95,0.55,1000,2551300,"B"
"IDI","10:09:43",11.95,0.55,200,2550300,"B"
"IDI","10:09:40",11.95,0.55,2000,2550100,"B"
"IDI","10:09:31",11.95,0.55,1000,2548100,"B"
"IDI","10:09:20",11.95,0.55,1000,2547100,"B"
"IDI","10:09:01",11.95,0.55,1000,2546100,"B"
"IDI","10:08:32",11.95,0.55,100,2545100,"B"
"IDI","10:08:12",12,0.6,2500,2545000,"S"
"IDI","10:08:09",11.95,0.55,2000,2542500,"S"
"IDI","10:08:01",11.95,0.55,5000,2540500,"S"
"IDI","10:07:45",11.95,0.55,1500,2535500,"S"
"IDI","10:07:25",12,0.6,2900,2534000,"S"
"IDI","10:07:25",11.95,0.55,2100,2531100,"S"
"IDI","10:07:13",11.95,0.55,100,2529000,"S"
"IDI","10:07:12",11.95,0.55,300,2528900,"S"
"IDI","10:07:06",11.95,0.55,200,2528600,"S"
"IDI","10:07:05",11.95,0.55,300,2528400,"S"
"IDI","10:07:03",11.95,0.55,2300,2528100,"S"
"IDI","10:07:01",11.95,0.55,900,2525800,"S"
"IDI","10:06:41",11.95,0.55,1500,2524900,"S"
"IDI","10:06:15",11.95,0.55,2000,2523400,"S"
"IDI","10:06:13",11.95,0.55,100,2521400,"S"
"IDI","10:05:59",11.95,0.55,200,2521300,"S"
"IDI","10:05:50",11.95,0.55,500,2521100,"S"
"IDI","10:05:43",11.95,0.55,100,2520600,"S"
"IDI","10:05:39",11.95,0.55,100,2520500,"S"
"IDI","10:05:37",11.95,0.55,1200,2520400,"B"
"IDI","10:05:36",11.95,0.55,300,2519200,"B"
"IDI","10:05:35",11.95,0.55,100,2518900,"B"
"IDI","10:05:32",11.95,0.55,2000,2518800,"B"
"IDI","10:05:31",11.95,0.55,100,2516800,"B"
"IDI","10:05:26",11.95,0.55,100,2516700,"B"
"IDI","10:05:21",11.95,0.55,10000,2516600,"B"
"IDI","10:05:16",11.95,0.55,200,2506600,"B"
"IDI","10:05:15",11.95,0.55,700,2506400,"B"
"IDI","10:05:07",11.95,0.55,1000,2505700,"S"
"IDI","10:05:05",11.95,0.55,200,2504700,"S"
"IDI","10:05:04",11.95,0.55,400,2504500,"S"
"IDI","10:05:03",11.95,0.55,700,2504100,"S"
"IDI","10:04:50",11.95,0.55,700,2503400,"B"
"IDI","10:04:48",11.95,0.55,100,2502700,"B"
"IDI","10:04:45",11.95,0.55,3000,2502600,"B"
"IDI","10:04:41",11.95,0.55,2000,2499600,"B"
"IDI","10:04:40",11.95,0.55,200,2497600,"B"
"IDI","10:04:35",11.95,0.55,1000,2497400,"B"
"IDI","10:04:33",11.95,0.55,1000,2496400,"B"
"IDI","10:04:31",11.95,0.55,2000,2495400,"B"
"IDI","10:04:28",11.95,0.55,1500,2493400,"B"
"IDI","10:04:27",11.95,0.55,500,2491900,"B"
"IDI","10:04:27",11.95,0.55,5000,2491400,"B"
"IDI","10:04:22",11.95,0.55,1000,2486400,"B"
"IDI","10:04:13",11.95,0.55,100,2485400,"B"
"IDI","10:04:10",11.95,0.55,9000,2485300,"B"
"IDI","10:04:05",11.95,0.55,7500,2476300,"B"
"IDI","10:03:59",11.95,0.55,5000,2468800,"B"
"IDI","10:03:58",12,0.6,1000,2463800,"S"
"IDI","10:03:53",11.95,0.55,1000,2462800,"B"
"IDI","10:03:52",11.95,0.55,1000,2461800,"B"
"IDI","10:03:52",12,0.6,1200,2460800,"S"
"IDI","10:03:48",11.95,0.55,10000,2459600,"B"
"IDI","10:03:47",12,0.6,300,2449600,"S"
"IDI","10:03:34",12,0.6,2000,2449300,"S"
"IDI","10:03:29",11.95,0.55,1000,2447300,"B"
"IDI","10:03:25",11.95,0.55,700,2446300,"B"
"IDI","10:03:22",12,0.6,3300,2445600,"S"
"IDI","10:03:21",11.95,0.55,100,2442300,"B"
"IDI","10:03:19",11.95,0.55,200,2442200,"B"
"IDI","10:03:13",11.95,0.55,50000,2442000,"B"
"IDI","10:03:04",11.95,0.55,100,2392000,"B"
"IDI","10:03:02",12,0.6,500,2391900,"S"
"IDI","10:02:37",12,0.6,100,2391400,"S"
"IDI","10:02:29",11.95,0.55,1000,2391300,"B"
"IDI","10:02:25",12,0.6,200,2390300,"S"
"IDI","10:02:21",12,0.6,5000,2390100,"S"
"IDI","10:02:09",12,0.6,10000,2385100,"S"
"IDI","10:02:04",12,0.6,400,2375100,"S"
"IDI","10:01:58",12,0.6,500,2374700,"S"
"IDI","10:01:47",12,0.6,8000,2374200,"S"
"IDI","10:01:42",12,0.6,1100,2366200,"S"
"IDI","10:01:32",12,0.6,10000,2365100,"S"
"IDI","10:01:07",12,0.6,1600,2355100,"S"
"IDI","10:00:35",11.95,0.55,200,2353500,"B"
"IDI","10:00:32",11.95,0.55,5000,2353300,"B"
"IDI","10:00:20",11.95,0.55,200,2348300,"B"
"IDI","10:00:06",11.95,0.55,600,2348100,"B"
"IDI","09:59:59",12,0.6,20000,2347500,"S"
"IDI","09:59:49",12,0.6,100,2327500,"S"
"IDI","09:59:44",11.95,0.55,3500,2327400,"B"
"IDI","09:59:39",12,0.6,300,2323900,"S"
"IDI","09:59:34",12,0.6,10000,2323600,"S"
"IDI","09:59:33",12,0.6,500,2313600,"S"
"IDI","09:59:31",11.95,0.55,500,2313100,"B"
"IDI","09:59:30",11.95,0.55,400,2312600,"B"
"IDI","09:59:30",12,0.6,1000,2312200,"S"
"IDI","09:59:28",12,0.6,1000,2311200,"S"
"IDI","09:59:27",12,0.6,5000,2310200,"S"
"IDI","09:59:24",12,0.6,2000,2305200,"S"
"IDI","09:59:24",12,0.6,40000,2303200,"S"
"IDI","09:59:11",12,0.6,100,2263200,"S"
"IDI","09:59:10",11.95,0.55,22800,2263100,"S"
"IDI","09:59:09",11.95,0.55,24000,2240300,"S"
"IDI","09:59:08",11.95,0.55,2000,2216300,"S"
"IDI","09:59:07",11.95,0.55,3000,2214300,"S"
"IDI","09:59:01",11.95,0.55,900,2211300,"S"
"IDI","09:58:57",11.95,0.55,1000,2210400,"S"
"IDI","09:58:56",11.95,0.55,100,2209400,"S"
"IDI","09:58:52",11.95,0.55,30000,2209300,"S"
"IDI","09:58:50",11.95,0.55,4000,2179300,"S"
"IDI","09:58:48",11.95,0.55,100,2175300,"S"
"IDI","09:58:43",11.95,0.55,2000,2175200,"S"
"IDI","09:58:38",11.9,0.5,200,2173200,"B"
"IDI","09:58:31",11.9,0.5,10000,2173000,"B"
"IDI","09:58:27",11.9,0.5,300,2163000,"B"
"IDI","09:58:25",11.9,0.5,300,2162700,"S"
"IDI","09:58:24",11.9,0.5,2600,2162400,"S"
"IDI","09:58:22",11.9,0.5,31000,2159800,"S"
"IDI","09:58:21",11.9,0.5,300,2128800,"S"
"IDI","09:58:19",11.9,0.5,1000,2128500,"S"
"IDI","09:58:18",11.9,0.5,1500,2127500,"S"
"IDI","09:58:15",11.9,0.5,4100,2126000,"S"
"IDI","09:58:06",11.9,0.5,200,2121900,"S"
"IDI","09:58:04",11.9,0.5,1500,2121700,"S"
"IDI","09:57:57",11.9,0.5,2000,2120200,"S"
"IDI","09:57:54",11.85,0.45,100,2118200,"B"
"IDI","09:57:39",11.85,0.45,1000,2118100,"B"
"IDI","09:57:37",11.9,0.5,10000,2117100,"S"
"IDI","09:57:28",11.85,0.45,3000,2107100,"B"
"IDI","09:57:14",11.9,0.5,3000,2104100,"S"
"IDI","09:57:00",11.85,0.45,1400,2101100,"S"
"IDI","09:56:59",11.85,0.45,1000,2099700,"S"
"IDI","09:56:59",11.85,0.45,1500,2098700,"S"
"IDI","09:56:56",11.85,0.45,2100,2097200,"S"
"IDI","09:56:53",11.85,0.45,100,2095100,"S"
"IDI","09:56:51",11.85,0.45,300,2095000,"S"
"IDI","09:56:47",11.85,0.45,1000,2094700,"S"
"IDI","09:56:45",11.85,0.45,1000,2093700,"S"
"IDI","09:56:44",11.85,0.45,300,2092700,"S"
"IDI","09:56:41",11.85,0.45,800,2092400,"B"
"IDI","09:56:38",11.9,0.5,800,2091600,"S"
"IDI","09:56:38",11.85,0.45,200,2090800,"S"
"IDI","09:56:38",11.9,0.5,1000,2090600,"S"
"IDI","09:56:38",11.85,0.45,1500,2089600,"S"
"IDI","09:56:35",11.85,0.45,5000,2088100,"S"
"IDI","09:56:34",11.85,0.45,500,2083100,"S"
"IDI","09:56:31",11.85,0.45,13000,2082600,"B"
"IDI","09:56:09",11.9,0.5,6000,2069600,"S"
"IDI","09:56:09",11.85,0.45,1700,2063600,"S"
"IDI","09:55:53",11.85,0.45,3300,2061900,"B"
"IDI","09:55:52",11.85,0.45,5000,2058600,"B"
"IDI","09:55:48",11.85,0.45,400,2053600,"B"
"IDI","09:55:48",11.85,0.45,200,2053200,"B"
"IDI","09:55:46",11.85,0.45,200,2053000,"S"
"IDI","09:55:38",11.85,0.45,400,2052800,"B"
"IDI","09:55:35",11.85,0.45,300,2052400,"S"
"IDI","09:55:33",11.85,0.45,500,2052100,"S"
"IDI","09:55:24",11.85,0.45,9900,2051600,"B"
"IDI","09:55:20",11.85,0.45,6000,2041700,"B"
"IDI","09:55:13",11.85,0.45,100,2035700,"B"
"IDI","09:55:10",11.9,0.5,1000,2035600,"S"
"IDI","09:55:10",11.85,0.45,100,2034600,"B"
"IDI","09:55:00",11.85,0.45,500,2034500,"B"
"IDI","09:54:58",11.85,0.45,100,2034000,"B"
"IDI","09:54:55",11.85,0.45,7000,2033900,"B"
"IDI","09:54:47",11.85,0.45,9000,2026900,"B"
"IDI","09:54:43",11.9,0.5,2000,2017900,"S"
"IDI","09:54:43",11.85,0.45,500,2015900,"B"
"IDI","09:54:30",11.85,0.45,2100,2015400,"B"
"IDI","09:54:26",11.85,0.45,500,2013300,"B"
"IDI","09:54:25",11.85,0.45,200,2012800,"B"
"IDI","09:54:20",11.85,0.45,5400,2012600,"B"
"IDI","09:54:19",11.85,0.45,28600,2007200,"B"
"IDI","09:53:59",11.9,0.5,300,1978600,"S"
"IDI","09:53:45",11.9,0.5,300,1978300,"S"
"IDI","09:53:32",11.85,0.45,600,1978000,"B"
"IDI","09:53:15",11.85,0.45,1000,1977400,"B"
"IDI","09:53:07",11.9,0.5,100,1976400,"S"
"IDI","09:53:07",11.9,0.5,3000,1976300,"S"
"IDI","09:52:55",11.9,0.5,600,1973300,"S"
"IDI","09:52:38",11.9,0.5,100,1972700,"S"
"IDI","09:52:33",11.85,0.45,2000,1972600,"B"
"IDI","09:52:31",11.9,0.5,4500,1970600,"S"
"IDI","09:52:30",11.9,0.5,2400,1966100,"S"
"IDI","09:52:26",11.9,0.5,900,1963700,"S"
"IDI","09:52:25",11.9,0.5,100,1962800,"S"
"IDI","09:52:13",11.9,0.5,2800,1962700,"S"
"IDI","09:51:57",11.9,0.5,20000,1959900,"S"
"IDI","09:51:56",11.85,0.45,1000,1939900,"B"
"IDI","09:51:34",11.85,0.45,200,1938900,"B"
"IDI","09:51:26",11.85,0.45,1000,1938700,"B"
"IDI","09:50:58",11.9,0.5,2000,1937700,"S"
"IDI","09:50:43",11.85,0.45,10100,1935700,"B"
"IDI","09:50:11",11.85,0.45,25500,1925600,"S"
"IDI","09:50:09",11.85,0.45,400,1900100,"S"
"IDI","09:49:59",11.85,0.45,1500,1899700,"S"
"IDI","09:49:43",11.85,0.45,500,1898200,"S"
"IDI","09:49:31",11.85,0.45,600,1897700,"S"
"IDI","09:49:30",11.85,0.45,1000,1897100,"S"
"IDI","09:49:28",11.85,0.45,1000,1896100,"S"
"IDI","09:49:22",11.85,0.45,400,1895100,"S"
"IDI","09:49:21",11.85,0.45,3000,1894700,"S"
"IDI","09:49:18",11.85,0.45,2300,1891700,"S"
"IDI","09:49:12",11.85,0.45,6100,1889400,"S"
"IDI","09:49:12",11.85,0.45,500,1883300,"S"
"IDI","09:49:11",11.85,0.45,10000,1882800,"S"
"IDI","09:49:05",11.85,0.45,1400,1872800,"S"
"IDI","09:49:02",11.8,0.4,100,1871400,"B"
"IDI","09:48:57",11.8,0.4,1000,1871300,"B"
"IDI","09:48:53",11.85,0.45,100,1870300,"S"
"IDI","09:48:46",11.85,0.45,200,1870200,"S"
"IDI","09:48:31",11.85,0.45,100,1870000,"S"
"IDI","09:48:23",11.85,0.45,100,1869900,"S"
"IDI","09:48:21",11.85,0.45,3000,1869800,"S"
"IDI","09:48:05",11.85,0.45,500,1866800,"S"
"IDI","09:48:02",11.85,0.45,5300,1866300,"S"
"IDI","09:48:00",11.85,0.45,1000,1861000,"S"
"IDI","09:47:59",11.85,0.45,17600,1860000,"B"
"IDI","09:47:54",11.85,0.45,5000,1842400,"B"
"IDI","09:47:39",11.9,0.5,100,1837400,"S"
"IDI","09:47:19",11.9,0.5,200,1837300,"S"
"IDI","09:47:13",11.9,0.5,2000,1837100,"S"
"IDI","09:47:00",11.9,0.5,1000,1835100,"S"
"IDI","09:46:59",11.9,0.5,2000,1834100,"S"
"IDI","09:46:57",11.9,0.5,5000,1832100,"S"
"IDI","09:46:54",11.9,0.5,1000,1827100,"S"
"IDI","09:46:51",11.8,0.4,25500,1826100,"B"
"IDI","09:46:51",11.85,0.45,24500,1800600,"B"
"IDI","09:46:44",11.9,0.5,1500,1776100,"S"
"IDI","09:46:38",11.9,0.5,2300,1774600,"S"
"IDI","09:46:38",11.9,0.5,3000,1772300,"S"
"IDI","09:46:35",11.9,0.5,500,1769300,"S"
"IDI","09:46:32",11.9,0.5,200,1768800,"S"
"IDI","09:46:32",11.9,0.5,22500,1768600,"B"
"IDI","09:46:32",11.95,0.55,3200,1746100,"B"
"IDI","09:46:28",11.95,0.55,4200,1742900,"S"
"IDI","09:46:26",11.95,0.55,7700,1738700,"B"
"IDI","09:46:25",11.95,0.55,9200,1731000,"B"
"IDI","09:46:16",11.95,0.55,100,1721800,"B"
"IDI","09:46:16",12,0.6,5000,1721700,"S"
"IDI","09:46:16",12,0.6,100,1716700,"S"
"IDI","09:46:03",11.95,0.55,1000,1716600,"B"
"IDI","09:45:56",12,0.6,5000,1715600,"S"
"IDI","09:45:55",11.95,0.55,1000,1710600,"B"
"IDI","09:45:50",11.95,0.55,100,1709600,"B"
"IDI","09:45:48",11.95,0.55,200,1709500,"B"
"IDI","09:45:47",11.95,0.55,1400,1709300,"B"
"IDI","09:45:46",12,0.6,200,1707900,"S"
"IDI","09:45:44",11.95,0.55,1000,1707700,"B"
"IDI","09:45:39",11.95,0.55,1700,1706700,"S"
"IDI","09:45:34",11.95,0.55,800,1705000,"S"
"IDI","09:45:33",11.95,0.55,200,1704200,"S"
"IDI","09:45:32",11.95,0.55,3400,1704000,"B"
"IDI","09:45:32",12,0.6,3000,1700600,"S"
"IDI","09:45:28",11.95,0.55,10000,1697600,"B"
"IDI","09:45:24",11.95,0.55,100,1687600,"B"
"IDI","09:45:22",11.95,0.55,100,1687500,"B"
"IDI","09:45:18",11.95,0.55,1000,1687400,"B"
"IDI","09:45:18",11.95,0.55,100,1686400,"B"
"IDI","09:45:12",11.95,0.55,700,1686300,"S"
"IDI","09:45:11",11.95,0.55,1500,1685600,"S"
"IDI","09:45:10",11.95,0.55,500,1684100,"S"
"IDI","09:45:07",11.95,0.55,600,1683600,"S"
"IDI","09:45:06",11.95,0.55,2200,1683000,"S"
"IDI","09:45:05",11.95,0.55,9000,1680800,"S"
"IDI","09:45:05",11.95,0.55,12300,1671800,"S"
"IDI","09:45:03",11.95,0.55,52800,1659500,"S"
"IDI","09:45:02",11.95,0.55,1000,1606700,"S"
"IDI","09:45:02",11.95,0.55,500,1605700,"S"
"IDI","09:45:00",11.95,0.55,100,1605200,"S"
"IDI","09:44:59",11.95,0.55,5000,1605100,"S"
"IDI","09:44:58",11.9,0.5,500,1600100,"B"
"IDI","09:44:50",11.95,0.55,10000,1599600,"S"
"IDI","09:44:46",11.95,0.55,1600,1589600,"S"
"IDI","09:44:45",11.9,0.5,500,1588000,"B"
"IDI","09:44:45",11.95,0.55,2000,1587500,"S"
"IDI","09:44:45",11.9,0.5,100,1585500,"B"
"IDI","09:44:32",11.9,0.5,44700,1585400,"S"
"IDI","09:44:22",11.9,0.5,200,1540700,"S"
"IDI","09:44:21",11.9,0.5,19800,1540500,"S"
"IDI","09:44:16",11.9,0.5,7000,1520700,"S"
"IDI","09:44:12",11.85,0.45,500,1513700,"B"
"IDI","09:44:11",11.9,0.5,500,1513200,"S"
"IDI","09:44:03",11.85,0.45,1000,1512700,"B"
"IDI","09:43:55",11.85,0.45,6700,1511700,"S"
"IDI","09:43:52",11.85,0.45,3200,1505000,"S"
"IDI","09:43:51",11.85,0.45,2800,1501800,"S"
"IDI","09:43:49",11.85,0.45,400,1499000,"S"
"IDI","09:43:48",11.85,0.45,2000,1498600,"S"
"IDI","09:43:47",11.85,0.45,11100,1496600,"S"
"IDI","09:43:46",11.85,0.45,300,1485500,"S"
"IDI","09:43:44",11.85,0.45,3000,1485200,"S"
"IDI","09:43:40",11.85,0.45,1500,1482200,"S"
"IDI","09:43:39",11.85,0.45,500,1480700,"S"
"IDI","09:43:37",11.85,0.45,1000,1480200,"S"
"IDI","09:43:36",11.85,0.45,100,1479200,"S"
"IDI","09:43:35",11.85,0.45,2600,1479100,"S"
"IDI","09:43:35",11.8,0.4,600,1476500,"B"
"IDI","09:43:33",11.85,0.45,20900,1475900,"S"
"IDI","09:43:31",11.85,0.45,20000,1455000,"S"
"IDI","09:43:30",11.85,0.45,500,1435000,"S"
"IDI","09:43:28",11.85,0.45,1700,1434500,"S"
"IDI","09:43:27",11.85,0.45,1000,1432800,"S"
"IDI","09:43:23",11.85,0.45,26000,1431800,"S"
"IDI","09:43:16",11.8,0.4,1800,1405800,"B"
"IDI","09:43:14",11.8,0.4,1200,1404000,"B"
"IDI","09:43:13",11.85,0.45,1200,1402800,"S"
"IDI","09:43:07",11.8,0.4,94700,1401600,"S"
"IDI","09:43:06",11.8,0.4,500,1306900,"S"
"IDI","09:43:05",11.8,0.4,4000,1306400,"S"
"IDI","09:43:04",11.8,0.4,5800,1302400,"S"
"IDI","09:43:00",11.8,0.4,5000,1296600,"S"
"IDI","09:42:59",11.8,0.4,10000,1291600,"S"
"IDI","09:42:50",11.8,0.4,100,1281600,"S"
"IDI","09:42:45",11.8,0.4,14300,1281500,"S"
"IDI","09:42:44",11.8,0.4,63700,1267200,"S"
"IDI","09:42:39",11.8,0.4,300,1203500,"S"
"IDI","09:42:35",11.75,0.35,1000,1203200,"B"
"IDI","09:42:28",11.8,0.4,100,1202200,"S"
"IDI","09:42:16",11.75,0.35,5500,1202100,"B"
"IDI","09:42:13",11.8,0.4,100,1196600,"S"
"IDI","09:42:11",11.75,0.35,1200,1196500,"B"
"IDI","09:42:10",11.75,0.35,7000,1195300,"B"
"IDI","09:42:05",11.75,0.35,200,1188300,"B"
"IDI","09:42:02",11.8,0.4,1000,1188100,"S"
"IDI","09:41:59",11.75,0.35,200,1187100,"B"
"IDI","09:41:57",11.75,0.35,20000,1186900,"B"
"IDI","09:41:56",11.75,0.35,200,1166900,"B"
"IDI","09:41:51",11.75,0.35,100,1166700,"B"
"IDI","09:41:50",11.75,0.35,2000,1166600,"B"
"IDI","09:41:46",11.75,0.35,100,1164600,"B"
"IDI","09:41:42",11.8,0.4,1000,1164500,"S"
"IDI","09:41:32",11.75,0.35,300,1163500,"S"
"IDI","09:41:32",11.75,0.35,3500,1163200,"S"
"IDI","09:41:31",11.75,0.35,5000,1159700,"S"
"IDI","09:41:30",11.75,0.35,600,1154700,"S"
"IDI","09:41:29",11.75,0.35,1000,1154100,"S"
"IDI","09:41:28",11.75,0.35,1800,1153100,"S"
"IDI","09:41:27",11.75,0.35,1000,1151300,"S"
"IDI","09:41:26",11.75,0.35,2000,1150300,"S"
"IDI","09:41:26",11.75,0.35,12500,1148300,"S"
"IDI","09:41:25",11.75,0.35,500,1135800,"S"
"IDI","09:41:23",11.75,0.35,5000,1135300,"S"
"IDI","09:41:22",11.75,0.35,10400,1130300,"S"
"IDI","09:41:21",11.75,0.35,2400,1119900,"S"
"IDI","09:41:20",11.75,0.35,12000,1117500,"S"
"IDI","09:41:19",11.75,0.35,5000,1105500,"S"
"IDI","09:41:18",11.75,0.35,10000,1100500,"S"
"IDI","09:41:18",11.75,0.35,100,1090500,"S"
"IDI","09:41:17",11.75,0.35,1000,1090400,"S"
"IDI","09:41:17",11.75,0.35,1000,1089400,"S"
"IDI","09:41:15",11.75,0.35,400,1088400,"S"
"IDI","09:41:15",11.75,0.35,2000,1088000,"S"
"IDI","09:41:14",11.75,0.35,4600,1086000,"S"
"IDI","09:41:13",11.75,0.35,100,1081400,"S"
"IDI","09:41:08",11.75,0.35,35000,1081300,"S"
"IDI","09:41:06",11.75,0.35,200,1046300,"S"
"IDI","09:41:05",11.75,0.35,5000,1046100,"S"
"IDI","09:41:03",11.75,0.35,30000,1041100,"S"
"IDI","09:40:53",11.7,0.3,100,1011100,"B"
"IDI","09:40:41",11.7,0.3,200,1011000,"B"
"IDI","09:40:41",11.75,0.35,2000,1010800,"S"
"IDI","09:40:33",11.7,0.3,100,1008800,"B"
"IDI","09:40:17",11.7,0.3,100,1008700,"B"
"IDI","09:40:16",11.7,0.3,300,1008600,"B"
"IDI","09:40:14",11.75,0.35,5000,1008300,"S"
"IDI","09:40:10",11.7,0.3,10100,1003300,"B"
"IDI","09:40:00",11.7,0.3,4000,993200,"B"
"IDI","09:39:57",11.75,0.35,200,989200,"S"
"IDI","09:39:51",11.7,0.3,300,989000,"B"
"IDI","09:39:37",11.7,0.3,1000,988700,"B"
"IDI","09:39:32",11.7,0.3,1300,987700,"S"
"IDI","09:39:32",11.7,0.3,13500,986400,"S"
"IDI","09:39:31",11.7,0.3,100,972900,"S"
"IDI","09:39:31",11.7,0.3,2000,972800,"S"
"IDI","09:39:29",11.7,0.3,2000,970800,"S"
"IDI","09:39:27",11.7,0.3,41500,968800,"S"
"IDI","09:39:26",11.7,0.3,1500,927300,"S"
"IDI","09:39:25",11.7,0.3,300,925800,"S"
"IDI","09:39:20",11.7,0.3,300,925500,"S"
"IDI","09:39:18",11.7,0.3,500,925200,"S"
"IDI","09:39:18",11.65,0.25,12300,924700,"B"
"IDI","09:39:18",11.7,0.3,5000,912400,"S"
"IDI","09:39:16",11.7,0.3,3000,907400,"S"
"IDI","09:39:11",11.7,0.3,8000,904400,"S"
"IDI","09:39:10",11.7,0.3,2000,896400,"S"
"IDI","09:39:09",11.7,0.3,500,894400,"S"
"IDI","09:39:07",11.7,0.3,2000,893900,"S"
"IDI","09:39:05",11.7,0.3,400,891900,"S"
"IDI","09:39:01",11.7,0.3,10000,891500,"S"
"IDI","09:39:00",11.65,0.25,100,881500,"B"
"IDI","09:38:57",11.7,0.3,5000,881400,"S"
"IDI","09:38:56",11.7,0.3,2000,876400,"S"
"IDI","09:38:56",11.7,0.3,500,874400,"S"
"IDI","09:38:54",11.7,0.3,300,873900,"S"
"IDI","09:38:51",11.7,0.3,25000,873600,"S"
"IDI","09:38:48",11.7,0.3,5800,848600,"S"
"IDI","09:38:34",11.65,0.25,500,842800,"B"
"IDI","09:38:34",11.7,0.3,30000,842300,"S"
"IDI","09:38:31",11.65,0.25,200,812300,"B"
"IDI","09:38:26",11.7,0.3,300,812100,"S"
"IDI","09:38:08",11.65,0.25,500,811800,"B"
"IDI","09:38:03",11.65,0.25,600,811300,"B"
"IDI","09:37:58",11.65,0.25,1400,810700,"B"
"IDI","09:37:38",11.65,0.25,5000,809300,"B"
"IDI","09:37:36",11.65,0.25,1000,804300,"B"
"IDI","09:37:32",11.65,0.25,400,803300,"B"
"IDI","09:37:06",11.65,0.25,1000,802900,"B"
"IDI","09:37:06",11.65,0.25,400,801900,"B"
"IDI","09:37:02",11.65,0.25,100,801500,"B"
"IDI","09:36:41",11.65,0.25,100,801400,"B"
"IDI","09:36:33",11.65,0.25,5000,801300,"B"
"IDI","09:36:28",11.7,0.3,500,796300,"S"
"IDI","09:36:20",11.7,0.3,100,795800,"S"
"IDI","09:36:10",11.7,0.3,900,795700,"S"
"IDI","09:36:04",11.65,0.25,5000,794800,"B"
"IDI","09:36:03",11.65,0.25,200,789800,"B"
"IDI","09:35:57",11.65,0.25,15700,789600,"B"
"IDI","09:35:48",11.65,0.25,200,773900,"B"
"IDI","09:35:44",11.65,0.25,5000,773700,"B"
"IDI","09:35:35",11.65,0.25,100,768700,"B"
"IDI","09:35:29",11.65,0.25,1000,768600,"B"
"IDI","09:35:26",11.65,0.25,500,767600,"B"
"IDI","09:35:10",11.65,0.25,500,767100,"B"
"IDI","09:35:07",11.65,0.25,1200,766600,"B"
"IDI","09:35:03",11.65,0.25,500,765400,"B"
"IDI","09:35:00",11.65,0.25,1000,764900,"B"
"IDI","09:34:55",11.65,0.25,500,763900,"B"
"IDI","09:34:46",11.65,0.25,600,763400,"S"
"IDI","09:34:43",11.65,0.25,800,762800,"S"
"IDI","09:34:31",11.65,0.25,100,762000,"S"
"IDI","09:34:30",11.65,0.25,3000,761900,"S"
"IDI","09:34:28",11.65,0.25,100,758900,"S"
"IDI","09:34:23",11.65,0.25,1300,758800,"B"
"IDI","09:34:22",11.65,0.25,800,757500,"S"
"IDI","09:34:15",11.65,0.25,4200,756700,"B"
"IDI","09:34:10",11.65,0.25,100,752500,"B"
"IDI","09:34:08",11.65,0.25,18100,752400,"S"
"IDI","09:34:07",11.65,0.25,2000,734300,"S"
"IDI","09:34:06",11.65,0.25,600,732300,"S"
"IDI","09:34:05",11.65,0.25,1000,731700,"S"
"IDI","09:34:00",11.65,0.25,2000,730700,"S"
"IDI","09:33:58",11.65,0.25,2000,728700,"S"
"IDI","09:33:43",11.65,0.25,1000,726700,"S"
"IDI","09:33:41",11.65,0.25,200,725700,"S"
"IDI","09:33:32",11.65,0.25,17000,725500,"B"
"IDI","09:33:30",11.65,0.25,1900,708500,"B"
"IDI","09:33:12",11.65,0.25,5000,706600,"B"
"IDI","09:33:09",11.7,0.3,600,701600,"S"
"IDI","09:33:06",11.65,0.25,100,701000,"B"
"IDI","09:33:06",11.65,0.25,100,700900,"B"
"IDI","09:33:04",11.65,0.25,2700,700800,"S"
"IDI","09:33:04",11.65,0.25,1000,698100,"S"
"IDI","09:33:02",11.65,0.25,100,697100,"S"
"IDI","09:32:56",11.7,0.3,700,697000,"S"
"IDI","09:32:52",11.65,0.25,400,696300,"B"
"IDI","09:32:50",11.65,0.25,500,695900,"B"
"IDI","09:32:45",11.7,0.3,200,695400,"S"
"IDI","09:32:42",11.65,0.25,100,695200,"S"
"IDI","09:32:41",11.65,0.25,4900,695100,"B"
"IDI","09:32:40",11.65,0.25,300,690200,"B"
"IDI","09:32:39",11.65,0.25,500,689900,"B"
"IDI","09:32:34",11.65,0.25,18600,689400,"B"
"IDI","09:32:33",11.65,0.25,10000,670800,"B"
"IDI","09:32:31",11.65,0.25,3300,660800,"B"
"IDI","09:32:30",11.65,0.25,1000,657500,"B"
"IDI","09:32:25",11.65,0.25,3600,656500,"B"
"IDI","09:32:04",11.7,0.3,100,652900,"S"
"IDI","09:32:03",11.7,0.3,1000,652800,"S"
"IDI","09:32:02",11.65,0.25,1000,651800,"B"
"IDI","09:31:51",11.7,0.3,400,650800,"S"
"IDI","09:31:49",11.7,0.3,15100,650400,"B"
"IDI","09:31:47",11.7,0.3,700,635300,"B"
"IDI","09:31:46",11.7,0.3,20000,634600,"B"
"IDI","09:31:45",11.7,0.3,11900,614600,"B"
"IDI","09:31:43",11.7,0.3,5000,602700,"B"
"IDI","09:31:42",11.7,0.3,100,597700,"B"
"IDI","09:31:40",11.7,0.3,1000,597600,"B"
"IDI","09:31:38",11.7,0.3,100,596600,"B"
"IDI","09:31:21",11.75,0.35,2000,596500,"S"
"IDI","09:31:01",11.75,0.35,12000,594500,"S"
"IDI","09:30:49",11.75,0.35,5000,582500,"S"
"IDI","09:30:32",11.75,0.35,2000,577500,"S"
"IDI","09:30:23",11.75,0.35,8000,575500,"S"
"IDI","09:30:07",11.75,0.35,2300,567500,"S"
"IDI","09:29:54",11.7,0.3,500,565200,"B"
"IDI","09:29:48",11.7,0.3,500,564700,"B"
"IDI","09:29:46",11.7,0.3,1000,564200,"B"
"IDI","09:29:41",11.7,0.3,8700,563200,"S"
"IDI","09:29:40",11.7,0.3,25000,554500,"S"
"IDI","09:29:33",11.7,0.3,300,529500,"S"
"IDI","09:29:32",11.7,0.3,100,529200,"S"
"IDI","09:29:28",11.7,0.3,5000,529100,"S"
"IDI","09:29:21",11.7,0.3,500,524100,"S"
"IDI","09:29:18",11.7,0.3,4700,523600,"S"
"IDI","09:29:17",11.7,0.3,3200,518900,"S"
"IDI","09:29:17",11.65,0.25,500,515700,"S"
"IDI","09:29:10",11.7,0.3,1100,515200,"S"
"IDI","09:29:09",11.7,0.3,400,514100,"S"
"IDI","09:29:09",11.65,0.25,100,513700,"S"
"IDI","09:29:05",11.7,0.3,25000,513600,"S"
"IDI","09:29:02",11.7,0.3,12500,488600,"S"
"IDI","09:29:02",11.7,0.3,7500,476100,"S"
"IDI","09:29:02",11.6,0.2,5100,468600,"B"
"IDI","09:29:02",11.65,0.25,4900,463500,"B"
"IDI","09:28:58",11.65,0.25,1300,458600,"B"
"IDI","09:28:56",11.65,0.25,400,457300,"S"
"IDI","09:28:54",11.65,0.25,1100,456400,"B"
"IDI","09:28:53",11.65,0.25,38900,455300,"S"
"IDI","09:28:52",11.65,0.25,30000,416400,"S"
"IDI","09:28:51",11.65,0.25,500,386400,"S"
"IDI","09:28:37",11.65,0.25,1000,385900,"S"
"IDI","09:28:36",11.6,0.2,5000,384900,"B"
"IDI","09:28:36",11.65,0.25,20000,379900,"S"
"IDI","09:28:35",11.6,0.2,200,359900,"B"
"IDI","09:28:31",11.6,0.2,9100,359700,"S"
"IDI","09:28:28",11.6,0.2,500,350600,"S"
"IDI","09:28:27",11.6,0.2,10000,350100,"S"
"IDI","09:28:23",11.6,0.2,900,340100,"S"
"IDI","09:28:19",11.6,0.2,20000,339200,"S"
"IDI","09:28:18",11.6,0.2,500,319200,"S"
"IDI","09:28:13",11.6,0.2,10900,318700,"S"
"IDI","09:28:10",11.6,0.2,3700,307800,"S"
"IDI","09:28:08",11.6,0.2,30000,304100,"S"
"IDI","09:28:06",11.6,0.2,200,274100,"S"
"IDI","09:28:05",11.6,0.2,3500,273900,"S"
"IDI","09:28:05",11.55,0.15,200,270400,"B"
"IDI","09:28:01",11.6,0.2,23600,270200,"S"
"IDI","09:28:00",11.6,0.2,26400,246600,"S"
"IDI","09:27:58",11.55,0.15,500,220200,"B"
"IDI","09:27:51",11.55,0.15,6700,219700,"B"
"IDI","09:27:27",11.6,0.2,5000,213000,"S"
"IDI","09:27:23",11.55,0.15,1000,208000,"S"
"IDI","09:27:12",11.6,0.2,6100,207000,"S"
"IDI","09:27:05",11.55,0.15,26500,196200,"B"
"IDI","09:27:01",11.55,0.15,100,169700,"B"
"IDI","09:27:00",11.55,0.15,5000,169600,"B"
"IDI","09:26:53",11.55,0.15,8000,164600,"B"
"IDI","09:25:56",11.55,0.15,100,156600,"B"
"IDI","09:25:49",11.55,0.15,100,156500,"B"
"IDI","09:25:45",11.55,0.15,1300,156400,"S"
"IDI","09:25:37",11.55,0.15,10400,155100,"S"
"IDI","09:25:31",11.55,0.15,1000,144700,"S"
"IDI","09:25:24",11.55,0.15,1000,143700,"S"
"IDI","09:24:59",11.55,0.15,200,142700,"S"
"IDI","09:24:38",11.5,0.1,200,142500,"B"
"IDI","09:24:35",11.5,0.1,5000,142300,"B"
"IDI","09:24:18",11.5,0.1,1000,137300,"B"
"IDI","09:24:14",11.5,0.1,1000,136300,"B"
"IDI","09:24:13",11.5,0.1,5000,135300,"B"
"IDI","09:24:05",11.5,0.1,100,130300,"B"
"IDI","09:24:02",11.5,0.1,500,130200,"B"
"IDI","09:23:57",11.5,0.1,10000,129700,"B"
"IDI","09:23:50",11.5,0.1,100,119700,"B"
"IDI","09:23:38",11.5,0.1,100,119600,"B"
"IDI","09:23:17",11.5,0.1,200,119500,"B"
"IDI","09:23:16",11.5,0.1,100,119300,"B"
"IDI","09:23:15",11.5,0.1,5000,119200,"B"
"IDI","09:22:20",11.5,0.1,1000,114200,"B"
"IDI","09:21:41",11.5,0.1,4100,113200,"S"
"IDI","09:21:40",11.5,0.1,2000,109100,"S"
"IDI","09:21:36",11.45,0.05,100,107100,"B"
"IDI","09:21:33",11.5,0.1,15000,107000,"S"
"IDI","09:21:22",11.45,0.05,2500,92000,"B"
"IDI","09:21:21",11.5,0.1,1000,89500,"S"
"IDI","09:20:56",11.45,0.05,500,88500,"B"
"IDI","09:20:49",11.5,0.1,20000,88000,"S"
"IDI","09:20:48",11.45,0.05,5000,68000,"B"
"IDI","09:20:47",11.5,0.1,5600,63000,"S"
"IDI","09:20:43",11.45,0.05,100,57400,"B"
"IDI","09:20:09",11.5,0.1,10000,57300,"S"
"IDI","09:19:45",11.5,0.1,2000,47300,"S"
"IDI","09:19:33",11.5,0.1,800,45300,"S"
"IDI","09:19:11",11.5,0.1,3000,44500,"S"
"IDI","09:19:11",11.45,0.05,10000,41500,"B"
"IDI","09:19:03",11.5,0.1,400,31500,"S"
"IDI","09:18:40",11.45,0.05,4000,31100,"B"
"IDI","09:18:36",11.45,0.05,5000,27100,"B"
"IDI","09:18:09",11.45,0.05,10000,22100,"B"
"IDI","09:17:46",11.45,0.05,100,12100,"S"
"IDI","09:16:00",11.4,0,700,12000,"B"
"IDI","09:15:00",11.4,0,11300,11300,
