"symbol","time","price","change","vol","total","side"
"PDR","14:45:00",28.8,0.85,601100,16509000,
"PDR","14:29:59",28.75,0.8,100,15907900,"B"
"PDR","14:29:58",28.8,0.85,1000,15907800,"S"
"PDR","14:29:58",28.75,0.8,100,15906800,"B"
"PDR","14:29:57",28.8,0.85,2000,15906700,"S"
"PDR","14:29:55",28.8,0.85,1000,15904700,"S"
"PDR","14:29:53",28.75,0.8,16000,15903700,"B"
"PDR","14:29:53",28.8,0.85,1300,15887700,"S"
"PDR","14:29:49",28.8,0.85,1300,15886400,"S"
"PDR","14:29:47",28.75,0.8,100,15885100,"B"
"PDR","14:29:46",28.8,0.85,400,15885000,"S"
"PDR","14:29:46",28.75,0.8,200,15884600,"B"
"PDR","14:29:45",28.8,0.85,1600,15884400,"S"
"PDR","14:29:44",28.8,0.85,10000,15882800,"S"
"PDR","14:29:43",28.75,0.8,1600,15872800,"B"
"PDR","14:29:43",28.75,0.8,1500,15871200,"B"
"PDR","14:29:42",28.8,0.85,100,15869700,"S"
"PDR","14:29:41",28.75,0.8,500,15869600,"B"
"PDR","14:29:40",28.8,0.85,1600,15869100,"S"
"PDR","14:29:38",28.8,0.85,1000,15867500,"S"
"PDR","14:29:34",28.8,0.85,1400,15866500,"S"
"PDR","14:29:32",28.75,0.8,2000,15865100,"B"
"PDR","14:29:30",28.75,0.8,600,15863100,"B"
"PDR","14:29:29",28.8,0.85,1800,15862500,"S"
"PDR","14:29:26",28.75,0.8,1000,15860700,"B"
"PDR","14:29:25",28.8,0.85,1000,15859700,"S"
"PDR","14:29:24",28.8,0.85,1200,15858700,"S"
"PDR","14:29:22",28.75,0.8,400,15857500,"B"
"PDR","14:29:21",28.8,0.85,800,15857100,"S"
"PDR","14:29:20",28.8,0.85,1200,15856300,"S"
"PDR","14:29:16",28.75,0.8,500,15855100,"B"
"PDR","14:29:14",28.8,0.85,300,15854600,"S"
"PDR","14:29:13",28.75,0.8,17800,15854300,"B"
"PDR","14:29:11",28.75,0.8,100,15836500,"B"
"PDR","14:29:11",28.8,0.85,700,15836400,"S"
"PDR","14:29:11",28.8,0.85,100,15835700,"S"
"PDR","14:29:08",28.75,0.8,2000,15835600,"B"
"PDR","14:29:07",28.75,0.8,2000,15833600,"B"
"PDR","14:29:06",28.8,0.85,700,15831600,"S"
"PDR","14:29:05",28.75,0.8,10000,15830900,"B"
"PDR","14:29:04",28.75,0.8,5000,15820900,"B"
"PDR","14:29:03",28.75,0.8,7100,15815900,"B"
"PDR","14:28:59",28.75,0.8,100,15808800,"B"
"PDR","14:28:59",28.8,0.85,400,15808700,"S"
"PDR","14:28:56",28.75,0.8,20000,15808300,"B"
"PDR","14:28:54",28.75,0.8,1000,15788300,"B"
"PDR","14:28:54",28.75,0.8,2000,15787300,"B"
"PDR","14:28:51",28.75,0.8,1000,15785300,"B"
"PDR","14:28:49",28.75,0.8,10000,15784300,"B"
"PDR","14:28:49",28.75,0.8,1200,15774300,"B"
"PDR","14:28:48",28.75,0.8,100,15773100,"B"
"PDR","14:28:45",28.75,0.8,2500,15773000,"B"
"PDR","14:28:44",28.8,0.85,400,15770500,"S"
"PDR","14:28:44",28.75,0.8,3000,15770100,"B"
"PDR","14:28:40",28.75,0.8,100,15767100,"B"
"PDR","14:28:39",28.75,0.8,11100,15767000,"S"
"PDR","14:28:38",28.75,0.8,200,15755900,"S"
"PDR","14:28:36",28.75,0.8,10100,15755700,"S"
"PDR","14:28:34",28.75,0.8,1000,15745600,"S"
"PDR","14:28:31",28.75,0.8,200,15744600,"S"
"PDR","14:28:30",28.8,0.85,100,15744400,"S"
"PDR","14:28:30",28.75,0.8,1000,15744300,"B"
"PDR","14:28:29",28.75,0.8,3000,15743300,"B"
"PDR","14:28:29",28.8,0.85,400,15740300,"S"
"PDR","14:28:29",28.75,0.8,900,15739900,"S"
"PDR","14:28:28",28.75,0.8,100,15739000,"B"
"PDR","14:28:28",28.8,0.85,1000,15738900,"S"
"PDR","14:28:28",28.75,0.8,200,15737900,"B"
"PDR","14:28:25",28.75,0.8,20100,15737700,"B"
"PDR","14:28:24",28.75,0.8,100,15717600,"B"
"PDR","14:28:23",28.8,0.85,200,15717500,"S"
"PDR","14:28:23",28.75,0.8,200,15717300,"B"
"PDR","14:28:22",28.75,0.8,2000,15717100,"B"
"PDR","14:28:19",28.75,0.8,2000,15715100,"B"
"PDR","14:28:18",28.75,0.8,3000,15713100,"B"
"PDR","14:28:18",28.8,0.85,100,15710100,"S"
"PDR","14:28:15",28.8,0.85,1000,15710000,"S"
"PDR","14:28:15",28.75,0.8,92000,15709000,"B"
"PDR","14:28:13",28.8,0.85,400,15617000,"S"
"PDR","14:28:12",28.75,0.8,1200,15616600,"B"
"PDR","14:28:11",28.75,0.8,30000,15615400,"B"
"PDR","14:28:10",28.75,0.8,3000,15585400,"B"
"PDR","14:28:08",28.75,0.8,1000,15582400,"B"
"PDR","14:28:04",28.8,0.85,100,15581400,"S"
"PDR","14:28:02",28.75,0.8,1000,15581300,"B"
"PDR","14:27:58",28.8,0.85,400,15580300,"S"
"PDR","14:27:55",28.8,0.85,8000,15579900,"S"
"PDR","14:27:55",28.75,0.8,500,15571900,"B"
"PDR","14:27:50",28.75,0.8,5000,15571400,"B"
"PDR","14:27:49",28.8,0.85,4000,15566400,"S"
"PDR","14:27:48",28.75,0.8,60000,15562400,"B"
"PDR","14:27:46",28.75,0.8,300,15502400,"B"
"PDR","14:27:43",28.8,0.85,400,15502100,"S"
"PDR","14:27:41",28.8,0.85,2000,15501700,"S"
"PDR","14:27:39",28.75,0.8,500,15499700,"B"
"PDR","14:27:38",28.8,0.85,1000,15499200,"S"
"PDR","14:27:33",28.8,0.85,800,15498200,"S"
"PDR","14:27:32",28.75,0.8,500,15497400,"B"
"PDR","14:27:29",28.75,0.8,100,15496900,"B"
"PDR","14:27:28",28.8,0.85,3400,15496800,"S"
"PDR","14:27:27",28.75,0.8,1800,15493400,"B"
"PDR","14:27:24",28.75,0.8,200,15491600,"B"
"PDR","14:27:23",28.75,0.8,600,15491400,"B"
"PDR","14:27:21",28.75,0.8,2000,15490800,"B"
"PDR","14:27:20",28.75,0.8,6500,15488800,"B"
"PDR","14:27:18",28.75,0.8,1000,15482300,"B"
"PDR","14:27:16",28.75,0.8,10000,15481300,"B"
"PDR","14:27:13",28.8,0.85,400,15471300,"S"
"PDR","14:27:07",28.75,0.8,100,15470900,"B"
"PDR","14:27:03",28.75,0.8,2000,15470800,"B"
"PDR","14:27:01",28.8,0.85,1500,15468800,"S"
"PDR","14:27:01",28.75,0.8,500,15467300,"S"
"PDR","14:26:58",28.8,0.85,400,15466800,"S"
"PDR","14:26:56",28.8,0.85,1600,15466400,"S"
"PDR","14:26:56",28.75,0.8,400,15464800,"S"
"PDR","14:26:56",28.75,0.8,1700,15464400,"B"
"PDR","14:26:55",28.75,0.8,5000,15462700,"B"
"PDR","14:26:54",28.75,0.8,3000,15457700,"B"
"PDR","14:26:53",28.75,0.8,1000,15454700,"B"
"PDR","14:26:52",28.8,0.85,1700,15453700,"S"
"PDR","14:26:51",28.75,0.8,1000,15452000,"B"
"PDR","14:26:51",28.8,0.85,500,15451000,"S"
"PDR","14:26:51",28.75,0.8,1200,15450500,"B"
"PDR","14:26:49",28.8,0.85,300,15449300,"S"
"PDR","14:26:48",28.8,0.85,1300,15449000,"S"
"PDR","14:26:48",28.75,0.8,5000,15447700,"B"
"PDR","14:26:47",28.8,0.85,100,15442700,"S"
"PDR","14:26:47",28.75,0.8,2000,15442600,"B"
"PDR","14:26:47",28.75,0.8,1000,15440600,"B"
"PDR","14:26:46",28.8,0.85,700,15439600,"S"
"PDR","14:26:46",28.75,0.8,5000,15438900,"B"
"PDR","14:26:44",28.75,0.8,1000,15433900,"B"
"PDR","14:26:43",28.8,0.85,1700,15432900,"S"
"PDR","14:26:43",28.75,0.8,500,15431200,"B"
"PDR","14:26:38",28.75,0.8,100,15430700,"B"
"PDR","14:26:38",28.8,0.85,1600,15430600,"S"
"PDR","14:26:37",28.75,0.8,9500,15429000,"B"
"PDR","14:26:37",28.8,0.85,200,15419500,"S"
"PDR","14:26:36",28.75,0.8,500,15419300,"B"
"PDR","14:26:32",28.8,0.85,1600,15418800,"S"
"PDR","14:26:30",28.75,0.8,25000,15417200,"B"
"PDR","14:26:29",28.8,0.85,700,15392200,"S"
"PDR","14:26:28",28.75,0.8,500,15391500,"B"
"PDR","14:26:28",28.8,0.85,400,15391000,"S"
"PDR","14:26:27",28.8,0.85,1400,15390600,"S"
"PDR","14:26:25",28.75,0.8,10000,15389200,"B"
"PDR","14:26:22",28.75,0.8,100,15379200,"B"
"PDR","14:26:22",28.75,0.8,15700,15379100,"B"
"PDR","14:26:21",28.75,0.8,1400,15363400,"B"
"PDR","14:26:20",28.75,0.8,1000,15362000,"B"
"PDR","14:26:18",28.8,0.85,1400,15361000,"S"
"PDR","14:26:17",28.8,0.85,100,15359600,"S"
"PDR","14:26:16",28.75,0.8,300,15359500,"B"
"PDR","14:26:16",28.8,0.85,200,15359200,"S"
"PDR","14:26:14",28.8,0.85,1200,15359000,"S"
"PDR","14:26:12",28.8,0.85,400,15357800,"S"
"PDR","14:26:11",28.8,0.85,6000,15357400,"S"
"PDR","14:26:10",28.8,0.85,10000,15351400,"S"
"PDR","14:26:10",28.75,0.8,500,15341400,"B"
"PDR","14:26:08",28.8,0.85,1800,15340900,"S"
"PDR","14:26:06",28.8,0.85,1200,15339100,"S"
"PDR","14:26:02",28.8,0.85,1700,15337900,"S"
"PDR","14:26:02",28.75,0.8,700,15336200,"B"
"PDR","14:25:59",28.8,0.85,200,15335500,"S"
"PDR","14:25:58",28.75,0.8,500,15335300,"B"
"PDR","14:25:57",28.8,0.85,1900,15334800,"S"
"PDR","14:25:56",28.75,0.8,1000,15332900,"B"
"PDR","14:25:55",28.75,0.8,14100,15331900,"B"
"PDR","14:25:55",28.8,0.85,2000,15317800,"S"
"PDR","14:25:55",28.75,0.8,200,15315800,"B"
"PDR","14:25:54",28.75,0.8,2000,15315600,"B"
"PDR","14:25:52",28.75,0.8,100,15313600,"B"
"PDR","14:25:48",28.8,0.85,100,15313500,"S"
"PDR","14:25:43",28.75,0.8,20000,15313400,"B"
"PDR","14:25:42",28.8,0.85,400,15293400,"S"
"PDR","14:25:40",28.75,0.8,1000,15293000,"B"
"PDR","14:25:36",28.75,0.8,1000,15292000,"B"
"PDR","14:25:35",28.75,0.8,100,15291000,"B"
"PDR","14:25:34",28.75,0.8,100,15290900,"B"
"PDR","14:25:28",28.75,0.8,5000,15290800,"B"
"PDR","14:25:27",28.8,0.85,400,15285800,"S"
"PDR","14:25:26",28.75,0.8,1000,15285400,"B"
"PDR","14:25:24",28.8,0.85,1200,15284400,"S"
"PDR","14:25:24",28.75,0.8,1800,15283200,"B"
"PDR","14:25:19",28.75,0.8,5000,15281400,"B"
"PDR","14:25:15",28.75,0.8,20000,15276400,"B"
"PDR","14:25:12",28.75,0.8,1000,15256400,"B"
"PDR","14:25:12",28.8,0.85,400,15255400,"S"
"PDR","14:25:11",28.75,0.8,200,15255000,"B"
"PDR","14:25:06",28.75,0.8,200,15254800,"B"
"PDR","14:24:58",28.75,0.8,3000,15254600,"B"
"PDR","14:24:57",28.8,0.85,400,15251600,"S"
"PDR","14:24:57",28.75,0.8,200,15251200,"B"
"PDR","14:24:47",28.75,0.8,100,15251000,"B"
"PDR","14:24:44",28.8,0.85,1000,15250900,"S"
"PDR","14:24:42",28.8,0.85,400,15249900,"S"
"PDR","14:24:38",28.8,0.85,20000,15249500,"S"
"PDR","14:24:36",28.75,0.8,7700,15229500,"B"
"PDR","14:24:35",28.75,0.8,12300,15221800,"B"
"PDR","14:24:35",28.8,0.85,12000,15209500,"S"
"PDR","14:24:34",28.8,0.85,400,15197500,"S"
"PDR","14:24:29",28.8,0.85,100,15197100,"S"
"PDR","14:24:28",28.8,0.85,2200,15197000,"S"
"PDR","14:24:28",28.8,0.85,800,15194800,"S"
"PDR","14:24:27",28.8,0.85,700,15194000,"S"
"PDR","14:24:24",28.8,0.85,200,15193300,"S"
"PDR","14:24:22",28.8,0.85,500,15193100,"S"
"PDR","14:24:21",28.8,0.85,10000,15192600,"S"
"PDR","14:24:21",28.8,0.85,500,15182600,"S"
"PDR","14:24:20",28.8,0.85,500,15182100,"S"
"PDR","14:24:14",28.8,0.85,500,15181600,"S"
"PDR","14:24:11",28.8,0.85,300,15181100,"S"
"PDR","14:24:08",28.8,0.85,2000,15180800,"S"
"PDR","14:24:07",28.8,0.85,200,15178800,"S"
"PDR","14:24:04",28.8,0.85,5000,15178600,"S"
"PDR","14:23:56",28.8,0.85,400,15173600,"S"
"PDR","14:23:54",28.8,0.85,100,15173200,"S"
"PDR","14:23:51",28.8,0.85,4000,15173100,"S"
"PDR","14:23:49",28.8,0.85,1300,15169100,"S"
"PDR","14:23:47",28.8,0.85,1000,15167800,"S"
"PDR","14:23:46",28.8,0.85,3400,15166800,"S"
"PDR","14:23:45",28.8,0.85,1000,15163400,"S"
"PDR","14:23:41",28.8,0.85,400,15162400,"S"
"PDR","14:23:40",28.8,0.85,5000,15162000,"S"
"PDR","14:23:38",28.75,0.8,500,15157000,"B"
"PDR","14:23:35",28.8,0.85,8100,15156500,"S"
"PDR","14:23:30",28.8,0.85,1000,15148400,"S"
"PDR","14:23:29",28.75,0.8,200,15147400,"B"
"PDR","14:23:26",28.8,0.85,400,15147200,"S"
"PDR","14:23:22",28.75,0.8,2000,15146800,"B"
"PDR","14:23:19",28.8,0.85,2000,15144800,"S"
"PDR","14:23:17",28.75,0.8,1000,15142800,"B"
"PDR","14:23:13",28.8,0.85,500,15141800,"S"
"PDR","14:23:12",28.8,0.85,2000,15141300,"S"
"PDR","14:23:11",28.8,0.85,400,15139300,"S"
"PDR","14:23:07",28.8,0.85,5000,15138900,"S"
"PDR","14:23:04",28.75,0.8,200,15133900,"B"
"PDR","14:22:56",28.8,0.85,400,15133700,"S"
"PDR","14:22:54",28.75,0.8,1000,15133300,"B"
"PDR","14:22:53",28.75,0.8,3000,15132300,"S"
"PDR","14:22:51",28.75,0.8,5000,15129300,"S"
"PDR","14:22:49",28.75,0.8,100000,15124300,"S"
"PDR","14:22:46",28.75,0.8,1000,15024300,"S"
"PDR","14:22:45",28.75,0.8,5000,15023300,"S"
"PDR","14:22:44",28.75,0.8,500,15018300,"S"
"PDR","14:22:43",28.75,0.8,3000,15017800,"S"
"PDR","14:22:42",28.75,0.8,2000,15014800,"S"
"PDR","14:22:42",28.75,0.8,100,15012800,"S"
"PDR","14:22:41",28.75,0.8,400,15012700,"S"
"PDR","14:22:40",28.75,0.8,5000,15012300,"S"
"PDR","14:22:38",28.75,0.8,700,15007300,"S"
"PDR","14:22:36",28.75,0.8,500,15006600,"S"
"PDR","14:22:30",28.75,0.8,1000,15006100,"S"
"PDR","14:22:28",28.75,0.8,700,15005100,"S"
"PDR","14:22:26",28.75,0.8,400,15004400,"S"
"PDR","14:22:24",28.75,0.8,2000,15004000,"S"
"PDR","14:22:19",28.75,0.8,200,15002000,"S"
"PDR","14:22:17",28.75,0.8,300,15001800,"S"
"PDR","14:22:13",28.75,0.8,81800,15001500,"S"
"PDR","14:22:13",28.7,0.75,18200,14919700,"S"
"PDR","14:22:11",28.7,0.75,1900,14901500,"S"
"PDR","14:22:11",28.7,0.75,100,14899600,"S"
"PDR","14:22:10",28.7,0.75,800,14899500,"S"
"PDR","14:22:09",28.7,0.75,1400,14898700,"S"
"PDR","14:22:08",28.7,0.75,100,14897300,"S"
"PDR","14:22:07",28.7,0.75,2000,14897200,"S"
"PDR","14:22:06",28.7,0.75,200,14895200,"S"
"PDR","14:22:06",28.7,0.75,6000,14895000,"S"
"PDR","14:22:05",28.7,0.75,16000,14889000,"S"
"PDR","14:22:05",28.7,0.75,2000,14873000,"S"
"PDR","14:22:03",28.7,0.75,800,14871000,"S"
"PDR","14:22:03",28.7,0.75,600,14870200,"S"
"PDR","14:22:02",28.7,0.75,6100,14869600,"S"
"PDR","14:22:01",28.7,0.75,5000,14863500,"S"
"PDR","14:21:56",28.7,0.75,500,14858500,"S"
"PDR","14:21:55",28.7,0.75,4100,14858000,"S"
"PDR","14:21:55",28.65,0.7,100,14853900,"B"
"PDR","14:21:55",28.7,0.75,2000,14853800,"S"
"PDR","14:21:54",28.7,0.75,4000,14851800,"S"
"PDR","14:21:54",28.7,0.75,1000,14847800,"S"
"PDR","14:21:53",28.7,0.75,500,14846800,"S"
"PDR","14:21:51",28.7,0.75,10000,14846300,"S"
"PDR","14:21:49",28.7,0.75,5000,14836300,"S"
"PDR","14:21:48",28.7,0.75,300,14831300,"S"
"PDR","14:21:46",28.7,0.75,2000,14831000,"S"
"PDR","14:21:44",28.7,0.75,600,14829000,"S"
"PDR","14:21:42",28.7,0.75,2000,14828400,"S"
"PDR","14:21:41",28.7,0.75,1000,14826400,"S"
"PDR","14:21:41",28.65,0.7,500,14825400,"B"
"PDR","14:21:41",28.7,0.75,2000,14824900,"S"
"PDR","14:21:40",28.7,0.75,3000,14822900,"S"
"PDR","14:21:38",28.7,0.75,900,14819900,"S"
"PDR","14:21:37",28.65,0.7,2000,14819000,"B"
"PDR","14:21:37",28.7,0.75,50000,14817000,"S"
"PDR","14:21:34",28.7,0.75,3400,14767000,"S"
"PDR","14:21:31",28.7,0.75,7000,14763600,"S"
"PDR","14:21:27",28.7,0.75,700,14756600,"S"
"PDR","14:21:26",28.7,0.75,30000,14755900,"S"
"PDR","14:21:25",28.7,0.75,400,14725900,"S"
"PDR","14:21:21",28.65,0.7,1000,14725500,"B"
"PDR","14:21:18",28.65,0.7,200,14724500,"B"
"PDR","14:21:14",28.65,0.7,1000,14724300,"B"
"PDR","14:21:13",28.65,0.7,57100,14723300,"S"
"PDR","14:21:12",28.65,0.7,1000,14666200,"S"
"PDR","14:21:11",28.65,0.7,200,14665200,"S"
"PDR","14:21:11",28.65,0.7,1000,14665000,"S"
"PDR","14:21:10",28.65,0.7,1800,14664000,"S"
"PDR","14:21:10",28.65,0.7,400,14662200,"S"
"PDR","14:21:09",28.65,0.7,400,14661800,"S"
"PDR","14:21:07",28.65,0.7,5000,14661400,"S"
"PDR","14:21:06",28.65,0.7,1300,14656400,"S"
"PDR","14:21:05",28.65,0.7,3500,14655100,"S"
"PDR","14:21:04",28.65,0.7,1100,14651600,"S"
"PDR","14:21:00",28.65,0.7,100,14650500,"S"
"PDR","14:20:59",28.65,0.7,1000,14650400,"S"
"PDR","14:20:58",28.65,0.7,11000,14649400,"S"
"PDR","14:20:57",28.65,0.7,2200,14638400,"S"
"PDR","14:20:56",28.65,0.7,1000,14636200,"S"
"PDR","14:20:55",28.65,0.7,400,14635200,"S"
"PDR","14:20:53",28.65,0.7,1200,14634800,"S"
"PDR","14:20:51",28.65,0.7,2000,14633600,"S"
"PDR","14:20:50",28.65,0.7,400,14631600,"S"
"PDR","14:20:48",28.65,0.7,1100,14631200,"S"
"PDR","14:20:47",28.65,0.7,8000,14630100,"S"
"PDR","14:20:47",28.65,0.7,1000,14622100,"S"
"PDR","14:20:45",28.6,0.65,700,14621100,"B"
"PDR","14:20:45",28.65,0.7,5100,14620400,"S"
"PDR","14:20:40",28.65,0.7,400,14615300,"S"
"PDR","14:20:38",28.65,0.7,100,14614900,"S"
"PDR","14:20:37",28.65,0.7,7300,14614800,"S"
"PDR","14:20:35",28.65,0.7,1500,14607500,"S"
"PDR","14:20:34",28.65,0.7,5000,14606000,"S"
"PDR","14:20:33",28.65,0.7,3000,14601000,"S"
"PDR","14:20:32",28.65,0.7,3000,14598000,"S"
"PDR","14:20:29",28.65,0.7,5000,14595000,"S"
"PDR","14:20:26",28.65,0.7,5000,14590000,"S"
"PDR","14:20:25",28.65,0.7,400,14585000,"S"
"PDR","14:20:23",28.65,0.7,200,14584600,"S"
"PDR","14:20:20",28.65,0.7,2500,14584400,"S"
"PDR","14:20:19",28.65,0.7,10200,14581900,"S"
"PDR","14:20:13",28.65,0.7,100,14571700,"S"
"PDR","14:20:12",28.65,0.7,3000,14571600,"S"
"PDR","14:20:10",28.65,0.7,2100,14568600,"S"
"PDR","14:20:09",28.65,0.7,200,14566500,"S"
"PDR","14:20:07",28.65,0.7,2000,14566300,"S"
"PDR","14:20:06",28.65,0.7,15000,14564300,"S"
"PDR","14:20:04",28.65,0.7,1000,14549300,"S"
"PDR","14:20:00",28.65,0.7,3000,14548300,"S"
"PDR","14:19:57",28.65,0.7,100,14545300,"S"
"PDR","14:19:56",28.65,0.7,500,14545200,"S"
"PDR","14:19:54",28.65,0.7,5400,14544700,"S"
"PDR","14:19:42",28.65,0.7,100,14539300,"S"
"PDR","14:19:41",28.65,0.7,200,14539200,"S"
"PDR","14:19:39",28.65,0.7,400,14539000,"S"
"PDR","14:19:36",28.65,0.7,200,14538600,"S"
"PDR","14:19:35",28.65,0.7,3500,14538400,"S"
"PDR","14:19:25",28.65,0.7,200,14534900,"S"
"PDR","14:19:24",28.65,0.7,600,14534700,"S"
"PDR","14:19:24",28.65,0.7,400,14534100,"S"
"PDR","14:19:09",28.65,0.7,400,14533700,"S"
"PDR","14:19:05",28.65,0.7,700,14533300,"S"
"PDR","14:19:00",28.6,0.65,200,14532600,"B"
"PDR","14:18:54",28.65,0.7,400,14532400,"S"
"PDR","14:18:52",28.6,0.65,5000,14532000,"B"
"PDR","14:18:50",28.65,0.7,2000,14527000,"S"
"PDR","14:18:46",28.6,0.65,20000,14525000,"B"
"PDR","14:18:43",28.65,0.7,200,14505000,"S"
"PDR","14:18:39",28.65,0.7,200,14504800,"S"
"PDR","14:18:34",28.65,0.7,300,14504600,"S"
"PDR","14:18:24",28.65,0.7,200,14504300,"S"
"PDR","14:18:16",28.6,0.65,1000,14504100,"B"
"PDR","14:18:12",28.6,0.65,300,14503100,"B"
"PDR","14:18:08",28.65,0.7,200,14502800,"S"
"PDR","14:18:01",28.6,0.65,28700,14502600,"S"
"PDR","14:18:00",28.6,0.65,57700,14473900,"S"
"PDR","14:17:55",28.6,0.65,500,14416200,"S"
"PDR","14:17:54",28.6,0.65,1000,14415700,"S"
"PDR","14:17:53",28.6,0.65,200,14414700,"S"
"PDR","14:17:49",28.6,0.65,1000,14414500,"S"
"PDR","14:17:47",28.6,0.65,1100,14413500,"S"
"PDR","14:17:38",28.6,0.65,200,14412400,"S"
"PDR","14:17:36",28.55,0.6,5000,14412200,"B"
"PDR","14:17:33",28.55,0.6,200,14407200,"B"
"PDR","14:17:31",28.6,0.65,2000,14407000,"S"
"PDR","14:17:30",28.6,0.65,1600,14405000,"S"
"PDR","14:17:23",28.6,0.65,200,14403400,"S"
"PDR","14:17:11",28.6,0.65,600,14403200,"S"
"PDR","14:17:10",28.6,0.65,2500,14402600,"S"
"PDR","14:17:08",28.6,0.65,200,14400100,"S"
"PDR","14:17:07",28.55,0.6,1000,14399900,"B"
"PDR","14:17:02",28.6,0.65,1000,14398900,"S"
"PDR","14:17:01",28.6,0.65,1000,14397900,"S"
"PDR","14:16:51",28.55,0.6,500,14396900,"B"
"PDR","14:16:50",28.6,0.65,10000,14396400,"S"
"PDR","14:16:42",28.6,0.65,100,14386400,"S"
"PDR","14:16:33",28.6,0.65,200,14386300,"S"
"PDR","14:16:24",28.6,0.65,2000,14386100,"S"
"PDR","14:16:23",28.6,0.65,500,14384100,"S"
"PDR","14:16:11",28.6,0.65,3000,14383600,"S"
"PDR","14:16:10",28.6,0.65,500,14380600,"S"
"PDR","14:16:08",28.55,0.6,1500,14380100,"B"
"PDR","14:16:03",28.6,0.65,100,14378600,"S"
"PDR","14:15:58",28.6,0.65,800,14378500,"S"
"PDR","14:15:53",28.6,0.65,100,14377700,"S"
"PDR","14:15:50",28.6,0.65,1500,14377600,"S"
"PDR","14:15:46",28.6,0.65,500,14376100,"S"
"PDR","14:15:38",28.6,0.65,900,14375600,"S"
"PDR","14:15:35",28.6,0.65,300,14374700,"S"
"PDR","14:15:33",28.6,0.65,100,14374400,"S"
"PDR","14:15:02",28.6,0.65,500,14374300,"S"
"PDR","14:14:59",28.6,0.65,300,14373800,"S"
"PDR","14:14:51",28.55,0.6,3000,14373500,"B"
"PDR","14:14:51",28.6,0.65,800,14370500,"S"
"PDR","14:14:49",28.6,0.65,1500,14369700,"S"
"PDR","14:14:44",28.6,0.65,2800,14368200,"B"
"PDR","14:14:42",28.6,0.65,600,14365400,"B"
"PDR","14:14:37",28.6,0.65,400,14364800,"B"
"PDR","14:14:31",28.6,0.65,500,14364400,"B"
"PDR","14:14:24",28.6,0.65,1000,14358900,"B"
"PDR","14:14:20",28.6,0.65,300,14357900,"B"
"PDR","14:14:17",28.6,0.65,100,14357600,"B"
"PDR","14:14:16",28.6,0.65,1000,14357500,"B"
"PDR","14:14:15",28.6,0.65,1400,14356500,"S"
"PDR","14:14:14",28.6,0.65,600,14355100,"B"
"PDR","14:14:10",28.6,0.65,500,14354500,"B"
"PDR","14:14:05",28.6,0.65,2000,14354000,"B"
"PDR","14:13:57",28.6,0.65,7500,14352000,"B"
"PDR","14:13:51",28.6,0.65,200,14344500,"B"
"PDR","14:13:50",28.6,0.65,100,14344300,"B"
"PDR","14:13:43",28.6,0.65,100,14344200,"B"
"PDR","14:13:34",28.6,0.65,1000,14344100,"B"
"PDR","14:13:33",28.6,0.65,7800,14343100,"B"
"PDR","14:13:32",28.6,0.65,2000,14335300,"B"
"PDR","14:13:30",28.6,0.65,1200,14333300,"B"
"PDR","14:13:28",28.6,0.65,600,14332100,"S"
"PDR","14:13:28",28.6,0.65,2000,14331500,"S"
"PDR","14:13:26",28.6,0.65,100,14329500,"S"
"PDR","14:13:25",28.6,0.65,1000,14329400,"S"
"PDR","14:13:22",28.6,0.65,100,14328400,"S"
"PDR","14:13:19",28.6,0.65,2000,14328300,"S"
"PDR","14:13:17",28.6,0.65,200,14326300,"S"
"PDR","14:13:15",28.6,0.65,8000,14326100,"S"
"PDR","14:13:14",28.6,0.65,700,14318100,"S"
"PDR","14:13:12",28.6,0.65,6000,14317400,"S"
"PDR","14:13:07",28.6,0.65,200,14311400,"S"
"PDR","14:13:04",28.65,0.7,1200,14311200,"S"
"PDR","14:13:04",28.6,0.65,800,14310000,"S"
"PDR","14:13:03",28.6,0.65,200,14309200,"B"
"PDR","14:12:58",28.55,0.6,2500,14309000,"B"
"PDR","14:12:58",28.6,0.65,2500,14306500,"B"
"PDR","14:12:51",28.6,0.65,400,14304000,"B"
"PDR","14:12:49",28.65,0.7,300,14303600,"S"
"PDR","14:12:48",28.6,0.65,7900,14303300,"S"
"PDR","14:12:43",28.6,0.65,500,14295400,"S"
"PDR","14:12:36",28.6,0.65,1600,14294900,"B"
"PDR","14:12:33",28.6,0.65,4800,14293300,"S"
"PDR","14:12:32",28.6,0.65,1000,14288500,"S"
"PDR","14:12:27",28.6,0.65,5000,14287500,"S"
"PDR","14:12:21",28.6,0.65,2000,14282500,"S"
"PDR","14:12:19",28.6,0.65,200,14280500,"S"
"PDR","14:12:17",28.6,0.65,3200,14280300,"B"
"PDR","14:12:15",28.65,0.7,300,14277100,"S"
"PDR","14:12:13",28.6,0.65,300,14276800,"B"
"PDR","14:12:12",28.6,0.65,30000,14276500,"B"
"PDR","14:12:01",28.6,0.65,1000,14246500,"B"
"PDR","14:11:44",28.65,0.7,200,14245500,"S"
"PDR","14:11:42",28.6,0.65,30000,14245300,"B"
"PDR","14:11:42",28.6,0.65,1600,14215300,"B"
"PDR","14:11:36",28.65,0.7,600,14213700,"S"
"PDR","14:11:33",28.65,0.7,500,14213100,"S"
"PDR","14:11:27",28.65,0.7,800,14212600,"S"
"PDR","14:11:21",28.65,0.7,400,14211800,"S"
"PDR","14:11:15",28.6,0.65,100,14211400,"B"
"PDR","14:11:05",28.65,0.7,1000,14211300,"S"
"PDR","14:11:05",28.65,0.7,200,14210300,"S"
"PDR","14:10:58",28.65,0.7,2400,14210100,"S"
"PDR","14:10:57",28.65,0.7,100,14207700,"S"
"PDR","14:10:54",28.65,0.7,100,14207600,"S"
"PDR","14:10:52",28.7,0.75,100,14207500,"S"
"PDR","14:10:52",28.65,0.7,400,14207400,"S"
"PDR","14:10:51",28.6,0.65,135000,14207000,"B"
"PDR","14:10:50",28.65,0.7,2500,14072000,"S"
"PDR","14:10:45",28.65,0.7,500,14069500,"S"
"PDR","14:10:40",28.65,0.7,500,14069000,"S"
"PDR","14:10:39",28.65,0.7,500,14068500,"S"
"PDR","14:10:35",28.6,0.65,700,14068000,"B"
"PDR","14:10:29",28.65,0.7,5800,14067300,"S"
"PDR","14:10:21",28.65,0.7,1300,14061500,"S"
"PDR","14:10:20",28.65,0.7,800,14060200,"S"
"PDR","14:10:13",28.65,0.7,700,14059400,"S"
"PDR","14:10:10",28.65,0.7,3300,14058700,"S"
"PDR","14:10:05",28.65,0.7,5000,14055400,"S"
"PDR","14:09:58",28.65,0.7,8500,14050400,"B"
"PDR","14:09:56",28.65,0.7,1000,14041900,"B"
"PDR","14:09:51",28.65,0.7,10000,14040900,"B"
"PDR","14:09:50",28.65,0.7,500,14030900,"B"
"PDR","14:09:48",28.65,0.7,1000,14030400,"B"
"PDR","14:09:42",28.65,0.7,2000,14029400,"B"
"PDR","14:09:40",28.65,0.7,10000,14027400,"B"
"PDR","14:09:37",28.65,0.7,100,14017400,"B"
"PDR","14:09:35",28.65,0.7,1000,14017300,"B"
"PDR","14:09:26",28.65,0.7,2000,14016300,"B"
"PDR","14:09:25",28.65,0.7,10000,14014300,"B"
"PDR","14:09:21",28.65,0.7,100,14004300,"B"
"PDR","14:09:09",28.65,0.7,9400,14004200,"B"
"PDR","14:09:08",28.65,0.7,100,13994800,"B"
"PDR","14:09:03",28.65,0.7,500,13994700,"B"
"PDR","14:08:52",28.65,0.7,400,13994200,"B"
"PDR","14:08:50",28.7,0.75,300,13993800,"S"
"PDR","14:08:49",28.65,0.7,3300,13993500,"S"
"PDR","14:08:42",28.65,0.7,200,13990200,"S"
"PDR","14:08:42",28.65,0.7,100,13990000,"S"
"PDR","14:08:40",28.65,0.7,1500,13989900,"B"
"PDR","14:08:40",28.65,0.7,3500,13988400,"S"
"PDR","14:08:35",28.65,0.7,200,13984900,"S"
"PDR","14:08:27",28.65,0.7,100,13984700,"S"
"PDR","14:08:21",28.65,0.7,1600,13984600,"S"
"PDR","14:08:20",28.65,0.7,3400,13983000,"S"
"PDR","14:08:20",28.6,0.65,600,13979600,"B"
"PDR","14:08:15",28.6,0.65,100,13979000,"B"
"PDR","14:08:05",28.6,0.65,900,13978900,"B"
"PDR","14:08:02",28.6,0.65,200,13978000,"B"
"PDR","14:08:00",28.65,0.7,600,13977800,"S"
"PDR","14:07:58",28.6,0.65,100,13977200,"B"
"PDR","14:07:56",28.65,0.7,200,13977100,"S"
"PDR","14:07:53",28.65,0.7,6400,13976900,"S"
"PDR","14:07:51",28.6,0.65,100,13969500,"B"
"PDR","14:07:44",28.65,0.7,1400,13966400,"S"
"PDR","14:07:41",28.65,0.7,300,13965000,"S"
"PDR","14:07:40",28.65,0.7,1200,13964700,"S"
"PDR","14:07:37",28.65,0.7,5500,13963500,"S"
"PDR","14:07:34",28.65,0.7,500,13958000,"S"
"PDR","14:07:26",28.65,0.7,1000,13957500,"S"
"PDR","14:07:21",28.65,0.7,500,13956500,"S"
"PDR","14:07:17",28.6,0.65,1000,13956000,"B"
"PDR","14:07:11",28.65,0.7,500,13955000,"S"
"PDR","14:07:07",28.65,0.7,200,13954500,"S"
"PDR","14:07:02",28.6,0.65,900,13954300,"B"
"PDR","14:06:58",28.65,0.7,2600,13953400,"B"
"PDR","14:06:57",28.65,0.7,2300,13950800,"B"
"PDR","14:06:56",28.65,0.7,300,13948500,"B"
"PDR","14:06:53",28.65,0.7,7000,13948200,"B"
"PDR","14:06:52",28.65,0.7,200,13941200,"B"
"PDR","14:06:48",28.65,0.7,100,13941000,"B"
"PDR","14:06:45",28.65,0.7,200,13940900,"B"
"PDR","14:06:42",28.65,0.7,5000,13940700,"B"
"PDR","14:06:39",28.65,0.7,10600,13935700,"B"
"PDR","14:06:36",28.65,0.7,1100,13925100,"B"
"PDR","14:06:29",28.65,0.7,1000,13924000,"B"
"PDR","14:06:25",28.65,0.7,3000,13923000,"B"
"PDR","14:06:24",28.65,0.7,100,13920000,"B"
"PDR","14:06:23",28.65,0.7,20000,13919900,"B"
"PDR","14:06:17",28.65,0.7,1000,13899900,"B"
"PDR","14:06:15",28.65,0.7,500,13898900,"B"
"PDR","14:06:14",28.65,0.7,1500,13898400,"B"
"PDR","14:06:13",28.65,0.7,1500,13896900,"B"
"PDR","14:06:10",28.65,0.7,10000,13895400,"B"
"PDR","14:06:08",28.65,0.7,6500,13885400,"B"
"PDR","14:06:07",28.65,0.7,11000,13878900,"B"
"PDR","14:06:03",28.65,0.7,7900,13867900,"B"
"PDR","14:06:01",28.65,0.7,1000,13860000,"B"
"PDR","14:05:58",28.65,0.7,1700,13859000,"B"
"PDR","14:05:55",28.65,0.7,10700,13857300,"B"
"PDR","14:05:48",28.65,0.7,8000,13846600,"B"
"PDR","14:05:35",28.65,0.7,500,13838600,"B"
"PDR","14:05:35",28.7,0.75,200,13838100,"S"
"PDR","14:05:26",28.7,0.75,5000,13837900,"S"
"PDR","14:05:18",28.65,0.7,30100,13832900,"B"
"PDR","14:05:14",28.7,0.75,9500,13802800,"S"
"PDR","14:05:11",28.65,0.7,30000,13793300,"B"
"PDR","14:05:07",28.65,0.7,600,13763300,"B"
"PDR","14:05:05",28.65,0.7,20000,13762700,"B"
"PDR","14:04:58",28.7,0.75,5000,13742700,"S"
"PDR","14:04:51",28.65,0.7,11000,13737700,"B"
"PDR","14:04:43",28.7,0.75,700,13726700,"S"
"PDR","14:04:42",28.7,0.75,800,13726000,"S"
"PDR","14:04:35",28.7,0.75,900,13725100,"S"
"PDR","14:04:34",28.65,0.7,2000,13724200,"B"
"PDR","14:04:31",28.7,0.75,7800,13722200,"S"
"PDR","14:04:27",28.7,0.75,1000,13714400,"S"
"PDR","14:04:11",28.65,0.7,5000,13713400,"B"
"PDR","14:04:09",28.7,0.75,600,13708400,"S"
"PDR","14:03:53",28.7,0.75,600,13707800,"S"
"PDR","14:03:46",28.7,0.75,1000,13707200,"S"
"PDR","14:03:30",28.65,0.7,200,13706200,"B"
"PDR","14:03:24",28.7,0.75,2000,13706000,"S"
"PDR","14:03:21",28.7,0.75,20000,13704000,"S"
"PDR","14:03:16",28.7,0.75,200,13684000,"S"
"PDR","14:03:11",28.7,0.75,1200,13683800,"B"
"PDR","14:03:08",28.7,0.75,200,13682600,"B"
"PDR","14:03:02",28.75,0.8,900,13682400,"S"
"PDR","14:03:02",28.7,0.75,29100,13681500,"S"
"PDR","14:02:57",28.7,0.75,1800,13652400,"B"
"PDR","14:02:54",28.7,0.75,48200,13650600,"S"
"PDR","14:02:53",28.7,0.75,100,13602400,"S"
"PDR","14:02:52",28.7,0.75,800,13602300,"S"
"PDR","14:02:49",28.7,0.75,200,13601500,"S"
"PDR","14:02:46",28.7,0.75,100,13601300,"S"
"PDR","14:02:42",28.7,0.75,1000,13601200,"S"
"PDR","14:02:42",28.7,0.75,2000,13600200,"S"
"PDR","14:02:32",28.7,0.75,500,13598200,"S"
"PDR","14:02:26",28.7,0.75,800,13597700,"S"
"PDR","14:02:17",28.7,0.75,200,13596900,"S"
"PDR","14:02:16",28.7,0.75,400,13596700,"S"
"PDR","14:02:13",28.7,0.75,600,13596300,"S"
"PDR","14:02:08",28.7,0.75,100,13595700,"S"
"PDR","14:02:05",28.7,0.75,1000,13595600,"S"
"PDR","14:02:01",28.7,0.75,5000,13594600,"S"
"PDR","14:02:00",28.7,0.75,9000,13589600,"S"
"PDR","14:01:59",28.7,0.75,100,13580600,"S"
"PDR","14:01:54",28.7,0.75,1000,13580500,"S"
"PDR","14:01:49",28.7,0.75,400,13579500,"S"
"PDR","14:01:44",28.7,0.75,800,13579100,"S"
"PDR","14:01:41",28.7,0.75,1800,13578300,"B"
"PDR","14:01:40",28.7,0.75,48100,13576500,"B"
"PDR","14:01:39",28.7,0.75,31000,13528400,"B"
"PDR","14:01:39",28.7,0.75,2000,13497400,"B"
"PDR","14:01:38",28.7,0.75,10000,13495400,"B"
"PDR","14:01:36",28.7,0.75,22000,13485400,"B"
"PDR","14:01:35",28.7,0.75,700,13463400,"B"
"PDR","14:01:30",28.7,0.75,12200,13462700,"B"
"PDR","14:01:29",28.7,0.75,2000,13450500,"B"
"PDR","14:01:28",28.75,0.8,200,13448500,"S"
"PDR","14:01:26",28.7,0.75,500,13448300,"B"
"PDR","14:01:24",28.7,0.75,15000,13447800,"B"
"PDR","14:01:22",28.7,0.75,300,13432800,"B"
"PDR","14:01:21",28.7,0.75,200,13432500,"B"
"PDR","14:01:12",28.7,0.75,2000,13432300,"B"
"PDR","14:01:09",28.7,0.75,20000,13430300,"B"
"PDR","14:01:07",28.75,0.8,200,13410300,"S"
"PDR","14:01:06",28.75,0.8,500,13410100,"S"
"PDR","14:00:58",28.75,0.8,1200,13409600,"S"
"PDR","14:00:57",28.75,0.8,100,13408400,"S"
"PDR","14:00:56",28.75,0.8,700,13408300,"S"
"PDR","14:00:48",28.75,0.8,100,13407600,"S"
"PDR","14:00:44",28.75,0.8,1100,13407500,"S"
"PDR","14:00:41",28.75,0.8,100,13406400,"S"
"PDR","14:00:38",28.7,0.75,1800,13406300,"B"
"PDR","14:00:36",28.75,0.8,100,13404500,"S"
"PDR","14:00:27",28.75,0.8,700,13404400,"S"
"PDR","14:00:18",28.7,0.75,1000,13403700,"B"
"PDR","14:00:18",28.75,0.8,400,13402700,"S"
"PDR","14:00:14",28.75,0.8,11500,13402300,"S"
"PDR","14:00:14",28.75,0.8,6900,13390800,"S"
"PDR","14:00:13",28.7,0.75,500,13383900,"B"
"PDR","14:00:13",28.75,0.8,500,13383400,"S"
"PDR","14:00:12",28.75,0.8,500,13382900,"S"
"PDR","14:00:11",28.75,0.8,800,13382400,"S"
"PDR","14:00:05",28.75,0.8,1000,13381600,"S"
"PDR","14:00:01",28.75,0.8,1000,13380600,"S"
"PDR","13:59:55",28.75,0.8,100,13379600,"S"
"PDR","13:59:54",28.75,0.8,6000,13379500,"S"
"PDR","13:59:47",28.75,0.8,3000,13373500,"S"
"PDR","13:59:46",28.75,0.8,200,13370500,"S"
"PDR","13:59:42",28.7,0.75,100,13370300,"B"
"PDR","13:59:38",28.75,0.8,1400,13370200,"S"
"PDR","13:59:37",28.7,0.75,200,13368800,"B"
"PDR","13:59:37",28.75,0.8,2000,13368600,"S"
"PDR","13:59:36",28.75,0.8,3200,13366600,"S"
"PDR","13:59:33",28.7,0.75,5000,13363400,"B"
"PDR","13:59:32",28.75,0.8,3800,13358400,"S"
"PDR","13:59:24",28.75,0.8,700,13354600,"S"
"PDR","13:59:16",28.75,0.8,200,13353900,"S"
"PDR","13:59:16",28.7,0.75,1000,13353700,"B"
"PDR","13:59:15",28.75,0.8,400,13352700,"S"
"PDR","13:59:12",28.75,0.8,1800,13352300,"S"
"PDR","13:59:11",28.75,0.8,15000,13350500,"S"
"PDR","13:59:10",28.75,0.8,100,13335500,"S"
"PDR","13:59:09",28.75,0.8,100,13335400,"S"
"PDR","13:59:03",28.75,0.8,800,13335300,"S"
"PDR","13:59:00",28.75,0.8,400,13334500,"S"
"PDR","13:58:59",28.75,0.8,100,13334100,"S"
"PDR","13:58:56",28.75,0.8,300,13334000,"S"
"PDR","13:58:55",28.75,0.8,100,13333700,"S"
"PDR","13:58:54",28.75,0.8,1000,13333600,"S"
"PDR","13:58:50",28.75,0.8,200,13332600,"S"
"PDR","13:58:50",28.75,0.8,400,13332400,"S"
"PDR","13:58:47",28.75,0.8,2000,13332000,"S"
"PDR","13:58:47",28.75,0.8,2000,13330000,"S"
"PDR","13:58:46",28.75,0.8,200,13328000,"S"
"PDR","13:58:45",28.75,0.8,100,13327800,"S"
"PDR","13:58:44",28.75,0.8,1000,13327700,"S"
"PDR","13:58:43",28.7,0.75,100,13326700,"B"
"PDR","13:58:35",28.75,0.8,9200,13326600,"B"
"PDR","13:58:34",28.75,0.8,31500,13317400,"B"
"PDR","13:58:34",28.75,0.8,10000,13285900,"B"
"PDR","13:58:32",28.75,0.8,500,13275900,"B"
"PDR","13:58:32",28.75,0.8,20000,13275400,"B"
"PDR","13:58:31",28.75,0.8,500,13255400,"B"
"PDR","13:58:30",28.75,0.8,1000,13254900,"B"
"PDR","13:58:30",28.75,0.8,5000,13253900,"B"
"PDR","13:58:28",28.75,0.8,500,13248900,"B"
"PDR","13:58:28",28.75,0.8,1600,13248400,"B"
"PDR","13:58:27",28.75,0.8,3000,13246800,"B"
"PDR","13:58:23",28.75,0.8,100,13243800,"B"
"PDR","13:58:23",28.75,0.8,2000,13243700,"B"
"PDR","13:58:19",28.75,0.8,5000,13241700,"B"
"PDR","13:58:16",28.8,0.85,30000,13236700,"S"
"PDR","13:58:12",28.75,0.8,3800,13206700,"B"
"PDR","13:58:11",28.75,0.8,1000,13202900,"B"
"PDR","13:58:11",28.8,0.85,400,13201900,"S"
"PDR","13:58:09",28.75,0.8,2000,13201500,"B"
"PDR","13:58:05",28.75,0.8,100,13199500,"B"
"PDR","13:58:04",28.8,0.85,2500,13199400,"S"
"PDR","13:58:02",28.75,0.8,2000,13196900,"B"
"PDR","13:58:02",28.8,0.85,1000,13194900,"S"
"PDR","13:58:01",28.8,0.85,5000,13193900,"S"
"PDR","13:58:01",28.75,0.8,11600,13188900,"B"
"PDR","13:58:01",28.8,0.85,100,13177300,"S"
"PDR","13:57:59",28.75,0.8,200,13177200,"B"
"PDR","13:57:57",28.75,0.8,4000,13177000,"B"
"PDR","13:57:55",28.75,0.8,100,13173000,"B"
"PDR","13:57:55",28.8,0.85,500,13172900,"S"
"PDR","13:57:55",28.8,0.85,300,13172400,"S"
"PDR","13:57:50",28.8,0.85,100,13172100,"S"
"PDR","13:57:48",28.75,0.8,30000,13172000,"B"
"PDR","13:57:43",28.8,0.85,100,13142000,"S"
"PDR","13:57:40",28.75,0.8,20000,13141900,"B"
"PDR","13:57:38",28.8,0.85,200,13121900,"S"
"PDR","13:57:37",28.75,0.8,1500,13121700,"B"
"PDR","13:57:35",28.8,0.85,2100,13120200,"S"
"PDR","13:57:34",28.8,0.85,300,13118100,"S"
"PDR","13:57:32",28.8,0.85,100,13117800,"S"
"PDR","13:57:27",28.75,0.8,100,13117700,"B"
"PDR","13:57:25",28.8,0.85,100,13117600,"S"
"PDR","13:57:23",28.8,0.85,5000,13117500,"S"
"PDR","13:57:19",28.8,0.85,1500,13112500,"S"
"PDR","13:57:19",28.8,0.85,100,13111000,"S"
"PDR","13:57:13",28.8,0.85,1000,13110900,"S"
"PDR","13:57:11",28.8,0.85,2000,13109900,"S"
"PDR","13:57:10",28.75,0.8,6000,13107900,"B"
"PDR","13:57:07",28.8,0.85,1100,13101900,"S"
"PDR","13:57:06",28.8,0.85,400,13100800,"S"
"PDR","13:57:03",28.8,0.85,10000,13100400,"S"
"PDR","13:57:01",28.75,0.8,100,13090400,"B"
"PDR","13:56:59",28.8,0.85,500,13090300,"S"
"PDR","13:56:58",28.8,0.85,2000,13089800,"S"
"PDR","13:56:53",28.8,0.85,6800,13087800,"S"
"PDR","13:56:52",28.8,0.85,1600,13081000,"S"
"PDR","13:56:51",28.75,0.8,10000,13079400,"B"
"PDR","13:56:48",28.8,0.85,800,13069400,"S"
"PDR","13:56:48",28.75,0.8,1000,13068600,"B"
"PDR","13:56:46",28.8,0.85,11500,13067600,"S"
"PDR","13:56:44",28.8,0.85,200,13056100,"S"
"PDR","13:56:43",28.8,0.85,200,13055900,"S"
"PDR","13:56:40",28.8,0.85,2000,13055700,"S"
"PDR","13:56:34",28.8,0.85,5400,13053700,"S"
"PDR","13:56:30",28.75,0.8,1000,13048300,"B"
"PDR","13:56:27",28.8,0.85,3800,13047300,"S"
"PDR","13:56:24",28.75,0.8,200,13043500,"B"
"PDR","13:56:22",28.75,0.8,1000,13043300,"B"
"PDR","13:56:20",28.75,0.8,2000,13042300,"B"
"PDR","13:56:17",28.75,0.8,100,13040300,"B"
"PDR","13:56:04",28.75,0.8,100,13040200,"B"
"PDR","13:56:02",28.75,0.8,2000,13040100,"B"
"PDR","13:55:53",28.75,0.8,5900,13038100,"S"
"PDR","13:55:52",28.75,0.8,700,13032200,"S"
"PDR","13:55:51",28.75,0.8,5900,13031500,"S"
"PDR","13:55:50",28.75,0.8,8000,13025600,"S"
"PDR","13:55:49",28.75,0.8,3000,13017600,"S"
"PDR","13:55:47",28.75,0.8,1200,13014600,"S"
"PDR","13:55:43",28.75,0.8,1400,13013400,"S"
"PDR","13:55:42",28.75,0.8,1000,13012000,"S"
"PDR","13:55:41",28.75,0.8,900,13011000,"S"
"PDR","13:55:41",28.75,0.8,500,13010100,"S"
"PDR","13:55:40",28.75,0.8,1000,13009600,"S"
"PDR","13:55:38",28.75,0.8,13500,13008600,"B"
"PDR","13:55:38",28.8,0.85,3000,12995100,"S"
"PDR","13:55:33",28.75,0.8,40000,12992100,"B"
"PDR","13:55:32",28.8,0.85,1000,12952100,"S"
"PDR","13:55:22",28.8,0.85,3000,12951100,"S"
"PDR","13:55:21",28.8,0.85,300,12948100,"S"
"PDR","13:55:16",28.75,0.8,1400,12947800,"B"
"PDR","13:55:15",28.75,0.8,400,12946400,"B"
"PDR","13:55:12",28.75,0.8,3000,12946000,"B"
"PDR","13:55:08",28.75,0.8,200,12943000,"B"
"PDR","13:55:06",28.75,0.8,100,12942800,"B"
"PDR","13:55:04",28.75,0.8,1000,12942700,"B"
"PDR","13:55:02",28.8,0.85,300,12941700,"S"
"PDR","13:55:00",28.75,0.8,400,12941400,"B"
"PDR","13:54:51",28.75,0.8,100,12941000,"S"
"PDR","13:54:50",28.75,0.8,200,12940900,"S"
"PDR","13:54:49",28.75,0.8,200,12940700,"S"
"PDR","13:54:49",28.75,0.8,11300,12940500,"S"
"PDR","13:54:48",28.75,0.8,11000,12929200,"S"
"PDR","13:54:47",28.75,0.8,500,12918200,"S"
"PDR","13:54:46",28.75,0.8,2400,12917700,"S"
"PDR","13:54:46",28.75,0.8,10000,12915300,"S"
"PDR","13:54:45",28.75,0.8,6500,12905300,"S"
"PDR","13:54:45",28.75,0.8,3400,12898800,"S"
"PDR","13:54:43",28.75,0.8,5600,12895400,"S"
"PDR","13:54:43",28.75,0.8,3100,12889800,"S"
"PDR","13:54:42",28.75,0.8,2000,12886700,"S"
"PDR","13:54:41",28.75,0.8,11000,12884700,"S"
"PDR","13:54:40",28.75,0.8,2000,12873700,"S"
"PDR","13:54:39",28.75,0.8,600,12871700,"S"
"PDR","13:54:38",28.75,0.8,11200,12871100,"S"
"PDR","13:54:37",28.75,0.8,20300,12859900,"S"
"PDR","13:54:36",28.75,0.8,1000,12839600,"S"
"PDR","13:54:36",28.7,0.75,1000,12838600,"B"
"PDR","13:54:35",28.75,0.8,3900,12836600,"S"
"PDR","13:54:34",28.75,0.8,2000,12832700,"S"
"PDR","13:54:34",28.75,0.8,3000,12830700,"S"
"PDR","13:54:33",28.75,0.8,1300,12827700,"S"
"PDR","13:54:33",28.75,0.8,5000,12826400,"S"
"PDR","13:54:32",28.75,0.8,25400,12821400,"S"
"PDR","13:54:32",28.75,0.8,3100,12796000,"S"
"PDR","13:54:31",28.75,0.8,3000,12792900,"S"
"PDR","13:54:31",28.75,0.8,200,12789900,"S"
"PDR","13:54:30",28.75,0.8,1900,12789700,"S"
"PDR","13:54:29",28.75,0.8,4600,12787800,"S"
"PDR","13:54:28",28.75,0.8,1000,12783200,"S"
"PDR","13:54:27",28.75,0.8,5000,12782200,"S"
"PDR","13:54:27",28.75,0.8,10000,12777200,"S"
"PDR","13:54:26",28.75,0.8,2700,12767200,"S"
"PDR","13:54:26",28.75,0.8,300,12764500,"S"
"PDR","13:54:25",28.75,0.8,10000,12764200,"S"
"PDR","13:54:25",28.75,0.8,4300,12754200,"S"
"PDR","13:54:23",28.75,0.8,2900,12749900,"S"
"PDR","13:54:21",28.75,0.8,3300,12747000,"S"
"PDR","13:54:20",28.75,0.8,100,12743700,"S"
"PDR","13:54:18",28.75,0.8,7200,12743600,"S"
"PDR","13:54:16",28.75,0.8,1000,12736400,"S"
"PDR","13:54:16",28.75,0.8,100,12735400,"S"
"PDR","13:54:15",28.75,0.8,9900,12735300,"S"
"PDR","13:54:08",28.75,0.8,500,12725400,"S"
"PDR","13:54:07",28.75,0.8,1400,12724900,"S"
"PDR","13:54:06",28.7,0.75,300,12723500,"B"
"PDR","13:54:04",28.7,0.75,2000,12723200,"B"
"PDR","13:54:02",28.7,0.75,5000,12721200,"B"
"PDR","13:54:01",28.7,0.75,29200,12716200,"S"
"PDR","13:54:00",28.7,0.75,13500,12687000,"S"
"PDR","13:54:00",28.7,0.75,300,12673500,"S"
"PDR","13:53:58",28.7,0.75,5500,12673200,"S"
"PDR","13:53:58",28.7,0.75,24000,12667700,"S"
"PDR","13:53:57",28.7,0.75,41500,12643700,"S"
"PDR","13:53:57",28.7,0.75,200,12602200,"S"
"PDR","13:53:56",28.7,0.75,3000,12602000,"S"
"PDR","13:53:56",28.7,0.75,3000,12599000,"S"
"PDR","13:53:55",28.7,0.75,23000,12591000,"S"
"PDR","13:53:54",28.7,0.75,46500,12568000,"S"
"PDR","13:53:53",28.7,0.75,7300,12521500,"S"
"PDR","13:53:52",28.7,0.75,200,12514200,"S"
"PDR","13:53:52",28.7,0.75,2000,12514000,"S"
"PDR","13:53:51",28.7,0.75,20100,12512000,"S"
"PDR","13:53:50",28.7,0.75,5100,12491900,"S"
"PDR","13:53:49",28.7,0.75,4000,12486800,"S"
"PDR","13:53:48",28.7,0.75,3500,12482800,"S"
"PDR","13:53:47",28.7,0.75,5000,12479300,"S"
"PDR","13:53:47",28.7,0.75,30000,12474300,"S"
"PDR","13:53:46",28.7,0.75,37700,12444300,"S"
"PDR","13:53:45",28.7,0.75,500,12406600,"S"
"PDR","13:53:44",28.7,0.75,10000,12406100,"S"
"PDR","13:53:42",28.7,0.75,83800,12396100,"S"
"PDR","13:53:41",28.7,0.75,100,12312300,"S"
"PDR","13:53:41",28.7,0.75,200,12312200,"S"
"PDR","13:53:40",28.7,0.75,2300,12312000,"S"
"PDR","13:53:36",28.7,0.75,4600,12309700,"S"
"PDR","13:53:29",28.7,0.75,4100,12305100,"S"
"PDR","13:53:28",28.65,0.7,100,12301000,"B"
"PDR","13:53:25",28.7,0.75,800,12300900,"S"
"PDR","13:53:23",28.7,0.75,1200,12300100,"S"
"PDR","13:53:19",28.65,0.7,500,12298900,"B"
"PDR","13:53:17",28.7,0.75,100,12298400,"S"
"PDR","13:53:05",28.7,0.75,500,12298300,"S"
"PDR","13:53:00",28.65,0.7,1000,12297800,"B"
"PDR","13:52:55",28.65,0.7,100,12296800,"B"
"PDR","13:52:50",28.65,0.7,5000,12296700,"B"
"PDR","13:52:39",28.65,0.7,500,12291700,"B"
"PDR","13:52:32",28.65,0.7,100,12291200,"B"
"PDR","13:52:24",28.65,0.7,700,12291100,"B"
"PDR","13:52:18",28.7,0.75,800,12290400,"S"
"PDR","13:52:15",28.7,0.75,900,12289600,"S"
"PDR","13:52:14",28.65,0.7,500,12288700,"B"
"PDR","13:52:10",28.7,0.75,10400,12288200,"S"
"PDR","13:52:08",28.7,0.75,1000,12277800,"S"
"PDR","13:51:57",28.7,0.75,2000,12276800,"S"
"PDR","13:51:56",28.65,0.7,300,12274800,"B"
"PDR","13:51:47",28.65,0.7,6800,12274500,"S"
"PDR","13:51:43",28.65,0.7,1000,12267700,"S"
"PDR","13:51:43",28.65,0.7,1000,12266700,"S"
"PDR","13:51:42",28.65,0.7,2000,12265700,"S"
"PDR","13:51:40",28.65,0.7,12000,12263700,"S"
"PDR","13:51:37",28.65,0.7,25000,12251700,"S"
"PDR","13:51:34",28.65,0.7,5400,12226700,"S"
"PDR","13:51:31",28.65,0.7,16000,12221300,"S"
"PDR","13:51:31",28.65,0.7,1000,12205300,"S"
"PDR","13:51:30",28.65,0.7,200,12204300,"S"
"PDR","13:51:26",28.65,0.7,100,12204100,"S"
"PDR","13:51:25",28.65,0.7,1100,12204000,"S"
"PDR","13:51:24",28.65,0.7,600,12202900,"S"
"PDR","13:51:23",28.65,0.7,5000,12202300,"S"
"PDR","13:51:22",28.65,0.7,3000,12197300,"S"
"PDR","13:51:20",28.65,0.7,5000,12194300,"S"
"PDR","13:51:18",28.65,0.7,100,12189300,"S"
"PDR","13:51:15",28.65,0.7,400,12189200,"S"
"PDR","13:51:14",28.6,0.65,1000,12188800,"B"
"PDR","13:51:13",28.65,0.7,100,12187800,"S"
"PDR","13:51:11",28.65,0.7,1400,12187700,"S"
"PDR","13:51:07",28.65,0.7,2100,12186300,"S"
"PDR","13:51:06",28.65,0.7,1000,12184200,"S"
"PDR","13:51:03",28.65,0.7,1000,12183200,"S"
"PDR","13:51:02",28.65,0.7,10100,12182200,"S"
"PDR","13:50:58",28.65,0.7,300,12172100,"S"
"PDR","13:50:57",28.65,0.7,200,12171800,"S"
"PDR","13:50:50",28.65,0.7,3500,12171600,"S"
"PDR","13:50:47",28.65,0.7,200,12168100,"S"
"PDR","13:50:46",28.65,0.7,1000,12167900,"S"
"PDR","13:50:39",28.65,0.7,500,12166900,"S"
"PDR","13:50:35",28.65,0.7,200,12166400,"S"
"PDR","13:50:30",28.65,0.7,300,12166200,"S"
"PDR","13:50:29",28.65,0.7,2200,12165900,"S"
"PDR","13:50:26",28.65,0.7,3000,12163700,"S"
"PDR","13:50:24",28.65,0.7,1300,12160700,"B"
"PDR","13:50:24",28.65,0.7,500,12159400,"B"
"PDR","13:50:22",28.65,0.7,300,12158900,"B"
"PDR","13:50:18",28.65,0.7,100,12158600,"B"
"PDR","13:50:14",28.65,0.7,6000,12158500,"B"
"PDR","13:50:13",28.65,0.7,3200,12152500,"S"
"PDR","13:50:12",28.65,0.7,1000,12149300,"S"
"PDR","13:50:10",28.65,0.7,300,12148300,"S"
"PDR","13:50:09",28.65,0.7,13400,12148000,"S"
"PDR","13:50:08",28.65,0.7,2200,12134600,"S"
"PDR","13:50:03",28.65,0.7,800,12132400,"S"
"PDR","13:50:03",28.65,0.7,500,12131600,"S"
"PDR","13:49:59",28.65,0.7,2000,12131100,"S"
"PDR","13:49:59",28.65,0.7,1000,12129100,"S"
"PDR","13:49:58",28.65,0.7,300,12128100,"S"
"PDR","13:49:55",28.65,0.7,600,12127800,"S"
"PDR","13:49:50",28.65,0.7,2500,12127200,"S"
"PDR","13:49:49",28.65,0.7,11400,12124700,"B"
"PDR","13:49:48",28.65,0.7,100,12113300,"B"
"PDR","13:49:46",28.7,0.75,18400,12113200,"S"
"PDR","13:49:46",28.65,0.7,1600,12094800,"S"
"PDR","13:49:46",28.65,0.7,900,12093200,"B"
"PDR","13:49:43",28.65,0.7,21500,12092300,"B"
"PDR","13:49:39",28.65,0.7,100,12070800,"B"
"PDR","13:49:39",28.65,0.7,1000,12070700,"B"
"PDR","13:49:38",28.65,0.7,3000,12069700,"B"
"PDR","13:49:37",28.65,0.7,1000,12066700,"B"
"PDR","13:49:37",28.65,0.7,100,12065700,"B"
"PDR","13:49:37",28.7,0.75,5000,12065600,"S"
"PDR","13:49:36",28.65,0.7,20000,12060600,"B"
"PDR","13:49:34",28.65,0.7,3600,12040600,"B"
"PDR","13:49:29",28.65,0.7,100,12037000,"B"
"PDR","13:49:25",28.65,0.7,500,12036900,"B"
"PDR","13:49:20",28.7,0.75,900,12036400,"S"
"PDR","13:49:17",28.7,0.75,1000,12035500,"S"
"PDR","13:49:16",28.65,0.7,4000,12034500,"B"
"PDR","13:49:10",28.7,0.75,2300,12030500,"S"
"PDR","13:48:59",28.7,0.75,2000,12028200,"S"
"PDR","13:48:56",28.7,0.75,500,12026200,"S"
"PDR","13:48:53",28.65,0.7,7800,12025700,"S"
"PDR","13:48:52",28.65,0.7,300,12017900,"S"
"PDR","13:48:52",28.65,0.7,300,12017600,"S"
"PDR","13:48:50",28.65,0.7,11000,12017300,"S"
"PDR","13:48:49",28.65,0.7,10100,12006300,"S"
"PDR","13:48:48",28.65,0.7,15500,11996200,"S"
"PDR","13:48:47",28.65,0.7,1500,11980700,"S"
"PDR","13:48:47",28.65,0.7,11800,11979200,"S"
"PDR","13:48:46",28.65,0.7,13500,11967400,"S"
"PDR","13:48:46",28.65,0.7,500,11953900,"S"
"PDR","13:48:45",28.65,0.7,10900,11953400,"S"
"PDR","13:48:44",28.65,0.7,5500,11942500,"S"
"PDR","13:48:44",28.65,0.7,4400,11937000,"S"
"PDR","13:48:43",28.65,0.7,7000,11932600,"S"
"PDR","13:48:43",28.65,0.7,600,11925600,"S"
"PDR","13:48:42",28.65,0.7,500,11925000,"S"
"PDR","13:48:42",28.65,0.7,10000,11924500,"S"
"PDR","13:48:40",28.65,0.7,30000,11914500,"S"
"PDR","13:48:40",28.65,0.7,2000,11884500,"S"
"PDR","13:48:38",28.65,0.7,1000,11882500,"S"
"PDR","13:48:37",28.65,0.7,1100,11881500,"S"
"PDR","13:48:37",28.6,0.65,300,11880400,"B"
"PDR","13:48:37",28.65,0.7,500,11880100,"S"
"PDR","13:48:36",28.65,0.7,400,11879600,"S"
"PDR","13:48:34",28.65,0.7,100,11879200,"S"
"PDR","13:48:34",28.65,0.7,4000,11879100,"S"
"PDR","13:48:33",28.65,0.7,300,11875100,"S"
"PDR","13:48:32",28.65,0.7,300,11874800,"S"
"PDR","13:48:30",28.65,0.7,1000,11874500,"S"
"PDR","13:48:29",28.65,0.7,1100,11873500,"S"
"PDR","13:48:28",28.65,0.7,1000,11872400,"S"
"PDR","13:48:26",28.65,0.7,3400,11871400,"S"
"PDR","13:48:25",28.65,0.7,3000,11868000,"S"
"PDR","13:48:24",28.65,0.7,5400,11865000,"S"
"PDR","13:48:23",28.65,0.7,200,11859600,"S"
"PDR","13:48:22",28.65,0.7,1300,11859400,"S"
"PDR","13:48:20",28.65,0.7,10000,11858100,"S"
"PDR","13:48:19",28.65,0.7,100,11848100,"S"
"PDR","13:48:17",28.65,0.7,3000,11848000,"S"
"PDR","13:48:15",28.65,0.7,14000,11845000,"S"
"PDR","13:48:13",28.65,0.7,5000,11831000,"S"
"PDR","13:48:01",28.65,0.7,100,11826000,"S"
"PDR","13:47:55",28.65,0.7,200,11825900,"S"
"PDR","13:47:49",28.65,0.7,5000,11825700,"S"
"PDR","13:47:47",28.65,0.7,800,11820700,"S"
"PDR","13:47:41",28.65,0.7,1200,11819900,"S"
"PDR","13:47:31",28.65,0.7,3200,11818700,"S"
"PDR","13:47:22",28.6,0.65,14900,11815500,"S"
"PDR","13:47:22",28.6,0.65,100,11800600,"S"
"PDR","13:47:21",28.55,0.6,500,11800500,"B"
"PDR","13:47:21",28.6,0.65,500,11800000,"S"
"PDR","13:47:20",28.6,0.65,100,11799500,"S"
"PDR","13:47:20",28.6,0.65,6000,11799400,"S"
"PDR","13:47:19",28.6,0.65,2300,11793400,"S"
"PDR","13:47:19",28.55,0.6,200,11791100,"B"
"PDR","13:47:19",28.6,0.65,1600,11790900,"S"
"PDR","13:47:18",28.6,0.65,11000,11789300,"S"
"PDR","13:47:17",28.6,0.65,20800,11778300,"S"
"PDR","13:47:17",28.6,0.65,200,11757500,"S"
"PDR","13:47:16",28.6,0.65,3000,11757300,"S"
"PDR","13:47:16",28.6,0.65,1000,11754300,"S"
"PDR","13:47:15",28.6,0.65,4000,11753300,"S"
"PDR","13:47:14",28.6,0.65,500,11749300,"S"
"PDR","13:47:12",28.6,0.65,1000,11748800,"S"
"PDR","13:47:10",28.6,0.65,2900,11747800,"S"
"PDR","13:47:10",28.6,0.65,7000,11744900,"S"
"PDR","13:47:06",28.6,0.65,25000,11737900,"S"
"PDR","13:47:02",28.6,0.65,500,11712900,"S"
"PDR","13:46:59",28.6,0.65,34500,11712400,"S"
"PDR","13:46:59",28.55,0.6,1000,11677900,"B"
"PDR","13:46:57",28.6,0.65,1000,11676900,"S"
"PDR","13:46:55",28.6,0.65,5300,11675900,"S"
"PDR","13:46:50",28.6,0.65,2900,11670600,"S"
"PDR","13:46:49",28.6,0.65,3100,11667700,"S"
"PDR","13:46:49",28.55,0.6,300,11664600,"B"
"PDR","13:46:47",28.6,0.65,400,11664300,"S"
"PDR","13:46:39",28.55,0.6,200,11663900,"B"
"PDR","13:46:38",28.6,0.65,1300,11663700,"S"
"PDR","13:46:35",28.6,0.65,1000,11662400,"S"
"PDR","13:46:31",28.55,0.6,2600,11661400,"B"
"PDR","13:46:22",28.6,0.65,100,11658800,"S"
"PDR","13:46:20",28.55,0.6,100,11658700,"B"
"PDR","13:46:19",28.55,0.6,1000,11658600,"B"
"PDR","13:46:19",28.6,0.65,2000,11657600,"S"
"PDR","13:46:16",28.55,0.6,5000,11655600,"B"
"PDR","13:46:11",28.55,0.6,2100,11650600,"B"
"PDR","13:46:09",28.55,0.6,300,11648500,"B"
"PDR","13:46:01",28.55,0.6,1000,11648200,"B"
"PDR","13:46:00",28.55,0.6,200,11647200,"B"
"PDR","13:45:53",28.55,0.6,300,11647000,"B"
"PDR","13:45:51",28.55,0.6,300,11646700,"B"
"PDR","13:45:48",28.55,0.6,5000,11646400,"B"
"PDR","13:45:48",28.55,0.6,500,11641400,"B"
"PDR","13:45:45",28.55,0.6,200,11640900,"B"
"PDR","13:45:44",28.55,0.6,200,11640700,"B"
"PDR","13:45:44",28.6,0.65,2000,11640500,"S"
"PDR","13:45:42",28.55,0.6,100,11638500,"B"
"PDR","13:45:40",28.55,0.6,500,11638400,"B"
"PDR","13:45:37",28.55,0.6,200,11637900,"B"
"PDR","13:45:36",28.55,0.6,2000,11637700,"B"
"PDR","13:45:33",28.55,0.6,500,11635700,"B"
"PDR","13:45:28",28.55,0.6,600,11635200,"B"
"PDR","13:45:27",28.55,0.6,500,11634600,"B"
"PDR","13:45:25",28.55,0.6,20100,11634100,"B"
"PDR","13:45:20",28.55,0.6,200,11614000,"B"
"PDR","13:45:20",28.55,0.6,500,11613800,"B"
"PDR","13:45:19",28.55,0.6,3000,11613300,"B"
"PDR","13:45:17",28.55,0.6,1000,11610300,"B"
"PDR","13:45:14",28.55,0.6,100,11609300,"B"
"PDR","13:45:10",28.55,0.6,2000,11609200,"B"
"PDR","13:45:10",28.55,0.6,500,11607200,"B"
"PDR","13:45:09",28.55,0.6,900,11606700,"B"
"PDR","13:45:06",28.55,0.6,10600,11605800,"B"
"PDR","13:45:05",28.55,0.6,1000,11595200,"B"
"PDR","13:45:01",28.55,0.6,2000,11594200,"B"
"PDR","13:45:01",28.55,0.6,500,11592200,"B"
"PDR","13:44:58",28.55,0.6,800,11591700,"B"
"PDR","13:44:57",28.55,0.6,2100,11590900,"B"
"PDR","13:44:56",28.55,0.6,1100,11588800,"B"
"PDR","13:44:54",28.55,0.6,1000,11587700,"B"
"PDR","13:44:53",28.55,0.6,100,11586700,"B"
"PDR","13:44:52",28.55,0.6,1000,11586600,"B"
"PDR","13:44:50",28.55,0.6,5500,11585600,"B"
"PDR","13:44:47",28.55,0.6,900,11580100,"B"
"PDR","13:44:45",28.55,0.6,2000,11579200,"B"
"PDR","13:44:43",28.55,0.6,1000,11577200,"B"
"PDR","13:44:40",28.55,0.6,1000,11576200,"B"
"PDR","13:44:39",28.55,0.6,300,11575200,"B"
"PDR","13:44:38",28.55,0.6,1000,11574900,"B"
"PDR","13:44:27",28.55,0.6,900,11573900,"B"
"PDR","13:44:26",28.55,0.6,400,11573000,"B"
"PDR","13:44:19",28.55,0.6,800,11572600,"B"
"PDR","13:44:08",28.55,0.6,3100,11571800,"B"
"PDR","13:44:03",28.55,0.6,1000,11568700,"B"
"PDR","13:44:00",28.6,0.65,500,11567700,"S"
"PDR","13:43:59",28.55,0.6,1000,11567200,"B"
"PDR","13:43:56",28.55,0.6,1700,11566200,"B"
"PDR","13:43:55",28.55,0.6,500,11564500,"B"
"PDR","13:43:54",28.55,0.6,1000,11564000,"B"
"PDR","13:43:53",28.6,0.65,200,11563000,"S"
"PDR","13:43:52",28.55,0.6,800,11562800,"B"
"PDR","13:43:50",28.55,0.6,3000,11562000,"B"
"PDR","13:43:48",28.55,0.6,100,11559000,"B"
"PDR","13:43:47",28.55,0.6,1000,11558900,"B"
"PDR","13:43:43",28.55,0.6,1500,11557900,"B"
"PDR","13:43:35",28.55,0.6,500,11556400,"B"
"PDR","13:43:32",28.55,0.6,30000,11555900,"B"
"PDR","13:43:31",28.55,0.6,100,11525900,"B"
"PDR","13:43:29",28.55,0.6,200,11525800,"B"
"PDR","13:43:29",28.55,0.6,1900,11525600,"B"
"PDR","13:43:27",28.55,0.6,200,11523700,"B"
"PDR","13:43:23",28.6,0.65,1300,11523500,"S"
"PDR","13:43:22",28.55,0.6,100,11522200,"B"
"PDR","13:43:18",28.55,0.6,500,11522100,"B"
"PDR","13:43:16",28.55,0.6,10000,11521600,"B"
"PDR","13:43:07",28.55,0.6,1000,11511600,"B"
"PDR","13:43:01",28.6,0.65,200,11510600,"S"
"PDR","13:43:00",28.55,0.6,1000,11510400,"B"
"PDR","13:42:55",28.6,0.65,10000,11509400,"S"
"PDR","13:42:54",28.6,0.65,3000,11499400,"S"
"PDR","13:42:53",28.6,0.65,2000,11493400,"S"
"PDR","13:42:50",28.6,0.65,1000,11491400,"S"
"PDR","13:42:45",28.55,0.6,1000,11490400,"B"
"PDR","13:42:41",28.55,0.6,100,11489400,"B"
"PDR","13:42:36",28.6,0.65,1000,11489300,"S"
"PDR","13:42:31",28.6,0.65,500,11488300,"S"
"PDR","13:42:31",28.6,0.65,2400,11487800,"S"
"PDR","13:42:26",28.6,0.65,2000,11485400,"S"
"PDR","13:42:22",28.55,0.6,300,11483400,"B"
"PDR","13:42:20",28.6,0.65,3500,11483100,"S"
"PDR","13:42:18",28.6,0.65,100,11479600,"S"
"PDR","13:42:09",28.6,0.65,800,11479500,"S"
"PDR","13:42:08",28.6,0.65,2000,11478700,"S"
"PDR","13:41:57",28.6,0.65,100,11472700,"S"
"PDR","13:41:49",28.6,0.65,1300,11472600,"S"
"PDR","13:41:47",28.55,0.6,100,11471300,"B"
"PDR","13:41:47",28.6,0.65,5000,11471200,"S"
"PDR","13:41:45",28.6,0.65,2000,11466200,"S"
"PDR","13:41:43",28.6,0.65,3000,11464200,"S"
"PDR","13:41:41",28.55,0.6,110600,11461200,"B"
"PDR","13:41:38",28.6,0.65,100,11350600,"S"
"PDR","13:41:32",28.6,0.65,80000,11350500,"S"
"PDR","13:41:29",28.6,0.65,800,11270500,"S"
"PDR","13:41:27",28.6,0.65,1700,11269700,"S"
"PDR","13:41:25",28.6,0.65,600,11268000,"S"
"PDR","13:41:25",28.55,0.6,1000,11267400,"B"
"PDR","13:41:24",28.6,0.65,800,11266400,"S"
"PDR","13:41:19",28.6,0.65,600,11265600,"S"
"PDR","13:41:09",28.6,0.65,100,11265000,"S"
"PDR","13:41:08",28.55,0.6,500,11264900,"B"
"PDR","13:41:06",28.55,0.6,100,11264400,"B"
"PDR","13:41:04",28.55,0.6,200,11264300,"B"
"PDR","13:41:03",28.55,0.6,1000,11264100,"B"
"PDR","13:41:01",28.55,0.6,500,11263100,"B"
"PDR","13:41:01",28.6,0.65,4700,11262600,"S"
"PDR","13:40:59",28.55,0.6,1100,11257900,"B"
"PDR","13:40:53",28.55,0.6,2400,11256800,"B"
"PDR","13:40:52",28.6,0.65,1000,11254400,"S"
"PDR","13:40:51",28.55,0.6,1300,11253400,"B"
"PDR","13:40:47",28.55,0.6,200,11252100,"B"
"PDR","13:40:46",28.6,0.65,900,11251900,"S"
"PDR","13:40:42",28.6,0.65,500,11251000,"S"
"PDR","13:40:39",28.6,0.65,3000,11250500,"S"
"PDR","13:40:37",28.6,0.65,500,11247500,"S"
"PDR","13:40:32",28.6,0.65,300,11247000,"S"
"PDR","13:40:24",28.6,0.65,1000,11246700,"S"
"PDR","13:40:23",28.6,0.65,3000,11245700,"S"
"PDR","13:40:21",28.55,0.6,20000,11242700,"B"
"PDR","13:40:21",28.6,0.65,4000,11222700,"S"
"PDR","13:40:20",28.6,0.65,300,11218700,"S"
"PDR","13:40:15",28.6,0.65,100,11218400,"S"
"PDR","13:40:11",28.55,0.6,40000,11218300,"B"
"PDR","13:40:08",28.55,0.6,200,11178300,"B"
"PDR","13:40:08",28.6,0.65,1000,11178100,"S"
"PDR","13:40:06",28.6,0.65,500,11177100,"S"
"PDR","13:40:04",28.55,0.6,17400,11176600,"B"
"PDR","13:40:00",28.55,0.6,100,11159200,"B"
"PDR","13:39:57",28.6,0.65,10000,11159100,"S"
"PDR","13:39:54",28.55,0.6,3000,11149100,"B"
"PDR","13:39:52",28.6,0.65,100,11146100,"S"
"PDR","13:39:50",28.55,0.6,1000,11146000,"B"
"PDR","13:39:47",28.55,0.6,8000,11145000,"B"
"PDR","13:39:47",28.55,0.6,1000,11137000,"B"
"PDR","13:39:45",28.55,0.6,2000,11136000,"B"
"PDR","13:39:44",28.55,0.6,500,11134000,"B"
"PDR","13:39:39",28.55,0.6,2200,11133500,"B"
"PDR","13:39:38",28.55,0.6,3000,11131300,"B"
"PDR","13:39:38",28.6,0.65,18000,11128300,"S"
"PDR","13:39:37",28.6,0.65,2000,11110300,"S"
"PDR","13:39:37",28.55,0.6,5000,11108300,"B"
"PDR","13:39:31",28.55,0.6,2000,11100600,"B"
"PDR","13:39:28",28.55,0.6,10000,11098600,"B"
"PDR","13:39:27",28.55,0.6,1000,11088600,"B"
"PDR","13:39:26",28.55,0.6,16000,11087600,"B"
"PDR","13:39:25",28.55,0.6,100,11071600,"B"
"PDR","13:39:23",28.55,0.6,1400,11071500,"B"
"PDR","13:39:20",28.55,0.6,200,11070100,"B"
"PDR","13:39:14",28.55,0.6,14400,11069900,"B"
"PDR","13:39:11",28.6,0.65,500,11055500,"S"
"PDR","13:39:09",28.55,0.6,100,11055000,"B"
"PDR","13:39:07",28.55,0.6,1000,11054900,"B"
"PDR","13:39:06",28.55,0.6,10000,11053900,"B"
"PDR","13:39:02",28.55,0.6,100,11043900,"B"
"PDR","13:39:00",28.6,0.65,1000,11043800,"S"
"PDR","13:38:59",28.55,0.6,13300,11042800,"B"
"PDR","13:38:58",28.6,0.65,4000,11029500,"S"
"PDR","13:38:56",28.55,0.6,3000,11025500,"B"
"PDR","13:38:50",28.55,0.6,500,11022500,"B"
"PDR","13:38:50",28.6,0.65,1000,11022000,"S"
"PDR","13:38:49",28.55,0.6,10900,11021000,"B"
"PDR","13:38:42",28.55,0.6,11900,11010100,"B"
"PDR","13:38:41",28.6,0.65,3000,10998200,"S"
"PDR","13:38:39",28.6,0.65,8000,10995200,"S"
"PDR","13:38:36",28.55,0.6,2000,10987200,"B"
"PDR","13:38:34",28.55,0.6,40000,10985200,"B"
"PDR","13:38:33",28.6,0.65,2000,10945200,"S"
"PDR","13:38:30",28.55,0.6,5000,10943200,"B"
"PDR","13:38:25",28.6,0.65,100,10938200,"S"
"PDR","13:38:22",28.6,0.65,400,10938100,"S"
"PDR","13:38:21",28.6,0.65,500,10937700,"S"
"PDR","13:38:21",28.6,0.65,700,10937200,"S"
"PDR","13:38:17",28.6,0.65,1000,10936500,"S"
"PDR","13:38:16",28.55,0.6,200,10935500,"B"
"PDR","13:38:14",28.6,0.65,300,10935300,"S"
"PDR","13:38:13",28.6,0.65,2000,10935000,"S"
"PDR","13:38:11",28.6,0.65,1000,10933000,"S"
"PDR","13:38:11",28.6,0.65,2000,10932000,"S"
"PDR","13:38:09",28.6,0.65,400,10930000,"S"
"PDR","13:38:09",28.6,0.65,200,10929600,"S"
"PDR","13:38:06",28.6,0.65,1500,10929400,"S"
"PDR","13:38:01",28.6,0.65,1000,10927900,"S"
"PDR","13:37:58",28.6,0.65,100,10926900,"S"
"PDR","13:37:57",28.6,0.65,1000,10926800,"S"
"PDR","13:37:55",28.6,0.65,400,10925800,"S"
"PDR","13:37:54",28.55,0.6,200,10925400,"B"
"PDR","13:37:54",28.6,0.65,2000,10925200,"S"
"PDR","13:37:54",28.6,0.65,300,10923200,"S"
"PDR","13:37:53",28.55,0.6,11000,10922900,"B"
"PDR","13:37:53",28.6,0.65,5000,10911900,"S"
"PDR","13:37:50",28.6,0.65,400,10906900,"S"
"PDR","13:37:50",28.6,0.65,200,10906500,"S"
"PDR","13:37:48",28.6,0.65,100,10906300,"S"
"PDR","13:37:46",28.6,0.65,2100,10906200,"S"
"PDR","13:37:45",28.55,0.6,13000,10904100,"B"
"PDR","13:37:40",28.6,0.65,15800,10891100,"S"
"PDR","13:37:39",28.6,0.65,10000,10875300,"S"
"PDR","13:37:33",28.6,0.65,200,10863000,"S"
"PDR","13:37:32",28.6,0.65,5000,10862800,"S"
"PDR","13:37:30",28.6,0.65,1000,10857800,"S"
"PDR","13:37:30",28.6,0.65,200,10856800,"S"
"PDR","13:37:29",28.6,0.65,10400,10856600,"S"
"PDR","13:37:28",28.6,0.65,1000,10846200,"S"
"PDR","13:37:27",28.55,0.6,9000,10845200,"B"
"PDR","13:37:24",28.6,0.65,500,10836200,"S"
"PDR","13:37:17",28.6,0.65,2500,10835700,"S"
"PDR","13:37:16",28.6,0.65,100,10833200,"S"
"PDR","13:37:12",28.55,0.6,5000,10833100,"B"
"PDR","13:37:12",28.6,0.65,100,10828100,"S"
"PDR","13:37:09",28.6,0.65,100,10828000,"S"
"PDR","13:37:08",28.6,0.65,800,10827900,"S"
"PDR","13:37:07",28.6,0.65,300,10827100,"S"
"PDR","13:37:07",28.6,0.65,7300,10826800,"B"
"PDR","13:37:06",28.6,0.65,500,10819500,"B"
"PDR","13:37:06",28.6,0.65,300,10819000,"B"
"PDR","13:37:05",28.6,0.65,18600,10818700,"B"
"PDR","13:37:03",28.6,0.65,5500,10800100,"B"
"PDR","13:36:59",28.6,0.65,9500,10794600,"B"
"PDR","13:36:58",28.6,0.65,23300,10785100,"B"
"PDR","13:36:57",28.6,0.65,1000,10761800,"B"
"PDR","13:36:55",28.65,0.7,5400,10760800,"S"
"PDR","13:36:54",28.6,0.65,100,10755400,"B"
"PDR","13:36:51",28.6,0.65,15900,10755300,"B"
"PDR","13:36:46",28.6,0.65,20000,10739400,"B"
"PDR","13:36:45",28.6,0.65,200,10719400,"B"
"PDR","13:36:43",28.65,0.7,10000,10719200,"S"
"PDR","13:36:42",28.6,0.65,15000,10709200,"B"
"PDR","13:36:37",28.65,0.7,2900,10694200,"S"
"PDR","13:36:32",28.6,0.65,200,10691300,"B"
"PDR","13:36:31",28.65,0.7,1000,10691100,"S"
"PDR","13:36:30",28.6,0.65,13000,10690100,"B"
"PDR","13:36:23",28.65,0.7,400,10677100,"S"
"PDR","13:36:23",28.6,0.65,12000,10676700,"B"
"PDR","13:36:17",28.65,0.7,1000,10664700,"S"
"PDR","13:36:15",28.65,0.7,500,10663700,"S"
"PDR","13:36:07",28.65,0.7,4500,10663200,"S"
"PDR","13:36:04",28.6,0.65,100,10658700,"B"
"PDR","13:36:02",28.6,0.65,500,10658600,"B"
"PDR","13:35:52",28.65,0.7,1500,10658100,"S"
"PDR","13:35:49",28.65,0.7,900,10656600,"S"
"PDR","13:35:45",28.65,0.7,200,10655700,"S"
"PDR","13:35:43",28.6,0.65,10000,10655500,"B"
"PDR","13:35:36",28.6,0.65,300,10645500,"B"
"PDR","13:35:36",28.65,0.7,200,10645200,"S"
"PDR","13:35:22",28.6,0.65,300,10645000,"B"
"PDR","13:35:10",28.65,0.7,1000,10644700,"S"
"PDR","13:35:08",28.6,0.65,200,10643700,"B"
"PDR","13:34:59",28.65,0.7,300,10643500,"S"
"PDR","13:34:54",28.6,0.65,3000,10643200,"B"
"PDR","13:34:46",28.6,0.65,200,10640200,"B"
"PDR","13:34:39",28.65,0.7,1000,10640000,"S"
"PDR","13:34:34",28.6,0.65,1000,10639000,"B"
"PDR","13:34:29",28.65,0.7,400,10638000,"S"
"PDR","13:34:28",28.6,0.65,1200,10637600,"B"
"PDR","13:34:20",28.6,0.65,1000,10636400,"B"
"PDR","13:34:19",28.65,0.7,2000,10635400,"S"
"PDR","13:34:17",28.65,0.7,100,10633400,"S"
"PDR","13:34:15",28.6,0.65,500,10633300,"B"
"PDR","13:34:13",28.65,0.7,600,10632800,"S"
"PDR","13:34:13",28.6,0.65,300,10632200,"B"
"PDR","13:34:12",28.6,0.65,5000,10631900,"B"
"PDR","13:34:11",28.6,0.65,1000,10626900,"B"
"PDR","13:34:09",28.6,0.65,500,10625900,"B"
"PDR","13:34:07",28.6,0.65,5900,10625400,"B"
"PDR","13:34:04",28.6,0.65,400,10619500,"B"
"PDR","13:34:03",28.6,0.65,500,10619100,"B"
"PDR","13:33:58",28.65,0.7,3000,10618600,"S"
"PDR","13:33:57",28.6,0.65,160000,10615600,"B"
"PDR","13:33:53",28.6,0.65,1000,10455600,"B"
"PDR","13:33:52",28.6,0.65,1800,10454600,"B"
"PDR","13:33:51",28.6,0.65,200,10452800,"B"
"PDR","13:33:48",28.6,0.65,2000,10452600,"B"
"PDR","13:33:46",28.6,0.65,2000,10450600,"B"
"PDR","13:33:42",28.6,0.65,3000,10448600,"B"
"PDR","13:33:37",28.6,0.65,1000,10445600,"B"
"PDR","13:33:36",28.6,0.65,100,10444600,"B"
"PDR","13:33:30",28.6,0.65,100,10444500,"B"
"PDR","13:33:24",28.6,0.65,1000,10444400,"B"
"PDR","13:33:19",28.6,0.65,20000,10443400,"B"
"PDR","13:33:07",28.6,0.65,2000,10423400,"B"
"PDR","13:33:04",28.6,0.65,2900,10421400,"B"
"PDR","13:33:01",28.6,0.65,1100,10418500,"B"
"PDR","13:32:52",28.6,0.65,1300,10417400,"B"
"PDR","13:32:48",28.6,0.65,3000,10416100,"B"
"PDR","13:32:46",28.65,0.7,100,10413100,"S"
"PDR","13:32:46",28.6,0.65,10000,10413000,"B"
"PDR","13:32:43",28.6,0.65,200,10403000,"B"
"PDR","13:32:43",28.65,0.7,400,10402800,"S"
"PDR","13:32:39",28.6,0.65,200,10402400,"B"
"PDR","13:32:39",28.6,0.65,2000,10402200,"B"
"PDR","13:32:29",28.6,0.65,2000,10400200,"B"
"PDR","13:32:28",28.6,0.65,400,10398200,"B"
"PDR","13:32:23",28.6,0.65,500,10397800,"B"
"PDR","13:32:15",28.6,0.65,500,10397300,"B"
"PDR","13:32:13",28.6,0.65,100,10396800,"B"
"PDR","13:32:12",28.65,0.7,2500,10396700,"S"
"PDR","13:32:06",28.6,0.65,100,10394200,"B"
"PDR","13:31:58",28.6,0.65,1000,10394100,"B"
"PDR","13:31:51",28.6,0.65,6000,10393100,"B"
"PDR","13:31:41",28.65,0.7,5000,10387100,"S"
"PDR","13:31:37",28.6,0.65,29000,10382100,"B"
"PDR","13:31:36",28.6,0.65,1000,10353100,"B"
"PDR","13:31:30",28.6,0.65,3100,10352100,"B"
"PDR","13:31:29",28.65,0.7,8200,10349000,"S"
"PDR","13:31:28",28.6,0.65,30000,10340800,"B"
"PDR","13:31:25",28.65,0.7,100,10310800,"S"
"PDR","13:31:25",28.6,0.65,9200,10310700,"B"
"PDR","13:31:24",28.65,0.7,2000,10301500,"S"
"PDR","13:31:23",28.65,0.7,300,10299500,"S"
"PDR","13:31:22",28.65,0.7,400,10299200,"S"
"PDR","13:31:17",28.65,0.7,4800,10298800,"S"
"PDR","13:31:12",28.65,0.7,800,10294000,"S"
"PDR","13:31:10",28.65,0.7,9400,10293200,"B"
"PDR","13:31:08",28.65,0.7,300,10283800,"B"
"PDR","13:31:07",28.65,0.7,5000,10283500,"B"
"PDR","13:31:06",28.65,0.7,400,10278500,"B"
"PDR","13:31:04",28.65,0.7,3000,10278100,"B"
"PDR","13:31:02",28.65,0.7,200,10275100,"B"
"PDR","13:30:51",28.65,0.7,15000,10274900,"B"
"PDR","13:30:45",28.65,0.7,1200,10258500,"B"
"PDR","13:30:39",28.65,0.7,1000,10257300,"B"
"PDR","13:30:36",28.65,0.7,5000,10256300,"B"
"PDR","13:30:36",28.65,0.7,45000,10251300,"B"
"PDR","13:30:35",28.7,0.75,100,10206300,"S"
"PDR","13:30:34",28.7,0.75,5000,10206200,"S"
"PDR","13:30:34",28.65,0.7,300,10201200,"B"
"PDR","13:30:33",28.65,0.7,2000,10200900,"B"
"PDR","13:30:32",28.7,0.75,2000,10198900,"S"
"PDR","13:30:29",28.65,0.7,1000,10196900,"B"
"PDR","13:30:27",28.65,0.7,200,10195900,"B"
"PDR","13:30:26",28.65,0.7,10200,10195700,"B"
"PDR","13:30:13",28.7,0.75,2100,10185500,"S"
"PDR","13:30:10",28.65,0.7,1000,10183400,"B"
"PDR","13:30:07",28.65,0.7,500,10182400,"B"
"PDR","13:30:06",28.65,0.7,1000,10181900,"B"
"PDR","13:30:05",28.65,0.7,5100,10180900,"S"
"PDR","13:30:05",28.65,0.7,1000,10175800,"S"
"PDR","13:30:04",28.65,0.7,8000,10174800,"S"
"PDR","13:30:02",28.65,0.7,4600,10166800,"S"
"PDR","13:29:59",28.65,0.7,1000,10162200,"S"
"PDR","13:29:54",28.65,0.7,7000,10161200,"S"
"PDR","13:29:51",28.65,0.7,500,10154200,"S"
"PDR","13:29:49",28.65,0.7,1000,10153700,"S"
"PDR","13:29:48",28.65,0.7,500,10152700,"S"
"PDR","13:29:47",28.65,0.7,11000,10152200,"S"
"PDR","13:29:43",28.65,0.7,600,10141200,"S"
"PDR","13:29:42",28.6,0.65,4600,10140600,"B"
"PDR","13:29:42",28.65,0.7,5400,10136000,"B"
"PDR","13:29:40",28.65,0.7,1000,10130600,"B"
"PDR","13:29:38",28.65,0.7,1000,10129600,"B"
"PDR","13:29:37",28.65,0.7,400,10128600,"B"
"PDR","13:29:35",28.65,0.7,600,10128200,"S"
"PDR","13:29:32",28.65,0.7,9600,10127600,"B"
"PDR","13:29:27",28.65,0.7,500,10118000,"B"
"PDR","13:29:25",28.65,0.7,300,10117500,"S"
"PDR","13:29:24",28.65,0.7,10200,10117200,"S"
"PDR","13:29:23",28.65,0.7,12500,10107000,"S"
"PDR","13:29:22",28.65,0.7,3000,10094500,"S"
"PDR","13:29:21",28.65,0.7,800,10091500,"S"
"PDR","13:29:20",28.6,0.65,500,10090700,"B"
"PDR","13:29:20",28.65,0.7,5000,10090200,"S"
"PDR","13:29:19",28.65,0.7,1000,10085200,"S"
"PDR","13:29:18",28.65,0.7,10000,10084200,"S"
"PDR","13:29:17",28.65,0.7,1200,10074200,"S"
"PDR","13:29:16",28.65,0.7,2200,10073000,"S"
"PDR","13:29:14",28.65,0.7,4000,10070800,"S"
"PDR","13:29:13",28.65,0.7,300,10066800,"S"
"PDR","13:29:12",28.65,0.7,5000,10066500,"S"
"PDR","13:29:10",28.65,0.7,10000,10061500,"S"
"PDR","13:29:06",28.65,0.7,400,10051500,"S"
"PDR","13:29:05",28.65,0.7,2000,10050800,"S"
"PDR","13:29:03",28.65,0.7,500,10048800,"S"
"PDR","13:29:03",28.65,0.7,500,10048300,"S"
"PDR","13:29:02",28.65,0.7,600,10047800,"S"
"PDR","13:28:59",28.65,0.7,400,10047200,"S"
"PDR","13:28:56",28.65,0.7,100,10046800,"S"
"PDR","13:28:55",28.65,0.7,1000,10046700,"S"
"PDR","13:28:55",28.65,0.7,1000,10045700,"S"
"PDR","13:28:53",28.65,0.7,200,10044700,"S"
"PDR","13:28:53",28.6,0.65,1000,10044500,"B"
"PDR","13:28:48",28.65,0.7,10000,10043500,"S"
"PDR","13:28:47",28.65,0.7,500,10033500,"S"
"PDR","13:28:46",28.65,0.7,300,10033000,"S"
"PDR","13:28:45",28.65,0.7,800,10032700,"S"
"PDR","13:28:44",28.6,0.65,400,10031900,"B"
"PDR","13:28:43",28.65,0.7,3500,10031500,"S"
"PDR","13:28:42",28.65,0.7,900,10028000,"S"
"PDR","13:28:41",28.65,0.7,100,10027100,"S"
"PDR","13:28:38",28.65,0.7,1500,10027000,"S"
"PDR","13:28:35",28.65,0.7,500,10025500,"S"
"PDR","13:28:34",28.65,0.7,10000,10025000,"S"
"PDR","13:28:30",28.65,0.7,1000,10015000,"S"
"PDR","13:28:29",28.65,0.7,100,10014000,"S"
"PDR","13:28:27",28.65,0.7,100,10013900,"S"
"PDR","13:28:21",28.65,0.7,2400,10013800,"S"
"PDR","13:28:20",28.65,0.7,700,10011400,"S"
"PDR","13:28:18",28.65,0.7,300,10010700,"S"
"PDR","13:28:14",28.65,0.7,11600,10010400,"B"
"PDR","13:28:13",28.65,0.7,1000,9998800,"B"
"PDR","13:28:12",28.65,0.7,11500,9997800,"B"
"PDR","13:28:12",28.65,0.7,100,9986300,"B"
"PDR","13:28:11",28.65,0.7,1000,9986200,"B"
"PDR","13:28:10",28.65,0.7,1000,9985200,"B"
"PDR","13:28:09",28.65,0.7,1000,9984200,"B"
"PDR","13:28:08",28.65,0.7,10000,9983200,"B"
"PDR","13:28:08",28.65,0.7,1000,9973200,"B"
"PDR","13:28:06",28.65,0.7,3600,9972200,"B"
"PDR","13:28:05",28.65,0.7,1000,9968600,"B"
"PDR","13:28:03",28.65,0.7,1000,9967600,"B"
"PDR","13:28:03",28.65,0.7,13000,9966600,"B"
"PDR","13:28:02",28.65,0.7,9000,9953600,"B"
"PDR","13:28:01",28.65,0.7,1400,9944600,"B"
"PDR","13:28:01",28.7,0.75,1300,9943200,"S"
"PDR","13:28:01",28.65,0.7,3000,9941900,"B"
"PDR","13:28:00",28.65,0.7,300,9938900,"B"
"PDR","13:27:59",28.65,0.7,1000,9938600,"B"
"PDR","13:27:58",28.65,0.7,20000,9937600,"B"
"PDR","13:27:57",28.65,0.7,200,9917600,"B"
"PDR","13:27:57",28.65,0.7,1300,9917400,"B"
"PDR","13:27:56",28.65,0.7,300,9915000,"B"
"PDR","13:27:52",28.65,0.7,14000,9913700,"B"
"PDR","13:27:51",28.65,0.7,2200,9899700,"B"
"PDR","13:27:48",28.65,0.7,4000,9897500,"B"
"PDR","13:27:46",28.65,0.7,5100,9893500,"B"
"PDR","13:27:45",28.65,0.7,1000,9888400,"B"
"PDR","13:27:44",28.65,0.7,5500,9887400,"B"
"PDR","13:27:39",28.65,0.7,1000,9881900,"B"
"PDR","13:27:38",28.65,0.7,4900,9880900,"B"
"PDR","13:27:37",28.65,0.7,500,9876000,"B"
"PDR","13:27:36",28.65,0.7,600,9875500,"B"
"PDR","13:27:35",28.65,0.7,3000,9874900,"B"
"PDR","13:27:33",28.65,0.7,1000,9871900,"B"
"PDR","13:27:33",28.7,0.75,500,9870900,"S"
"PDR","13:27:32",28.65,0.7,39800,9870400,"B"
"PDR","13:27:31",28.65,0.7,15000,9830600,"B"
"PDR","13:27:31",28.7,0.75,4000,9815600,"S"
"PDR","13:27:31",28.65,0.7,200,9811600,"B"
"PDR","13:27:29",28.65,0.7,50000,9811400,"B"
"PDR","13:27:29",28.7,0.75,1500,9761400,"S"
"PDR","13:27:19",28.65,0.7,500,9759900,"B"
"PDR","13:27:16",28.65,0.7,200,9759400,"B"
"PDR","13:27:14",28.65,0.7,15000,9759200,"B"
"PDR","13:27:13",28.65,0.7,2000,9744200,"B"
"PDR","13:27:12",28.7,0.75,600,9742200,"S"
"PDR","13:27:10",28.65,0.7,25000,9741600,"B"
"PDR","13:27:09",28.65,0.7,12000,9716600,"B"
"PDR","13:27:04",28.65,0.7,100,9704600,"B"
"PDR","13:27:03",28.7,0.75,700,9704500,"S"
"PDR","13:27:01",28.7,0.75,2000,9703800,"S"
"PDR","13:27:00",28.65,0.7,500,9701800,"B"
"PDR","13:27:00",28.7,0.75,3000,9701300,"S"
"PDR","13:26:59",28.65,0.7,1000,9698300,"B"
"PDR","13:26:58",28.65,0.7,15000,9697300,"B"
"PDR","13:26:54",28.7,0.75,100,9682300,"S"
"PDR","13:26:54",28.65,0.7,14000,9682200,"B"
"PDR","13:26:53",28.65,0.7,300,9668200,"B"
"PDR","13:26:51",28.65,0.7,100,9667900,"B"
"PDR","13:26:41",28.65,0.7,5000,9667800,"B"
"PDR","13:26:40",28.65,0.7,1000,9662800,"B"
"PDR","13:26:38",28.7,0.75,13800,9661800,"S"
"PDR","13:26:26",28.65,0.7,1000,9648000,"B"
"PDR","13:26:26",28.65,0.7,2000,9647000,"B"
"PDR","13:26:23",28.7,0.75,300,9645000,"S"
"PDR","13:26:22",28.65,0.7,5000,9644700,"B"
"PDR","13:26:21",28.65,0.7,1000,9639700,"B"
"PDR","13:26:17",28.7,0.75,600,9638700,"S"
"PDR","13:26:13",28.65,0.7,400,9638100,"B"
"PDR","13:26:10",28.65,0.7,200,9637700,"B"
"PDR","13:26:07",28.65,0.7,1000,9637500,"B"
"PDR","13:26:02",28.65,0.7,100,9636500,"B"
"PDR","13:25:59",28.65,0.7,10000,9636400,"B"
"PDR","13:25:58",28.65,0.7,1000,9626400,"B"
"PDR","13:25:57",28.7,0.75,100,9625400,"S"
"PDR","13:25:55",28.7,0.75,100,9625300,"S"
"PDR","13:25:50",28.65,0.7,1500,9625200,"B"
"PDR","13:25:41",28.65,0.7,3000,9623700,"B"
"PDR","13:25:40",28.65,0.7,3500,9620700,"B"
"PDR","13:25:39",28.7,0.75,100,9617200,"S"
"PDR","13:25:34",28.65,0.7,800,9617100,"B"
"PDR","13:25:30",28.65,0.7,11000,9616300,"B"
"PDR","13:25:29",28.7,0.75,1000,9605300,"S"
"PDR","13:25:27",28.65,0.7,500,9604300,"B"
"PDR","13:25:21",28.65,0.7,100,9603800,"B"
"PDR","13:25:20",28.65,0.7,100,9603700,"B"
"PDR","13:25:13",28.65,0.7,100,9603600,"B"
"PDR","13:25:10",28.7,0.75,3000,9603500,"S"
"PDR","13:25:09",28.65,0.7,100,9600500,"B"
"PDR","13:25:04",28.65,0.7,200,9600400,"B"
"PDR","13:25:04",28.7,0.75,1400,9600200,"S"
"PDR","13:25:01",28.65,0.7,2000,9598800,"B"
"PDR","13:24:58",28.7,0.75,5000,9596800,"S"
"PDR","13:24:49",28.65,0.7,20000,9591800,"B"
"PDR","13:24:47",28.65,0.7,10000,9571800,"B"
"PDR","13:24:40",28.7,0.75,1000,9561800,"S"
"PDR","13:24:37",28.7,0.75,2000,9560800,"S"
"PDR","13:24:36",28.65,0.7,200,9558800,"B"
"PDR","13:24:35",28.65,0.7,800,9558600,"B"
"PDR","13:24:28",28.65,0.7,200,9557800,"B"
"PDR","13:24:27",28.65,0.7,5000,9557600,"B"
"PDR","13:24:26",28.65,0.7,1000,9552600,"B"
"PDR","13:24:23",28.65,0.7,200,9551600,"B"
"PDR","13:24:22",28.65,0.7,100,9551400,"B"
"PDR","13:24:22",28.65,0.7,100,9551300,"B"
"PDR","13:24:21",28.7,0.75,5000,9551200,"S"
"PDR","13:24:19",28.65,0.7,1000,9546200,"B"
"PDR","13:24:18",28.65,0.7,500,9545200,"B"
"PDR","13:24:16",28.65,0.7,10000,9532700,"B"
"PDR","13:24:15",28.65,0.7,500,9522700,"B"
"PDR","13:24:15",28.65,0.7,6000,9522200,"B"
"PDR","13:24:14",28.65,0.7,1000,9516200,"B"
"PDR","13:24:13",28.65,0.7,2500,9515200,"B"
"PDR","13:24:12",28.65,0.7,6800,9512700,"B"
"PDR","13:24:05",28.65,0.7,400,9505900,"B"
"PDR","13:24:04",28.65,0.7,83900,9505500,"S"
"PDR","13:24:03",28.65,0.7,6000,9421600,"S"
"PDR","13:24:02",28.65,0.7,5000,9415600,"S"
"PDR","13:24:01",28.65,0.7,1000,9410600,"S"
"PDR","13:24:00",28.6,0.65,2000,9409600,"B"
"PDR","13:23:59",28.65,0.7,300,9407600,"S"
"PDR","13:23:59",28.65,0.7,300,9407300,"S"
"PDR","13:23:58",28.65,0.7,300,9407000,"S"
"PDR","13:23:56",28.65,0.7,13600,9406700,"S"
"PDR","13:23:52",28.65,0.7,500,9393100,"S"
"PDR","13:23:52",28.6,0.65,300,9392600,"B"
"PDR","13:23:51",28.65,0.7,4000,9392300,"S"
"PDR","13:23:51",28.65,0.7,100,9388300,"S"
"PDR","13:23:50",28.65,0.7,100,9388200,"S"
"PDR","13:23:49",28.65,0.7,2100,9388100,"S"
"PDR","13:23:48",28.65,0.7,2000,9386000,"S"
"PDR","13:23:48",28.6,0.65,3000,9384000,"B"
"PDR","13:23:45",28.65,0.7,3000,9381000,"S"
"PDR","13:23:45",28.6,0.65,5300,9378000,"B"
"PDR","13:23:45",28.6,0.65,4700,9372700,"B"
"PDR","13:23:45",28.65,0.7,1000,9368000,"S"
"PDR","13:23:44",28.6,0.65,19000,9367000,"B"
"PDR","13:23:41",28.6,0.65,5000,9348000,"B"
"PDR","13:23:41",28.65,0.7,3500,9343000,"S"
"PDR","13:23:40",28.65,0.7,200,9337500,"S"
"PDR","13:23:39",28.6,0.65,1000,9337300,"B"
"PDR","13:23:37",28.65,0.7,25100,9336300,"S"
"PDR","13:23:36",28.65,0.7,500,9311200,"S"
"PDR","13:23:36",28.6,0.65,100,9310700,"B"
"PDR","13:23:32",28.65,0.7,200,9310600,"S"
"PDR","13:23:32",28.6,0.65,300,9310400,"B"
"PDR","13:23:29",28.65,0.7,200,9310100,"S"
"PDR","13:23:24",28.6,0.65,4000,9309900,"B"
"PDR","13:23:23",28.65,0.7,1500,9305900,"S"
"PDR","13:23:22",28.65,0.7,800,9304400,"S"
"PDR","13:23:19",28.65,0.7,100,9303600,"S"
"PDR","13:23:17",28.65,0.7,1000,9303500,"S"
"PDR","13:23:16",28.65,0.7,8500,9302500,"S"
"PDR","13:23:15",28.6,0.65,500,9294000,"B"
"PDR","13:23:14",28.6,0.65,500,9293500,"B"
"PDR","13:23:11",28.6,0.65,2000,9293000,"B"
"PDR","13:23:11",28.65,0.7,400,9291000,"S"
"PDR","13:23:10",28.6,0.65,1000,9290600,"B"
"PDR","13:23:07",28.65,0.7,1100,9289600,"S"
"PDR","13:23:05",28.65,0.7,8100,9288500,"S"
"PDR","13:23:03",28.65,0.7,500,9280400,"S"
"PDR","13:23:03",28.6,0.65,3900,9279900,"B"
"PDR","13:23:02",28.6,0.65,1000,9276000,"B"
"PDR","13:23:01",28.6,0.65,1000,9275000,"B"
"PDR","13:23:01",28.6,0.65,1000,9274000,"B"
"PDR","13:23:00",28.65,0.7,800,9273000,"S"
"PDR","13:22:59",28.65,0.7,8000,9272200,"S"
"PDR","13:22:59",28.6,0.65,200,9264200,"B"
"PDR","13:22:57",28.6,0.65,500,9264000,"B"
"PDR","13:22:54",28.65,0.7,1000,9263500,"S"
"PDR","13:22:51",28.6,0.65,5000,9262500,"B"
"PDR","13:22:49",28.6,0.65,1000,9257500,"B"
"PDR","13:22:47",28.6,0.65,500,9256500,"B"
"PDR","13:22:45",28.6,0.65,2000,9256000,"B"
"PDR","13:22:45",28.65,0.7,3000,9254000,"S"
"PDR","13:22:43",28.6,0.65,500,9251000,"B"
"PDR","13:22:41",28.6,0.65,4400,9250500,"B"
"PDR","13:22:38",28.6,0.65,500,9246100,"B"
"PDR","13:22:37",28.6,0.65,700,9245600,"B"
"PDR","13:22:34",28.6,0.65,500,9244900,"B"
"PDR","13:22:34",28.65,0.7,100,9244400,"S"
"PDR","13:22:33",28.65,0.7,3000,9244300,"S"
"PDR","13:22:29",28.65,0.7,200,9241300,"S"
"PDR","13:22:28",28.65,0.7,100,9241100,"S"
"PDR","13:22:28",28.6,0.65,300,9241000,"B"
"PDR","13:22:27",28.65,0.7,1000,9240700,"S"
"PDR","13:22:26",28.65,0.7,800,9239700,"S"
"PDR","13:22:24",28.65,0.7,300,9238900,"S"
"PDR","13:22:23",28.6,0.65,10000,9238600,"B"
"PDR","13:22:23",28.6,0.65,1000,9228600,"B"
"PDR","13:22:23",28.65,0.7,3000,9227600,"S"
"PDR","13:22:22",28.6,0.65,100,9224600,"B"
"PDR","13:22:19",28.65,0.7,100,9224500,"S"
"PDR","13:22:19",28.6,0.65,100,9224400,"B"
"PDR","13:22:15",28.65,0.7,1000,9224300,"S"
"PDR","13:22:13",28.65,0.7,1000,9223300,"S"
"PDR","13:22:12",28.6,0.65,1000,9222300,"B"
"PDR","13:22:10",28.65,0.7,100,9220100,"S"
"PDR","13:22:10",28.6,0.65,5000,9220000,"B"
"PDR","13:22:08",28.65,0.7,2900,9215000,"S"
"PDR","13:22:08",28.6,0.65,2000,9212100,"B"
"PDR","13:22:07",28.65,0.7,5100,9208300,"S"
"PDR","13:22:05",28.65,0.7,1500,9203200,"S"
"PDR","13:22:05",28.65,0.7,600,9201700,"S"
"PDR","13:22:03",28.65,0.7,400,9201100,"S"
"PDR","13:22:03",28.6,0.65,300,9200700,"B"
"PDR","13:22:02",28.65,0.7,600,9199300,"S"
"PDR","13:22:00",28.7,0.75,11200,9198700,"S"
"PDR","13:22:00",28.65,0.7,28800,9187500,"S"
"PDR","13:21:59",28.6,0.65,2000,9158700,"B"
"PDR","13:21:58",28.65,0.7,500,9156700,"S"
"PDR","13:21:57",28.65,0.7,24400,9156200,"B"
"PDR","13:21:56",28.65,0.7,300,9131800,"B"
"PDR","13:21:55",28.7,0.75,100,9131500,"S"
"PDR","13:21:54",28.7,0.75,1000,9131400,"S"
"PDR","13:21:54",28.65,0.7,25400,9130400,"B"
"PDR","13:21:54",28.65,0.7,24600,9105000,"B"
"PDR","13:21:51",28.65,0.7,500,9080400,"B"
"PDR","13:21:50",28.65,0.7,600,9079900,"B"
"PDR","13:21:49",28.7,0.75,1500,9079300,"S"
"PDR","13:21:49",28.65,0.7,1200,9077800,"B"
"PDR","13:21:49",28.65,0.7,1000,9076600,"B"
"PDR","13:21:48",28.7,0.75,10400,9075600,"S"
"PDR","13:21:47",28.7,0.75,200,9065200,"S"
"PDR","13:21:46",28.7,0.75,2000,9065000,"S"
"PDR","13:21:41",28.65,0.7,300,9063000,"B"
"PDR","13:21:41",28.7,0.75,300,9062700,"S"
"PDR","13:21:39",28.7,0.75,500,9062400,"S"
"PDR","13:21:37",28.7,0.75,1600,9061900,"S"
"PDR","13:21:36",28.7,0.75,1000,9060300,"S"
"PDR","13:21:36",28.65,0.7,100,9059300,"B"
"PDR","13:21:35",28.7,0.75,5000,9059200,"S"
"PDR","13:21:35",28.65,0.7,2500,9054200,"B"
"PDR","13:21:34",28.7,0.75,4800,9051700,"S"
"PDR","13:21:33",28.65,0.7,9000,9046900,"B"
"PDR","13:21:33",28.7,0.75,1000,9037900,"S"
"PDR","13:21:31",28.65,0.7,500,9036900,"B"
"PDR","13:21:30",28.7,0.75,100,9036400,"S"
"PDR","13:21:29",28.7,0.75,1000,9036300,"S"
"PDR","13:21:28",28.65,0.7,2000,9035300,"B"
"PDR","13:21:26",28.65,0.7,500,9033300,"B"
"PDR","13:21:25",28.7,0.75,2100,9032800,"S"
"PDR","13:21:24",28.7,0.75,14000,9030700,"S"
"PDR","13:21:22",28.65,0.7,300,9016700,"B"
"PDR","13:21:21",28.7,0.75,3400,9016400,"S"
"PDR","13:21:20",28.7,0.75,500,9013000,"S"
"PDR","13:21:20",28.7,0.75,200,9012200,"S"
"PDR","13:21:19",28.7,0.75,1000,9012000,"S"
"PDR","13:21:18",28.7,0.75,6300,9011000,"S"
"PDR","13:21:17",28.7,0.75,5600,9004700,"S"
"PDR","13:21:16",28.7,0.75,1600,8999100,"S"
"PDR","13:21:15",28.7,0.75,14000,8997500,"S"
"PDR","13:21:12",28.7,0.75,200,8983500,"S"
"PDR","13:21:11",28.7,0.75,100,8983300,"S"
"PDR","13:21:10",28.7,0.75,200,8983200,"S"
"PDR","13:21:10",28.7,0.75,100,8983000,"S"
"PDR","13:21:09",28.7,0.75,1900,8982900,"S"
"PDR","13:21:09",28.7,0.75,1000,8981000,"S"
"PDR","13:21:06",28.7,0.75,6300,8980000,"S"
"PDR","13:21:05",28.7,0.75,3700,8973700,"S"
"PDR","13:21:04",28.7,0.75,2000,8970000,"S"
"PDR","13:21:03",28.7,0.75,100,8968000,"S"
"PDR","13:21:02",28.7,0.75,200,8967900,"S"
"PDR","13:21:01",28.7,0.75,5300,8967700,"B"
"PDR","13:21:00",28.7,0.75,2800,8962400,"B"
"PDR","13:20:59",28.7,0.75,700,8959600,"B"
"PDR","13:20:58",28.7,0.75,100,8958900,"B"
"PDR","13:20:57",28.7,0.75,1800,8958800,"S"
"PDR","13:20:56",28.7,0.75,800,8957000,"S"
"PDR","13:20:56",28.7,0.75,500,8956200,"S"
"PDR","13:20:55",28.7,0.75,5000,8955700,"S"
"PDR","13:20:54",28.7,0.75,1900,8950700,"S"
"PDR","13:20:52",28.75,0.8,3100,8948800,"S"
"PDR","13:20:52",28.7,0.75,1400,8945700,"S"
"PDR","13:20:52",28.7,0.75,2000,8944300,"S"
"PDR","13:20:51",28.7,0.75,500,8942300,"S"
"PDR","13:20:50",28.7,0.75,5000,8941800,"S"
"PDR","13:20:50",28.7,0.75,600,8936800,"S"
"PDR","13:20:49",28.65,0.7,2000,8936200,"B"
"PDR","13:20:48",28.7,0.75,3200,8934200,"S"
"PDR","13:20:48",28.7,0.75,100,8931000,"S"
"PDR","13:20:47",28.7,0.75,3000,8930900,"S"
"PDR","13:20:46",28.7,0.75,2500,8927900,"S"
"PDR","13:20:46",28.7,0.75,2100,8925400,"S"
"PDR","13:20:44",28.7,0.75,500,8923300,"S"
"PDR","13:20:44",28.7,0.75,600,8922800,"S"
"PDR","13:20:43",28.7,0.75,1900,8922200,"S"
"PDR","13:20:43",28.7,0.75,7100,8920300,"B"
"PDR","13:20:42",28.7,0.75,1000,8913200,"B"
"PDR","13:20:40",28.7,0.75,4800,8912200,"S"
"PDR","13:20:40",28.7,0.75,20400,8907400,"S"
"PDR","13:20:39",28.7,0.75,2300,8887000,"S"
"PDR","13:20:39",28.7,0.75,1500,8884700,"S"
"PDR","13:20:38",28.7,0.75,8700,8883200,"S"
"PDR","13:20:35",28.7,0.75,1500,8874500,"S"
"PDR","13:20:34",28.7,0.75,200,8873000,"S"
"PDR","13:20:33",28.7,0.75,6000,8872800,"B"
"PDR","13:20:33",28.7,0.75,1000,8866800,"B"
"PDR","13:20:33",28.75,0.8,1000,8865800,"S"
"PDR","13:20:32",28.75,0.8,4300,8864800,"S"
"PDR","13:20:32",28.7,0.75,4300,8860500,"S"
"PDR","13:20:30",28.7,0.75,6000,8856200,"B"
"PDR","13:20:30",28.75,0.8,3000,8850200,"S"
"PDR","13:20:29",28.75,0.8,9100,8847200,"S"
"PDR","13:20:27",28.7,0.75,1000,8838100,"B"
"PDR","13:20:27",28.75,0.8,27300,8837100,"S"
"PDR","13:20:26",28.75,0.8,1000,8809800,"S"
"PDR","13:20:26",28.7,0.75,50000,8808800,"B"
"PDR","13:20:26",28.75,0.8,1000,8758800,"S"
"PDR","13:20:25",28.7,0.75,100,8757800,"B"
"PDR","13:20:24",28.75,0.8,200,8757700,"S"
"PDR","13:20:23",28.7,0.75,10000,8757500,"B"
"PDR","13:20:22",28.7,0.75,500,8747500,"B"
"PDR","13:20:21",28.7,0.75,2000,8747000,"B"
"PDR","13:20:21",28.75,0.8,5000,8745000,"S"
"PDR","13:20:20",28.75,0.8,2000,8740000,"S"
"PDR","13:20:20",28.75,0.8,100,8738000,"S"
"PDR","13:20:18",28.75,0.8,1400,8737900,"S"
"PDR","13:20:17",28.7,0.75,6000,8736500,"B"
"PDR","13:20:16",28.75,0.8,7000,8730500,"S"
"PDR","13:20:15",28.7,0.75,7700,8723500,"B"
"PDR","13:20:15",28.75,0.8,2000,8715800,"S"
"PDR","13:20:14",28.75,0.8,100,8713800,"S"
"PDR","13:20:13",28.7,0.75,200,8713700,"B"
"PDR","13:20:13",28.75,0.8,3000,8713500,"S"
"PDR","13:20:13",28.7,0.75,1000,8710500,"B"
"PDR","13:20:12",28.7,0.75,5000,8709500,"B"
"PDR","13:20:12",28.75,0.8,300,8704500,"S"
"PDR","13:20:12",28.7,0.75,300,8704200,"B"
"PDR","13:20:11",28.7,0.75,1100,8703900,"S"
"PDR","13:20:10",28.7,0.75,5000,8702800,"S"
"PDR","13:20:09",28.7,0.75,3200,8697800,"S"
"PDR","13:20:08",28.7,0.75,3000,8694600,"S"
"PDR","13:20:08",28.7,0.75,8000,8691600,"S"
"PDR","13:20:07",28.7,0.75,4700,8683600,"S"
"PDR","13:20:07",28.7,0.75,2700,8678900,"S"
"PDR","13:20:06",28.7,0.75,11300,8676200,"S"
"PDR","13:20:06",28.7,0.75,2000,8664900,"S"
"PDR","13:20:05",28.7,0.75,1000,8662900,"S"
"PDR","13:20:05",28.7,0.75,13200,8661900,"S"
"PDR","13:20:04",28.7,0.75,700,8648700,"S"
"PDR","13:20:03",28.7,0.75,10000,8648000,"S"
"PDR","13:20:03",28.7,0.75,500,8638000,"S"
"PDR","13:20:02",28.7,0.75,5100,8637500,"S"
"PDR","13:20:00",28.7,0.75,700,8632400,"S"
"PDR","13:20:00",28.7,0.75,1000,8631700,"S"
"PDR","13:19:59",28.7,0.75,2000,8630700,"S"
"PDR","13:19:58",28.7,0.75,2000,8628700,"S"
"PDR","13:19:58",28.7,0.75,200,8626700,"S"
"PDR","13:19:57",28.7,0.75,3200,8626500,"S"
"PDR","13:19:56",28.7,0.75,6000,8623300,"S"
"PDR","13:19:52",28.7,0.75,400,8617300,"S"
"PDR","13:19:52",28.7,0.75,8900,8616900,"B"
"PDR","13:19:49",28.7,0.75,1900,8608000,"S"
"PDR","13:19:48",28.7,0.75,5300,8606100,"S"
"PDR","13:19:47",28.7,0.75,1000,8600800,"S"
"PDR","13:19:46",28.7,0.75,82300,8599800,"S"
"PDR","13:19:45",28.7,0.75,1600,8517500,"S"
"PDR","13:19:43",28.7,0.75,1200,8515900,"S"
"PDR","13:19:42",28.7,0.75,2100,8514700,"S"
"PDR","13:19:41",28.7,0.75,100,8512600,"S"
"PDR","13:19:40",28.7,0.75,5000,8512500,"S"
"PDR","13:19:39",28.7,0.75,41000,8507500,"S"
"PDR","13:19:38",28.7,0.75,800,8466500,"S"
"PDR","13:19:36",28.7,0.75,500,8465700,"S"
"PDR","13:19:35",28.65,0.7,5000,8465200,"B"
"PDR","13:19:34",28.65,0.7,5000,8460200,"B"
"PDR","13:19:31",28.7,0.75,7000,8455200,"S"
"PDR","13:19:31",28.65,0.7,100,8448200,"B"
"PDR","13:19:30",28.65,0.7,300,8448100,"B"
"PDR","13:19:29",28.7,0.75,4500,8447800,"S"
"PDR","13:19:25",28.65,0.7,400,8443300,"B"
"PDR","13:19:24",28.7,0.75,3700,8442900,"S"
"PDR","13:19:22",28.65,0.7,1000,8439200,"B"
"PDR","13:19:21",28.65,0.7,3200,8438200,"B"
"PDR","13:19:18",28.7,0.75,1500,8435000,"S"
"PDR","13:19:17",28.7,0.75,3000,8433500,"S"
"PDR","13:19:16",28.65,0.7,50200,8430500,"S"
"PDR","13:19:15",28.65,0.7,1500,8380300,"S"
"PDR","13:19:14",28.65,0.7,2900,8378800,"S"
"PDR","13:19:13",28.65,0.7,5200,8375900,"S"
"PDR","13:19:12",28.65,0.7,800,8370700,"S"
"PDR","13:19:12",28.65,0.7,1200,8369900,"S"
"PDR","13:19:11",28.65,0.7,900,8368700,"S"
"PDR","13:19:11",28.65,0.7,11300,8367800,"S"
"PDR","13:19:11",28.6,0.65,1000,8356500,"B"
"PDR","13:19:11",28.65,0.7,200,8355500,"S"
"PDR","13:19:10",28.65,0.7,1000,8355300,"S"
"PDR","13:19:09",28.65,0.7,4600,8354300,"S"
"PDR","13:19:08",28.65,0.7,700,8349700,"S"
"PDR","13:19:07",28.65,0.7,3500,8349000,"S"
"PDR","13:19:06",28.65,0.7,5000,8345500,"S"
"PDR","13:19:05",28.65,0.7,3000,8340500,"S"
"PDR","13:19:05",28.65,0.7,3000,8337500,"S"
"PDR","13:19:05",28.6,0.65,11000,8334500,"B"
"PDR","13:19:03",28.65,0.7,4000,8323500,"S"
"PDR","13:19:02",28.65,0.7,5000,8319500,"S"
"PDR","13:19:02",28.65,0.7,5300,8314500,"S"
"PDR","13:19:01",28.65,0.7,2000,8309200,"S"
"PDR","13:19:00",28.65,0.7,2900,8307200,"S"
"PDR","13:18:59",28.65,0.7,3000,8304300,"S"
"PDR","13:18:59",28.6,0.65,3000,8301300,"B"
"PDR","13:18:58",28.65,0.7,1600,8298300,"S"
"PDR","13:18:57",28.65,0.7,1000,8296700,"S"
"PDR","13:18:56",28.65,0.7,300,8295700,"S"
"PDR","13:18:55",28.65,0.7,4500,8295400,"S"
"PDR","13:18:55",28.65,0.7,500,8290900,"S"
"PDR","13:18:55",28.6,0.65,9000,8290400,"B"
"PDR","13:18:55",28.65,0.7,1000,8281400,"S"
"PDR","13:18:54",28.65,0.7,22500,8280400,"S"
"PDR","13:18:53",28.65,0.7,2000,8257900,"S"
"PDR","13:18:53",28.65,0.7,6000,8255900,"S"
"PDR","13:18:51",28.6,0.65,3700,8249900,"B"
"PDR","13:18:51",28.6,0.65,6000,8246200,"B"
"PDR","13:18:50",28.6,0.65,1100,8236000,"S"
"PDR","13:18:50",28.6,0.65,36000,8234900,"S"
"PDR","13:18:50",28.55,0.6,7000,8198900,"B"
"PDR","13:18:49",28.6,0.65,2200,8191900,"S"
"PDR","13:18:49",28.6,0.65,900,8189700,"S"
"PDR","13:18:48",28.6,0.65,20000,8188800,"S"
"PDR","13:18:48",28.6,0.65,21700,8168800,"S"
"PDR","13:18:47",28.6,0.65,5000,8147100,"S"
"PDR","13:18:47",28.55,0.6,800,8142100,"B"
"PDR","13:18:47",28.6,0.65,500,8141300,"S"
"PDR","13:18:46",28.6,0.65,20200,8140800,"S"
"PDR","13:18:46",28.6,0.65,5000,8120600,"S"
"PDR","13:18:44",28.55,0.6,100,8114200,"B"
"PDR","13:18:44",28.6,0.65,5000,8114100,"S"
"PDR","13:18:44",28.6,0.65,4000,8109100,"S"
"PDR","13:18:43",28.6,0.65,5000,8105100,"S"
"PDR","13:18:43",28.6,0.65,9200,8100100,"S"
"PDR","13:18:42",28.55,0.6,5000,8090900,"B"
"PDR","13:18:42",28.55,0.6,2000,8085900,"B"
"PDR","13:18:42",28.6,0.65,5600,8083900,"S"
"PDR","13:18:41",28.6,0.65,200,8078300,"S"
"PDR","13:18:41",28.6,0.65,1200,8078100,"S"
"PDR","13:18:40",28.6,0.65,2500,8076900,"S"
"PDR","13:18:40",28.6,0.65,5000,8074400,"S"
"PDR","13:18:39",28.6,0.65,2000,8069400,"S"
"PDR","13:18:39",28.6,0.65,1700,8067400,"S"
"PDR","13:18:38",28.6,0.65,6000,8065700,"S"
"PDR","13:18:37",28.6,0.65,7000,8059700,"S"
"PDR","13:18:36",28.6,0.65,1300,8052700,"S"
"PDR","13:18:36",28.55,0.6,100,8051400,"B"
"PDR","13:18:34",28.6,0.65,1000,8051300,"S"
"PDR","13:18:34",28.55,0.6,1000,8050300,"B"
"PDR","13:18:33",28.6,0.65,10000,8049300,"S"
"PDR","13:18:30",28.6,0.65,23300,8039300,"S"
"PDR","13:18:26",28.55,0.6,1000,8016000,"B"
"PDR","13:18:25",28.55,0.6,100,8015000,"B"
"PDR","13:18:25",28.55,0.6,300,8014900,"B"
"PDR","13:18:24",28.55,0.6,500,8014600,"B"
"PDR","13:18:23",28.55,0.6,1700,8014100,"B"
"PDR","13:18:22",28.55,0.6,100,8012400,"B"
"PDR","13:18:21",28.55,0.6,45300,8012300,"S"
"PDR","13:18:20",28.5,0.55,100,7967000,"B"
"PDR","13:18:20",28.5,0.55,1000,7966900,"B"
"PDR","13:18:19",28.5,0.55,300,7965900,"B"
"PDR","13:18:18",28.5,0.55,500,7965600,"B"
"PDR","13:18:15",28.5,0.55,71400,7965100,"S"
"PDR","13:18:15",28.5,0.55,4300,7893700,"S"
"PDR","13:18:14",28.5,0.55,9000,7889400,"S"
"PDR","13:18:13",28.5,0.55,20000,7880400,"S"
"PDR","13:18:13",28.5,0.55,200,7860400,"S"
"PDR","13:18:12",28.5,0.55,14300,7860200,"S"
"PDR","13:18:10",28.5,0.55,28900,7845900,"S"
"PDR","13:18:10",28.5,0.55,22100,7817000,"S"
"PDR","13:18:07",28.5,0.55,100,7789700,"S"
"PDR","13:18:06",28.5,0.55,6100,7789600,"S"
"PDR","13:18:04",28.5,0.55,56900,7783500,"S"
"PDR","13:18:03",28.5,0.55,143600,7726600,"S"
"PDR","13:18:02",28.5,0.55,1400,7583000,"S"
"PDR","13:18:01",28.5,0.55,16600,7581600,"S"
"PDR","13:18:00",28.45,0.5,100,7565000,"B"
"PDR","13:17:59",28.5,0.55,500,7564900,"S"
"PDR","13:17:59",28.5,0.55,100,7564400,"S"
"PDR","13:17:58",28.45,0.5,100,7564300,"B"
"PDR","13:17:57",28.45,0.5,11100,7564200,"B"
"PDR","13:17:56",28.45,0.5,100,7553100,"B"
"PDR","13:17:55",28.45,0.5,200,7553000,"B"
"PDR","13:17:55",28.5,0.55,1000,7552800,"S"
"PDR","13:17:54",28.45,0.5,500,7551800,"B"
"PDR","13:17:52",28.45,0.5,100,7551300,"B"
"PDR","13:17:47",28.45,0.5,1100,7551200,"B"
"PDR","13:17:45",28.45,0.5,14000,7550100,"S"
"PDR","13:17:43",28.45,0.5,52000,7536100,"S"
"PDR","13:17:43",28.4,0.45,9000,7484100,"B"
"PDR","13:17:41",28.45,0.5,2200,7475100,"S"
"PDR","13:17:37",28.4,0.45,500,7472900,"B"
"PDR","13:17:37",28.4,0.45,500,7472400,"B"
"PDR","13:17:36",28.45,0.5,500,7471900,"S"
"PDR","13:17:35",28.4,0.45,7500,7471400,"B"
"PDR","13:17:33",28.4,0.45,100,7463900,"B"
"PDR","13:17:29",28.4,0.45,1000,7463800,"B"
"PDR","13:17:27",28.4,0.45,2000,7462800,"B"
"PDR","13:17:24",28.4,0.45,5000,7460800,"B"
"PDR","13:17:21",28.4,0.45,1000,7455800,"B"
"PDR","13:17:20",28.4,0.45,1000,7454800,"B"
"PDR","13:17:19",28.4,0.45,14700,7453800,"S"
"PDR","13:17:18",28.4,0.45,4100,7439100,"S"
"PDR","13:17:17",28.4,0.45,12200,7435000,"S"
"PDR","13:17:16",28.4,0.45,300,7422800,"S"
"PDR","13:17:15",28.4,0.45,13000,7422500,"S"
"PDR","13:17:14",28.4,0.45,4000,7409500,"S"
"PDR","13:17:13",28.4,0.45,5000,7405500,"S"
"PDR","13:17:12",28.4,0.45,2000,7400500,"S"
"PDR","13:17:11",28.4,0.45,100,7398500,"S"
"PDR","13:17:10",28.4,0.45,1500,7398400,"S"
"PDR","13:17:09",28.4,0.45,5600,7396900,"S"
"PDR","13:17:08",28.4,0.45,2000,7391300,"S"
"PDR","13:17:08",28.35,0.4,3000,7389300,"B"
"PDR","13:17:07",28.4,0.45,5000,7379300,"S"
"PDR","13:17:03",28.4,0.45,1200,7374300,"S"
"PDR","13:17:01",28.4,0.45,5000,7373100,"S"
"PDR","13:17:00",28.4,0.45,300,7368100,"S"
"PDR","13:16:59",28.4,0.45,1200,7367800,"S"
"PDR","13:16:58",28.4,0.45,200,7366600,"S"
"PDR","13:16:58",28.35,0.4,100,7366400,"B"
"PDR","13:16:57",28.4,0.45,1000,7365700,"S"
"PDR","13:16:57",28.4,0.45,3000,7364700,"S"
"PDR","13:16:54",28.4,0.45,3000,7361700,"S"
"PDR","13:16:53",28.4,0.45,3000,7358700,"S"
"PDR","13:16:53",28.4,0.45,100,7355700,"S"
"PDR","13:16:50",28.4,0.45,8500,7355600,"S"
"PDR","13:16:49",28.4,0.45,800,7347100,"S"
"PDR","13:16:48",28.4,0.45,3000,7346300,"S"
"PDR","13:16:46",28.4,0.45,100,7343300,"S"
"PDR","13:16:46",28.4,0.45,1000,7343200,"S"
"PDR","13:16:44",28.4,0.45,100,7342200,"S"
"PDR","13:16:40",28.4,0.45,2000,7342100,"S"
"PDR","13:16:36",28.4,0.45,10000,7340100,"S"
"PDR","13:16:34",28.4,0.45,7900,7330100,"S"
"PDR","13:16:34",28.4,0.45,2100,7322200,"S"
"PDR","13:16:32",28.35,0.4,7100,7320100,"S"
"PDR","13:16:31",28.35,0.4,1500,7313000,"S"
"PDR","13:16:30",28.35,0.4,5000,7311500,"S"
"PDR","13:16:30",28.35,0.4,3000,7306500,"S"
"PDR","13:16:29",28.35,0.4,10100,7303500,"S"
"PDR","13:16:27",28.35,0.4,300,7293400,"S"
"PDR","13:16:24",28.35,0.4,5000,7293100,"S"
"PDR","13:16:23",28.35,0.4,2300,7288100,"S"
"PDR","13:16:23",28.35,0.4,28000,7285800,"S"
"PDR","13:16:22",28.35,0.4,200,7257800,"S"
"PDR","13:16:18",28.35,0.4,50000,7257600,"S"
"PDR","13:16:18",28.3,0.35,2000,7207600,"B"
"PDR","13:16:17",28.35,0.4,10000,7205600,"S"
"PDR","13:16:14",28.3,0.35,100,7195600,"B"
"PDR","13:16:10",28.3,0.35,12000,7195500,"S"
"PDR","13:16:10",28.3,0.35,138200,7183500,"S"
"PDR","13:16:05",28.3,0.35,500,7045300,"S"
"PDR","13:16:02",28.3,0.35,200,7044800,"S"
"PDR","13:15:51",28.3,0.35,300,7044600,"S"
"PDR","13:15:50",28.3,0.35,800,7044300,"S"
"PDR","13:15:45",28.3,0.35,500,7043500,"S"
"PDR","13:15:38",28.3,0.35,100,7043000,"S"
"PDR","13:15:33",28.3,0.35,15000,7042900,"S"
"PDR","13:15:29",28.3,0.35,8000,7027900,"S"
"PDR","13:15:24",28.3,0.35,10000,7019900,"S"
"PDR","13:15:22",28.3,0.35,300,7009900,"S"
"PDR","13:15:18",28.3,0.35,8000,7009600,"S"
"PDR","13:15:15",28.25,0.3,100,7001600,"B"
"PDR","13:15:12",28.25,0.3,200,7001500,"B"
"PDR","13:15:11",28.3,0.35,6000,7001300,"S"
"PDR","13:15:07",28.3,0.35,4800,6995300,"S"
"PDR","13:15:05",28.2,0.25,100,6990500,"B"
"PDR","13:15:05",28.25,0.3,1500,6990400,"S"
"PDR","13:15:02",28.25,0.3,100,6988900,"S"
"PDR","13:15:01",28.25,0.3,5300,6988800,"S"
"PDR","13:15:00",28.25,0.3,2700,6983500,"S"
"PDR","13:14:55",28.25,0.3,4000,6980800,"S"
"PDR","13:14:48",28.25,0.3,2000,6976800,"S"
"PDR","13:14:47",28.2,0.25,5000,6974800,"B"
"PDR","13:14:44",28.25,0.3,3600,6969800,"S"
"PDR","13:14:42",28.25,0.3,500,6966200,"S"
"PDR","13:14:41",28.25,0.3,10000,6965700,"S"
"PDR","13:14:40",28.25,0.3,200,6955700,"S"
"PDR","13:14:34",28.25,0.3,700,6955500,"S"
"PDR","13:14:32",28.25,0.3,1000,6954800,"S"
"PDR","13:14:31",28.2,0.25,2000,6953800,"B"
"PDR","13:14:29",28.25,0.3,21600,6951800,"S"
"PDR","13:14:26",28.25,0.3,1000,6930200,"S"
"PDR","13:14:25",28.25,0.3,100,6929200,"S"
"PDR","13:14:22",28.25,0.3,500,6929100,"S"
"PDR","13:14:14",28.25,0.3,500,6928600,"S"
"PDR","13:14:08",28.25,0.3,500,6928100,"S"
"PDR","13:14:03",28.25,0.3,7000,6927600,"S"
"PDR","13:14:02",28.25,0.3,1000,6920600,"S"
"PDR","13:13:59",28.25,0.3,800,6919600,"S"
"PDR","13:13:52",28.25,0.3,5000,6918800,"S"
"PDR","13:13:52",28.2,0.25,700,6913800,"B"
"PDR","13:13:48",28.25,0.3,600,6913100,"S"
"PDR","13:13:45",28.25,0.3,8000,6912500,"S"
"PDR","13:13:43",28.25,0.3,200,6904500,"S"
"PDR","13:13:41",28.25,0.3,9000,6904300,"S"
"PDR","13:13:35",28.25,0.3,2000,6895300,"S"
"PDR","13:13:34",28.25,0.3,1000,6893300,"S"
"PDR","13:13:33",28.2,0.25,200,6892300,"B"
"PDR","13:13:32",28.25,0.3,600,6892100,"S"
"PDR","13:13:30",28.25,0.3,300,6891500,"S"
"PDR","13:13:29",28.25,0.3,5000,6891200,"S"
"PDR","13:13:25",28.25,0.3,5000,6886200,"S"
"PDR","13:13:23",28.25,0.3,500,6881200,"S"
"PDR","13:13:21",28.2,0.25,300,6880700,"B"
"PDR","13:13:19",28.25,0.3,3000,6880400,"S"
"PDR","13:13:16",28.25,0.3,3000,6877400,"S"
"PDR","13:13:00",28.25,0.3,500,6874400,"S"
"PDR","13:12:55",28.2,0.25,400,6873900,"B"
"PDR","13:12:51",28.25,0.3,800,6873500,"S"
"PDR","13:12:37",28.25,0.3,200,6872700,"S"
"PDR","13:12:36",28.2,0.25,200,6872500,"B"
"PDR","13:12:11",28.2,0.25,100,6872300,"B"
"PDR","13:12:03",28.2,0.25,12200,6872200,"S"
"PDR","13:12:02",28.2,0.25,1300,6860000,"S"
"PDR","13:11:56",28.2,0.25,100,6858700,"S"
"PDR","13:11:45",28.2,0.25,2800,6858600,"S"
"PDR","13:11:43",28.2,0.25,300,6855800,"S"
"PDR","13:11:39",28.2,0.25,500,6855500,"S"
"PDR","13:11:33",28.2,0.25,500,6855000,"S"
"PDR","13:11:32",28.15,0.2,1000,6854500,"B"
"PDR","13:11:30",28.2,0.25,56100,6853500,"S"
"PDR","13:11:16",28.15,0.2,500,6797400,"B"
"PDR","13:11:04",28.15,0.2,1000,6796900,"B"
"PDR","13:10:57",28.15,0.2,300,6795900,"B"
"PDR","13:10:55",28.15,0.2,300,6795600,"B"
"PDR","13:10:50",28.15,0.2,12700,6795300,"B"
"PDR","13:10:48",28.15,0.2,200,6782600,"B"
"PDR","13:10:44",28.15,0.2,500,6782400,"B"
"PDR","13:10:33",28.15,0.2,1000,6781900,"B"
"PDR","13:10:29",28.15,0.2,15000,6780900,"B"
"PDR","13:10:25",28.15,0.2,500,6765900,"B"
"PDR","13:10:24",28.15,0.2,11600,6765400,"S"
"PDR","13:10:19",28.15,0.2,200,6753800,"S"
"PDR","13:10:14",28.15,0.2,500,6753600,"S"
"PDR","13:10:03",28.1,0.15,400,6753100,"B"
"PDR","13:10:01",28.15,0.2,100,6752700,"S"
"PDR","13:09:51",28.15,0.2,100,6752600,"S"
"PDR","13:09:49",28.15,0.2,5000,6752500,"S"
"PDR","13:09:47",28.15,0.2,5800,6747500,"S"
"PDR","13:09:42",28.15,0.2,1000,6741700,"S"
"PDR","13:09:41",28.1,0.15,300,6740700,"B"
"PDR","13:09:40",28.15,0.2,1000,6740400,"S"
"PDR","13:09:37",28.15,0.2,2000,6739400,"B"
"PDR","13:09:11",28.1,0.15,1800,6737400,"B"
"PDR","13:08:59",28.1,0.15,800,6735600,"B"
"PDR","13:08:56",28.1,0.15,800,6734800,"B"
"PDR","13:08:56",28.15,0.2,1200,6734000,"B"
"PDR","13:08:46",28.1,0.15,1000,6732800,"B"
"PDR","13:08:28",28.1,0.15,1000,6731800,"B"
"PDR","13:08:07",28.1,0.15,100,6730800,"B"
"PDR","13:08:03",28.1,0.15,1000,6730700,"B"
"PDR","13:07:37",28.1,0.15,2000,6729700,"B"
"PDR","13:07:26",28.1,0.15,2000,6727700,"B"
"PDR","13:07:22",28.2,0.25,200,6725700,"S"
"PDR","13:07:20",28.2,0.25,100,6725500,"S"
"PDR","13:07:13",28.2,0.25,1800,6725400,"S"
"PDR","13:06:58",28.2,0.25,1200,6723600,"B"
"PDR","13:06:55",28.2,0.25,800,6722400,"S"
"PDR","13:06:45",28.05,0.1,68300,6721600,"B"
"PDR","13:06:45",28.1,0.15,47200,6653300,"B"
"PDR","13:06:45",28.15,0.2,24700,6606100,"B"
"PDR","13:06:45",28.2,0.25,59800,6581400,"B"
"PDR","13:06:30",28.2,0.25,5300,6521600,"S"
"PDR","13:06:29",28.2,0.25,17700,6516300,"B"
"PDR","13:06:17",28.2,0.25,4500,6498600,"S"
"PDR","13:06:16",28.2,0.25,4800,6494100,"S"
"PDR","13:06:13",28.2,0.25,300,6489300,"S"
"PDR","13:06:07",28.2,0.25,800,6489000,"S"
"PDR","13:06:04",28.2,0.25,100,6488200,"S"
"PDR","13:06:01",28.2,0.25,7000,6488100,"S"
"PDR","13:05:59",28.2,0.25,1300,6481100,"S"
"PDR","13:05:49",28.2,0.25,13200,6479800,"B"
"PDR","13:05:48",28.2,0.25,900,6466600,"B"
"PDR","13:05:44",28.2,0.25,14600,6465700,"B"
"PDR","13:05:43",28.2,0.25,5400,6451100,"B"
"PDR","13:05:42",28.2,0.25,11000,6445700,"B"
"PDR","13:05:36",28.2,0.25,7000,6434700,"B"
"PDR","13:05:33",28.2,0.25,5000,6427700,"B"
"PDR","13:05:29",28.25,0.3,12000,6422700,"S"
"PDR","13:05:28",28.2,0.25,25000,6410700,"B"
"PDR","13:05:22",28.2,0.25,5000,6385700,"B"
"PDR","13:05:10",28.2,0.25,2000,6380700,"B"
"PDR","13:05:09",28.25,0.3,3000,6378700,"S"
"PDR","13:05:06",28.25,0.3,3900,6375700,"S"
"PDR","13:05:06",28.2,0.25,1000,6371800,"B"
"PDR","13:05:03",28.2,0.25,100,6370800,"B"
"PDR","13:05:02",28.2,0.25,200,6370700,"B"
"PDR","13:04:57",28.2,0.25,2000,6370500,"B"
"PDR","13:04:49",28.2,0.25,1100,6368500,"S"
"PDR","13:04:47",28.2,0.25,50000,6367400,"S"
"PDR","13:04:43",28.2,0.25,500,6317400,"S"
"PDR","13:04:40",28.2,0.25,7000,6316900,"S"
"PDR","13:04:37",28.2,0.25,6000,6309900,"S"
"PDR","13:04:28",28.2,0.25,900,6303900,"S"
"PDR","13:04:16",28.2,0.25,49100,6303000,"S"
"PDR","13:04:02",28.15,0.2,10700,6253900,"S"
"PDR","13:04:00",28.15,0.2,4300,6243200,"B"
"PDR","13:03:55",28.2,0.25,3900,6238900,"S"
"PDR","13:03:55",28.15,0.2,1100,6235000,"S"
"PDR","13:03:54",28.15,0.2,1000,6233900,"S"
"PDR","13:03:52",28.15,0.2,500,6232900,"S"
"PDR","13:03:50",28.15,0.2,800,6232400,"S"
"PDR","13:03:45",28.15,0.2,2600,6231600,"B"
"PDR","13:03:43",28.15,0.2,73500,6229000,"S"
"PDR","13:03:43",28.15,0.2,23900,6155500,"S"
"PDR","13:03:40",28.1,0.15,5000,6131600,"B"
"PDR","13:03:37",28.1,0.15,2000,6126600,"B"
"PDR","13:03:20",28.15,0.2,100,6124600,"S"
"PDR","13:03:18",28.15,0.2,2000,6124500,"S"
"PDR","13:03:18",28.1,0.15,11000,6122500,"B"
"PDR","13:03:09",28.1,0.15,15000,6111500,"B"
"PDR","13:03:08",28.1,0.15,5000,6096500,"B"
"PDR","13:02:59",28.15,0.2,1400,6091500,"S"
"PDR","13:02:58",28.1,0.15,2000,6090100,"B"
"PDR","13:02:43",28.15,0.2,800,6088100,"S"
"PDR","13:02:41",28.15,0.2,500,6087300,"S"
"PDR","13:02:36",28.1,0.15,400,6086800,"B"
"PDR","13:02:30",28.1,0.15,2100,6086400,"S"
"PDR","13:02:28",28.1,0.15,4000,6084300,"S"
"PDR","13:02:28",28.05,0.1,500,6080300,"B"
"PDR","13:02:27",28.1,0.15,50000,6079800,"S"
"PDR","13:02:24",28.1,0.15,1000,6029800,"S"
"PDR","13:02:15",28.1,0.15,20000,6028800,"S"
"PDR","13:02:10",28.05,0.1,200,6008800,"B"
"PDR","13:02:02",28.1,0.15,10000,6008600,"S"
"PDR","13:02:00",28.05,0.1,100,5998600,"B"
"PDR","13:01:54",28.05,0.1,1000,5998500,"B"
"PDR","13:01:52",28.1,0.15,19000,5997500,"S"
"PDR","13:01:47",28.05,0.1,700,5978500,"B"
"PDR","13:01:34",28.05,0.1,100,5977800,"B"
"PDR","13:01:25",28.05,0.1,200,5941100,"B"
"PDR","13:01:23",28.05,0.1,100,5940900,"B"
"PDR","13:01:22",28.05,0.1,1600,5940800,"B"
"PDR","13:01:20",28.05,0.1,14000,5939200,"B"
"PDR","13:01:12",28.05,0.1,100,5925200,"B"
"PDR","13:00:52",28.05,0.1,200,5925100,"B"
"PDR","13:00:50",28.05,0.1,1000,5924900,"B"
"PDR","13:00:49",28.05,0.1,100,5923900,"B"
"PDR","13:00:40",28.05,0.1,200,5923800,"B"
"PDR","13:00:29",28.05,0.1,2200,5923600,"B"
"PDR","13:00:27",28.05,0.1,1000,5921400,"B"
"PDR","13:00:24",28.05,0.1,1000,5920400,"B"
"PDR","13:00:23",28.05,0.1,500,5919400,"B"
"PDR","13:00:20",28.05,0.1,2000,5918900,"B"
"PDR","13:00:19",28.05,0.1,200,5916900,"B"
"PDR","13:00:17",28.05,0.1,600,5916700,"B"
"PDR","13:00:14",28.1,0.15,400,5916100,"S"
"PDR","13:00:14",28.05,0.1,3900,5915700,"B"
"PDR","13:00:14",28.1,0.15,1200,5911800,"S"
"PDR","13:00:13",28.1,0.15,2200,5910600,"S"
"PDR","13:00:13",28.05,0.1,200,5908400,"B"
"PDR","13:00:12",28.1,0.15,4800,5908200,"S"
"PDR","13:00:11",28.1,0.15,9000,5903400,"S"
"PDR","13:00:08",28.05,0.1,100,5894400,"B"
"PDR","13:00:07",28.05,0.1,100,5894300,"B"
"PDR","13:00:05",28.05,0.1,1900,5894200,"B"
"PDR","13:00:04",28.1,0.15,3000,5892300,"S"
"PDR","13:00:04",28.05,0.1,1000,5889300,"B"
"PDR","13:00:03",28.05,0.1,3500,5888300,"B"
"PDR","13:00:02",28.05,0.1,600,5884800,"B"
"PDR","13:00:02",28.1,0.15,100,5884200,"S"
"PDR","13:00:02",28.05,0.1,400,5884100,"B"
"PDR","13:00:02",28.1,0.15,3000,5883700,"S"
"PDR","13:00:02",28.05,0.1,3100,5880700,"B"
"PDR","13:00:02",28.1,0.15,2000,5877600,"S"
"PDR","13:00:02",28.05,0.1,400,5875600,"B"
"PDR","11:29:44",28.05,0.1,500,5875200,"B"
"PDR","11:29:44",28.05,0.1,1400,5874700,"B"
"PDR","11:29:43",28.05,0.1,3600,5873300,"B"
"PDR","11:29:37",28.05,0.1,100,5869700,"B"
"PDR","11:29:33",28.05,0.1,100,5869600,"B"
"PDR","11:29:24",28.05,0.1,1000,5869500,"B"
"PDR","11:29:17",28.05,0.1,600,5868500,"B"
"PDR","11:29:17",28.05,0.1,7000,5867900,"B"
"PDR","11:28:43",28.05,0.1,1100,5860900,"B"
"PDR","11:28:40",28.1,0.15,500,5859800,"S"
"PDR","11:28:13",28.1,0.15,500,5859300,"S"
"PDR","11:28:12",28.1,0.15,800,5858800,"S"
"PDR","11:28:09",28.1,0.15,1000,5858000,"S"
"PDR","11:28:05",28.05,0.1,2000,5857000,"B"
"PDR","11:27:45",28.1,0.15,28300,5855000,"B"
"PDR","11:27:44",28.1,0.15,10000,5826700,"B"
"PDR","11:27:37",28.1,0.15,1000,5816700,"B"
"PDR","11:27:35",28.1,0.15,700,5815700,"B"
"PDR","11:27:18",28.1,0.15,4300,5815000,"B"
"PDR","11:27:13",28.1,0.15,4300,5810700,"B"
"PDR","11:27:10",28.1,0.15,500,5806400,"B"
"PDR","11:27:05",28.1,0.15,1000,5805900,"B"
"PDR","11:26:59",28.1,0.15,500,5804900,"B"
"PDR","11:26:52",28.1,0.15,600,5804400,"B"
"PDR","11:26:51",28.1,0.15,5000,5803800,"B"
"PDR","11:26:50",28.1,0.15,7600,5798800,"B"
"PDR","11:26:26",28.1,0.15,2900,5791200,"B"
"PDR","11:26:23",28.1,0.15,300,5788300,"B"
"PDR","11:26:20",28.1,0.15,100,5788000,"B"
"PDR","11:26:11",28.1,0.15,100,5787900,"B"
"PDR","11:26:09",28.1,0.15,100,5787800,"B"
"PDR","11:25:58",28.15,0.2,800,5787700,"S"
"PDR","11:25:43",28.15,0.2,1000,5786900,"S"
"PDR","11:25:38",28.1,0.15,1000,5785900,"B"
"PDR","11:25:34",28.1,0.15,4000,5784900,"B"
"PDR","11:25:22",28.15,0.2,97500,5780900,"B"
"PDR","11:25:18",28.15,0.2,200,5683400,"B"
"PDR","11:25:17",28.15,0.2,100,5683200,"B"
"PDR","11:25:07",28.15,0.2,3000,5683100,"B"
"PDR","11:25:03",28.15,0.2,30000,5680100,"B"
"PDR","11:24:59",28.15,0.2,1000,5650100,"B"
"PDR","11:24:59",28.2,0.25,3000,5649100,"S"
"PDR","11:24:58",28.15,0.2,500,5646100,"B"
"PDR","11:24:54",28.15,0.2,500,5645600,"B"
"PDR","11:24:40",28.15,0.2,700,5645100,"B"
"PDR","11:24:30",28.15,0.2,5000,5644400,"B"
"PDR","11:24:22",28.15,0.2,500,5639400,"B"
"PDR","11:24:18",28.15,0.2,1000,5638900,"B"
