"symbol","time","price","change","vol","total","side"
"TCD","14:45:02",7.57,0.27,25300,2147600,
"TCD","14:29:40",7.58,0.28,700,2122300,"B"
"TCD","14:29:34",7.59,0.29,4000,2121600,"S"
"TCD","14:28:57",7.59,0.29,100,2117600,"S"
"TCD","14:28:47",7.59,0.29,3900,2117500,"B"
"TCD","14:28:46",7.59,0.29,100,2113600,"B"
"TCD","14:28:43",7.59,0.29,100,2113500,"B"
"TCD","14:28:39",7.59,0.29,7700,2113400,"S"
"TCD","14:28:28",7.59,0.29,21500,2105700,"S"
"TCD","14:28:28",7.58,0.28,1500,2084200,"S"
"TCD","14:28:27",7.58,0.28,500,2082700,"B"
"TCD","14:28:26",7.58,0.28,1000,2082200,"B"
"TCD","14:28:17",7.58,0.28,1000,2081200,"S"
"TCD","14:28:05",7.58,0.28,600,2080200,"B"
"TCD","14:27:58",7.59,0.29,300,2079600,"S"
"TCD","14:27:52",7.58,0.28,3500,2079300,"B"
"TCD","14:27:50",7.58,0.28,900,2075800,"S"
"TCD","14:27:45",7.58,0.28,4200,2074900,"B"
"TCD","14:27:37",7.58,0.28,500,2070700,"B"
"TCD","14:27:26",7.59,0.29,2900,2070200,"B"
"TCD","14:27:19",7.59,0.29,1000,2067300,"B"
"TCD","14:27:18",7.59,0.29,7000,2066300,"B"
"TCD","14:27:06",7.59,0.29,1000,2059300,"B"
"TCD","14:26:57",7.6,0.3,300,2058300,"S"
"TCD","14:26:50",7.6,0.3,200,2058000,"S"
"TCD","14:26:49",7.6,0.3,1600,2057800,"B"
"TCD","14:26:44",7.6,0.3,100,2056200,"B"
"TCD","14:26:43",7.6,0.3,500,2056100,"B"
"TCD","14:26:40",7.6,0.3,1000,2055600,"B"
"TCD","14:26:38",7.6,0.3,1100,2054600,"B"
"TCD","14:26:34",7.59,0.29,200,2053500,"B"
"TCD","14:26:34",7.6,0.3,300,2053300,"B"
"TCD","14:26:28",7.6,0.3,900,2053000,"B"
"TCD","14:26:22",7.6,0.3,100,2052100,"S"
"TCD","14:26:13",7.6,0.3,100,2052000,"S"
"TCD","14:26:10",7.6,0.3,1000,2051900,"S"
"TCD","14:26:06",7.6,0.3,1000,2050900,"S"
"TCD","14:26:01",7.6,0.3,10000,2049900,"S"
"TCD","14:25:57",7.6,0.3,300,2039900,"S"
"TCD","14:25:53",7.6,0.3,3900,2039600,"S"
"TCD","14:25:50",7.6,0.3,1000,2035700,"S"
"TCD","14:25:43",7.6,0.3,200,2034700,"S"
"TCD","14:25:36",7.6,0.3,22000,2034500,"S"
"TCD","14:25:29",7.6,0.3,500,2012500,"S"
"TCD","14:25:18",7.59,0.29,9900,2012000,"S"
"TCD","14:25:17",7.59,0.29,5000,2002100,"S"
"TCD","14:25:12",7.58,0.28,5300,1997100,"S"
"TCD","14:25:07",7.57,0.27,5000,1991800,"S"
"TCD","14:25:07",7.56,0.26,1100,1986800,"S"
"TCD","14:25:05",7.55,0.25,9600,1985700,"B"
"TCD","14:25:03",7.56,0.26,2000,1976100,"S"
"TCD","14:24:57",7.55,0.25,18500,1974100,"S"
"TCD","14:24:57",7.54,0.24,100,1955600,"B"
"TCD","14:24:56",7.54,0.24,500,1955500,"B"
"TCD","14:24:56",7.55,0.25,300,1955000,"S"
"TCD","14:24:40",7.54,0.24,300,1954700,"S"
"TCD","14:24:29",7.54,0.24,400,1954400,"S"
"TCD","14:24:23",7.54,0.24,500,1954000,"B"
"TCD","14:24:15",7.54,0.24,1500,1953500,"S"
"TCD","14:24:06",7.54,0.24,4700,1952000,"S"
"TCD","14:24:05",7.53,0.23,500,1947300,"B"
"TCD","14:23:57",7.53,0.23,200,1946800,"B"
"TCD","14:23:54",7.54,0.24,300,1946600,"S"
"TCD","14:23:50",7.53,0.23,4600,1946300,"S"
"TCD","14:23:30",7.53,0.23,100,1941700,"S"
"TCD","14:23:27",7.52,0.22,100,1941600,"B"
"TCD","14:23:21",7.52,0.22,500,1941500,"S"
"TCD","14:23:03",7.53,0.23,900,1941000,"S"
"TCD","14:23:03",7.52,0.22,4100,1940100,"S"
"TCD","14:23:01",7.51,0.21,1000,1936000,"B"
"TCD","14:23:00",7.51,0.21,500,1935000,"B"
"TCD","14:22:58",7.51,0.21,500,1934500,"S"
"TCD","14:22:54",7.51,0.21,900,1934000,"S"
"TCD","14:22:53",7.51,0.21,300,1933100,"S"
"TCD","14:22:49",7.51,0.21,400,1932800,"S"
"TCD","14:22:44",7.5,0.2,2300,1932400,"S"
"TCD","14:22:42",7.5,0.2,2700,1930100,"B"
"TCD","14:22:37",7.5,0.2,5400,1927400,"S"
"TCD","14:22:34",7.5,0.2,50000,1922000,"S"
"TCD","14:22:34",7.5,0.2,5000,1872000,"S"
"TCD","14:22:25",7.5,0.2,3500,1867000,"S"
"TCD","14:22:15",7.5,0.2,5000,1863500,"S"
"TCD","14:22:15",7.5,0.2,8300,1858500,"S"
"TCD","14:22:08",7.5,0.2,5000,1850200,"S"
"TCD","14:22:07",7.5,0.2,4000,1845200,"S"
"TCD","14:22:04",7.5,0.2,4800,1841200,"S"
"TCD","14:21:53",7.5,0.2,300,1836400,"S"
"TCD","14:21:36",7.5,0.2,200,1836100,"S"
"TCD","14:21:35",7.5,0.2,84300,1835900,"S"
"TCD","14:21:35",7.49,0.19,10200,1751600,"S"
"TCD","14:21:35",7.48,0.18,16200,1741400,"S"
"TCD","14:21:35",7.47,0.17,21300,1725200,"S"
"TCD","14:21:35",7.46,0.16,5000,1703900,"B"
"TCD","14:21:22",7.47,0.17,12100,1698900,"S"
"TCD","14:21:22",7.46,0.16,100,1686800,"B"
"TCD","14:21:21",7.46,0.16,200,1686700,"B"
"TCD","14:21:16",7.47,0.17,5000,1686500,"S"
"TCD","14:20:52",7.47,0.17,300,1681500,"S"
"TCD","14:20:29",7.47,0.17,100,1681200,"S"
"TCD","14:20:29",7.46,0.16,100,1681100,"S"
"TCD","14:20:27",7.46,0.16,6000,1681000,"S"
"TCD","14:20:14",7.45,0.15,300,1675000,"S"
"TCD","14:20:11",7.45,0.15,22000,1674700,"S"
"TCD","14:20:03",7.45,0.15,5000,1652700,"S"
"TCD","14:19:50",7.45,0.15,300,1647700,"S"
"TCD","14:19:38",7.45,0.15,3300,1647400,"S"
"TCD","14:18:50",7.45,0.15,300,1644100,"S"
"TCD","14:18:22",7.44,0.14,100,1643800,"B"
"TCD","14:17:48",7.45,0.15,300,1643700,"S"
"TCD","14:16:56",7.45,0.15,100,1643400,"S"
"TCD","14:16:48",7.45,0.15,300,1643300,"S"
"TCD","14:15:47",7.45,0.15,300,1643000,"S"
"TCD","14:15:34",7.44,0.14,5000,1642700,"S"
"TCD","14:14:59",7.43,0.13,2200,1637700,"B"
"TCD","14:14:45",7.44,0.14,300,1635500,"S"
"TCD","14:14:09",7.44,0.14,2900,1635200,"S"
"TCD","14:13:46",7.44,0.14,300,1632300,"S"
"TCD","14:12:46",7.45,0.15,300,1632000,"S"
"TCD","14:11:46",7.45,0.15,300,1631700,"S"
"TCD","14:11:29",7.45,0.15,100,1631400,"S"
"TCD","14:10:58",7.45,0.15,100,1631300,"S"
"TCD","14:10:57",7.44,0.14,2000,1631200,"B"
"TCD","14:10:45",7.45,0.15,300,1629200,"S"
"TCD","14:10:38",7.45,0.15,100,1628900,"S"
"TCD","14:09:46",7.45,0.15,300,1628800,"S"
"TCD","14:09:26",7.43,0.13,1000,1628500,"B"
"TCD","14:08:46",7.45,0.15,300,1627500,"S"
"TCD","14:08:40",7.45,0.15,8600,1627200,"S"
"TCD","14:07:46",7.45,0.15,300,1618600,"S"
"TCD","14:06:46",7.45,0.15,300,1618300,"S"
"TCD","14:05:45",7.45,0.15,300,1618000,"S"
"TCD","14:05:21",7.43,0.13,1000,1617700,"S"
"TCD","14:04:50",7.43,0.13,1000,1616700,"S"
"TCD","14:04:45",7.43,0.13,300,1615700,"S"
"TCD","14:04:12",7.43,0.13,700,1615400,"S"
"TCD","14:03:46",7.43,0.13,300,1614700,"S"
"TCD","14:03:34",7.43,0.13,500,1614400,"S"
"TCD","14:03:09",7.43,0.13,3000,1613900,"B"
"TCD","14:03:09",7.44,0.14,3200,1610900,"B"
"TCD","14:02:53",7.47,0.17,32100,1607700,"S"
"TCD","14:02:53",7.46,0.16,14900,1575600,"S"
"TCD","14:02:50",7.45,0.15,1800,1557700,"S"
"TCD","14:02:45",7.45,0.15,300,1555900,"S"
"TCD","14:01:55",7.45,0.15,200,1555600,"B"
"TCD","14:01:46",7.46,0.16,300,1555400,"S"
"TCD","14:01:03",7.45,0.15,200,1555100,"S"
"TCD","14:01:01",7.44,0.14,6800,1554900,"S"
"TCD","14:00:56",7.44,0.14,800,1548100,"S"
"TCD","14:00:49",7.44,0.14,7700,1547300,"B"
"TCD","14:00:46",7.45,0.15,300,1539600,"S"
"TCD","14:00:42",7.45,0.15,2000,1539300,"S"
"TCD","14:00:35",7.45,0.15,5400,1537300,"S"
"TCD","14:00:26",7.45,0.15,1000,1531900,"S"
"TCD","14:00:18",7.45,0.15,10000,1530900,"S"
"TCD","14:00:13",7.44,0.14,2300,1520900,"B"
"TCD","13:59:51",7.45,0.15,200,1518600,"S"
"TCD","13:59:45",7.45,0.15,300,1518400,"S"
"TCD","13:59:01",7.45,0.15,100,1518100,"S"
"TCD","13:58:54",7.45,0.15,2000,1518000,"S"
"TCD","13:58:45",7.45,0.15,300,1516000,"S"
"TCD","13:58:43",7.45,0.15,2000,1515700,"S"
"TCD","13:58:00",7.45,0.15,9900,1513700,"S"
"TCD","13:58:00",7.44,0.14,6800,1503800,"S"
"TCD","13:58:00",7.43,0.13,3300,1497000,"S"
"TCD","13:57:45",7.43,0.13,300,1493700,"S"
"TCD","13:57:10",7.41,0.11,800,1493400,"B"
"TCD","13:56:54",7.43,0.13,3000,1492600,"S"
"TCD","13:56:28",7.43,0.13,400,1489600,"S"
"TCD","13:55:26",7.43,0.13,300,1489200,"S"
"TCD","13:55:15",7.43,0.13,10400,1488900,"S"
"TCD","13:55:02",7.43,0.13,100,1478500,"S"
"TCD","13:54:25",7.42,0.12,200,1478400,"S"
"TCD","13:53:46",7.42,0.12,1000,1478200,"S"
"TCD","13:53:24",7.42,0.12,300,1477200,"S"
"TCD","13:53:01",7.4,0.1,6400,1476900,"S"
"TCD","13:52:58",7.4,0.1,1000,1470500,"S"
"TCD","13:52:56",7.4,0.1,200,1469500,"S"
"TCD","13:52:44",7.4,0.1,1000,1469300,"S"
"TCD","13:52:35",7.4,0.1,500,1468300,"S"
"TCD","13:52:31",7.4,0.1,500,1467800,"S"
"TCD","13:52:24",7.4,0.1,300,1467300,"S"
"TCD","13:52:21",7.4,0.1,1000,1467000,"S"
"TCD","13:52:20",7.4,0.1,1000,1466000,"S"
"TCD","13:51:45",7.4,0.1,3000,1465000,"S"
"TCD","13:51:22",7.4,0.1,300,1462000,"S"
"TCD","13:51:19",7.4,0.1,4800,1461700,"B"
"TCD","13:51:12",7.4,0.1,200,1456900,"S"
"TCD","13:50:57",7.4,0.1,900,1456700,"B"
"TCD","13:50:53",7.4,0.1,1000,1455800,"B"
"TCD","13:50:26",7.4,0.1,13100,1454800,"S"
"TCD","13:50:21",7.4,0.1,300,1441700,"S"
"TCD","13:50:00",7.4,0.1,6000,1441400,"S"
"TCD","13:49:30",7.4,0.1,3800,1435400,"B"
"TCD","13:49:30",7.41,0.11,1700,1431600,"B"
"TCD","13:49:29",7.41,0.11,13300,1429900,"S"
"TCD","13:49:20",7.41,0.11,300,1416600,"S"
"TCD","13:49:20",7.41,0.11,100,1416300,"S"
"TCD","13:49:05",7.4,0.1,16200,1416200,"S"
"TCD","13:49:02",7.4,0.1,3600,1400000,"S"
"TCD","13:48:49",7.39,0.09,8400,1396400,"S"
"TCD","13:48:47",7.39,0.09,1600,1388000,"B"
"TCD","13:48:45",7.39,0.09,600,1386400,"S"
"TCD","13:48:39",7.39,0.09,3000,1385800,"S"
"TCD","13:48:19",7.39,0.09,300,1382800,"S"
"TCD","13:48:08",7.39,0.09,500,1382500,"S"
"TCD","13:47:35",7.39,0.09,300,1382000,"S"
"TCD","13:47:22",7.38,0.08,1000,1381700,"B"
"TCD","13:47:18",7.39,0.09,300,1380700,"S"
"TCD","13:46:38",7.37,0.07,300,1380400,"B"
"TCD","13:46:38",7.38,0.08,3900,1380100,"B"
"TCD","13:46:33",7.39,0.09,200,1371400,"S"
"TCD","13:46:18",7.39,0.09,300,1371200,"S"
"TCD","13:45:16",7.39,0.09,300,1370900,"S"
"TCD","13:44:37",7.38,0.08,200,1370600,"B"
"TCD","13:44:26",7.38,0.08,24600,1370400,"B"
"TCD","13:44:26",7.39,0.09,5400,1345800,"B"
"TCD","13:44:22",7.39,0.09,3600,1340400,"S"
"TCD","13:44:16",7.39,0.09,300,1336800,"S"
"TCD","13:43:58",7.39,0.09,3300,1336500,"B"
"TCD","13:43:51",7.39,0.09,6500,1333200,"S"
"TCD","13:43:15",7.39,0.09,300,1326700,"S"
"TCD","13:43:12",7.39,0.09,10000,1326400,"S"
"TCD","13:43:11",7.38,0.08,600,1316400,"B"
"TCD","13:42:46",7.39,0.09,33200,1315800,"B"
"TCD","13:42:42",7.4,0.1,200,1282600,"B"
"TCD","13:42:13",7.41,0.11,300,1282400,"S"
"TCD","13:41:58",7.4,0.1,100,1282100,"B"
"TCD","13:41:13",7.4,0.1,100,1282000,"S"
"TCD","13:40:51",7.39,0.09,4800,1281900,"S"
"TCD","13:40:24",7.39,0.09,12500,1277100,"S"
"TCD","13:40:12",7.39,0.09,300,1264600,"S"
"TCD","13:39:55",7.38,0.08,3600,1264300,"B"
"TCD","13:39:48",7.39,0.09,31900,1260700,"B"
"TCD","13:39:48",7.4,0.1,30000,1228800,"S"
"TCD","13:39:12",7.4,0.1,9500,1198800,"B"
"TCD","13:39:11",7.41,0.11,300,1189300,"S"
"TCD","13:39:06",7.4,0.1,10000,1189000,"B"
"TCD","13:38:53",7.41,0.11,2900,1179000,"B"
"TCD","13:38:36",7.41,0.11,2000,1176100,"B"
"TCD","13:38:31",7.41,0.11,400,1174100,"S"
"TCD","13:38:17",7.41,0.11,600,1173700,"B"
"TCD","13:38:09",7.42,0.12,300,1173100,"S"
"TCD","13:37:54",7.41,0.11,10000,1172800,"B"
"TCD","13:37:48",7.42,0.12,1000,1162800,"S"
"TCD","13:37:25",7.42,0.12,3800,1161800,"B"
"TCD","13:37:22",7.42,0.12,200,1158000,"B"
"TCD","13:37:08",7.43,0.13,300,1157800,"S"
"TCD","13:36:31",7.43,0.13,7000,1157500,"B"
"TCD","13:36:07",7.44,0.14,300,1150500,"S"
"TCD","13:35:50",7.44,0.14,500,1150200,"S"
"TCD","13:35:24",7.43,0.13,100,1149700,"B"
"TCD","13:35:06",7.44,0.14,300,1149600,"S"
"TCD","13:35:02",7.43,0.13,1000,1149300,"B"
"TCD","13:34:13",7.43,0.13,100,1148300,"B"
"TCD","13:34:05",7.44,0.14,300,1148200,"S"
"TCD","13:33:57",7.44,0.14,500,1147900,"S"
"TCD","13:33:07",7.44,0.14,900,1147400,"S"
"TCD","13:33:06",7.44,0.14,300,1146500,"S"
"TCD","13:33:05",7.44,0.14,300,1146200,"S"
"TCD","13:32:59",7.44,0.14,4500,1145900,"S"
"TCD","13:32:50",7.44,0.14,2500,1141400,"B"
"TCD","13:32:23",7.44,0.14,5400,1138900,"S"
"TCD","13:32:19",7.43,0.13,400,1133500,"B"
"TCD","13:32:03",7.44,0.14,300,1133100,"S"
"TCD","13:32:01",7.43,0.13,10400,1132800,"S"
"TCD","13:31:03",7.43,0.13,300,1122400,"S"
"TCD","13:30:02",7.41,0.11,4700,1122100,"B"
"TCD","13:30:02",7.42,0.12,300,1117400,"B"
"TCD","13:30:02",7.43,0.13,300,1117100,"S"
"TCD","13:29:51",7.42,0.12,4700,1116800,"S"
"TCD","13:29:44",7.42,0.12,900,1112100,"S"
"TCD","13:29:27",7.4,0.1,100,1111200,"B"
"TCD","13:29:26",7.42,0.12,1200,1111100,"B"
"TCD","13:29:22",7.42,0.12,600,1109900,"B"
"TCD","13:29:09",7.42,0.12,1600,1109300,"B"
"TCD","13:29:00",7.43,0.13,300,1107700,"S"
"TCD","13:28:54",7.42,0.12,6600,1107400,"S"
"TCD","13:28:00",7.42,0.12,300,1100800,"S"
"TCD","13:27:21",7.39,0.09,4400,1100500,"B"
"TCD","13:27:21",7.4,0.1,10600,1096100,"B"
"TCD","13:27:13",7.4,0.1,3400,1085500,"S"
"TCD","13:27:03",7.4,0.1,11500,1082100,"B"
"TCD","13:27:03",7.41,0.11,300,1070600,"B"
"TCD","13:27:00",7.42,0.12,300,1070300,"S"
"TCD","13:26:52",7.41,0.11,1000,1070000,"B"
"TCD","13:26:42",7.41,0.11,500,1069000,"B"
"TCD","13:26:29",7.42,0.12,1400,1068500,"S"
"TCD","13:26:13",7.42,0.12,100,1067100,"S"
"TCD","13:26:00",7.42,0.12,300,1067000,"S"
"TCD","13:25:42",7.42,0.12,100,1066700,"S"
"TCD","13:24:59",7.42,0.12,300,1066600,"S"
"TCD","13:24:43",7.42,0.12,600,1066300,"S"
"TCD","13:24:34",7.42,0.12,1000,1065700,"B"
"TCD","13:24:22",7.42,0.12,9000,1064700,"S"
"TCD","13:24:00",7.42,0.12,300,1055700,"S"
"TCD","13:22:59",7.42,0.12,300,1055400,"S"
"TCD","13:22:28",7.41,0.11,300,1055100,"B"
"TCD","13:22:24",7.41,0.11,2000,1054800,"B"
"TCD","13:22:01",7.41,0.11,100,1052800,"B"
"TCD","13:22:00",7.42,0.12,300,1052700,"S"
"TCD","13:21:58",7.42,0.12,3800,1052400,"S"
"TCD","13:21:50",7.42,0.12,200,1048600,"S"
"TCD","13:21:46",7.41,0.11,200,1048400,"B"
"TCD","13:21:33",7.42,0.12,4000,1048200,"S"
"TCD","13:21:30",7.42,0.12,100,1044200,"S"
"TCD","13:20:59",7.42,0.12,300,1044100,"S"
"TCD","13:20:12",7.41,0.11,4600,1043800,"S"
"TCD","13:20:00",7.41,0.11,300,1039200,"S"
"TCD","13:19:36",7.41,0.11,200,1038900,"S"
"TCD","13:19:30",7.41,0.11,100,1038700,"S"
"TCD","13:19:18",7.41,0.11,4800,1038600,"B"
"TCD","13:18:59",7.42,0.12,300,1033800,"S"
"TCD","13:18:23",7.41,0.11,2400,1033500,"B"
"TCD","13:17:59",7.42,0.12,300,1031100,"S"
"TCD","13:17:54",7.42,0.12,400,1030800,"S"
"TCD","13:17:22",7.42,0.12,1400,1030400,"B"
"TCD","13:17:05",7.42,0.12,2700,1029000,"S"
"TCD","13:17:04",7.42,0.12,500,1026300,"S"
"TCD","13:17:00",7.42,0.12,300,1025800,"S"
"TCD","13:16:20",7.42,0.12,6000,1025500,"S"
"TCD","13:16:18",7.42,0.12,1400,1019500,"S"
"TCD","13:16:00",7.42,0.12,300,1018100,"S"
"TCD","13:15:37",7.41,0.11,8800,1017800,"S"
"TCD","13:14:59",7.41,0.11,300,1009000,"S"
"TCD","13:14:58",7.4,0.1,4800,1008700,"S"
"TCD","13:14:22",7.4,0.1,200,1003900,"B"
"TCD","13:14:01",7.4,0.1,100,1003700,"B"
"TCD","13:13:59",7.41,0.11,300,1003600,"S"
"TCD","13:13:15",7.41,0.11,300,1003300,"S"
"TCD","13:12:59",7.41,0.11,300,1003000,"S"
"TCD","13:12:45",7.39,0.09,4500,1002700,"B"
"TCD","13:12:45",7.4,0.1,500,998200,"B"
"TCD","13:12:27",7.4,0.1,500,997700,"B"
"TCD","13:12:06",7.4,0.1,5000,997200,"B"
"TCD","13:12:00",7.42,0.12,300,992200,"S"
"TCD","13:11:47",7.4,0.1,2300,991900,"S"
"TCD","13:11:44",7.4,0.1,5000,989600,"S"
"TCD","13:11:12",7.4,0.1,2900,984600,"B"
"TCD","13:10:59",7.42,0.12,300,981700,"S"
"TCD","13:10:53",7.41,0.11,100,981400,"B"
"TCD","13:10:43",7.41,0.11,100,981300,"B"
"TCD","13:10:24",7.41,0.11,100,981200,"B"
"TCD","13:10:11",7.41,0.11,700,981100,"S"
"TCD","13:09:59",7.41,0.11,300,980400,"S"
"TCD","13:09:35",7.4,0.1,100,980100,"B"
"TCD","13:08:59",7.4,0.1,200,980000,"S"
"TCD","13:08:51",7.4,0.1,400,979800,"S"
"TCD","13:08:05",7.4,0.1,200,979400,"S"
"TCD","13:08:02",7.4,0.1,200,979200,"B"
"TCD","13:07:59",7.41,0.11,300,979000,"S"
"TCD","13:07:59",7.4,0.1,15000,978700,"B"
"TCD","13:07:32",7.4,0.1,500,963700,"B"
"TCD","13:07:20",7.4,0.1,5400,963200,"S"
"TCD","13:07:16",7.4,0.1,800,957800,"S"
"TCD","13:07:14",7.4,0.1,3000,957000,"S"
"TCD","13:06:59",7.4,0.1,300,954000,"S"
"TCD","13:06:58",7.4,0.1,500,953700,"S"
"TCD","13:06:56",7.4,0.1,4100,953200,"S"
"TCD","13:06:00",7.4,0.1,300,949100,"S"
"TCD","13:04:59",7.4,0.1,300,948800,"S"
"TCD","13:04:31",7.39,0.09,400,948500,"S"
"TCD","13:04:00",7.39,0.09,300,948100,"S"
"TCD","13:03:59",7.39,0.09,100,947800,"S"
"TCD","13:03:37",7.39,0.09,1800,947700,"S"
"TCD","13:03:04",7.39,0.09,500,945900,"B"
"TCD","13:02:59",7.4,0.1,300,945400,"S"
"TCD","13:02:30",7.39,0.09,2000,945100,"S"
"TCD","13:02:20",7.39,0.09,100,943100,"S"
"TCD","13:02:04",7.35,0.05,2800,943000,"B"
"TCD","13:02:01",7.39,0.09,100,940200,"S"
"TCD","13:01:59",7.39,0.09,300,940100,"S"
"TCD","13:01:39",7.35,0.05,18500,939800,"B"
"TCD","13:01:39",7.37,0.07,8700,921300,"B"
"TCD","13:00:59",7.39,0.09,300,912600,"S"
"TCD","13:00:58",7.37,0.07,9300,912300,"S"
"TCD","13:00:38",7.35,0.05,29200,903000,"B"
"TCD","13:00:25",7.37,0.07,300,873000,"S"
"TCD","13:00:24",7.37,0.07,700,872700,"B"
"TCD","13:00:24",7.38,0.08,4700,872000,"B"
"TCD","13:00:09",7.39,0.09,1000,867300,"S"
"TCD","13:00:07",7.38,0.08,800,866300,"B"
"TCD","13:00:07",7.39,0.09,200,865500,"B"
"TCD","13:00:07",7.4,0.1,200,865300,"S"
"TCD","13:00:03",7.4,0.1,3000,865100,"S"
"TCD","13:00:02",7.39,0.09,5000,859600,"B"
"TCD","11:28:59",7.4,0.1,300,854600,"S"
"TCD","11:28:18",7.4,0.1,200,854300,"S"
"TCD","11:27:59",7.4,0.1,300,854100,"S"
"TCD","11:27:42",7.4,0.1,1000,853800,"B"
"TCD","11:27:27",7.4,0.1,5000,852800,"S"
"TCD","11:27:04",7.4,0.1,1000,847800,"S"
"TCD","11:27:00",7.4,0.1,300,846800,"S"
"TCD","11:26:52",7.4,0.1,3700,846500,"B"
"TCD","11:26:40",7.4,0.1,5000,842800,"S"
"TCD","11:26:00",7.4,0.1,300,837800,"S"
"TCD","11:25:57",7.4,0.1,5000,837500,"S"
"TCD","11:25:29",7.4,0.1,100,832500,"S"
"TCD","11:25:24",7.4,0.1,5000,832400,"S"
"TCD","11:24:59",7.4,0.1,300,827400,"S"
"TCD","11:24:44",7.4,0.1,2700,827100,"B"
"TCD","11:24:18",7.4,0.1,800,824400,"B"
"TCD","11:24:00",7.42,0.12,300,823600,"S"
"TCD","11:23:29",7.4,0.1,100,823300,"B"
"TCD","11:23:00",7.42,0.12,300,823200,"S"
"TCD","11:21:59",7.41,0.11,100,822900,"S"
"TCD","11:21:42",7.4,0.1,5000,822800,"B"
"TCD","11:21:29",7.41,0.11,5000,817800,"B"
"TCD","11:20:59",7.42,0.12,300,812800,"S"
"TCD","11:20:57",7.42,0.12,1200,812500,"B"
"TCD","11:20:34",7.42,0.12,1800,811300,"B"
"TCD","11:20:27",7.42,0.12,6500,809500,"B"
"TCD","11:19:59",7.43,0.13,300,803000,"S"
"TCD","11:18:59",7.44,0.14,300,802700,"S"
"TCD","11:18:22",7.43,0.13,100,802400,"B"
"TCD","11:17:59",7.43,0.13,200,802300,"S"
"TCD","11:16:59",7.43,0.13,300,802100,"S"
"TCD","11:16:06",7.44,0.14,100,801800,"S"
"TCD","11:16:00",7.44,0.14,300,801700,"S"
"TCD","11:14:59",7.44,0.14,300,801400,"S"
"TCD","11:13:59",7.44,0.14,300,801100,"S"
"TCD","11:13:00",7.44,0.14,300,800800,"S"
"TCD","11:12:00",7.44,0.14,300,800500,"S"
"TCD","11:11:51",7.42,0.12,2000,800200,"S"
"TCD","11:10:59",7.42,0.12,300,798200,"S"
"TCD","11:09:59",7.42,0.12,300,797900,"S"
"TCD","11:09:14",7.4,0.1,33100,797600,"B"
"TCD","11:09:00",7.4,0.1,39700,764500,"B"
"TCD","11:08:59",7.42,0.12,300,724500,"S"
"TCD","11:07:59",7.42,0.12,300,724200,"S"
"TCD","11:07:39",7.41,0.11,10000,723900,"B"
"TCD","11:06:59",7.42,0.12,300,713900,"S"
"TCD","11:06:54",7.42,0.12,6000,713600,"B"
"TCD","11:06:44",7.44,0.14,700,707600,"S"
"TCD","11:05:59",7.44,0.14,300,706900,"S"
"TCD","11:04:59",7.44,0.14,300,706600,"S"
"TCD","11:04:36",7.42,0.12,200,706300,"B"
"TCD","11:04:00",7.44,0.14,300,706100,"S"
"TCD","11:02:59",7.44,0.14,300,705800,"S"
"TCD","11:02:48",7.44,0.14,1100,705500,"B"
"TCD","11:02:43",7.44,0.14,5000,704400,"B"
"TCD","11:01:59",7.45,0.15,300,699400,"S"
"TCD","11:01:06",7.45,0.15,400,699100,"S"
"TCD","11:00:59",7.45,0.15,300,698700,"S"
"TCD","11:00:00",7.45,0.15,300,698400,"S"
"TCD","10:58:59",7.45,0.15,300,698100,"S"
"TCD","10:58:52",7.44,0.14,1000,697800,"B"
"TCD","10:58:28",7.44,0.14,11500,696800,"B"
"TCD","10:57:59",7.46,0.16,300,685300,"S"
"TCD","10:57:56",7.45,0.15,4300,685000,"B"
"TCD","10:57:29",7.46,0.16,100,680700,"S"
"TCD","10:56:59",7.46,0.16,300,680600,"S"
"TCD","10:56:51",7.45,0.15,3800,680300,"B"
"TCD","10:56:43",7.45,0.15,2000,676500,"B"
"TCD","10:56:40",7.45,0.15,3000,674500,"B"
"TCD","10:55:59",7.46,0.16,300,671500,"S"
"TCD","10:54:59",7.47,0.17,300,671200,"S"
"TCD","10:53:59",7.47,0.17,300,670900,"S"
"TCD","10:53:57",7.47,0.17,100,670600,"S"
"TCD","10:52:59",7.47,0.17,300,670500,"S"
"TCD","10:52:29",7.47,0.17,10000,670200,"S"
"TCD","10:52:12",7.46,0.16,200,660200,"B"
"TCD","10:51:59",7.47,0.17,300,660000,"S"
"TCD","10:51:56",7.47,0.17,100,659700,"S"
"TCD","10:51:33",7.47,0.17,10000,659600,"S"
"TCD","10:51:20",7.45,0.15,3000,649600,"B"
"TCD","10:51:19",7.47,0.17,9000,646600,"S"
"TCD","10:51:19",7.46,0.16,1000,637600,"S"
"TCD","10:50:59",7.46,0.16,300,636600,"S"
"TCD","10:50:42",7.46,0.16,10000,636300,"S"
"TCD","10:49:59",7.46,0.16,300,626300,"S"
"TCD","10:49:41",7.46,0.16,1000,626000,"S"
"TCD","10:48:59",7.46,0.16,300,625000,"S"
"TCD","10:48:00",7.46,0.16,300,624700,"S"
"TCD","10:47:44",7.46,0.16,900,624400,"S"
"TCD","10:47:44",7.45,0.15,1100,623500,"S"
"TCD","10:47:30",7.45,0.15,1000,622400,"S"
"TCD","10:46:59",7.45,0.15,300,621400,"S"
"TCD","10:46:56",7.45,0.15,100,621100,"B"
"TCD","10:46:53",7.45,0.15,2000,621000,"B"
"TCD","10:46:21",7.45,0.15,500,619000,"B"
"TCD","10:45:59",7.46,0.16,300,618500,"S"
"TCD","10:45:35",7.45,0.15,500,618200,"B"
"TCD","10:45:19",7.45,0.15,300,617700,"B"
"TCD","10:44:59",7.46,0.16,300,617400,"S"
"TCD","10:44:55",7.45,0.15,300,617100,"S"
"TCD","10:44:53",7.45,0.15,2000,616800,"S"
"TCD","10:44:23",7.45,0.15,6800,614800,"S"
"TCD","10:44:00",7.45,0.15,300,608000,"S"
"TCD","10:43:53",7.44,0.14,1000,607700,"B"
"TCD","10:43:48",7.45,0.15,2000,606700,"S"
"TCD","10:43:08",7.45,0.15,900,604700,"S"
"TCD","10:42:59",7.45,0.15,300,603800,"S"
"TCD","10:42:46",7.44,0.14,30000,603500,"B"
"TCD","10:42:42",7.45,0.15,700,573500,"S"
"TCD","10:42:37",7.45,0.15,1000,572800,"S"
"TCD","10:41:59",7.45,0.15,300,571800,"S"
"TCD","10:41:57",7.45,0.15,5000,571500,"S"
"TCD","10:41:12",7.45,0.15,2800,566500,"S"
"TCD","10:41:00",7.45,0.15,300,563700,"S"
"TCD","10:39:59",7.45,0.15,300,563400,"S"
"TCD","10:39:12",7.44,0.14,2400,563100,"S"
"TCD","10:38:59",7.44,0.14,300,560700,"S"
"TCD","10:38:50",7.44,0.14,600,560400,"S"
"TCD","10:37:59",7.44,0.14,300,559800,"S"
"TCD","10:37:47",7.44,0.14,2000,559500,"S"
"TCD","10:36:59",7.44,0.14,300,557500,"S"
"TCD","10:36:27",7.44,0.14,200,557200,"B"
"TCD","10:35:59",7.45,0.15,300,557000,"S"
"TCD","10:35:47",7.44,0.14,100,556700,"B"
"TCD","10:34:59",7.45,0.15,300,556600,"S"
"TCD","10:33:59",7.45,0.15,300,556300,"S"
"TCD","10:33:32",7.44,0.14,2700,556000,"S"
"TCD","10:32:59",7.43,0.13,100,553300,"S"
"TCD","10:32:50",7.42,0.12,200,553200,"S"
"TCD","10:32:19",7.41,0.11,100,553000,"B"
"TCD","10:31:59",7.42,0.12,300,552900,"S"
"TCD","10:31:57",7.42,0.12,500,552600,"S"
"TCD","10:31:41",7.42,0.12,400,552100,"S"
"TCD","10:31:00",7.42,0.12,300,551700,"S"
"TCD","10:29:59",7.42,0.12,300,551400,"S"
"TCD","10:28:59",7.42,0.12,300,551100,"S"
"TCD","10:28:53",7.41,0.11,300,550800,"B"
"TCD","10:27:59",7.42,0.12,300,550500,"S"
"TCD","10:26:59",7.42,0.12,300,550200,"S"
"TCD","10:26:40",7.4,0.1,3500,549900,"S"
"TCD","10:26:39",7.4,0.1,10800,546400,"B"
"TCD","10:26:31",7.41,0.11,900,535300,"S"
"TCD","10:26:25",7.41,0.11,9100,534400,"B"
"TCD","10:25:59",7.42,0.12,1300,525300,"S"
"TCD","10:25:57",7.42,0.12,3000,524000,"S"
"TCD","10:25:38",7.41,0.11,6000,521000,"B"
"TCD","10:24:59",7.42,0.12,300,515000,"S"
"TCD","10:24:09",7.42,0.12,3500,514700,"S"
"TCD","10:23:59",7.42,0.12,300,511200,"S"
"TCD","10:23:50",7.41,0.11,2000,510900,"B"
"TCD","10:22:59",7.42,0.12,300,508900,"S"
"TCD","10:22:30",7.42,0.12,300,508600,"B"
"TCD","10:22:00",7.44,0.14,300,508300,"S"
"TCD","10:21:53",7.42,0.12,5000,508000,"B"
"TCD","10:20:59",7.42,0.12,100,503000,"S"
"TCD","10:19:59",7.42,0.12,300,502900,"S"
"TCD","10:19:24",7.42,0.12,500,502600,"B"
"TCD","10:18:59",7.43,0.13,300,502100,"S"
"TCD","10:18:58",7.42,0.12,700,501800,"B"
"TCD","10:18:28",7.42,0.12,200,501100,"B"
"TCD","10:18:26",7.43,0.13,100,500900,"S"
"TCD","10:18:17",7.43,0.13,5000,500800,"B"
"TCD","10:18:16",7.43,0.13,10300,495800,"B"
"TCD","10:17:59",7.44,0.14,300,485500,"S"
"TCD","10:16:59",7.44,0.14,300,485200,"S"
"TCD","10:16:41",7.44,0.14,1000,484900,"B"
"TCD","10:16:00",7.47,0.17,300,483900,"S"
"TCD","10:15:45",7.47,0.17,1000,483600,"S"
"TCD","10:14:59",7.47,0.17,300,482600,"S"
"TCD","10:14:57",7.46,0.16,100,482300,"B"
"TCD","10:14:19",7.46,0.16,900,482200,"S"
"TCD","10:13:59",7.46,0.16,300,481300,"S"
"TCD","10:13:24",7.45,0.15,2200,481000,"S"
"TCD","10:12:59",7.45,0.15,300,478800,"S"
"TCD","10:12:25",7.45,0.15,9800,478500,"B"
"TCD","10:11:59",7.46,0.16,300,468700,"S"
"TCD","10:11:47",7.45,0.15,600,468400,"B"
"TCD","10:11:17",7.46,0.16,4000,467800,"S"
"TCD","10:10:59",7.46,0.16,300,463800,"S"
"TCD","10:10:56",7.46,0.16,700,463500,"B"
"TCD","10:10:49",7.46,0.16,1000,462800,"B"
"TCD","10:10:24",7.46,0.16,5000,461800,"B"
"TCD","10:09:59",7.47,0.17,300,456800,"S"
"TCD","10:09:21",7.47,0.17,100,456500,"S"
"TCD","10:08:59",7.47,0.17,300,456400,"S"
"TCD","10:08:50",7.46,0.16,7000,456100,"B"
"TCD","10:08:43",7.47,0.17,15000,449100,"S"
"TCD","10:08:37",7.46,0.16,500,434100,"B"
"TCD","10:08:35",7.46,0.16,800,433600,"S"
"TCD","10:08:16",7.46,0.16,300,432800,"B"
"TCD","10:08:00",7.46,0.16,400,432500,"B"
"TCD","10:07:59",7.46,0.16,6900,432100,"S"
"TCD","10:07:37",7.46,0.16,1000,425200,"B"
"TCD","10:07:28",7.46,0.16,500,424200,"B"
"TCD","10:07:22",7.46,0.16,500,423700,"B"
"TCD","10:06:59",7.47,0.17,300,423200,"S"
"TCD","10:06:57",7.47,0.17,200,422900,"S"
"TCD","10:06:39",7.47,0.17,300,422700,"S"
"TCD","10:06:34",7.47,0.17,100,422400,"S"
"TCD","10:06:29",7.47,0.17,300,422300,"S"
"TCD","10:05:59",7.47,0.17,300,422000,"S"
"TCD","10:05:35",7.47,0.17,4900,421700,"S"
"TCD","10:05:35",7.46,0.16,100,416800,"S"
"TCD","10:04:59",7.47,0.17,300,416700,"S"
"TCD","10:04:47",7.45,0.15,8600,416400,"B"
"TCD","10:04:47",7.46,0.16,1400,407800,"B"
"TCD","10:04:39",7.46,0.16,100,406400,"S"
"TCD","10:04:39",7.46,0.16,500,406300,"S"
"TCD","10:04:27",7.46,0.16,1000,405800,"S"
"TCD","10:04:23",7.46,0.16,400,404800,"S"
"TCD","10:04:16",7.46,0.16,200,404400,"S"
"TCD","10:03:59",7.46,0.16,300,404200,"S"
"TCD","10:03:28",7.46,0.16,100,403900,"S"
"TCD","10:03:20",7.45,0.15,9900,403800,"S"
"TCD","10:03:15",7.45,0.15,100,393900,"S"
"TCD","10:03:06",7.45,0.15,200,393800,"S"
"TCD","10:02:59",7.45,0.15,300,393600,"S"
"TCD","10:02:54",7.45,0.15,300,393300,"S"
"TCD","10:02:47",7.45,0.15,700,393000,"S"
"TCD","10:02:20",7.45,0.15,2000,392300,"S"
"TCD","10:02:11",7.45,0.15,6000,390300,"S"
"TCD","10:01:59",7.45,0.15,300,384300,"S"
"TCD","10:01:11",7.45,0.15,14000,384000,"S"
"TCD","10:01:00",7.45,0.15,300,369000,"S"
"TCD","10:00:45",7.45,0.15,15800,368700,"S"
"TCD","10:00:45",7.44,0.14,4200,352900,"S"
"TCD","10:00:30",7.44,0.14,4300,348700,"S"
"TCD","10:00:25",7.44,0.14,900,344400,"S"
"TCD","09:59:59",7.44,0.14,300,343500,"S"
"TCD","09:59:59",7.43,0.13,200,343200,"S"
"TCD","09:59:14",7.43,0.13,15000,343000,"S"
"TCD","09:59:01",7.42,0.12,1200,328000,"S"
"TCD","09:58:59",7.42,0.12,300,326800,"S"
"TCD","09:58:58",7.42,0.12,15000,326500,"S"
"TCD","09:58:56",7.42,0.12,300,311500,"S"
"TCD","09:57:59",7.42,0.12,300,311200,"S"
"TCD","09:57:18",7.41,0.11,100,310900,"B"
"TCD","09:57:09",7.41,0.11,17800,310800,"S"
"TCD","09:56:59",7.41,0.11,300,293000,"S"
"TCD","09:55:59",7.41,0.11,300,292700,"S"
"TCD","09:54:59",7.41,0.11,300,292400,"S"
"TCD","09:53:59",7.41,0.11,300,292100,"S"
"TCD","09:53:58",7.4,0.1,3300,291800,"S"
"TCD","09:53:42",7.4,0.1,6700,288500,"B"
"TCD","09:52:59",7.41,0.11,300,281800,"S"
"TCD","09:52:57",7.4,0.1,100,281500,"B"
"TCD","09:52:26",7.4,0.1,100,281400,"B"
"TCD","09:52:18",7.4,0.1,100,281300,"B"
"TCD","09:52:15",7.4,0.1,500,281200,"B"
"TCD","09:52:09",7.4,0.1,1500,280700,"S"
"TCD","09:51:59",7.4,0.1,300,279200,"S"
"TCD","09:51:52",7.4,0.1,16300,278900,"S"
"TCD","09:51:39",7.4,0.1,800,262600,"S"
"TCD","09:51:28",7.4,0.1,10000,261800,"S"
"TCD","09:51:17",7.4,0.1,100,251800,"S"
"TCD","09:50:59",7.4,0.1,300,251700,"S"
"TCD","09:50:48",7.4,0.1,4400,251400,"S"
"TCD","09:49:59",7.4,0.1,300,247000,"S"
"TCD","09:48:59",7.4,0.1,300,246700,"S"
"TCD","09:48:06",7.4,0.1,2000,246400,"S"
"TCD","09:48:00",7.4,0.1,300,244400,"S"
"TCD","09:47:43",7.4,0.1,5000,244100,"S"
"TCD","09:47:23",7.4,0.1,10000,239100,"S"
"TCD","09:46:59",7.4,0.1,300,229100,"S"
"TCD","09:46:41",7.4,0.1,300,228800,"S"
"TCD","09:46:11",7.4,0.1,1000,228500,"S"
"TCD","09:45:59",7.4,0.1,300,227500,"S"
"TCD","09:45:54",7.39,0.09,8000,227200,"B"
"TCD","09:45:30",7.39,0.09,300,219200,"B"
"TCD","09:44:59",7.4,0.1,300,218900,"S"
"TCD","09:44:39",7.39,0.09,100,218600,"B"
"TCD","09:44:33",7.39,0.09,100,218500,"B"
"TCD","09:44:08",7.39,0.09,500,218400,"S"
"TCD","09:43:59",7.39,0.09,300,217900,"S"
"TCD","09:43:49",7.39,0.09,100,217600,"S"
"TCD","09:42:59",7.39,0.09,300,217500,"S"
"TCD","09:42:44",7.39,0.09,2000,217200,"S"
"TCD","09:42:30",7.37,0.07,100,215200,"B"
"TCD","09:42:21",7.38,0.08,200,215100,"S"
"TCD","09:41:59",7.38,0.08,300,214900,"S"
"TCD","09:40:59",7.38,0.08,300,214600,"S"
"TCD","09:40:37",7.38,0.08,7000,214300,"S"
"TCD","09:39:59",7.38,0.08,300,207300,"S"
"TCD","09:39:00",7.38,0.08,300,207000,"S"
"TCD","09:38:30",7.37,0.07,1000,206700,"S"
"TCD","09:37:59",7.37,0.07,300,205700,"S"
"TCD","09:37:46",7.37,0.07,200,205400,"S"
"TCD","09:37:12",7.38,0.08,3200,205200,"S"
"TCD","09:36:59",7.38,0.08,300,202000,"S"
"TCD","09:36:55",7.38,0.08,500,201700,"B"
"TCD","09:36:14",7.38,0.08,100,201200,"B"
"TCD","09:35:59",7.39,0.09,300,201100,"S"
"TCD","09:35:45",7.4,0.1,2000,200800,"S"
"TCD","09:34:59",7.4,0.1,300,198800,"S"
"TCD","09:34:49",7.4,0.1,9700,198500,"S"
"TCD","09:34:49",7.38,0.08,300,188800,"S"
"TCD","09:33:59",7.38,0.08,300,188500,"S"
"TCD","09:33:39",7.39,0.09,100,188200,"B"
"TCD","09:32:59",7.4,0.1,300,188100,"S"
"TCD","09:32:55",7.39,0.09,500,187800,"B"
"TCD","09:32:54",7.4,0.1,3000,187300,"S"
"TCD","09:32:44",7.4,0.1,100,184300,"S"
"TCD","09:32:31",7.4,0.1,7400,184200,"B"
"TCD","09:32:30",7.4,0.1,200,176800,"B"
"TCD","09:32:10",7.4,0.1,2600,176600,"B"
"TCD","09:31:59",7.41,0.11,300,174000,"S"
"TCD","09:31:55",7.4,0.1,500,173700,"B"
"TCD","09:31:52",7.4,0.1,100,173200,"B"
"TCD","09:30:59",7.42,0.12,300,173100,"S"
"TCD","09:30:50",7.42,0.12,400,172800,"B"
"TCD","09:30:49",7.42,0.12,2000,172400,"B"
"TCD","09:30:42",7.42,0.12,5000,170400,"B"
"TCD","09:30:41",7.42,0.12,500,165400,"B"
"TCD","09:30:41",7.43,0.13,5300,164900,"S"
"TCD","09:30:37",7.42,0.12,100,159600,"B"
"TCD","09:29:59",7.43,0.13,300,159500,"S"
"TCD","09:28:59",7.43,0.13,200,159200,"S"
"TCD","09:28:59",7.42,0.12,500,159000,"B"
"TCD","09:28:51",7.42,0.12,100,158500,"B"
"TCD","09:28:41",7.42,0.12,300,158400,"B"
"TCD","09:28:40",7.43,0.13,1000,158100,"S"
"TCD","09:28:31",7.43,0.13,1200,157100,"S"
"TCD","09:28:31",7.42,0.12,3500,155900,"B"
"TCD","09:27:59",7.42,0.12,500,152400,"B"
"TCD","09:27:59",7.43,0.13,300,151900,"S"
"TCD","09:27:49",7.43,0.13,2200,151600,"S"
"TCD","09:27:39",7.42,0.12,500,149400,"B"
"TCD","09:27:33",7.42,0.12,300,148900,"S"
"TCD","09:27:24",7.42,0.12,100,148600,"S"
"TCD","09:27:20",7.41,0.11,1000,148500,"B"
"TCD","09:27:15",7.42,0.12,300,147500,"S"
"TCD","09:26:59",7.42,0.12,300,147200,"S"
"TCD","09:26:50",7.42,0.12,5000,146900,"S"
"TCD","09:26:44",7.42,0.12,1000,141900,"S"
"TCD","09:26:13",7.42,0.12,100,140900,"S"
"TCD","09:25:59",7.42,0.12,300,140800,"S"
"TCD","09:25:44",7.42,0.12,5000,140500,"S"
"TCD","09:25:41",7.4,0.1,10000,135500,"B"
"TCD","09:25:35",7.41,0.11,100,125500,"B"
"TCD","09:25:24",7.41,0.11,300,125400,"B"
"TCD","09:25:21",7.41,0.11,1000,125100,"B"
"TCD","09:25:17",7.41,0.11,500,124100,"B"
"TCD","09:25:13",7.41,0.11,500,123600,"B"
"TCD","09:25:08",7.41,0.11,9000,123100,"B"
"TCD","09:24:59",7.42,0.12,300,114100,"S"
"TCD","09:24:06",7.41,0.11,1000,113800,"B"
"TCD","09:24:06",7.42,0.12,5000,112800,"S"
"TCD","09:23:59",7.42,0.12,300,107800,"S"
"TCD","09:23:50",7.42,0.12,3500,107500,"B"
"TCD","09:23:28",7.43,0.13,100,104000,"B"
"TCD","09:23:05",7.43,0.13,200,103900,"B"
"TCD","09:22:59",7.43,0.13,1700,103700,"S"
"TCD","09:22:51",7.43,0.13,200,102000,"S"
"TCD","09:22:13",7.43,0.13,100,101800,"B"
"TCD","09:21:59",7.43,0.13,200,101700,"S"
"TCD","09:21:34",7.43,0.13,2000,101500,"S"
"TCD","09:21:33",7.43,0.13,100,99500,"S"
"TCD","09:21:19",7.42,0.12,2000,99400,"B"
"TCD","09:20:45",7.42,0.12,500,97400,"B"
"TCD","09:20:25",7.42,0.12,500,96900,"B"
"TCD","09:19:59",7.42,0.12,700,96400,"S"
"TCD","09:19:31",7.42,0.12,500,95700,"S"
"TCD","09:19:08",7.42,0.12,400,95200,"S"
"TCD","09:19:08",7.41,0.11,600,94800,"S"
"TCD","09:18:52",7.4,0.1,800,94200,"B"
"TCD","09:18:45",7.4,0.1,4300,93400,"B"
"TCD","09:18:44",7.4,0.1,600,89100,"S"
"TCD","09:18:13",7.4,0.1,4000,88500,"S"
"TCD","09:18:01",7.4,0.1,600,84500,"S"
"TCD","09:17:56",7.39,0.09,100,83900,"B"
"TCD","09:17:54",7.4,0.1,1900,83800,"S"
"TCD","09:17:43",7.39,0.09,100,81900,"B"
"TCD","09:17:40",7.4,0.1,100,81800,"S"
"TCD","09:17:30",7.4,0.1,17400,81700,"B"
"TCD","09:17:12",7.4,0.1,1000,64300,"B"
"TCD","09:16:39",7.4,0.1,1000,63300,"B"
"TCD","09:16:11",7.4,0.1,21100,62300,"S"
"TCD","09:16:11",7.39,0.09,5000,41200,"S"
"TCD","09:16:05",7.36,0.06,5000,35700,"S"
"TCD","09:15:56",7.36,0.06,5000,30700,"S"
"TCD","09:15:46",7.36,0.06,500,25700,"S"
"TCD","09:15:05",7.32,0.02,200,25200,"S"
"TCD","09:15:01",7.31,0.01,25000,25000,
