"symbol","time","price","change","vol","total","side"
"VIX","14:45:05",18.05,0.35,990100,29383800,
"VIX","14:29:56",18,0.3,100,28393700,"S"
"VIX","14:29:54",18,0.3,8300,28393600,"S"
"VIX","14:29:53",17.95,0.25,1000,28385300,"B"
"VIX","14:29:53",18,0.3,6000,28384300,"S"
"VIX","14:29:53",17.95,0.25,800,28378300,"B"
"VIX","14:29:52",18,0.3,4000,28377500,"S"
"VIX","14:29:51",17.95,0.25,500,28373500,"B"
"VIX","14:29:51",18,0.3,5900,28373000,"S"
"VIX","14:29:50",18,0.3,100,28367100,"S"
"VIX","14:29:48",18,0.3,900,28367000,"S"
"VIX","14:29:45",18,0.3,2000,28366100,"S"
"VIX","14:29:44",17.95,0.25,3000,28364100,"B"
"VIX","14:29:44",18,0.3,100,28361100,"S"
"VIX","14:29:43",18,0.3,100,28361000,"S"
"VIX","14:29:41",17.95,0.25,16500,28360900,"B"
"VIX","14:29:40",18,0.3,700,28344400,"S"
"VIX","14:29:39",18,0.3,15000,28343700,"S"
"VIX","14:29:38",17.95,0.25,1000,28328700,"B"
"VIX","14:29:37",18,0.3,2000,28327700,"S"
"VIX","14:29:36",18,0.3,1600,28325700,"S"
"VIX","14:29:33",18,0.3,3500,28324100,"S"
"VIX","14:29:31",18,0.3,3900,28316400,"S"
"VIX","14:29:30",18,0.3,7200,28312500,"S"
"VIX","14:29:29",18,0.3,200,28305300,"S"
"VIX","14:29:28",18,0.3,200,28305100,"S"
"VIX","14:29:26",18,0.3,400,28304900,"S"
"VIX","14:29:25",18,0.3,300,28304500,"S"
"VIX","14:29:24",18,0.3,200,28304200,"S"
"VIX","14:29:24",18,0.3,100,28304000,"S"
"VIX","14:29:23",18,0.3,8900,28303900,"S"
"VIX","14:29:22",18,0.3,1100,28295000,"S"
"VIX","14:29:22",18,0.3,10000,28293900,"S"
"VIX","14:29:21",18,0.3,1800,28283900,"S"
"VIX","14:29:20",18,0.3,4000,28282100,"S"
"VIX","14:29:19",18,0.3,100,28278100,"S"
"VIX","14:29:17",18,0.3,2000,28278000,"S"
"VIX","14:29:16",18,0.3,700,28276000,"S"
"VIX","14:29:15",18,0.3,100,28275300,"S"
"VIX","14:29:14",18,0.3,500,28275200,"S"
"VIX","14:29:13",18,0.3,100,28274700,"S"
"VIX","14:29:11",18,0.3,3000,28274600,"S"
"VIX","14:29:10",18,0.3,200,28271600,"S"
"VIX","14:29:09",18,0.3,2000,28271400,"S"
"VIX","14:29:09",18,0.3,700,28269400,"S"
"VIX","14:29:09",17.95,0.25,200,28268700,"B"
"VIX","14:29:08",18,0.3,6700,28268500,"B"
"VIX","14:29:06",18.05,0.35,2000,28261800,"S"
"VIX","14:29:06",18,0.3,100,28259800,"B"
"VIX","14:29:05",18,0.3,4500,28259700,"B"
"VIX","14:29:04",18,0.3,100,28255200,"B"
"VIX","14:29:04",18,0.3,500,28255100,"B"
"VIX","14:29:03",18,0.3,3800,28254600,"B"
"VIX","14:29:03",18,0.3,16200,28250800,"B"
"VIX","14:29:01",18,0.3,10000,28234600,"B"
"VIX","14:29:00",18,0.3,1000,28224600,"B"
"VIX","14:28:59",18,0.3,5000,28223600,"B"
"VIX","14:28:58",18.05,0.35,250000,28218600,"S"
"VIX","14:28:58",18,0.3,2500,27968600,"B"
"VIX","14:28:55",18,0.3,5000,27966100,"B"
"VIX","14:28:53",18,0.3,300,27961100,"B"
"VIX","14:28:52",18,0.3,2100,27960800,"B"
"VIX","14:28:50",18,0.3,1000,27958700,"B"
"VIX","14:28:47",18,0.3,5000,27957700,"B"
"VIX","14:28:45",18,0.3,20000,27952700,"B"
"VIX","14:28:45",18,0.3,300,27932700,"B"
"VIX","14:28:44",18,0.3,500,27932400,"B"
"VIX","14:28:41",18,0.3,50000,27931900,"B"
"VIX","14:28:41",18.05,0.35,200,27881900,"S"
"VIX","14:28:39",18,0.3,1000,27881700,"B"
"VIX","14:28:38",18.05,0.35,1000,27880700,"S"
"VIX","14:28:37",18,0.3,2000,27879700,"B"
"VIX","14:28:37",18.05,0.35,1000,27877700,"S"
"VIX","14:28:36",18,0.3,2000,27876700,"B"
"VIX","14:28:36",18.05,0.35,9900,27874700,"S"
"VIX","14:28:34",18,0.3,1100,27864800,"B"
"VIX","14:28:32",18,0.3,100,27863700,"B"
"VIX","14:28:32",18,0.3,1500,27863600,"B"
"VIX","14:28:31",18,0.3,100,27862100,"B"
"VIX","14:28:30",18,0.3,1000,27862000,"B"
"VIX","14:28:29",18,0.3,100,27861000,"B"
"VIX","14:28:28",18,0.3,131000,27860900,"S"
"VIX","14:28:27",17.95,0.25,100,27729900,"B"
"VIX","14:28:25",17.95,0.25,20000,27729800,"B"
"VIX","14:28:25",18,0.3,200,27709800,"S"
"VIX","14:28:20",17.95,0.25,10900,27709600,"B"
"VIX","14:28:19",18,0.3,3000,27698700,"S"
"VIX","14:28:18",18,0.3,300,27695700,"S"
"VIX","14:28:13",17.95,0.25,3100,27695400,"B"
"VIX","14:28:12",17.95,0.25,800,27692300,"B"
"VIX","14:28:11",17.95,0.25,400,27691500,"S"
"VIX","14:28:10",17.95,0.25,1700,27691100,"S"
"VIX","14:28:08",17.95,0.25,5000,27689400,"S"
"VIX","14:28:07",17.95,0.25,12200,27684400,"S"
"VIX","14:28:06",17.9,0.2,5000,27672200,"B"
"VIX","14:28:06",17.95,0.25,5100,27667200,"S"
"VIX","14:28:05",17.95,0.25,200,27662100,"S"
"VIX","14:28:04",17.95,0.25,2100,27661900,"S"
"VIX","14:27:59",17.95,0.25,100,27659800,"S"
"VIX","14:27:59",17.9,0.2,100,27659700,"B"
"VIX","14:27:59",17.95,0.25,1000,27659600,"S"
"VIX","14:27:58",17.95,0.25,10100,27658600,"S"
"VIX","14:27:57",17.95,0.25,300,27648500,"S"
"VIX","14:27:56",17.95,0.25,1000,27648200,"S"
"VIX","14:27:55",17.95,0.25,5000,27647200,"S"
"VIX","14:27:54",17.95,0.25,100,27642200,"S"
"VIX","14:27:52",17.95,0.25,29400,27642100,"B"
"VIX","14:27:52",18,0.3,100,27612700,"S"
"VIX","14:27:50",18,0.3,100,27612600,"S"
"VIX","14:27:47",18,0.3,100,27612500,"S"
"VIX","14:27:44",17.95,0.25,1000,27612400,"B"
"VIX","14:27:44",18,0.3,500,27611400,"S"
"VIX","14:27:43",18,0.3,2000,27610900,"S"
"VIX","14:27:42",18.05,0.35,15700,27608900,"S"
"VIX","14:27:42",18,0.3,70000,27593200,"B"
"VIX","14:27:42",18,0.3,10000,27523200,"B"
"VIX","14:27:41",18,0.3,300,27513200,"B"
"VIX","14:27:41",18,0.3,16100,27512900,"B"
"VIX","14:27:40",18,0.3,3500,27496800,"B"
"VIX","14:27:38",18,0.3,25000,27493300,"B"
"VIX","14:27:37",18,0.3,1000,27468300,"B"
"VIX","14:27:36",18,0.3,15400,27467300,"B"
"VIX","14:27:35",18,0.3,1700,27451900,"B"
"VIX","14:27:34",18,0.3,4000,27450200,"B"
"VIX","14:27:31",18,0.3,10000,27446200,"B"
"VIX","14:27:30",18.05,0.35,900,27436200,"S"
"VIX","14:27:30",18,0.3,1000,27435300,"B"
"VIX","14:27:29",18.05,0.35,1000,27434300,"S"
"VIX","14:27:29",18,0.3,5000,27433300,"B"
"VIX","14:27:28",18,0.3,400,27428300,"B"
"VIX","14:27:27",18,0.3,2000,27427900,"B"
"VIX","14:27:26",18.05,0.35,500,27425900,"S"
"VIX","14:27:24",18,0.3,1000,27425400,"B"
"VIX","14:27:23",18.05,0.35,13000,27424400,"S"
"VIX","14:27:21",18,0.3,6000,27411400,"B"
"VIX","14:27:18",18,0.3,2000,27405400,"B"
"VIX","14:27:15",18.05,0.35,19700,27403400,"B"
"VIX","14:27:14",18.05,0.35,1300,27383700,"B"
"VIX","14:27:14",18.05,0.35,500,27382400,"B"
"VIX","14:27:13",18.05,0.35,2000,27381900,"B"
"VIX","14:27:13",18.05,0.35,6400,27379900,"B"
"VIX","14:27:12",18.05,0.35,300,27373500,"B"
"VIX","14:27:12",18.05,0.35,51500,27373200,"B"
"VIX","14:27:11",18.05,0.35,12000,27321700,"B"
"VIX","14:27:10",18.05,0.35,3700,27309700,"B"
"VIX","14:27:09",18.05,0.35,200,27306000,"B"
"VIX","14:27:09",18.05,0.35,25000,27305800,"B"
"VIX","14:27:08",18.05,0.35,9000,27280800,"B"
"VIX","14:27:07",18.05,0.35,12900,27271800,"B"
"VIX","14:27:05",18.05,0.35,6000,27258900,"B"
"VIX","14:27:05",18.05,0.35,11100,27252900,"B"
"VIX","14:27:02",18.05,0.35,287600,27241800,"B"
"VIX","14:27:00",18.05,0.35,101500,26954200,"B"
"VIX","14:27:00",18.1,0.4,400,26852700,"S"
"VIX","14:26:58",18.05,0.35,10000,26852300,"B"
"VIX","14:26:58",18.05,0.35,6500,26842300,"B"
"VIX","14:26:54",18.1,0.4,3000,26835800,"S"
"VIX","14:26:53",18.05,0.35,2000,26832800,"B"
"VIX","14:26:53",18.05,0.35,6000,26830800,"B"
"VIX","14:26:50",18.1,0.4,200,26824800,"S"
"VIX","14:26:48",18.05,0.35,10000,26824600,"B"
"VIX","14:26:43",18.1,0.4,1700,26814600,"S"
"VIX","14:26:40",18.1,0.4,9000,26812900,"S"
"VIX","14:26:38",18.05,0.35,1000,26803900,"B"
"VIX","14:26:36",18.05,0.35,100,26802900,"B"
"VIX","14:26:34",18.1,0.4,12000,26802800,"S"
"VIX","14:26:34",18.05,0.35,1000,26790800,"B"
"VIX","14:26:31",18.1,0.4,6900,26789800,"S"
"VIX","14:26:28",18.1,0.4,700,26782900,"S"
"VIX","14:26:28",18.1,0.4,5000,26782200,"S"
"VIX","14:26:24",18.05,0.35,200,26777200,"B"
"VIX","14:26:23",18.1,0.4,500,26777000,"S"
"VIX","14:26:18",18.1,0.4,2000,26776500,"S"
"VIX","14:26:17",18.05,0.35,9400,26774500,"B"
"VIX","14:26:16",18.05,0.35,10000,26765100,"B"
"VIX","14:26:16",18.1,0.4,100,26755100,"S"
"VIX","14:26:11",18.1,0.4,200,26755000,"S"
"VIX","14:26:10",18.1,0.4,10000,26754800,"S"
"VIX","14:26:08",18.05,0.35,200,26744800,"B"
"VIX","14:26:02",18.1,0.4,3000,26744600,"S"
"VIX","14:26:01",18.05,0.35,300,26741600,"B"
"VIX","14:26:00",18.1,0.4,500,26741300,"S"
"VIX","14:25:59",18.05,0.35,100,26740800,"B"
"VIX","14:25:59",18.1,0.4,4000,26740700,"S"
"VIX","14:25:58",18.1,0.4,5000,26736700,"S"
"VIX","14:25:54",18.1,0.4,1500,26731700,"S"
"VIX","14:25:53",18.1,0.4,200,26730200,"S"
"VIX","14:25:53",18.05,0.35,1100,26730000,"B"
"VIX","14:25:51",18.1,0.4,1000,26728900,"S"
"VIX","14:25:49",18.1,0.4,100,26727900,"S"
"VIX","14:25:48",18.1,0.4,6600,26727800,"S"
"VIX","14:25:46",18.1,0.4,1000,26721200,"S"
"VIX","14:25:45",18.1,0.4,10000,26720200,"S"
"VIX","14:25:44",18.1,0.4,10500,26710200,"S"
"VIX","14:25:44",18.1,0.4,1500,26699700,"S"
"VIX","14:25:43",18.05,0.35,10000,26698200,"B"
"VIX","14:25:42",18.1,0.4,5300,26688200,"S"
"VIX","14:25:40",18.1,0.4,5000,26682900,"S"
"VIX","14:25:37",18.1,0.4,500,26677900,"S"
"VIX","14:25:35",18.1,0.4,900,26677400,"S"
"VIX","14:25:31",18.1,0.4,6000,26676500,"S"
"VIX","14:25:30",18.1,0.4,200,26670500,"S"
"VIX","14:25:29",18.1,0.4,9500,26670300,"B"
"VIX","14:25:27",18.1,0.4,3000,26660800,"B"
"VIX","14:25:27",18.1,0.4,4000,26657800,"B"
"VIX","14:25:26",18.1,0.4,100,26653800,"B"
"VIX","14:25:26",18.1,0.4,6000,26653700,"B"
"VIX","14:25:23",18.1,0.4,12600,26647700,"B"
"VIX","14:25:22",18.1,0.4,300,26635100,"B"
"VIX","14:25:22",18.1,0.4,30700,26634800,"B"
"VIX","14:25:21",18.1,0.4,10000,26604100,"B"
"VIX","14:25:19",18.15,0.45,2000,26594100,"S"
"VIX","14:25:18",18.1,0.4,10000,26592100,"B"
"VIX","14:25:17",18.1,0.4,3700,26580600,"B"
"VIX","14:25:16",18.1,0.4,1300,26576900,"B"
"VIX","14:25:15",18.1,0.4,6400,26575600,"B"
"VIX","14:25:14",18.1,0.4,200,26569200,"B"
"VIX","14:25:13",18.1,0.4,10000,26569000,"B"
"VIX","14:25:11",18.1,0.4,10000,26559000,"B"
"VIX","14:25:10",18.1,0.4,3000,26549000,"B"
"VIX","14:25:09",18.1,0.4,100,26546000,"B"
"VIX","14:25:04",18.1,0.4,7000,26545900,"B"
"VIX","14:25:02",18.15,0.45,1000,26538900,"S"
"VIX","14:25:02",18.1,0.4,600,26537900,"B"
"VIX","14:25:02",18.1,0.4,7000,26537300,"B"
"VIX","14:25:01",18.1,0.4,200,26530300,"B"
"VIX","14:24:58",18.1,0.4,5000,26530100,"B"
"VIX","14:24:57",18.1,0.4,100,26525100,"B"
"VIX","14:24:56",18.1,0.4,24500,26525000,"S"
"VIX","14:24:55",18.1,0.4,8000,26500500,"S"
"VIX","14:24:54",18.1,0.4,10000,26492500,"S"
"VIX","14:24:53",18.1,0.4,10000,26482500,"S"
"VIX","14:24:52",18.1,0.4,500,26472500,"S"
"VIX","14:24:52",18.1,0.4,1500,26472000,"S"
"VIX","14:24:50",18.1,0.4,2000,26470500,"S"
"VIX","14:24:50",18.1,0.4,200,26468500,"S"
"VIX","14:24:49",18.1,0.4,2600,26468300,"S"
"VIX","14:24:48",18.1,0.4,200,26465700,"S"
"VIX","14:24:48",18.1,0.4,18000,26465500,"S"
"VIX","14:24:47",18.1,0.4,2600,26447500,"S"
"VIX","14:24:47",18.1,0.4,10000,26444900,"S"
"VIX","14:24:46",18.1,0.4,4900,26434200,"S"
"VIX","14:24:44",18.1,0.4,100,26429300,"S"
"VIX","14:24:42",18.1,0.4,7000,26429200,"S"
"VIX","14:24:42",18.05,0.35,200,26422200,"B"
"VIX","14:24:41",18.1,0.4,11000,26422000,"S"
"VIX","14:24:40",18.1,0.4,12800,26411000,"S"
"VIX","14:24:39",18.1,0.4,4000,26398200,"S"
"VIX","14:24:38",18.1,0.4,1500,26394200,"S"
"VIX","14:24:38",18.1,0.4,1800,26392700,"S"
"VIX","14:24:35",18.1,0.4,1000,26390900,"S"
"VIX","14:24:34",18.1,0.4,500,26389900,"S"
"VIX","14:24:33",18.1,0.4,10500,26389400,"S"
"VIX","14:24:33",18.1,0.4,200,26378900,"S"
"VIX","14:24:32",18.1,0.4,4600,26378700,"S"
"VIX","14:24:32",18.1,0.4,1300,26374100,"S"
"VIX","14:24:31",18.1,0.4,100,26372800,"S"
"VIX","14:24:29",18.1,0.4,14500,26372500,"S"
"VIX","14:24:29",18.05,0.35,500,26358000,"B"
"VIX","14:24:28",18.1,0.4,10000,26357500,"S"
"VIX","14:24:27",18.1,0.4,1100,26347500,"S"
"VIX","14:24:26",18.1,0.4,25000,26346400,"S"
"VIX","14:24:25",18.1,0.4,1000,26321400,"S"
"VIX","14:24:24",18.1,0.4,10000,26320400,"S"
"VIX","14:24:23",18.1,0.4,32800,26310400,"S"
"VIX","14:24:23",18.1,0.4,1700,26277600,"S"
"VIX","14:24:22",18.1,0.4,2000,26275900,"S"
"VIX","14:24:22",18.1,0.4,10000,26273900,"S"
"VIX","14:24:21",18.1,0.4,5000,26263900,"S"
"VIX","14:24:21",18.05,0.35,1200,26258900,"B"
"VIX","14:24:21",18.1,0.4,6000,26257700,"S"
"VIX","14:24:20",18.1,0.4,500,26251700,"S"
"VIX","14:24:20",18.1,0.4,1800,26251200,"S"
"VIX","14:24:19",18.1,0.4,5000,26249400,"S"
"VIX","14:24:18",18.1,0.4,1000,26244400,"S"
"VIX","14:24:16",18.05,0.35,100,26243400,"B"
"VIX","14:24:16",18.1,0.4,100,26243300,"S"
"VIX","14:24:14",18.1,0.4,16000,26243200,"S"
"VIX","14:24:13",18.1,0.4,500,26227200,"S"
"VIX","14:24:11",18.05,0.35,100,26226700,"B"
"VIX","14:24:10",18.1,0.4,50000,26226600,"S"
"VIX","14:24:09",18.1,0.4,4000,26176600,"S"
"VIX","14:24:08",18.1,0.4,100,26172600,"S"
"VIX","14:24:06",18.05,0.35,400,26172500,"B"
"VIX","14:24:05",18.1,0.4,100,26172100,"S"
"VIX","14:24:04",18.05,0.35,2500,26172000,"B"
"VIX","14:24:01",18.05,0.35,2100,26169500,"B"
"VIX","14:24:01",18.05,0.35,1000,26167400,"B"
"VIX","14:24:00",18.05,0.35,2000,26166400,"B"
"VIX","14:23:58",18.1,0.4,1000,26164400,"S"
"VIX","14:23:57",18.05,0.35,10000,26163400,"B"
"VIX","14:23:56",18.05,0.35,3100,26153400,"B"
"VIX","14:23:56",18.1,0.4,3100,26150300,"S"
"VIX","14:23:55",18.05,0.35,50000,26147200,"B"
"VIX","14:23:54",18.05,0.35,2200,26097200,"B"
"VIX","14:23:54",18.1,0.4,30000,26095000,"S"
"VIX","14:23:53",18.05,0.35,10000,26065000,"B"
"VIX","14:23:52",18.1,0.4,100,26055000,"S"
"VIX","14:23:51",18.1,0.4,35000,26054900,"S"
"VIX","14:23:51",18.05,0.35,700,26019900,"B"
"VIX","14:23:51",18.1,0.4,500,26019200,"S"
"VIX","14:23:50",18.1,0.4,5000,26018700,"S"
"VIX","14:23:46",18.05,0.35,800,26013700,"B"
"VIX","14:23:46",18.1,0.4,2000,26012900,"S"
"VIX","14:23:45",18.05,0.35,23500,26010900,"S"
"VIX","14:23:44",18.05,0.35,600,25987400,"S"
"VIX","14:23:43",18.05,0.35,13400,25986800,"S"
"VIX","14:23:42",18.05,0.35,4000,25973400,"S"
"VIX","14:23:41",18.05,0.35,61500,25969400,"S"
"VIX","14:23:40",18.05,0.35,2500,25907900,"S"
"VIX","14:23:39",18.05,0.35,6000,25905400,"S"
"VIX","14:23:35",18.05,0.35,1000,25899400,"S"
"VIX","14:23:32",18.05,0.35,200,25898400,"S"
"VIX","14:23:32",18,0.3,12000,25898200,"B"
"VIX","14:23:30",18.05,0.35,600,25886200,"S"
"VIX","14:23:30",18,0.3,100,25885600,"B"
"VIX","14:23:30",18.05,0.35,500,25885500,"S"
"VIX","14:23:27",18.05,0.35,31800,25885000,"S"
"VIX","14:23:26",18,0.3,10300,25853200,"B"
"VIX","14:23:24",18,0.3,100,25842900,"B"
"VIX","14:23:23",18.05,0.35,5000,25842800,"S"
"VIX","14:23:22",18.05,0.35,100,25837800,"S"
"VIX","14:23:21",18.05,0.35,2400,25837700,"S"
"VIX","14:23:21",18,0.3,21900,25835300,"S"
"VIX","14:23:20",18,0.3,20000,25813400,"S"
"VIX","14:23:19",18,0.3,3700,25793400,"S"
"VIX","14:23:17",18,0.3,1000,25789700,"S"
"VIX","14:23:17",18,0.3,579800,25788700,"S"
"VIX","14:23:16",18,0.3,421200,25208900,"S"
"VIX","14:23:15",17.95,0.25,700,24787700,"B"
"VIX","14:23:15",18,0.3,65200,24787000,"S"
"VIX","14:23:14",18,0.3,5000,24721800,"S"
"VIX","14:23:13",18,0.3,1000,24716800,"S"
"VIX","14:23:12",18,0.3,10000,24715800,"S"
"VIX","14:23:11",17.95,0.25,500,24705800,"B"
"VIX","14:23:11",18,0.3,100,24705300,"S"
"VIX","14:23:09",18,0.3,2000,24705200,"S"
"VIX","14:23:08",18,0.3,1000,24703200,"S"
"VIX","14:23:08",18,0.3,1900,24702200,"S"
"VIX","14:23:07",18,0.3,13000,24700300,"S"
"VIX","14:23:05",18,0.3,15400,24687300,"S"
"VIX","14:23:01",18,0.3,1000,24671900,"S"
"VIX","14:23:00",18,0.3,3900,24670900,"S"
"VIX","14:22:52",17.95,0.25,100,24667000,"B"
"VIX","14:22:50",17.95,0.25,20000,24666900,"B"
"VIX","14:22:48",17.95,0.25,409400,24646900,"S"
"VIX","14:22:44",17.95,0.25,3200,24237500,"S"
"VIX","14:22:43",17.95,0.25,3500,24234300,"S"
"VIX","14:22:41",17.95,0.25,3500,24230800,"S"
"VIX","14:22:40",17.9,0.2,800,24227300,"B"
"VIX","14:22:33",17.9,0.2,11000,24226500,"B"
"VIX","14:22:30",17.9,0.2,1000,24215500,"B"
"VIX","14:22:29",17.95,0.25,5900,24214500,"S"
"VIX","14:22:29",17.9,0.2,14100,24208600,"S"
"VIX","14:22:29",17.9,0.2,15000,24194500,"S"
"VIX","14:22:28",17.9,0.2,20000,24179500,"S"
"VIX","14:22:27",17.9,0.2,206500,24159500,"S"
"VIX","14:22:27",17.9,0.2,10100,23953000,"S"
"VIX","14:22:26",17.9,0.2,15300,23942900,"S"
"VIX","14:22:25",17.9,0.2,4800,23927600,"S"
"VIX","14:22:24",17.9,0.2,23300,23922800,"S"
"VIX","14:22:23",17.9,0.2,10800,23899500,"S"
"VIX","14:22:23",17.9,0.2,200,23888700,"S"
"VIX","14:22:22",17.9,0.2,1000,23888500,"S"
"VIX","14:22:21",17.9,0.2,10000,23887500,"S"
"VIX","14:22:20",17.9,0.2,6100,23877500,"S"
"VIX","14:22:19",17.9,0.2,2500,23871400,"S"
"VIX","14:22:18",17.9,0.2,5000,23868900,"S"
"VIX","14:22:18",17.9,0.2,1700,23863900,"S"
"VIX","14:22:17",17.9,0.2,80000,23862200,"S"
"VIX","14:22:16",17.9,0.2,20000,23782200,"S"
"VIX","14:22:16",17.9,0.2,10000,23762200,"S"
"VIX","14:22:15",17.9,0.2,100,23752200,"S"
"VIX","14:22:15",17.9,0.2,700,23752100,"S"
"VIX","14:22:14",17.9,0.2,10000,23751400,"S"
"VIX","14:22:13",17.9,0.2,3000,23741400,"S"
"VIX","14:22:10",17.9,0.2,300000,23738400,"S"
"VIX","14:22:09",17.9,0.2,3000,23438400,"S"
"VIX","14:22:06",17.9,0.2,500,23435400,"S"
"VIX","14:22:05",17.9,0.2,11000,23434900,"S"
"VIX","14:22:04",17.9,0.2,600,23423900,"S"
"VIX","14:22:03",17.9,0.2,1000,23423300,"S"
"VIX","14:22:03",17.9,0.2,5000,23422300,"S"
"VIX","14:22:01",17.9,0.2,1000,23417300,"S"
"VIX","14:22:01",17.9,0.2,3300,23416300,"S"
"VIX","14:21:57",17.9,0.2,12000,23413000,"S"
"VIX","14:21:54",17.9,0.2,800,23401000,"S"
"VIX","14:21:52",17.9,0.2,200,23400200,"S"
"VIX","14:21:52",17.9,0.2,500,23400000,"S"
"VIX","14:21:48",17.9,0.2,28500,23399500,"S"
"VIX","14:21:47",17.9,0.2,500,23371000,"S"
"VIX","14:21:46",17.9,0.2,200,23370500,"S"
"VIX","14:21:42",17.9,0.2,5000,23370300,"S"
"VIX","14:21:41",17.9,0.2,2600,23365300,"S"
"VIX","14:21:40",17.9,0.2,12000,23362700,"S"
"VIX","14:21:39",17.9,0.2,400,23350700,"S"
"VIX","14:21:37",17.9,0.2,300,23350300,"S"
"VIX","14:21:35",17.9,0.2,5000,23350000,"S"
"VIX","14:21:33",17.9,0.2,200,23345000,"S"
"VIX","14:21:30",17.9,0.2,1900,23344800,"S"
"VIX","14:21:29",17.9,0.2,10000,23342900,"S"
"VIX","14:21:28",17.85,0.15,1000,23332900,"B"
"VIX","14:21:27",17.9,0.2,11400,23331900,"S"
"VIX","14:21:25",17.85,0.15,3000,23320500,"B"
"VIX","14:21:22",17.9,0.2,3000,23317500,"S"
"VIX","14:21:19",17.9,0.2,5000,23314500,"S"
"VIX","14:21:12",17.9,0.2,5000,23309500,"S"
"VIX","14:21:11",17.85,0.15,92200,23304500,"S"
"VIX","14:21:10",17.85,0.15,400600,23212300,"S"
"VIX","14:21:09",17.85,0.15,2000,22811100,"S"
"VIX","14:21:09",17.8,0.1,5000,22809100,"B"
"VIX","14:21:09",17.85,0.15,3100,22804100,"S"
"VIX","14:21:06",17.85,0.15,5000,22801000,"S"
"VIX","14:21:06",17.85,0.15,1100,22796000,"S"
"VIX","14:20:55",17.8,0.1,9000,22794900,"B"
"VIX","14:20:54",17.85,0.15,500,22785900,"S"
"VIX","14:20:53",17.85,0.15,2500,22785400,"S"
"VIX","14:20:50",17.85,0.15,400,22782900,"S"
"VIX","14:20:50",17.85,0.15,100,22782500,"S"
"VIX","14:20:48",17.8,0.1,2000,22782400,"B"
"VIX","14:20:47",17.85,0.15,2000,22780400,"S"
"VIX","14:20:46",17.85,0.15,1300,22778400,"S"
"VIX","14:20:45",17.85,0.15,3000,22777100,"S"
"VIX","14:20:45",17.8,0.1,700,22774100,"B"
"VIX","14:20:41",17.85,0.15,300,22773400,"S"
"VIX","14:20:40",17.85,0.15,1000,22773100,"S"
"VIX","14:20:39",17.85,0.15,700,22772100,"S"
"VIX","14:20:33",17.85,0.15,200,22771400,"S"
"VIX","14:20:28",17.85,0.15,100,22771200,"S"
"VIX","14:20:25",17.8,0.1,1000,22771100,"B"
"VIX","14:20:21",17.8,0.1,5000,22768500,"B"
"VIX","14:20:18",17.85,0.15,700,22763500,"S"
"VIX","14:20:16",17.8,0.1,100,22762800,"B"
"VIX","14:20:16",17.85,0.15,500,22762700,"S"
"VIX","14:20:14",17.8,0.1,1000,22762200,"B"
"VIX","14:20:09",17.8,0.1,1500,22761200,"B"
"VIX","14:20:06",17.8,0.1,3000,22759700,"B"
"VIX","14:20:03",17.8,0.1,500,22756700,"B"
"VIX","14:19:56",17.85,0.15,5000,22756200,"S"
"VIX","14:19:53",17.8,0.1,600,22751200,"B"
"VIX","14:19:47",17.8,0.1,200,22750600,"B"
"VIX","14:19:45",17.8,0.1,100,22750400,"B"
"VIX","14:19:43",17.8,0.1,1000,22750300,"B"
"VIX","14:19:42",17.8,0.1,1000,22749300,"B"
"VIX","14:19:37",17.8,0.1,900,22748300,"B"
"VIX","14:19:31",17.8,0.1,2000,22747400,"B"
"VIX","14:19:28",17.8,0.1,1000,22745400,"B"
"VIX","14:19:26",17.8,0.1,20000,22744400,"B"
"VIX","14:19:24",17.8,0.1,1000,22724400,"B"
"VIX","14:19:23",17.8,0.1,1000,22723400,"B"
"VIX","14:19:20",17.8,0.1,20000,22722400,"B"
"VIX","14:19:18",17.8,0.1,1000,22702400,"B"
"VIX","14:19:16",17.8,0.1,13000,22701400,"B"
"VIX","14:19:16",17.8,0.1,300,22688400,"B"
"VIX","14:19:13",17.8,0.1,5000,22688100,"B"
"VIX","14:19:11",17.8,0.1,1000,22683100,"B"
"VIX","14:19:08",17.8,0.1,3500,22682100,"B"
"VIX","14:19:05",17.8,0.1,200,22678600,"B"
"VIX","14:19:05",17.85,0.15,1000,22678400,"S"
"VIX","14:19:01",17.8,0.1,5000,22677400,"B"
"VIX","14:18:55",17.8,0.1,1500,22672400,"B"
"VIX","14:18:48",17.8,0.1,1000,22670900,"B"
"VIX","14:18:45",17.8,0.1,5000,22669900,"B"
"VIX","14:18:44",17.8,0.1,2000,22664900,"B"
"VIX","14:18:41",17.85,0.15,100,22662900,"S"
"VIX","14:18:36",17.8,0.1,500,22662800,"B"
"VIX","14:18:34",17.8,0.1,37200,22662300,"S"
"VIX","14:18:29",17.8,0.1,100,22625100,"S"
"VIX","14:18:28",17.75,0.05,100,22625000,"B"
"VIX","14:18:27",17.8,0.1,10000,22624900,"S"
"VIX","14:18:25",17.8,0.1,500,22614900,"S"
"VIX","14:18:24",17.8,0.1,24700,22614400,"B"
"VIX","14:18:23",17.8,0.1,500,22589700,"B"
"VIX","14:18:17",17.8,0.1,10300,22589200,"B"
"VIX","14:18:16",17.8,0.1,200,22578900,"B"
"VIX","14:18:16",17.8,0.1,800,22578700,"B"
"VIX","14:18:15",17.8,0.1,10000,22577900,"B"
"VIX","14:18:14",17.8,0.1,2500,22567900,"B"
"VIX","14:18:12",17.8,0.1,15000,22565400,"B"
"VIX","14:18:07",17.8,0.1,2400,22550400,"B"
"VIX","14:18:06",17.8,0.1,200,22548000,"B"
"VIX","14:18:05",17.8,0.1,1000,22547800,"B"
"VIX","14:17:58",17.8,0.1,900,22546800,"B"
"VIX","14:17:52",17.8,0.1,300,22545900,"B"
"VIX","14:17:48",17.8,0.1,1000,22545600,"B"
"VIX","14:17:43",17.8,0.1,1000,22544600,"B"
"VIX","14:17:40",17.8,0.1,1000,22543600,"B"
"VIX","14:17:32",17.8,0.1,100,22542600,"B"
"VIX","14:17:31",17.8,0.1,100,22542500,"B"
"VIX","14:17:28",17.8,0.1,1000,22542400,"B"
"VIX","14:17:26",17.8,0.1,7100,22541400,"B"
"VIX","14:17:23",17.8,0.1,30000,22534300,"B"
"VIX","14:17:22",17.8,0.1,2000,22504300,"B"
"VIX","14:17:21",17.8,0.1,5000,22502300,"B"
"VIX","14:17:20",17.8,0.1,200,22497300,"B"
"VIX","14:17:14",17.8,0.1,10000,22497100,"B"
"VIX","14:17:14",17.85,0.15,100,22487100,"S"
"VIX","14:17:11",17.8,0.1,1000,22487000,"B"
"VIX","14:17:07",17.8,0.1,5000,22486000,"B"
"VIX","14:17:02",17.8,0.1,2600,22481000,"B"
"VIX","14:17:00",17.8,0.1,5000,22478400,"B"
"VIX","14:16:57",17.85,0.15,500,22473400,"S"
"VIX","14:16:53",17.8,0.1,10000,22472900,"B"
"VIX","14:16:52",17.85,0.15,12000,22462900,"S"
"VIX","14:16:41",17.85,0.15,2500,22450900,"S"
"VIX","14:16:39",17.85,0.15,500,22448400,"S"
"VIX","14:16:36",17.8,0.1,300,22447900,"B"
"VIX","14:16:33",17.8,0.1,400,22447600,"B"
"VIX","14:16:33",17.8,0.1,2600,22447200,"B"
"VIX","14:16:30",17.85,0.15,2000,22444600,"S"
"VIX","14:16:25",17.8,0.1,1000,22442600,"B"
"VIX","14:16:22",17.85,0.15,500,22441600,"S"
"VIX","14:16:21",17.8,0.1,5000,22441100,"B"
"VIX","14:16:17",17.8,0.1,100,22436100,"B"
"VIX","14:16:00",17.8,0.1,1000,22436000,"B"
"VIX","14:15:59",17.8,0.1,1000,22435000,"B"
"VIX","14:15:41",17.8,0.1,900,22434000,"B"
"VIX","14:15:30",17.8,0.1,5500,22433100,"S"
"VIX","14:15:26",17.8,0.1,30000,22427600,"S"
"VIX","14:15:20",17.8,0.1,1000,22397600,"S"
"VIX","14:15:15",17.8,0.1,900,22396600,"S"
"VIX","14:15:08",17.8,0.1,2600,22395700,"S"
"VIX","14:15:07",17.8,0.1,20000,22393100,"S"
"VIX","14:15:06",17.8,0.1,500,22373100,"S"
"VIX","14:15:04",17.8,0.1,500,22372600,"S"
"VIX","14:15:02",17.8,0.1,100,22372100,"S"
"VIX","14:15:01",17.8,0.1,3000,22372000,"S"
"VIX","14:14:52",17.8,0.1,800,22369000,"S"
"VIX","14:14:51",17.8,0.1,3500,22368200,"S"
"VIX","14:14:50",17.8,0.1,1000,22364700,"S"
"VIX","14:14:48",17.8,0.1,100,22363700,"S"
"VIX","14:14:45",17.8,0.1,100,22363600,"S"
"VIX","14:14:36",17.8,0.1,1000,22363500,"S"
"VIX","14:14:33",17.8,0.1,3000,22362500,"S"
"VIX","14:14:31",17.75,0.05,700,22359500,"B"
"VIX","14:14:25",17.8,0.1,100,22358800,"S"
"VIX","14:14:19",17.8,0.1,3600,22358700,"S"
"VIX","14:14:16",17.8,0.1,700,22355100,"B"
"VIX","14:14:14",17.8,0.1,500,22354400,"B"
"VIX","14:14:13",17.8,0.1,2000,22353900,"B"
"VIX","14:14:12",17.8,0.1,2500,22351900,"B"
"VIX","14:14:12",17.8,0.1,3000,22349400,"B"
"VIX","14:14:10",17.8,0.1,2300,22346400,"B"
"VIX","14:14:09",17.8,0.1,17700,22344100,"B"
"VIX","14:14:08",17.8,0.1,10000,22326400,"B"
"VIX","14:14:07",17.8,0.1,1000,22316400,"B"
"VIX","14:14:07",17.8,0.1,400,22315400,"B"
"VIX","14:14:05",17.8,0.1,700,22285000,"B"
"VIX","14:14:02",17.8,0.1,300,22284300,"B"
"VIX","14:14:00",17.8,0.1,400,22284000,"B"
"VIX","14:14:00",17.8,0.1,500,22283600,"B"
"VIX","14:13:58",17.8,0.1,4000,22283100,"B"
"VIX","14:13:57",17.8,0.1,2000,22279100,"B"
"VIX","14:13:56",17.8,0.1,300,22277100,"B"
"VIX","14:13:55",17.8,0.1,100,22276800,"B"
"VIX","14:13:54",17.8,0.1,2000,22276700,"B"
"VIX","14:13:53",17.8,0.1,1000,22274700,"B"
"VIX","14:13:52",17.8,0.1,1000,22273700,"B"
"VIX","14:13:51",17.8,0.1,15000,22272700,"B"
"VIX","14:13:48",17.8,0.1,1500,22257700,"B"
"VIX","14:13:46",17.8,0.1,30000,22256200,"B"
"VIX","14:13:45",17.8,0.1,20400,22226200,"B"
"VIX","14:13:41",17.8,0.1,200000,22205800,"B"
"VIX","14:13:38",17.8,0.1,100,22005800,"B"
"VIX","14:13:35",17.8,0.1,300,22005700,"B"
"VIX","14:13:34",17.8,0.1,2700,22005400,"B"
"VIX","14:13:31",17.85,0.15,2200,22002700,"S"
"VIX","14:13:12",17.8,0.1,5500,22000500,"B"
"VIX","14:13:02",17.85,0.15,900,21995000,"S"
"VIX","14:13:01",17.85,0.15,1100,21994100,"S"
"VIX","14:13:01",17.8,0.1,100,21993000,"B"
"VIX","14:13:01",17.85,0.15,500,21992900,"S"
"VIX","14:12:56",17.85,0.15,10000,21992400,"S"
"VIX","14:12:55",17.8,0.1,100,21982400,"B"
"VIX","14:12:40",17.85,0.15,100,21982300,"S"
"VIX","14:12:38",17.85,0.15,4000,21982200,"S"
"VIX","14:12:27",17.85,0.15,2200,21978200,"S"
"VIX","14:12:24",17.8,0.1,100,21976000,"B"
"VIX","14:12:20",17.85,0.15,28000,21975900,"S"
"VIX","14:12:18",17.85,0.15,500,21947900,"S"
"VIX","14:12:04",17.85,0.15,100,21947400,"S"
"VIX","14:11:51",17.85,0.15,66800,21947300,"S"
"VIX","14:11:47",17.8,0.1,2000,21880500,"B"
"VIX","14:11:44",17.85,0.15,1200,21878500,"S"
"VIX","14:11:42",17.85,0.15,66800,21877300,"S"
"VIX","14:11:40",17.8,0.1,3000,21810500,"B"
"VIX","14:11:30",17.8,0.1,5000,21807500,"B"
"VIX","14:11:26",17.8,0.1,6400,21802500,"B"
"VIX","14:11:04",17.8,0.1,500,21796100,"B"
"VIX","14:11:03",17.8,0.1,5000,21795600,"B"
"VIX","14:11:02",17.8,0.1,100,21790600,"B"
"VIX","14:10:57",17.8,0.1,1900,21790500,"B"
"VIX","14:10:53",17.8,0.1,500,21788600,"B"
"VIX","14:10:49",17.85,0.15,100,21788100,"S"
"VIX","14:10:47",17.8,0.1,200,21788000,"B"
"VIX","14:10:47",17.85,0.15,300,21787800,"S"
"VIX","14:10:28",17.85,0.15,200,21787500,"S"
"VIX","14:10:25",17.8,0.1,1000,21787300,"B"
"VIX","14:10:09",17.8,0.1,3800,21786300,"B"
"VIX","14:10:06",17.8,0.1,100,21782500,"B"
"VIX","14:09:49",17.8,0.1,3000,21782400,"B"
"VIX","14:09:46",17.85,0.15,500,21779400,"S"
"VIX","14:09:44",17.85,0.15,1000,21778900,"S"
"VIX","14:09:42",17.85,0.15,100,21777900,"S"
"VIX","14:09:41",17.85,0.15,5000,21777800,"S"
"VIX","14:09:39",17.85,0.15,500,21772800,"S"
"VIX","14:09:38",17.85,0.15,400,21772300,"S"
"VIX","14:09:36",17.85,0.15,3500,21771900,"S"
"VIX","14:09:35",17.85,0.15,1000,21768400,"S"
"VIX","14:09:33",17.85,0.15,1900,21767400,"S"
"VIX","14:09:26",17.85,0.15,600,21765500,"S"
"VIX","14:09:25",17.85,0.15,100,21764900,"S"
"VIX","14:09:21",17.85,0.15,2100,21764800,"S"
"VIX","14:09:17",17.85,0.15,1000,21762700,"S"
"VIX","14:09:12",17.85,0.15,10200,21761700,"S"
"VIX","14:09:11",17.85,0.15,10000,21751500,"S"
"VIX","14:09:00",17.85,0.15,3000,21741500,"S"
"VIX","14:08:57",17.85,0.15,1000,21738500,"S"
"VIX","14:08:52",17.85,0.15,100,21737500,"S"
"VIX","14:08:51",17.85,0.15,1400,21737400,"S"
"VIX","14:08:50",17.85,0.15,1000,21736000,"S"
"VIX","14:08:47",17.85,0.15,7500,21735000,"S"
"VIX","14:08:42",17.85,0.15,1000,21727500,"S"
"VIX","14:08:40",17.85,0.15,500,21726500,"S"
"VIX","14:08:31",17.85,0.15,1000,21726000,"S"
"VIX","14:08:28",17.85,0.15,100,21725000,"S"
"VIX","14:08:28",17.85,0.15,500,21724900,"S"
"VIX","14:08:24",17.85,0.15,4000,21724400,"S"
"VIX","14:08:18",17.85,0.15,2000,21720400,"S"
"VIX","14:08:18",17.85,0.15,100,21718400,"S"
"VIX","14:08:15",17.85,0.15,10000,21718300,"S"
"VIX","14:08:04",17.8,0.1,3500,21708300,"B"
"VIX","14:08:02",17.85,0.15,5000,21704800,"S"
"VIX","14:08:00",17.85,0.15,100,21699800,"S"
"VIX","14:07:53",17.85,0.15,900,21699700,"S"
"VIX","14:07:51",17.85,0.15,3200,21698800,"S"
"VIX","14:07:48",17.85,0.15,48000,21695600,"S"
"VIX","14:07:47",17.8,0.1,1000,21647600,"B"
"VIX","14:07:45",17.8,0.1,800,21646600,"B"
"VIX","14:07:41",17.85,0.15,3000,21645800,"S"
"VIX","14:07:39",17.8,0.1,100,21642800,"B"
"VIX","14:07:38",17.85,0.15,4900,21642700,"S"
"VIX","14:07:29",17.85,0.15,15000,21637800,"S"
"VIX","14:07:19",17.85,0.15,3000,21622800,"S"
"VIX","14:07:16",17.85,0.15,1600,21619800,"S"
"VIX","14:07:11",17.85,0.15,500,21618200,"S"
"VIX","14:07:08",17.85,0.15,7600,21617700,"S"
"VIX","14:07:07",17.85,0.15,1000,21610100,"S"
"VIX","14:07:06",17.85,0.15,2000,21609100,"S"
"VIX","14:06:55",17.85,0.15,5000,21607100,"S"
"VIX","14:06:49",17.85,0.15,10000,21602100,"S"
"VIX","14:06:38",17.85,0.15,500,21592100,"S"
"VIX","14:06:38",17.85,0.15,2000,21591600,"S"
"VIX","14:06:36",17.85,0.15,71500,21589600,"S"
"VIX","14:06:36",17.85,0.15,28500,21518100,"S"
"VIX","14:06:30",17.8,0.1,11100,21489600,"B"
"VIX","14:06:20",17.85,0.15,2000,21478500,"S"
"VIX","14:06:19",17.85,0.15,1500,21476500,"S"
"VIX","14:06:05",17.85,0.15,1000,21475000,"S"
"VIX","14:05:53",17.85,0.15,300,21474000,"S"
"VIX","14:05:48",17.85,0.15,400,21473700,"S"
"VIX","14:05:46",17.85,0.15,5000,21473300,"S"
"VIX","14:05:44",17.85,0.15,500,21468300,"S"
"VIX","14:05:44",17.8,0.1,1000,21467800,"B"
"VIX","14:05:36",17.85,0.15,10800,21466800,"B"
"VIX","14:05:33",17.85,0.15,1000,21456000,"B"
"VIX","14:05:28",17.85,0.15,7600,21455000,"S"
"VIX","14:05:23",17.85,0.15,200,21447400,"S"
"VIX","14:05:16",17.85,0.15,3000,21447200,"S"
"VIX","14:05:16",17.85,0.15,300,21444200,"S"
"VIX","14:05:09",17.85,0.15,6400,21443900,"S"
"VIX","14:05:08",17.85,0.15,33500,21437500,"S"
"VIX","14:05:02",17.85,0.15,100,21404000,"S"
"VIX","14:05:01",17.85,0.15,100,21403900,"S"
"VIX","14:04:58",17.85,0.15,44300,21403800,"B"
"VIX","14:04:57",17.85,0.15,1000,21359500,"B"
"VIX","14:04:56",17.85,0.15,10000,21358500,"B"
"VIX","14:04:54",17.9,0.2,100,21348500,"S"
"VIX","14:04:54",17.85,0.15,400,21348400,"B"
"VIX","14:04:52",17.85,0.15,500,21348000,"B"
"VIX","14:04:50",17.85,0.15,9400,21347500,"B"
"VIX","14:04:49",17.85,0.15,2000,21338100,"B"
"VIX","14:04:42",17.85,0.15,800,21336100,"B"
"VIX","14:04:41",17.85,0.15,7000,21335300,"B"
"VIX","14:04:39",17.85,0.15,15000,21328300,"B"
"VIX","14:04:38",17.85,0.15,2500,21313300,"B"
"VIX","14:04:36",17.85,0.15,600,21310800,"B"
"VIX","14:04:35",17.85,0.15,1000,21310200,"B"
"VIX","14:04:32",17.85,0.15,500,21309200,"B"
"VIX","14:04:31",17.85,0.15,3000,21308700,"B"
"VIX","14:04:26",17.85,0.15,8000,21305700,"B"
"VIX","14:04:25",17.85,0.15,400,21297700,"B"
"VIX","14:04:21",17.85,0.15,3000,21297300,"B"
"VIX","14:04:18",17.85,0.15,1000,21294300,"B"
"VIX","14:04:10",17.85,0.15,300,21292900,"B"
"VIX","14:04:07",17.85,0.15,1000,21292600,"B"
"VIX","14:04:00",17.9,0.2,100,21291600,"S"
"VIX","14:04:00",17.85,0.15,15000,21291500,"B"
"VIX","14:03:59",17.85,0.15,1400,21276500,"B"
"VIX","14:03:55",17.85,0.15,1000,21275100,"B"
"VIX","14:03:53",17.85,0.15,100,21274100,"B"
"VIX","14:03:52",17.85,0.15,5000,21274000,"B"
"VIX","14:03:49",17.85,0.15,500,21269000,"B"
"VIX","14:03:47",17.85,0.15,21000,21268500,"B"
"VIX","14:03:41",17.85,0.15,1000,21247500,"B"
"VIX","14:03:39",17.85,0.15,1000,21246500,"B"
"VIX","14:03:38",17.85,0.15,100,21245500,"B"
"VIX","14:03:32",17.85,0.15,500,21245400,"B"
"VIX","14:03:31",17.85,0.15,8600,21244900,"B"
"VIX","14:03:30",17.85,0.15,300,21236300,"B"
"VIX","14:03:24",17.85,0.15,4000,21236000,"B"
"VIX","14:03:19",17.85,0.15,900,21232000,"S"
"VIX","14:03:18",17.85,0.15,2100,21231100,"B"
"VIX","14:03:18",17.85,0.15,300,21229000,"B"
"VIX","14:03:17",17.85,0.15,5000,21228700,"B"
"VIX","14:03:15",17.85,0.15,500,21223700,"B"
"VIX","14:03:14",17.85,0.15,4500,21223200,"B"
"VIX","14:03:12",17.85,0.15,1000,21218700,"B"
"VIX","14:03:08",17.85,0.15,2000,21217700,"B"
"VIX","14:03:03",17.85,0.15,900,21215600,"B"
"VIX","14:03:03",17.85,0.15,800,21214700,"B"
"VIX","14:03:00",17.85,0.15,28300,21213900,"S"
"VIX","14:03:00",17.8,0.1,500,21185600,"B"
"VIX","14:02:56",17.8,0.1,100,21185100,"B"
"VIX","14:02:52",17.8,0.1,10000,21185000,"B"
"VIX","14:02:51",17.85,0.15,300,21175000,"S"
"VIX","14:02:45",17.85,0.15,100,21174700,"S"
"VIX","14:02:40",17.8,0.1,1300,21174600,"B"
"VIX","14:02:40",17.85,0.15,5000,21173300,"S"
"VIX","14:02:33",17.85,0.15,3000,21168300,"S"
"VIX","14:02:20",17.85,0.15,2800,21165300,"B"
"VIX","14:02:19",17.85,0.15,7000,21162500,"B"
"VIX","14:02:16",17.85,0.15,800,21155500,"B"
"VIX","14:02:14",17.85,0.15,3000,21154700,"B"
"VIX","14:02:14",17.85,0.15,10000,21151700,"B"
"VIX","14:02:11",17.85,0.15,2000,21141700,"B"
"VIX","14:02:10",17.85,0.15,1000,21139700,"B"
"VIX","14:02:08",17.85,0.15,1000,21138700,"B"
"VIX","14:02:06",17.85,0.15,1200,21137700,"B"
"VIX","14:02:02",17.85,0.15,20000,21136300,"B"
"VIX","14:01:55",17.85,0.15,5300,21116300,"S"
"VIX","14:01:55",17.85,0.15,500,21111000,"S"
"VIX","14:01:54",17.85,0.15,20000,21110500,"S"
"VIX","14:01:52",17.85,0.15,1700,21090500,"S"
"VIX","14:01:49",17.85,0.15,2000,21088800,"S"
"VIX","14:01:44",17.85,0.15,1000,21086800,"S"
"VIX","14:01:42",17.85,0.15,200,21085800,"S"
"VIX","14:01:41",17.85,0.15,5000,21085600,"S"
"VIX","14:01:40",17.85,0.15,1000,21080600,"S"
"VIX","14:01:39",17.85,0.15,10000,21079600,"S"
"VIX","14:01:36",17.85,0.15,201000,21069600,"S"
"VIX","14:01:36",17.8,0.1,100,20868600,"B"
"VIX","14:01:31",17.8,0.1,3000,20868500,"B"
"VIX","14:01:29",17.8,0.1,1300,20865500,"B"
"VIX","14:01:26",17.85,0.15,1000,20864200,"S"
"VIX","14:01:20",17.8,0.1,100,20863200,"B"
"VIX","14:01:12",17.8,0.1,200,20863100,"B"
"VIX","14:01:11",17.8,0.1,500,20862900,"B"
"VIX","14:01:07",17.85,0.15,1000,20862400,"S"
"VIX","14:01:00",17.8,0.1,500,20861400,"B"
"VIX","14:00:59",17.85,0.15,2000,20860900,"S"
"VIX","14:00:53",17.85,0.15,10000,20858900,"S"
"VIX","14:00:48",17.8,0.1,400,20848900,"B"
"VIX","14:00:39",17.8,0.1,500,20848500,"B"
"VIX","14:00:31",17.85,0.15,200,20848000,"S"
"VIX","14:00:29",17.8,0.1,100,20847800,"B"
"VIX","14:00:21",17.8,0.1,2000,20847700,"B"
"VIX","14:00:14",17.85,0.15,500,20845700,"S"
"VIX","14:00:11",17.8,0.1,800,20845200,"B"
"VIX","14:00:07",17.8,0.1,500,20844400,"B"
"VIX","14:00:07",17.85,0.15,200,20843900,"S"
"VIX","14:00:05",17.85,0.15,1200,20843700,"S"
"VIX","14:00:05",17.8,0.1,3000,20842500,"B"
"VIX","13:59:54",17.8,0.1,10000,20839500,"B"
"VIX","13:59:54",17.85,0.15,1300,20829500,"S"
"VIX","13:59:52",17.85,0.15,7000,20828200,"S"
"VIX","13:59:51",17.8,0.1,100,20821200,"B"
"VIX","13:59:45",17.85,0.15,500,20821100,"S"
"VIX","13:59:44",17.85,0.15,200,20820600,"S"
"VIX","13:59:43",17.85,0.15,100,20820400,"S"
"VIX","13:59:41",17.85,0.15,2000,20820300,"S"
"VIX","13:59:38",17.85,0.15,1000,20818300,"S"
"VIX","13:59:24",17.85,0.15,6000,20817300,"S"
"VIX","13:59:23",17.85,0.15,200,20811300,"S"
"VIX","13:59:22",17.85,0.15,500,20811100,"S"
"VIX","13:59:18",17.85,0.15,1000,20810600,"S"
"VIX","13:59:16",17.8,0.1,1000,20809600,"B"
"VIX","13:59:14",17.85,0.15,3200,20808600,"S"
"VIX","13:59:13",17.8,0.1,300,20805400,"B"
"VIX","13:59:06",17.85,0.15,5200,20805100,"S"
"VIX","13:59:05",17.8,0.1,20000,20799900,"B"
"VIX","13:59:04",17.85,0.15,10000,20779900,"S"
"VIX","13:59:04",17.8,0.1,100,20769900,"B"
"VIX","13:59:02",17.8,0.1,1000,20769800,"B"
"VIX","13:59:00",17.85,0.15,100,20768800,"S"
"VIX","13:58:59",17.85,0.15,8900,20768700,"S"
"VIX","13:58:56",17.8,0.1,200,20759800,"B"
"VIX","13:58:55",17.85,0.15,500,20759600,"S"
"VIX","13:58:51",17.85,0.15,200,20759100,"S"
"VIX","13:58:45",17.85,0.15,5200,20758900,"S"
"VIX","13:58:42",17.85,0.15,1000,20753700,"S"
"VIX","13:58:39",17.85,0.15,6600,20752700,"S"
"VIX","13:58:38",17.85,0.15,86300,20746100,"B"
"VIX","13:58:37",17.85,0.15,5300,20659800,"B"
"VIX","13:58:37",17.85,0.15,100000,20654500,"B"
"VIX","13:58:28",17.85,0.15,25000,20554500,"B"
"VIX","13:58:27",17.85,0.15,100,20529500,"B"
"VIX","13:58:26",17.85,0.15,500,20529400,"B"
"VIX","13:58:25",17.85,0.15,1000,20528900,"B"
"VIX","13:58:22",17.85,0.15,3000,20527900,"B"
"VIX","13:58:22",17.9,0.2,2000,20524900,"S"
"VIX","13:58:20",17.85,0.15,6200,20522900,"B"
"VIX","13:58:13",17.85,0.15,3200,20516700,"B"
"VIX","13:58:11",17.9,0.2,2000,20513500,"S"
"VIX","13:58:06",17.9,0.2,2000,20511500,"S"
"VIX","13:58:02",17.9,0.2,300,20509500,"S"
"VIX","13:57:57",17.9,0.2,2000,20509200,"S"
"VIX","13:57:53",17.9,0.2,5000,20507200,"S"
"VIX","13:57:44",17.9,0.2,500,20502200,"S"
"VIX","13:57:43",17.85,0.15,500,20501700,"B"
"VIX","13:57:31",17.9,0.2,5000,20501200,"S"
"VIX","13:57:27",17.9,0.2,4900,20496200,"S"
"VIX","13:57:25",17.9,0.2,20000,20491300,"S"
"VIX","13:57:23",17.9,0.2,4000,20471300,"S"
"VIX","13:57:19",17.85,0.15,5000,20467300,"B"
"VIX","13:57:18",17.9,0.2,800,20462300,"S"
"VIX","13:57:12",17.9,0.2,500,20461500,"S"
"VIX","13:57:08",17.85,0.15,5000,20461000,"B"
"VIX","13:57:02",17.85,0.15,2000,20456000,"B"
"VIX","13:57:01",17.9,0.2,2000,20454000,"S"
"VIX","13:56:57",17.9,0.2,200,20452000,"S"
"VIX","13:56:55",17.85,0.15,107800,20451800,"B"
"VIX","13:56:55",17.9,0.2,1100,20344000,"S"
"VIX","13:56:50",17.9,0.2,500,20342900,"S"
"VIX","13:56:50",17.9,0.2,1700,20342400,"S"
"VIX","13:56:45",17.9,0.2,8200,20340700,"S"
"VIX","13:56:44",17.9,0.2,1000,20332500,"S"
"VIX","13:56:43",17.9,0.2,11700,20331500,"S"
"VIX","13:56:42",17.9,0.2,300,20319800,"S"
"VIX","13:56:39",17.85,0.15,10000,20319500,"B"
"VIX","13:56:38",17.9,0.2,100,20309500,"S"
"VIX","13:56:33",17.9,0.2,15000,20309400,"S"
"VIX","13:56:24",17.85,0.15,1000,20294400,"B"
"VIX","13:56:18",17.85,0.15,13700,20293400,"S"
"VIX","13:56:18",17.85,0.15,7000,20279700,"S"
"VIX","13:56:17",17.85,0.15,3200,20272700,"S"
"VIX","13:56:14",17.85,0.15,61000,20269500,"S"
"VIX","13:56:13",17.85,0.15,65300,20208500,"S"
"VIX","13:56:12",17.85,0.15,2000,20143200,"S"
"VIX","13:56:08",17.85,0.15,7300,20141200,"S"
"VIX","13:56:08",17.85,0.15,120000,20133900,"S"
"VIX","13:56:05",17.85,0.15,500,20013900,"S"
"VIX","13:56:03",17.85,0.15,500,20013400,"S"
"VIX","13:56:02",17.85,0.15,10500,20012900,"S"
"VIX","13:56:00",17.85,0.15,1000,20002400,"S"
"VIX","13:55:57",17.85,0.15,30000,20001400,"S"
"VIX","13:55:52",17.85,0.15,9800,19971400,"S"
"VIX","13:55:51",17.85,0.15,5000,19961600,"S"
"VIX","13:55:49",17.85,0.15,2000,19956600,"S"
"VIX","13:55:48",17.85,0.15,9000,19954600,"S"
"VIX","13:55:44",17.85,0.15,200,19945600,"S"
"VIX","13:55:39",17.85,0.15,1000,19945400,"S"
"VIX","13:55:37",17.85,0.15,400,19944400,"S"
"VIX","13:55:34",17.85,0.15,1300,19944000,"S"
"VIX","13:55:27",17.8,0.1,1000,19942700,"B"
"VIX","13:55:23",17.8,0.1,1000,19941700,"B"
"VIX","13:55:16",17.8,0.1,50800,19940700,"S"
"VIX","13:55:15",17.8,0.1,6100,19889900,"S"
"VIX","13:55:14",17.8,0.1,4500,19883800,"S"
"VIX","13:55:13",17.8,0.1,1000,19879300,"S"
"VIX","13:55:13",17.8,0.1,500,19878300,"S"
"VIX","13:55:12",17.8,0.1,22800,19867800,"S"
"VIX","13:55:10",17.8,0.1,25000,19845000,"S"
"VIX","13:55:10",17.8,0.1,10500,19820000,"S"
"VIX","13:55:08",17.8,0.1,3900,19809500,"S"
"VIX","13:55:07",17.8,0.1,2000,19805600,"S"
"VIX","13:55:06",17.8,0.1,600,19803600,"S"
"VIX","13:55:05",17.8,0.1,1300,19803000,"S"
"VIX","13:55:04",17.8,0.1,1000,19801700,"S"
"VIX","13:55:03",17.8,0.1,1300,19800700,"S"
"VIX","13:55:02",17.8,0.1,20000,19799400,"S"
"VIX","13:55:02",17.8,0.1,2000,19779400,"S"
"VIX","13:54:59",17.8,0.1,2000,19777400,"S"
"VIX","13:54:58",17.8,0.1,400,19775400,"S"
"VIX","13:54:57",17.8,0.1,20000,19775000,"S"
"VIX","13:54:57",17.8,0.1,100,19755000,"S"
"VIX","13:54:56",17.8,0.1,12500,19754900,"S"
"VIX","13:54:55",17.8,0.1,500,19742400,"S"
"VIX","13:54:55",17.8,0.1,1000,19741900,"S"
"VIX","13:54:54",17.8,0.1,14000,19740900,"S"
"VIX","13:54:54",17.8,0.1,2000,19726900,"S"
"VIX","13:54:53",17.8,0.1,100,19724900,"S"
"VIX","13:54:52",17.8,0.1,5600,19724800,"S"
"VIX","13:54:51",17.8,0.1,11200,19719200,"S"
"VIX","13:54:50",17.8,0.1,2000,19708000,"S"
"VIX","13:54:49",17.8,0.1,2500,19706000,"S"
"VIX","13:54:48",17.8,0.1,100000,19703500,"S"
"VIX","13:54:48",17.8,0.1,2900,19603500,"S"
"VIX","13:54:45",17.8,0.1,3400,19600600,"S"
"VIX","13:54:45",17.8,0.1,1300,19597200,"S"
"VIX","13:54:43",17.8,0.1,23000,19595900,"S"
"VIX","13:54:42",17.8,0.1,900,19572900,"S"
"VIX","13:54:42",17.8,0.1,3300,19572000,"S"
"VIX","13:54:41",17.8,0.1,3700,19568700,"S"
"VIX","13:54:40",17.75,0.05,18200,19565000,"B"
"VIX","13:54:40",17.8,0.1,800,19546800,"S"
"VIX","13:54:39",17.8,0.1,5600,19546000,"S"
"VIX","13:54:38",17.8,0.1,200,19540400,"S"
"VIX","13:54:36",17.75,0.05,100,19540200,"B"
"VIX","13:54:36",17.8,0.1,31300,19535100,"S"
"VIX","13:54:36",17.75,0.05,10000,19503800,"B"
"VIX","13:54:32",17.8,0.1,400,19493800,"S"
"VIX","13:54:31",17.8,0.1,16000,19493400,"S"
"VIX","13:54:30",17.8,0.1,1000,19477400,"S"
"VIX","13:54:29",17.8,0.1,3300,19476400,"S"
"VIX","13:54:28",17.8,0.1,35000,19473100,"S"
"VIX","13:54:27",17.8,0.1,4000,19438100,"S"
"VIX","13:54:24",17.8,0.1,300,19434100,"S"
"VIX","13:54:22",17.8,0.1,3000,19433800,"S"
"VIX","13:54:17",17.8,0.1,800,19430800,"S"
"VIX","13:54:14",17.8,0.1,1000,19430000,"S"
"VIX","13:54:13",17.8,0.1,500,19429000,"S"
"VIX","13:54:11",17.8,0.1,500,19428500,"S"
"VIX","13:54:08",17.8,0.1,100,19428000,"S"
"VIX","13:54:08",17.8,0.1,2000,19427900,"S"
"VIX","13:54:04",17.8,0.1,100,19425900,"S"
"VIX","13:54:01",17.8,0.1,500,19425800,"S"
"VIX","13:54:01",17.8,0.1,400,19425300,"S"
"VIX","13:54:00",17.8,0.1,100,19424900,"S"
"VIX","13:53:58",17.8,0.1,23500,19424800,"B"
"VIX","13:53:58",17.8,0.1,76000,19401300,"B"
"VIX","13:53:57",17.8,0.1,700,19325300,"B"
"VIX","13:53:51",17.8,0.1,1300,19324600,"B"
"VIX","13:53:37",17.8,0.1,12000,19323300,"B"
"VIX","13:53:34",17.8,0.1,100,19311300,"B"
"VIX","13:53:31",17.8,0.1,14000,19311200,"S"
"VIX","13:53:31",17.8,0.1,44500,19297200,"S"
"VIX","13:53:30",17.8,0.1,100,19252700,"S"
"VIX","13:53:29",17.8,0.1,2100,19252600,"S"
"VIX","13:53:29",17.8,0.1,200,19250500,"S"
"VIX","13:53:28",17.8,0.1,10000,19250300,"S"
"VIX","13:53:28",17.8,0.1,600,19240300,"S"
"VIX","13:53:25",17.8,0.1,100,19239700,"S"
"VIX","13:53:24",17.8,0.1,3100,19239600,"S"
"VIX","13:53:23",17.8,0.1,700,19236500,"S"
"VIX","13:53:22",17.8,0.1,1000,19235800,"S"
"VIX","13:53:21",17.8,0.1,3000,19234800,"S"
"VIX","13:53:20",17.8,0.1,400,19231800,"S"
"VIX","13:53:19",17.8,0.1,500,19231400,"S"
"VIX","13:53:18",17.8,0.1,12500,19230900,"S"
"VIX","13:53:17",17.8,0.1,36400,19218400,"S"
"VIX","13:53:16",17.8,0.1,400,19182000,"S"
"VIX","13:53:14",17.8,0.1,16300,19181600,"S"
"VIX","13:53:13",17.8,0.1,4600,19165300,"S"
"VIX","13:53:12",17.8,0.1,2000,19160700,"S"
"VIX","13:53:11",17.8,0.1,54000,19158700,"S"
"VIX","13:53:10",17.8,0.1,2500,19104700,"S"
"VIX","13:53:09",17.8,0.1,63000,19102200,"S"
"VIX","13:53:05",17.8,0.1,5000,19039200,"S"
"VIX","13:53:05",17.8,0.1,500,19034200,"S"
"VIX","13:53:03",17.8,0.1,1000,19033700,"S"
"VIX","13:53:02",17.8,0.1,600,19032700,"S"
"VIX","13:53:00",17.8,0.1,300,19032100,"S"
"VIX","13:52:59",17.75,0.05,7100,19031800,"B"
"VIX","13:52:59",17.8,0.1,12800,19024700,"S"
"VIX","13:52:58",17.75,0.05,1000,19011900,"B"
"VIX","13:52:58",17.8,0.1,10100,19010900,"S"
"VIX","13:52:57",17.8,0.1,3000,19000800,"S"
"VIX","13:52:56",17.8,0.1,10000,18997800,"S"
"VIX","13:52:55",17.8,0.1,12600,18987800,"S"
"VIX","13:52:54",17.8,0.1,1400,18975200,"S"
"VIX","13:52:51",17.8,0.1,500,18973800,"S"
"VIX","13:52:50",17.75,0.05,17500,18973300,"B"
"VIX","13:52:50",17.8,0.1,14000,18955800,"S"
"VIX","13:52:47",17.8,0.1,3000,18941800,"S"
"VIX","13:52:46",17.8,0.1,12100,18938800,"S"
"VIX","13:52:45",17.8,0.1,2800,18926700,"S"
"VIX","13:52:40",17.8,0.1,52000,18923900,"S"
"VIX","13:52:39",17.8,0.1,7500,18871900,"S"
"VIX","13:52:36",17.8,0.1,1000,18864400,"S"
"VIX","13:52:34",17.8,0.1,3800,18863400,"S"
"VIX","13:52:31",17.8,0.1,100,18859600,"S"
"VIX","13:52:31",17.8,0.1,10000,18859500,"S"
"VIX","13:52:27",17.8,0.1,2000,18849500,"S"
"VIX","13:52:27",17.8,0.1,5000,18847500,"S"
"VIX","13:52:23",17.8,0.1,100,18842500,"S"
"VIX","13:52:20",17.8,0.1,2000,18842400,"S"
"VIX","13:52:20",17.8,0.1,4400,18840400,"S"
"VIX","13:52:13",17.8,0.1,2000,18836000,"S"
"VIX","13:52:09",17.8,0.1,100,18834000,"S"
"VIX","13:52:02",17.75,0.05,100,18833900,"B"
"VIX","13:51:50",17.75,0.05,6900,18833800,"B"
"VIX","13:51:50",17.75,0.05,17200,18826900,"B"
"VIX","13:51:48",17.8,0.1,100,18809700,"S"
"VIX","13:51:45",17.8,0.1,600,18809600,"S"
"VIX","13:51:41",17.8,0.1,1000,18809000,"S"
"VIX","13:51:31",17.8,0.1,500,18808000,"S"
"VIX","13:51:29",17.8,0.1,1000,18807500,"S"
"VIX","13:51:24",17.8,0.1,100,18806500,"S"
"VIX","13:51:22",17.8,0.1,800,18806400,"S"
"VIX","13:51:18",17.8,0.1,8000,18805600,"S"
"VIX","13:51:09",17.8,0.1,3000,18797600,"S"
"VIX","13:51:08",17.75,0.05,1100,18794600,"B"
"VIX","13:50:57",17.8,0.1,10300,18793500,"S"
"VIX","13:50:56",17.8,0.1,18300,18783200,"S"
"VIX","13:50:53",17.75,0.05,2000,18764900,"B"
"VIX","13:50:52",17.8,0.1,1500,18762900,"S"
"VIX","13:50:48",17.75,0.05,600,18761400,"B"
"VIX","13:50:47",17.8,0.1,700,18760800,"S"
"VIX","13:50:43",17.8,0.1,5000,18760100,"S"
"VIX","13:50:39",17.8,0.1,38000,18755100,"S"
"VIX","13:50:33",17.8,0.1,38000,18717100,"S"
"VIX","13:50:28",17.75,0.05,8000,18679100,"B"
"VIX","13:50:27",17.8,0.1,500,18671100,"S"
"VIX","13:50:25",17.8,0.1,10000,18670600,"S"
"VIX","13:50:25",17.75,0.05,500,18660600,"B"
"VIX","13:50:19",17.75,0.05,10600,18660100,"B"
"VIX","13:50:11",17.8,0.1,5500,18649500,"S"
"VIX","13:50:09",17.8,0.1,2000,18644000,"S"
"VIX","13:49:58",17.8,0.1,2000,18642000,"S"
"VIX","13:49:51",17.8,0.1,1500,18640000,"S"
"VIX","13:49:46",17.8,0.1,30000,18638500,"S"
"VIX","13:49:45",17.75,0.05,3000,18608500,"B"
"VIX","13:49:37",17.8,0.1,900,18605500,"S"
"VIX","13:49:28",17.75,0.05,2500,18604600,"B"
"VIX","13:49:26",17.8,0.1,5000,18602100,"S"
"VIX","13:49:25",17.75,0.05,500,18597100,"B"
"VIX","13:49:21",17.75,0.05,500,18596600,"B"
"VIX","13:49:20",17.75,0.05,7700,18596100,"B"
"VIX","13:49:20",17.8,0.1,10000,18588400,"S"
"VIX","13:49:15",17.75,0.05,1000,18578400,"B"
"VIX","13:49:14",17.75,0.05,50000,18577400,"B"
"VIX","13:49:13",17.75,0.05,500,18527400,"B"
"VIX","13:49:05",17.75,0.05,1800,18526900,"S"
"VIX","13:49:04",17.75,0.05,10000,18525100,"S"
"VIX","13:49:03",17.75,0.05,44500,18515100,"S"
"VIX","13:49:02",17.75,0.05,1100,18470600,"S"
"VIX","13:49:01",17.75,0.05,1000,18469500,"S"
"VIX","13:49:00",17.75,0.05,300,18468500,"S"
"VIX","13:48:59",17.75,0.05,27700,18468200,"S"
"VIX","13:48:58",17.75,0.05,10000,18440500,"S"
"VIX","13:48:57",17.75,0.05,9000,18430500,"S"
"VIX","13:48:56",17.75,0.05,700,18421500,"S"
"VIX","13:48:55",17.75,0.05,100,18420800,"S"
"VIX","13:48:53",17.75,0.05,100,18420700,"S"
"VIX","13:48:52",17.75,0.05,5000,18420600,"S"
"VIX","13:48:52",17.75,0.05,10000,18415600,"S"
"VIX","13:48:51",17.75,0.05,5000,18405600,"S"
"VIX","13:48:50",17.75,0.05,4000,18400600,"S"
"VIX","13:48:49",17.75,0.05,200,18396600,"S"
"VIX","13:48:47",17.75,0.05,2000,18396400,"S"
"VIX","13:48:46",17.75,0.05,400,18394400,"S"
"VIX","13:48:45",17.75,0.05,3300,18394000,"S"
"VIX","13:48:44",17.75,0.05,90000,18390700,"S"
"VIX","13:48:44",17.75,0.05,20000,18300700,"S"
"VIX","13:48:38",17.75,0.05,48400,18280700,"S"
"VIX","13:48:37",17.75,0.05,10000,18232300,"S"
"VIX","13:48:34",17.75,0.05,4500,18222300,"S"
"VIX","13:48:31",17.75,0.05,100,18217800,"S"
"VIX","13:48:30",17.75,0.05,500,18217700,"S"
"VIX","13:48:29",17.75,0.05,6000,18217200,"S"
"VIX","13:48:28",17.7,0,12600,18211200,"B"
"VIX","13:48:27",17.75,0.05,1900,18198600,"S"
"VIX","13:48:27",17.75,0.05,3100,18196700,"S"
"VIX","13:48:17",17.75,0.05,500,18193600,"S"
"VIX","13:48:15",17.7,0,10000,18193100,"B"
"VIX","13:48:14",17.75,0.05,200,18183100,"S"
"VIX","13:48:04",17.75,0.05,10000,18182900,"S"
"VIX","13:47:57",17.75,0.05,900,18172900,"S"
"VIX","13:47:47",17.7,0,2000,18172000,"B"
"VIX","13:47:47",17.7,0,58200,18170000,"B"
"VIX","13:47:43",17.75,0.05,1800,18111800,"S"
"VIX","13:47:42",17.75,0.05,100,18110000,"S"
"VIX","13:47:33",17.75,0.05,5000,18109900,"S"
"VIX","13:47:29",17.75,0.05,5000,18104900,"S"
"VIX","13:47:24",17.75,0.05,800,18099900,"S"
"VIX","13:47:19",17.75,0.05,200,18099100,"S"
"VIX","13:47:05",17.75,0.05,1000,18098900,"S"
"VIX","13:47:04",17.75,0.05,5000,18097900,"S"
"VIX","13:46:42",17.75,0.05,1500,18092900,"S"
"VIX","13:46:28",17.75,0.05,10000,18091400,"S"
"VIX","13:46:27",17.7,0,10500,18081400,"S"
"VIX","13:46:26",17.7,0,10500,18070900,"S"
"VIX","13:46:25",17.7,0,51300,18060400,"S"
"VIX","13:46:24",17.7,0,3000,18009100,"S"
"VIX","13:46:23",17.7,0,1000,18006100,"S"
"VIX","13:46:22",17.7,0,1900,18005100,"S"
"VIX","13:46:21",17.7,0,13000,18003200,"S"
"VIX","13:46:20",17.7,0,1000,17990200,"S"
"VIX","13:46:19",17.7,0,5000,17989200,"S"
"VIX","13:46:18",17.7,0,5000,17984200,"S"
"VIX","13:46:18",17.65,-0.05,100,17979200,"B"
"VIX","13:46:16",17.7,0,3300,17979100,"S"
"VIX","13:46:15",17.7,0,1200,17975800,"S"
"VIX","13:46:14",17.7,0,100,17974600,"S"
"VIX","13:46:13",17.7,0,200000,17974500,"S"
"VIX","13:46:10",17.7,0,100,17774500,"S"
"VIX","13:46:08",17.7,0,6000,17774400,"S"
"VIX","13:46:06",17.7,0,1200,17768400,"S"
"VIX","13:46:05",17.7,0,100,17767200,"S"
"VIX","13:46:02",17.7,0,2000,17767100,"S"
"VIX","13:46:00",17.7,0,400,17765100,"S"
"VIX","13:45:59",17.7,0,30000,17764700,"S"
"VIX","13:45:58",17.7,0,500,17734700,"S"
"VIX","13:45:56",17.7,0,100,17734200,"S"
"VIX","13:45:56",17.7,0,5000,17734100,"S"
"VIX","13:45:54",17.7,0,200,17729100,"S"
"VIX","13:45:52",17.7,0,3000,17728900,"S"
"VIX","13:45:51",17.7,0,4000,17725900,"S"
"VIX","13:45:49",17.7,0,4000,17721900,"S"
"VIX","13:45:48",17.7,0,49000,17717900,"S"
"VIX","13:45:47",17.7,0,1600,17668900,"S"
"VIX","13:45:47",17.7,0,2500,17667300,"S"
"VIX","13:45:46",17.7,0,96200,17664800,"B"
"VIX","13:45:43",17.7,0,3000,17568600,"B"
"VIX","13:45:39",17.7,0,20000,17565600,"B"
"VIX","13:45:35",17.7,0,117600,17545600,"S"
"VIX","13:45:33",17.7,0,500,17428000,"S"
"VIX","13:45:33",17.7,0,3500,17427500,"S"
"VIX","13:45:32",17.7,0,2900,17424000,"S"
"VIX","13:45:29",17.7,0,1800,17421100,"S"
"VIX","13:45:28",17.7,0,10000,17419300,"S"
"VIX","13:45:26",17.7,0,200,17409300,"S"
"VIX","13:45:23",17.7,0,2000,17409100,"S"
"VIX","13:45:21",17.7,0,1300,17407100,"S"
"VIX","13:45:20",17.7,0,14800,17405800,"B"
"VIX","13:45:19",17.7,0,3000,17391000,"B"
"VIX","13:45:19",17.7,0,600,17388000,"B"
"VIX","13:45:18",17.7,0,3600,17387400,"B"
"VIX","13:45:18",17.7,0,30500,17383800,"B"
"VIX","13:45:17",17.7,0,5000,17353300,"B"
"VIX","13:45:15",17.7,0,22200,17348300,"B"
"VIX","13:45:14",17.7,0,300,17326100,"B"
"VIX","13:45:12",17.7,0,15400,17325800,"B"
"VIX","13:45:12",17.7,0,5000,17310400,"B"
"VIX","13:45:10",17.7,0,13200,17305400,"B"
"VIX","13:45:10",17.7,0,13800,17292200,"B"
"VIX","13:45:09",17.7,0,100,17278400,"B"
"VIX","13:45:07",17.7,0,4000,17278300,"B"
"VIX","13:45:05",17.7,0,60400,17274300,"B"
"VIX","13:45:03",17.7,0,8000,17213900,"B"
"VIX","13:45:03",17.75,0.05,400,17205900,"S"
"VIX","13:45:03",17.7,0,13000,17205500,"B"
"VIX","13:45:00",17.7,0,2000,17192500,"B"
"VIX","13:45:00",17.7,0,2000,17190500,"B"
"VIX","13:44:58",17.7,0,500,17188500,"B"
"VIX","13:44:56",17.7,0,3000,17188000,"B"
"VIX","13:44:55",17.7,0,220000,17185000,"B"
"VIX","13:44:54",17.7,0,10000,16965000,"B"
"VIX","13:44:51",17.7,0,3000,16955000,"B"
"VIX","13:44:50",17.7,0,2600,16952000,"B"
"VIX","13:44:42",17.7,0,100,16949400,"B"
"VIX","13:44:39",17.7,0,10000,16949300,"B"
"VIX","13:44:38",17.7,0,1600,16939300,"B"
"VIX","13:44:36",17.7,0,5000,16937700,"B"
"VIX","13:44:35",17.7,0,1000,16932700,"B"
"VIX","13:44:25",17.7,0,6000,16931700,"B"
"VIX","13:43:55",17.7,0,200,16925700,"B"
"VIX","13:43:54",17.75,0.05,2500,16925500,"S"
"VIX","13:43:50",17.75,0.05,2000,16923000,"S"
"VIX","13:43:39",17.75,0.05,200,16921000,"S"
"VIX","13:43:36",17.7,0,1000,16920800,"B"
"VIX","13:43:34",17.75,0.05,1500,16919800,"S"
"VIX","13:43:32",17.7,0,1000,16918300,"B"
"VIX","13:43:31",17.75,0.05,400,16917300,"S"
"VIX","13:43:18",17.7,0,400,16916900,"B"
"VIX","13:43:14",17.7,0,500,16916500,"B"
"VIX","13:43:12",17.75,0.05,10000,16916000,"S"
"VIX","13:43:07",17.75,0.05,500,16906000,"S"
"VIX","13:42:56",17.7,0,4000,16905500,"B"
"VIX","13:42:49",17.75,0.05,100,16901500,"S"
"VIX","13:42:47",17.75,0.05,68000,16901400,"B"
"VIX","13:42:47",17.75,0.05,20600,16833400,"B"
"VIX","13:42:45",17.75,0.05,1000,16812800,"B"
"VIX","13:42:43",17.75,0.05,2000,16811800,"B"
"VIX","13:42:40",17.75,0.05,7500,16809800,"B"
"VIX","13:42:39",17.75,0.05,200,16801900,"B"
"VIX","13:42:32",17.75,0.05,11700,16801700,"B"
"VIX","13:42:27",17.75,0.05,200,16790000,"B"
"VIX","13:42:26",17.75,0.05,68000,16789800,"B"
"VIX","13:42:24",17.75,0.05,10000,16721800,"B"
"VIX","13:42:19",17.75,0.05,24100,16711800,"S"
"VIX","13:42:15",17.75,0.05,600,16687700,"S"
"VIX","13:42:02",17.75,0.05,5900,16687100,"S"
"VIX","13:42:00",17.75,0.05,600,16681200,"S"
"VIX","13:41:59",17.7,0,500,16680600,"B"
"VIX","13:41:58",17.75,0.05,1000,16680100,"S"
"VIX","13:41:57",17.75,0.05,19000,16679100,"S"
"VIX","13:41:56",17.75,0.05,4000,16660100,"S"
"VIX","13:41:54",17.75,0.05,5000,16656100,"S"
"VIX","13:41:45",17.75,0.05,9800,16651100,"S"
"VIX","13:41:44",17.7,0,180000,16641300,"B"
"VIX","13:41:41",17.7,0,100,16461300,"B"
"VIX","13:41:39",17.75,0.05,1000,16461200,"S"
"VIX","13:41:38",17.75,0.05,6200,16460200,"B"
"VIX","13:41:35",17.75,0.05,900,16454000,"S"
"VIX","13:41:34",17.75,0.05,1000,16453100,"S"
"VIX","13:41:32",17.75,0.05,4100,16452100,"B"
"VIX","13:41:29",17.75,0.05,10000,16448000,"S"
"VIX","13:41:28",17.75,0.05,500,16438000,"S"
"VIX","13:41:27",17.75,0.05,4800,16437500,"S"
"VIX","13:41:26",17.75,0.05,1500,16432700,"S"
"VIX","13:41:25",17.75,0.05,100,16431200,"S"
"VIX","13:41:21",17.75,0.05,1200,16431100,"S"
"VIX","13:41:19",17.75,0.05,1000,16429900,"S"
"VIX","13:41:15",17.75,0.05,5000,16428900,"S"
"VIX","13:41:14",17.75,0.05,100,16423900,"S"
"VIX","13:41:14",17.75,0.05,1000,16423800,"S"
"VIX","13:41:09",17.75,0.05,300,16422800,"S"
"VIX","13:41:06",17.75,0.05,1000,16422500,"S"
"VIX","13:41:05",17.75,0.05,100,16421500,"S"
"VIX","13:40:59",17.75,0.05,100000,16421400,"S"
"VIX","13:40:50",17.75,0.05,1100,16321400,"S"
"VIX","13:40:47",17.75,0.05,10000,16320300,"S"
"VIX","13:40:45",17.7,0,500,16310300,"B"
"VIX","13:40:41",17.75,0.05,500,16309800,"S"
"VIX","13:40:26",17.7,0,700,16309300,"B"
"VIX","13:40:17",17.75,0.05,1300,16308600,"S"
"VIX","13:40:17",17.7,0,600,16307300,"B"
"VIX","13:40:07",17.75,0.05,15000,16306700,"S"
"VIX","13:40:03",17.7,0,2000,16291700,"B"
"VIX","13:40:01",17.75,0.05,100,16289700,"S"
"VIX","13:40:01",17.7,0,3700,16289600,"B"
"VIX","13:40:00",17.75,0.05,15400,16285900,"S"
"VIX","13:39:59",17.75,0.05,100,16270500,"S"
"VIX","13:39:56",17.75,0.05,1000,16270400,"S"
"VIX","13:39:55",17.7,0,1000,16269400,"B"
"VIX","13:39:49",17.7,0,800,16268400,"B"
"VIX","13:39:49",17.75,0.05,3000,16267600,"S"
"VIX","13:39:48",17.75,0.05,5000,16264600,"S"
"VIX","13:39:47",17.75,0.05,500,16259600,"S"
"VIX","13:39:46",17.75,0.05,200,16259100,"S"
"VIX","13:39:45",17.75,0.05,200,16258900,"S"
"VIX","13:39:45",17.75,0.05,200,16258700,"S"
"VIX","13:39:44",17.75,0.05,100,16258500,"S"
"VIX","13:39:40",17.75,0.05,300,16258400,"S"
"VIX","13:39:38",17.75,0.05,100,16258100,"S"
"VIX","13:39:35",17.75,0.05,100,16258000,"S"
"VIX","13:39:30",17.75,0.05,100000,16257900,"S"
"VIX","13:39:26",17.7,0,400,16157900,"B"
"VIX","13:39:21",17.7,0,1000,16157500,"B"
"VIX","13:39:18",17.7,0,100,16156500,"B"
"VIX","13:39:04",17.7,0,5000,16156400,"B"
"VIX","13:39:03",17.75,0.05,10000,16151400,"S"
"VIX","13:38:57",17.75,0.05,300,16141400,"S"
"VIX","13:38:50",17.75,0.05,4200,16141100,"S"
"VIX","13:38:50",17.75,0.05,5800,16136900,"S"
"VIX","13:38:49",17.75,0.05,9200,16131100,"S"
"VIX","13:38:49",17.75,0.05,4300,16121900,"S"
"VIX","13:38:45",17.7,0,10000,16117600,"B"
"VIX","13:38:42",17.7,0,6000,16107600,"B"
"VIX","13:38:38",17.7,0,20000,16101600,"B"
"VIX","13:38:34",17.75,0.05,2000,16081600,"S"
"VIX","13:38:33",17.75,0.05,600,16079600,"S"
"VIX","13:38:30",17.75,0.05,2600,16079000,"S"
"VIX","13:38:27",17.7,0,1000,16076400,"B"
"VIX","13:38:22",17.75,0.05,1000,16075400,"S"
"VIX","13:38:22",17.75,0.05,500,16074400,"S"
"VIX","13:38:17",17.7,0,500,16073900,"B"
"VIX","13:38:09",17.75,0.05,10000,16073400,"S"
"VIX","13:38:08",17.75,0.05,300,16063400,"S"
"VIX","13:38:07",17.7,0,100000,16063100,"B"
"VIX","13:37:55",17.75,0.05,10000,15963100,"S"
"VIX","13:37:52",17.7,0,1000,15953100,"B"
"VIX","13:37:50",17.7,0,2500,15952100,"B"
"VIX","13:37:50",17.7,0,20000,15949600,"B"
"VIX","13:37:44",17.75,0.05,2000,15929600,"S"
"VIX","13:37:40",17.7,0,10000,15927600,"B"
"VIX","13:37:39",17.75,0.05,6000,15917600,"S"
"VIX","13:37:31",17.75,0.05,500,15911600,"S"
"VIX","13:37:27",17.75,0.05,10000,15911100,"S"
"VIX","13:37:26",17.75,0.05,500,15901100,"S"
"VIX","13:37:25",17.75,0.05,100,15900600,"S"
"VIX","13:37:15",17.75,0.05,6000,15900500,"S"
"VIX","13:37:06",17.75,0.05,10200,15894500,"B"
"VIX","13:37:04",17.75,0.05,1200,15884300,"B"
"VIX","13:37:04",17.75,0.05,2000,15883100,"B"
"VIX","13:36:59",17.75,0.05,20000,15881100,"B"
"VIX","13:36:58",17.75,0.05,12000,15861100,"B"
"VIX","13:36:57",17.75,0.05,5400,15849100,"B"
"VIX","13:36:54",17.75,0.05,20000,15843700,"B"
"VIX","13:36:51",17.75,0.05,20000,15823700,"B"
"VIX","13:36:49",17.8,0.1,100,15803700,"S"
"VIX","13:36:38",17.75,0.05,500,15803600,"B"
"VIX","13:36:36",17.75,0.05,1300,15803100,"B"
"VIX","13:36:35",17.75,0.05,8000,15801800,"B"
"VIX","13:36:33",17.75,0.05,1000,15793800,"B"
"VIX","13:36:30",17.75,0.05,5000,15792800,"B"
"VIX","13:36:27",17.75,0.05,100,15787800,"B"
"VIX","13:36:26",17.75,0.05,9500,15787700,"S"
"VIX","13:36:25",17.75,0.05,1800,15778200,"S"
"VIX","13:36:22",17.75,0.05,400,15776400,"S"
"VIX","13:36:19",17.75,0.05,1500,15776000,"S"
"VIX","13:36:18",17.75,0.05,7300,15774500,"S"
"VIX","13:36:15",17.75,0.05,19100,15767200,"B"
"VIX","13:36:10",17.75,0.05,3000,15748100,"B"
"VIX","13:36:07",17.75,0.05,10000,15745100,"B"
"VIX","13:36:06",17.75,0.05,1000,15735100,"B"
"VIX","13:36:02",17.75,0.05,1900,15734100,"B"
"VIX","13:35:58",17.75,0.05,400,15732200,"B"
"VIX","13:35:57",17.75,0.05,1000,15731800,"B"
"VIX","13:35:56",17.75,0.05,5000,15730800,"B"
"VIX","13:35:55",17.75,0.05,5000,15725800,"B"
"VIX","13:35:46",17.75,0.05,10300,15720800,"B"
"VIX","13:35:40",17.75,0.05,1000,15710500,"B"
"VIX","13:35:39",17.75,0.05,2000,15709500,"B"
"VIX","13:35:31",17.75,0.05,50000,15707500,"B"
"VIX","13:35:24",17.75,0.05,1000,15657500,"B"
"VIX","13:35:19",17.75,0.05,200,15646500,"B"
"VIX","13:35:13",17.75,0.05,1500,15646300,"B"
"VIX","13:35:10",17.75,0.05,1000,15644800,"B"
"VIX","13:35:08",17.75,0.05,10000,15643800,"B"
"VIX","13:35:06",17.75,0.05,100,15633800,"B"
"VIX","13:35:00",17.75,0.05,500,15633700,"B"
"VIX","13:34:55",17.75,0.05,10000,15633200,"B"
"VIX","13:34:52",17.75,0.05,10000,15623200,"B"
"VIX","13:34:49",17.75,0.05,10000,15613200,"B"
"VIX","13:34:45",17.75,0.05,6600,15603200,"B"
"VIX","13:34:43",17.75,0.05,7000,15596600,"B"
"VIX","13:34:42",17.75,0.05,5000,15589600,"B"
"VIX","13:34:31",17.8,0.1,5000,15584600,"S"
"VIX","13:34:28",17.75,0.05,400,15579600,"B"
"VIX","13:34:27",17.75,0.05,500,15579200,"B"
"VIX","13:34:26",17.75,0.05,700,15578700,"B"
"VIX","13:34:23",17.75,0.05,5000,15578000,"B"
"VIX","13:34:17",17.75,0.05,5000,15573000,"B"
"VIX","13:34:13",17.75,0.05,900,15568000,"B"
"VIX","13:34:11",17.75,0.05,100,15567100,"B"
"VIX","13:34:09",17.75,0.05,5000,15567000,"B"
"VIX","13:34:05",17.75,0.05,17500,15562000,"S"
"VIX","13:34:03",17.75,0.05,20100,15544500,"S"
"VIX","13:34:02",17.75,0.05,1000,15524400,"S"
"VIX","13:34:01",17.75,0.05,5000,15523400,"S"
"VIX","13:34:00",17.75,0.05,700,15518400,"S"
"VIX","13:33:59",17.75,0.05,100,15517700,"S"
"VIX","13:33:58",17.75,0.05,60500,15517600,"S"
"VIX","13:33:57",17.75,0.05,500,15457100,"S"
"VIX","13:33:56",17.75,0.05,100,15456600,"S"
"VIX","13:33:54",17.75,0.05,10900,15456500,"S"
"VIX","13:33:49",17.75,0.05,100,15445600,"S"
"VIX","13:33:48",17.75,0.05,500,15445500,"S"
"VIX","13:33:47",17.75,0.05,13500,15445000,"S"
"VIX","13:33:44",17.75,0.05,1100,15431500,"S"
"VIX","13:33:42",17.75,0.05,1000,15430400,"S"
"VIX","13:33:39",17.75,0.05,100000,15429400,"S"
"VIX","13:33:34",17.75,0.05,200,15329400,"S"
"VIX","13:33:26",17.7,0,200,15329200,"B"
"VIX","13:33:25",17.75,0.05,10000,15329000,"S"
"VIX","13:33:22",17.75,0.05,100,15319000,"S"
"VIX","13:33:18",17.75,0.05,16400,15318900,"S"
"VIX","13:33:09",17.75,0.05,1000,15302500,"S"
"VIX","13:33:07",17.75,0.05,200,15301500,"S"
"VIX","13:33:07",17.75,0.05,2000,15301300,"S"
"VIX","13:33:02",17.75,0.05,10400,15299300,"S"
"VIX","13:32:55",17.75,0.05,200,15288900,"S"
"VIX","13:32:51",17.75,0.05,3600,15288700,"S"
"VIX","13:32:50",17.75,0.05,100,15285100,"S"
"VIX","13:32:48",17.75,0.05,500,15285000,"S"
"VIX","13:32:47",17.75,0.05,1000,15284500,"S"
"VIX","13:32:46",17.75,0.05,1000,15283500,"S"
"VIX","13:32:44",17.75,0.05,500,15282500,"S"
"VIX","13:32:40",17.75,0.05,100,15282000,"S"
"VIX","13:32:39",17.75,0.05,500,15281900,"S"
"VIX","13:32:38",17.75,0.05,2000,15281400,"S"
"VIX","13:32:38",17.75,0.05,600,15279400,"S"
"VIX","13:32:37",17.75,0.05,5000,15278800,"S"
"VIX","13:32:35",17.75,0.05,1000,15273800,"S"
"VIX","13:32:33",17.75,0.05,300,15272800,"S"
"VIX","13:32:33",17.75,0.05,1000,15272500,"S"
"VIX","13:32:32",17.75,0.05,1000,15271500,"S"
"VIX","13:32:32",17.75,0.05,1500,15270500,"S"
"VIX","13:32:31",17.75,0.05,1300,15269000,"S"
"VIX","13:32:29",17.75,0.05,2000,15267700,"S"
"VIX","13:32:28",17.75,0.05,100,15265700,"S"
"VIX","13:32:27",17.75,0.05,1200,15265600,"S"
"VIX","13:32:25",17.75,0.05,16000,15264400,"S"
"VIX","13:32:23",17.75,0.05,2000,15248400,"S"
"VIX","13:32:22",17.75,0.05,100,15246400,"S"
"VIX","13:32:20",17.75,0.05,400,15246300,"S"
"VIX","13:32:18",17.75,0.05,600,15245900,"S"
"VIX","13:32:17",17.75,0.05,800,15245300,"S"
"VIX","13:32:10",17.75,0.05,300,15244500,"S"
"VIX","13:32:08",17.75,0.05,400,15244200,"S"
"VIX","13:32:04",17.75,0.05,2800,15243800,"S"
"VIX","13:32:03",17.75,0.05,9700,15241000,"S"
"VIX","13:32:00",17.75,0.05,1600,15231300,"S"
"VIX","13:31:58",17.75,0.05,35100,15229700,"B"
"VIX","13:31:57",17.75,0.05,1000,15194600,"B"
"VIX","13:31:50",17.75,0.05,2000,15193600,"B"
"VIX","13:31:49",17.75,0.05,8100,15191600,"B"
"VIX","13:31:48",17.75,0.05,1300,15183500,"B"
"VIX","13:31:43",17.75,0.05,300,15182200,"B"
"VIX","13:31:37",17.75,0.05,5800,15181900,"B"
"VIX","13:31:29",17.75,0.05,400,15176100,"B"
"VIX","13:31:26",17.75,0.05,5600,15175700,"B"
"VIX","13:31:25",17.75,0.05,300,15170100,"B"
"VIX","13:31:22",17.75,0.05,60000,15169800,"B"
"VIX","13:31:16",17.8,0.1,200,15109800,"S"
"VIX","13:31:15",17.8,0.1,2000,15109600,"S"
"VIX","13:31:14",17.75,0.05,3000,15107600,"B"
"VIX","13:31:12",17.75,0.05,20000,15104600,"B"
"VIX","13:31:09",17.75,0.05,138000,15084600,"B"
"VIX","13:30:51",17.75,0.05,100,14946600,"B"
"VIX","13:30:26",17.75,0.05,1500,14946500,"B"
"VIX","13:30:23",17.8,0.1,20000,14945000,"S"
"VIX","13:30:21",17.75,0.05,100,14925000,"B"
"VIX","13:30:18",17.75,0.05,10000,14924900,"B"
"VIX","13:30:17",17.8,0.1,500,14914900,"S"
"VIX","13:30:15",17.75,0.05,5000,14914400,"B"
"VIX","13:30:15",17.75,0.05,1000,14909400,"B"
"VIX","13:30:08",17.8,0.1,100,14908400,"S"
"VIX","13:30:03",17.75,0.05,6000,14908300,"B"
"VIX","13:30:01",17.75,0.05,3500,14902300,"B"
"VIX","13:29:59",17.75,0.05,150000,14898800,"B"
"VIX","13:29:56",17.8,0.1,200,14748800,"S"
"VIX","13:29:50",17.75,0.05,100,14748600,"B"
"VIX","13:29:41",17.8,0.1,7000,14748500,"S"
"VIX","13:29:39",17.8,0.1,4000,14741500,"S"
"VIX","13:29:35",17.75,0.05,1000,14737500,"B"
"VIX","13:29:35",17.8,0.1,10000,14736500,"S"
"VIX","13:29:26",17.75,0.05,500,14726500,"B"
"VIX","13:29:22",17.8,0.1,2700,14726000,"S"
"VIX","13:29:15",17.8,0.1,2000,14723300,"S"
"VIX","13:29:12",17.75,0.05,500,14721300,"B"
"VIX","13:29:04",17.8,0.1,500,14720800,"S"
"VIX","13:28:43",17.8,0.1,17700,14720300,"S"
"VIX","13:28:36",17.8,0.1,3000,14702600,"S"
"VIX","13:28:31",17.75,0.05,6000,14699600,"B"
"VIX","13:28:19",17.8,0.1,19000,14693600,"S"
"VIX","13:28:18",17.8,0.1,3000,14674600,"S"
"VIX","13:28:12",17.75,0.05,20000,14671600,"B"
"VIX","13:27:45",17.75,0.05,100,14651600,"B"
"VIX","13:27:33",17.75,0.05,500,14651500,"B"
"VIX","13:27:21",17.75,0.05,700,14651000,"B"
"VIX","13:27:20",17.75,0.05,500,14650300,"B"
"VIX","13:27:19",17.75,0.05,1000,14649800,"B"
"VIX","13:27:16",17.75,0.05,15900,14648800,"B"
"VIX","13:27:15",17.8,0.1,22400,14632900,"S"
"VIX","13:27:14",17.8,0.1,300,14610500,"S"
"VIX","13:27:11",17.75,0.05,4000,14610200,"B"
"VIX","13:27:02",17.8,0.1,20000,14606200,"S"
"VIX","13:27:01",17.8,0.1,4500,14586200,"S"
"VIX","13:26:58",17.75,0.05,4000,14581700,"B"
"VIX","13:26:56",17.75,0.05,1000,14577700,"B"
"VIX","13:26:49",17.8,0.1,500,14576700,"S"
"VIX","13:26:43",17.8,0.1,1000,14576200,"S"
"VIX","13:26:35",17.75,0.05,1100,14575200,"B"
"VIX","13:26:28",17.75,0.05,100,14574100,"B"
"VIX","13:26:27",17.8,0.1,300,14574000,"S"
"VIX","13:26:25",17.75,0.05,1000,14573700,"B"
"VIX","13:26:18",17.75,0.05,400,14572700,"B"
"VIX","13:26:09",17.75,0.05,500,14572300,"B"
"VIX","13:25:54",17.75,0.05,4000,14571800,"B"
"VIX","13:25:51",17.75,0.05,1300,14567800,"B"
"VIX","13:25:51",17.75,0.05,100,14566500,"B"
"VIX","13:25:38",17.75,0.05,700,14566400,"B"
"VIX","13:25:37",17.75,0.05,100,14565700,"B"
"VIX","13:25:33",17.75,0.05,4300,14565600,"B"
"VIX","13:25:32",17.75,0.05,3000,14561300,"B"
"VIX","13:25:23",17.75,0.05,1500,14558300,"B"
"VIX","13:25:16",17.75,0.05,3200,14556800,"B"
"VIX","13:25:15",17.75,0.05,1000,14553600,"B"
"VIX","13:25:14",17.75,0.05,2500,14552600,"B"
"VIX","13:25:08",17.75,0.05,4200,14550100,"B"
"VIX","13:24:53",17.75,0.05,5200,14545900,"B"
"VIX","13:24:50",17.75,0.05,36500,14540700,"B"
"VIX","13:24:44",17.75,0.05,10000,14504200,"B"
"VIX","13:24:44",17.8,0.1,100,14494200,"S"
"VIX","13:24:44",17.75,0.05,1700,14494100,"B"
"VIX","13:24:42",17.75,0.05,8500,14492400,"B"
"VIX","13:24:18",17.75,0.05,900,14483900,"B"
"VIX","13:23:58",17.75,0.05,5400,14483000,"B"
"VIX","13:23:57",17.75,0.05,1000,14477600,"B"
"VIX","13:23:43",17.75,0.05,3600,14476600,"B"
"VIX","13:23:41",17.75,0.05,200,14473000,"B"
"VIX","13:23:33",17.8,0.1,20000,14472800,"S"
"VIX","13:23:30",17.75,0.05,11600,14452800,"B"
"VIX","13:23:30",17.75,0.05,8600,14441200,"B"
"VIX","13:23:28",17.8,0.1,20000,14432600,"S"
"VIX","13:23:14",17.75,0.05,120000,14412600,"B"
"VIX","13:22:58",17.8,0.1,10000,14292600,"S"
"VIX","13:22:54",17.8,0.1,5000,14282600,"S"
"VIX","13:22:36",17.8,0.1,500,14277600,"S"
"VIX","13:22:33",17.8,0.1,10000,14277100,"S"
"VIX","13:22:32",17.8,0.1,100,14267100,"S"
"VIX","13:22:26",17.8,0.1,200,14267000,"S"
"VIX","13:22:21",17.8,0.1,200,14266800,"S"
"VIX","13:22:21",17.75,0.05,4600,14266600,"B"
"VIX","13:22:18",17.8,0.1,600,14262000,"S"
"VIX","13:22:11",17.8,0.1,600,14261400,"S"
"VIX","13:22:09",17.75,0.05,100,14260800,"B"
"VIX","13:22:03",17.8,0.1,100,14260700,"S"
"VIX","13:22:02",17.75,0.05,21100,14260600,"B"
"VIX","13:22:01",17.75,0.05,100,14239500,"B"
"VIX","13:21:59",17.75,0.05,9000,14239400,"B"
"VIX","13:21:45",17.8,0.1,500,14230400,"S"
"VIX","13:21:44",17.8,0.1,1000,14229900,"S"
"VIX","13:21:43",17.8,0.1,900,14228900,"S"
"VIX","13:21:41",17.8,0.1,3000,14228000,"S"
"VIX","13:21:40",17.8,0.1,5000,14225000,"S"
"VIX","13:21:35",17.8,0.1,100,14220000,"S"
"VIX","13:21:35",17.8,0.1,1000,14219900,"S"
"VIX","13:21:33",17.8,0.1,200,14218900,"S"
"VIX","13:21:33",17.75,0.05,500,14218700,"B"
"VIX","13:21:32",17.8,0.1,500,14218200,"S"
"VIX","13:21:31",17.8,0.1,5000,14217700,"S"
"VIX","13:21:24",17.8,0.1,32600,14212700,"S"
"VIX","13:21:23",17.8,0.1,900,14180100,"S"
"VIX","13:21:23",17.75,0.05,1000,14179200,"B"
"VIX","13:21:16",17.8,0.1,500,14178200,"S"
"VIX","13:21:12",17.8,0.1,1000,14177700,"S"
"VIX","13:21:10",17.75,0.05,8700,14176700,"B"
"VIX","13:21:09",17.75,0.05,500,14168000,"B"
"VIX","13:21:07",17.8,0.1,900,14167500,"S"
"VIX","13:21:04",17.8,0.1,1000,14166600,"S"
"VIX","13:20:56",17.8,0.1,500,14165600,"S"
"VIX","13:20:54",17.8,0.1,500,14165100,"S"
"VIX","13:20:52",17.8,0.1,100,14164600,"S"
"VIX","13:20:51",17.8,0.1,20000,14164500,"S"
"VIX","13:20:45",17.8,0.1,3000,14144500,"S"
"VIX","13:20:39",17.8,0.1,1600,14141500,"S"
"VIX","13:20:36",17.8,0.1,1000,14139900,"S"
"VIX","13:20:30",17.8,0.1,300,14138900,"S"
"VIX","13:20:28",17.8,0.1,5000,14138600,"S"
"VIX","13:20:24",17.8,0.1,400,14133600,"S"
"VIX","13:20:19",17.75,0.05,500,14133200,"B"
"VIX","13:20:13",17.8,0.1,31000,14126700,"S"
"VIX","13:20:12",17.8,0.1,1000,14095700,"S"
"VIX","13:20:06",17.8,0.1,100,14094700,"S"
"VIX","13:20:03",17.75,0.05,41900,14094600,"B"
"VIX","13:20:00",17.8,0.1,10000,14052700,"S"
"VIX","13:19:45",17.8,0.1,7300,14042700,"S"
"VIX","13:19:38",17.8,0.1,18600,14035400,"S"
"VIX","13:19:37",17.8,0.1,2500,14016800,"S"
"VIX","13:19:33",17.8,0.1,47400,14014300,"S"
"VIX","13:19:20",17.8,0.1,1000,13966900,"S"
"VIX","13:19:18",17.8,0.1,27900,13965900,"B"
"VIX","13:19:16",17.8,0.1,13800,13938000,"B"
"VIX","13:19:09",17.8,0.1,50000,13924200,"B"
"VIX","13:19:07",17.8,0.1,3700,13874200,"B"
"VIX","13:19:06",17.8,0.1,28600,13870500,"B"
"VIX","13:18:58",17.85,0.15,200,13841900,"S"
"VIX","13:18:45",17.8,0.1,1400,13841700,"B"
"VIX","13:18:43",17.8,0.1,2000,13840300,"B"
"VIX","13:18:38",17.85,0.15,1200,13838300,"S"
"VIX","13:18:33",17.8,0.1,1000,13837100,"B"
"VIX","13:18:22",17.85,0.15,1600,13836100,"S"
"VIX","13:18:17",17.8,0.1,1000,13834500,"B"
"VIX","13:18:16",17.8,0.1,2000,13833500,"B"
"VIX","13:18:15",17.8,0.1,5000,13831500,"B"
"VIX","13:18:09",17.8,0.1,2000,13826500,"B"
"VIX","13:18:09",17.8,0.1,2000,13824500,"B"
"VIX","13:18:02",17.8,0.1,300,13822500,"B"
"VIX","13:17:55",17.8,0.1,8000,13822200,"B"
"VIX","13:17:47",17.8,0.1,300,13814200,"S"
"VIX","13:17:46",17.8,0.1,8800,13813900,"B"
"VIX","13:17:45",17.8,0.1,3600,13805100,"S"
"VIX","13:17:42",17.8,0.1,1600,13801500,"S"
"VIX","13:17:41",17.8,0.1,100,13799900,"S"
"VIX","13:17:37",17.8,0.1,22000,13799800,"S"
"VIX","13:17:36",17.8,0.1,1600,13777800,"S"
"VIX","13:17:34",17.8,0.1,200,13776200,"S"
"VIX","13:17:33",17.8,0.1,5100,13776000,"S"
"VIX","13:17:28",17.8,0.1,14400,13770900,"B"
"VIX","13:17:25",17.8,0.1,22500,13756500,"B"
"VIX","13:17:24",17.8,0.1,37500,13734000,"B"
"VIX","13:17:10",17.85,0.15,3000,13696500,"S"
"VIX","13:17:10",17.8,0.1,5000,13693500,"B"
"VIX","13:17:06",17.8,0.1,300,13688500,"B"
"VIX","13:16:59",17.8,0.1,200,13688200,"B"
"VIX","13:16:57",17.8,0.1,1000,13688000,"B"
"VIX","13:16:53",17.8,0.1,400,13687000,"B"
"VIX","13:16:49",17.8,0.1,5000,13686600,"B"
"VIX","13:16:48",17.8,0.1,2000,13681600,"B"
"VIX","13:16:45",17.8,0.1,26800,13679600,"S"
"VIX","13:16:44",17.8,0.1,29900,13652800,"S"
"VIX","13:16:41",17.8,0.1,20000,13622900,"S"
"VIX","13:16:40",17.8,0.1,30000,13602900,"S"
"VIX","13:16:39",17.8,0.1,1000,13572900,"S"
"VIX","13:16:34",17.8,0.1,20000,13571900,"S"
"VIX","13:16:34",17.8,0.1,4700,13551900,"S"
"VIX","13:16:32",17.8,0.1,5000,13542100,"S"
"VIX","13:16:31",17.8,0.1,19700,13537100,"S"
"VIX","13:16:29",17.8,0.1,10000,13517400,"S"
"VIX","13:16:28",17.8,0.1,5000,13507400,"S"
"VIX","13:16:18",17.8,0.1,2000,13502400,"S"
"VIX","13:16:16",17.75,0.05,3000,13500400,"B"
"VIX","13:16:14",17.8,0.1,300,13497400,"S"
"VIX","13:16:08",17.75,0.05,1300,13497100,"B"
"VIX","13:16:03",17.75,0.05,2300,13495800,"B"
"VIX","13:15:51",17.75,0.05,800,13493500,"B"
"VIX","13:15:47",17.75,0.05,1000,13492700,"B"
"VIX","13:15:45",17.75,0.05,100,13491700,"B"
"VIX","13:15:39",17.75,0.05,2700,13491600,"B"
"VIX","13:15:38",17.75,0.05,5000,13488900,"B"
"VIX","13:15:37",17.75,0.05,3000,13483900,"B"
"VIX","13:15:25",17.75,0.05,14800,13480900,"B"
"VIX","13:15:19",17.75,0.05,2000,13466100,"B"
"VIX","13:15:18",17.75,0.05,1000,13464100,"B"
"VIX","13:15:15",17.8,0.1,400,13463100,"S"
"VIX","13:15:09",17.8,0.1,7000,13462700,"S"
"VIX","13:15:05",17.8,0.1,5300,13455700,"S"
"VIX","13:14:52",17.75,0.05,200,13450400,"B"
"VIX","13:14:50",17.8,0.1,2700,13450200,"S"
"VIX","13:14:42",17.8,0.1,1300,13447500,"S"
"VIX","13:14:40",17.8,0.1,600,13446200,"S"
"VIX","13:14:38",17.8,0.1,2000,13445600,"S"
"VIX","13:14:32",17.8,0.1,24000,13443600,"S"
"VIX","13:14:26",17.8,0.1,200,13419600,"S"
"VIX","13:14:13",17.8,0.1,400,13419400,"S"
"VIX","13:14:11",17.8,0.1,2000,13419000,"S"
"VIX","13:14:10",17.75,0.05,700,13417000,"B"
"VIX","13:14:05",17.8,0.1,200,13416300,"S"
"VIX","13:14:02",17.8,0.1,300,13416100,"S"
"VIX","13:13:59",17.8,0.1,1000,13415800,"S"
"VIX","13:13:54",17.8,0.1,1600,13414800,"S"
"VIX","13:13:51",17.8,0.1,1000,13413200,"S"
"VIX","13:13:42",17.8,0.1,700,13412200,"S"
"VIX","13:13:41",17.8,0.1,2000,13411500,"S"
"VIX","13:13:40",17.75,0.05,2000,13409500,"B"
"VIX","13:13:35",17.8,0.1,500,13407500,"S"
"VIX","13:13:31",17.8,0.1,11000,13407000,"S"
"VIX","13:13:29",17.8,0.1,200,13396000,"S"
"VIX","13:13:25",17.8,0.1,300,13395800,"S"
"VIX","13:13:24",17.75,0.05,500,13395500,"B"
"VIX","13:13:24",17.8,0.1,100,13395000,"S"
"VIX","13:13:22",17.8,0.1,2000,13394900,"S"
"VIX","13:13:19",17.75,0.05,3000,13392900,"B"
"VIX","13:13:16",17.8,0.1,100,13389900,"S"
"VIX","13:13:10",17.75,0.05,500,13389800,"B"
"VIX","13:13:04",17.75,0.05,18600,13389300,"B"
"VIX","13:13:04",17.8,0.1,3400,13370700,"S"
"VIX","13:13:00",17.8,0.1,11200,13367300,"S"
"VIX","13:12:52",17.8,0.1,50000,13356100,"S"
"VIX","13:12:49",17.75,0.05,2000,13306100,"B"
"VIX","13:12:42",17.8,0.1,50000,13304100,"S"
"VIX","13:12:34",17.75,0.05,1000,13254100,"B"
"VIX","13:12:33",17.75,0.05,9600,13253100,"B"
"VIX","13:12:25",17.75,0.05,10000,13243500,"B"
"VIX","13:12:20",17.8,0.1,200,13233500,"S"
"VIX","13:12:13",17.75,0.05,6000,13233300,"B"
"VIX","13:12:06",17.8,0.1,1000,13227300,"S"
"VIX","13:12:04",17.75,0.05,22000,13226300,"B"
"VIX","13:12:03",17.8,0.1,15000,13204300,"S"
"VIX","13:12:01",17.75,0.05,1000,13189300,"B"
"VIX","13:11:54",17.75,0.05,400,13188300,"B"
"VIX","13:11:49",17.75,0.05,8600,13187900,"B"
"VIX","13:11:43",17.8,0.1,1000,13179300,"S"
"VIX","13:11:41",17.8,0.1,800,13178300,"S"
"VIX","13:11:34",17.75,0.05,20600,13177500,"B"
"VIX","13:11:21",17.8,0.1,200,13156900,"S"
"VIX","13:11:15",17.75,0.05,34100,13156700,"B"
"VIX","13:11:12",17.8,0.1,800,13122600,"S"
"VIX","13:11:11",17.8,0.1,500,13121800,"S"
"VIX","13:11:09",17.8,0.1,100,13121300,"S"
"VIX","13:11:01",17.8,0.1,8000,13121200,"S"
"VIX","13:11:00",17.8,0.1,100,13113200,"S"
"VIX","13:10:59",17.8,0.1,4100,13113100,"B"
"VIX","13:10:56",17.8,0.1,20000,13109000,"B"
"VIX","13:10:55",17.8,0.1,15000,13089000,"B"
"VIX","13:10:48",17.8,0.1,800,13074000,"B"
"VIX","13:10:34",17.8,0.1,176100,13073200,"B"
"VIX","13:10:30",17.8,0.1,500,12897100,"B"
"VIX","13:10:24",17.85,0.15,2000,12896600,"S"
"VIX","13:10:10",17.85,0.15,100,12894600,"S"
"VIX","13:10:01",17.8,0.1,1000,12894500,"B"
"VIX","13:09:54",17.8,0.1,500,12893500,"B"
"VIX","13:09:48",17.8,0.1,3000,12893000,"B"
"VIX","13:09:46",17.8,0.1,2000,12890000,"B"
"VIX","13:09:45",17.8,0.1,3000,12888000,"B"
"VIX","13:09:42",17.8,0.1,13100,12885000,"S"
"VIX","13:09:40",17.8,0.1,100,12871900,"S"
"VIX","13:09:37",17.8,0.1,500,12871800,"S"
"VIX","13:09:36",17.8,0.1,1300,12871300,"B"
"VIX","13:09:35",17.8,0.1,7700,12870000,"S"
"VIX","13:09:34",17.8,0.1,100,12862300,"S"
"VIX","13:09:33",17.8,0.1,400,12862200,"S"
"VIX","13:09:32",17.8,0.1,30000,12861800,"S"
"VIX","13:09:30",17.8,0.1,5000,12831800,"S"
"VIX","13:09:30",17.8,0.1,10000,12826800,"S"
"VIX","13:09:28",17.8,0.1,15000,12816800,"S"
"VIX","13:09:27",17.8,0.1,500,12801800,"S"
"VIX","13:09:27",17.8,0.1,1400,12801300,"S"
"VIX","13:09:25",17.8,0.1,5300,12799900,"S"
"VIX","13:09:23",17.8,0.1,39000,12794600,"S"
"VIX","13:09:19",17.8,0.1,100,12755600,"S"
"VIX","13:09:18",17.8,0.1,1500,12755500,"S"
"VIX","13:09:11",17.8,0.1,50000,12754000,"S"
"VIX","13:09:11",17.8,0.1,10000,12704000,"S"
"VIX","13:09:10",17.8,0.1,22000,12694000,"S"
"VIX","13:09:00",17.8,0.1,100,12672000,"S"
"VIX","13:08:50",17.8,0.1,1000,12671900,"S"
"VIX","13:08:50",17.75,0.05,2300,12670900,"B"
"VIX","13:08:43",17.75,0.05,12000,12668600,"B"
"VIX","13:08:37",17.75,0.05,400,12656600,"B"
"VIX","13:08:26",17.8,0.1,5000,12656200,"S"
"VIX","13:08:22",17.8,0.1,800,12651200,"S"
"VIX","13:08:16",17.8,0.1,100,12650400,"S"
"VIX","13:08:13",17.8,0.1,2000,12650300,"S"
"VIX","13:08:06",17.8,0.1,2000,12648300,"S"
"VIX","13:08:04",17.8,0.1,100,12646300,"S"
"VIX","13:07:56",17.8,0.1,200,12646200,"S"
"VIX","13:07:56",17.8,0.1,100,12646000,"S"
"VIX","13:07:55",17.8,0.1,2200,12645900,"S"
"VIX","13:07:53",17.8,0.1,1000,12643700,"S"
"VIX","13:07:52",17.8,0.1,200,12642700,"S"
"VIX","13:07:49",17.8,0.1,3300,12642500,"S"
"VIX","13:07:45",17.8,0.1,2000,12639200,"S"
"VIX","13:07:44",17.8,0.1,500,12637200,"S"
"VIX","13:07:42",17.8,0.1,6400,12636700,"S"
"VIX","13:07:41",17.8,0.1,6500,12630300,"S"
"VIX","13:07:40",17.8,0.1,6000,12623800,"S"
"VIX","13:07:39",17.8,0.1,2000,12617800,"S"
"VIX","13:07:37",17.8,0.1,5000,12615800,"S"
"VIX","13:07:36",17.8,0.1,10000,12610800,"S"
"VIX","13:07:32",17.8,0.1,200,12600800,"S"
"VIX","13:07:30",17.8,0.1,3000,12600600,"S"
"VIX","13:07:26",17.75,0.05,1000,12597600,"B"
"VIX","13:07:21",17.8,0.1,1100,12596600,"S"
"VIX","13:07:21",17.8,0.1,2000,12595500,"S"
"VIX","13:07:16",17.8,0.1,700,12593500,"S"
"VIX","13:07:15",17.8,0.1,200,12592800,"S"
"VIX","13:07:12",17.8,0.1,200,12592600,"S"
"VIX","13:07:07",17.8,0.1,100,12592400,"S"
"VIX","13:07:04",17.8,0.1,100,12592300,"S"
"VIX","13:07:03",17.8,0.1,2200,12592200,"B"
"VIX","13:07:02",17.8,0.1,800,12590000,"S"
"VIX","13:06:59",17.8,0.1,100,12589200,"B"
"VIX","13:06:58",17.85,0.15,15300,12589100,"S"
"VIX","13:06:58",17.8,0.1,19700,12573800,"S"
"VIX","13:06:56",17.8,0.1,10300,12554100,"B"
"VIX","13:06:55",17.8,0.1,7300,12543800,"S"
"VIX","13:06:52",17.8,0.1,3000,12536500,"S"
"VIX","13:06:50",17.8,0.1,55000,12533500,"B"
"VIX","13:06:44",17.8,0.1,20000,12478500,"B"
"VIX","13:06:42",17.8,0.1,10000,12458500,"B"
"VIX","13:06:40",17.8,0.1,1000,12448500,"B"
"VIX","13:06:38",17.8,0.1,1700,12447500,"B"
"VIX","13:06:36",17.8,0.1,100,12445800,"B"
"VIX","13:06:32",17.8,0.1,3000,12445700,"B"
"VIX","13:06:28",17.8,0.1,5000,12442700,"B"
"VIX","13:06:25",17.8,0.1,1800,12437700,"B"
"VIX","13:06:20",17.8,0.1,700,12435900,"B"
"VIX","13:06:14",17.8,0.1,2200,12435200,"B"
"VIX","13:06:11",17.8,0.1,7500,12433000,"B"
"VIX","13:06:07",17.8,0.1,600,12425500,"B"
"VIX","13:06:04",17.8,0.1,153900,12424900,"S"
"VIX","13:06:03",17.75,0.05,6000,12271000,"B"
"VIX","13:06:00",17.8,0.1,2600,12265000,"S"
"VIX","13:06:00",17.75,0.05,500,12262400,"B"
"VIX","13:05:55",17.75,0.05,100,12261900,"B"
"VIX","13:05:47",17.8,0.1,50000,12261800,"S"
"VIX","13:05:39",17.75,0.05,1300,12211800,"S"
"VIX","13:05:38",17.75,0.05,500,12210500,"S"
"VIX","13:05:37",17.75,0.05,100,12210000,"S"
"VIX","13:05:33",17.75,0.05,100,12209900,"S"
"VIX","13:05:31",17.75,0.05,6000,12209800,"S"
"VIX","13:05:30",17.75,0.05,600,12203800,"S"
"VIX","13:05:28",17.75,0.05,100,12203200,"S"
"VIX","13:05:25",17.75,0.05,41800,12203100,"B"
"VIX","13:05:22",17.75,0.05,500,12161300,"B"
"VIX","13:05:21",17.75,0.05,27700,12160800,"B"
"VIX","13:05:21",17.75,0.05,22300,12133100,"B"
"VIX","13:05:15",17.8,0.1,8500,12110800,"S"
"VIX","13:05:13",17.75,0.05,500,12102300,"B"
"VIX","13:05:11",17.75,0.05,15000,12101800,"B"
"VIX","13:05:04",17.8,0.1,700,12086800,"S"
"VIX","13:04:58",17.75,0.05,3000,12086100,"B"
"VIX","13:04:52",17.75,0.05,10000,12083100,"B"
"VIX","13:04:47",17.75,0.05,30000,12073100,"B"
"VIX","13:04:44",17.75,0.05,30000,12043100,"B"
"VIX","13:04:41",17.8,0.1,100,12013100,"S"
"VIX","13:04:40",17.75,0.05,100,12013000,"B"
"VIX","13:04:34",17.75,0.05,500,12012900,"B"
"VIX","13:04:30",17.75,0.05,200,12012400,"B"
"VIX","13:04:26",17.75,0.05,1000,12012200,"B"
"VIX","13:04:25",17.8,0.1,5200,12011200,"S"
"VIX","13:04:21",17.75,0.05,2000,12006000,"B"
"VIX","13:04:18",17.8,0.1,100,12004000,"S"
"VIX","13:04:15",17.75,0.05,600,12003900,"B"
"VIX","13:04:03",17.75,0.05,3000,12003300,"B"
"VIX","13:03:52",17.75,0.05,10000,12000300,"B"
"VIX","13:03:39",17.8,0.1,3000,11990300,"S"
"VIX","13:03:32",17.75,0.05,10000,11987300,"B"
"VIX","13:03:22",17.75,0.05,500,11977300,"B"
"VIX","13:03:14",17.75,0.05,15000,11976800,"B"
"VIX","13:03:14",17.8,0.1,5000,11961800,"S"
"VIX","13:03:12",17.75,0.05,8000,11956800,"B"
"VIX","13:02:54",17.75,0.05,26700,11948800,"S"
"VIX","13:02:52",17.75,0.05,8000,11922100,"S"
"VIX","13:02:46",17.75,0.05,45000,11914100,"S"
"VIX","13:02:45",17.75,0.05,800,11869100,"S"
"VIX","13:02:37",17.75,0.05,6000,11868300,"S"
"VIX","13:02:26",17.75,0.05,200,11862300,"S"
"VIX","13:02:23",17.75,0.05,6000,11862100,"S"
"VIX","13:02:21",17.75,0.05,4000,11856100,"S"
"VIX","13:02:16",17.75,0.05,2000,11852100,"S"
"VIX","13:02:13",17.75,0.05,2000,11850100,"S"
"VIX","13:02:10",17.75,0.05,2000,11848100,"S"
"VIX","13:02:07",17.75,0.05,2700,11846100,"S"
"VIX","13:02:07",17.75,0.05,400,11843400,"S"
"VIX","13:02:06",17.75,0.05,2000,11843000,"S"
"VIX","13:02:06",17.75,0.05,5000,11841000,"S"
"VIX","13:02:05",17.75,0.05,100,11836000,"S"
"VIX","13:02:04",17.75,0.05,200,11835900,"S"
"VIX","13:01:58",17.75,0.05,400,11835700,"S"
"VIX","13:01:56",17.7,0,5000,11835300,"B"
"VIX","13:01:54",17.75,0.05,5000,11830300,"S"
"VIX","13:01:53",17.75,0.05,5000,11825300,"S"
"VIX","13:01:30",17.75,0.05,100,11820300,"S"
"VIX","13:01:26",17.75,0.05,100000,11820200,"S"
"VIX","13:01:21",17.7,0,2100,11720200,"S"
"VIX","13:01:18",17.7,0,1000,11718100,"S"
"VIX","13:01:16",17.7,0,200,11717100,"S"
"VIX","13:01:14",17.7,0,1200,11716900,"S"
"VIX","13:01:13",17.7,0,300,11715700,"S"
"VIX","13:01:10",17.7,0,500,11715400,"S"
"VIX","13:01:09",17.7,0,12000,11714900,"S"
"VIX","13:01:08",17.7,0,5000,11702900,"S"
"VIX","13:01:07",17.7,0,3000,11697900,"S"
"VIX","13:01:06",17.7,0,8000,11694900,"S"
"VIX","13:01:04",17.7,0,500,11686900,"S"
"VIX","13:01:01",17.7,0,11500,11686400,"S"
"VIX","13:01:00",17.7,0,1000,11674900,"S"
"VIX","13:00:43",17.7,0,1000,11673900,"S"
"VIX","13:00:42",17.7,0,1000,11672900,"S"
"VIX","13:00:31",17.7,0,5200,11671900,"S"
"VIX","13:00:31",17.65,-0.05,200,11666700,"B"
"VIX","13:00:30",17.65,-0.05,2200,11666500,"B"
"VIX","13:00:30",17.7,0,1000,11664300,"S"
"VIX","13:00:30",17.65,-0.05,800,11663300,"B"
"VIX","13:00:30",17.7,0,500,11662500,"S"
"VIX","13:00:30",17.65,-0.05,1400,11662000,"B"
"VIX","13:00:30",17.7,0,1400,11660600,"B"
"VIX","13:00:26",17.7,0,4800,11659200,"B"
"VIX","13:00:26",17.7,0,196200,11654400,"B"
"VIX","13:00:24",17.7,0,39200,11458200,"B"
"VIX","13:00:22",17.7,0,5500,11419000,"B"
"VIX","13:00:21",17.7,0,100,11413500,"B"
"VIX","13:00:20",17.75,0.05,3000,11413400,"S"
"VIX","13:00:19",17.75,0.05,5000,11410400,"S"
"VIX","13:00:18",17.7,0,3900,11405400,"B"
"VIX","13:00:16",17.7,0,6000,11401500,"B"
"VIX","13:00:15",17.7,0,500,11395500,"B"
"VIX","13:00:14",17.7,0,700,11395000,"B"
"VIX","13:00:13",17.75,0.05,6500,11394300,"S"
"VIX","13:00:12",17.7,0,14500,11387800,"B"
"VIX","13:00:10",17.7,0,600,11373300,"B"
"VIX","13:00:10",17.7,0,1300,11372700,"B"
"VIX","13:00:09",17.7,0,2000,11371400,"B"
"VIX","13:00:09",17.7,0,5000,11369400,"B"
"VIX","13:00:08",17.7,0,100,11364400,"B"
"VIX","13:00:08",17.7,0,500,11364300,"B"
"VIX","13:00:05",17.7,0,700,11363800,"B"
"VIX","13:00:04",17.7,0,700,11363100,"B"
"VIX","13:00:03",17.7,0,15000,11362400,"B"
"VIX","13:00:03",17.7,0,3100,11347400,"B"
"VIX","13:00:02",17.7,0,20600,11344300,"B"
"VIX","13:00:02",17.7,0,1200,11323700,"B"
"VIX","13:00:02",17.75,0.05,100,11322500,"S"
"VIX","13:00:02",17.7,0,11400,11322400,"B"
"VIX","13:00:02",17.75,0.05,200,11311000,"S"
"VIX","13:00:02",17.7,0,2000,11310800,"B"
"VIX","13:00:02",17.75,0.05,10000,11308800,"S"
"VIX","13:00:01",17.7,0,1000,11298800,"B"
"VIX","13:00:00",17.7,0,300,11297800,"B"
"VIX","13:00:00",17.75,0.05,1500,11297500,"S"
"VIX","13:00:00",17.7,0,300,11296000,"B"
"VIX","11:29:58",17.7,0,5000,11295700,"B"
"VIX","11:29:56",17.7,0,100,11290700,"B"
"VIX","11:29:48",17.75,0.05,200,11290600,"S"
"VIX","11:29:43",17.7,0,20000,11290400,"B"
"VIX","11:29:41",17.7,0,1000,11269900,"B"
"VIX","11:29:28",17.7,0,3400,11268900,"B"
"VIX","11:29:23",17.7,0,2200,11265500,"B"
"VIX","11:29:15",17.7,0,300,11263300,"B"
"VIX","11:29:13",17.7,0,25000,11263000,"B"
"VIX","11:29:12",17.75,0.05,700,11238000,"S"
"VIX","11:29:08",17.7,0,30100,11237300,"B"
"VIX","11:29:00",17.7,0,1600,11207200,"B"
"VIX","11:28:57",17.7,0,2000,11205600,"B"
"VIX","11:28:55",17.7,0,5000,11203600,"B"
"VIX","11:28:51",17.7,0,1000,11198600,"B"
"VIX","11:28:43",17.7,0,500,11197600,"B"
"VIX","11:28:40",17.75,0.05,13000,11197100,"S"
"VIX","11:28:38",17.7,0,500,11184100,"B"
"VIX","11:28:36",17.7,0,6000,11183600,"B"
"VIX","11:28:36",17.75,0.05,1000,11177600,"S"
"VIX","11:28:33",17.7,0,3200,11176600,"B"
"VIX","11:28:24",17.7,0,500,11173400,"B"
"VIX","11:28:14",17.7,0,1800,11172900,"B"
"VIX","11:28:13",17.7,0,8200,11171100,"B"
"VIX","11:28:04",17.7,0,5600,11162900,"B"
"VIX","11:27:56",17.7,0,20000,11157300,"B"
"VIX","11:27:55",17.7,0,2000,11137300,"B"
"VIX","11:27:42",17.7,0,500,11135300,"B"
"VIX","11:27:38",17.7,0,10000,11134800,"B"
"VIX","11:27:33",17.75,0.05,500,11124800,"S"
"VIX","11:27:29",17.7,0,3500,11124300,"B"
"VIX","11:27:26",17.7,0,1000,11120800,"B"
"VIX","11:27:20",17.7,0,100,11119800,"B"
"VIX","11:27:18",17.75,0.05,1000,11119700,"S"
"VIX","11:27:14",17.7,0,100,11118700,"B"
"VIX","11:27:07",17.7,0,112800,11118600,"B"
"VIX","11:27:07",17.7,0,87200,11005800,"B"
"VIX","11:27:02",17.7,0,1000,10918600,"B"
"VIX","11:26:49",17.75,0.05,100,10917600,"S"
"VIX","11:26:37",17.75,0.05,20000,10917500,"S"
"VIX","11:26:37",17.75,0.05,10000,10897500,"S"
"VIX","11:26:32",17.7,0,8400,10887500,"B"
"VIX","11:26:29",17.7,0,20100,10879100,"B"
"VIX","11:26:28",17.7,0,700,10859000,"B"
"VIX","11:26:25",17.75,0.05,18000,10858300,"S"
"VIX","11:26:21",17.7,0,200,10840300,"B"
"VIX","11:26:11",17.7,0,100,10840100,"B"
"VIX","11:26:08",17.7,0,900,10840000,"B"
"VIX","11:26:07",17.75,0.05,100,10839100,"S"
"VIX","11:26:05",17.75,0.05,2000,10839000,"S"
"VIX","11:25:56",17.75,0.05,600,10837000,"S"
"VIX","11:25:49",17.75,0.05,500,10836400,"S"
"VIX","11:25:49",17.7,0,2000,10835900,"B"
"VIX","11:25:42",17.7,0,5000,10833900,"B"
"VIX","11:25:34",17.75,0.05,1000,10828900,"S"
"VIX","11:25:08",17.75,0.05,100,10827900,"S"
"VIX","11:25:02",17.75,0.05,1000,10827800,"S"
"VIX","11:24:58",17.75,0.05,7700,10826800,"S"
"VIX","11:24:47",17.75,0.05,5000,10819100,"S"
"VIX","11:24:37",17.75,0.05,20000,10814100,"S"
"VIX","11:24:29",17.75,0.05,1500,10794100,"B"
"VIX","11:24:28",17.75,0.05,20000,10792600,"B"
"VIX","11:24:27",17.75,0.05,1000,10772600,"B"
"VIX","11:24:23",17.75,0.05,5400,10771600,"B"
"VIX","11:24:22",17.75,0.05,200,10766200,"B"
"VIX","11:24:16",17.75,0.05,1000,10766000,"B"
"VIX","11:24:12",17.75,0.05,10000,10765000,"B"
"VIX","11:24:10",17.75,0.05,500,10755000,"B"
"VIX","11:24:08",17.75,0.05,8200,10754500,"B"
"VIX","11:24:07",17.75,0.05,20000,10746300,"B"
"VIX","11:24:04",17.75,0.05,20000,10726300,"B"
"VIX","11:23:59",17.75,0.05,5000,10706300,"B"
"VIX","11:23:51",17.75,0.05,1000,10701300,"B"
"VIX","11:23:50",17.75,0.05,100,10700300,"B"
"VIX","11:23:46",17.75,0.05,10500,10700200,"B"
"VIX","11:23:41",17.75,0.05,60000,10689700,"B"
"VIX","11:23:40",17.75,0.05,20000,10629700,"B"
"VIX","11:23:37",17.8,0.1,2000,10609700,"S"
"VIX","11:23:30",17.75,0.05,700,10607700,"B"
"VIX","11:23:27",17.75,0.05,5000,10607000,"B"
"VIX","11:23:24",17.75,0.05,200,10602000,"B"
"VIX","11:23:20",17.75,0.05,600,10601800,"B"
"VIX","11:23:11",17.75,0.05,700,10601200,"B"
"VIX","11:23:08",17.8,0.1,200,10600500,"S"
"VIX","11:23:07",17.75,0.05,2000,10600300,"B"
"VIX","11:23:01",17.75,0.05,20000,10598300,"B"
"VIX","11:22:49",17.8,0.1,100,10578300,"S"
"VIX","11:22:39",17.75,0.05,2000,10578200,"B"
"VIX","11:22:25",17.75,0.05,10000,10576200,"B"
"VIX","11:22:22",17.75,0.05,5400,10566200,"B"
"VIX","11:22:19",17.8,0.1,2000,10560800,"S"
"VIX","11:22:17",17.75,0.05,400,10558800,"B"
"VIX","11:22:15",17.75,0.05,5000,10558400,"B"
"VIX","11:21:09",17.8,0.1,500,10553400,"S"
"VIX","11:21:08",17.75,0.05,1000,10552900,"B"
"VIX","11:21:01",17.8,0.1,4300,10551900,"S"
"VIX","11:20:55",17.75,0.05,200,10547600,"B"
"VIX","11:20:54",17.8,0.1,1800,10547400,"S"
"VIX","11:20:49",17.75,0.05,2500,10545600,"B"
"VIX","11:20:45",17.75,0.05,100,10543100,"B"
"VIX","11:20:41",17.75,0.05,15000,10543000,"B"
"VIX","11:20:39",17.75,0.05,600,10528000,"B"
"VIX","11:20:30",17.75,0.05,400,10527400,"B"
"VIX","11:20:27",17.8,0.1,300,10527000,"S"
"VIX","11:20:26",17.75,0.05,200,10525700,"B"
"VIX","11:20:25",17.75,0.05,1000,10525500,"B"
"VIX","11:20:14",17.75,0.05,16700,10524500,"B"
"VIX","11:20:14",17.75,0.05,3300,10507800,"B"
"VIX","11:20:08",17.75,0.05,5000,10504500,"B"
"VIX","11:20:02",17.75,0.05,500,10499500,"B"
"VIX","11:19:55",17.75,0.05,100,10499000,"B"
"VIX","11:19:51",17.75,0.05,1000,10498900,"B"
"VIX","11:19:47",17.75,0.05,1000,10497900,"B"
"VIX","11:19:37",17.75,0.05,3000,10496900,"B"
"VIX","11:19:30",17.75,0.05,200,10493900,"B"
"VIX","11:19:30",17.75,0.05,500,10493700,"B"
"VIX","11:19:29",17.75,0.05,7000,10493200,"B"
"VIX","11:19:21",17.75,0.05,100,10486200,"B"
"VIX","11:19:16",17.75,0.05,300,10486100,"B"
"VIX","11:19:10",17.75,0.05,3000,10485800,"B"
"VIX","11:18:59",17.75,0.05,50000,10482800,"B"
"VIX","11:18:48",17.75,0.05,1200,10432800,"B"
"VIX","11:18:28",17.75,0.05,200,10431600,"B"
"VIX","11:18:24",17.8,0.1,6500,10431400,"S"
"VIX","11:18:11",17.8,0.1,2600,10424900,"S"
"VIX","11:18:10",17.75,0.05,100,10422300,"B"
"VIX","11:17:45",17.8,0.1,10000,10422200,"S"
"VIX","11:17:36",17.8,0.1,100,10412200,"S"
"VIX","11:17:34",17.75,0.05,100,10412100,"B"
"VIX","11:17:34",17.8,0.1,300,10412000,"S"
"VIX","11:17:16",17.8,0.1,100,10411700,"S"
"VIX","11:17:09",17.8,0.1,3000,10411600,"S"
"VIX","11:17:06",17.8,0.1,100,10408600,"S"
"VIX","11:17:04",17.8,0.1,100,10408500,"S"
"VIX","11:16:44",17.8,0.1,2000,10408400,"S"
"VIX","11:16:43",17.75,0.05,100,10406400,"B"
"VIX","11:16:13",17.8,0.1,300,10406300,"S"
"VIX","11:15:59",17.75,0.05,700,10406000,"B"
"VIX","11:15:56",17.8,0.1,1000,10405300,"S"
"VIX","11:15:34",17.8,0.1,100,10404300,"S"
"VIX","11:15:09",17.75,0.05,5000,10404200,"B"
"VIX","11:15:08",17.8,0.1,10000,10399200,"S"
"VIX","11:15:08",17.75,0.05,1000,10389200,"B"
"VIX","11:15:05",17.75,0.05,5000,10388200,"B"
"VIX","11:15:03",17.75,0.05,1200,10383200,"B"
"VIX","11:15:02",17.75,0.05,5000,10382000,"B"
"VIX","11:14:59",17.8,0.1,5000,10377000,"S"
"VIX","11:14:57",17.75,0.05,600,10372000,"B"
"VIX","11:14:54",17.75,0.05,7000,10371400,"B"
"VIX","11:14:46",17.75,0.05,2500,10364400,"B"
"VIX","11:14:44",17.75,0.05,500,10361900,"B"
"VIX","11:14:39",17.75,0.05,100,10361400,"B"
"VIX","11:14:34",17.75,0.05,4000,10361300,"B"
"VIX","11:14:28",17.75,0.05,20000,10357300,"B"
"VIX","11:14:14",17.75,0.05,1000,10337300,"B"
"VIX","11:14:01",17.75,0.05,700,10336300,"B"
"VIX","11:13:26",17.75,0.05,10000,10335600,"B"
"VIX","11:13:11",17.8,0.1,1000,10325600,"S"
"VIX","11:13:11",17.75,0.05,500,10324600,"B"
"VIX","11:13:09",17.75,0.05,200,10324100,"B"
"VIX","11:12:57",17.8,0.1,900,10323900,"S"
"VIX","11:12:47",17.8,0.1,200,10323000,"S"
"VIX","11:12:43",17.8,0.1,2000,10322800,"S"
"VIX","11:12:38",17.8,0.1,100,10320800,"S"
"VIX","11:12:36",17.8,0.1,4000,10320700,"S"
"VIX","11:12:28",17.8,0.1,1100,10316700,"S"
"VIX","11:12:27",17.8,0.1,500,10315600,"S"
"VIX","11:12:22",17.8,0.1,7000,10315100,"B"
"VIX","11:12:19",17.8,0.1,14500,10308100,"B"
"VIX","11:12:18",17.8,0.1,50000,10293600,"B"
"VIX","11:12:15",17.8,0.1,38700,10243600,"B"
"VIX","11:12:12",17.8,0.1,20000,10204900,"B"
"VIX","11:12:11",17.8,0.1,5000,10184900,"B"
"VIX","11:12:08",17.8,0.1,35800,10179900,"B"
"VIX","11:12:04",17.8,0.1,500,10144100,"B"
"VIX","11:12:02",17.8,0.1,700,10143600,"B"
"VIX","11:11:56",17.8,0.1,1000,10142900,"B"
"VIX","11:11:55",17.85,0.15,100,10141900,"S"
"VIX","11:11:53",17.8,0.1,50000,10141800,"B"
"VIX","11:11:48",17.8,0.1,1700,10091800,"B"
"VIX","11:11:45",17.8,0.1,2000,10090100,"B"
"VIX","11:11:42",17.8,0.1,200,10088100,"B"
"VIX","11:11:27",17.8,0.1,5000,10087900,"B"
"VIX","11:11:01",17.8,0.1,5000,10082900,"B"
"VIX","11:10:59",17.8,0.1,28200,10077900,"B"
"VIX","11:10:57",17.8,0.1,1000,10049700,"B"
"VIX","11:10:54",17.8,0.1,2000,10048700,"B"
"VIX","11:10:53",17.8,0.1,5000,10046700,"B"
"VIX","11:10:48",17.8,0.1,5000,10041700,"B"
"VIX","11:10:46",17.8,0.1,3900,10036700,"B"
"VIX","11:10:42",17.8,0.1,3000,10032800,"B"
"VIX","11:10:37",17.8,0.1,10100,10029800,"B"
"VIX","11:10:31",17.8,0.1,5000,10019700,"B"
"VIX","11:10:28",17.8,0.1,2000,10014700,"B"
"VIX","11:10:23",17.8,0.1,600,10012700,"B"
"VIX","11:10:21",17.8,0.1,5000,10012100,"B"
"VIX","11:10:15",17.8,0.1,200,10006400,"B"
"VIX","11:10:09",17.8,0.1,5000,10006200,"B"
"VIX","11:10:08",17.8,0.1,2000,10001200,"B"
"VIX","11:10:07",17.8,0.1,3000,9999200,"B"
"VIX","11:10:06",17.8,0.1,1500,9996200,"B"
"VIX","11:10:04",17.8,0.1,30000,9994700,"B"
"VIX","11:09:55",17.8,0.1,9000,9964700,"B"
"VIX","11:09:53",17.8,0.1,500,9955700,"B"
"VIX","11:09:49",17.8,0.1,3700,9955200,"B"
"VIX","11:09:42",17.8,0.1,3000,9951500,"B"
"VIX","11:09:33",17.8,0.1,5000,9948500,"B"
"VIX","11:09:29",17.8,0.1,200,9943500,"B"
"VIX","11:09:24",17.8,0.1,1000,9943300,"B"
"VIX","11:09:13",17.8,0.1,1000,9942300,"B"
"VIX","11:09:07",17.8,0.1,10500,9941300,"B"
"VIX","11:09:05",17.8,0.1,1000,9930800,"B"
"VIX","11:09:00",17.8,0.1,500,9929800,"B"
"VIX","11:08:59",17.8,0.1,1000,9929300,"B"
"VIX","11:08:48",17.8,0.1,1000,9928300,"B"
"VIX","11:08:47",17.8,0.1,500,9927300,"B"
"VIX","11:08:30",17.8,0.1,400,9926800,"B"
"VIX","11:08:19",17.8,0.1,1000,9926400,"B"
"VIX","11:08:18",17.8,0.1,300,9925400,"B"
"VIX","11:08:15",17.8,0.1,1000,9925100,"B"
"VIX","11:08:15",17.85,0.15,100,9924100,"S"
"VIX","11:08:01",17.8,0.1,30000,9924000,"B"
"VIX","11:08:01",17.85,0.15,100,9894000,"S"
"VIX","11:07:38",17.85,0.15,300,9893900,"S"
"VIX","11:07:37",17.8,0.1,2000,9893600,"B"
"VIX","11:07:34",17.8,0.1,400,9891600,"B"
"VIX","11:07:29",17.8,0.1,2000,9891200,"B"
"VIX","11:07:14",17.8,0.1,1300,9889200,"B"
"VIX","11:06:56",17.8,0.1,2000,9887900,"B"
"VIX","11:06:46",17.8,0.1,5000,9885900,"B"
"VIX","11:06:39",17.8,0.1,10200,9880900,"B"
"VIX","11:06:38",17.8,0.1,1500,9870700,"B"
"VIX","11:06:34",17.8,0.1,200,9869200,"B"
"VIX","11:06:33",17.85,0.15,300,9869000,"S"
"VIX","11:06:19",17.8,0.1,5900,9868700,"B"
"VIX","11:06:13",17.8,0.1,7200,9862800,"B"
"VIX","11:06:02",17.8,0.1,7000,9855600,"B"
"VIX","11:05:59",17.8,0.1,10000,9848600,"B"
"VIX","11:05:47",17.85,0.15,100,9838600,"S"
"VIX","11:05:46",17.8,0.1,500,9838500,"B"
"VIX","11:05:45",17.8,0.1,10000,9838000,"B"
"VIX","11:05:42",17.8,0.1,100,9828000,"B"
"VIX","11:05:31",17.8,0.1,300,9827900,"B"
"VIX","11:05:15",17.8,0.1,100,9827600,"B"
"VIX","11:05:14",17.8,0.1,3500,9827500,"B"
"VIX","11:05:11",17.8,0.1,500,9824000,"B"
"VIX","11:05:09",17.8,0.1,300,9823500,"B"
"VIX","11:05:07",17.8,0.1,100,9823200,"B"
"VIX","11:05:05",17.8,0.1,100,9823100,"B"
"VIX","11:04:37",17.8,0.1,1200,9823000,"B"
"VIX","11:04:30",17.8,0.1,5000,9821800,"B"
"VIX","11:04:20",17.8,0.1,700,9816800,"B"
"VIX","11:04:17",17.8,0.1,2300,9816100,"B"
"VIX","11:03:52",17.8,0.1,100,9813800,"B"
"VIX","11:03:49",17.8,0.1,600,9813700,"B"
"VIX","11:03:41",17.8,0.1,200,9813100,"B"
"VIX","11:03:27",17.85,0.15,1000,9812900,"S"
"VIX","11:03:26",17.85,0.15,300,9811900,"S"
"VIX","11:03:22",17.8,0.1,500,9811600,"B"
"VIX","11:03:20",17.8,0.1,5000,9811100,"B"
"VIX","11:03:05",17.8,0.1,100,9806100,"B"
"VIX","11:02:58",17.85,0.15,500,9806000,"S"
"VIX","11:02:41",17.85,0.15,100,9805500,"S"
"VIX","11:02:34",17.85,0.15,200,9805400,"S"
"VIX","11:02:26",17.8,0.1,100,9805200,"B"
"VIX","11:02:22",17.85,0.15,2700,9805100,"S"
"VIX","11:02:16",17.85,0.15,100,9802400,"S"
"VIX","11:02:12",17.85,0.15,1000,9802300,"S"
"VIX","11:02:07",17.85,0.15,100,9801300,"S"
"VIX","11:01:59",17.85,0.15,500,9801200,"S"
"VIX","11:01:39",17.85,0.15,2000,9800700,"S"
"VIX","11:01:33",17.85,0.15,50000,9798700,"S"
"VIX","11:01:32",17.85,0.15,500,9748700,"S"
"VIX","11:01:30",17.85,0.15,100,9748200,"S"
"VIX","11:01:23",17.8,0.1,3000,9748100,"B"
"VIX","11:01:03",17.85,0.15,8000,9745100,"S"
"VIX","11:00:51",17.85,0.15,1000,9737100,"S"
"VIX","11:00:25",17.85,0.15,800,9736100,"S"
"VIX","11:00:23",17.85,0.15,3000,9735300,"S"
"VIX","11:00:22",17.85,0.15,200,9732300,"S"
"VIX","11:00:19",17.8,0.1,10000,9732100,"B"
"VIX","11:00:18",17.85,0.15,5000,9722100,"S"
"VIX","11:00:17",17.85,0.15,300,9717100,"S"
"VIX","11:00:15",17.85,0.15,100,9716800,"S"
"VIX","11:00:07",17.85,0.15,700,9716700,"S"
"VIX","11:00:01",17.8,0.1,1000,9716000,"B"
"VIX","10:59:36",17.8,0.1,10000,9715000,"B"
"VIX","10:59:28",17.85,0.15,5000,9705000,"S"
"VIX","10:59:25",17.8,0.1,100,9700000,"B"
"VIX","10:59:21",17.8,0.1,30000,9699900,"B"
"VIX","10:59:13",17.8,0.1,1000,9669900,"B"
"VIX","10:59:09",17.8,0.1,2000,9668900,"B"
"VIX","10:59:05",17.8,0.1,200,9666900,"B"
"VIX","10:59:04",17.85,0.15,500,9666700,"S"
"VIX","10:59:00",17.8,0.1,500,9666200,"B"
"VIX","10:58:54",17.85,0.15,500,9665700,"S"
"VIX","10:58:34",17.8,0.1,4000,9665200,"B"
"VIX","10:58:26",17.85,0.15,700,9661200,"S"
"VIX","10:58:25",17.8,0.1,1000,9660500,"B"
"VIX","10:58:14",17.85,0.15,200,9659500,"S"
"VIX","10:58:05",17.85,0.15,6100,9659300,"B"
"VIX","10:58:05",17.85,0.15,5000,9653200,"B"
"VIX","10:58:02",17.85,0.15,5100,9648200,"B"
"VIX","10:58:01",17.85,0.15,400,9643100,"B"
"VIX","10:58:00",17.85,0.15,1000,9642700,"B"
"VIX","10:57:59",17.85,0.15,5000,9641700,"B"
"VIX","10:57:57",17.85,0.15,8000,9636700,"B"
"VIX","10:57:54",17.85,0.15,800,9628700,"B"
"VIX","10:57:53",17.85,0.15,100,9627900,"B"
"VIX","10:57:51",17.85,0.15,500,9622800,"B"
"VIX","10:57:50",17.85,0.15,4000,9622300,"B"
"VIX","10:57:48",17.85,0.15,3700,9618300,"B"
"VIX","10:57:48",17.85,0.15,2000,9614600,"B"
"VIX","10:57:45",17.85,0.15,4000,9612600,"B"
"VIX","10:57:44",17.85,0.15,20000,9608600,"B"
"VIX","10:57:42",17.85,0.15,1000,9588600,"B"
"VIX","10:57:42",17.85,0.15,5000,9587600,"B"
"VIX","10:57:40",17.85,0.15,1000,9582600,"B"
"VIX","10:57:39",17.85,0.15,700,9581600,"B"
"VIX","10:57:38",17.85,0.15,20000,9580900,"B"
"VIX","10:57:37",17.85,0.15,9400,9560900,"B"
"VIX","10:57:37",17.85,0.15,3000,9551500,"B"
"VIX","10:57:33",17.85,0.15,2000,9548500,"B"
"VIX","10:57:30",17.85,0.15,7900,9543500,"B"
"VIX","10:57:29",17.85,0.15,1000,9535600,"B"
"VIX","10:57:25",17.85,0.15,1000,9534600,"B"
"VIX","10:57:21",17.9,0.2,15000,9533600,"S"
"VIX","10:57:18",17.85,0.15,100,9518600,"B"
"VIX","10:57:18",17.85,0.15,40000,9518500,"B"
"VIX","10:57:15",17.85,0.15,1800,9478500,"B"
"VIX","10:57:11",17.85,0.15,42000,9476700,"B"
"VIX","10:57:07",17.85,0.15,8200,9434700,"B"
"VIX","10:57:06",17.85,0.15,31800,9426500,"B"
"VIX","10:57:02",17.85,0.15,4500,9394700,"B"
"VIX","10:56:54",17.9,0.2,2000,9390200,"S"
"VIX","10:56:52",17.85,0.15,300,9388200,"B"
"VIX","10:56:44",17.85,0.15,2000,9387900,"B"
"VIX","10:56:42",17.9,0.2,200,9385900,"S"
"VIX","10:56:41",17.85,0.15,40000,9385700,"B"
"VIX","10:56:39",17.85,0.15,4000,9345700,"B"
"VIX","10:56:39",17.9,0.2,1000,9341700,"S"
"VIX","10:56:38",17.85,0.15,1400,9340700,"B"
"VIX","10:56:36",17.9,0.2,1000,9339300,"S"
"VIX","10:56:34",17.9,0.2,4000,9338300,"S"
"VIX","10:56:33",17.9,0.2,100,9334300,"S"
"VIX","10:56:30",17.9,0.2,1500,9334200,"S"
"VIX","10:56:28",17.9,0.2,200,9332700,"S"
"VIX","10:56:24",17.9,0.2,1000,9332000,"S"
"VIX","10:56:23",17.85,0.15,400,9331000,"B"
"VIX","10:56:16",17.9,0.2,100,9330600,"S"
"VIX","10:56:15",17.9,0.2,1000,9330500,"S"
"VIX","10:56:11",17.9,0.2,3200,9329500,"S"
"VIX","10:56:09",17.9,0.2,100,9326300,"S"
"VIX","10:55:58",17.9,0.2,300,9326200,"S"
"VIX","10:55:57",17.9,0.2,30000,9325900,"S"
"VIX","10:55:54",17.9,0.2,8500,9295900,"S"
"VIX","10:55:50",17.9,0.2,300,9287400,"S"
"VIX","10:55:47",17.9,0.2,300,9287100,"S"
"VIX","10:55:44",17.9,0.2,500,9286800,"S"
"VIX","10:55:41",17.9,0.2,100,9286300,"S"
"VIX","10:55:39",17.85,0.15,100,9286200,"B"
"VIX","10:55:38",17.9,0.2,100,9284100,"S"
"VIX","10:55:35",17.9,0.2,17000,9284000,"S"
"VIX","10:55:32",17.9,0.2,10200,9267000,"S"
"VIX","10:55:30",17.9,0.2,1100,9256800,"S"
"VIX","10:55:25",17.9,0.2,500,9255700,"S"
"VIX","10:55:23",17.9,0.2,6800,9255200,"S"
"VIX","10:55:16",17.9,0.2,100,9246800,"S"
"VIX","10:55:15",17.9,0.2,100,9246700,"S"
"VIX","10:55:14",17.9,0.2,2000,9246600,"S"
"VIX","10:55:11",17.9,0.2,2000,9244600,"S"
"VIX","10:54:52",17.9,0.2,100,9242600,"S"
"VIX","10:54:49",17.9,0.2,1600,9242500,"S"
"VIX","10:54:45",17.85,0.15,100,9240900,"B"
"VIX","10:54:40",17.9,0.2,12000,9240800,"S"
"VIX","10:54:39",17.9,0.2,1000,9228800,"S"
"VIX","10:54:36",17.9,0.2,2400,9227800,"S"
"VIX","10:54:31",17.9,0.2,2000,9225400,"S"
"VIX","10:54:27",17.9,0.2,3000,9223400,"S"
"VIX","10:54:26",17.9,0.2,2000,9220400,"S"
"VIX","10:54:20",17.9,0.2,200,9218400,"S"
"VIX","10:54:18",17.9,0.2,500,9218200,"S"
