"price","change","match_qtty","side","time","total_vol"
25900,350,17800,"bu","09:15:12",17800
25900,350,500,"sd","09:15:41",18300
25900,350,1000,"sd","09:16:05",19300
25950,400,100,"bu","09:16:13",19400
25950,400,1900,"bu","09:16:13",21300
25950,400,200,"bu","09:16:19",21500
26000,450,800,"sd","09:16:19",22300
25900,350,100,"sd","09:16:21",22400
25950,400,300,"bu","09:16:24",22700
25950,400,1700,"sd","09:16:48",24400
26000,450,10000,"sd","09:17:13",34400
26000,450,2900,"bu","09:17:15",37300
26000,450,3000,"bu","09:17:21",40300
26000,450,500,"sd","09:17:23",40800
26050,500,400,"sd","09:17:23",41200
26050,500,400,"bu","09:17:25",41600
26050,500,200,"bu","09:17:25",41800
26000,450,900,"sd","09:17:25",42700
26100,550,500,"sd","09:17:40",43200
26100,550,1500,"bu","09:17:40",44700
26100,550,4600,"sd","09:17:47",49300
26100,550,4000,"sd","09:18:00",53300
26150,600,200,"bu","09:18:01",53500
26200,650,4600,"sd","09:18:14",58100
26100,550,9600,"sd","09:18:21",67700
26200,650,1000,"bu","09:18:23",68700
26250,700,3800,"bu","09:18:23",72500
26200,650,100,"bu","09:18:26",72600
26250,700,1400,"sd","09:18:30",74000
26200,650,700,"sd","09:18:36",74700
26200,650,3000,"bu","09:18:36",77700
26250,700,100,"bu","09:18:41",77800
26200,650,5000,"sd","09:19:05",82800
26200,650,400,"sd","09:19:09",83200
26200,650,300,"sd","09:19:17",83500
26200,650,200,"bu","09:19:18",83700
26150,600,800,"sd","09:19:21",84500
26150,600,200,"sd","09:19:22",84700
26150,600,2100,"sd","09:19:30",86800
26200,650,5000,"sd","09:19:35",91800
26150,600,8000,"bu","09:19:36",99800
26150,600,1000,"bu","09:19:39",100800
26200,650,200,"bu","09:19:47",101000
26150,600,1100,"bu","09:19:49",102100
26250,700,5000,"sd","09:19:50",107100
26150,600,100,"bu","09:19:58",107200
26150,600,5800,"sd","09:20:18",113000
26200,650,200,"sd","09:20:24",113200
26150,600,1200,"sd","09:20:34",114400
26150,600,3800,"bu","09:20:43",118200
26150,600,200,"sd","09:20:53",118400
26150,600,700,"bu","09:20:56",119100
26100,550,600,"bu","09:21:03",119700
26150,600,2000,"sd","09:21:36",121700
26150,600,500,"bu","09:21:49",122200
26150,600,10000,"bu","09:22:09",132200
26150,600,300,"sd","09:22:11",132500
26200,650,1200,"sd","09:22:11",133700
26150,600,1700,"sd","09:22:17",135400
26150,600,300,"sd","09:22:17",135700
26150,600,3000,"sd","09:22:48",138700
26150,600,100,"bu","09:22:50",138800
26150,600,20100,"sd","09:23:04",158900
26200,650,5000,"sd","09:23:05",163900
26200,650,5000,"sd","09:23:06",168900
26200,650,2000,"sd","09:23:13",170900
26150,600,100,"sd","09:24:38",171000
26150,600,500,"sd","09:24:50",171500
26150,600,4200,"bu","09:24:57",175700
26150,600,3000,"sd","09:25:04",178700
26150,600,500,"bu","09:25:12",179200
26150,600,4000,"bu","09:25:15",183200
26150,600,10000,"bu","09:25:19",193200
26100,550,5000,"bu","09:25:23",198200
26100,550,1000,"sd","09:25:32",199200
26100,550,100,"sd","09:25:38",199300
26100,550,1000,"sd","09:25:39",200300
26100,550,200,"sd","09:25:41",200500
26100,550,500,"sd","09:25:54",201000
26100,550,1000,"sd","09:26:00",202000
26150,600,2000,"bu","09:26:16",204000
26150,600,100,"bu","09:26:51",204100
26150,600,1000,"sd","09:26:59",205100
26150,600,700,"bu","09:27:29",205800
26150,600,200,"sd","09:27:34",206000
26100,550,500,"sd","09:28:07",206500
26100,550,1500,"sd","09:28:19",208000
26100,550,400,"bu","09:28:34",208400
26100,550,1000,"sd","09:28:38",209400
26100,550,5000,"sd","09:28:46",214400
26100,550,1000,"bu","09:28:47",215400
26100,550,10000,"bu","09:28:52",225400
26100,550,10000,"bu","09:28:55",235400
26100,550,1000,"sd","09:28:56",236400
26150,600,2500,"sd","09:28:59",238900
26100,550,1000,"sd","09:29:00",239900
26100,550,1500,"sd","09:29:05",241400
26100,550,1000,"sd","09:29:07",242400
26100,550,6500,"sd","09:29:20",248900
26050,500,5000,"bu","09:29:28",253900
26050,500,100,"sd","09:29:39",254000
26050,500,10000,"sd","09:29:43",264000
26050,500,100,"bu","09:29:55",264100
26050,500,10000,"sd","09:30:00",274100
26050,500,300,"bu","09:30:08",274400
26050,500,100,"bu","09:30:16",274500
26050,500,3900,"sd","09:30:29",278400
26050,500,1000,"bu","09:30:32",279400
26050,500,100,"bu","09:30:36",279500
26050,500,1000,"bu","09:30:43",280500
26050,500,4100,"sd","09:31:10",284600
26050,500,500,"sd","09:31:49",285100
26050,500,100,"bu","09:31:58",285200
26100,550,2500,"bu","09:32:07",287700
26100,550,6000,"sd","09:32:17",293700
26100,550,600,"sd","09:32:33",294300
26050,500,700,"sd","09:32:39",295000
26050,500,9300,"bu","09:32:40",304300
26100,550,100,"sd","09:33:02",304400
26100,550,500,"sd","09:33:09",304900
26100,550,3900,"sd","09:33:25",308800
26100,550,9900,"bu","09:33:35",318700
26100,550,400,"bu","09:33:49",319100
26100,550,1000,"bu","09:33:55",320100
26100,550,5000,"sd","09:34:13",325100
26100,550,1100,"bu","09:34:20",326200
26100,550,3500,"sd","09:34:52",329700
26100,550,500,"sd","09:34:56",330200
26050,500,2500,"bu","09:34:58",332700
26050,500,100,"bu","09:35:07",332800
26050,500,5000,"sd","09:35:17",337800
26100,550,1600,"sd","09:35:26",339400
26050,500,1000,"bu","09:35:28",340400
26100,550,6000,"bu","09:35:37",346400
26100,550,200,"bu","09:36:10",346600
26100,550,300,"sd","09:36:41",346900
26050,500,100,"sd","09:37:42",347000
26050,500,400,"sd","09:38:32",347400
26100,550,2000,"bu","09:38:56",349400
26100,550,13900,"sd","09:39:06",363300
26050,500,7000,"bu","09:39:11",370300
26100,550,300,"sd","09:39:16",370600
26100,550,100,"sd","09:39:21",370700
26100,550,1900,"sd","09:39:29",372600
26100,550,200,"sd","09:39:32",372800
26100,550,10000,"sd","09:39:36",382800
26100,550,1000,"bu","09:39:37",383800
26100,550,5000,"bu","09:39:40",388800
26100,550,100,"sd","09:39:46",388900
26100,550,800,"bu","09:39:52",389700
26100,550,200,"sd","09:39:55",389900
26100,550,100,"sd","09:39:57",390000
26100,550,2400,"sd","09:40:01",392400
26150,600,10000,"sd","09:40:23",402400
26150,600,5000,"sd","09:40:24",407400
26150,600,100,"sd","09:40:27",407500
26150,600,13700,"bu","09:40:36",421200
26200,650,6000,"sd","09:40:38",427200
26200,650,5000,"sd","09:40:48",432200
26200,650,5000,"bu","09:40:51",437200
26200,650,1600,"sd","09:40:53",438800
26200,650,6000,"bu","09:40:58",444800
26200,650,4400,"sd","09:40:59",449200
26200,650,300,"bu","09:41:00",449500
26200,650,1000,"bu","09:41:00",450500
26250,700,3000,"bu","09:41:03",453500
26250,700,1200,"sd","09:41:09",454700
26200,650,300,"bu","09:41:13",455000
26250,700,2000,"bu","09:41:22",457000
26250,700,3000,"sd","09:41:23",460000
26250,700,5000,"bu","09:41:28",465000
26250,700,3000,"bu","09:41:29",468000
26300,750,9300,"bu","09:41:30",477300
26300,750,16000,"sd","09:41:46",493300
26300,750,3000,"bu","09:41:48",496300
26300,750,200,"bu","09:41:50",496500
26300,750,1000,"bu","09:41:50",497500
26300,750,1500,"sd","09:41:53",499000
26300,750,3800,"bu","09:41:54",502800
26300,750,500,"bu","09:41:55",503300
26300,750,100,"bu","09:42:04",503400
26400,850,11200,"bu","09:42:31",514600
26350,800,200,"bu","09:42:34",514800
26400,850,4000,"bu","09:42:42",518800
26400,850,3300,"bu","09:42:42",522100
26400,850,2000,"bu","09:42:44",524100
26400,850,2900,"sd","09:42:49",527000
26400,850,1000,"sd","09:42:51",528000
26450,900,5100,"sd","09:42:56",533100
26400,850,500,"bu","09:42:57",533600
26450,900,29900,"bu","09:43:10",563500
26450,900,6000,"bu","09:43:10",569500
26450,900,100,"bu","09:43:13",569600
26500,950,1000,"sd","09:43:15",570600
26500,950,21000,"sd","09:43:21",591600
26500,950,300,"sd","09:43:24",591900
26450,900,200,"bu","09:43:28",592100
26450,900,500,"sd","09:43:28",592600
26500,950,2000,"sd","09:43:31",594600
26500,950,1500,"sd","09:43:32",596100
26500,950,1000,"sd","09:43:34",597100
26500,950,4100,"sd","09:43:35",601200
26450,900,5000,"bu","09:43:35",606200
26500,950,600,"bu","09:43:36",606800
26500,950,1400,"bu","09:43:37",608200
26500,950,1500,"sd","09:43:40",609700
26500,950,500,"bu","09:43:41",610200
26500,950,100,"bu","09:43:42",610300
26450,900,1000,"bu","09:43:42",611300
26500,950,300,"bu","09:43:46",611600
26500,950,1300,"bu","09:43:49",612900
26500,950,800,"bu","09:43:52",613700
26500,950,500,"sd","09:43:54",614200
26500,950,2500,"bu","09:43:56",616700
26500,950,1400,"bu","09:44:01",618100
26500,950,1000,"sd","09:44:04",619100
26500,950,5000,"bu","09:44:05",624100
26500,950,2500,"sd","09:44:05",626600
26500,950,600,"bu","09:44:08",627200
26500,950,12600,"bu","09:44:18",639800
26500,950,2000,"sd","09:44:19",641800
26500,950,1000,"sd","09:44:21",642800
26500,950,500,"bu","09:44:22",643300
26500,950,100,"bu","09:44:29",643400
26500,950,1000,"bu","09:44:29",644400
26500,950,1100,"bu","09:44:31",645500
26500,950,3700,"bu","09:44:37",649200
26500,950,200,"bu","09:44:38",649400
26500,950,1400,"bu","09:44:43",650800
26500,950,800,"sd","09:44:44",651600
26500,950,1700,"bu","09:44:44",653300
26500,950,2000,"bu","09:44:48",655300
26500,950,500,"bu","09:44:50",655800
26500,950,100,"bu","09:44:51",655900
26500,950,5600,"bu","09:44:51",661500
26500,950,900,"sd","09:44:53",662400
26500,950,2700,"bu","09:44:54",665100
26500,950,2700,"bu","09:44:59",667800
26500,950,1900,"bu","09:45:02",669700
26550,1000,5000,"sd","09:45:09",674700
26550,1000,200,"sd","09:45:10",674900
26500,950,1000,"bu","09:45:10",675900
26500,950,2000,"sd","09:45:12",677900
26300,750,10000,"sd","09:45:15",687900
26500,950,200,"sd","09:45:18",688100
26500,950,2200,"bu","09:45:31",690300
26450,900,500,"sd","09:45:52",690800
26450,900,600,"bu","09:46:03",691400
26450,900,100,"sd","09:46:05",691500
26450,900,1800,"bu","09:46:11",693300
26450,900,700,"sd","09:46:35",694000
26450,900,5300,"bu","09:46:40",699300
26450,900,100,"sd","09:46:53",699400
26400,850,400,"bu","09:47:03",699800
26400,850,3200,"bu","09:47:12",703000
26400,850,900,"sd","09:47:25",703900
26350,800,100,"sd","09:47:26",704000
26400,850,1000,"sd","09:47:29",705000
26400,850,200,"sd","09:47:30",705200
26350,800,4000,"bu","09:47:33",709200
26400,850,2000,"sd","09:47:39",711200
26350,800,100,"bu","09:47:43",711300
26350,800,2000,"bu","09:48:09",713300
26400,850,1000,"sd","09:48:11",714300
26300,750,8900,"sd","09:48:18",723200
26300,750,30000,"sd","09:48:26",753200
26350,800,400,"sd","09:48:27",753600
26400,850,200,"bu","09:48:31",753800
26400,850,6700,"sd","09:49:11",760500
26400,850,1000,"bu","09:49:16",761500
26400,850,11200,"bu","09:49:24",772700
26400,850,1800,"bu","09:49:40",774500
26400,850,100,"bu","09:49:50",774600
26450,900,3000,"bu","09:49:51",777600
26450,900,1900,"sd","09:49:59",779500
26450,900,400,"bu","09:50:00",779900
26450,900,1000,"bu","09:50:01",780900
26450,900,1100,"bu","09:50:15",782000
26450,900,100,"bu","09:50:17",782100
26450,900,10000,"sd","09:50:23",792100
26500,950,1000,"sd","09:50:25",793100
26500,950,100,"sd","09:50:33",793200
26450,900,1000,"sd","09:50:43",794200
26450,900,7500,"bu","09:51:00",801700
26450,900,200,"sd","09:51:10",801900
26400,850,30300,"sd","09:51:12",832200
26400,850,2200,"bu","09:51:24",834400
26400,850,1000,"bu","09:51:29",835400
26400,850,1800,"sd","09:51:47",837200
26400,850,7600,"bu","09:51:57",844800
26400,850,1000,"sd","09:51:59",845800
26400,850,2000,"sd","09:52:03",847800
26400,850,800,"bu","09:52:25",848600
26400,850,1100,"bu","09:54:13",849700
26400,850,2000,"sd","09:54:17",851700
26400,850,10000,"sd","09:54:25",861700
26400,850,100,"bu","09:54:27",861800
26400,850,3900,"sd","09:54:28",865700
26400,850,200,"bu","09:54:55",865900
26450,900,400,"sd","09:54:55",866300
26450,900,7300,"bu","09:55:16",873600
26400,850,1000,"bu","09:55:17",874600
26450,900,900,"sd","09:55:33",875500
26400,850,100,"bu","09:55:40",875600
26450,900,500,"bu","09:55:58",876100
26400,850,5000,"bu","09:56:00",881100
26400,850,3000,"sd","09:56:05",884100
26400,850,100,"sd","09:56:14",884200
26450,900,300,"bu","09:56:26",884500
26400,850,100,"sd","09:56:39",884600
26400,850,200,"sd","09:56:49",884800
26400,850,4500,"sd","09:57:04",889300
26400,850,100,"bu","09:57:38",889400
26400,850,10000,"sd","09:58:02",899400
26400,850,400,"bu","09:58:10",899800
26400,850,300,"sd","09:58:15",900100
26400,850,100,"sd","09:58:41",900200
26400,850,3400,"bu","09:58:47",903600
26350,800,200,"sd","09:59:15",903800
26400,850,2000,"sd","09:59:18",905800
26400,850,100,"bu","09:59:24",905900
26400,850,200,"sd","09:59:29",906100
26400,850,400,"bu","09:59:34",906500
26400,850,5000,"sd","09:59:45",911500
26400,850,1000,"sd","09:59:50",912500
26400,850,200,"sd","09:59:52",912700
26450,900,1000,"bu","10:00:31",913700
26450,900,100,"sd","10:00:35",913800
26450,900,27300,"sd","10:00:59",941100
26400,850,500,"bu","10:01:01",941600
26450,900,2300,"bu","10:01:05",943900
26450,900,3800,"bu","10:01:07",947700
26450,900,2000,"sd","10:01:13",949700
26500,950,500,"sd","10:01:18",950200
26500,950,200,"sd","10:01:44",950400
26500,950,10000,"bu","10:01:51",960400
26500,950,200,"bu","10:02:34",960600
26500,950,300,"bu","10:02:42",960900
26500,950,9800,"sd","10:02:54",970700
26500,950,2200,"bu","10:02:54",972900
26500,950,300,"sd","10:03:04",973200
26500,950,5000,"bu","10:03:17",978200
26500,950,1000,"sd","10:03:22",979200
26500,950,700,"bu","10:03:25",979900
26500,950,1000,"sd","10:03:27",980900
26500,950,500,"sd","10:03:28",981400
26500,950,3000,"bu","10:03:58",984400
26500,950,8000,"sd","10:04:10",992400
26500,950,600,"bu","10:04:35",993000
26500,950,100,"bu","10:04:36",993100
26500,950,1000,"bu","10:04:45",994100
26500,950,2000,"sd","10:05:09",996100
26500,950,10000,"bu","10:05:14",1006100
26500,950,5400,"bu","10:05:19",1011500
26500,950,100,"bu","10:05:25",1011600
26500,950,12100,"sd","10:05:28",1023700
26500,950,4900,"bu","10:05:35",1028600
26500,950,400,"sd","10:05:57",1029000
26500,950,500,"sd","10:06:18",1029500
26500,950,100,"bu","10:06:30",1029600
26550,1000,1000,"bu","10:06:35",1030600
26500,950,100,"bu","10:06:42",1030700
26500,950,1000,"sd","10:06:52",1031700
26500,950,100,"bu","10:06:59",1031800
26500,950,2000,"sd","10:07:32",1033800
26500,950,1300,"bu","10:07:46",1035100
26500,950,200,"sd","10:07:54",1035300
26500,950,700,"bu","10:08:13",1036000
26500,950,300,"bu","10:08:29",1036300
26500,950,5000,"sd","10:08:29",1041300
26550,1000,1000,"bu","10:08:32",1042300
26500,950,10000,"sd","10:08:37",1052300
26550,1000,3000,"bu","10:08:57",1055300
26550,1000,5000,"sd","10:09:22",1060300
26550,1000,6300,"bu","10:09:47",1066600
26550,1000,300,"sd","10:10:04",1066900
26550,1000,200,"sd","10:10:14",1067100
26550,1000,1300,"bu","10:10:33",1068400
26550,1000,20000,"sd","10:10:46",1088400
26550,1000,1100,"bu","10:10:51",1089500
26550,1000,2500,"sd","10:10:52",1092000
26550,1000,10000,"sd","10:10:54",1102000
26550,1000,800,"sd","10:10:57",1102800
26600,1050,15000,"sd","10:11:02",1117800
26600,1050,300,"sd","10:11:18",1118100
26600,1050,2000,"sd","10:11:22",1120100
26600,1050,5000,"sd","10:11:25",1125100
26600,1050,600,"sd","10:11:29",1125700
26600,1050,11000,"bu","10:11:30",1136700
26550,1000,1500,"sd","10:11:33",1138200
26650,1100,1000,"bu","10:11:35",1139200
26650,1100,2100,"sd","10:11:51",1141300
26650,1100,1500,"bu","10:12:07",1142800
26650,1100,500,"sd","10:12:17",1143300
26700,1150,8500,"sd","10:12:32",1151800
26650,1100,100,"bu","10:12:42",1151900
26650,1100,1900,"bu","10:12:43",1153800
26700,1150,1000,"bu","10:12:44",1154800
26650,1100,3000,"bu","10:12:59",1157800
26700,1150,500,"sd","10:13:08",1158300
26700,1150,1000,"bu","10:13:15",1159300
26650,1100,600,"bu","10:13:16",1159900
26650,1100,500,"bu","10:13:24",1160400
26650,1100,10000,"bu","10:13:42",1170400
26700,1150,10000,"sd","10:13:58",1180400
26650,1100,5000,"sd","10:14:04",1185400
26700,1150,3600,"bu","10:14:06",1189000
26700,1150,9800,"sd","10:14:12",1198800
26700,1150,100,"sd","10:14:18",1198900
26750,1200,2000,"bu","10:14:19",1200900
26750,1200,5500,"bu","10:14:26",1206400
26750,1200,100,"sd","10:14:34",1206500
26750,1200,1000,"sd","10:14:36",1207500
26800,1250,20600,"sd","10:14:42",1228100
26750,1200,2000,"bu","10:14:45",1230100
26800,1250,1000,"bu","10:14:47",1231100
26800,1250,5000,"bu","10:14:48",1236100
26800,1250,3900,"sd","10:14:50",1240000
26800,1250,200,"sd","10:14:51",1240200
26800,1250,2000,"sd","10:14:51",1242200
26850,1300,5000,"bu","10:14:53",1247200
26850,1300,1900,"bu","10:14:56",1249100
26900,1350,1000,"sd","10:14:59",1250100
26900,1350,2200,"sd","10:15:03",1252300
26900,1350,2000,"bu","10:15:12",1254300
26900,1350,7400,"sd","10:15:15",1261700
26900,1350,1500,"bu","10:15:17",1263200
26900,1350,1000,"bu","10:15:18",1264200
26900,1350,5200,"bu","10:15:24",1269400
26900,1350,1000,"sd","10:15:27",1270400
26900,1350,50000,"bu","10:15:30",1320400
26900,1350,6000,"bu","10:15:31",1326400
26900,1350,4000,"sd","10:15:32",1330400
26850,1300,300,"sd","10:15:37",1330700
26900,1350,2300,"bu","10:15:38",1333000
26900,1350,200,"sd","10:15:38",1333200
26850,1300,3000,"sd","10:15:42",1336200
26900,1350,500,"bu","10:15:43",1336700
26900,1350,1000,"sd","10:15:46",1337700
26900,1350,8200,"sd","10:15:52",1345900
26900,1350,900,"sd","10:15:54",1346800
26900,1350,900,"sd","10:16:03",1347700
26900,1350,20000,"sd","10:16:11",1367700
26850,1300,5300,"bu","10:16:21",1373000
26850,1300,200,"sd","10:16:27",1373200
26850,1300,1000,"sd","10:16:28",1374200
26850,1300,8000,"bu","10:16:37",1382200
26850,1300,200,"bu","10:16:41",1382400
26850,1300,1800,"sd","10:16:42",1384200
26800,1250,1000,"bu","10:16:49",1385200
26850,1300,200,"bu","10:16:49",1385400
26850,1300,1000,"bu","10:17:05",1386400
26800,1250,300,"bu","10:17:09",1386700
26850,1300,500,"bu","10:17:10",1387200
26850,1300,300,"bu","10:17:17",1387500
26850,1300,1000,"sd","10:17:36",1388500
26800,1250,3000,"bu","10:17:38",1391500
26800,1250,4500,"sd","10:17:49",1396000
26800,1250,3000,"sd","10:17:50",1399000
26800,1250,1000,"bu","10:17:52",1400000
26800,1250,500,"sd","10:17:53",1400500
26800,1250,5000,"bu","10:17:54",1405500
26800,1250,2000,"sd","10:17:56",1407500
26800,1250,4800,"bu","10:18:00",1412300
26800,1250,400,"sd","10:18:02",1412700
26800,1250,100,"bu","10:18:03",1412800
26800,1250,2100,"sd","10:18:11",1414900
26750,1200,200,"bu","10:18:14",1415100
26750,1200,24000,"bu","10:18:24",1439100
26750,1200,500,"bu","10:18:27",1439600
26750,1200,400,"sd","10:18:31",1440000
26750,1200,900,"sd","10:18:33",1440900
26700,1150,2000,"bu","10:18:38",1442900
26700,1150,500,"sd","10:18:39",1443400
26700,1150,600,"bu","10:18:47",1444000
26750,1200,300,"sd","10:18:53",1444300
26700,1150,500,"bu","10:19:14",1444800
26700,1150,12600,"bu","10:19:21",1457400
26700,1150,2000,"sd","10:19:35",1459400
26700,1150,400,"bu","10:19:39",1459800
26700,1150,500,"sd","10:19:59",1460300
26700,1150,100,"sd","10:20:04",1460400
26700,1150,1000,"bu","10:20:07",1461400
26700,1150,100,"bu","10:20:21",1461500
26750,1200,500,"sd","10:20:34",1462000
26750,1200,2000,"bu","10:20:40",1464000
26750,1200,3500,"bu","10:20:48",1467500
26750,1200,800,"sd","10:20:52",1468300
26750,1200,100,"bu","10:21:05",1468400
26750,1200,300,"sd","10:21:06",1468700
26700,1150,200,"sd","10:21:11",1468900
26750,1200,2000,"bu","10:21:12",1470900
26750,1200,1000,"sd","10:21:14",1471900
26750,1200,1500,"bu","10:21:25",1473400
26750,1200,4100,"sd","10:22:27",1477500
26750,1200,500,"sd","10:22:29",1478000
26750,1200,200,"sd","10:23:02",1478200
26750,1200,4400,"bu","10:23:07",1482600
26750,1200,3000,"bu","10:23:09",1485600
26750,1200,100,"bu","10:23:11",1485700
26750,1200,500,"sd","10:23:22",1486200
26750,1200,900,"sd","10:23:26",1487100
26750,1200,100,"sd","10:23:34",1487200
26750,1200,2600,"bu","10:23:43",1489800
26750,1200,100,"bu","10:23:52",1489900
26750,1200,1000,"sd","10:24:03",1490900
26700,1150,3000,"bu","10:24:06",1493900
26700,1150,500,"sd","10:24:13",1494400
26750,1200,3900,"sd","10:24:21",1498300
26750,1200,5000,"sd","10:24:23",1503300
26750,1200,400,"bu","10:24:25",1503700
26800,1250,60000,"bu","10:25:15",1563700
26750,1200,1000,"bu","10:25:21",1564700
26750,1200,300,"bu","10:25:48",1565000
26750,1200,100,"sd","10:26:04",1565100
26800,1250,3000,"bu","10:26:06",1568100
26750,1200,9500,"bu","10:26:14",1577600
26750,1200,1600,"sd","10:26:53",1579200
26750,1200,1300,"sd","10:27:01",1580500
26750,1200,500,"bu","10:27:11",1581000
26750,1200,100,"sd","10:27:17",1581100
26750,1200,200,"sd","10:27:18",1581300
26750,1200,700,"sd","10:27:28",1582000
26750,1200,900,"bu","10:27:42",1582900
26750,1200,200,"sd","10:27:54",1583100
26700,1150,500,"bu","10:28:24",1583600
26700,1150,7500,"sd","10:28:41",1591100
26700,1150,400,"sd","10:28:47",1591500
26700,1150,200,"bu","10:28:54",1591700
26700,1150,1000,"bu","10:28:58",1592700
26700,1150,100,"bu","10:29:07",1592800
26750,1200,1000,"sd","10:29:09",1593800
26750,1200,4000,"bu","10:29:21",1597800
26750,1200,10000,"bu","10:30:14",1607800
26750,1200,2500,"bu","10:31:12",1610300
26750,1200,1200,"sd","10:31:13",1611500
26750,1200,10000,"bu","10:31:20",1621500
26750,1200,500,"sd","10:31:31",1622000
26750,1200,1000,"bu","10:31:48",1623000
26750,1200,600,"sd","10:31:49",1623600
26750,1200,100,"sd","10:31:52",1623700
26700,1150,200,"sd","10:31:56",1623900
26700,1150,11000,"sd","10:32:34",1634900
26750,1200,200,"sd","10:32:43",1635100
26700,1150,20400,"bu","10:33:14",1655500
26700,1150,400,"sd","10:33:21",1655900
26700,1150,100,"sd","10:33:24",1656000
26700,1150,1000,"sd","10:33:32",1657000
26700,1150,1100,"sd","10:33:45",1658100
26700,1150,200,"bu","10:33:50",1658300
26700,1150,1000,"bu","10:34:12",1659300
26700,1150,100,"bu","10:34:23",1659400
26700,1150,300,"bu","10:34:50",1659700
26700,1150,500,"sd","10:35:09",1660200
26700,1150,200,"sd","10:35:09",1660400
26750,1200,3000,"sd","10:35:12",1663400
26700,1150,500,"sd","10:35:39",1663900
26750,1200,5000,"bu","10:35:43",1668900
26700,1150,3000,"bu","10:36:08",1671900
26700,1150,5000,"sd","10:36:19",1676900
26700,1150,3000,"sd","10:36:28",1679900
26700,1150,200,"bu","10:36:37",1680100
26700,1150,800,"bu","10:37:04",1680900
26700,1150,900,"sd","10:37:14",1681800
26700,1150,500,"bu","10:37:28",1682300
26700,1150,3500,"sd","10:38:01",1685800
26700,1150,1000,"sd","10:38:09",1686800
26700,1150,2000,"bu","10:38:14",1688800
26700,1150,100,"sd","10:38:17",1688900
26700,1150,30000,"sd","10:38:57",1718900
26700,1150,200,"bu","10:39:01",1719100
26700,1150,4600,"sd","10:39:20",1723700
26700,1150,3000,"sd","10:39:24",1726700
26700,1150,3100,"bu","10:39:31",1729800
26650,1100,700,"bu","10:39:42",1730500
26650,1100,1000,"bu","10:40:02",1731500
26650,1100,100,"bu","10:40:10",1731600
26650,1100,400,"bu","10:40:28",1732000
26650,1100,500,"sd","10:40:40",1732500
26650,1100,600,"bu","10:40:42",1733100
26650,1100,3000,"bu","10:40:57",1736100
26650,1100,500,"sd","10:41:01",1736600
26650,1100,1000,"bu","10:41:10",1737600
26650,1100,10000,"bu","10:41:10",1747600
26650,1100,7500,"sd","10:41:12",1755100
26600,1050,500,"sd","10:41:19",1755600
26600,1050,1300,"sd","10:41:41",1756900
26600,1050,3000,"sd","10:41:43",1759900
26600,1050,3600,"bu","10:41:46",1763500
26600,1050,1000,"bu","10:41:56",1764500
26600,1050,19500,"sd","10:42:07",1784000
26600,1050,300,"bu","10:42:10",1784300
26600,1050,200,"bu","10:42:11",1784500
26600,1050,300,"sd","10:42:31",1784800
26600,1050,100,"sd","10:42:33",1784900
26600,1050,600,"sd","10:42:44",1785500
26600,1050,2400,"sd","10:43:07",1787900
26600,1050,1000,"sd","10:43:35",1788900
26600,1050,7800,"bu","10:43:42",1796700
26600,1050,1000,"sd","10:44:05",1797700
26650,1100,5700,"bu","10:44:50",1803400
26650,1100,500,"sd","10:44:54",1803900
26600,1050,1000,"sd","10:45:05",1804900
26650,1100,300,"sd","10:45:23",1805200
26650,1100,3900,"sd","10:46:33",1809100
26650,1100,500,"sd","10:47:02",1809600
26650,1100,1000,"bu","10:47:05",1810600
26650,1100,5000,"bu","10:47:34",1815600
26650,1100,1000,"sd","10:47:51",1816600
26650,1100,3000,"sd","10:47:58",1819600
26700,1150,100,"bu","10:48:58",1819700
26700,1150,2400,"bu","10:51:38",1822100
26700,1150,2000,"bu","10:51:40",1824100
26700,1150,22700,"bu","10:51:55",1846800
26700,1150,2000,"sd","10:51:59",1848800
26750,1200,19000,"sd","10:52:13",1867800
26700,1150,100,"bu","10:52:15",1867900
26700,1150,1000,"bu","10:52:28",1868900
26700,1150,100,"bu","10:53:12",1869000
26700,1150,600,"sd","10:54:44",1869600
26700,1150,1000,"sd","10:55:30",1870600
26700,1150,100,"bu","10:55:41",1870700
26700,1150,2000,"bu","10:55:44",1872700
26700,1150,500,"bu","10:55:52",1873200
26700,1150,900,"bu","10:56:03",1874100
26700,1150,400,"bu","10:56:13",1874500
26700,1150,10000,"sd","10:56:18",1884500
26700,1150,200,"sd","10:56:24",1884700
26700,1150,500,"sd","10:56:45",1885200
26700,1150,100,"sd","10:57:28",1885300
26700,1150,400,"bu","11:01:23",1885700
26700,1150,800,"sd","11:02:47",1886500
26700,1150,100,"sd","11:03:20",1886600
26700,1150,1000,"bu","11:03:47",1887600
26700,1150,2000,"sd","11:04:47",1889600
26700,1150,100,"sd","11:07:06",1889700
26650,1100,4000,"sd","11:08:12",1893700
26650,1100,100,"bu","11:08:24",1893800
26650,1100,1000,"sd","11:08:34",1894800
26650,1100,400,"bu","11:09:55",1895200
26700,1150,100,"sd","11:10:05",1895300
26650,1100,400,"sd","11:10:49",1895700
26650,1100,200,"bu","11:11:37",1895900
26650,1100,3000,"sd","11:11:59",1898900
26650,1100,1100,"sd","11:12:23",1900000
26650,1100,1000,"bu","11:14:27",1901000
26650,1100,400,"sd","11:14:28",1901400
26650,1100,4500,"sd","11:14:59",1905900
26650,1100,3000,"bu","11:15:44",1908900
26650,1100,9500,"sd","11:16:20",1918400
26650,1100,500,"bu","11:16:29",1918900
26650,1100,9000,"bu","11:17:17",1927900
26650,1100,500,"bu","11:17:59",1928400
26700,1150,4000,"sd","11:18:01",1932400
26600,1050,100,"bu","11:18:23",1932500
26650,1100,500,"sd","11:19:03",1933000
26650,1100,300,"sd","11:19:53",1933300
26650,1100,500,"bu","11:21:55",1933800
26650,1100,1700,"bu","11:21:59",1935500
26650,1100,100,"bu","11:22:15",1935600
26650,1100,500,"bu","11:22:24",1936100
26650,1100,100,"bu","11:22:36",1936200
26650,1100,1300,"bu","11:22:51",1937500
26600,1050,100,"bu","11:23:24",1937600
26600,1050,400,"bu","11:23:37",1938000
26600,1050,100,"sd","11:24:27",1938100
26650,1100,300,"sd","11:25:18",1938400
26600,1050,500,"sd","11:25:19",1938900
26600,1050,500,"sd","11:26:11",1939400
26600,1050,400,"sd","11:28:11",1939800
26600,1050,500,"sd","11:28:26",1940300
26600,1050,1000,"sd","11:28:28",1941300
26600,1050,6000,"sd","11:28:48",1947300
26600,1050,100,"bu","11:29:08",1947400
26600,1050,1000,"bu","11:29:19",1948400
26650,1100,2100,"bu","13:00:30",1950500
26650,1100,2700,"sd","13:00:41",1953200
26650,1100,100,"sd","13:00:42",1953300
26600,1050,200,"bu","13:00:47",1953500
26600,1050,100,"sd","13:00:47",1953600
26650,1100,5000,"sd","13:01:02",1958600
26650,1100,1600,"sd","13:01:08",1960200
26650,1100,1000,"bu","13:01:32",1961200
26650,1100,6300,"bu","13:02:06",1967500
26650,1100,100,"sd","13:02:19",1967600
26650,1100,800,"sd","13:02:22",1968400
26650,1100,100,"sd","13:02:26",1968500
26650,1100,500,"bu","13:02:45",1969000
26650,1100,2000,"sd","13:02:49",1971000
26650,1100,2100,"sd","13:03:19",1973100
26650,1100,1000,"sd","13:03:29",1974100
26650,1100,5500,"sd","13:03:42",1979600
26650,1100,500,"sd","13:03:49",1980100
26650,1100,100,"sd","13:03:54",1980200
26650,1100,400,"bu","13:03:58",1980600
26650,1100,1000,"bu","13:04:26",1981600
26650,1100,500,"bu","13:04:52",1982100
26650,1100,10000,"sd","13:05:14",1992100
26650,1100,2000,"sd","13:05:17",1994100
26650,1100,5000,"bu","13:05:27",1999100
26650,1100,3000,"sd","13:05:43",2002100
26650,1100,5000,"bu","13:05:46",2007100
26600,1050,400,"bu","13:05:48",2007500
26650,1100,1000,"sd","13:05:51",2008500
26650,1100,2000,"bu","13:06:03",2010500
26650,1100,5000,"sd","13:06:07",2015500
26650,1100,10000,"bu","13:06:14",2025500
26650,1100,500,"sd","13:06:16",2026000
26650,1100,5000,"sd","13:06:34",2031000
26650,1100,200,"bu","13:06:46",2031200
26600,1050,400,"sd","13:06:57",2031600
26650,1100,800,"bu","13:07:00",2032400
26650,1100,4400,"sd","13:07:08",2036800
26650,1100,2100,"sd","13:07:19",2038900
26650,1100,400,"sd","13:07:20",2039300
26650,1100,500,"sd","13:07:24",2039800
26650,1100,2600,"sd","13:07:37",2042400
26650,1100,1200,"bu","13:07:42",2043600
26650,1100,3000,"bu","13:07:44",2046600
26650,1100,200,"sd","13:08:20",2046800
26650,1100,600,"bu","13:08:22",2047400
26650,1100,1000,"sd","13:08:24",2048400
26650,1100,1400,"bu","13:08:32",2049800
26650,1100,100,"bu","13:08:34",2049900
26650,1100,1000,"bu","13:08:38",2050900
26650,1100,400,"sd","13:08:39",2051300
26650,1100,1100,"sd","13:08:44",2052400
26650,1100,300,"sd","13:09:14",2052700
26600,1050,10000,"sd","13:10:21",2062700
26600,1050,100,"sd","13:10:25",2062800
26600,1050,1100,"sd","13:11:24",2063900
26600,1050,1000,"bu","13:11:50",2064900
26600,1050,400,"bu","13:11:54",2065300
26650,1100,2000,"sd","13:11:58",2067300
26600,1050,300,"bu","13:12:01",2067600
26600,1050,700,"sd","13:12:04",2068300
26600,1050,5000,"sd","13:12:09",2073300
26650,1100,2200,"bu","13:12:12",2075500
26650,1100,100,"sd","13:12:32",2075600
26600,1050,500,"sd","13:12:59",2076100
26600,1050,100,"sd","13:13:17",2076200
26650,1100,5300,"sd","13:14:48",2081500
26650,1100,300,"bu","13:14:51",2081800
26650,1100,10000,"bu","13:15:19",2091800
26650,1100,100,"bu","13:16:10",2091900
26650,1100,500,"bu","13:16:19",2092400
26650,1100,1100,"sd","13:17:16",2093500
26650,1100,3400,"sd","13:17:17",2096900
26600,1050,200,"bu","13:17:32",2097100
26650,1100,1000,"sd","13:18:01",2098100
26650,1100,100,"sd","13:18:16",2098200
26650,1100,1000,"sd","13:20:29",2099200
26650,1100,1800,"sd","13:20:32",2101000
26650,1100,2600,"sd","13:20:46",2103600
26650,1100,3500,"bu","13:20:55",2107100
26650,1100,400,"sd","13:21:03",2107500
26650,1100,300,"sd","13:21:04",2107800
26650,1100,100,"bu","13:21:22",2107900
26650,1100,5000,"sd","13:21:37",2112900
26650,1100,3000,"bu","13:22:04",2115900
26650,1100,400,"sd","13:22:19",2116300
26650,1100,10000,"bu","13:22:27",2126300
26650,1100,1000,"bu","13:22:30",2127300
26650,1100,500,"bu","13:22:33",2127800
26650,1100,4500,"bu","13:22:37",2132300
26650,1100,2000,"bu","13:22:48",2134300
26650,1100,1000,"bu","13:23:22",2135300
26650,1100,100,"bu","13:24:20",2135400
26650,1100,500,"bu","13:24:43",2135900
26650,1100,200,"bu","13:24:47",2136100
26650,1100,1000,"sd","13:24:54",2137100
26650,1100,1000,"sd","13:25:15",2138100
26650,1100,500,"bu","13:25:34",2138600
26650,1100,400,"sd","13:25:36",2139000
26650,1100,1000,"bu","13:25:53",2140000
26650,1100,600,"bu","13:26:04",2140600
26650,1100,1600,"bu","13:26:08",2142200
26650,1100,1000,"bu","13:26:14",2143200
26650,1100,3000,"sd","13:26:20",2146200
26600,1050,25000,"sd","13:26:22",2171200
26650,1100,2000,"sd","13:28:10",2173200
26650,1100,100,"sd","13:28:23",2173300
26650,1100,500,"bu","13:28:55",2173800
26650,1100,2000,"bu","13:29:07",2175800
26650,1100,5400,"bu","13:29:17",2181200
26650,1100,100,"bu","13:29:23",2181300
26650,1100,2700,"sd","13:29:44",2184000
26650,1100,100,"bu","13:30:02",2184100
26650,1100,500,"sd","13:30:06",2184600
26650,1100,1500,"sd","13:30:12",2186100
26650,1100,100,"bu","13:30:34",2186200
26650,1100,300,"bu","13:31:25",2186500
26650,1100,300,"bu","13:31:26",2186800
26650,1100,2500,"bu","13:32:15",2189300
26650,1100,800,"sd","13:32:56",2190100
26650,1100,100,"bu","13:33:29",2190200
26650,1100,1900,"bu","13:33:57",2192100
26650,1100,900,"sd","13:34:16",2193000
26650,1100,400,"bu","13:34:44",2193400
26650,1100,1200,"bu","13:34:54",2194600
26600,1050,3800,"bu","13:34:56",2198400
26600,1050,1000,"sd","13:35:22",2199400
26600,1050,5100,"sd","13:35:24",2204500
26650,1100,100,"sd","13:35:49",2204600
26600,1050,7200,"sd","13:36:16",2211800
26700,1150,100,"bu","13:36:39",2211900
26650,1100,500,"sd","13:36:58",2212400
26700,1150,5000,"bu","13:37:20",2217400
26700,1150,6000,"sd","13:37:34",2223400
26700,1150,9000,"bu","13:37:39",2232400
26700,1150,1400,"bu","13:38:21",2233800
26650,1100,200,"bu","13:38:33",2234000
26650,1100,600,"bu","13:38:55",2234600
26650,1100,1000,"bu","13:39:18",2235600
26650,1100,700,"bu","13:39:19",2236300
26650,1100,300,"bu","13:39:39",2236600
26650,1100,1500,"bu","13:40:07",2238100
26700,1150,1000,"bu","13:40:20",2239100
26650,1100,2000,"sd","13:40:30",2241100
26650,1100,100,"bu","13:40:54",2241200
26650,1100,500,"bu","13:40:55",2241700
26700,1150,30000,"sd","13:41:15",2271700
26700,1150,4900,"sd","13:41:28",2276600
26750,1200,7400,"sd","13:42:04",2284000
26750,1200,17000,"bu","13:42:32",2301000
26750,1200,3800,"sd","13:42:33",2304800
26750,1200,100,"bu","13:42:36",2304900
26800,1250,1000,"sd","13:42:45",2305900
26800,1250,5600,"sd","13:43:53",2311500
26750,1200,500,"bu","13:44:41",2312000
26750,1200,400,"bu","13:45:35",2312400
26750,1200,1000,"bu","13:45:45",2313400
26800,1250,10000,"bu","13:45:48",2323400
26750,1200,2000,"bu","13:45:49",2325400
26800,1250,600,"bu","13:45:50",2326000
26750,1200,1000,"bu","13:46:18",2327000
26800,1250,50000,"bu","13:46:35",2377000
26800,1250,500,"sd","13:46:42",2377500
26800,1250,200,"bu","13:46:44",2377700
26750,1200,400,"bu","13:47:27",2378100
26750,1200,300,"bu","13:47:58",2378400
26750,1200,500,"sd","13:48:01",2378900
26750,1200,800,"bu","13:48:04",2379700
26750,1200,100,"bu","13:48:05",2379800
26700,1150,300,"bu","13:48:22",2380100
26750,1200,2000,"sd","13:48:24",2382100
26750,1200,7500,"bu","13:48:32",2389600
26800,1250,10000,"bu","13:48:54",2399600
26800,1250,10000,"bu","13:49:03",2409600
26800,1250,600,"bu","13:49:15",2410200
26800,1250,8200,"bu","13:49:17",2418400
26800,1250,2000,"bu","13:49:35",2420400
26800,1250,100,"sd","13:50:07",2420500
26800,1250,2000,"bu","13:50:10",2422500
26800,1250,500,"bu","13:50:17",2423000
26800,1250,1000,"bu","13:50:24",2424000
26800,1250,2200,"bu","13:51:01",2426200
26800,1250,500,"bu","13:51:11",2426700
26800,1250,3600,"sd","13:51:15",2430300
26750,1200,200,"sd","13:51:21",2430500
26750,1200,100,"bu","13:51:53",2430600
26750,1200,9900,"sd","13:52:10",2440500
26750,1200,100,"bu","13:52:13",2440600
26750,1200,500,"bu","13:52:21",2441100
26750,1200,2900,"sd","13:52:39",2444000
26750,1200,1000,"sd","13:52:50",2445000
26750,1200,500,"sd","13:52:52",2445500
26750,1200,1000,"sd","13:52:53",2446500
26750,1200,400,"sd","13:53:01",2446900
26800,1250,3300,"sd","13:53:13",2450200
26750,1200,1000,"bu","13:53:24",2451200
26750,1200,500,"sd","13:54:25",2451700
26750,1200,14100,"sd","13:55:41",2465800
26800,1250,2300,"sd","13:56:20",2468100
26750,1200,100,"bu","13:56:36",2468200
26750,1200,200,"bu","13:57:21",2468400
26750,1200,500,"bu","13:57:35",2468900
26800,1250,20500,"sd","13:57:48",2489400
26800,1250,200,"bu","13:58:08",2489600
26800,1250,1000,"sd","13:58:22",2490600
26800,1250,100,"sd","13:58:30",2490700
26800,1250,2000,"bu","13:58:50",2492700
26800,1250,100,"bu","13:58:52",2492800
26750,1200,300,"sd","14:01:14",2493100
26750,1200,10500,"bu","14:01:45",2503600
26750,1200,100,"bu","14:02:02",2503700
26750,1200,400,"bu","14:02:10",2504100
26750,1200,2000,"sd","14:02:34",2506100
26750,1200,400,"sd","14:02:51",2506500
26800,1250,5000,"sd","14:03:08",2511500
26800,1250,200,"bu","14:03:31",2511700
26800,1250,24300,"bu","14:03:55",2536000
26800,1250,600,"sd","14:04:14",2536600
26800,1250,1000,"bu","14:04:19",2537600
26800,1250,18300,"bu","14:04:21",2555900
26850,1300,9600,"bu","14:05:16",2565500
26850,1300,20600,"sd","14:05:23",2586100
26850,1300,15000,"bu","14:05:27",2601100
26850,1300,2000,"bu","14:05:29",2603100
26850,1300,400,"bu","14:05:32",2603500
26850,1300,5300,"bu","14:05:34",2608800
26850,1300,1500,"sd","14:05:46",2610300
26850,1300,1000,"sd","14:05:49",2611300
26850,1300,500,"bu","14:05:57",2611800
26850,1300,5000,"bu","14:06:15",2616800
26850,1300,300,"sd","14:06:17",2617100
26850,1300,5000,"bu","14:06:22",2622100
26850,1300,100,"bu","14:06:31",2622200
26850,1300,1600,"sd","14:06:33",2623800
26850,1300,2000,"sd","14:06:58",2625800
26850,1300,4800,"bu","14:07:01",2630600
26850,1300,1000,"bu","14:07:14",2631600
26850,1300,500,"bu","14:07:18",2632100
26850,1300,3000,"bu","14:08:22",2635100
26850,1300,500,"sd","14:08:40",2635600
26850,1300,300,"sd","14:08:41",2635900
26900,1350,1000,"sd","14:08:57",2636900
26900,1350,10200,"sd","14:09:14",2647100
26850,1300,3500,"bu","14:10:04",2650600
26850,1300,7000,"sd","14:10:07",2657600
26850,1300,300,"sd","14:10:31",2657900
26850,1300,2600,"bu","14:10:38",2660500
26850,1300,5200,"bu","14:10:58",2665700
26800,1250,300,"sd","14:11:53",2666000
26800,1250,500,"sd","14:12:04",2666500
26800,1250,100,"sd","14:12:12",2666600
26800,1250,300,"bu","14:12:54",2666900
26800,1250,1300,"sd","14:12:56",2668200
26800,1250,3000,"sd","14:13:01",2671200
26800,1250,300,"bu","14:13:09",2671500
26800,1250,500,"sd","14:13:11",2672000
26800,1250,100,"bu","14:13:17",2672100
26800,1250,500,"sd","14:13:21",2672600
26800,1250,200,"bu","14:13:24",2672800
26800,1250,300,"bu","14:13:26",2673100
26850,1300,300,"bu","14:13:32",2673400
26800,1250,500,"sd","14:13:34",2673900
26800,1250,2000,"bu","14:13:48",2675900
26800,1250,200,"bu","14:14:01",2676100
26800,1250,500,"sd","14:14:05",2676600
26800,1250,100,"bu","14:14:12",2676700
26800,1250,3000,"bu","14:14:53",2679700
26800,1250,20000,"sd","14:14:58",2699700
26800,1250,500,"bu","14:15:00",2700200
26800,1250,1800,"bu","14:15:20",2702000
26800,1250,8600,"bu","14:15:25",2710600
26800,1250,10000,"sd","14:15:38",2720600
26800,1250,600,"bu","14:15:40",2721200
26800,1250,300,"sd","14:15:49",2721500
26800,1250,700,"bu","14:15:52",2722200
26800,1250,1300,"sd","14:15:54",2723500
26800,1250,3800,"bu","14:16:04",2727300
26800,1250,7500,"bu","14:16:08",2734800
26800,1250,200,"bu","14:16:30",2735000
26800,1250,2700,"sd","14:16:32",2737700
26750,1200,500,"sd","14:17:05",2738200
26750,1200,2000,"bu","14:17:24",2740200
26750,1200,300,"sd","14:17:25",2740500
26750,1200,600,"bu","14:17:31",2741100
26800,1250,400,"bu","14:17:35",2741500
26800,1250,100,"sd","14:18:32",2741600
26750,1200,600,"sd","14:19:52",2742200
26750,1200,2000,"bu","14:20:11",2744200
26750,1200,100,"sd","14:20:25",2744300
26750,1200,2000,"sd","14:20:28",2746300
26750,1200,200,"sd","14:20:31",2746500
26750,1200,1400,"bu","14:21:01",2747900
26750,1200,2000,"sd","14:21:10",2749900
26750,1200,200,"bu","14:21:22",2750100
26750,1200,400,"sd","14:21:39",2750500
26750,1200,1900,"bu","14:21:54",2752400
26750,1200,100,"bu","14:22:12",2752500
26750,1200,200,"sd","14:22:50",2752700
26750,1200,100,"bu","14:22:59",2752800
26750,1200,400,"sd","14:23:07",2753200
26750,1200,1000,"sd","14:23:10",2754200
26750,1200,300,"bu","14:23:24",2754500
26750,1200,200,"sd","14:23:49",2754700
26750,1200,4000,"sd","14:24:15",2758700
26750,1200,300,"bu","14:24:28",2759000
26750,1200,100,"sd","14:24:40",2759100
26750,1200,1100,"sd","14:24:51",2760200
26750,1200,300,"sd","14:24:54",2760500
26800,1250,200,"bu","14:25:18",2760700
26750,1200,500,"bu","14:25:43",2761200
26750,1200,10000,"bu","14:25:56",2771200
26750,1200,500,"bu","14:26:10",2771700
26750,1200,200,"sd","14:26:16",2771900
26750,1200,100,"bu","14:26:18",2772000
26750,1200,1000,"bu","14:26:27",2773000
26750,1200,500,"sd","14:26:36",2773500
26750,1200,1000,"bu","14:27:01",2774500
26750,1200,1300,"bu","14:27:07",2775800
26750,1200,1800,"sd","14:27:26",2777600
26750,1200,1000,"bu","14:27:28",2778600
26750,1200,500,"bu","14:27:55",2779100
26750,1200,100,"sd","14:27:57",2779200
26750,1200,1000,"bu","14:28:11",2780200
26800,1250,100,"bu","14:28:15",2780300
26800,1250,300,"bu","14:28:24",2780600
26800,1250,2000,"sd","14:28:40",2782600
26800,1250,4000,"bu","14:28:44",2786600
26800,1250,2100,"bu","14:28:46",2788700
26800,1250,1500,"sd","14:28:50",2790200
26800,1250,1500,"bu","14:28:52",2791700
26800,1250,8000,"bu","14:28:56",2799700
26800,1250,5000,"sd","14:28:58",2804700
26800,1250,1500,"sd","14:29:02",2806200
26800,1250,4700,"sd","14:29:06",2810900
26800,1250,3000,"bu","14:29:08",2813900
26800,1250,5000,"sd","14:29:10",2818900
26800,1250,8700,"bu","14:29:12",2827600
26850,1300,1000,"bu","14:29:24",2828600
26850,1300,300,"bu","14:29:35",2828900
26800,1250,200,"bu","14:29:38",2829100
26850,1300,1200,"bu","14:29:47",2830300
26850,1300,300,"bu","14:29:54",2830600
26950,1400,263700,"bu","14:45:13",3094300
