"price","change","match_qtty","side","time","total_vol"
14600,200,13000,"bu","09:00:12",13000
14600,200,11000,"bu","09:00:21",24000
14700,300,1000,"bu","09:00:52",25000
14700,300,10000,"bu","09:01:08",35000
14600,200,43000,"bu","09:01:47",78000
14700,300,242000,"sd","09:02:52",320000
14700,300,10000,"bu","09:03:06",330000
14700,300,1000,"bu","09:03:09",331000
14700,300,1000,"bu","09:03:11",332000
14800,400,75000,"bu","09:03:29",407000
14800,400,5000,"sd","09:03:30",412000
14800,400,108000,"sd","09:04:48",520000
14800,400,20000,"bu","09:05:00",540000
14800,400,28000,"bu","09:05:09",568000
14800,400,10000,"sd","09:05:14",578000
14800,400,10000,"bu","09:05:22",588000
14800,400,27000,"bu","09:05:29",615000
14800,400,2000,"bu","09:05:31",617000
14800,400,5000,"bu","09:05:52",622000
14800,400,10000,"sd","09:05:53",632000
14800,400,100000,"bu","09:06:44",732000
14800,400,21000,"sd","09:06:51",753000
14700,300,30000,"sd","09:07:59",783000
14700,300,2000,"bu","09:08:44",785000
14700,300,7000,"bu","09:12:48",792000
14700,300,2000,"sd","09:13:56",794000
14700,300,10000,"bu","09:14:18",804000
14700,300,4000,"bu","09:15:15",808000
14700,300,2000,"sd","09:15:31",810000
14700,300,10000,"bu","09:15:51",820000
14700,300,2000,"sd","09:16:12",822000
14700,300,8000,"bu","09:16:30",830000
14700,300,10000,"bu","09:22:27",840000
14700,300,36000,"bu","09:22:52",876000
14700,300,10000,"sd","09:23:25",886000
14700,300,5000,"sd","09:23:56",891000
14700,300,50000,"sd","09:25:23",941000
14800,400,1000,"sd","09:28:10",942000
14700,300,1000,"sd","09:30:04",943000
14700,300,1000,"sd","09:32:12",944000
14700,300,11000,"sd","09:33:50",955000
14700,300,5000,"bu","09:34:53",960000
14700,300,20000,"sd","09:35:05",980000
14700,300,1000,"bu","09:35:06",981000
14700,300,2000,"sd","09:35:14",983000
14700,300,1000,"sd","09:35:44",984000
14700,300,19000,"bu","09:41:03",1003000
14700,300,5000,"sd","09:41:48",1008000
14700,300,29000,"sd","09:41:56",1037000
14700,300,2000,"bu","09:41:59",1039000
14700,300,29000,"bu","09:42:12",1068000
14700,300,6000,"bu","09:42:43",1074000
14700,300,2000,"sd","09:43:22",1076000
14700,300,1000,"sd","09:43:35",1077000
14700,300,20000,"bu","09:44:45",1097000
14700,300,80000,"bu","09:44:57",1177000
14700,300,30000,"sd","09:45:34",1207000
14700,300,5000,"bu","09:46:03",1212000
14700,300,32000,"sd","09:46:20",1244000
14800,400,68000,"bu","09:50:31",1312000
14800,400,1000,"sd","09:54:31",1313000
14800,400,30000,"sd","09:56:31",1343000
14800,400,3000,"bu","09:56:54",1346000
14800,400,2000,"sd","09:57:13",1348000
14800,400,10000,"sd","09:57:38",1358000
14800,400,1000,"bu","09:59:09",1359000
14800,400,85000,"sd","09:59:51",1444000
14700,300,50000,"bu","10:02:28",1494000
14600,200,50000,"bu","10:05:27",1544000
14600,200,50000,"bu","10:05:30",1594000
14600,200,77000,"bu","10:11:02",1671000
14600,200,40000,"bu","10:11:40",1711000
14600,200,1000,"bu","10:12:12",1712000
14600,200,10000,"sd","10:13:29",1722000
14500,100,501000,"sd","10:13:50",2223000
14500,100,5000,"bu","10:13:54",2228000
14600,200,20000,"bu","10:14:02",2248000
14600,200,130000,"sd","10:15:11",2378000
14600,200,67000,"sd","10:19:09",2445000
14600,200,30000,"bu","10:19:52",2475000
14600,200,1000,"sd","10:27:43",2476000
14600,200,7000,"sd","10:45:03",2483000
14700,300,5000,"bu","10:47:52",2488000
14700,300,1000,"bu","10:56:20",2489000
14600,200,1000,"bu","11:00:40",2490000
14700,300,1000,"sd","11:02:21",2491000
14700,300,3000,"sd","11:06:40",2494000
14700,300,9000,"sd","11:06:58",2503000
14600,200,3000,"bu","11:08:42",2506000
14600,200,50000,"bu","11:10:44",2556000
14600,200,50000,"bu","11:10:46",2606000
14700,300,3000,"bu","11:23:17",2609000
14700,300,1000,"bu","13:00:02",2610000
14700,300,1000,"bu","13:00:05",2611000
14700,300,6000,"bu","13:03:24",2617000
14600,200,50000,"bu","13:03:32",2667000
14600,200,20000,"bu","13:14:26",2687000
14700,300,450000,"sd","13:16:22",3137000
14700,300,18000,"sd","13:17:15",3155000
14800,400,2000,"sd","13:20:40",3157000
14800,400,8000,"bu","13:22:07",3165000
14700,300,10000,"sd","13:22:49",3175000
14700,300,100000,"sd","13:23:02",3275000
14700,300,1000,"sd","13:23:44",3276000
14700,300,59000,"bu","13:26:12",3335000
14700,300,17000,"bu","13:26:16",3352000
14700,300,5000,"sd","13:26:26",3357000
14700,300,1000,"bu","13:26:36",3358000
14700,300,1000,"sd","13:26:40",3359000
14700,300,30000,"bu","13:36:23",3389000
14700,300,9000,"bu","13:36:27",3398000
14700,300,2000,"bu","13:36:37",3400000
14700,300,17000,"bu","13:37:03",3417000
14600,200,5000,"sd","13:37:07",3422000
14600,200,1000,"bu","13:37:17",3423000
14600,200,10000,"sd","13:41:34",3433000
14600,200,3000,"bu","13:41:37",3436000
14700,300,10000,"sd","13:43:54",3446000
14600,200,3000,"bu","13:44:07",3449000
14700,300,30000,"sd","13:49:04",3479000
14600,200,9000,"sd","13:49:06",3488000
14600,200,11000,"bu","13:49:14",3499000
14600,200,6000,"bu","13:49:16",3505000
14600,200,1000,"bu","13:49:26",3506000
14600,200,18000,"bu","13:49:38",3524000
14600,200,225000,"bu","13:49:45",3749000
14600,200,72000,"sd","13:49:46",3821000
14600,200,23000,"sd","13:49:56",3844000
14600,200,6000,"bu","13:50:06",3850000
14600,200,1000,"bu","13:50:16",3851000
14600,200,50000,"bu","13:58:16",3901000
14600,200,15000,"sd","13:58:17",3916000
14600,200,4000,"sd","13:58:27",3920000
14600,200,1000,"sd","13:58:37",3921000
14600,200,10000,"bu","14:00:14",3931000
14600,200,3000,"sd","14:00:17",3934000
14600,200,1000,"bu","14:00:18",3935000
14600,200,1000,"bu","14:00:27",3936000
14600,200,2000,"sd","14:02:13",3938000
14600,200,3000,"bu","14:06:14",3941000
14700,300,10000,"bu","14:17:03",3951000
14600,200,3000,"bu","14:17:06",3954000
14600,200,125000,"sd","14:17:20",4079000
14600,200,37000,"bu","14:17:27",4116000
14600,200,11000,"bu","14:17:37",4127000
14600,200,3000,"bu","14:17:47",4130000
14700,300,1000,"bu","14:22:55",4131000
14600,200,152000,"bu","14:26:39",4283000
14600,200,37000,"bu","14:26:47",4320000
14600,200,1000,"bu","14:27:29",4321000
14600,200,10000,"sd","14:27:43",4331000
14600,200,10000,"bu","14:29:00",4341000
14600,200,4000,"bu","14:29:01",4345000
14500,100,558000,"sd","14:29:23",4903000
14500,100,21000,"bu","14:29:29",4924000
14600,200,3000,"sd","14:39:04",4927000
14500,100,10000,"sd","14:40:30",4937000
14600,200,1000,"sd","14:42:39",4938000
14700,300,30000,"sd","14:48:43",4968000
14700,300,20000,"sd","14:51:14",4988000
14700,300,20000,"bu","14:52:02",5008000
14700,300,5000,"bu","14:59:02",5013000
14600,200,2000,"bu","14:59:43",5015000
