"price","change","match_qtty","side","time","total_vol"
52800,700,4000,"sd","09:15:11",4000
52600,500,200,"sd","09:15:53",4200
52400,300,100,"sd","09:16:59",4300
52500,400,400,"bu","09:17:56",4700
52500,400,100,"bu","09:18:30",4800
52600,500,2000,"sd","09:18:44",6800
52600,500,1100,"bu","09:20:37",7900
52600,500,500,"sd","09:21:02",8400
52600,500,1000,"bu","09:21:09",9400
52400,300,500,"bu","09:21:55",9900
52400,300,800,"bu","09:22:32",10700
52400,300,100,"sd","09:22:43",10800
52400,300,1000,"bu","09:24:07",11800
52400,300,200,"sd","09:24:09",12000
52400,300,300,"sd","09:24:35",12300
52400,300,1000,"bu","09:25:05",13300
52500,400,400,"bu","09:25:08",13700
52600,500,500,"bu","09:25:08",14200
52600,500,1000,"bu","09:25:08",15200
52600,500,300,"bu","09:25:08",15500
52400,300,200,"sd","09:25:41",15700
52600,500,300,"sd","09:25:44",16000
52400,300,1600,"bu","09:27:48",17600
52400,300,100,"bu","09:27:49",17700
52400,300,200,"bu","09:27:58",17900
52300,200,500,"sd","09:28:05",18400
52300,200,2000,"bu","09:28:49",20400
52300,200,1000,"bu","09:29:29",21400
52200,100,1000,"bu","09:29:59",22400
52300,200,1500,"bu","09:30:30",23900
52300,200,1500,"bu","09:31:13",25400
52300,200,1000,"bu","09:31:43",26400
52400,300,1100,"bu","09:34:57",27500
52400,300,5000,"bu","09:35:33",32500
52400,300,2100,"sd","09:35:48",34600
52400,300,700,"bu","09:35:49",35300
52500,400,1000,"sd","09:35:56",36300
52300,200,900,"sd","09:37:09",37200
52500,400,1000,"sd","09:37:12",38200
52500,400,200,"sd","09:37:58",38400
52600,500,5000,"sd","09:38:07",43400
52600,500,5000,"bu","09:38:25",48400
52600,500,400,"bu","09:38:28",48800
52600,500,1000,"bu","09:38:49",49800
52600,500,2000,"sd","09:39:38",51800
52500,400,200,"bu","09:42:07",52000
52500,400,900,"sd","09:42:40",52900
52500,400,600,"bu","09:43:59",53500
52500,400,300,"bu","09:44:23",53800
52500,400,100,"sd","09:46:07",53900
52500,400,1200,"bu","09:48:22",55100
52500,400,100,"bu","09:48:54",55200
52600,500,10000,"sd","09:49:18",65200
52600,500,1000,"bu","09:51:39",66200
52600,500,200,"sd","09:51:55",66400
52600,500,1900,"sd","09:52:47",68300
52600,500,500,"bu","09:54:10",68800
52500,400,200,"bu","09:54:30",69000
52500,400,100,"bu","09:54:42",69100
52500,400,500,"bu","09:55:02",69600
52500,400,700,"bu","09:55:20",70300
52500,400,300,"bu","09:55:29",70600
52500,400,500,"sd","09:56:37",71100
52500,400,500,"bu","09:56:58",71600
52500,400,100,"bu","09:57:39",71700
52500,400,1000,"sd","10:00:02",72700
52600,500,1500,"bu","10:02:14",74200
52600,500,500,"bu","10:02:53",74700
52600,500,500,"sd","10:03:01",75200
52600,500,4900,"sd","10:03:04",80100
52600,500,1700,"sd","10:03:07",81800
52600,500,200,"sd","10:03:08",82000
52600,500,100,"sd","10:03:25",82100
52600,500,200,"sd","10:03:42",82300
52600,500,300,"sd","10:04:53",82600
52700,600,6000,"sd","10:05:54",88600
52700,600,700,"bu","10:05:58",89300
52600,500,1000,"bu","10:06:58",90300
52700,600,300,"sd","10:07:14",90600
52700,600,1000,"sd","10:08:41",91600
52700,600,100,"bu","10:08:48",91700
52700,600,4000,"sd","10:09:42",95700
52700,600,400,"sd","10:09:48",96100
52700,600,800,"bu","10:09:57",96900
52700,600,3600,"sd","10:10:32",100500
52700,600,1000,"bu","10:10:39",101500
52700,600,500,"bu","10:10:46",102000
52700,600,300,"sd","10:10:58",102300
52700,600,100,"bu","10:11:08",102400
52700,600,900,"bu","10:11:22",103300
52700,600,100,"sd","10:12:12",103400
52700,600,1200,"sd","10:12:57",104600
52700,600,100,"sd","10:13:18",104700
52700,600,800,"sd","10:13:27",105500
52700,600,1000,"sd","10:13:39",106500
52700,600,2000,"bu","10:13:43",108500
52700,600,5000,"bu","10:14:03",113500
52700,600,100,"bu","10:14:20",113600
52700,600,500,"sd","10:14:24",114100
52700,600,2600,"bu","10:14:32",116700
52700,600,300,"bu","10:14:38",117000
52600,500,200,"sd","10:14:56",117200
52800,700,20000,"bu","10:14:58",137200
52800,700,2400,"bu","10:15:08",139600
52800,700,900,"bu","10:15:24",140500
52800,700,2800,"bu","10:16:48",143300
52800,700,300,"sd","10:16:51",143600
52800,700,2100,"sd","10:17:08",145700
52800,700,1000,"bu","10:17:20",146700
52800,700,100,"bu","10:17:32",146800
52800,700,600,"bu","10:17:46",147400
52800,700,1000,"bu","10:17:58",148400
52800,700,1000,"sd","10:18:03",149400
52800,700,1800,"bu","10:18:10",151200
52800,700,1200,"sd","10:18:45",152400
52800,700,100,"bu","10:18:48",152500
52700,600,500,"sd","10:19:16",153000
52700,600,1000,"bu","10:20:07",154000
52700,600,3000,"sd","10:20:08",157000
52700,600,2000,"sd","10:20:12",159000
52700,600,1000,"sd","10:20:12",160000
52700,600,1800,"bu","10:20:45",161800
52700,600,200,"sd","10:20:48",162000
52700,600,4700,"sd","10:25:19",166700
52700,600,200,"sd","10:26:32",166900
52700,600,1200,"bu","10:27:07",168100
52700,600,100,"sd","10:27:08",168200
52600,500,5000,"bu","10:27:19",173200
52600,500,100,"sd","10:27:57",173300
52600,500,1000,"sd","10:28:34",174300
52600,500,1100,"sd","10:29:02",175400
52600,500,600,"sd","10:29:11",176000
52600,500,300,"bu","10:29:50",176300
52600,500,900,"bu","10:30:39",177200
52600,500,1300,"bu","10:32:27",178500
52600,500,3200,"bu","10:34:02",181700
52600,500,300,"sd","10:34:08",182000
52600,500,500,"sd","10:36:09",182500
52500,400,100,"bu","10:40:46",182600
52500,400,10200,"bu","10:40:47",192800
52500,400,2700,"bu","10:41:23",195500
52500,400,700,"bu","10:41:30",196200
52500,400,400,"sd","10:45:16",196600
52500,400,2000,"bu","10:45:50",198600
52500,400,500,"bu","10:46:00",199100
52500,400,200,"bu","10:47:59",199300
52600,500,3600,"sd","10:48:45",202900
52600,500,400,"sd","10:48:48",203300
52500,400,300,"sd","10:51:09",203600
52500,400,200,"bu","10:51:39",203800
52600,500,1000,"bu","10:53:32",204800
52600,500,100,"bu","10:53:39",204900
52600,500,5700,"bu","10:54:09",210600
52600,500,1100,"bu","10:54:12",211700
52600,500,600,"bu","10:54:23",212300
52600,500,100,"sd","10:54:59",212400
52600,500,2000,"sd","10:55:15",214400
52600,500,300,"bu","10:55:21",214700
52400,300,18300,"bu","10:58:14",233000
52400,300,1700,"bu","10:58:18",234700
52500,400,500,"sd","11:08:28",235200
52500,400,700,"sd","11:15:36",235900
52500,400,200,"bu","11:15:47",236100
52500,400,100,"sd","11:15:50",236200
52400,300,1700,"sd","11:17:21",237900
52400,300,200,"bu","11:17:28",238100
52400,300,500,"sd","11:17:54",238600
52400,300,700,"bu","11:20:41",239300
52400,300,500,"bu","11:28:23",239800
52300,200,1300,"bu","13:00:34",241100
52300,200,3400,"sd","13:00:38",244500
52200,100,3000,"bu","13:00:50",247500
52300,200,1200,"sd","13:05:27",248700
52300,200,800,"sd","13:06:23",249500
52300,200,2300,"sd","13:07:32",251800
52300,200,600,"bu","13:08:19",252400
52300,200,200,"bu","13:08:25",252600
52300,200,3500,"bu","13:09:14",256100
52200,100,4200,"sd","13:10:16",260300
52200,100,2000,"bu","13:10:30",262300
52200,100,5800,"bu","13:11:33",268100
52200,100,600,"bu","13:11:39",268700
52200,100,300,"sd","13:12:22",269000
52200,100,1200,"bu","13:12:35",270200
52200,100,100,"sd","13:12:39",270300
52100,0,2500,"sd","13:12:49",272800
52200,100,100,"bu","13:12:52",272900
52300,200,200,"sd","13:13:51",273100
52300,200,600,"sd","13:14:23",273700
52300,200,100,"sd","13:14:49",273800
52300,200,800,"sd","13:15:01",274600
52300,200,1900,"bu","13:16:13",276500
52300,200,100,"sd","13:16:19",276600
52200,100,2600,"sd","13:18:27",279200
52200,100,100,"bu","13:21:00",279300
52300,200,3000,"bu","13:23:03",282300
52300,200,300,"sd","13:23:09",282600
52300,200,1000,"bu","13:23:14",283600
52300,200,100,"sd","13:23:19",283700
52300,200,200,"sd","13:23:20",283900
52300,200,500,"sd","13:23:21",284400
52300,200,1400,"sd","13:23:25",285800
52300,200,500,"bu","13:23:32",286300
52400,300,600,"bu","13:23:34",286900
52400,300,1400,"sd","13:23:37",288300
52400,300,1000,"bu","13:24:32",289300
52400,300,1900,"sd","13:24:35",291200
52400,300,1100,"sd","13:24:42",292300
52400,300,2300,"bu","13:25:59",294600
52400,300,200,"bu","13:26:09",294800
52400,300,300,"bu","13:26:32",295100
52400,300,1000,"sd","13:27:06",296100
52400,300,100,"sd","13:27:09",296200
52300,200,2000,"bu","13:27:11",298200
52400,300,1800,"sd","13:27:22",300000
52400,300,100,"sd","13:27:23",300100
52400,300,4100,"sd","13:27:41",304200
52400,300,400,"sd","13:27:48",304600
52400,300,500,"bu","13:28:10",305100
52400,300,200,"sd","13:28:49",305300
52400,300,200,"sd","13:29:13",305500
52400,300,100,"sd","13:30:27",305600
52400,300,1000,"sd","13:31:21",306600
52400,300,500,"sd","13:32:06",307100
52500,400,500,"sd","13:33:03",307600
52500,400,500,"bu","13:33:08",308100
52500,400,600,"sd","13:35:57",308700
52500,400,2000,"sd","13:36:07",310700
52500,400,500,"sd","13:36:19",311200
52500,400,2000,"sd","13:36:21",313200
52500,400,400,"bu","13:36:25",313600
52500,400,300,"bu","13:36:28",313900
52500,400,1000,"sd","13:36:45",314900
52500,400,100,"sd","13:36:49",315000
52500,400,1400,"bu","13:36:58",316400
52500,400,100,"sd","13:37:37",316500
52500,400,2400,"bu","13:39:10",318900
52500,400,400,"sd","13:39:19",319300
52500,400,300,"bu","13:39:32",319600
52500,400,1000,"bu","13:40:23",320600
52500,400,100,"bu","13:40:29",320700
52500,400,1500,"sd","13:40:50",322200
52600,500,6600,"bu","13:41:58",328800
52600,500,700,"bu","13:41:59",329500
52600,500,4000,"sd","13:42:07",333500
52600,500,1000,"sd","13:42:18",334500
52500,400,500,"bu","13:42:21",335000
52600,500,400,"sd","13:42:25",335400
52700,600,13200,"sd","13:43:10",348600
52800,700,6900,"bu","13:44:01",355500
52700,600,200,"bu","13:44:08",355700
52700,600,5200,"sd","13:44:34",360900
52700,600,600,"sd","13:44:39",361500
52500,400,2000,"sd","13:45:05",363500
52600,500,1000,"sd","13:45:39",364500
52600,500,300,"sd","13:45:48",364800
52600,500,100,"sd","13:45:49",364900
52500,400,700,"bu","13:47:52",365600
52500,400,100,"bu","13:48:00",365700
52500,400,1000,"sd","13:48:25",366700
52600,500,500,"bu","13:49:43",367200
52600,500,1000,"bu","13:49:54",368200
52500,400,1000,"bu","13:50:02",369200
52600,500,400,"bu","13:50:42",369600
52600,500,1000,"sd","13:51:15",370600
52600,500,100,"sd","13:51:20",370700
52600,500,1000,"bu","13:53:03",371700
52600,500,100,"bu","13:53:11",371800
52600,500,1000,"sd","13:53:24",372800
52600,500,100,"bu","13:53:32",372900
52500,400,3100,"sd","13:53:54",376000
52500,400,300,"sd","13:54:57",376300
52500,400,4800,"bu","13:57:10",381100
52500,400,500,"sd","13:57:35",381600
52500,400,3200,"sd","13:59:41",384800
52500,400,300,"bu","13:59:52",385100
52500,400,100,"bu","14:00:08",385200
52500,400,2500,"bu","14:02:15",387700
52600,500,500,"sd","14:02:31",388200
52600,500,100,"sd","14:03:00",388300
52600,500,1000,"sd","14:03:20",389300
52600,500,100,"bu","14:03:31",389400
52600,500,400,"sd","14:04:29",389800
52500,400,7000,"sd","14:04:31",396800
52600,500,500,"sd","14:06:08",397300
52600,500,7800,"bu","14:06:26",405100
52700,600,1000,"sd","14:06:35",406100
52700,600,100,"bu","14:06:40",406200
52700,600,1100,"sd","14:06:58",407300
52700,600,3000,"sd","14:07:00",410300
52700,600,1400,"bu","14:07:01",411700
52700,600,6000,"sd","14:07:03",417700
52700,600,3300,"bu","14:07:05",421000
52800,700,500,"bu","14:07:18",421500
52700,600,3000,"sd","14:07:47",424500
52800,700,2000,"bu","14:08:00",426500
52800,700,200,"bu","14:08:02",426700
52800,700,1000,"bu","14:08:05",427700
52800,700,3100,"sd","14:08:15",430800
52800,700,6000,"sd","14:08:19",436800
52800,700,2000,"sd","14:08:21",438800
52800,700,1000,"sd","14:08:27",439800
52800,700,1200,"bu","14:08:30",441000
52800,700,200,"bu","14:08:32",441200
52800,700,300,"bu","14:08:36",441500
52800,700,9300,"bu","14:08:40",450800
52800,700,200,"sd","14:09:02",451000
52800,700,500,"sd","14:09:09",451500
52800,700,500,"sd","14:09:18",452000
52800,700,5000,"bu","14:09:25",457000
52800,700,2200,"sd","14:09:48",459200
52800,700,200,"bu","14:09:51",459400
52800,700,2000,"bu","14:09:59",461400
52800,700,2200,"sd","14:10:01",463600
52800,700,1100,"sd","14:10:03",464700
52800,700,300,"bu","14:10:11",465000
52800,700,1000,"sd","14:10:34",466000
52800,700,1200,"sd","14:10:41",467200
52800,700,400,"bu","14:10:50",467600
52800,700,700,"bu","14:10:59",468300
52800,700,2100,"sd","14:11:25",470400
52800,700,200,"sd","14:11:28",470600
52800,700,300,"sd","14:11:40",470900
52800,700,3000,"bu","14:12:00",473900
52900,800,1000,"sd","14:12:08",474900
52900,800,100,"sd","14:12:12",475000
52800,700,1200,"sd","14:12:41",476200
52800,700,500,"sd","14:12:45",476700
52800,700,200,"sd","14:13:07",476900
52800,700,300,"bu","14:13:09",477200
52800,700,200,"bu","14:13:11",477400
52900,800,2200,"bu","14:13:24",479600
52900,800,200,"sd","14:13:31",479800
52900,800,9600,"bu","14:13:46",489400
53000,900,1700,"bu","14:14:08",491100
52900,800,100,"sd","14:14:11",491200
52900,800,400,"sd","14:14:12",491600
52900,800,100,"sd","14:14:19",491700
52900,800,2100,"sd","14:14:43",493800
52800,700,2700,"sd","14:15:10",496500
52700,600,100,"sd","14:15:20",496600
52800,700,2200,"bu","14:16:01",498800
52800,700,200,"bu","14:16:15",499000
52700,600,1000,"sd","14:16:26",500000
52700,600,3000,"sd","14:16:51",503000
52700,600,300,"bu","14:16:53",503300
52800,700,2100,"bu","14:17:18",505400
52800,700,200,"bu","14:17:22",505600
52800,700,400,"bu","14:17:24",506000
52700,600,100,"sd","14:17:25",506100
52800,700,2200,"bu","14:18:36",508300
52800,700,200,"sd","14:18:42",508500
52800,700,1500,"sd","14:18:48",510000
52800,700,700,"bu","14:18:52",510700
52800,700,2300,"sd","14:19:47",513000
52800,700,100,"sd","14:19:50",513100
52800,700,2100,"bu","14:19:53",515200
52800,700,1000,"bu","14:19:56",516200
52800,700,3000,"bu","14:19:59",519200
52800,700,1300,"sd","14:20:13",520500
52800,700,100,"bu","14:20:22",520600
52800,700,300,"bu","14:20:37",520900
52800,700,1300,"sd","14:20:48",522200
52900,800,2100,"bu","14:21:12",524300
52800,700,300,"bu","14:21:29",524600
52800,700,500,"sd","14:21:48",525100
52900,800,2800,"sd","14:22:30",527900
52800,700,100,"sd","14:23:07",528000
52800,700,500,"sd","14:23:38",528500
52800,700,700,"bu","14:23:47",529200
52800,700,100,"sd","14:23:58",529300
52900,800,2000,"sd","14:24:03",531300
52800,700,500,"sd","14:24:13",531800
52800,700,100,"sd","14:24:28",531900
52800,700,1000,"bu","14:24:51",532900
52800,700,200,"sd","14:24:54",533100
52800,700,1700,"bu","14:25:05",534800
52800,700,3700,"sd","14:25:16",538500
52800,700,5400,"bu","14:25:28",543900
52800,700,100,"bu","14:25:43",544000
52900,800,5000,"bu","14:25:52",549000
52800,700,300,"bu","14:26:21",549300
52900,800,100,"sd","14:26:31",549400
52800,700,2900,"bu","14:26:36",552300
52800,700,2100,"sd","14:26:47",554400
52800,700,800,"sd","14:27:05",555200
52700,600,10000,"bu","14:27:28",565200
52700,600,100,"bu","14:27:59",565300
52700,600,1000,"sd","14:28:58",566300
52600,500,1000,"bu","14:29:40",567300
52600,500,7200,"sd","14:29:45",574500
52600,500,400,"bu","14:29:56",574900
52600,500,100,"bu","14:30:01",575000
52800,700,33000,"bu","14:45:13",608000
