"symbol","time","price","change","vol","total","side"
"BID","14:45:00",42.9,-0.85,29200,1209700,
"BID","14:29:42",43,-0.75,800,1180500,"B"
"BID","14:29:29",43,-0.75,1000,1179700,"B"
"BID","14:29:25",43,-0.75,500,1178700,"B"
"BID","14:29:09",43,-0.75,700,1178200,"B"
"BID","14:28:59",43,-0.75,600,1177500,"S"
"BID","14:28:59",42.95,-0.8,400,1176900,"S"
"BID","14:28:53",42.95,-0.8,100,1176500,"S"
"BID","14:28:25",43,-0.75,900,1176400,"B"
"BID","14:28:17",43.25,-0.5,100,1175500,"B"
"BID","14:28:01",43.3,-0.45,9800,1175400,"B"
"BID","14:27:58",43.3,-0.45,1000,1165600,"B"
"BID","14:27:51",43.3,-0.45,1100,1164600,"B"
"BID","14:27:48",43.3,-0.45,1000,1163500,"B"
"BID","14:27:42",43.3,-0.45,1000,1162500,"B"
"BID","14:27:25",43.35,-0.4,6900,1161500,"S"
"BID","14:27:25",43.3,-0.45,1000,1154600,"B"
"BID","14:27:20",43.3,-0.45,2800,1153600,"B"
"BID","14:26:46",43.35,-0.4,400,1150800,"S"
"BID","14:26:29",43.35,-0.4,400,1150400,"S"
"BID","14:26:28",43.3,-0.45,1000,1150000,"B"
"BID","14:26:01",43.3,-0.45,500,1149000,"B"
"BID","14:25:46",43.3,-0.45,1000,1148500,"B"
"BID","14:25:44",43.3,-0.45,1000,1147500,"B"
"BID","14:25:37",43.4,-0.35,300,1146500,"S"
"BID","14:25:33",43.4,-0.35,1300,1146200,"S"
"BID","14:25:32",43.3,-0.45,100,1144900,"B"
"BID","14:25:09",43.4,-0.35,1000,1144800,"S"
"BID","14:25:05",43.3,-0.45,100,1142900,"B"
"BID","14:25:04",43.4,-0.35,600,1142800,"S"
"BID","14:24:53",43.4,-0.35,300,1142200,"S"
"BID","14:24:37",43.4,-0.35,600,1141900,"S"
"BID","14:24:30",43.4,-0.35,600,1141300,"S"
"BID","14:24:28",43.4,-0.35,200,1140700,"S"
"BID","14:24:28",43.35,-0.4,100,1140500,"S"
"BID","14:24:20",43.4,-0.35,700,1140400,"S"
"BID","14:24:20",43.35,-0.4,500,1139700,"S"
"BID","14:24:12",43.35,-0.4,400,1139200,"S"
"BID","14:24:12",43.3,-0.45,200,1138800,"S"
"BID","14:24:03",43.3,-0.45,600,1138600,"S"
"BID","14:24:01",43.3,-0.45,400,1138000,"S"
"BID","14:23:50",43.3,-0.45,600,1137600,"S"
"BID","14:23:44",43.3,-0.45,600,1137000,"S"
"BID","14:23:37",43.3,-0.45,800,1136400,"S"
"BID","14:23:34",43.3,-0.45,400,1135600,"S"
"BID","14:23:34",43.2,-0.55,200,1135200,"S"
"BID","14:23:31",43.2,-0.55,500,1135000,"S"
"BID","14:23:31",43.1,-0.65,200,1134500,"S"
"BID","14:23:22",43.05,-0.7,400,1134300,"S"
"BID","14:23:21",43.05,-0.7,300,1133900,"S"
"BID","14:23:18",43,-0.75,1200,1133600,"S"
"BID","14:23:16",43,-0.75,1000,1132400,"S"
"BID","14:23:16",43,-0.75,5000,1131400,"S"
"BID","14:23:12",43,-0.75,5000,1126400,"S"
"BID","14:23:05",43,-0.75,400,1121400,"S"
"BID","14:22:56",43,-0.75,200,1121000,"S"
"BID","14:22:43",43,-0.75,600,1120800,"S"
"BID","14:22:33",43,-0.75,300,1120200,"S"
"BID","14:22:33",42.95,-0.8,100,1119900,"S"
"BID","14:22:04",42.95,-0.8,300,1119800,"S"
"BID","14:21:53",42.95,-0.8,600,1119500,"S"
"BID","14:21:49",42.95,-0.8,2000,1118900,"S"
"BID","14:21:33",42.95,-0.8,1000,1116900,"S"
"BID","14:21:31",42.9,-0.85,200,1115900,"B"
"BID","14:21:13",42.9,-0.85,3400,1115700,"S"
"BID","14:21:06",42.9,-0.85,2000,1112300,"S"
"BID","14:20:48",42.9,-0.85,100,1110300,"S"
"BID","14:20:47",42.9,-0.85,100,1110200,"S"
"BID","14:20:39",42.9,-0.85,400,1110100,"S"
"BID","14:20:38",42.9,-0.85,500,1109700,"S"
"BID","14:20:37",42.9,-0.85,2000,1109200,"S"
"BID","14:20:34",42.8,-0.95,100,1107200,"B"
"BID","14:20:24",42.9,-0.85,400,1107100,"S"
"BID","14:20:24",42.85,-0.9,300,1106700,"S"
"BID","14:20:24",42.85,-0.9,700,1106400,"S"
"BID","14:20:23",42.85,-0.9,400,1105700,"S"
"BID","14:20:14",42.85,-0.9,600,1105300,"S"
"BID","14:20:10",42.8,-0.95,4000,1104700,"B"
"BID","14:20:02",42.85,-0.9,1000,1100700,"S"
"BID","14:19:39",42.85,-0.9,300,1099700,"S"
"BID","14:19:38",42.85,-0.9,300,1099400,"S"
"BID","14:19:20",42.85,-0.9,300,1099100,"S"
"BID","14:19:11",42.85,-0.9,2000,1098800,"S"
"BID","14:18:56",42.85,-0.9,100,1096800,"S"
"BID","14:18:52",42.85,-0.9,300,1096700,"S"
"BID","14:18:51",42.85,-0.9,200,1096400,"S"
"BID","14:18:00",42.85,-0.9,100,1096200,"S"
"BID","14:17:03",42.85,-0.9,500,1096100,"S"
"BID","14:17:02",42.85,-0.9,500,1095600,"S"
"BID","14:16:27",42.8,-0.95,1900,1095100,"S"
"BID","14:16:07",42.8,-0.95,200,1093200,"S"
"BID","14:15:57",42.75,-1,100,1093000,"B"
"BID","14:15:47",42.75,-1,1000,1092900,"B"
"BID","14:15:38",42.75,-1,1000,1091900,"B"
"BID","14:14:53",42.75,-1,500,1090900,"B"
"BID","14:14:52",42.8,-0.95,2500,1090400,"S"
"BID","14:14:27",42.8,-0.95,100,1087900,"S"
"BID","14:14:18",42.8,-0.95,200,1087800,"S"
"BID","14:13:58",42.8,-0.95,1900,1087600,"B"
"BID","14:13:46",42.8,-0.95,1000,1085700,"B"
"BID","14:13:25",42.8,-0.95,1000,1084700,"B"
"BID","14:12:54",42.8,-0.95,100,1083700,"B"
"BID","14:12:42",42.8,-0.95,100,1083600,"B"
"BID","14:11:55",42.8,-0.95,2900,1083500,"S"
"BID","14:11:55",42.8,-0.95,2100,1080600,"S"
"BID","14:11:53",42.75,-1,200,1078500,"B"
"BID","14:11:20",42.75,-1,1000,1078300,"B"
"BID","14:10:58",42.8,-0.95,500,1077300,"B"
"BID","14:10:53",42.8,-0.95,100,1076800,"B"
"BID","14:10:35",42.8,-0.95,800,1076700,"B"
"BID","14:10:29",42.8,-0.95,1000,1075900,"B"
"BID","14:10:17",42.8,-0.95,700,1074900,"B"
"BID","14:09:51",42.9,-0.85,600,1074200,"B"
"BID","14:09:38",42.9,-0.85,1000,1073600,"B"
"BID","14:09:16",42.9,-0.85,600,1072600,"B"
"BID","14:09:14",42.9,-0.85,1000,1072000,"B"
"BID","14:09:11",42.9,-0.85,800,1071000,"B"
"BID","14:09:06",42.9,-0.85,600,1070200,"B"
"BID","14:09:02",42.9,-0.85,600,1069600,"B"
"BID","14:08:55",42.9,-0.85,300,1069000,"B"
"BID","14:08:53",42.95,-0.8,500,1068700,"B"
"BID","14:08:26",42.95,-0.8,2000,1068200,"S"
"BID","14:08:04",42.95,-0.8,1000,1066200,"S"
"BID","14:07:59",42.95,-0.8,1000,1065200,"S"
"BID","14:07:26",42.95,-0.8,400,1064200,"S"
"BID","14:07:24",42.95,-0.8,400,1063800,"S"
"BID","14:07:12",42.95,-0.8,2300,1063400,"S"
"BID","14:06:51",42.95,-0.8,200,1061100,"S"
"BID","14:06:42",42.95,-0.8,600,1060900,"S"
"BID","14:06:40",42.95,-0.8,500,1060300,"S"
"BID","14:06:34",42.95,-0.8,800,1059800,"S"
"BID","14:06:32",42.95,-0.8,500,1059000,"S"
"BID","14:06:27",42.9,-0.85,200,1058500,"S"
"BID","14:06:18",42.9,-0.85,200,1058300,"S"
"BID","14:06:16",42.9,-0.85,700,1058100,"S"
"BID","14:06:13",42.8,-0.95,200,1057400,"B"
"BID","14:06:10",42.9,-0.85,800,1057200,"S"
"BID","14:05:57",42.9,-0.85,1100,1056400,"B"
"BID","14:05:57",42.95,-0.8,700,1055300,"S"
"BID","14:05:42",42.95,-0.8,700,1054600,"S"
"BID","14:05:31",42.95,-0.8,1000,1053900,"S"
"BID","14:05:14",42.95,-0.8,800,1052900,"S"
"BID","14:05:07",42.95,-0.8,600,1052100,"S"
"BID","14:05:06",42.9,-0.85,900,1051500,"S"
"BID","14:05:03",42.9,-0.85,700,1050600,"S"
"BID","14:04:50",42.9,-0.85,100,1049900,"S"
"BID","14:04:45",42.9,-0.85,800,1049800,"S"
"BID","14:04:22",42.9,-0.85,800,1049000,"S"
"BID","14:04:13",42.9,-0.85,600,1048200,"S"
"BID","14:04:06",42.9,-0.85,600,1047600,"S"
"BID","14:04:04",42.9,-0.85,700,1047000,"S"
"BID","14:04:00",42.9,-0.85,300,1046300,"S"
"BID","14:04:00",42.85,-0.9,100,1046000,"S"
"BID","14:03:53",42.85,-0.9,700,1045900,"S"
"BID","14:03:48",42.85,-0.9,600,1045200,"S"
"BID","14:03:36",42.7,-1.05,3500,1044600,"B"
"BID","14:03:35",42.85,-0.9,600,1041100,"S"
"BID","14:03:35",42.75,-1,200,1040500,"S"
"BID","14:03:30",42.7,-1.05,2500,1040300,"S"
"BID","14:03:20",42.7,-1.05,500,1037800,"B"
"BID","14:03:12",42.7,-1.05,500,1037300,"S"
"BID","14:03:04",42.65,-1.1,200,1036800,"B"
"BID","14:02:59",42.7,-1.05,500,1036600,"B"
"BID","14:02:56",42.7,-1.05,600,1036100,"B"
"BID","14:02:55",42.7,-1.05,2000,1035500,"B"
"BID","14:02:49",42.7,-1.05,5000,1033500,"B"
"BID","14:02:41",42.7,-1.05,1300,1028500,"B"
"BID","14:02:38",42.7,-1.05,600,1027200,"B"
"BID","14:02:31",42.65,-1.1,100,1026600,"B"
"BID","14:02:28",42.65,-1.1,700,1026500,"B"
"BID","14:02:24",42.65,-1.1,600,1025800,"B"
"BID","14:02:08",42.9,-0.85,500,1025200,"S"
"BID","14:02:07",42.65,-1.1,700,1024700,"B"
"BID","14:02:05",42.65,-1.1,600,1024000,"B"
"BID","14:01:59",42.65,-1.1,200,1023400,"B"
"BID","14:01:59",42.7,-1.05,400,1023200,"B"
"BID","14:01:54",42.7,-1.05,300,1022800,"B"
"BID","14:01:48",42.9,-0.85,1300,1022500,"B"
"BID","14:01:45",42.9,-0.85,600,1021200,"B"
"BID","14:01:41",42.9,-0.85,900,1020600,"B"
"BID","14:01:37",42.9,-0.85,4000,1019700,"B"
"BID","14:01:33",42.9,-0.85,600,1015700,"B"
"BID","14:01:27",42.9,-0.85,2100,1015100,"S"
"BID","14:01:27",42.85,-0.9,500,1013000,"S"
"BID","14:01:25",42.7,-1.05,100,1012500,"B"
"BID","14:01:14",42.65,-1.1,600,1012400,"B"
"BID","14:01:11",42.7,-1.05,100,1011800,"B"
"BID","14:01:03",42.65,-1.1,800,1011700,"B"
"BID","14:01:00",42.65,-1.1,100,1010900,"B"
"BID","14:00:55",42.65,-1.1,1000,1010800,"B"
"BID","14:00:50",42.65,-1.1,200,1009800,"B"
"BID","14:00:48",42.65,-1.1,3500,1009600,"B"
"BID","14:00:33",42.65,-1.1,5000,1006100,"B"
"BID","14:00:23",42.65,-1.1,200,1001100,"B"
"BID","14:00:23",42.7,-1.05,300,1000900,"B"
"BID","14:00:04",42.65,-1.1,1000,1000600,"B"
"BID","13:59:14",42.65,-1.1,500,999600,"B"
"BID","13:59:08",42.6,-1.15,500,999100,"B"
"BID","13:59:02",42.95,-0.8,200,998600,"S"
"BID","13:58:58",42.95,-0.8,2000,998400,"S"
"BID","13:58:50",42.95,-0.8,500,996400,"S"
"BID","13:58:47",42.95,-0.8,2600,995900,"B"
"BID","13:58:34",43,-0.75,100,993300,"S"
"BID","13:58:33",42.95,-0.8,2000,993200,"B"
"BID","13:58:30",42.6,-1.15,5900,991200,"B"
"BID","13:58:30",42.65,-1.1,400,985300,"B"
"BID","13:58:30",42.7,-1.05,1800,984900,"B"
"BID","13:58:30",42.8,-0.95,5100,983100,"B"
"BID","13:58:30",42.9,-0.85,1800,978000,"B"
"BID","13:58:30",42.95,-0.8,5600,976200,"B"
"BID","13:58:17",42.95,-0.8,200,970600,"B"
"BID","13:58:16",42.95,-0.8,100,970400,"B"
"BID","13:58:14",43,-0.75,500,970300,"S"
"BID","13:58:08",42.95,-0.8,800,969800,"B"
"BID","13:58:07",43,-0.75,1900,969000,"B"
"BID","13:58:04",43,-0.75,1000,967100,"B"
"BID","13:57:59",43,-0.75,800,966100,"B"
"BID","13:57:56",43,-0.75,200,965300,"B"
"BID","13:57:48",43,-0.75,700,965100,"B"
"BID","13:57:43",43.05,-0.7,700,964400,"S"
"BID","13:57:32",43.05,-0.7,2000,963700,"S"
"BID","13:57:04",43,-0.75,400,961700,"S"
"BID","13:56:57",43,-0.75,100,961300,"S"
"BID","13:56:51",43,-0.75,3000,961200,"S"
"BID","13:56:41",43,-0.75,300,958200,"S"
"BID","13:56:33",42.95,-0.8,100,957900,"B"
"BID","13:56:07",42.95,-0.8,500,957800,"B"
"BID","13:56:06",43,-0.75,100,957300,"S"
"BID","13:55:50",42.95,-0.8,2800,957200,"S"
"BID","13:55:40",42.95,-0.8,2000,954400,"S"
"BID","13:55:34",42.9,-0.85,100,952400,"B"
"BID","13:55:07",42.9,-0.85,200,952300,"S"
"BID","13:55:05",42.9,-0.85,100,952100,"S"
"BID","13:54:53",42.6,-1.15,2800,952000,"B"
"BID","13:54:53",42.7,-1.05,1200,949200,"B"
"BID","13:54:41",42.9,-0.85,500,948000,"S"
"BID","13:54:41",42.85,-0.9,200,947500,"S"
"BID","13:54:41",42.8,-0.95,100,947300,"S"
"BID","13:54:29",42.7,-1.05,800,947200,"S"
"BID","13:54:19",42.7,-1.05,200,946400,"S"
"BID","13:54:19",42.65,-1.1,600,946200,"S"
"BID","13:54:18",42.6,-1.15,300,945600,"B"
"BID","13:54:13",42.6,-1.15,500,945300,"B"
"BID","13:54:05",42.6,-1.15,300,944800,"B"
"BID","13:53:54",42.6,-1.15,100,944500,"B"
"BID","13:53:44",42.6,-1.15,400,944400,"B"
"BID","13:52:55",42.55,-1.2,4900,944000,"B"
"BID","13:52:53",42.6,-1.15,400,939000,"S"
"BID","13:52:45",42.6,-1.15,300,937600,"S"
"BID","13:52:29",42.6,-1.15,900,937300,"S"
"BID","13:52:27",42.55,-1.2,2600,936400,"B"
"BID","13:52:26",42.6,-1.15,1000,933800,"S"
"BID","13:52:25",42.55,-1.2,100,932800,"B"
"BID","13:52:22",42.55,-1.2,1000,932700,"B"
"BID","13:52:20",42.55,-1.2,200,931700,"B"
"BID","13:52:18",42.55,-1.2,600,931500,"B"
"BID","13:52:12",42.6,-1.15,300,930900,"S"
"BID","13:52:02",42.6,-1.15,400,930600,"S"
"BID","13:52:01",42.55,-1.2,5000,930200,"B"
"BID","13:51:59",42.55,-1.2,2000,925200,"B"
"BID","13:51:55",42.55,-1.2,3000,923200,"B"
"BID","13:51:45",42.6,-1.15,500,920200,"S"
"BID","13:51:38",42.6,-1.15,1000,919700,"S"
"BID","13:51:38",42.6,-1.15,200,918700,"S"
"BID","13:51:35",42.6,-1.15,3200,918500,"B"
"BID","13:51:32",42.6,-1.15,1000,915300,"B"
"BID","13:51:29",42.6,-1.15,1000,914300,"B"
"BID","13:51:26",42.6,-1.15,700,913300,"B"
"BID","13:51:20",42.6,-1.15,1200,912600,"B"
"BID","13:51:06",42.65,-1.1,200,911400,"S"
"BID","13:51:04",42.65,-1.1,500,911200,"S"
"BID","13:51:02",42.65,-1.1,100,910700,"S"
"BID","13:51:01",42.65,-1.1,100,910600,"S"
"BID","13:50:54",42.6,-1.15,200,909500,"B"
"BID","13:50:44",42.65,-1.1,1900,909300,"B"
"BID","13:50:38",42.65,-1.1,3000,907400,"B"
"BID","13:50:34",42.65,-1.1,1000,904400,"B"
"BID","13:50:29",42.65,-1.1,600,903400,"B"
"BID","13:50:18",42.7,-1.05,200,902800,"S"
"BID","13:50:05",42.65,-1.1,400,902600,"B"
"BID","13:50:05",42.7,-1.05,200,902200,"B"
"BID","13:50:04",42.7,-1.05,7500,902000,"B"
"BID","13:49:53",42.7,-1.05,100,894500,"B"
"BID","13:49:35",42.7,-1.05,100,894400,"B"
"BID","13:49:33",42.7,-1.05,600,894300,"B"
"BID","13:49:32",42.7,-1.05,500,893700,"B"
"BID","13:49:32",42.75,-1,700,893200,"B"
"BID","13:49:26",42.75,-1,100,892500,"B"
"BID","13:49:18",42.75,-1,1000,892400,"B"
"BID","13:49:13",42.75,-1,600,891400,"B"
"BID","13:49:07",42.75,-1,400,890800,"B"
"BID","13:49:07",42.8,-0.95,200,890400,"B"
"BID","13:49:01",42.8,-0.95,300,890200,"B"
"BID","13:48:47",42.75,-1,2800,889900,"B"
"BID","13:48:33",42.75,-1,600,886900,"B"
"BID","13:48:26",42.85,-0.9,900,886300,"S"
"BID","13:48:26",42.8,-0.95,100,885400,"S"
"BID","13:48:11",42.75,-1,600,885300,"B"
"BID","13:48:09",42.75,-1,200,884700,"B"
"BID","13:48:07",42.75,-1,300,884500,"B"
"BID","13:48:06",42.75,-1,100,884200,"B"
"BID","13:48:02",42.75,-1,600,884100,"B"
"BID","13:47:55",42.75,-1,600,883500,"B"
"BID","13:47:49",42.75,-1,600,882900,"B"
"BID","13:47:43",42.75,-1,600,882300,"B"
"BID","13:47:39",42.85,-0.9,100,881700,"S"
"BID","13:47:31",42.75,-1,200,881600,"B"
"BID","13:47:30",42.75,-1,600,881400,"B"
"BID","13:47:20",42.75,-1,600,880800,"B"
"BID","13:47:13",42.75,-1,600,880200,"B"
"BID","13:47:01",42.75,-1,1000,879600,"B"
"BID","13:46:57",42.75,-1,1000,878600,"B"
"BID","13:46:48",42.75,-1,1000,877600,"B"
"BID","13:46:47",42.75,-1,600,876600,"B"
"BID","13:46:46",42.75,-1,500,876000,"B"
"BID","13:46:40",42.75,-1,600,875500,"B"
"BID","13:46:30",42.75,-1,2000,874900,"B"
"BID","13:46:28",42.75,-1,600,872900,"B"
"BID","13:46:20",42.75,-1,100,872300,"B"
"BID","13:46:17",42.75,-1,1200,872200,"B"
"BID","13:46:09",42.75,-1,300,871000,"B"
"BID","13:46:06",42.8,-0.95,1000,870700,"S"
"BID","13:46:00",42.8,-0.95,1000,869700,"B"
"BID","13:45:58",42.8,-0.95,800,868700,"B"
"BID","13:45:48",42.8,-0.95,500,867900,"B"
"BID","13:45:38",42.8,-0.95,200,867400,"S"
"BID","13:45:32",42.8,-0.95,3000,867200,"S"
"BID","13:45:23",42.8,-0.95,100,864200,"S"
"BID","13:45:20",42.75,-1,100,864100,"B"
"BID","13:45:15",42.75,-1,400,864000,"B"
"BID","13:45:14",42.75,-1,100,863600,"B"
"BID","13:45:09",42.75,-1,2000,863500,"B"
"BID","13:45:07",42.75,-1,500,861500,"B"
"BID","13:44:56",42.8,-0.95,100,861000,"S"
"BID","13:44:29",42.75,-1,900,860900,"B"
"BID","13:44:29",42.8,-0.95,600,860000,"B"
"BID","13:44:22",42.8,-0.95,4000,859400,"B"
"BID","13:44:22",42.9,-0.85,100,855400,"S"
"BID","13:44:19",42.85,-0.9,100,855300,"S"
"BID","13:44:18",42.85,-0.9,200,855200,"B"
"BID","13:44:10",42.9,-0.85,400,855000,"S"
"BID","13:44:07",42.9,-0.85,800,854600,"B"
"BID","13:44:00",42.9,-0.85,300,853800,"S"
"BID","13:43:59",42.85,-0.9,500,853500,"B"
"BID","13:43:58",42.85,-0.9,100,853000,"B"
"BID","13:43:55",42.9,-0.85,100,852900,"B"
"BID","13:43:48",42.9,-0.85,900,852800,"S"
"BID","13:43:44",42.8,-0.95,38000,851900,"B"
"BID","13:43:42",42.9,-0.85,900,813900,"S"
"BID","13:43:42",42.85,-0.9,100,813000,"S"
"BID","13:43:39",42.85,-0.9,300,812900,"S"
"BID","13:43:38",42.8,-0.95,600,812600,"B"
"BID","13:43:38",42.85,-0.9,100,812000,"S"
"BID","13:43:37",42.85,-0.9,1500,811900,"B"
"BID","13:43:37",42.9,-0.85,100,810400,"S"
"BID","13:43:28",42.9,-0.85,100,810300,"B"
"BID","13:43:19",42.9,-0.85,2000,810200,"B"
"BID","13:43:11",42.9,-0.85,500,808200,"B"
"BID","13:43:11",42.95,-0.8,600,807700,"B"
"BID","13:42:50",43,-0.75,500,807100,"S"
"BID","13:42:45",42.95,-0.8,3000,806600,"B"
"BID","13:42:34",43,-0.75,500,803600,"S"
"BID","13:42:31",43,-0.75,61200,803100,"B"
"BID","13:42:29",43.05,-0.7,200,741900,"S"
"BID","13:42:21",43,-0.75,4000,741700,"B"
"BID","13:42:20",43.05,-0.7,1000,737700,"S"
"BID","13:42:12",43,-0.75,100,736700,"B"
"BID","13:42:10",43.05,-0.7,100,736600,"S"
"BID","13:42:01",43,-0.75,200,736500,"B"
"BID","13:41:55",43.05,-0.7,100,736300,"S"
"BID","13:41:44",43.05,-0.7,500,736200,"S"
"BID","13:41:34",43.05,-0.7,100,735700,"S"
"BID","13:41:32",43,-0.75,500,735600,"B"
"BID","13:41:24",43,-0.75,500,735100,"B"
"BID","13:41:15",43.05,-0.7,100,734600,"S"
"BID","13:41:13",43.05,-0.7,100,734500,"S"
"BID","13:41:00",43.05,-0.7,1000,734400,"S"
"BID","13:40:56",43.05,-0.7,1500,733400,"S"
"BID","13:40:54",43,-0.75,300,731900,"B"
"BID","13:40:32",43.05,-0.7,1500,731600,"S"
"BID","13:40:02",43.05,-0.7,300,730100,"S"
"BID","13:39:56",43,-0.75,400,729800,"B"
"BID","13:39:47",43,-0.75,800,729400,"B"
"BID","13:39:30",43.05,-0.7,100,728600,"S"
"BID","13:39:17",43.05,-0.7,2700,728500,"B"
"BID","13:38:34",43.05,-0.7,100,725800,"B"
"BID","13:37:47",43.05,-0.7,600,725700,"B"
"BID","13:37:25",43.05,-0.7,1000,725100,"B"
"BID","13:37:07",43.05,-0.7,2700,724100,"B"
"BID","13:37:01",43.1,-0.65,100,721400,"S"
"BID","13:36:55",43.1,-0.65,100,721300,"S"
"BID","13:36:26",43.1,-0.65,100,721200,"S"
"BID","13:36:25",43.05,-0.7,200,721100,"B"
"BID","13:36:19",43.05,-0.7,600,720900,"B"
"BID","13:36:09",43.1,-0.65,500,720300,"S"
"BID","13:35:53",43.1,-0.65,300,719800,"B"
"BID","13:35:47",43.1,-0.65,100,719500,"B"
"BID","13:35:42",43.1,-0.65,1000,719400,"B"
"BID","13:35:37",43.1,-0.65,600,718400,"B"
"BID","13:35:27",43.1,-0.65,1000,717800,"B"
"BID","13:35:24",43.1,-0.65,1000,716800,"B"
"BID","13:34:56",43.1,-0.65,500,715800,"B"
"BID","13:34:53",43.2,-0.55,100,715300,"S"
"BID","13:34:31",43.1,-0.65,2000,715200,"B"
"BID","13:34:29",43.25,-0.5,100,713200,"S"
"BID","13:34:08",43.25,-0.5,2000,713100,"S"
"BID","13:34:07",43.1,-0.65,11200,711100,"B"
"BID","13:34:07",43.15,-0.6,4800,699900,"B"
"BID","13:34:07",43.2,-0.55,14000,695100,"B"
"BID","13:34:05",43.2,-0.55,3000,681100,"B"
"BID","13:33:41",43.25,-0.5,1400,678100,"B"
"BID","13:32:16",43.25,-0.5,1000,676700,"B"
"BID","13:31:42",43.25,-0.5,200,675700,"B"
"BID","13:31:39",43.25,-0.5,500,675500,"B"
"BID","13:31:04",43.25,-0.5,100,675000,"B"
"BID","13:30:59",43.25,-0.5,200,674900,"B"
"BID","13:30:48",43.25,-0.5,100,674700,"S"
"BID","13:30:43",43.25,-0.5,100,674600,"S"
"BID","13:30:35",43.25,-0.5,100,674500,"S"
"BID","13:30:25",43.25,-0.5,100,674400,"S"
"BID","13:30:06",43.2,-0.55,1700,674300,"B"
"BID","13:29:33",43.2,-0.55,200,672600,"B"
"BID","13:28:40",43.15,-0.6,200,672400,"S"
"BID","13:28:29",43.1,-0.65,400,672200,"B"
"BID","13:28:20",43.1,-0.65,2000,671800,"B"
"BID","13:28:11",43.1,-0.65,400,669800,"S"
"BID","13:28:07",43.1,-0.65,4200,669400,"B"
"BID","13:28:04",43.1,-0.65,6800,665200,"S"
"BID","13:27:49",43.1,-0.65,100,658400,"S"
"BID","13:27:20",43.05,-0.7,1800,658300,"S"
"BID","13:27:19",43.05,-0.7,1000,656500,"S"
"BID","13:27:18",43.05,-0.7,500,655500,"S"
"BID","13:27:15",43.05,-0.7,2000,655000,"S"
"BID","13:27:13",43.05,-0.7,500,653000,"S"
"BID","13:27:12",43.05,-0.7,700,652500,"S"
"BID","13:27:11",43.05,-0.7,10000,651800,"S"
"BID","13:27:05",43.05,-0.7,2000,641800,"S"
"BID","13:27:00",43.05,-0.7,700,639800,"S"
"BID","13:27:00",43,-0.75,2000,639100,"B"
"BID","13:26:59",43,-0.75,400,637100,"B"
"BID","13:26:53",43,-0.75,200,636700,"B"
"BID","13:26:50",43.05,-0.7,500,636500,"S"
"BID","13:26:48",43,-0.75,300,636000,"B"
"BID","13:26:47",43,-0.75,1000,635700,"B"
"BID","13:26:47",43.05,-0.7,500,634700,"S"
"BID","13:26:44",43.05,-0.7,100,634200,"S"
"BID","13:26:38",43.05,-0.7,5300,634100,"B"
"BID","13:26:29",43.05,-0.7,200,628800,"B"
"BID","13:26:27",43.1,-0.65,200,628600,"S"
"BID","13:26:19",43.1,-0.65,300,628400,"S"
"BID","13:26:14",43.1,-0.65,200,628100,"S"
"BID","13:25:59",43.1,-0.65,600,627900,"S"
"BID","13:25:58",43.05,-0.7,3000,627300,"B"
"BID","13:25:57",43.05,-0.7,100,624300,"B"
"BID","13:25:52",43.05,-0.7,6000,624200,"B"
"BID","13:25:45",43.1,-0.65,700,618200,"S"
"BID","13:25:31",43.1,-0.65,100,617500,"S"
"BID","13:25:27",43.05,-0.7,1000,617400,"B"
"BID","13:25:22",43.05,-0.7,200,616400,"B"
"BID","13:25:21",43.05,-0.7,2000,616200,"B"
"BID","13:25:13",43.05,-0.7,1200,614200,"B"
"BID","13:25:05",43.1,-0.65,1000,613000,"B"
"BID","13:25:01",43.1,-0.65,20000,612000,"B"
"BID","13:24:57",43.1,-0.65,100,592000,"B"
"BID","13:24:52",43.15,-0.6,8400,591900,"B"
"BID","13:24:52",43.2,-0.55,100,583500,"S"
"BID","13:24:21",43.15,-0.6,4200,583400,"B"
"BID","13:24:21",43.2,-0.55,1200,579200,"B"
"BID","13:24:19",43.2,-0.55,200,578000,"B"
"BID","13:24:15",43.2,-0.55,1000,577800,"B"
"BID","13:24:10",43.2,-0.55,1000,576800,"B"
"BID","13:23:49",43.2,-0.55,2000,575800,"B"
"BID","13:23:06",43.25,-0.5,100,573800,"S"
"BID","13:23:03",43.2,-0.55,2000,573700,"B"
"BID","13:23:03",43.2,-0.55,500,571700,"B"
"BID","13:23:00",43.2,-0.55,1300,571200,"B"
"BID","13:22:53",43.2,-0.55,600,569900,"B"
"BID","13:22:50",43.25,-0.5,1500,569300,"B"
"BID","13:22:48",43.25,-0.5,1000,567800,"B"
"BID","13:22:46",43.25,-0.5,600,566800,"B"
"BID","13:22:44",43.25,-0.5,1000,566200,"B"
"BID","13:22:39",43.25,-0.5,1800,565200,"B"
"BID","13:22:37",43.25,-0.5,600,563400,"B"
"BID","13:22:35",43.25,-0.5,3000,562800,"B"
"BID","13:22:30",43.25,-0.5,300,559800,"B"
"BID","13:22:21",43.25,-0.5,600,559500,"B"
"BID","13:22:11",43.3,-0.45,800,558900,"B"
"BID","13:22:03",43.3,-0.45,5000,558100,"B"
"BID","13:22:01",43.3,-0.45,2000,553100,"B"
"BID","13:21:38",43.3,-0.45,1000,551100,"B"
"BID","13:21:33",43.35,-0.4,1000,550100,"S"
"BID","13:21:27",43.35,-0.4,200,549100,"S"
"BID","13:21:09",43.3,-0.45,200,548900,"B"
"BID","13:21:08",43.3,-0.45,1000,548700,"B"
"BID","13:21:04",43.3,-0.45,1000,547700,"B"
"BID","13:20:47",43.35,-0.4,700,546700,"S"
"BID","13:20:22",43.35,-0.4,1000,546000,"S"
"BID","13:20:16",43.35,-0.4,100,545000,"S"
"BID","13:20:06",43.35,-0.4,600,544900,"S"
"BID","13:20:02",43.35,-0.4,700,544300,"S"
"BID","13:19:08",43.35,-0.4,200,543600,"S"
"BID","13:18:09",43.35,-0.4,100,543400,"B"
"BID","13:17:59",43.35,-0.4,100,543300,"S"
"BID","13:17:50",43.35,-0.4,1000,543200,"S"
"BID","13:17:15",43.35,-0.4,3900,542200,"B"
"BID","13:16:26",43.35,-0.4,100,538300,"B"
"BID","13:16:14",43.4,-0.35,100,538200,"S"
"BID","13:16:02",43.35,-0.4,500,538100,"S"
"BID","13:15:59",43.35,-0.4,500,537600,"S"
"BID","13:15:50",43.35,-0.4,200,537100,"S"
"BID","13:15:32",43.35,-0.4,200,536900,"S"
"BID","13:15:31",43.3,-0.45,900,536700,"B"
"BID","13:14:17",43.3,-0.45,100,535800,"B"
"BID","13:14:04",43.35,-0.4,100,535700,"S"
"BID","13:13:58",43.35,-0.4,600,535600,"B"
"BID","13:13:37",43.4,-0.35,200,535000,"S"
"BID","13:12:37",43.4,-0.35,100,534800,"S"
"BID","13:11:30",43.3,-0.45,100,534700,"S"
"BID","13:11:17",43.3,-0.45,1000,534600,"S"
"BID","13:11:17",43.3,-0.45,100,533600,"S"
"BID","13:11:07",43.3,-0.45,200,533500,"S"
"BID","13:11:04",43.2,-0.55,3700,533300,"B"
"BID","13:11:04",43.25,-0.5,4700,529600,"B"
"BID","13:10:48",43.3,-0.45,500,524900,"S"
"BID","13:10:47",43.3,-0.45,100,524400,"S"
"BID","13:10:24",43.3,-0.45,500,524300,"S"
"BID","13:10:03",43.3,-0.45,200,523800,"S"
"BID","13:09:15",43.3,-0.45,200,523600,"S"
"BID","13:09:02",43.3,-0.45,100,523400,"B"
"BID","13:08:48",43.3,-0.45,400,523300,"S"
"BID","13:08:20",43.3,-0.45,200,522900,"S"
"BID","13:07:37",43.2,-0.55,100,522700,"B"
"BID","13:07:33",43.2,-0.55,100,522600,"B"
"BID","13:07:33",43.25,-0.5,1000,522500,"S"
"BID","13:07:18",43.2,-0.55,1200,521500,"S"
"BID","13:07:18",43.15,-0.6,2500,520300,"B"
"BID","13:07:01",43.2,-0.55,500,517800,"S"
"BID","13:06:49",43.2,-0.55,100,517300,"S"
"BID","13:06:40",43.2,-0.55,300,517200,"S"
"BID","13:06:10",43.2,-0.55,300,516900,"S"
"BID","13:06:03",43.15,-0.6,600,516600,"B"
"BID","13:06:00",43.2,-0.55,500,516000,"S"
"BID","13:05:57",43.2,-0.55,1000,515500,"S"
"BID","13:05:55",43.2,-0.55,100,514500,"S"
"BID","13:05:53",43.2,-0.55,200,514400,"S"
"BID","13:05:49",43.2,-0.55,300,514200,"S"
"BID","13:05:48",43.2,-0.55,500,513900,"S"
"BID","13:05:43",43.2,-0.55,100,513400,"S"
"BID","13:05:41",43.2,-0.55,400,513300,"S"
"BID","13:05:34",43.2,-0.55,1000,512900,"S"
"BID","13:05:11",43.1,-0.65,100,511900,"B"
"BID","13:05:11",43.15,-0.6,1100,511800,"B"
"BID","13:04:55",43.2,-0.55,300,510700,"S"
"BID","13:04:48",43.2,-0.55,700,510400,"S"
"BID","13:04:47",43.15,-0.6,600,509700,"S"
"BID","13:04:46",43.15,-0.6,1400,509100,"B"
"BID","13:04:34",43.2,-0.55,4600,507700,"B"
"BID","13:04:28",43.2,-0.55,1000,503100,"B"
"BID","13:04:27",43.2,-0.55,1500,502100,"B"
"BID","13:04:15",43.2,-0.55,4000,500600,"B"
"BID","13:04:07",43.25,-0.5,100,496600,"S"
"BID","13:03:57",43.25,-0.5,800,496500,"B"
"BID","13:03:32",43.2,-0.55,12900,495700,"B"
"BID","13:03:32",43.25,-0.5,10000,482800,"B"
"BID","13:03:31",43.25,-0.5,8800,472800,"B"
"BID","13:03:31",43.3,-0.45,8300,464000,"B"
"BID","13:03:12",43.35,-0.4,100,455700,"S"
"BID","13:03:00",43.35,-0.4,200,455600,"S"
"BID","13:02:59",43.35,-0.4,700,455400,"S"
"BID","13:02:34",43.35,-0.4,400,454700,"S"
"BID","13:02:28",43.3,-0.45,300,454300,"B"
"BID","13:02:27",43.35,-0.4,900,454000,"B"
"BID","13:02:26",43.4,-0.35,500,453100,"S"
"BID","13:02:16",43.35,-0.4,100,452600,"S"
"BID","13:02:09",43.35,-0.4,300,452500,"S"
"BID","13:01:55",43.35,-0.4,100,452200,"S"
"BID","13:01:53",43.3,-0.45,300,452100,"B"
"BID","13:01:50",43.35,-0.4,700,451800,"S"
"BID","13:01:49",43.35,-0.4,1000,451100,"S"
"BID","13:01:37",43.35,-0.4,600,450100,"S"
"BID","13:01:11",43.3,-0.45,2100,449500,"B"
"BID","13:01:04",43.35,-0.4,300,447400,"S"
"BID","13:00:29",43.35,-0.4,900,447100,"B"
"BID","13:00:27",43.4,-0.35,1000,446200,"S"
"BID","13:00:26",43.4,-0.35,100,445200,"S"
"BID","13:00:20",43.4,-0.35,500,445100,"S"
"BID","13:00:15",43.4,-0.35,200,444600,"S"
"BID","13:00:11",43.4,-0.35,100,444400,"S"
"BID","13:00:09",43.4,-0.35,300,444300,"S"
"BID","13:00:08",43.4,-0.35,100,444000,"S"
"BID","13:00:07",43.4,-0.35,100,443900,"S"
"BID","13:00:06",43.3,-0.45,700,443800,"B"
"BID","13:00:05",43.4,-0.35,200,443100,"B"
"BID","13:00:04",43.3,-0.45,1300,442900,"B"
"BID","13:00:04",43.35,-0.4,7500,441600,"B"
"BID","13:00:04",43.4,-0.35,6200,434100,"B"
"BID","13:00:02",43.4,-0.35,7000,427900,"B"
"BID","11:29:36",43.4,-0.35,2000,420900,"B"
"BID","11:29:25",43.45,-0.3,400,418900,"S"
"BID","11:29:14",43.4,-0.35,600,418500,"B"
"BID","11:29:12",43.45,-0.3,300,417900,"S"
"BID","11:28:26",43.45,-0.3,4400,417600,"B"
"BID","11:27:56",43.45,-0.3,1000,413200,"B"
"BID","11:27:14",43.5,-0.25,100,412200,"S"
"BID","11:26:52",43.45,-0.3,500,412100,"B"
"BID","11:26:47",43.45,-0.3,1200,411600,"B"
"BID","11:26:46",43.45,-0.3,4000,410400,"B"
"BID","11:26:05",43.5,-0.25,1000,406400,"S"
"BID","11:25:22",43.5,-0.25,4000,405400,"B"
"BID","11:24:39",43.5,-0.25,1000,401400,"B"
"BID","11:22:43",43.5,-0.25,1000,400400,"B"
"BID","11:22:37",43.5,-0.25,1000,399400,"B"
"BID","11:22:29",43.5,-0.25,600,398400,"B"
"BID","11:22:28",43.5,-0.25,600,397800,"B"
"BID","11:22:13",43.6,-0.15,100,397200,"S"
"BID","11:22:10",43.5,-0.25,500,397100,"B"
"BID","11:18:46",43.5,-0.25,39700,396600,"B"
"BID","11:18:46",43.55,-0.2,300,356900,"B"
"BID","11:15:37",43.55,-0.2,600,356600,"S"
"BID","11:15:29",43.55,-0.2,3500,356000,"B"
"BID","11:15:28",43.55,-0.2,3900,352500,"B"
"BID","11:14:55",43.55,-0.2,300,348600,"B"
"BID","11:14:41",43.55,-0.2,1000,348300,"B"
"BID","11:14:12",43.6,-0.15,100,347300,"S"
"BID","11:12:25",43.55,-0.2,1200,347200,"B"
"BID","11:10:56",43.6,-0.15,100,346000,"S"
"BID","11:10:45",43.6,-0.15,100,345900,"S"
"BID","11:09:41",43.55,-0.2,600,345800,"B"
"BID","11:09:27",43.55,-0.2,600,345200,"B"
"BID","11:08:18",43.6,-0.15,5600,344600,"B"
"BID","11:08:05",43.6,-0.15,500,339000,"B"
"BID","11:06:46",43.6,-0.15,500,338500,"B"
"BID","11:06:24",43.6,-0.15,400,338000,"B"
"BID","11:06:24",43.65,-0.1,200,337600,"B"
"BID","11:06:00",43.65,-0.1,600,337400,"B"
"BID","11:05:16",43.65,-0.1,1600,336800,"S"
"BID","11:03:21",43.65,-0.1,500,335200,"B"
"BID","11:03:00",43.65,-0.1,200,334700,"B"
"BID","11:02:39",43.65,-0.1,500,334500,"B"
"BID","11:02:32",43.65,-0.1,600,334000,"B"
"BID","11:02:02",43.65,-0.1,600,333400,"B"
"BID","11:01:50",43.65,-0.1,500,332800,"B"
"BID","11:01:42",43.65,-0.1,2000,332300,"B"
"BID","11:01:01",43.65,-0.1,600,330300,"B"
"BID","11:00:59",43.65,-0.1,100,329700,"B"
"BID","11:00:53",43.65,-0.1,100,329600,"B"
"BID","11:00:52",43.65,-0.1,600,329500,"B"
"BID","11:00:50",43.65,-0.1,100,328900,"B"
"BID","11:00:47",43.65,-0.1,100,328800,"B"
"BID","11:00:43",43.65,-0.1,600,328700,"B"
"BID","11:00:42",43.65,-0.1,100,328100,"B"
"BID","11:00:27",43.65,-0.1,600,328000,"B"
"BID","10:59:35",43.65,-0.1,600,327400,"B"
"BID","10:58:45",43.65,-0.1,600,326800,"B"
"BID","10:58:44",43.65,-0.1,600,326200,"B"
"BID","10:58:43",43.65,-0.1,600,325600,"B"
"BID","10:58:06",43.7,-0.05,100,325000,"S"
"BID","10:57:20",43.7,-0.05,300,324900,"S"
"BID","10:56:23",43.7,-0.05,100,324600,"S"
"BID","10:54:57",43.7,-0.05,500,324500,"S"
"BID","10:54:14",43.7,-0.05,5000,324000,"S"
"BID","10:54:03",43.7,-0.05,500,319000,"S"
"BID","10:53:15",43.7,-0.05,3200,318500,"B"
"BID","10:52:44",43.7,-0.05,2200,315300,"S"
"BID","10:52:38",43.7,-0.05,100,313100,"S"
"BID","10:51:43",43.65,-0.1,1000,313000,"B"
"BID","10:51:43",43.7,-0.05,200,312000,"B"
"BID","10:51:42",43.7,-0.05,4800,311800,"S"
"BID","10:51:19",43.7,-0.05,200,307000,"B"
"BID","10:51:05",43.7,-0.05,800,306800,"S"
"BID","10:50:32",43.7,-0.05,15000,306000,"S"
"BID","10:49:51",43.65,-0.1,5900,291000,"S"
"BID","10:49:35",43.65,-0.1,300,285100,"S"
"BID","10:48:59",43.6,-0.15,600,284800,"B"
"BID","10:48:15",43.65,-0.1,5500,284200,"S"
"BID","10:47:46",43.55,-0.2,300,278700,"B"
"BID","10:47:10",43.6,-0.15,2000,278400,"S"
"BID","10:46:45",43.6,-0.15,3000,276400,"S"
"BID","10:46:01",43.6,-0.15,5600,273400,"B"
"BID","10:45:55",43.6,-0.15,5000,267800,"B"
"BID","10:44:08",43.6,-0.15,6000,262800,"S"
"BID","10:43:45",43.6,-0.15,1000,256800,"S"
"BID","10:41:44",43.6,-0.15,200,255800,"S"
"BID","10:41:24",43.6,-0.15,300,255600,"S"
"BID","10:41:07",43.55,-0.2,200,255300,"B"
"BID","10:41:03",43.55,-0.2,100,255100,"B"
"BID","10:39:26",43.55,-0.2,100,255000,"B"
"BID","10:37:15",43.55,-0.2,100,254900,"B"
"BID","10:36:32",43.5,-0.25,1000,254800,"B"
"BID","10:36:32",43.55,-0.2,200,253800,"B"
"BID","10:36:09",43.55,-0.2,1500,253600,"B"
"BID","10:34:23",43.55,-0.2,1000,252100,"B"
"BID","10:33:57",43.55,-0.2,2000,251100,"B"
"BID","10:32:32",43.55,-0.2,1100,249100,"B"
"BID","10:31:34",43.6,-0.15,100,248000,"S"
"BID","10:30:59",43.6,-0.15,200,247900,"S"
"BID","10:30:14",43.6,-0.15,2000,247700,"S"
"BID","10:28:34",43.55,-0.2,1000,245700,"B"
"BID","10:28:17",43.55,-0.2,2900,244700,"B"
"BID","10:25:43",43.55,-0.2,200,241800,"B"
"BID","10:24:54",43.55,-0.2,1000,241600,"B"
"BID","10:24:41",43.55,-0.2,1000,240600,"B"
"BID","10:24:13",43.55,-0.2,2000,239600,"B"
"BID","10:23:30",43.55,-0.2,500,237600,"B"
"BID","10:23:30",43.6,-0.15,100,237100,"B"
"BID","10:22:31",43.55,-0.2,500,237000,"B"
"BID","10:20:25",43.55,-0.2,300,236500,"B"
"BID","10:20:17",43.55,-0.2,100,236200,"B"
"BID","10:20:09",43.6,-0.15,200,236100,"B"
"BID","10:16:34",43.6,-0.15,800,235900,"S"
"BID","10:16:02",43.6,-0.15,100,235100,"S"
"BID","10:15:57",43.6,-0.15,100,235000,"S"
"BID","10:15:19",43.6,-0.15,200,234900,"B"
"BID","10:12:58",43.6,-0.15,2900,234700,"S"
"BID","10:12:30",43.6,-0.15,200,231800,"S"
"BID","10:12:23",43.55,-0.2,500,231600,"B"
"BID","10:12:17",43.55,-0.2,500,231100,"B"
"BID","10:11:09",43.55,-0.2,1200,230600,"B"
"BID","10:11:01",43.6,-0.15,200,229400,"S"
"BID","10:10:47",43.55,-0.2,500,229200,"B"
"BID","10:09:56",43.55,-0.2,200,228700,"B"
"BID","10:09:56",43.55,-0.2,600,228500,"B"
"BID","10:09:54",43.55,-0.2,200,227900,"B"
"BID","10:09:50",43.55,-0.2,200,227700,"B"
"BID","10:09:47",43.55,-0.2,100,227500,"B"
"BID","10:09:43",43.55,-0.2,100,227400,"B"
"BID","10:09:29",43.6,-0.15,1200,227300,"B"
"BID","10:09:11",43.6,-0.15,100,226100,"B"
"BID","10:08:51",43.6,-0.15,400,226000,"B"
"BID","10:08:37",43.6,-0.15,100,225600,"S"
"BID","10:08:00",43.6,-0.15,100,225500,"B"
"BID","10:07:10",43.6,-0.15,9900,225400,"S"
"BID","10:05:33",43.5,-0.25,4100,215500,"B"
"BID","10:04:43",43.55,-0.2,900,211400,"B"
"BID","10:03:35",43.55,-0.2,200,210500,"B"
"BID","10:03:16",43.55,-0.2,300,210300,"B"
"BID","10:01:19",43.55,-0.2,300,210000,"B"
"BID","10:00:02",43.55,-0.2,200,209700,"B"
"BID","09:58:16",43.5,-0.25,1500,209500,"S"
"BID","09:57:54",43.5,-0.25,500,208000,"S"
"BID","09:57:51",43.5,-0.25,100,207500,"S"
"BID","09:57:46",43.5,-0.25,100,207400,"S"
"BID","09:57:42",43.5,-0.25,200,207300,"S"
"BID","09:57:37",43.5,-0.25,5000,207100,"S"
"BID","09:57:31",43.5,-0.25,100,202100,"S"
"BID","09:56:41",43.5,-0.25,100,202000,"S"
"BID","09:56:16",43.5,-0.25,500,201900,"S"
"BID","09:56:05",43.5,-0.25,1000,201400,"S"
"BID","09:55:55",43.5,-0.25,200,200400,"S"
"BID","09:55:29",43.5,-0.25,100,200200,"S"
"BID","09:55:26",43.5,-0.25,200,200100,"S"
"BID","09:55:13",43.5,-0.25,2000,199900,"S"
"BID","09:55:12",43.5,-0.25,2500,197900,"B"
"BID","09:55:07",43.5,-0.25,500,195400,"B"
"BID","09:54:59",43.5,-0.25,100,194900,"B"
"BID","09:54:59",43.5,-0.25,10000,194800,"B"
"BID","09:54:53",43.5,-0.25,3300,184800,"B"
"BID","09:54:52",43.5,-0.25,3800,181500,"B"
"BID","09:54:32",43.6,-0.15,200,177700,"S"
"BID","09:53:56",43.6,-0.15,5700,177500,"B"
"BID","09:53:56",43.65,-0.1,400,171800,"B"
"BID","09:53:55",43.65,-0.1,1000,171400,"S"
"BID","09:53:10",43.6,-0.15,1200,170400,"B"
"BID","09:53:03",43.65,-0.1,100,169200,"S"
"BID","09:52:33",43.65,-0.1,1200,169100,"B"
"BID","09:52:09",43.7,-0.05,100,167900,"S"
"BID","09:52:07",43.65,-0.1,1500,167800,"B"
"BID","09:51:46",43.7,-0.05,300,166300,"S"
"BID","09:51:23",43.7,-0.05,1000,166000,"S"
"BID","09:51:03",43.65,-0.1,1000,165000,"B"
"BID","09:50:09",43.7,-0.05,300,164000,"S"
"BID","09:49:44",43.65,-0.1,1000,163700,"B"
"BID","09:49:39",43.7,-0.05,300,162700,"S"
"BID","09:49:19",43.7,-0.05,500,162400,"S"
"BID","09:49:03",43.7,-0.05,400,161900,"S"
"BID","09:48:56",43.7,-0.05,100,161500,"S"
"BID","09:48:12",43.65,-0.1,300,161400,"S"
"BID","09:47:54",43.65,-0.1,500,161100,"S"
"BID","09:45:50",43.5,-0.25,1000,160600,"B"
"BID","09:44:40",43.5,-0.25,2600,159600,"B"
"BID","09:44:40",43.55,-0.2,3800,157000,"B"
"BID","09:44:37",43.55,-0.2,300,153200,"B"
"BID","09:44:37",43.6,-0.15,700,152900,"B"
"BID","09:44:24",43.6,-0.15,100,152200,"B"
"BID","09:43:32",43.6,-0.15,600,152100,"S"
"BID","09:43:30",43.6,-0.15,300,151500,"S"
"BID","09:43:22",43.6,-0.15,100,151200,"S"
"BID","09:43:05",43.6,-0.15,300,151100,"S"
"BID","09:42:51",43.6,-0.15,100,150800,"S"
"BID","09:42:45",43.6,-0.15,100,150700,"S"
"BID","09:42:37",43.55,-0.2,100,150600,"B"
"BID","09:42:32",43.6,-0.15,500,150500,"B"
"BID","09:42:31",43.6,-0.15,500,150000,"S"
"BID","09:42:30",43.6,-0.15,200,149500,"S"
"BID","09:42:27",43.6,-0.15,500,149300,"S"
"BID","09:41:52",43.6,-0.15,500,148800,"S"
"BID","09:41:39",43.6,-0.15,600,148300,"B"
"BID","09:41:35",43.6,-0.15,2500,147700,"B"
"BID","09:40:29",43.6,-0.15,800,145200,"B"
"BID","09:40:29",43.65,-0.1,200,144400,"B"
"BID","09:40:29",43.65,-0.1,200,144200,"B"
"BID","09:39:23",43.7,-0.05,400,144000,"S"
"BID","09:39:12",43.65,-0.1,1000,143600,"B"
"BID","09:39:05",43.7,-0.05,400,142600,"S"
"BID","09:39:04",43.7,-0.05,14100,142200,"B"
"BID","09:38:53",43.75,0,400,128100,"S"
"BID","09:38:42",43.75,0,100,127700,"S"
"BID","09:38:40",43.75,0,500,127600,"S"
"BID","09:38:40",43.75,0,4300,127100,"B"
"BID","09:38:36",43.8,0.05,400,122800,"S"
"BID","09:38:35",43.75,0,4000,122400,"B"
"BID","09:38:25",43.8,0.05,400,118400,"S"
"BID","09:38:13",43.75,0,3500,118000,"B"
"BID","09:37:58",43.75,0,500,114500,"B"
"BID","09:37:51",43.75,0,100,114000,"B"
"BID","09:37:48",43.75,0,100,113900,"B"
"BID","09:36:47",43.8,0.05,1000,113800,"S"
"BID","09:36:33",43.8,0.05,5500,112800,"B"
"BID","09:35:30",43.8,0.05,500,107300,"B"
"BID","09:35:24",43.8,0.05,1000,106800,"B"
"BID","09:35:16",43.8,0.05,1300,105800,"S"
"BID","09:34:58",43.8,0.05,2800,104500,"B"
"BID","09:34:58",43.8,0.05,16100,101700,"B"
"BID","09:34:36",43.85,0.1,100,85600,"S"
"BID","09:34:32",43.85,0.1,100,85500,"S"
"BID","09:34:26",43.8,0.05,1000,85400,"B"
"BID","09:33:50",43.85,0.1,2200,84400,"B"
"BID","09:32:38",43.9,0.15,200,82200,"S"
"BID","09:32:30",43.9,0.15,100,82000,"S"
"BID","09:32:20",43.9,0.15,400,81900,"S"
"BID","09:32:14",43.85,0.1,300,81500,"B"
"BID","09:32:04",43.85,0.1,100,81200,"B"
"BID","09:31:32",43.85,0.1,100,81100,"B"
"BID","09:31:28",43.85,0.1,200,81000,"B"
"BID","09:31:05",43.85,0.1,400,80800,"B"
"BID","09:30:54",43.9,0.15,200,80400,"S"
"BID","09:30:39",43.9,0.15,3000,80200,"S"
"BID","09:30:34",43.85,0.1,5000,77200,"B"
"BID","09:30:24",43.9,0.15,900,72200,"B"
"BID","09:30:07",43.9,0.15,1100,71300,"S"
"BID","09:29:49",43.9,0.15,1000,70200,"S"
"BID","09:29:48",43.9,0.15,500,69200,"S"
"BID","09:29:11",43.9,0.15,2000,68700,"S"
"BID","09:28:49",43.9,0.15,700,66700,"B"
"BID","09:27:51",43.9,0.15,100,66000,"B"
"BID","09:27:13",43.9,0.15,2300,65900,"S"
"BID","09:27:02",43.9,0.15,1000,63600,"S"
"BID","09:26:54",43.9,0.15,400,62600,"S"
"BID","09:26:39",43.9,0.15,400,62200,"S"
"BID","09:26:24",43.9,0.15,400,61800,"S"
"BID","09:26:08",43.9,0.15,400,61400,"S"
"BID","09:25:59",43.9,0.15,1100,61000,"B"
"BID","09:25:19",43.95,0.2,400,59900,"S"
"BID","09:24:48",43.95,0.2,800,59500,"S"
"BID","09:24:45",43.9,0.15,200,58700,"B"
"BID","09:24:03",43.9,0.15,400,58500,"S"
"BID","09:23:48",43.95,0.2,400,58100,"S"
"BID","09:23:27",43.9,0.15,900,57700,"S"
"BID","09:23:25",43.9,0.15,300,56800,"S"
"BID","09:23:23",43.9,0.15,500,56500,"S"
"BID","09:23:20",43.9,0.15,200,56000,"S"
"BID","09:23:08",43.9,0.15,2800,55800,"S"
"BID","09:23:07",43.9,0.15,300,53000,"B"
"BID","09:22:57",43.9,0.15,2500,52700,"S"
"BID","09:22:53",43.9,0.15,300,50200,"S"
"BID","09:22:38",43.9,0.15,3000,49900,"S"
"BID","09:22:25",43.9,0.15,600,46900,"S"
"BID","09:22:20",43.9,0.15,3700,46300,"B"
"BID","09:22:15",43.9,0.15,100,42600,"B"
"BID","09:22:12",43.95,0.2,2000,42500,"S"
"BID","09:22:09",43.95,0.2,900,40500,"S"
"BID","09:21:42",43.95,0.2,1500,39600,"S"
"BID","09:21:25",43.9,0.15,300,38100,"B"
"BID","09:21:06",43.9,0.15,3800,37800,"S"
"BID","09:21:05",43.9,0.15,200,34000,"S"
"BID","09:21:04",43.85,0.1,700,33800,"B"
"BID","09:20:54",43.9,0.15,300,33100,"S"
"BID","09:20:25",43.85,0.1,300,32800,"B"
"BID","09:20:23",43.9,0.15,4900,32500,"S"
"BID","09:20:00",43.9,0.15,700,27600,"S"
"BID","09:19:59",43.9,0.15,3000,26900,"S"
"BID","09:19:42",43.9,0.15,1600,23900,"B"
"BID","09:19:16",43.95,0.2,2000,22300,"S"
"BID","09:19:06",43.95,0.2,400,20300,"S"
"BID","09:19:02",43.95,0.2,200,19900,"S"
"BID","09:18:58",43.95,0.2,4500,19700,"S"
"BID","09:18:53",43.95,0.2,1000,15200,"S"
"BID","09:18:34",43.95,0.2,1000,14200,"S"
"BID","09:18:26",43.95,0.2,1000,13200,"S"
"BID","09:18:20",43.95,0.2,1000,12200,"S"
"BID","09:17:52",43.95,0.2,600,11200,"B"
"BID","09:17:48",44,0.25,200,10600,"S"
"BID","09:17:31",43.95,0.2,200,10400,"B"
"BID","09:17:23",44,0.25,700,10200,"S"
"BID","09:16:35",44,0.25,700,9500,"S"
"BID","09:15:54",44,0.25,400,8800,"S"
"BID","09:15:12",43.8,0.05,3000,8400,"B"
"BID","09:15:12",43.9,0.15,2000,5400,"B"
"BID","09:15:00",44,0.25,3400,3400,
