"symbol","time","price","change","vol","total","side"
"BSI","14:45:00",41.9,-2,131200,1901600,
"BSI","14:29:47",42.6,-1.3,100,1770400,"B"
"BSI","14:29:34",42.6,-1.3,3000,1770300,"B"
"BSI","14:29:30",42.6,-1.3,1600,1767300,"B"
"BSI","14:29:26",42.7,-1.2,100,1765700,"S"
"BSI","14:29:25",42.6,-1.3,200,1765600,"B"
"BSI","14:29:25",42.65,-1.25,200,1765400,"B"
"BSI","14:29:25",42.7,-1.2,4100,1765200,"B"
"BSI","14:29:18",42.7,-1.2,2600,1761100,"B"
"BSI","14:29:13",42.7,-1.2,200,1758500,"B"
"BSI","14:29:12",42.7,-1.2,500,1758300,"B"
"BSI","14:29:05",42.8,-1.1,200,1757800,"S"
"BSI","14:29:05",42.7,-1.2,1000,1757600,"B"
"BSI","14:29:04",42.7,-1.2,2300,1756600,"B"
"BSI","14:29:03",42.7,-1.2,200,1754300,"B"
"BSI","14:29:00",42.7,-1.2,500,1754100,"B"
"BSI","14:28:55",42.8,-1.1,400,1753600,"B"
"BSI","14:28:52",42.8,-1.1,100,1753200,"B"
"BSI","14:28:46",42.85,-1.05,4400,1753100,"B"
"BSI","14:28:45",42.85,-1.05,5800,1748700,"B"
"BSI","14:28:29",42.9,-1,2500,1742900,"B"
"BSI","14:28:26",42.9,-1,1100,1740400,"B"
"BSI","14:28:26",42.95,-0.95,900,1739300,"B"
"BSI","14:28:22",42.95,-0.95,500,1738400,"B"
"BSI","14:28:13",42.95,-0.95,500,1737900,"B"
"BSI","14:27:59",42.95,-0.95,100,1737400,"B"
"BSI","14:27:59",43,-0.9,100,1737300,"B"
"BSI","14:27:51",43.05,-0.85,500,1737200,"B"
"BSI","14:27:42",43,-0.9,200,1736700,"B"
"BSI","14:27:35",43.2,-0.7,500,1736500,"S"
"BSI","14:27:33",43,-0.9,1900,1736000,"B"
"BSI","14:27:33",43.1,-0.8,3100,1734100,"B"
"BSI","14:27:28",43.1,-0.8,100,1731000,"B"
"BSI","14:27:26",43.1,-0.8,300,1730900,"B"
"BSI","14:27:26",43.15,-0.75,1100,1730600,"B"
"BSI","14:27:26",43.2,-0.7,100,1729500,"B"
"BSI","14:27:23",43.2,-0.7,200,1729400,"B"
"BSI","14:27:17",43.2,-0.7,1700,1729200,"S"
"BSI","14:27:13",43.15,-0.75,500,1727500,"B"
"BSI","14:27:09",43.2,-0.7,300,1727000,"B"
"BSI","14:26:57",43.2,-0.7,100,1726700,"B"
"BSI","14:26:44",43.2,-0.7,500,1726600,"S"
"BSI","14:26:44",43.2,-0.7,7700,1726100,"B"
"BSI","14:26:41",43.2,-0.7,2300,1718400,"B"
"BSI","14:26:33",43.35,-0.55,500,1716100,"S"
"BSI","14:26:30",43.35,-0.55,100,1715600,"S"
"BSI","14:26:18",43.15,-0.75,500,1715500,"B"
"BSI","14:26:18",43.2,-0.7,1500,1715000,"B"
"BSI","14:26:10",43.25,-0.65,200,1713500,"B"
"BSI","14:25:59",43.25,-0.65,100,1713300,"B"
"BSI","14:25:28",43.2,-0.7,1000,1713200,"B"
"BSI","14:24:46",43.5,-0.4,500,1712200,"S"
"BSI","14:24:42",43.5,-0.4,300,1711700,"S"
"BSI","14:24:42",43.2,-0.7,2100,1711400,"S"
"BSI","14:24:38",43.15,-0.75,400,1708700,"B"
"BSI","14:24:35",43.15,-0.75,100,1708300,"S"
"BSI","14:24:25",43,-0.9,10300,1708200,"S"
"BSI","14:24:20",43,-0.9,3100,1697900,"S"
"BSI","14:24:19",43,-0.9,2100,1694800,"S"
"BSI","14:24:19",42.95,-0.95,1100,1692700,"B"
"BSI","14:24:17",42.95,-0.95,800,1691600,"B"
"BSI","14:24:16",43,-0.9,2000,1690800,"S"
"BSI","14:24:10",43,-0.9,500,1688800,"S"
"BSI","14:24:05",42.95,-0.95,2000,1688300,"B"
"BSI","14:23:45",42.95,-0.95,200,1686300,"B"
"BSI","14:23:44",43,-0.9,200,1686100,"S"
"BSI","14:23:41",42.95,-0.95,100,1685900,"B"
"BSI","14:23:32",42.95,-0.95,600,1685800,"S"
"BSI","14:23:22",42.95,-0.95,200,1685200,"S"
"BSI","14:23:19",42.95,-0.95,1100,1685000,"S"
"BSI","14:23:01",42.9,-1,200,1683900,"S"
"BSI","14:22:51",42.9,-1,300,1683700,"S"
"BSI","14:22:48",42.9,-1,200,1683400,"S"
"BSI","14:22:41",42.9,-1,1200,1683200,"S"
"BSI","14:22:41",42.8,-1.1,300,1682000,"S"
"BSI","14:22:41",42.7,-1.2,500,1681700,"S"
"BSI","14:22:35",42.7,-1.2,100,1681200,"S"
"BSI","14:22:28",42.65,-1.25,400,1681100,"S"
"BSI","14:22:09",42.6,-1.3,3100,1680700,"S"
"BSI","14:22:08",42.55,-1.35,900,1677600,"B"
"BSI","14:21:59",42.55,-1.35,2000,1676700,"B"
"BSI","14:21:41",42.55,-1.35,1900,1674700,"S"
"BSI","14:21:33",42.55,-1.35,900,1672800,"S"
"BSI","14:21:18",42.5,-1.4,200,1671900,"S"
"BSI","14:21:08",42.5,-1.4,8300,1671700,"S"
"BSI","14:21:08",42.45,-1.45,6700,1663400,"S"
"BSI","14:20:37",42.25,-1.65,200,1656700,"S"
"BSI","14:20:36",42.25,-1.65,1000,1656500,"S"
"BSI","14:20:34",42.25,-1.65,1000,1655500,"S"
"BSI","14:20:32",42.25,-1.65,700,1654500,"S"
"BSI","14:20:27",42.25,-1.65,100,1653800,"S"
"BSI","14:20:26",42.25,-1.65,1000,1653700,"S"
"BSI","14:20:24",42.25,-1.65,1000,1652700,"S"
"BSI","14:20:03",42.2,-1.7,1500,1651700,"S"
"BSI","14:20:02",42.2,-1.7,1000,1650200,"S"
"BSI","14:19:54",42.2,-1.7,500,1649200,"S"
"BSI","14:19:53",42.2,-1.7,1000,1648700,"S"
"BSI","14:19:51",42.2,-1.7,1000,1647700,"S"
"BSI","14:19:50",42.2,-1.7,1700,1646700,"S"
"BSI","14:19:49",42.2,-1.7,100,1645000,"S"
"BSI","14:19:45",42.2,-1.7,1000,1644900,"S"
"BSI","14:19:33",42.2,-1.7,100,1643900,"S"
"BSI","14:19:30",42.2,-1.7,2000,1643800,"S"
"BSI","14:19:27",42.2,-1.7,1000,1641800,"S"
"BSI","14:19:22",42.2,-1.7,1500,1640800,"S"
"BSI","14:19:13",42.2,-1.7,200,1639300,"S"
"BSI","14:19:09",42.2,-1.7,900,1639100,"S"
"BSI","14:19:08",42.2,-1.7,500,1638200,"S"
"BSI","14:19:02",42.2,-1.7,2000,1637700,"S"
"BSI","14:18:59",42.2,-1.7,600,1635700,"S"
"BSI","14:18:41",42.2,-1.7,200,1635100,"S"
"BSI","14:18:39",42.2,-1.7,200,1634900,"S"
"BSI","14:18:35",42.2,-1.7,2600,1634700,"S"
"BSI","14:18:32",42.2,-1.7,1000,1632100,"S"
"BSI","14:18:19",42.2,-1.7,3000,1631100,"S"
"BSI","14:18:18",42.2,-1.7,500,1628100,"S"
"BSI","14:17:59",42.2,-1.7,100,1627600,"S"
"BSI","14:17:51",42.2,-1.7,2500,1627500,"B"
"BSI","14:17:49",42.2,-1.7,1800,1625000,"B"
"BSI","14:17:29",42.2,-1.7,500,1623200,"B"
"BSI","14:17:05",42.2,-1.7,100,1622700,"B"
"BSI","14:16:56",42.2,-1.7,500,1622600,"B"
"BSI","14:16:44",42.2,-1.7,4600,1622100,"S"
"BSI","14:16:40",42.2,-1.7,100,1617500,"S"
"BSI","14:16:39",42.2,-1.7,500,1617400,"S"
"BSI","14:16:21",42.2,-1.7,500,1616900,"S"
"BSI","14:15:55",42.15,-1.75,100,1616400,"S"
"BSI","14:15:44",42.15,-1.75,400,1616300,"B"
"BSI","14:15:26",42.2,-1.7,1000,1615900,"S"
"BSI","14:15:20",42.2,-1.7,500,1614900,"S"
"BSI","14:14:51",42.15,-1.75,200,1614400,"S"
"BSI","14:14:42",42.2,-1.7,2000,1614200,"S"
"BSI","14:14:29",42.2,-1.7,700,1612200,"S"
"BSI","14:14:23",42.2,-1.7,100,1611500,"S"
"BSI","14:14:10",42.2,-1.7,1000,1611400,"S"
"BSI","14:13:51",42.1,-1.8,900,1610400,"S"
"BSI","14:13:42",42.1,-1.8,100,1609500,"S"
"BSI","14:13:41",42.1,-1.8,300,1609400,"S"
"BSI","14:13:29",42.1,-1.8,900,1609100,"B"
"BSI","14:13:25",42.1,-1.8,3900,1608200,"B"
"BSI","14:13:17",42.1,-1.8,2000,1604300,"B"
"BSI","14:12:49",42.1,-1.8,100,1602300,"B"
"BSI","14:12:26",42.1,-1.8,200,1602200,"B"
"BSI","14:12:24",42.25,-1.65,100,1602000,"S"
"BSI","14:12:06",42.1,-1.8,200,1601900,"S"
"BSI","14:12:04",42.1,-1.8,1600,1601700,"S"
"BSI","14:12:00",42.1,-1.8,3300,1600100,"B"
"BSI","14:11:44",42.1,-1.8,300,1596800,"B"
"BSI","14:11:38",42.1,-1.8,100,1596500,"B"
"BSI","14:11:31",42.3,-1.6,500,1596400,"S"
"BSI","14:11:27",42.1,-1.8,200,1595900,"B"
"BSI","14:11:16",42.05,-1.85,200,1595700,"B"
"BSI","14:11:16",42.1,-1.8,1800,1595500,"B"
"BSI","14:11:15",42.3,-1.6,200,1593700,"B"
"BSI","14:11:15",42.35,-1.55,100,1593500,"S"
"BSI","14:11:08",42.3,-1.6,700,1593400,"B"
"BSI","14:11:01",42.3,-1.6,1100,1592700,"S"
"BSI","14:10:56",42.1,-1.8,5000,1591600,"B"
"BSI","14:10:56",42.15,-1.75,1000,1586600,"B"
"BSI","14:10:54",42.2,-1.7,10500,1585600,"B"
"BSI","14:10:54",42.25,-1.65,1000,1575100,"B"
"BSI","14:10:42",42.3,-1.6,400,1574100,"B"
"BSI","14:10:23",42.35,-1.55,500,1573700,"S"
"BSI","14:10:20",42.35,-1.55,500,1573200,"B"
"BSI","14:10:12",42.35,-1.55,2100,1572700,"B"
"BSI","14:10:11",42.35,-1.55,500,1570600,"B"
"BSI","14:10:06",42.4,-1.5,1400,1570100,"B"
"BSI","14:10:04",42.45,-1.45,100,1568700,"S"
"BSI","14:09:32",42.45,-1.45,100,1568600,"B"
"BSI","14:09:32",42.45,-1.45,100,1568500,"B"
"BSI","14:09:30",42.5,-1.4,100,1568400,"S"
"BSI","14:09:25",42.45,-1.45,100,1568300,"B"
"BSI","14:09:16",42.45,-1.45,500,1568200,"B"
"BSI","14:09:11",42.5,-1.4,100,1567700,"S"
"BSI","14:09:04",42.5,-1.4,9600,1567600,"S"
"BSI","14:08:46",42.5,-1.4,600,1558000,"S"
"BSI","14:08:37",42.5,-1.4,2400,1557400,"S"
"BSI","14:08:32",42.5,-1.4,1000,1555000,"S"
"BSI","14:08:29",42.5,-1.4,100,1554000,"S"
"BSI","14:08:28",42.5,-1.4,100,1553900,"S"
"BSI","14:08:14",42.5,-1.4,200,1553800,"S"
"BSI","14:08:08",42.5,-1.4,7200,1553600,"S"
"BSI","14:08:08",42.45,-1.45,2400,1546400,"S"
"BSI","14:08:08",42.4,-1.5,400,1544000,"S"
"BSI","14:08:02",42.4,-1.5,300,1543600,"B"
"BSI","14:07:22",42.45,-1.45,500,1543300,"S"
"BSI","14:07:17",42.45,-1.45,600,1542800,"S"
"BSI","14:07:14",42.45,-1.45,1000,1542200,"S"
"BSI","14:07:09",42.45,-1.45,2000,1541200,"S"
"BSI","14:07:08",42.45,-1.45,100,1539200,"S"
"BSI","14:07:06",42.45,-1.45,1000,1539100,"S"
"BSI","14:06:57",42.45,-1.45,1000,1538100,"S"
"BSI","14:06:56",42.4,-1.5,1300,1537100,"S"
"BSI","14:06:45",42.35,-1.55,100,1535800,"S"
"BSI","14:06:29",42.4,-1.5,500,1535700,"S"
"BSI","14:06:20",42.4,-1.5,100,1535200,"S"
"BSI","14:06:16",42.4,-1.5,100,1535100,"S"
"BSI","14:06:15",42.15,-1.75,700,1535000,"B"
"BSI","14:05:10",42.1,-1.8,1000,1534300,"S"
"BSI","14:05:04",42,-1.9,400,1533300,"B"
"BSI","14:05:04",42.05,-1.85,600,1532900,"B"
"BSI","14:04:50",42.1,-1.8,100,1532300,"S"
"BSI","14:04:41",42,-1.9,3300,1532200,"S"
"BSI","14:04:36",42,-1.9,500,1528900,"S"
"BSI","14:04:35",42,-1.9,200,1528400,"S"
"BSI","14:04:33",42,-1.9,500,1528200,"S"
"BSI","14:04:23",42,-1.9,2000,1527700,"S"
"BSI","14:04:11",42,-1.9,100,1525700,"S"
"BSI","14:04:08",42,-1.9,100,1525600,"S"
"BSI","14:04:04",42,-1.9,1000,1525500,"S"
"BSI","14:03:44",42,-1.9,2100,1524500,"S"
"BSI","14:03:44",41.95,-1.95,100,1522400,"B"
"BSI","14:03:38",41.95,-1.95,1100,1522300,"B"
"BSI","14:03:33",42,-1.9,2000,1521200,"S"
"BSI","14:03:31",42,-1.9,100,1519200,"S"
"BSI","14:03:10",42,-1.9,400,1519100,"S"
"BSI","14:02:51",42,-1.9,300,1518700,"S"
"BSI","14:02:39",42,-1.9,10700,1518400,"B"
"BSI","14:02:39",42.05,-1.85,300,1507700,"B"
"BSI","14:02:38",42.05,-1.85,4000,1507400,"B"
"BSI","14:02:29",42.1,-1.8,1900,1503400,"B"
"BSI","14:00:57",42.5,-1.4,1000,1501500,"S"
"BSI","14:00:42",42.5,-1.4,300,1500500,"S"
"BSI","14:00:42",42.45,-1.45,200,1500200,"S"
"BSI","14:00:42",42.4,-1.5,2000,1500000,"S"
"BSI","14:00:42",42.3,-1.6,500,1498000,"S"
"BSI","14:00:15",42,-1.9,4300,1497500,"B"
"BSI","14:00:04",42.5,-1.4,2100,1493200,"S"
"BSI","14:00:04",42.3,-1.6,400,1488100,"S"
"BSI","13:59:52",42,-1.9,12200,1487700,"B"
"BSI","13:59:52",42.05,-1.85,2700,1475500,"B"
"BSI","13:59:52",42.1,-1.8,100,1472800,"B"
"BSI","13:59:46",42.05,-1.85,600,1472700,"B"
"BSI","13:59:36",42.05,-1.85,500,1472100,"B"
"BSI","13:59:36",42.1,-1.8,900,1471600,"B"
"BSI","13:59:36",42.3,-1.6,1000,1470700,"B"
"BSI","13:59:36",42.35,-1.55,2500,1469700,"B"
"BSI","13:59:36",42.4,-1.5,4000,1467200,"B"
"BSI","13:59:32",42.5,-1.4,1000,1463200,"S"
"BSI","13:59:32",42.45,-1.45,2000,1462200,"S"
"BSI","13:59:21",42.4,-1.5,100,1460200,"B"
"BSI","13:59:02",42.45,-1.45,1000,1460100,"B"
"BSI","13:58:52",42.5,-1.4,800,1459100,"S"
"BSI","13:58:47",42.5,-1.4,2500,1458300,"B"
"BSI","13:58:46",42.5,-1.4,600,1455800,"B"
"BSI","13:58:42",42.5,-1.4,900,1455200,"B"
"BSI","13:58:40",42.5,-1.4,2900,1454300,"B"
"BSI","13:58:30",42.5,-1.4,800,1451400,"B"
"BSI","13:58:29",42.6,-1.3,2000,1450600,"S"
"BSI","13:58:25",42.5,-1.4,100,1448600,"B"
"BSI","13:58:23",42.5,-1.4,1000,1448500,"B"
"BSI","13:58:22",42.5,-1.4,300,1447500,"B"
"BSI","13:58:16",42.5,-1.4,600,1447200,"B"
"BSI","13:58:06",42.6,-1.3,5400,1446600,"B"
"BSI","13:58:04",42.6,-1.3,100,1441200,"B"
"BSI","13:57:51",42.6,-1.3,1000,1441100,"B"
"BSI","13:57:50",42.6,-1.3,300,1440100,"B"
"BSI","13:57:49",42.7,-1.2,100,1439800,"S"
"BSI","13:57:41",42.7,-1.2,100,1439700,"S"
"BSI","13:57:40",42.7,-1.2,3600,1439600,"B"
"BSI","13:57:30",42.7,-1.2,900,1436000,"S"
"BSI","13:57:23",42.7,-1.2,500,1435100,"S"
"BSI","13:57:21",42.65,-1.25,100,1434600,"S"
"BSI","13:57:14",42.7,-1.2,300,1434500,"S"
"BSI","13:57:14",42.65,-1.25,400,1434200,"S"
"BSI","13:57:12",42.65,-1.25,2000,1433800,"S"
"BSI","13:57:06",42.6,-1.3,2400,1431800,"S"
"BSI","13:56:54",42.5,-1.4,500,1429400,"B"
"BSI","13:56:54",42.55,-1.35,500,1428900,"B"
"BSI","13:56:53",42.55,-1.35,300,1428400,"S"
"BSI","13:56:40",42.5,-1.4,700,1428100,"S"
"BSI","13:56:34",42.45,-1.45,100,1427400,"S"
"BSI","13:56:24",42.45,-1.45,2000,1427300,"S"
"BSI","13:56:22",42.4,-1.5,1300,1425300,"S"
"BSI","13:56:20",42.4,-1.5,700,1424000,"S"
"BSI","13:56:19",42.4,-1.5,300,1423300,"S"
"BSI","13:56:13",42.4,-1.5,100,1423000,"S"
"BSI","13:56:12",42.4,-1.5,100,1422900,"S"
"BSI","13:56:10",42.4,-1.5,1000,1422800,"S"
"BSI","13:56:01",42.35,-1.55,3000,1421800,"S"
"BSI","13:55:56",42.3,-1.6,100,1418800,"S"
"BSI","13:55:51",42.3,-1.6,1300,1418700,"S"
"BSI","13:55:49",42.3,-1.6,100,1417400,"S"
"BSI","13:55:46",42.3,-1.6,200,1417300,"S"
"BSI","13:55:40",42.3,-1.6,100,1417100,"S"
"BSI","13:55:40",42.25,-1.65,100,1417000,"S"
"BSI","13:55:37",42.2,-1.7,2300,1414700,"S"
"BSI","13:55:37",42.15,-1.75,700,1412400,"S"
"BSI","13:55:26",42.05,-1.85,400,1411700,"S"
"BSI","13:55:20",42.05,-1.85,100,1411300,"S"
"BSI","13:55:19",42,-1.9,1800,1411200,"S"
"BSI","13:55:17",42,-1.9,500,1409400,"S"
"BSI","13:55:17",42,-1.9,1000,1408900,"S"
"BSI","13:55:16",42,-1.9,3000,1407900,"S"
"BSI","13:55:14",42,-1.9,1000,1404900,"S"
"BSI","13:55:12",42,-1.9,500,1403900,"S"
"BSI","13:55:11",42,-1.9,1000,1403400,"S"
"BSI","13:55:10",42,-1.9,1000,1402400,"S"
"BSI","13:54:52",42,-1.9,1000,1401400,"S"
"BSI","13:54:47",41.95,-1.95,400,1400400,"B"
"BSI","13:54:46",42,-1.9,500,1400000,"S"
"BSI","13:54:34",41.95,-1.95,1500,1399500,"S"
"BSI","13:54:29",41.95,-1.95,100,1398000,"S"
"BSI","13:54:27",41.95,-1.95,100,1397900,"S"
"BSI","13:54:25",41.95,-1.95,1000,1397800,"S"
"BSI","13:54:24",41.95,-1.95,100,1396800,"S"
"BSI","13:54:21",41.9,-2,100,1396700,"B"
"BSI","13:54:13",41.9,-2,5500,1396600,"S"
"BSI","13:54:05",41.55,-2.35,1300,1391100,"B"
"BSI","13:54:05",41.65,-2.25,400,1389800,"B"
"BSI","13:54:05",41.8,-2.1,1100,1389400,"B"
"BSI","13:54:02",41.6,-2.3,1400,1388300,"B"
"BSI","13:54:02",41.7,-2.2,1800,1386900,"B"
"BSI","13:54:02",41.75,-2.15,1000,1385100,"B"
"BSI","13:54:02",41.8,-2.1,1000,1384100,"S"
"BSI","13:53:58",41.8,-2.1,1100,1383100,"S"
"BSI","13:53:58",41.75,-2.15,4400,1382000,"S"
"BSI","13:53:55",41.75,-2.15,1100,1377600,"S"
"BSI","13:53:50",41.7,-2.2,200,1376500,"S"
"BSI","13:53:41",41.7,-2.2,1000,1375700,"S"
"BSI","13:53:39",41.6,-2.3,1000,1374700,"B"
"BSI","13:53:36",41.7,-2.2,4000,1373700,"S"
"BSI","13:53:30",41.6,-2.3,800,1369700,"S"
"BSI","13:53:27",41.55,-2.35,1000,1368900,"B"
"BSI","13:53:22",41.5,-2.4,5000,1367900,"S"
"BSI","13:53:20",41.5,-2.4,2000,1362900,"S"
"BSI","13:53:16",41.5,-2.4,2000,1360900,"S"
"BSI","13:53:12",41.5,-2.4,100,1358900,"S"
"BSI","13:53:07",41.5,-2.4,2000,1358800,"S"
"BSI","13:53:05",41.5,-2.4,500,1356800,"S"
"BSI","13:53:04",41.5,-2.4,1000,1356300,"S"
"BSI","13:53:02",41.5,-2.4,500,1355300,"S"
"BSI","13:52:59",41.5,-2.4,100,1354800,"S"
"BSI","13:52:55",41.5,-2.4,1000,1354700,"S"
"BSI","13:52:49",41.5,-2.4,100,1353700,"S"
"BSI","13:52:48",41.5,-2.4,1000,1353600,"S"
"BSI","13:52:46",41.5,-2.4,1000,1352600,"S"
"BSI","13:52:43",41.5,-2.4,500,1351600,"S"
"BSI","13:52:38",41.5,-2.4,500,1351100,"S"
"BSI","13:52:36",41.45,-2.45,1000,1350600,"B"
"BSI","13:52:36",41.5,-2.4,5000,1349600,"S"
"BSI","13:52:30",41.5,-2.4,6000,1344600,"S"
"BSI","13:52:19",41.45,-2.45,3000,1338600,"B"
"BSI","13:52:17",41.5,-2.4,500,1335600,"B"
"BSI","13:52:16",41.6,-2.3,4500,1335100,"S"
"BSI","13:52:16",41.5,-2.4,500,1330600,"S"
"BSI","13:52:15",41.5,-2.4,100,1330100,"S"
"BSI","13:52:13",41.5,-2.4,600,1330000,"S"
"BSI","13:52:08",41.5,-2.4,300,1329400,"S"
"BSI","13:52:07",41.5,-2.4,1000,1329100,"S"
"BSI","13:52:03",41.6,-2.3,300,1328100,"S"
"BSI","13:52:03",41.5,-2.4,2700,1327800,"S"
"BSI","13:52:00",41.5,-2.4,600,1325100,"S"
"BSI","13:51:55",41.5,-2.4,100,1324500,"S"
"BSI","13:51:54",41.5,-2.4,400,1324400,"S"
"BSI","13:51:52",41.5,-2.4,500,1324000,"S"
"BSI","13:51:52",41.5,-2.4,100,1323500,"S"
"BSI","13:51:46",41.5,-2.4,1000,1323400,"S"
"BSI","13:51:43",41.5,-2.4,2400,1322400,"B"
"BSI","13:51:38",41.5,-2.4,2700,1320000,"B"
"BSI","13:51:34",41.5,-2.4,800,1317300,"B"
"BSI","13:51:32",41.5,-2.4,700,1316500,"B"
"BSI","13:51:32",41.55,-2.35,1600,1315800,"B"
"BSI","13:51:30",41.6,-2.3,100,1314200,"S"
"BSI","13:51:25",41.6,-2.3,600,1314100,"S"
"BSI","13:51:21",41.6,-2.3,8700,1313500,"B"
"BSI","13:51:14",41.6,-2.3,200,1304800,"B"
"BSI","13:51:14",41.6,-2.3,2300,1304600,"B"
"BSI","13:51:14",41.65,-2.25,800,1302300,"B"
"BSI","13:51:14",41.7,-2.2,7200,1301500,"B"
"BSI","13:51:07",41.7,-2.2,700,1294300,"B"
"BSI","13:51:03",41.7,-2.2,2000,1293600,"B"
"BSI","13:51:02",41.7,-2.2,200,1291600,"B"
"BSI","13:51:01",41.7,-2.2,2800,1291400,"B"
"BSI","13:50:59",41.7,-2.2,3000,1288600,"B"
"BSI","13:50:57",41.75,-2.15,100,1285600,"S"
"BSI","13:50:46",41.75,-2.15,100,1285500,"S"
"BSI","13:50:45",41.75,-2.15,100,1285400,"S"
"BSI","13:50:44",41.75,-2.15,600,1285300,"B"
"BSI","13:50:43",41.75,-2.15,2700,1284700,"B"
"BSI","13:50:34",41.8,-2.1,800,1282000,"S"
"BSI","13:50:28",41.75,-2.15,1000,1281200,"B"
"BSI","13:50:22",41.9,-2,100,1280200,"S"
"BSI","13:50:21",41.75,-2.15,3000,1280100,"B"
"BSI","13:50:20",41.75,-2.15,8200,1277100,"B"
"BSI","13:50:20",41.8,-2.1,1200,1268900,"B"
"BSI","13:50:10",41.8,-2.1,500,1267100,"B"
"BSI","13:50:08",41.8,-2.1,1000,1266600,"B"
"BSI","13:50:07",41.95,-1.95,500,1265600,"S"
"BSI","13:50:03",41.75,-2.15,5800,1265100,"B"
"BSI","13:50:02",41.8,-2.1,500,1258100,"B"
"BSI","13:50:00",41.8,-2.1,700,1257600,"S"
"BSI","13:49:58",41.8,-2.1,100,1256900,"S"
"BSI","13:49:53",41.8,-2.1,1000,1256800,"S"
"BSI","13:49:52",41.8,-2.1,800,1255800,"S"
"BSI","13:49:50",41.8,-2.1,1000,1255000,"S"
"BSI","13:49:46",41.75,-2.15,1000,1254000,"B"
"BSI","13:49:43",41.75,-2.15,600,1253000,"B"
"BSI","13:49:40",41.75,-2.15,1000,1252400,"B"
"BSI","13:49:37",41.8,-2.1,500,1251400,"S"
"BSI","13:49:36",41.8,-2.1,500,1250900,"S"
"BSI","13:49:35",41.75,-2.15,500,1250400,"B"
"BSI","13:49:34",41.8,-2.1,100,1249900,"S"
"BSI","13:49:34",41.75,-2.15,1000,1249800,"B"
"BSI","13:49:32",41.8,-2.1,100,1248800,"S"
"BSI","13:49:23",41.8,-2.1,600,1248700,"B"
"BSI","13:49:20",41.8,-2.1,400,1248100,"B"
"BSI","13:49:18",41.8,-2.1,100,1247700,"B"
"BSI","13:49:11",41.8,-2.1,2000,1247600,"B"
"BSI","13:49:09",41.8,-2.1,1200,1245600,"B"
"BSI","13:49:08",41.8,-2.1,500,1244400,"B"
"BSI","13:49:01",41.8,-2.1,100,1243900,"B"
"BSI","13:49:01",41.85,-2.05,2600,1243800,"B"
"BSI","13:49:01",41.9,-2,1800,1241200,"B"
"BSI","13:49:00",41.9,-2,7400,1239400,"B"
"BSI","13:49:00",41.95,-1.95,900,1232000,"B"
"BSI","13:49:00",42,-1.9,2500,1231100,"B"
"BSI","13:48:59",42,-1.9,1600,1228600,"B"
"BSI","13:48:58",42,-1.9,1000,1227000,"B"
"BSI","13:48:58",42,-1.9,1000,1226000,"B"
"BSI","13:48:56",42,-1.9,1000,1225000,"B"
"BSI","13:48:52",42,-1.9,2700,1224000,"B"
"BSI","13:48:49",42,-1.9,3100,1221300,"B"
"BSI","13:48:44",42,-1.9,2000,1218200,"B"
"BSI","13:48:43",42,-1.9,300,1216200,"B"
"BSI","13:48:42",42,-1.9,300,1215900,"B"
"BSI","13:48:41",42,-1.9,3800,1215600,"B"
"BSI","13:48:37",42,-1.9,4900,1211800,"B"
"BSI","13:48:37",42.05,-1.85,100,1206900,"B"
"BSI","13:48:36",42,-1.9,4500,1206800,"B"
"BSI","13:48:34",42,-1.9,3900,1202300,"B"
"BSI","13:48:34",42.05,-1.85,3500,1198400,"B"
"BSI","13:48:31",42.1,-1.8,100,1194900,"S"
"BSI","13:48:25",42.05,-1.85,5300,1194800,"B"
"BSI","13:48:25",42.1,-1.8,4700,1189500,"B"
"BSI","13:48:23",42.1,-1.8,100,1184800,"B"
"BSI","13:48:19",42.1,-1.8,300,1184700,"B"
"BSI","13:48:15",42.1,-1.8,1000,1184400,"B"
"BSI","13:48:08",42.1,-1.8,3000,1183400,"B"
"BSI","13:48:08",42.1,-1.8,300,1180400,"B"
"BSI","13:48:07",42.1,-1.8,2000,1180100,"B"
"BSI","13:47:58",42.15,-1.75,5900,1178100,"B"
"BSI","13:47:56",42.15,-1.75,3000,1172200,"B"
"BSI","13:47:55",42.15,-1.75,1000,1169200,"B"
"BSI","13:47:53",42.15,-1.75,100,1168200,"B"
"BSI","13:47:50",42.15,-1.75,900,1168100,"B"
"BSI","13:47:47",42.15,-1.75,2300,1167200,"B"
"BSI","13:47:47",42.15,-1.75,1500,1164900,"B"
"BSI","13:47:35",42.15,-1.75,1000,1163400,"B"
"BSI","13:47:25",42.15,-1.75,400,1162400,"B"
"BSI","13:47:20",42.15,-1.75,100,1162000,"B"
"BSI","13:47:20",42.2,-1.7,200,1161900,"B"
"BSI","13:47:12",42.2,-1.7,1000,1161700,"B"
"BSI","13:47:09",42.2,-1.7,1000,1160700,"B"
"BSI","13:47:08",42.2,-1.7,2000,1159700,"B"
"BSI","13:46:56",42.2,-1.7,2000,1157700,"B"
"BSI","13:46:39",42.25,-1.65,3400,1155700,"B"
"BSI","13:46:29",42.25,-1.65,1000,1152300,"B"
"BSI","13:46:15",42.3,-1.6,100,1151300,"B"
"BSI","13:46:15",42.3,-1.6,400,1151200,"B"
"BSI","13:45:50",42.3,-1.6,100,1150800,"S"
"BSI","13:45:45",42.3,-1.6,100,1150700,"B"
"BSI","13:45:27",42.3,-1.6,100,1150600,"S"
"BSI","13:45:21",42.3,-1.6,100,1150500,"B"
"BSI","13:45:16",42.3,-1.6,100,1150400,"B"
"BSI","13:45:16",42.35,-1.55,900,1150300,"B"
"BSI","13:45:12",42.35,-1.55,500,1149400,"B"
"BSI","13:45:11",42.35,-1.55,3600,1148900,"S"
"BSI","13:45:04",42.3,-1.6,1200,1145300,"B"
"BSI","13:44:57",42.3,-1.6,2000,1144100,"B"
"BSI","13:44:49",42.35,-1.55,200,1142100,"S"
"BSI","13:44:45",42.35,-1.55,3000,1141900,"S"
"BSI","13:44:38",42.35,-1.55,500,1138900,"S"
"BSI","13:44:38",42.3,-1.6,200,1138400,"B"
"BSI","13:44:32",42.35,-1.55,600,1138200,"S"
"BSI","13:44:27",42.3,-1.6,500,1137600,"B"
"BSI","13:44:12",42.3,-1.6,100,1137100,"B"
"BSI","13:44:06",42.3,-1.6,200,1137000,"B"
"BSI","13:43:56",42.3,-1.6,800,1136800,"B"
"BSI","13:43:33",42.3,-1.6,500,1136000,"B"
"BSI","13:43:26",42.35,-1.55,300,1135500,"S"
"BSI","13:43:06",42.35,-1.55,500,1135200,"S"
"BSI","13:42:45",42.35,-1.55,500,1134700,"S"
"BSI","13:42:32",42.3,-1.6,100,1134200,"S"
"BSI","13:42:29",42.3,-1.6,3000,1134100,"S"
"BSI","13:42:19",42.3,-1.6,600,1131100,"S"
"BSI","13:41:52",42.3,-1.6,1000,1130500,"B"
"BSI","13:41:41",42.3,-1.6,100,1129500,"S"
"BSI","13:41:39",42.3,-1.6,500,1129400,"S"
"BSI","13:41:37",42.3,-1.6,1000,1128900,"S"
"BSI","13:41:33",42.3,-1.6,400,1127900,"B"
"BSI","13:41:24",42.3,-1.6,1700,1127500,"B"
"BSI","13:41:23",42.3,-1.6,300,1125800,"B"
"BSI","13:41:09",42.3,-1.6,500,1125500,"B"
"BSI","13:40:39",42.3,-1.6,200,1125000,"S"
"BSI","13:40:37",42.3,-1.6,100,1124800,"S"
"BSI","13:40:35",42.3,-1.6,200,1124700,"S"
"BSI","13:40:33",42.3,-1.6,2500,1124500,"B"
"BSI","13:40:15",42.3,-1.6,100,1122000,"S"
"BSI","13:40:14",42.3,-1.6,800,1121900,"S"
"BSI","13:40:10",42.3,-1.6,500,1121100,"S"
"BSI","13:40:09",42.3,-1.6,1500,1120600,"S"
"BSI","13:40:01",42.3,-1.6,500,1119100,"S"
"BSI","13:39:56",42.2,-1.7,9300,1118600,"B"
"BSI","13:39:56",42.25,-1.65,300,1109300,"B"
"BSI","13:39:54",42.3,-1.6,500,1109000,"S"
"BSI","13:39:47",42.3,-1.6,1000,1108500,"B"
"BSI","13:39:46",42.3,-1.6,5000,1107500,"B"
"BSI","13:39:31",42.3,-1.6,700,1102500,"B"
"BSI","13:39:25",42.3,-1.6,1900,1101800,"S"
"BSI","13:39:22",42.25,-1.65,700,1099900,"S"
"BSI","13:39:22",42.2,-1.7,700,1099200,"B"
"BSI","13:39:16",42.2,-1.7,500,1098500,"B"
"BSI","13:39:15",42.25,-1.65,200,1098000,"S"
"BSI","13:39:14",42.25,-1.65,500,1097800,"B"
"BSI","13:39:03",42.25,-1.65,500,1097300,"S"
"BSI","13:38:55",42.25,-1.65,100,1096800,"S"
"BSI","13:38:49",42.25,-1.65,800,1096700,"B"
"BSI","13:38:46",42.25,-1.65,1400,1095900,"S"
"BSI","13:38:28",42.25,-1.65,1000,1094500,"S"
"BSI","13:38:24",42.25,-1.65,300,1093500,"S"
"BSI","13:38:24",42.25,-1.65,100,1093200,"S"
"BSI","13:38:21",42.25,-1.65,100,1093100,"S"
"BSI","13:38:18",42.25,-1.65,200,1093000,"S"
"BSI","13:38:15",42.25,-1.65,500,1092800,"S"
"BSI","13:38:14",42.25,-1.65,200,1092300,"S"
"BSI","13:38:01",42.25,-1.65,1000,1092100,"S"
"BSI","13:37:57",42.2,-1.7,1000,1091100,"B"
"BSI","13:37:57",42.25,-1.65,300,1090100,"S"
"BSI","13:37:54",42.2,-1.7,1400,1089800,"B"
"BSI","13:37:46",42.2,-1.7,4500,1088400,"B"
"BSI","13:37:38",42.2,-1.7,100,1083900,"B"
"BSI","13:37:37",42.25,-1.65,200,1083800,"S"
"BSI","13:37:29",42.25,-1.65,100,1083600,"S"
"BSI","13:37:19",42.25,-1.65,5600,1083500,"B"
"BSI","13:37:10",42.3,-1.6,200,1077900,"S"
"BSI","13:37:02",42.3,-1.6,900,1077700,"B"
"BSI","13:36:59",42.35,-1.55,100,1076800,"S"
"BSI","13:36:57",42.3,-1.6,100,1076700,"B"
"BSI","13:36:43",42.3,-1.6,200,1076600,"B"
"BSI","13:36:36",42.3,-1.6,4100,1076400,"B"
"BSI","13:36:31",42.3,-1.6,500,1072300,"B"
"BSI","13:36:21",42.3,-1.6,4300,1071800,"B"
"BSI","13:36:11",42.3,-1.6,100,1067500,"B"
"BSI","13:36:05",42.3,-1.6,200,1067400,"B"
"BSI","13:36:04",42.4,-1.5,200,1067200,"S"
"BSI","13:36:04",42.35,-1.55,600,1067000,"B"
"BSI","13:35:55",42.4,-1.5,500,1066400,"B"
"BSI","13:35:49",42.4,-1.5,300,1065900,"B"
"BSI","13:35:23",42.5,-1.4,1000,1065600,"B"
"BSI","13:35:08",42.5,-1.4,500,1064600,"B"
"BSI","13:35:06",42.55,-1.35,500,1064100,"B"
"BSI","13:34:55",42.6,-1.3,700,1063600,"S"
"BSI","13:34:40",42.55,-1.35,300,1062900,"S"
"BSI","13:34:23",42.4,-1.5,100,1062600,"S"
"BSI","13:34:06",42.3,-1.6,1000,1062500,"B"
"BSI","13:33:56",42.4,-1.5,200,1061500,"S"
"BSI","13:33:51",42.3,-1.6,300,1061300,"S"
"BSI","13:33:45",42.3,-1.6,1500,1061000,"B"
"BSI","13:33:45",42.35,-1.55,100,1059500,"B"
"BSI","13:33:39",42.4,-1.5,400,1059400,"S"
"BSI","13:33:35",42.4,-1.5,1700,1059000,"S"
"BSI","13:33:35",42.35,-1.55,700,1057300,"S"
"BSI","13:33:33",42.35,-1.55,100,1056600,"S"
"BSI","13:33:21",42.35,-1.55,9500,1056500,"B"
"BSI","13:33:20",42.4,-1.5,300,1047000,"S"
"BSI","13:33:15",42.4,-1.5,100,1046700,"S"
"BSI","13:33:08",42.4,-1.5,200,1046600,"S"
"BSI","13:33:04",42.4,-1.5,100,1046400,"S"
"BSI","13:33:00",42.4,-1.5,100,1046300,"B"
"BSI","13:33:00",42.4,-1.5,800,1046200,"B"
"BSI","13:32:45",42.4,-1.5,1700,1045400,"B"
"BSI","13:32:45",42.45,-1.45,400,1043700,"B"
"BSI","13:32:45",42.5,-1.4,900,1043300,"B"
"BSI","13:32:43",42.5,-1.4,2200,1042400,"B"
"BSI","13:32:31",42.5,-1.4,5000,1040200,"B"
"BSI","13:32:20",42.5,-1.4,6300,1035200,"B"
"BSI","13:32:20",42.6,-1.3,700,1028900,"B"
"BSI","13:32:11",42.65,-1.25,500,1028200,"S"
"BSI","13:32:09",42.65,-1.25,300,1027700,"S"
"BSI","13:31:54",42.65,-1.25,100,1027400,"S"
"BSI","13:31:54",42.65,-1.25,8400,1027300,"B"
"BSI","13:31:30",42.7,-1.2,500,1018900,"B"
"BSI","13:31:19",42.7,-1.2,1500,1018400,"B"
"BSI","13:31:17",42.75,-1.15,300,1016900,"S"
"BSI","13:31:07",42.75,-1.15,2500,1016600,"B"
"BSI","13:30:58",42.75,-1.15,3000,1014100,"B"
"BSI","13:30:49",42.8,-1.1,2000,1011100,"S"
"BSI","13:30:35",42.8,-1.1,100,1009100,"S"
"BSI","13:30:30",42.75,-1.15,500,1009000,"B"
"BSI","13:30:29",42.75,-1.15,100,1008500,"B"
"BSI","13:30:26",42.75,-1.15,4400,1008400,"S"
"BSI","13:30:19",42.7,-1.2,500,1004000,"B"
"BSI","13:30:16",42.75,-1.15,200,1003500,"S"
"BSI","13:30:16",42.7,-1.2,300,1003300,"S"
"BSI","13:30:15",42.7,-1.2,1900,1003000,"S"
"BSI","13:30:14",42.7,-1.2,2400,1001100,"B"
"BSI","13:29:59",42.7,-1.2,500,998700,"S"
"BSI","13:29:57",42.7,-1.2,200,998200,"B"
"BSI","13:29:50",42.7,-1.2,200,998000,"B"
"BSI","13:29:42",42.75,-1.15,1300,997800,"S"
"BSI","13:29:42",42.7,-1.2,1700,996500,"S"
"BSI","13:29:42",42.7,-1.2,200,994800,"S"
"BSI","13:29:41",42.7,-1.2,500,994600,"S"
"BSI","13:29:39",42.7,-1.2,200,994100,"S"
"BSI","13:29:32",42.7,-1.2,200,993900,"S"
"BSI","13:29:32",42.65,-1.25,900,993700,"B"
"BSI","13:29:15",42.65,-1.25,300,992800,"B"
"BSI","13:29:15",42.7,-1.2,300,992500,"S"
"BSI","13:29:11",42.7,-1.2,1000,992200,"B"
"BSI","13:29:11",42.7,-1.2,400,991200,"B"
"BSI","13:29:04",42.7,-1.2,3400,990800,"S"
"BSI","13:29:04",42.6,-1.3,1200,987400,"S"
"BSI","13:28:57",42.55,-1.35,300,986200,"S"
"BSI","13:28:56",42.55,-1.35,200,985900,"S"
"BSI","13:28:54",42.55,-1.35,100,985700,"S"
"BSI","13:28:54",42.5,-1.4,100,985600,"B"
"BSI","13:28:54",42.55,-1.35,100,985500,"S"
"BSI","13:28:46",42.55,-1.35,100,985400,"S"
"BSI","13:28:36",42.5,-1.4,400,985300,"B"
"BSI","13:28:34",42.5,-1.4,1000,984900,"S"
"BSI","13:28:27",42.4,-1.5,400,983900,"S"
"BSI","13:28:24",42.4,-1.5,1000,983500,"S"
"BSI","13:28:17",42.4,-1.5,100,982500,"S"
"BSI","13:28:16",42.4,-1.5,1000,982400,"S"
"BSI","13:28:07",42.35,-1.55,600,981400,"S"
"BSI","13:28:04",42.35,-1.55,2000,980800,"S"
"BSI","13:27:50",42.25,-1.65,100,978800,"B"
"BSI","13:27:49",42.3,-1.6,100,978700,"S"
"BSI","13:27:46",42.3,-1.6,300,978600,"S"
"BSI","13:27:45",42.3,-1.6,300,978300,"S"
"BSI","13:27:42",42.25,-1.65,500,978000,"S"
"BSI","13:27:40",42.25,-1.65,500,977500,"S"
"BSI","13:27:39",42.25,-1.65,2000,977000,"B"
"BSI","13:27:36",42.25,-1.65,200,975000,"B"
"BSI","13:27:30",42.25,-1.65,800,974800,"S"
"BSI","13:27:26",42.25,-1.65,5000,974000,"S"
"BSI","13:27:17",42.2,-1.7,2800,969000,"S"
"BSI","13:27:16",42.2,-1.7,200,966200,"S"
"BSI","13:27:12",42.2,-1.7,100,966000,"S"
"BSI","13:27:11",42.2,-1.7,500,965900,"S"
"BSI","13:27:08",42.2,-1.7,2000,965400,"S"
"BSI","13:27:06",42.2,-1.7,500,963400,"S"
"BSI","13:27:05",42.2,-1.7,100,962900,"S"
"BSI","13:27:03",42.2,-1.7,2000,962800,"S"
"BSI","13:26:59",42.2,-1.7,500,960800,"S"
"BSI","13:26:57",42.2,-1.7,800,960300,"S"
"BSI","13:26:56",42.1,-1.8,3900,959500,"B"
"BSI","13:26:55",42.2,-1.7,100,955600,"S"
"BSI","13:26:50",42.2,-1.7,100,955500,"S"
"BSI","13:26:46",42.2,-1.7,300,955400,"S"
"BSI","13:26:45",42.1,-1.8,200,955100,"B"
"BSI","13:26:42",42.1,-1.8,100,954900,"B"
"BSI","13:26:41",42.1,-1.8,1300,954800,"S"
"BSI","13:26:41",42.1,-1.8,2700,953500,"B"
"BSI","13:26:36",42.1,-1.8,1000,950800,"B"
"BSI","13:26:36",42.1,-1.8,500,949800,"S"
"BSI","13:26:31",42.1,-1.8,1000,944800,"B"
"BSI","13:26:29",42.1,-1.8,5300,943800,"B"
"BSI","13:26:29",42.15,-1.75,1100,938500,"B"
"BSI","13:26:29",42.2,-1.7,1000,937400,"S"
"BSI","13:26:24",42.1,-1.8,700,936400,"B"
"BSI","13:26:22",42.1,-1.8,900,935700,"B"
"BSI","13:26:07",42.1,-1.8,3000,934800,"B"
"BSI","13:25:52",42.1,-1.8,2600,931800,"S"
"BSI","13:25:48",42.1,-1.8,4400,929200,"B"
"BSI","13:25:45",42.1,-1.8,1000,924800,"B"
"BSI","13:25:34",42.1,-1.8,400,923800,"B"
"BSI","13:25:33",42.1,-1.8,800,923400,"B"
"BSI","13:25:33",42.15,-1.75,3000,922600,"B"
"BSI","13:25:33",42.2,-1.7,200,919600,"B"
"BSI","13:25:19",42.25,-1.65,100,919400,"S"
"BSI","13:25:19",42.2,-1.7,800,919300,"B"
"BSI","13:25:01",42.25,-1.65,2600,918500,"B"
"BSI","13:24:54",42.3,-1.6,6300,915900,"B"
"BSI","13:24:50",42.3,-1.6,1000,909600,"B"
"BSI","13:24:50",42.3,-1.6,2000,908600,"B"
"BSI","13:24:46",42.3,-1.6,1700,906600,"B"
"BSI","13:24:45",42.3,-1.6,1000,904900,"B"
"BSI","13:24:43",42.3,-1.6,100,903900,"B"
"BSI","13:24:36",42.3,-1.6,400,903800,"B"
"BSI","13:24:35",42.3,-1.6,600,903400,"B"
"BSI","13:24:31",42.3,-1.6,1500,902800,"B"
"BSI","13:24:28",42.35,-1.55,100,901300,"B"
"BSI","13:24:20",42.35,-1.55,500,901200,"B"
"BSI","13:24:02",42.4,-1.5,13700,900700,"B"
"BSI","13:24:02",42.45,-1.45,600,887000,"B"
"BSI","13:23:54",42.45,-1.45,2000,886400,"B"
"BSI","13:23:53",42.45,-1.45,500,884400,"B"
"BSI","13:23:51",42.5,-1.4,4300,883900,"B"
"BSI","13:23:47",42.5,-1.4,500,879600,"B"
"BSI","13:23:46",42.5,-1.4,1400,879100,"B"
"BSI","13:23:45",42.5,-1.4,20000,877700,"B"
"BSI","13:23:36",42.5,-1.4,1000,857700,"B"
"BSI","13:23:35",42.5,-1.4,1300,856700,"B"
"BSI","13:23:27",42.5,-1.4,500,855400,"B"
"BSI","13:23:20",42.5,-1.4,1900,854900,"B"
"BSI","13:23:17",42.5,-1.4,1200,853000,"B"
"BSI","13:23:07",42.55,-1.35,100,851800,"B"
"BSI","13:23:06",42.55,-1.35,10000,851700,"B"
"BSI","13:22:58",42.6,-1.3,3000,841700,"B"
"BSI","13:22:44",42.6,-1.3,1400,838700,"B"
"BSI","13:22:44",42.65,-1.25,8600,837300,"B"
"BSI","13:22:44",42.7,-1.2,200,828700,"S"
"BSI","13:22:34",42.7,-1.2,1400,828500,"B"
"BSI","13:22:25",42.7,-1.2,1000,827100,"B"
"BSI","13:22:17",42.75,-1.15,700,826100,"B"
"BSI","13:22:16",42.75,-1.15,300,825400,"B"
"BSI","13:21:57",42.7,-1.2,200,825100,"S"
"BSI","13:21:55",42.7,-1.2,1500,824900,"B"
"BSI","13:21:55",42.75,-1.15,300,823400,"B"
"BSI","13:21:43",42.75,-1.15,1200,823100,"B"
"BSI","13:21:40",42.75,-1.15,500,821900,"S"
"BSI","13:21:37",42.7,-1.2,500,821400,"B"
"BSI","13:21:35",42.7,-1.2,500,820900,"B"
"BSI","13:21:25",42.7,-1.2,400,820400,"B"
"BSI","13:21:23",42.7,-1.2,2800,820000,"B"
"BSI","13:20:58",42.7,-1.2,100,817200,"B"
"BSI","13:20:56",42.75,-1.15,2000,817100,"S"
"BSI","13:20:51",42.75,-1.15,200,815100,"B"
"BSI","13:20:31",42.8,-1.1,200,814900,"S"
"BSI","13:20:29",42.8,-1.1,100,814700,"S"
"BSI","13:20:28",42.8,-1.1,400,814600,"B"
"BSI","13:20:11",42.8,-1.1,600,814200,"S"
"BSI","13:20:07",42.8,-1.1,400,813600,"B"
"BSI","13:20:03",42.8,-1.1,100,813200,"S"
"BSI","13:20:01",42.8,-1.1,100,813100,"S"
"BSI","13:19:49",42.8,-1.1,200,813000,"S"
"BSI","13:19:17",42.8,-1.1,600,812800,"S"
"BSI","13:18:20",42.7,-1.2,1000,812200,"B"
"BSI","13:18:19",42.7,-1.2,500,811200,"B"
"BSI","13:17:55",42.7,-1.2,500,810700,"B"
"BSI","13:17:26",42.7,-1.2,2200,810200,"B"
"BSI","13:17:26",42.75,-1.15,2800,808000,"B"
"BSI","13:17:26",42.8,-1.1,1000,805200,"B"
"BSI","13:17:01",42.8,-1.1,500,804200,"B"
"BSI","13:16:43",42.8,-1.1,2000,803700,"S"
"BSI","13:15:35",42.8,-1.1,100,801700,"B"
"BSI","13:15:25",42.75,-1.15,500,801600,"B"
"BSI","13:15:15",42.85,-1.05,500,801100,"S"
"BSI","13:15:15",42.8,-1.1,2000,800600,"B"
"BSI","13:15:06",42.85,-1.05,100,798600,"S"
"BSI","13:14:58",42.85,-1.05,100,798500,"B"
"BSI","13:14:23",42.85,-1.05,400,798400,"S"
"BSI","13:14:18",42.85,-1.05,2100,798000,"S"
"BSI","13:14:17",42.8,-1.1,200,795900,"B"
"BSI","13:14:15",42.85,-1.05,3500,795700,"S"
"BSI","13:14:12",42.85,-1.05,300,792200,"S"
"BSI","13:14:07",42.85,-1.05,200,791900,"S"
"BSI","13:13:51",42.85,-1.05,100,791700,"S"
"BSI","13:13:50",42.85,-1.05,100,791600,"S"
"BSI","13:13:47",42.85,-1.05,200,791500,"S"
"BSI","13:12:54",42.85,-1.05,100,791300,"S"
"BSI","13:12:52",42.8,-1.1,1600,791200,"B"
"BSI","13:12:17",42.8,-1.1,3000,789600,"B"
"BSI","13:12:12",42.8,-1.1,1000,786600,"S"
"BSI","13:12:03",42.8,-1.1,100,785600,"S"
"BSI","13:12:02",42.8,-1.1,200,785500,"S"
"BSI","13:11:59",42.8,-1.1,100,785300,"S"
"BSI","13:11:57",42.8,-1.1,3600,785200,"B"
"BSI","13:11:48",42.85,-1.05,200,781600,"S"
"BSI","13:11:46",42.85,-1.05,2000,781400,"S"
"BSI","13:11:45",42.85,-1.05,100,779400,"S"
"BSI","13:11:40",42.85,-1.05,100,779300,"S"
"BSI","13:11:39",42.85,-1.05,1300,779200,"S"
"BSI","13:11:24",42.8,-1.1,200,777900,"B"
"BSI","13:11:14",42.85,-1.05,5000,777700,"S"
"BSI","13:11:12",42.85,-1.05,200,772700,"S"
"BSI","13:10:55",42.85,-1.05,100,772500,"S"
"BSI","13:10:51",42.85,-1.05,300,772400,"S"
"BSI","13:10:43",42.75,-1.15,600,772100,"S"
"BSI","13:10:30",42.75,-1.15,1000,771500,"S"
"BSI","13:10:27",42.75,-1.15,500,770500,"S"
"BSI","13:10:18",42.7,-1.2,800,770000,"S"
"BSI","13:09:40",42.7,-1.2,500,769200,"S"
"BSI","13:09:36",42.7,-1.2,700,768700,"B"
"BSI","13:09:36",42.75,-1.15,500,768000,"S"
"BSI","13:09:32",42.75,-1.15,100,767500,"S"
"BSI","13:09:31",42.7,-1.2,4000,767400,"B"
"BSI","13:09:30",42.75,-1.15,700,763400,"S"
"BSI","13:09:29",42.75,-1.15,100,762700,"S"
"BSI","13:09:28",42.75,-1.15,100,762600,"S"
"BSI","13:09:25",42.75,-1.15,100,762500,"S"
"BSI","13:09:25",42.75,-1.15,100,762400,"S"
"BSI","13:09:21",42.75,-1.15,100,762300,"S"
"BSI","13:09:14",42.7,-1.2,1000,762200,"B"
"BSI","13:09:05",42.7,-1.2,100,761200,"B"
"BSI","13:08:37",42.7,-1.2,500,761100,"B"
"BSI","13:08:07",42.7,-1.2,100,760600,"S"
"BSI","13:08:02",42.7,-1.2,2000,760500,"S"
"BSI","13:08:01",42.7,-1.2,200,758500,"S"
"BSI","13:08:00",42.7,-1.2,900,758300,"S"
"BSI","13:07:58",42.7,-1.2,100,757400,"S"
"BSI","13:07:48",42.7,-1.2,200,757300,"S"
"BSI","13:07:42",42.65,-1.25,1700,757100,"S"
"BSI","13:07:41",42.65,-1.25,100,755400,"S"
"BSI","13:07:28",42.65,-1.25,3200,755300,"B"
"BSI","13:07:25",42.7,-1.2,100,752100,"S"
"BSI","13:07:24",42.7,-1.2,400,752000,"B"
"BSI","13:07:17",42.8,-1.1,500,751600,"B"
"BSI","13:07:09",42.8,-1.1,1100,751100,"B"
"BSI","13:07:06",42.8,-1.1,600,750000,"S"
"BSI","13:06:37",42.65,-1.25,600,749400,"B"
"BSI","13:06:37",42.7,-1.2,1400,748800,"B"
"BSI","13:06:35",42.75,-1.15,100,747400,"S"
"BSI","13:06:28",42.75,-1.15,1000,747300,"S"
"BSI","13:06:17",42.7,-1.2,4300,746300,"S"
"BSI","13:05:57",42.65,-1.25,400,742000,"B"
"BSI","13:05:23",42.65,-1.25,300,741600,"S"
"BSI","13:04:50",42.55,-1.35,500,741300,"S"
"BSI","13:04:50",42.55,-1.35,1000,740800,"S"
"BSI","13:04:41",42.55,-1.35,500,739800,"S"
"BSI","13:04:37",42.55,-1.35,300,739300,"S"
"BSI","13:04:33",42.5,-1.4,300,739000,"B"
"BSI","13:04:33",42.55,-1.35,100,738700,"S"
"BSI","13:04:24",42.55,-1.35,300,738600,"S"
"BSI","13:04:22",42.55,-1.35,100,738300,"S"
"BSI","13:04:20",42.55,-1.35,700,738200,"S"
"BSI","13:04:15",42.55,-1.35,200,737500,"S"
"BSI","13:03:57",42.5,-1.4,1600,737300,"B"
"BSI","13:03:53",42.55,-1.35,1100,735700,"B"
"BSI","13:03:26",42.5,-1.4,2500,734600,"B"
"BSI","13:03:26",42.55,-1.35,3500,732100,"B"
"BSI","13:03:21",42.7,-1.2,200,728600,"S"
"BSI","13:03:14",42.7,-1.2,100,728400,"S"
"BSI","13:03:00",42.55,-1.35,1200,728300,"S"
"BSI","13:02:58",42.55,-1.35,700,727100,"S"
"BSI","13:02:58",42.55,-1.35,2000,726400,"S"
"BSI","13:02:57",42.5,-1.4,2300,724400,"B"
"BSI","13:02:55",42.55,-1.35,100,722100,"S"
"BSI","13:02:55",42.55,-1.35,500,722000,"S"
"BSI","13:02:50",42.55,-1.35,5000,721500,"S"
"BSI","13:02:50",42.55,-1.35,900,716500,"S"
"BSI","13:02:48",42.55,-1.35,100,715600,"S"
"BSI","13:02:43",42.55,-1.35,5000,715500,"S"
"BSI","13:02:42",42.55,-1.35,300,710500,"S"
"BSI","13:02:37",42.55,-1.35,400,710200,"S"
"BSI","13:02:34",42.55,-1.35,100,709800,"S"
"BSI","13:02:32",42.5,-1.4,3000,709700,"B"
"BSI","13:02:25",42.55,-1.35,500,706700,"S"
"BSI","13:02:24",42.55,-1.35,500,706200,"S"
"BSI","13:02:22",42.55,-1.35,200,705700,"S"
"BSI","13:02:20",42.55,-1.35,100,705500,"S"
"BSI","13:02:16",42.55,-1.35,1000,705400,"S"
"BSI","13:02:16",42.55,-1.35,1000,704400,"S"
"BSI","13:01:52",42.55,-1.35,400,699400,"S"
"BSI","13:01:50",42.5,-1.4,1700,699000,"B"
"BSI","13:01:37",42.55,-1.35,1000,697300,"S"
"BSI","13:01:18",42.5,-1.4,1000,696300,"B"
"BSI","13:01:16",42.5,-1.4,1200,695300,"B"
"BSI","13:01:15",42.5,-1.4,1500,694100,"B"
"BSI","13:01:10",42.55,-1.35,200,692600,"S"
"BSI","13:01:04",42.55,-1.35,3500,692400,"B"
"BSI","13:01:04",42.6,-1.3,2400,688900,"B"
"BSI","13:01:04",42.65,-1.25,900,686500,"B"
"BSI","13:00:42",42.7,-1.2,500,685600,"S"
"BSI","13:00:32",42.7,-1.2,300,685100,"B"
"BSI","13:00:30",42.75,-1.15,500,684800,"S"
"BSI","13:00:28",42.75,-1.15,100,684300,"S"
"BSI","13:00:24",42.75,-1.15,1800,684200,"S"
"BSI","13:00:23",42.7,-1.2,100,682400,"B"
"BSI","13:00:22",42.75,-1.15,300,682300,"S"
"BSI","13:00:19",42.7,-1.2,100,682000,"B"
"BSI","13:00:16",42.85,-1.05,300,681900,"S"
"BSI","13:00:15",42.85,-1.05,600,681600,"B"
"BSI","13:00:14",42.8,-1.1,1700,681000,"S"
"BSI","13:00:12",42.8,-1.1,200,679300,"S"
"BSI","13:00:09",42.8,-1.1,100,679100,"B"
"BSI","13:00:08",42.7,-1.2,3500,679000,"B"
"BSI","13:00:08",42.75,-1.15,200,675500,"B"
"BSI","13:00:08",42.8,-1.1,600,675300,"B"
"BSI","13:00:08",42.8,-1.1,100,674700,"B"
"BSI","13:00:08",42.9,-1,500,674600,"S"
"BSI","13:00:06",42.8,-1.1,2000,674100,"B"
"BSI","13:00:05",42.9,-1,1100,672100,"S"
"BSI","13:00:04",42.8,-1.1,700,671000,"B"
"BSI","13:00:04",42.85,-1.05,1300,670300,"B"
"BSI","13:00:04",42.9,-1,3000,669000,"S"
"BSI","13:00:04",42.8,-1.1,800,666000,"B"
"BSI","13:00:03",43,-0.9,500,665200,"S"
"BSI","13:00:03",42.9,-1,1900,664700,"S"
"BSI","13:00:03",43,-0.9,1000,662800,"S"
"BSI","13:00:02",43,-0.9,2800,661800,"S"
"BSI","13:00:02",42.8,-1.1,1300,659000,"B"
"BSI","13:00:02",42.85,-1.05,1500,657700,"B"
"BSI","13:00:02",42.9,-1,4000,656200,"B"
"BSI","11:29:51",42.9,-1,400,652200,"B"
"BSI","11:29:41",42.9,-1,300,651800,"B"
"BSI","11:29:36",42.9,-1,400,651500,"B"
"BSI","11:29:32",42.9,-1,200,651100,"B"
"BSI","11:29:30",43,-0.9,300,650900,"S"
"BSI","11:29:23",42.9,-1,4400,650600,"B"
"BSI","11:29:23",42.95,-0.95,600,646200,"B"
"BSI","11:29:20",42.95,-0.95,900,645600,"B"
"BSI","11:29:17",43,-0.9,100,644700,"S"
"BSI","11:29:14",42.95,-0.95,300,644600,"B"
"BSI","11:29:05",42.95,-0.95,500,644300,"B"
"BSI","11:29:04",42.95,-0.95,500,643800,"B"
"BSI","11:29:00",43,-0.9,4800,643300,"B"
"BSI","11:29:00",43,-0.9,20000,638500,"B"
"BSI","11:28:54",43,-0.9,6100,618500,"B"
"BSI","11:28:50",43.1,-0.8,1000,612400,"S"
"BSI","11:28:45",43,-0.9,16000,611400,"B"
"BSI","11:28:44",43,-0.9,1800,595400,"B"
"BSI","11:28:43",43.1,-0.8,1000,593600,"S"
"BSI","11:28:43",43.05,-0.85,1100,592600,"S"
"BSI","11:28:43",43,-0.9,2100,591500,"B"
"BSI","11:28:42",43,-0.9,3900,589400,"B"
"BSI","11:28:40",43.05,-0.85,100,585500,"S"
"BSI","11:28:31",43.05,-0.85,300,585400,"B"
"BSI","11:28:12",43,-0.9,500,585100,"B"
"BSI","11:28:03",43.05,-0.85,100,584600,"S"
"BSI","11:27:53",43,-0.9,1000,584500,"B"
"BSI","11:27:40",43.05,-0.85,100,583500,"B"
"BSI","11:27:30",43.1,-0.8,100,583400,"S"
"BSI","11:27:25",43,-0.9,100,583300,"B"
"BSI","11:27:21",43,-0.9,2000,583200,"B"
"BSI","11:27:19",43,-0.9,1000,581200,"B"
"BSI","11:27:05",43,-0.9,500,580200,"B"
"BSI","11:26:56",43.05,-0.85,200,579700,"S"
"BSI","11:26:51",43.05,-0.85,200,579500,"S"
"BSI","11:26:47",43.05,-0.85,200,579300,"S"
"BSI","11:26:42",43.05,-0.85,1000,579100,"S"
"BSI","11:26:39",43.05,-0.85,200,578100,"S"
"BSI","11:26:35",43.05,-0.85,200,577900,"B"
"BSI","11:26:30",43.05,-0.85,200,577700,"B"
"BSI","11:26:27",43.05,-0.85,5400,577500,"B"
"BSI","11:26:26",43.05,-0.85,600,572100,"B"
"BSI","11:26:13",43.05,-0.85,4000,571500,"B"
"BSI","11:25:44",43.05,-0.85,200,567500,"B"
"BSI","11:25:44",43.1,-0.8,100,567300,"S"
"BSI","11:25:36",43.05,-0.85,100,567200,"B"
"BSI","11:25:32",43.05,-0.85,2400,567100,"S"
"BSI","11:25:27",43,-0.9,4000,564700,"B"
"BSI","11:25:24",43.05,-0.85,200,560700,"S"
"BSI","11:25:18",43,-0.9,5000,560500,"B"
"BSI","11:25:13",43,-0.9,2500,555500,"B"
"BSI","11:25:12",43.05,-0.85,100,553000,"S"
"BSI","11:25:02",43.05,-0.85,200,552900,"S"
"BSI","11:25:01",43,-0.9,300,552700,"B"
"BSI","11:24:59",43.05,-0.85,200,552400,"B"
"BSI","11:24:58",43.05,-0.85,2000,552200,"B"
"BSI","11:24:57",43.1,-0.8,200,550200,"S"
"BSI","11:24:38",43.1,-0.8,100,550000,"S"
"BSI","11:24:38",43.05,-0.85,500,549900,"B"
"BSI","11:24:33",43.05,-0.85,500,549400,"B"
"BSI","11:24:16",43.1,-0.8,200,548900,"B"
"BSI","11:24:12",43.05,-0.85,24600,548700,"B"
"BSI","11:24:12",43.1,-0.8,400,524100,"B"
"BSI","11:24:09",43.1,-0.8,600,523700,"S"
"BSI","11:24:03",43.05,-0.85,200,523100,"B"
"BSI","11:24:02",43.05,-0.85,7800,522900,"B"
"BSI","11:23:59",43.1,-0.8,500,515100,"S"
"BSI","11:23:51",43.1,-0.8,6400,514600,"B"
"BSI","11:23:50",43.1,-0.8,4300,508200,"B"
"BSI","11:23:47",43.1,-0.8,12100,503900,"B"
"BSI","11:23:33",43.1,-0.8,7000,491800,"B"
"BSI","11:23:32",43.15,-0.75,200,484800,"S"
"BSI","11:23:14",43.15,-0.75,200,484600,"S"
"BSI","11:23:08",43.15,-0.75,200,484400,"S"
"BSI","11:23:05",43.15,-0.75,200,484200,"S"
"BSI","11:23:03",43.15,-0.75,200,484000,"S"
"BSI","11:22:59",43.15,-0.75,100,483800,"S"
"BSI","11:22:58",43.15,-0.75,200,483700,"S"
"BSI","11:22:47",43.15,-0.75,200,483500,"S"
"BSI","11:22:43",43.15,-0.75,100,483300,"S"
"BSI","11:22:40",43.15,-0.75,300,483200,"S"
"BSI","11:22:32",43.15,-0.75,100,482900,"S"
"BSI","11:22:29",43.15,-0.75,100,482800,"S"
"BSI","11:22:26",43.15,-0.75,800,482700,"S"
"BSI","11:22:09",43.15,-0.75,200,481900,"S"
"BSI","11:22:07",43.15,-0.75,5000,481700,"S"
"BSI","11:22:04",43.1,-0.8,2000,476700,"B"
"BSI","11:21:35",43.1,-0.8,3000,474700,"B"
"BSI","11:21:18",43.1,-0.8,500,471700,"B"
"BSI","11:20:59",43.15,-0.75,100,471200,"S"
"BSI","11:20:34",43.1,-0.8,5000,471100,"B"
"BSI","11:20:32",43.15,-0.75,500,466100,"S"
"BSI","11:20:28",43.1,-0.8,1000,465600,"B"
"BSI","11:20:24",43.15,-0.75,15000,464600,"B"
"BSI","11:20:22",43.15,-0.75,9000,449600,"B"
"BSI","11:19:55",43.2,-0.7,2000,440600,"S"
"BSI","11:19:54",43.2,-0.7,2500,438600,"S"
"BSI","11:19:25",43.2,-0.7,2000,436100,"S"
"BSI","11:19:18",43.2,-0.7,4200,434100,"S"
"BSI","11:18:53",43.2,-0.7,7300,429900,"B"
"BSI","11:18:45",43.2,-0.7,1100,422600,"B"
"BSI","11:18:42",43.2,-0.7,10000,421500,"B"
"BSI","11:18:15",43.2,-0.7,1100,411500,"B"
"BSI","11:17:45",43.2,-0.7,1100,410400,"B"
"BSI","11:17:15",43.2,-0.7,1100,409300,"B"
"BSI","11:16:45",43.2,-0.7,1100,408200,"B"
"BSI","11:16:25",43.2,-0.7,500,407100,"B"
"BSI","11:16:15",43.2,-0.7,1100,406600,"B"
"BSI","11:16:10",43.2,-0.7,9000,405500,"B"
"BSI","11:16:02",43.2,-0.7,600,396500,"B"
"BSI","11:15:50",43.2,-0.7,3000,395900,"B"
"BSI","11:15:44",43.2,-0.7,900,392900,"B"
"BSI","11:15:44",43.25,-0.65,1200,392000,"B"
"BSI","11:15:15",43.25,-0.65,1100,390800,"B"
"BSI","11:15:07",43.25,-0.65,1400,389700,"B"
"BSI","11:15:06",43.25,-0.65,600,388300,"B"
"BSI","11:15:01",43.25,-0.65,1000,387700,"B"
"BSI","11:14:45",43.25,-0.65,1100,386700,"B"
"BSI","11:14:15",43.25,-0.65,1100,385600,"B"
"BSI","11:13:45",43.25,-0.65,1100,384500,"B"
"BSI","11:13:14",43.25,-0.65,1100,383400,"B"
"BSI","11:12:52",43.2,-0.7,1100,382300,"B"
"BSI","11:12:52",43.25,-0.65,100,381200,"B"
"BSI","11:12:49",43.3,-0.6,100,381100,"S"
"BSI","11:12:44",43.2,-0.7,500,381000,"B"
"BSI","11:12:44",43.25,-0.65,600,380500,"B"
"BSI","11:12:36",43.25,-0.65,2300,379900,"B"
"BSI","11:12:14",43.25,-0.65,1100,377600,"B"
"BSI","11:12:07",43.25,-0.65,1000,376500,"B"
"BSI","11:12:00",43.25,-0.65,7000,375500,"B"
"BSI","11:11:57",43.25,-0.65,500,368500,"B"
"BSI","11:11:57",43.3,-0.6,200,368000,"S"
"BSI","11:11:44",43.25,-0.65,1500,367800,"B"
"BSI","11:11:34",43.25,-0.65,700,366300,"B"
"BSI","11:11:31",43.3,-0.6,500,365600,"S"
"BSI","11:11:26",43.3,-0.6,1000,365100,"S"
"BSI","11:11:25",43.25,-0.65,3000,364100,"B"
"BSI","11:11:21",43.25,-0.65,200,361100,"B"
"BSI","11:11:14",43.25,-0.65,1100,360900,"B"
"BSI","11:11:13",43.3,-0.6,200,359800,"S"
"BSI","11:11:02",43.3,-0.6,800,359600,"S"
"BSI","11:10:52",43.25,-0.65,500,358800,"B"
"BSI","11:10:44",43.25,-0.65,1100,358300,"B"
"BSI","11:10:25",43.3,-0.6,300,357200,"S"
"BSI","11:10:15",43.3,-0.6,500,356900,"S"
"BSI","11:10:15",43.25,-0.65,1100,356400,"B"
"BSI","11:10:14",43.3,-0.6,100,355300,"S"
"BSI","11:09:50",43.3,-0.6,200,355200,"S"
"BSI","11:09:44",43.25,-0.65,1100,355000,"B"
"BSI","11:09:32",43.3,-0.6,500,353900,"S"
"BSI","11:09:28",43.3,-0.6,300,353400,"S"
"BSI","11:09:22",43.3,-0.6,100,353100,"S"
"BSI","11:09:15",43.3,-0.6,10900,353000,"B"
"BSI","11:09:14",43.3,-0.6,1100,342100,"B"
"BSI","11:09:06",43.3,-0.6,200,341000,"B"
"BSI","11:08:44",43.3,-0.6,1100,340800,"B"
"BSI","11:08:23",43.3,-0.6,200,339700,"B"
"BSI","11:08:18",43.3,-0.6,13600,339500,"B"
"BSI","11:08:14",43.3,-0.6,1100,325900,"B"
"BSI","11:07:48",43.3,-0.6,100,324800,"B"
"BSI","11:07:47",43.35,-0.55,200,324700,"S"
"BSI","11:07:44",43.3,-0.6,1100,324500,"B"
"BSI","11:07:38",43.35,-0.55,500,323400,"S"
"BSI","11:07:20",43.35,-0.55,200,322900,"S"
"BSI","11:07:14",43.3,-0.6,1100,322700,"B"
"BSI","11:07:12",43.3,-0.6,9000,321600,"B"
"BSI","11:06:49",43.35,-0.55,12200,312600,"B"
"BSI","11:06:48",43.4,-0.5,500,300400,"S"
"BSI","11:06:44",43.35,-0.55,1100,299900,"B"
"BSI","11:06:31",43.35,-0.55,6000,298800,"B"
"BSI","11:06:14",43.35,-0.55,1100,292800,"B"
"BSI","11:05:44",43.35,-0.55,1100,291700,"B"
"BSI","11:05:14",43.35,-0.55,1100,290600,"B"
"BSI","11:04:44",43.35,-0.55,1100,289500,"B"
"BSI","11:04:14",43.35,-0.55,1100,288400,"B"
"BSI","11:03:53",43.45,-0.45,2500,287300,"S"
"BSI","11:03:46",43.45,-0.45,100,284800,"S"
"BSI","11:03:44",43.35,-0.55,1100,284700,"B"
"BSI","11:03:14",43.35,-0.55,1100,283600,"B"
"BSI","11:03:00",43.35,-0.55,100,282500,"B"
"BSI","11:02:44",43.35,-0.55,1100,282400,"B"
"BSI","11:02:13",43.35,-0.55,100,281300,"B"
"BSI","11:02:13",43.4,-0.5,1000,281200,"B"
"BSI","11:01:44",43.35,-0.55,300,280200,"B"
"BSI","11:01:44",43.4,-0.5,800,279900,"B"
"BSI","11:01:42",43.4,-0.5,700,279100,"B"
"BSI","11:01:22",43.45,-0.45,5000,278400,"S"
"BSI","11:01:14",43.4,-0.5,500,273400,"B"
"BSI","11:01:13",43.4,-0.5,1100,272900,"B"
"BSI","11:00:50",43.4,-0.5,800,271800,"B"
"BSI","11:00:45",43.4,-0.5,2200,271000,"B"
"BSI","11:00:44",43.4,-0.5,800,268800,"B"
"BSI","11:00:43",43.4,-0.5,1100,268000,"B"
"BSI","11:00:14",43.4,-0.5,500,266900,"B"
"BSI","11:00:14",43.4,-0.5,800,266400,"B"
"BSI","11:00:13",43.4,-0.5,300,265600,"B"
"BSI","11:00:03",43.4,-0.5,400,265300,"B"
"BSI","10:59:47",43.4,-0.5,100,264900,"B"
"BSI","10:59:44",43.4,-0.5,1100,264800,"B"
"BSI","10:59:17",43.4,-0.5,5000,263700,"B"
"BSI","10:59:14",43.4,-0.5,100,258700,"B"
"BSI","10:59:13",43.4,-0.5,1000,258600,"B"
"BSI","10:58:43",43.4,-0.5,1100,257600,"B"
"BSI","10:58:18",43.45,-0.45,800,256500,"S"
"BSI","10:58:13",43.4,-0.5,1100,255700,"B"
"BSI","10:57:56",43.45,-0.45,100,254600,"S"
"BSI","10:57:43",43.4,-0.5,1100,254500,"B"
"BSI","10:57:37",43.45,-0.45,2500,253400,"S"
"BSI","10:57:22",43.45,-0.45,100,250900,"S"
"BSI","10:57:13",43.4,-0.5,1100,250800,"B"
"BSI","10:57:11",43.45,-0.45,700,249700,"S"
"BSI","10:57:04",43.45,-0.45,5000,249000,"S"
"BSI","10:56:43",43.4,-0.5,1100,244000,"B"
"BSI","10:56:17",43.4,-0.5,700,242900,"B"
"BSI","10:56:13",43.4,-0.5,1100,242200,"B"
"BSI","10:56:02",43.45,-0.45,1000,241100,"S"
"BSI","10:55:43",43.4,-0.5,1100,240100,"B"
"BSI","10:55:13",43.4,-0.5,1100,239000,"B"
"BSI","10:54:43",43.4,-0.5,1100,237900,"B"
"BSI","10:54:42",43.45,-0.45,100,236800,"S"
"BSI","10:54:18",43.45,-0.45,100,236700,"S"
"BSI","10:54:13",43.4,-0.5,1000,236600,"B"
"BSI","10:53:48",43.45,-0.45,3000,235600,"S"
"BSI","10:53:43",43.4,-0.5,1000,232600,"B"
"BSI","10:53:36",43.45,-0.45,100,231600,"S"
"BSI","10:53:30",43.45,-0.45,100,231500,"S"
"BSI","10:53:28",43.45,-0.45,100,231400,"S"
"BSI","10:53:13",43.4,-0.5,1000,231300,"B"
"BSI","10:53:08",43.45,-0.45,3100,230300,"B"
"BSI","10:52:43",43.45,-0.45,1000,227200,"B"
"BSI","10:52:41",43.45,-0.45,300,226200,"B"
"BSI","10:52:41",43.45,-0.45,200,225900,"B"
"BSI","10:52:13",43.45,-0.45,1000,225700,"B"
"BSI","10:51:43",43.45,-0.45,1000,224700,"B"
"BSI","10:51:13",43.45,-0.45,1000,223700,"B"
"BSI","10:50:43",43.45,-0.45,1000,222700,"B"
"BSI","10:50:13",43.45,-0.45,900,221700,"B"
"BSI","10:50:13",43.5,-0.4,100,220800,"B"
"BSI","10:49:43",43.45,-0.45,1000,220700,"B"
"BSI","10:49:27",43.7,-0.2,500,219700,"S"
"BSI","10:49:15",43.7,-0.2,100,219200,"S"
"BSI","10:49:13",43.45,-0.45,1000,219100,"B"
"BSI","10:48:42",43.45,-0.45,800,218100,"B"
"BSI","10:48:42",43.5,-0.4,200,217300,"B"
"BSI","10:48:13",43.45,-0.45,100,217100,"B"
"BSI","10:48:12",43.45,-0.45,800,217000,"B"
"BSI","10:48:12",43.5,-0.4,100,216200,"B"
"BSI","10:47:42",43.45,-0.45,1000,216100,"B"
"BSI","10:47:12",43.45,-0.45,1000,215100,"B"
"BSI","10:46:49",43.45,-0.45,100,214100,"B"
"BSI","10:46:44",43.45,-0.45,500,214000,"B"
"BSI","10:46:43",43.45,-0.45,1000,213500,"B"
"BSI","10:46:13",43.45,-0.45,1000,212500,"B"
"BSI","10:45:54",43.5,-0.4,200,211500,"B"
"BSI","10:45:42",43.45,-0.45,800,211300,"B"
"BSI","10:45:42",43.5,-0.4,200,210500,"B"
"BSI","10:45:33",43.7,-0.2,100,210300,"S"
"BSI","10:45:13",43.5,-0.4,500,210200,"B"
"BSI","10:44:42",43.5,-0.4,900,209200,"B"
"BSI","10:44:42",43.6,-0.3,100,208300,"B"
"BSI","10:44:39",43.6,-0.3,100,208200,"S"
"BSI","10:44:24",43.6,-0.3,100,208100,"S"
"BSI","10:44:17",43.6,-0.3,100,208000,"S"
"BSI","10:44:14",43.6,-0.3,100,207900,"S"
"BSI","10:44:13",43.6,-0.3,100,207800,"S"
"BSI","10:44:12",43.5,-0.4,1000,207700,"B"
"BSI","10:44:10",43.6,-0.3,100,206700,"S"
"BSI","10:43:54",43.6,-0.3,100,206600,"S"
"BSI","10:43:42",43.5,-0.4,1000,206500,"B"
"BSI","10:43:38",43.5,-0.4,2000,205500,"B"
"BSI","10:43:12",43.5,-0.4,500,203500,"B"
"BSI","10:43:12",43.55,-0.35,500,203000,"B"
"BSI","10:42:42",43.5,-0.4,1000,202500,"B"
"BSI","10:42:12",43.5,-0.4,1000,201500,"B"
"BSI","10:41:42",43.5,-0.4,1000,200500,"B"
"BSI","10:41:12",43.5,-0.4,1000,199500,"B"
"BSI","10:41:00",43.5,-0.4,1000,198500,"B"
"BSI","10:40:42",43.5,-0.4,500,197500,"B"
"BSI","10:40:42",43.55,-0.35,500,197000,"B"
"BSI","10:40:40",43.6,-0.3,5000,196500,"S"
"BSI","10:40:12",43.5,-0.4,1000,191500,"B"
"BSI","10:39:42",43.5,-0.4,1000,190500,"B"
"BSI","10:39:12",43.5,-0.4,1000,189500,"B"
"BSI","10:38:42",43.5,-0.4,1000,188500,"B"
"BSI","10:38:28",43.5,-0.4,600,187500,"B"
"BSI","10:38:12",43.5,-0.4,1000,186900,"B"
"BSI","10:37:42",43.5,-0.4,1000,185900,"B"
"BSI","10:37:08",43.5,-0.4,1000,184900,"S"
"BSI","10:37:07",43.5,-0.4,200,183900,"S"
"BSI","10:36:57",43.5,-0.4,100,183700,"S"
"BSI","10:36:40",43.5,-0.4,1500,183600,"S"
"BSI","10:36:16",43.5,-0.4,2000,182100,"S"
"BSI","10:35:34",43.5,-0.4,800,180100,"S"
"BSI","10:33:49",43.5,-0.4,1400,179300,"S"
"BSI","10:32:52",43.5,-0.4,200,177900,"S"
"BSI","10:31:04",43.5,-0.4,1100,177700,"S"
"BSI","10:30:33",43.45,-0.45,2000,176600,"S"
"BSI","10:30:20",43.45,-0.45,500,174600,"S"
"BSI","10:30:03",43.45,-0.45,2000,174100,"S"
"BSI","10:29:50",43.4,-0.5,200,172100,"B"
"BSI","10:29:23",43.4,-0.5,800,171900,"S"
"BSI","10:29:18",43.4,-0.5,500,171100,"S"
"BSI","10:29:00",43.4,-0.5,1000,170600,"S"
"BSI","10:28:55",43.4,-0.5,200,169600,"S"
"BSI","10:28:54",43.4,-0.5,600,169400,"S"
"BSI","10:28:26",43.4,-0.5,100,168800,"S"
"BSI","10:28:07",43.4,-0.5,200,168700,"S"
"BSI","10:28:05",43.35,-0.55,1000,168500,"B"
"BSI","10:27:47",43.35,-0.55,200,167500,"B"
"BSI","10:27:21",43.35,-0.55,100,167300,"B"
"BSI","10:26:33",43.35,-0.55,200,167200,"B"
"BSI","10:25:42",43.35,-0.55,300,167000,"B"
"BSI","10:25:29",43.35,-0.55,600,166700,"B"
"BSI","10:24:51",43.35,-0.55,200,166100,"B"
"BSI","10:24:35",43.4,-0.5,1500,165900,"B"
"BSI","10:24:32",43.4,-0.5,500,164400,"B"
"BSI","10:22:46",43.4,-0.5,1000,163900,"B"
"BSI","10:22:03",43.4,-0.5,500,162900,"B"
"BSI","10:21:47",43.45,-0.45,900,162400,"S"
"BSI","10:21:46",43.4,-0.5,200,161500,"B"
"BSI","10:20:55",43.45,-0.45,4600,161300,"B"
"BSI","10:20:15",43.45,-0.45,200,156700,"B"
"BSI","10:19:56",43.5,-0.4,600,156500,"B"
"BSI","10:19:21",43.5,-0.4,2000,155900,"B"
"BSI","10:19:09",43.55,-0.35,500,153900,"B"
"BSI","10:16:08",43.6,-0.3,100,153400,"B"
"BSI","10:15:44",43.6,-0.3,1000,153300,"B"
"BSI","10:15:27",43.6,-0.3,800,152300,"B"
"BSI","10:15:24",43.6,-0.3,2000,151500,"B"
"BSI","10:12:39",43.6,-0.3,2900,149500,"B"
"BSI","10:12:39",43.65,-0.25,100,146600,"B"
"BSI","10:11:36",43.75,-0.15,200,146500,"B"
"BSI","10:08:08",43.75,-0.15,300,146300,"S"
"BSI","10:07:43",43.75,-0.15,400,146000,"S"
"BSI","10:07:18",43.7,-0.2,200,145200,"S"
"BSI","10:05:52",43.6,-0.3,1300,145000,"S"
"BSI","10:05:36",43.55,-0.35,900,143700,"S"
"BSI","10:05:33",43.55,-0.35,100,142800,"S"
"BSI","10:05:11",43.55,-0.35,300,142700,"S"
"BSI","10:05:01",43.5,-0.4,1000,142300,"S"
"BSI","10:04:30",43.45,-0.45,2100,141300,"S"
"BSI","10:04:17",43.4,-0.5,300,139200,"B"
"BSI","10:03:05",43.35,-0.55,800,138900,"B"
"BSI","10:02:37",43.35,-0.55,1000,138100,"S"
"BSI","10:02:31",43.35,-0.55,200,137100,"S"
"BSI","10:02:19",43.35,-0.55,100,136900,"S"
"BSI","10:02:14",43.35,-0.55,500,136800,"S"
"BSI","10:02:10",43.3,-0.6,2100,136300,"B"
"BSI","10:02:10",43.35,-0.55,900,134200,"B"
"BSI","10:01:47",43.35,-0.55,2000,133300,"B"
"BSI","10:01:47",43.4,-0.5,500,131300,"B"
"BSI","10:01:19",43.45,-0.45,600,130800,"S"
"BSI","10:01:12",43.35,-0.55,100,130200,"B"
"BSI","10:00:38",43.35,-0.55,500,130100,"B"
"BSI","10:00:38",43.4,-0.5,500,129600,"B"
"BSI","09:59:46",43.45,-0.45,500,129100,"S"
"BSI","09:59:35",43.35,-0.55,3100,128600,"B"
"BSI","09:59:35",43.4,-0.5,5400,125500,"B"
"BSI","09:58:56",43.45,-0.45,100,120100,"S"
"BSI","09:58:41",43.45,-0.45,200,120000,"S"
"BSI","09:58:00",43.45,-0.45,400,119800,"S"
"BSI","09:57:50",43.45,-0.45,200,119400,"S"
"BSI","09:57:22",43.45,-0.45,100,119200,"S"
"BSI","09:57:12",43.45,-0.45,2100,119100,"B"
"BSI","09:57:02",43.45,-0.45,600,117000,"B"
"BSI","09:56:07",43.5,-0.4,200,116400,"B"
"BSI","09:55:08",43.45,-0.45,3000,116200,"B"
"BSI","09:54:49",43.5,-0.4,400,113200,"B"
"BSI","09:54:47",43.5,-0.4,100,112800,"B"
"BSI","09:54:42",43.5,-0.4,1200,112700,"B"
"BSI","09:54:23",43.5,-0.4,200,111500,"B"
"BSI","09:54:14",43.5,-0.4,600,111300,"B"
"BSI","09:52:45",43.5,-0.4,1000,110700,"B"
"BSI","09:52:11",43.5,-0.4,100,109700,"B"
"BSI","09:52:11",43.55,-0.35,800,109600,"B"
"BSI","09:51:22",43.55,-0.35,200,108800,"B"
"BSI","09:51:05",43.55,-0.35,1000,108600,"B"
"BSI","09:50:52",43.55,-0.35,1000,107600,"B"
"BSI","09:48:50",43.55,-0.35,400,106600,"S"
"BSI","09:48:49",43.55,-0.35,1000,106200,"S"
"BSI","09:48:45",43.55,-0.35,1000,105200,"S"
"BSI","09:48:42",43.55,-0.35,100,104200,"S"
"BSI","09:48:42",43.5,-0.4,1000,104100,"B"
"BSI","09:48:33",43.55,-0.35,300,103100,"S"
"BSI","09:48:24",43.55,-0.35,1000,102800,"S"
"BSI","09:48:08",43.55,-0.35,100,101800,"S"
"BSI","09:47:43",43.55,-0.35,200,101700,"S"
"BSI","09:46:28",43.5,-0.4,200,101500,"S"
"BSI","09:46:12",43.5,-0.4,200,101300,"B"
"BSI","09:45:21",43.5,-0.4,800,101100,"B"
"BSI","09:44:38",43.5,-0.4,400,100300,"B"
"BSI","09:43:36",43.5,-0.4,1000,99900,"B"
"BSI","09:43:01",43.55,-0.35,100,98900,"S"
"BSI","09:42:57",43.5,-0.4,500,98800,"B"
"BSI","09:42:49",43.55,-0.35,200,98300,"S"
"BSI","09:42:43",43.55,-0.35,200,98100,"S"
"BSI","09:42:31",43.55,-0.35,400,97900,"S"
"BSI","09:42:07",43.5,-0.4,100,97500,"B"
"BSI","09:41:49",43.5,-0.4,1300,97400,"B"
"BSI","09:41:48",43.5,-0.4,3700,96100,"B"
"BSI","09:41:21",43.5,-0.4,1000,92400,"B"
"BSI","09:40:35",43.5,-0.4,100,91400,"B"
"BSI","09:40:32",43.5,-0.4,1000,91300,"B"
"BSI","09:40:04",43.5,-0.4,2000,90300,"B"
"BSI","09:39:54",43.55,-0.35,100,88300,"S"
"BSI","09:39:51",43.55,-0.35,300,88200,"B"
"BSI","09:39:47",43.6,-0.3,400,87900,"S"
"BSI","09:39:46",43.55,-0.35,1000,87500,"B"
"BSI","09:39:00",43.55,-0.35,1000,86500,"B"
"BSI","09:38:02",43.6,-0.3,200,85500,"S"
"BSI","09:37:50",43.6,-0.3,1100,85300,"S"
"BSI","09:37:40",43.6,-0.3,200,84200,"B"
"BSI","09:37:33",43.6,-0.3,400,84000,"B"
"BSI","09:37:21",43.6,-0.3,100,83600,"S"
"BSI","09:36:35",43.6,-0.3,200,83500,"B"
"BSI","09:35:42",43.6,-0.3,500,83300,"B"
"BSI","09:35:17",43.6,-0.3,1200,82800,"B"
"BSI","09:35:17",43.75,-0.15,100,81600,"B"
"BSI","09:34:24",43.6,-0.3,700,81500,"B"
"BSI","09:33:19",43.6,-0.3,100,80800,"B"
"BSI","09:33:06",43.6,-0.3,300,80700,"B"
"BSI","09:32:20",43.6,-0.3,200,80400,"B"
"BSI","09:32:01",43.6,-0.3,600,80200,"B"
"BSI","09:30:37",43.6,-0.3,1800,79600,"B"
"BSI","09:30:01",43.8,-0.1,100,77800,"B"
"BSI","09:29:50",43.8,-0.1,1400,77700,"B"
"BSI","09:29:37",43.8,-0.1,1000,76300,"B"
"BSI","09:29:36",43.8,-0.1,400,75300,"B"
"BSI","09:29:32",43.8,-0.1,300,74900,"B"
"BSI","09:29:22",43.8,-0.1,200,74600,"B"
"BSI","09:28:58",43.8,-0.1,1500,74400,"B"
"BSI","09:28:57",43.8,-0.1,200,72900,"B"
"BSI","09:28:19",43.8,-0.1,100,72700,"B"
"BSI","09:28:04",43.8,-0.1,2000,72600,"S"
"BSI","09:28:04",43.75,-0.15,400,70600,"S"
"BSI","09:27:19",43.8,-0.1,800,70200,"B"
"BSI","09:27:18",43.8,-0.1,7300,69400,"B"
"BSI","09:27:09",43.8,-0.1,2000,62100,"B"
"BSI","09:27:07",43.8,-0.1,2800,60100,"B"
"BSI","09:27:07",43.85,-0.05,500,57300,"B"
"BSI","09:27:06",43.85,-0.05,7700,56800,"B"
"BSI","09:27:05",43.9,0,1000,49100,"S"
"BSI","09:26:54",43.9,0,100,48100,"S"
"BSI","09:26:48",43.9,0,600,48000,"B"
"BSI","09:26:44",43.9,0,1900,47400,"S"
"BSI","09:26:25",43.9,0,100,45500,"S"
"BSI","09:26:07",43.9,0,500,45400,"S"
"BSI","09:26:00",43.9,0,2300,44900,"S"
"BSI","09:25:54",43.9,0,200,42600,"B"
"BSI","09:25:52",43.9,0,2300,42400,"S"
"BSI","09:25:44",43.9,0,6700,40100,"B"
"BSI","09:25:27",43.9,0,100,33400,"B"
"BSI","09:23:14",44,0.1,2000,33300,"S"
"BSI","09:22:46",44,0.1,1000,31300,"S"
"BSI","09:22:13",44,0.1,100,30300,"S"
"BSI","09:21:46",44,0.1,1000,30200,"S"
"BSI","09:21:34",44,0.1,700,29200,"S"
"BSI","09:21:21",44,0.1,100,28200,"S"
"BSI","09:21:10",44,0.1,1700,28100,"B"
"BSI","09:20:57",44,0.1,1000,26400,"B"
"BSI","09:20:41",44,0.1,2300,25400,"B"
"BSI","09:20:14",44.05,0.15,100,23100,"S"
"BSI","09:20:14",44.05,0.15,400,23000,"S"
"BSI","09:19:31",44.05,0.15,1000,17600,"S"
"BSI","09:19:24",44.05,0.15,100,16600,"S"
"BSI","09:19:14",44.05,0.15,500,16500,"S"
"BSI","09:19:13",44.05,0.15,1000,16000,"B"
"BSI","09:19:07",44.1,0.2,800,15000,"S"
"BSI","09:18:36",44.05,0.15,100,14200,"B"
"BSI","09:17:00",44.1,0.2,500,14100,"B"
"BSI","09:16:48",44.1,0.2,500,13600,"B"
"BSI","09:15:42",44.1,0.2,100,13100,"S"
"BSI","09:15:35",44.1,0.2,900,13000,"B"
"BSI","09:15:34",44.1,0.2,1100,12100,"S"
"BSI","09:15:31",44.1,0.2,100,11000,"S"
"BSI","09:15:30",44.1,0.2,100,10900,"S"
"BSI","09:15:21",44.1,0.2,200,10800,"S"
"BSI","09:15:07",44.1,0.2,500,10600,"S"
"BSI","09:15:00",44.1,0.2,10100,10100,
