"symbol","time","price","change","vol","total","side"
"CTS","14:45:00",25.8,-0.8,127000,2743200,
"CTS","14:29:55",25.85,-0.75,500,2616200,"B"
"CTS","14:29:55",25.9,-0.7,4400,2615700,"S"
"CTS","14:29:48",25.8,-0.8,400,2611300,"B"
"CTS","14:29:44",25.8,-0.8,1000,2610900,"B"
"CTS","14:29:43",25.8,-0.8,600,2609900,"B"
"CTS","14:29:43",25.85,-0.75,100,2609300,"B"
"CTS","14:29:27",25.8,-0.8,100,2609200,"B"
"CTS","14:29:27",25.85,-0.75,1500,2609100,"B"
"CTS","14:29:18",25.85,-0.75,200,2607600,"B"
"CTS","14:29:10",25.9,-0.7,800,2607400,"B"
"CTS","14:29:07",25.9,-0.7,200,2606600,"S"
"CTS","14:29:01",25.85,-0.75,1700,2606400,"B"
"CTS","14:29:01",25.9,-0.7,1300,2604700,"B"
"CTS","14:28:51",25.9,-0.7,300,2603400,"B"
"CTS","14:28:45",25.9,-0.7,200,2603100,"B"
"CTS","14:28:40",26,-0.6,200,2602900,"S"
"CTS","14:28:37",25.9,-0.7,5800,2602700,"B"
"CTS","14:28:30",26,-0.6,6600,2596900,"B"
"CTS","14:28:29",26.05,-0.55,1000,2590300,"S"
"CTS","14:28:29",26,-0.6,700,2589300,"B"
"CTS","14:28:25",26,-0.6,13000,2588600,"B"
"CTS","14:28:20",26.05,-0.55,1000,2575600,"B"
"CTS","14:28:11",26.05,-0.55,100,2574600,"B"
"CTS","14:28:08",26.1,-0.5,1000,2574500,"S"
"CTS","14:28:04",26.15,-0.45,800,2573500,"S"
"CTS","14:28:04",26.1,-0.5,200,2572700,"S"
"CTS","14:28:01",26.1,-0.5,6800,2572500,"B"
"CTS","14:27:56",26.1,-0.5,500,2565700,"B"
"CTS","14:27:39",26.1,-0.5,2300,2565200,"B"
"CTS","14:27:39",26.15,-0.45,700,2562900,"B"
"CTS","14:27:37",26.15,-0.45,4300,2562200,"S"
"CTS","14:27:37",26.1,-0.5,1700,2557900,"B"
"CTS","14:27:36",26.15,-0.45,500,2556200,"S"
"CTS","14:27:25",26.1,-0.5,100,2555700,"B"
"CTS","14:27:25",26.15,-0.45,1300,2555600,"B"
"CTS","14:27:19",26.15,-0.45,1000,2554300,"B"
"CTS","14:27:19",26.2,-0.4,2000,2553300,"B"
"CTS","14:27:17",26.2,-0.4,1000,2551300,"S"
"CTS","14:27:13",26.15,-0.45,200,2550300,"B"
"CTS","14:27:12",26.15,-0.45,200,2550100,"B"
"CTS","14:26:59",26.15,-0.45,300,2549900,"B"
"CTS","14:26:58",26.25,-0.35,400,2549600,"S"
"CTS","14:26:58",26.2,-0.4,100,2549200,"S"
"CTS","14:26:51",26.2,-0.4,900,2549100,"B"
"CTS","14:26:45",26.25,-0.35,400,2548200,"S"
"CTS","14:26:34",26.25,-0.35,500,2547800,"S"
"CTS","14:26:31",26.25,-0.35,800,2547300,"B"
"CTS","14:26:27",26.25,-0.35,2100,2546500,"S"
"CTS","14:26:22",26.25,-0.35,2000,2544400,"S"
"CTS","14:26:21",26.25,-0.35,100,2542400,"S"
"CTS","14:26:08",26.25,-0.35,100,2542300,"S"
"CTS","14:26:03",26.25,-0.35,700,2542200,"B"
"CTS","14:26:01",26.25,-0.35,3000,2541500,"B"
"CTS","14:26:00",26.3,-0.3,400,2538500,"S"
"CTS","14:25:59",26.3,-0.3,2000,2538100,"S"
"CTS","14:25:57",26.25,-0.35,400,2536100,"B"
"CTS","14:25:56",26.25,-0.35,2000,2535700,"B"
"CTS","14:25:50",26.25,-0.35,2000,2533700,"B"
"CTS","14:25:46",26.3,-0.3,1200,2531700,"S"
"CTS","14:25:37",26.3,-0.3,100,2530500,"S"
"CTS","14:25:28",26.25,-0.35,1500,2530400,"S"
"CTS","14:25:27",26.25,-0.35,500,2528900,"S"
"CTS","14:25:24",26.25,-0.35,400,2528400,"S"
"CTS","14:25:17",26.25,-0.35,1000,2528000,"S"
"CTS","14:25:16",26.2,-0.4,600,2527000,"S"
"CTS","14:25:15",26.2,-0.4,2000,2526400,"S"
"CTS","14:25:04",26.15,-0.45,1000,2524400,"B"
"CTS","14:24:59",26.15,-0.45,2000,2523400,"B"
"CTS","14:24:52",26.15,-0.45,3800,2521400,"S"
"CTS","14:24:35",26.15,-0.45,1200,2517600,"B"
"CTS","14:24:26",26.2,-0.4,500,2516400,"S"
"CTS","14:24:23",26.2,-0.4,100,2515900,"S"
"CTS","14:24:17",26.2,-0.4,1000,2515800,"S"
"CTS","14:24:08",26.2,-0.4,2100,2514800,"B"
"CTS","14:24:06",26.2,-0.4,1500,2512700,"S"
"CTS","14:24:04",26.2,-0.4,1000,2511200,"S"
"CTS","14:24:03",26.2,-0.4,1000,2510200,"S"
"CTS","14:23:55",26.2,-0.4,1900,2509200,"S"
"CTS","14:23:53",26.2,-0.4,5000,2507300,"S"
"CTS","14:23:44",26.2,-0.4,5800,2502300,"S"
"CTS","14:23:41",26.2,-0.4,2000,2496500,"S"
"CTS","14:23:36",26.2,-0.4,1500,2494500,"S"
"CTS","14:23:34",26.05,-0.55,1900,2493000,"B"
"CTS","14:23:34",26.1,-0.5,3100,2491100,"B"
"CTS","14:23:32",26.2,-0.4,10000,2488000,"S"
"CTS","14:23:25",26.2,-0.4,2000,2478000,"S"
"CTS","14:23:18",26.2,-0.4,4100,2476000,"S"
"CTS","14:23:06",26.2,-0.4,1600,2471900,"S"
"CTS","14:23:01",26.15,-0.45,900,2470300,"S"
"CTS","14:22:58",26.15,-0.45,4000,2469400,"S"
"CTS","14:22:57",26.15,-0.45,1000,2465400,"S"
"CTS","14:22:56",26.15,-0.45,100,2464400,"S"
"CTS","14:22:47",26.1,-0.5,100,2464300,"S"
"CTS","14:22:34",26.1,-0.5,400,2464200,"B"
"CTS","14:22:25",26.1,-0.5,5600,2463800,"S"
"CTS","14:22:11",26.1,-0.5,3000,2458200,"S"
"CTS","14:21:31",26,-0.6,10400,2455200,"S"
"CTS","14:21:20",26,-0.6,500,2444800,"S"
"CTS","14:21:08",26,-0.6,3000,2444300,"S"
"CTS","14:21:01",26,-0.6,2000,2441300,"S"
"CTS","14:20:59",25.95,-0.65,200,2439300,"B"
"CTS","14:20:54",26,-0.6,5000,2439100,"S"
"CTS","14:20:47",26,-0.6,2300,2434100,"S"
"CTS","14:20:34",25.95,-0.65,2500,2431800,"S"
"CTS","14:20:23",25.95,-0.65,10000,2429300,"S"
"CTS","14:20:22",25.9,-0.7,100,2419300,"B"
"CTS","14:20:12",25.9,-0.7,100,2419200,"B"
"CTS","14:19:58",25.9,-0.7,2200,2419100,"S"
"CTS","14:19:43",25.85,-0.75,600,2416900,"S"
"CTS","14:19:42",25.85,-0.75,1400,2416300,"B"
"CTS","14:19:12",25.85,-0.75,200,2414900,"S"
"CTS","14:19:11",25.85,-0.75,100,2414700,"S"
"CTS","14:18:46",25.85,-0.75,100,2414600,"S"
"CTS","14:18:40",25.8,-0.8,500,2414500,"B"
"CTS","14:18:31",25.8,-0.8,1900,2414000,"S"
"CTS","14:18:30",25.8,-0.8,500,2412100,"S"
"CTS","14:18:23",25.8,-0.8,1000,2411600,"S"
"CTS","14:18:04",25.8,-0.8,600,2410600,"S"
"CTS","14:17:35",25.75,-0.85,800,2410000,"S"
"CTS","14:17:34",25.75,-0.85,100,2409200,"S"
"CTS","14:17:02",25.7,-0.9,300,2409100,"B"
"CTS","14:16:50",25.7,-0.9,300,2408800,"S"
"CTS","14:16:40",25.7,-0.9,1000,2408500,"S"
"CTS","14:16:39",25.7,-0.9,200,2407500,"S"
"CTS","14:16:38",25.7,-0.9,300,2407300,"S"
"CTS","14:16:26",25.7,-0.9,3000,2407000,"S"
"CTS","14:16:22",25.65,-0.95,300,2404000,"B"
"CTS","14:16:21",25.65,-0.95,1500,2403700,"B"
"CTS","14:16:20",25.7,-0.9,300,2402200,"S"
"CTS","14:16:15",25.65,-0.95,200,2401900,"B"
"CTS","14:16:12",25.65,-0.95,2900,2401700,"B"
"CTS","14:16:02",25.65,-0.95,1000,2398800,"B"
"CTS","14:15:44",25.65,-0.95,500,2397800,"B"
"CTS","14:15:42",25.7,-0.9,200,2397300,"S"
"CTS","14:15:32",25.65,-0.95,200,2397100,"B"
"CTS","14:15:32",25.7,-0.9,500,2396900,"S"
"CTS","14:14:55",25.7,-0.9,800,2396400,"S"
"CTS","14:14:29",25.7,-0.9,500,2395600,"S"
"CTS","14:14:20",25.65,-0.95,3500,2395100,"B"
"CTS","14:13:46",25.6,-1,100,2391600,"B"
"CTS","14:13:46",25.65,-0.95,100,2391500,"B"
"CTS","14:13:45",25.7,-0.9,300,2391400,"B"
"CTS","14:13:17",25.6,-1,1300,2391100,"B"
"CTS","14:13:17",25.65,-0.95,1000,2389800,"B"
"CTS","14:13:17",25.7,-0.9,100,2388800,"B"
"CTS","14:12:40",25.6,-1,3300,2388700,"B"
"CTS","14:12:40",25.65,-0.95,2200,2385400,"B"
"CTS","14:12:40",25.7,-0.9,3100,2383200,"B"
"CTS","14:12:40",25.75,-0.85,6500,2380100,"B"
"CTS","14:12:40",25.8,-0.8,4900,2373600,"B"
"CTS","14:11:59",25.8,-0.8,700,2368700,"S"
"CTS","14:11:23",25.8,-0.8,2800,2368000,"B"
"CTS","14:11:08",25.8,-0.8,1100,2365200,"B"
"CTS","14:11:08",25.85,-0.75,1900,2364100,"B"
"CTS","14:11:03",25.9,-0.7,1000,2362200,"S"
"CTS","14:10:59",25.9,-0.7,1000,2361200,"S"
"CTS","14:10:48",25.9,-0.7,2100,2360200,"B"
"CTS","14:10:32",25.95,-0.65,1300,2358100,"S"
"CTS","14:10:23",25.95,-0.65,9000,2356800,"S"
"CTS","14:10:12",25.95,-0.65,13800,2347800,"B"
"CTS","14:09:59",26,-0.6,1000,2334000,"S"
"CTS","14:09:52",26,-0.6,500,2333000,"S"
"CTS","14:09:48",26,-0.6,900,2332500,"B"
"CTS","14:09:43",26.05,-0.55,100,2331600,"S"
"CTS","14:09:42",26,-0.6,5000,2331500,"B"
"CTS","14:09:41",26,-0.6,8800,2326500,"B"
"CTS","14:09:37",26,-0.6,4000,2317700,"B"
"CTS","14:09:31",26,-0.6,6500,2313700,"B"
"CTS","14:09:29",26.05,-0.55,5100,2305300,"S"
"CTS","14:09:20",26,-0.6,2500,2300200,"S"
"CTS","14:09:00",26,-0.6,2000,2297700,"S"
"CTS","14:08:02",25.95,-0.65,1200,2295700,"S"
"CTS","14:08:00",25.95,-0.65,500,2294500,"S"
"CTS","14:07:53",25.95,-0.65,300,2294000,"S"
"CTS","14:07:45",25.9,-0.7,600,2293700,"B"
"CTS","14:07:26",25.9,-0.7,3300,2293100,"S"
"CTS","14:07:25",25.9,-0.7,400,2289800,"S"
"CTS","14:07:15",25.9,-0.7,8800,2289400,"S"
"CTS","14:07:08",25.9,-0.7,2000,2280600,"S"
"CTS","14:06:59",25.9,-0.7,500,2278600,"S"
"CTS","14:06:50",25.8,-0.8,1000,2278100,"B"
"CTS","14:06:39",25.8,-0.8,200,2277100,"S"
"CTS","14:06:36",25.8,-0.8,500,2276900,"S"
"CTS","14:06:30",25.8,-0.8,2000,2276400,"S"
"CTS","14:06:29",25.8,-0.8,200,2274400,"S"
"CTS","14:06:21",25.8,-0.8,1000,2274200,"S"
"CTS","14:06:20",25.75,-0.85,2000,2273200,"B"
"CTS","14:06:17",25.75,-0.85,2700,2271200,"S"
"CTS","14:06:16",25.75,-0.85,300,2268500,"S"
"CTS","14:06:12",25.75,-0.85,3000,2268200,"S"
"CTS","14:06:07",25.75,-0.85,2400,2265200,"S"
"CTS","14:06:01",25.75,-0.85,100,2262800,"S"
"CTS","14:05:57",25.75,-0.85,1000,2262700,"S"
"CTS","14:05:55",25.75,-0.85,1000,2261700,"S"
"CTS","14:05:49",25.75,-0.85,100,2260700,"S"
"CTS","14:05:46",25.75,-0.85,2000,2260600,"S"
"CTS","14:05:42",25.7,-0.9,700,2258600,"S"
"CTS","14:05:39",25.7,-0.9,1500,2257900,"S"
"CTS","14:05:38",25.7,-0.9,100,2256400,"S"
"CTS","14:05:37",25.7,-0.9,4000,2256300,"S"
"CTS","14:05:35",25.7,-0.9,2200,2252300,"S"
"CTS","14:05:31",25.7,-0.9,3000,2250100,"S"
"CTS","14:05:28",25.7,-0.9,2000,2247100,"S"
"CTS","14:05:27",25.7,-0.9,1000,2245100,"S"
"CTS","14:05:23",25.7,-0.9,5700,2244100,"S"
"CTS","14:05:17",25.7,-0.9,1600,2238400,"S"
"CTS","14:05:13",25.7,-0.9,3000,2236800,"S"
"CTS","14:05:09",25.7,-0.9,1000,2233800,"S"
"CTS","14:05:09",25.7,-0.9,2000,2232800,"S"
"CTS","14:04:59",25.7,-0.9,1000,2230800,"S"
"CTS","14:04:48",25.65,-0.95,4600,2229800,"S"
"CTS","14:04:48",25.6,-1,400,2225200,"S"
"CTS","14:04:47",25.6,-1,600,2224800,"B"
"CTS","14:04:47",25.65,-0.95,1000,2224200,"S"
"CTS","14:04:42",25.6,-1,200,2223200,"B"
"CTS","14:04:40",25.6,-1,200,2223000,"B"
"CTS","14:04:30",25.5,-1.1,5900,2222800,"B"
"CTS","14:04:30",25.55,-1.05,10100,2216900,"B"
"CTS","14:04:30",25.6,-1,4700,2206800,"B"
"CTS","14:04:29",25.6,-1,2300,2202100,"S"
"CTS","14:04:28",25.6,-1,500,2199800,"S"
"CTS","14:04:19",25.6,-1,2000,2199300,"S"
"CTS","14:04:17",25.6,-1,200,2197300,"B"
"CTS","14:04:12",25.5,-1.1,4800,2197100,"B"
"CTS","14:04:12",25.55,-1.05,7900,2192300,"B"
"CTS","14:04:12",25.6,-1,1300,2184400,"B"
"CTS","14:04:10",25.65,-0.95,2000,2183100,"S"
"CTS","14:04:10",25.6,-1,3700,2181100,"S"
"CTS","14:04:08",25.6,-1,1000,2177400,"S"
"CTS","14:04:05",25.6,-1,2000,2176400,"S"
"CTS","14:04:04",25.6,-1,100,2174400,"S"
"CTS","14:04:03",25.6,-1,3000,2174300,"B"
"CTS","14:03:59",25.6,-1,100,2171300,"B"
"CTS","14:03:56",25.6,-1,200,2171200,"B"
"CTS","14:03:54",25.6,-1,600,2171000,"B"
"CTS","14:03:49",25.6,-1,100,2170400,"B"
"CTS","14:03:39",25.6,-1,100,2170300,"B"
"CTS","14:03:28",25.6,-1,800,2170200,"S"
"CTS","14:03:23",25.6,-1,200,2169400,"S"
"CTS","14:03:22",25.55,-1.05,5800,2169200,"B"
"CTS","14:03:19",25.55,-1.05,5000,2163400,"B"
"CTS","14:03:16",25.55,-1.05,3000,2158400,"B"
"CTS","14:03:12",25.55,-1.05,5000,2155400,"B"
"CTS","14:03:10",25.6,-1,500,2150400,"S"
"CTS","14:03:09",25.6,-1,100,2149900,"S"
"CTS","14:03:04",25.6,-1,1800,2149800,"B"
"CTS","14:02:55",25.65,-0.95,500,2148000,"S"
"CTS","14:02:43",25.6,-1,4000,2147500,"B"
"CTS","14:02:38",25.65,-0.95,100,2143500,"B"
"CTS","14:02:28",25.65,-0.95,2000,2143400,"B"
"CTS","14:02:21",25.65,-0.95,1000,2141400,"B"
"CTS","14:02:11",25.7,-0.9,10100,2140400,"B"
"CTS","14:01:47",25.7,-0.9,500,2130300,"B"
"CTS","14:01:43",25.75,-0.85,400,2129800,"S"
"CTS","14:01:37",25.7,-0.9,500,2129400,"B"
"CTS","14:01:27",25.75,-0.85,1800,2128900,"B"
"CTS","14:01:12",25.75,-0.85,400,2127100,"B"
"CTS","14:00:56",25.8,-0.8,100,2126700,"S"
"CTS","14:00:47",25.8,-0.8,3100,2126600,"B"
"CTS","14:00:38",25.85,-0.75,1000,2123500,"S"
"CTS","14:00:37",25.8,-0.8,10000,2122500,"B"
"CTS","14:00:34",25.8,-0.8,5000,2112500,"B"
"CTS","14:00:34",25.85,-0.75,200,2107500,"S"
"CTS","14:00:08",25.85,-0.75,100,2107300,"S"
"CTS","14:00:04",25.85,-0.75,200,2107200,"S"
"CTS","13:59:50",25.85,-0.75,100,2107000,"B"
"CTS","13:59:49",25.85,-0.75,500,2106900,"B"
"CTS","13:59:47",25.9,-0.7,200,2106400,"S"
"CTS","13:59:39",25.85,-0.75,700,2106200,"B"
"CTS","13:59:31",25.85,-0.75,200,2105500,"B"
"CTS","13:59:27",25.95,-0.65,500,2105300,"B"
"CTS","13:59:16",25.9,-0.7,500,2104800,"B"
"CTS","13:59:16",25.95,-0.65,500,2104300,"B"
"CTS","13:59:06",26,-0.6,9300,2103800,"B"
"CTS","13:58:59",26,-0.6,1000,2094500,"B"
"CTS","13:58:56",26,-0.6,15500,2093500,"B"
"CTS","13:58:56",26.05,-0.55,5000,2078000,"S"
"CTS","13:58:41",26.05,-0.55,500,2073000,"B"
"CTS","13:58:31",26,-0.6,3700,2072500,"B"
"CTS","13:58:23",26,-0.6,1900,2068800,"B"
"CTS","13:58:23",26.1,-0.5,3700,2066900,"B"
"CTS","13:58:20",26.1,-0.5,3100,2063200,"S"
"CTS","13:58:16",26.15,-0.45,400,2060100,"S"
"CTS","13:58:06",26,-0.6,1900,2059700,"B"
"CTS","13:58:06",26.05,-0.55,3100,2057800,"B"
"CTS","13:58:06",26.1,-0.5,8500,2054700,"B"
"CTS","13:58:06",26.15,-0.45,400,2046200,"B"
"CTS","13:58:05",26.15,-0.45,4500,2045800,"B"
"CTS","13:58:04",26.15,-0.45,200,2041300,"B"
"CTS","13:58:02",26.2,-0.4,1400,2041100,"S"
"CTS","13:57:59",26.15,-0.45,1100,2039700,"B"
"CTS","13:57:59",26.2,-0.4,2000,2038600,"S"
"CTS","13:57:57",26.15,-0.45,1700,2036600,"B"
"CTS","13:57:45",26.2,-0.4,500,2034900,"S"
"CTS","13:57:41",26.2,-0.4,200,2034400,"S"
"CTS","13:57:35",26.2,-0.4,2600,2034200,"S"
"CTS","13:57:25",26.15,-0.45,100,2031600,"B"
"CTS","13:57:19",26.15,-0.45,4700,2031500,"S"
"CTS","13:57:14",26.15,-0.45,200,2026800,"S"
"CTS","13:57:10",26.15,-0.45,500,2026600,"S"
"CTS","13:56:52",26.15,-0.45,200,2026100,"S"
"CTS","13:56:49",26.15,-0.45,1000,2025900,"S"
"CTS","13:56:45",26.15,-0.45,100,2024900,"S"
"CTS","13:56:44",26.1,-0.5,1000,2024800,"B"
"CTS","13:56:39",26.15,-0.45,1000,2023800,"S"
"CTS","13:56:35",26.1,-0.5,7000,2022800,"B"
"CTS","13:56:22",26.1,-0.5,100,2015800,"B"
"CTS","13:56:21",26.1,-0.5,100,2015700,"B"
"CTS","13:56:19",26.1,-0.5,500,2015600,"B"
"CTS","13:56:12",26.1,-0.5,2000,2015100,"S"
"CTS","13:56:12",26.05,-0.55,2900,2013100,"S"
"CTS","13:56:04",26,-0.6,2200,2010200,"S"
"CTS","13:56:03",26,-0.6,2400,2008000,"S"
"CTS","13:56:02",26,-0.6,1000,2005600,"S"
"CTS","13:55:41",25.9,-0.7,400,2004600,"S"
"CTS","13:55:40",25.9,-0.7,400,2004200,"S"
"CTS","13:55:32",25.9,-0.7,300,2003800,"S"
"CTS","13:55:22",25.85,-0.75,100,2003500,"B"
"CTS","13:55:21",25.85,-0.75,6700,2003400,"S"
"CTS","13:55:20",25.85,-0.75,1000,1996700,"S"
"CTS","13:55:19",25.8,-0.8,1000,1995700,"B"
"CTS","13:55:18",25.85,-0.75,400,1994700,"S"
"CTS","13:55:17",25.85,-0.75,500,1994300,"S"
"CTS","13:55:17",25.85,-0.75,500,1993800,"S"
"CTS","13:55:16",25.85,-0.75,100,1993300,"S"
"CTS","13:55:14",25.85,-0.75,500,1993200,"S"
"CTS","13:55:14",25.85,-0.75,100,1992700,"S"
"CTS","13:55:04",25.85,-0.75,400,1992600,"S"
"CTS","13:55:04",25.8,-0.8,600,1992200,"S"
"CTS","13:55:03",25.8,-0.8,1400,1991600,"S"
"CTS","13:55:02",25.8,-0.8,3200,1990200,"S"
"CTS","13:55:00",25.8,-0.8,11400,1987000,"B"
"CTS","13:54:55",25.8,-0.8,400,1975600,"S"
"CTS","13:54:51",25.8,-0.8,500,1975200,"S"
"CTS","13:54:49",25.8,-0.8,400,1974700,"S"
"CTS","13:54:47",25.8,-0.8,500,1974300,"S"
"CTS","13:54:44",25.75,-0.85,100,1973800,"S"
"CTS","13:54:37",25.7,-0.9,1000,1973700,"B"
"CTS","13:54:32",25.7,-0.9,500,1972700,"S"
"CTS","13:54:27",25.7,-0.9,200,1972200,"S"
"CTS","13:54:24",25.7,-0.9,500,1972000,"S"
"CTS","13:54:21",25.7,-0.9,200,1971500,"S"
"CTS","13:54:19",25.7,-0.9,300,1971300,"S"
"CTS","13:54:16",25.7,-0.9,800,1971000,"S"
"CTS","13:54:15",25.7,-0.9,300,1970200,"S"
"CTS","13:54:11",25.65,-0.95,1000,1969900,"B"
"CTS","13:54:08",25.7,-0.9,3000,1968900,"S"
"CTS","13:54:06",25.65,-0.95,10000,1965900,"B"
"CTS","13:53:59",25.65,-0.95,100,1955900,"B"
"CTS","13:53:55",25.65,-0.95,100,1955800,"B"
"CTS","13:53:54",25.65,-0.95,200,1955700,"B"
"CTS","13:53:52",25.65,-0.95,200,1955500,"B"
"CTS","13:53:49",25.65,-0.95,500,1955300,"S"
"CTS","13:53:45",25.65,-0.95,200,1954800,"S"
"CTS","13:53:41",25.65,-0.95,500,1954600,"S"
"CTS","13:53:38",25.6,-1,2000,1954100,"B"
"CTS","13:53:38",25.6,-1,1000,1952100,"B"
"CTS","13:53:34",25.6,-1,4900,1951100,"S"
"CTS","13:53:31",25.6,-1,1200,1946200,"S"
"CTS","13:53:31",25.6,-1,5000,1945000,"S"
"CTS","13:53:28",25.6,-1,5000,1940000,"S"
"CTS","13:53:25",25.6,-1,10000,1935000,"S"
"CTS","13:53:25",25.55,-1.05,800,1925000,"B"
"CTS","13:53:23",25.6,-1,1500,1924200,"S"
"CTS","13:53:19",25.6,-1,20000,1922700,"S"
"CTS","13:53:17",25.55,-1.05,600,1902700,"B"
"CTS","13:53:16",25.55,-1.05,100,1902100,"B"
"CTS","13:53:15",25.55,-1.05,6000,1902000,"B"
"CTS","13:53:11",25.6,-1,1800,1896000,"S"
"CTS","13:53:08",25.6,-1,300,1894200,"S"
"CTS","13:52:56",25.6,-1,500,1893900,"S"
"CTS","13:52:49",25.6,-1,1300,1893400,"S"
"CTS","13:52:48",25.6,-1,100,1892100,"S"
"CTS","13:52:45",25.6,-1,500,1892000,"S"
"CTS","13:52:42",25.6,-1,3000,1891500,"S"
"CTS","13:52:24",25.55,-1.05,2000,1888500,"B"
"CTS","13:52:23",25.6,-1,900,1886500,"S"
"CTS","13:52:22",25.55,-1.05,3100,1885600,"B"
"CTS","13:52:20",25.55,-1.05,300,1882500,"B"
"CTS","13:52:05",25.55,-1.05,5000,1882200,"B"
"CTS","13:52:02",25.55,-1.05,600,1877200,"B"
"CTS","13:52:00",25.55,-1.05,8000,1876600,"B"
"CTS","13:51:55",25.55,-1.05,1000,1868600,"B"
"CTS","13:51:53",25.55,-1.05,500,1867600,"B"
"CTS","13:51:52",25.6,-1,3100,1867100,"S"
"CTS","13:51:47",25.55,-1.05,1000,1864000,"B"
"CTS","13:51:44",25.55,-1.05,1000,1863000,"B"
"CTS","13:51:39",25.55,-1.05,1400,1862000,"B"
"CTS","13:51:38",25.55,-1.05,1000,1860600,"B"
"CTS","13:51:37",25.55,-1.05,700,1859600,"B"
"CTS","13:51:29",25.55,-1.05,17000,1858900,"B"
"CTS","13:51:25",25.6,-1,7500,1841900,"B"
"CTS","13:51:24",25.65,-0.95,2000,1834400,"S"
"CTS","13:51:19",25.6,-1,6000,1832400,"B"
"CTS","13:51:18",25.65,-0.95,1000,1826400,"S"
"CTS","13:51:17",25.6,-1,200,1825400,"B"
"CTS","13:51:10",25.6,-1,11000,1825200,"B"
"CTS","13:51:09",25.6,-1,500,1814200,"B"
"CTS","13:51:07",25.6,-1,3300,1813700,"B"
"CTS","13:51:01",25.65,-0.95,1000,1810400,"S"
"CTS","13:50:57",25.65,-0.95,1000,1809400,"S"
"CTS","13:50:43",25.65,-0.95,100,1808400,"S"
"CTS","13:50:39",25.6,-1,1800,1808300,"B"
"CTS","13:50:33",25.6,-1,1800,1806500,"B"
"CTS","13:50:29",25.65,-0.95,700,1804700,"S"
"CTS","13:50:26",25.6,-1,1000,1804000,"B"
"CTS","13:50:23",25.65,-0.95,1000,1803000,"S"
"CTS","13:50:19",25.65,-0.95,1000,1802000,"S"
"CTS","13:50:11",25.6,-1,2700,1801000,"B"
"CTS","13:50:10",25.6,-1,300,1798300,"B"
"CTS","13:50:08",25.6,-1,200,1798000,"B"
"CTS","13:49:59",25.6,-1,1000,1797800,"B"
"CTS","13:49:58",25.6,-1,300,1796800,"B"
"CTS","13:49:56",25.6,-1,500,1796500,"B"
"CTS","13:49:49",25.6,-1,3000,1796000,"B"
"CTS","13:49:44",25.6,-1,600,1793000,"B"
"CTS","13:49:40",25.6,-1,700,1792400,"B"
"CTS","13:49:38",25.65,-0.95,1000,1791700,"S"
"CTS","13:49:37",25.6,-1,7000,1790700,"B"
"CTS","13:49:33",25.6,-1,2000,1783700,"B"
"CTS","13:49:31",25.65,-0.95,1400,1781700,"B"
"CTS","13:49:25",25.65,-0.95,1000,1780300,"B"
"CTS","13:49:23",25.7,-0.9,13800,1779300,"B"
"CTS","13:49:23",25.75,-0.85,11100,1765500,"B"
"CTS","13:49:20",25.75,-0.85,3000,1754400,"B"
"CTS","13:49:19",25.75,-0.85,1000,1751400,"S"
"CTS","13:49:18",25.75,-0.85,17500,1750400,"B"
"CTS","13:49:07",25.75,-0.85,5000,1732900,"B"
"CTS","13:49:03",25.75,-0.85,5000,1727900,"B"
"CTS","13:48:53",25.75,-0.85,2800,1722900,"S"
"CTS","13:48:52",25.7,-0.9,5000,1720100,"B"
"CTS","13:48:41",25.75,-0.85,5700,1715100,"B"
"CTS","13:48:15",25.75,-0.85,3000,1709400,"B"
"CTS","13:48:15",25.75,-0.85,10700,1706400,"B"
"CTS","13:48:14",25.75,-0.85,2300,1695700,"B"
"CTS","13:48:14",25.8,-0.8,27000,1693400,"B"
"CTS","13:48:04",25.85,-0.75,1000,1666400,"S"
"CTS","13:48:03",25.8,-0.8,2500,1665400,"B"
"CTS","13:47:56",25.8,-0.8,200,1662900,"B"
"CTS","13:47:51",25.85,-0.75,500,1662700,"S"
"CTS","13:47:46",25.8,-0.8,2600,1662200,"B"
"CTS","13:47:42",25.8,-0.8,200,1659600,"B"
"CTS","13:47:41",25.8,-0.8,3000,1659400,"B"
"CTS","13:47:37",25.8,-0.8,500,1656400,"B"
"CTS","13:47:30",25.8,-0.8,2000,1655900,"B"
"CTS","13:47:28",25.8,-0.8,3000,1653900,"B"
"CTS","13:47:25",25.8,-0.8,2000,1650900,"B"
"CTS","13:47:19",25.85,-0.75,2000,1648900,"S"
"CTS","13:47:17",25.8,-0.8,200,1646900,"B"
"CTS","13:47:15",25.85,-0.75,1000,1646700,"S"
"CTS","13:47:09",25.85,-0.75,500,1645700,"S"
"CTS","13:47:03",25.8,-0.8,25000,1645200,"B"
"CTS","13:47:02",25.85,-0.75,500,1620200,"B"
"CTS","13:46:59",25.8,-0.8,6000,1619700,"B"
"CTS","13:46:58",25.8,-0.8,8800,1613700,"B"
"CTS","13:46:56",25.85,-0.75,3000,1603700,"B"
"CTS","13:46:51",25.85,-0.75,2000,1600700,"B"
"CTS","13:46:42",25.85,-0.75,3000,1598700,"B"
"CTS","13:46:39",25.9,-0.7,2500,1595700,"S"
"CTS","13:46:31",25.9,-0.7,5800,1593200,"B"
"CTS","13:46:30",25.95,-0.65,300,1587400,"S"
"CTS","13:46:28",25.9,-0.7,10000,1587100,"B"
"CTS","13:46:21",25.9,-0.7,1000,1577100,"B"
"CTS","13:46:12",25.9,-0.7,3000,1576100,"B"
"CTS","13:46:00",25.9,-0.7,3500,1573100,"B"
"CTS","13:45:53",25.9,-0.7,4000,1569600,"B"
"CTS","13:45:51",25.95,-0.65,100,1565600,"S"
"CTS","13:45:51",25.9,-0.7,2600,1565500,"B"
"CTS","13:45:06",25.95,-0.65,1000,1562900,"S"
"CTS","13:44:53",25.95,-0.65,100,1561900,"S"
"CTS","13:44:52",25.95,-0.65,100,1561800,"S"
"CTS","13:44:47",25.95,-0.65,4400,1561700,"B"
"CTS","13:44:00",25.95,-0.65,1600,1557300,"B"
"CTS","13:43:51",25.95,-0.65,200,1555700,"B"
"CTS","13:43:41",25.95,-0.65,500,1555500,"B"
"CTS","13:43:37",25.95,-0.65,500,1555000,"S"
"CTS","13:43:25",25.95,-0.65,2000,1554500,"S"
"CTS","13:43:24",25.95,-0.65,500,1552500,"S"
"CTS","13:43:17",25.9,-0.7,600,1552000,"B"
"CTS","13:43:17",25.95,-0.65,3100,1551400,"B"
"CTS","13:42:43",25.95,-0.65,500,1548300,"B"
"CTS","13:42:36",25.95,-0.65,2000,1547800,"B"
"CTS","13:42:10",25.95,-0.65,1000,1545800,"B"
"CTS","13:42:08",25.95,-0.65,400,1544800,"B"
"CTS","13:41:59",25.9,-0.7,1800,1544400,"B"
"CTS","13:41:59",25.95,-0.65,200,1542600,"B"
"CTS","13:41:50",25.95,-0.65,100,1542400,"B"
"CTS","13:41:49",25.95,-0.65,1700,1542300,"S"
"CTS","13:41:48",25.95,-0.65,200,1540600,"S"
"CTS","13:41:45",25.9,-0.7,1000,1540400,"B"
"CTS","13:41:36",25.9,-0.7,1500,1539400,"B"
"CTS","13:41:28",25.9,-0.7,3200,1537900,"B"
"CTS","13:41:28",25.95,-0.65,5800,1534700,"B"
"CTS","13:41:25",25.95,-0.65,100,1528900,"B"
"CTS","13:41:24",25.95,-0.65,2000,1528800,"B"
"CTS","13:41:19",26,-0.6,500,1526800,"S"
"CTS","13:40:26",25.95,-0.65,200,1526300,"S"
"CTS","13:40:19",25.95,-0.65,1800,1526100,"B"
"CTS","13:40:11",26,-0.6,100,1524300,"S"
"CTS","13:39:41",26,-0.6,5000,1524200,"S"
"CTS","13:39:36",26,-0.6,100,1519200,"S"
"CTS","13:39:33",25.9,-0.7,9100,1519100,"B"
"CTS","13:39:33",25.95,-0.65,10900,1510000,"B"
"CTS","13:39:17",26,-0.6,1100,1499100,"S"
"CTS","13:38:51",26,-0.6,500,1498000,"S"
"CTS","13:38:50",25.95,-0.65,500,1497500,"B"
"CTS","13:38:28",25.95,-0.65,500,1497000,"B"
"CTS","13:38:17",25.95,-0.65,1500,1496500,"B"
"CTS","13:38:15",26,-0.6,800,1495000,"S"
"CTS","13:38:12",25.95,-0.65,800,1494200,"S"
"CTS","13:37:51",25.95,-0.65,2300,1493400,"S"
"CTS","13:37:38",25.95,-0.65,5900,1491100,"B"
"CTS","13:37:31",26,-0.6,500,1485200,"S"
"CTS","13:37:16",26,-0.6,1000,1484700,"S"
"CTS","13:37:14",25.95,-0.65,5000,1483700,"B"
"CTS","13:36:58",26,-0.6,2200,1478700,"B"
"CTS","13:36:54",26,-0.6,1000,1476500,"B"
"CTS","13:36:50",26,-0.6,500,1475500,"B"
"CTS","13:36:49",26,-0.6,4200,1475000,"B"
"CTS","13:36:44",26,-0.6,10000,1470800,"B"
"CTS","13:36:26",26,-0.6,100,1460800,"B"
"CTS","13:36:07",26,-0.6,700,1460700,"B"
"CTS","13:35:54",26,-0.6,2100,1460000,"B"
"CTS","13:35:33",26,-0.6,500,1457900,"B"
"CTS","13:35:32",26,-0.6,200,1457400,"B"
"CTS","13:35:25",26.05,-0.55,4000,1457200,"S"
"CTS","13:35:16",26,-0.6,3600,1453200,"B"
"CTS","13:35:15",26,-0.6,13600,1449600,"B"
"CTS","13:35:08",26.05,-0.55,4600,1436000,"B"
"CTS","13:34:45",26.1,-0.5,1000,1431400,"S"
"CTS","13:34:29",26.1,-0.5,1000,1430400,"B"
"CTS","13:34:08",26.1,-0.5,3000,1429400,"B"
"CTS","13:33:43",26.1,-0.5,3200,1426400,"B"
"CTS","13:33:40",26.15,-0.45,500,1423200,"S"
"CTS","13:33:38",26.1,-0.5,800,1422700,"B"
"CTS","13:33:29",26.1,-0.5,2500,1421900,"S"
"CTS","13:33:27",26.1,-0.5,3500,1419400,"B"
"CTS","13:33:22",26.15,-0.45,800,1415900,"S"
"CTS","13:33:21",26.15,-0.45,800,1415100,"B"
"CTS","13:33:13",26.15,-0.45,3000,1414300,"B"
"CTS","13:32:28",26.15,-0.45,5000,1411300,"B"
"CTS","13:32:21",26.2,-0.4,10000,1406300,"S"
"CTS","13:32:14",26.15,-0.45,3900,1396300,"B"
"CTS","13:31:52",26.15,-0.45,9300,1392400,"S"
"CTS","13:31:34",26.15,-0.45,1000,1383100,"S"
"CTS","13:31:21",26.15,-0.45,2700,1382100,"B"
"CTS","13:31:17",26.15,-0.45,500,1379400,"B"
"CTS","13:31:07",26.2,-0.4,400,1378900,"B"
"CTS","13:30:57",26.2,-0.4,9600,1378500,"S"
"CTS","13:30:57",26.15,-0.45,200,1368900,"S"
"CTS","13:30:52",26.15,-0.45,500,1368700,"S"
"CTS","13:30:36",26.15,-0.45,200,1368200,"S"
"CTS","13:30:27",26,-0.6,300,1368000,"B"
"CTS","13:29:59",26,-0.6,900,1367700,"B"
"CTS","13:29:59",26.05,-0.55,400,1366800,"B"
"CTS","13:29:59",26.1,-0.5,700,1366400,"B"
"CTS","13:29:58",26.15,-0.45,1000,1365700,"S"
"CTS","13:29:52",26.15,-0.45,1000,1364700,"B"
"CTS","13:29:41",26.2,-0.4,1000,1363700,"S"
"CTS","13:29:32",26.2,-0.4,21900,1362700,"B"
"CTS","13:29:15",26.2,-0.4,1000,1340800,"B"
"CTS","13:29:10",26.2,-0.4,100,1339800,"S"
"CTS","13:28:44",26.2,-0.4,2000,1339700,"S"
"CTS","13:28:33",26.15,-0.45,1000,1337700,"B"
"CTS","13:28:32",26.15,-0.45,100,1336700,"S"
"CTS","13:28:20",26.15,-0.45,500,1336600,"S"
"CTS","13:28:05",26.1,-0.5,3300,1336100,"S"
"CTS","13:28:05",26.05,-0.55,1100,1332800,"S"
"CTS","13:28:04",26.05,-0.55,1000,1331700,"S"
"CTS","13:27:59",26.05,-0.55,3000,1330700,"S"
"CTS","13:27:42",26,-0.6,3000,1327700,"B"
"CTS","13:27:40",25.95,-0.65,1000,1324700,"S"
"CTS","13:27:39",25.95,-0.65,2800,1323700,"B"
"CTS","13:27:39",26,-0.6,300,1320900,"B"
"CTS","13:27:35",26,-0.6,1000,1320600,"B"
"CTS","13:27:27",26,-0.6,3300,1319600,"S"
"CTS","13:27:26",26,-0.6,200,1316300,"S"
"CTS","13:27:25",25.95,-0.65,700,1316100,"B"
"CTS","13:27:24",26,-0.6,200,1315400,"S"
"CTS","13:27:23",26,-0.6,500,1315200,"S"
"CTS","13:27:19",26,-0.6,2000,1314700,"S"
"CTS","13:27:00",26,-0.6,1300,1312700,"S"
"CTS","13:26:54",25.95,-0.65,2000,1311400,"S"
"CTS","13:26:52",25.9,-0.7,2000,1309400,"B"
"CTS","13:26:52",25.95,-0.65,1000,1307400,"S"
"CTS","13:26:50",25.9,-0.7,100,1306400,"B"
"CTS","13:26:44",25.95,-0.65,100,1306300,"S"
"CTS","13:26:44",25.95,-0.65,100,1306200,"S"
"CTS","13:26:38",25.9,-0.7,1000,1306100,"B"
"CTS","13:26:38",25.95,-0.65,200,1305100,"S"
"CTS","13:26:29",25.95,-0.65,100,1304900,"B"
"CTS","13:26:28",25.95,-0.65,400,1304800,"S"
"CTS","13:26:24",25.95,-0.65,500,1304400,"S"
"CTS","13:26:21",25.9,-0.7,20000,1303900,"B"
"CTS","13:26:16",25.95,-0.65,100,1283900,"S"
"CTS","13:26:14",25.95,-0.65,500,1283800,"S"
"CTS","13:26:09",25.95,-0.65,100,1283300,"S"
"CTS","13:26:00",25.95,-0.65,300,1283200,"B"
"CTS","13:25:49",26,-0.6,900,1282900,"B"
"CTS","13:25:48",26,-0.6,2000,1282000,"B"
"CTS","13:25:47",26,-0.6,2000,1280000,"B"
"CTS","13:25:46",26,-0.6,200,1278000,"B"
"CTS","13:25:43",26,-0.6,10100,1277800,"B"
"CTS","13:25:40",26,-0.6,8000,1267700,"B"
"CTS","13:25:35",26,-0.6,20000,1259700,"B"
"CTS","13:25:28",26,-0.6,500,1239700,"B"
"CTS","13:25:19",26,-0.6,30000,1239200,"B"
"CTS","13:25:18",26.05,-0.55,100,1209200,"S"
"CTS","13:25:15",26,-0.6,100,1209100,"B"
"CTS","13:25:15",26,-0.6,400,1209000,"B"
"CTS","13:25:09",26,-0.6,5000,1208600,"B"
"CTS","13:25:06",26,-0.6,300,1203600,"B"
"CTS","13:25:04",26,-0.6,2000,1203300,"B"
"CTS","13:24:57",26,-0.6,2000,1201300,"B"
"CTS","13:24:52",26.05,-0.55,100,1199300,"S"
"CTS","13:24:50",26.05,-0.55,2200,1199200,"B"
"CTS","13:24:47",26.05,-0.55,1000,1197000,"B"
"CTS","13:24:46",26.05,-0.55,3200,1196000,"B"
"CTS","13:24:45",26.05,-0.55,1000,1192800,"B"
"CTS","13:24:37",26.05,-0.55,2500,1191800,"B"
"CTS","13:24:36",26.05,-0.55,1000,1189300,"B"
"CTS","13:24:28",26.05,-0.55,1000,1188300,"B"
"CTS","13:24:26",26.05,-0.55,3500,1187300,"B"
"CTS","13:24:25",26.05,-0.55,1000,1183800,"B"
"CTS","13:24:21",26.05,-0.55,600,1182800,"B"
"CTS","13:24:20",26.05,-0.55,1000,1182200,"B"
"CTS","13:24:16",26.05,-0.55,300,1181200,"B"
"CTS","13:24:13",26.05,-0.55,1000,1180900,"B"
"CTS","13:24:12",26.05,-0.55,800,1179900,"B"
"CTS","13:24:11",26.05,-0.55,5000,1179100,"B"
"CTS","13:24:03",26.1,-0.5,2900,1174100,"B"
"CTS","13:24:00",26.1,-0.5,100,1171200,"B"
"CTS","13:23:58",26.1,-0.5,12800,1171100,"B"
"CTS","13:23:53",26.1,-0.5,100,1158300,"B"
"CTS","13:23:53",26.1,-0.5,9600,1158200,"B"
"CTS","13:23:48",26.1,-0.5,1000,1148600,"B"
"CTS","13:23:47",26.1,-0.5,800,1147600,"B"
"CTS","13:23:38",26.1,-0.5,200,1146800,"B"
"CTS","13:23:37",26.1,-0.5,400,1146600,"B"
"CTS","13:23:19",26.15,-0.45,29200,1146200,"B"
"CTS","13:23:17",26.15,-0.45,300,1117000,"B"
"CTS","13:23:15",26.15,-0.45,3000,1116700,"B"
"CTS","13:23:14",26.15,-0.45,2000,1113700,"B"
"CTS","13:23:13",26.15,-0.45,2000,1111700,"B"
"CTS","13:23:06",26.15,-0.45,500,1109700,"B"
"CTS","13:23:02",26.15,-0.45,400,1109200,"B"
"CTS","13:22:49",26.15,-0.45,4700,1108800,"B"
"CTS","13:22:41",26.15,-0.45,1200,1104100,"B"
"CTS","13:22:35",26.15,-0.45,5000,1102900,"B"
"CTS","13:22:28",26.15,-0.45,5000,1097900,"B"
"CTS","13:22:10",26.2,-0.4,100,1092900,"S"
"CTS","13:22:06",26.2,-0.4,1000,1092800,"S"
"CTS","13:21:46",26.2,-0.4,1900,1091800,"B"
"CTS","13:21:36",26.2,-0.4,2000,1089900,"B"
"CTS","13:21:09",26.2,-0.4,500,1087900,"B"
"CTS","13:21:02",26.25,-0.35,300,1087400,"S"
"CTS","13:20:57",26.2,-0.4,8400,1087100,"B"
"CTS","13:20:19",26.2,-0.4,20000,1078700,"B"
"CTS","13:19:52",26.25,-0.35,300,1058700,"S"
"CTS","13:19:27",26.25,-0.35,800,1058400,"S"
"CTS","13:19:14",26.25,-0.35,500,1057600,"S"
"CTS","13:19:13",26.25,-0.35,5700,1057100,"B"
"CTS","13:18:50",26.25,-0.35,200,1051400,"B"
"CTS","13:18:49",26.25,-0.35,2000,1051200,"B"
"CTS","13:18:38",26.25,-0.35,1000,1049200,"B"
"CTS","13:17:56",26.25,-0.35,2400,1048200,"B"
"CTS","13:17:44",26.25,-0.35,3000,1045800,"B"
"CTS","13:17:19",26.25,-0.35,1000,1042800,"B"
"CTS","13:16:24",26.3,-0.3,1600,1041800,"B"
"CTS","13:16:20",26.3,-0.3,3000,1040200,"B"
"CTS","13:16:05",26.3,-0.3,3000,1037200,"B"
"CTS","13:16:00",26.3,-0.3,2400,1034200,"S"
"CTS","13:15:55",26.2,-0.4,500,1031800,"B"
"CTS","13:15:55",26.25,-0.35,500,1031300,"B"
"CTS","13:15:55",26.3,-0.3,3500,1030800,"B"
"CTS","13:15:48",26.3,-0.3,7500,1027300,"S"
"CTS","13:15:43",26.2,-0.4,4400,1019800,"B"
"CTS","13:15:43",26.25,-0.35,3200,1015400,"B"
"CTS","13:15:42",26.25,-0.35,2400,1012200,"B"
"CTS","13:15:39",26.25,-0.35,1000,1009800,"B"
"CTS","13:14:24",26.3,-0.3,2000,1008800,"S"
"CTS","13:14:21",26.25,-0.35,1000,1006800,"B"
"CTS","13:14:18",26.25,-0.35,600,1005800,"B"
"CTS","13:14:04",26.25,-0.35,1000,1005200,"S"
"CTS","13:14:01",26.25,-0.35,6800,1004200,"S"
"CTS","13:13:49",26.25,-0.35,2000,997400,"S"
"CTS","13:13:40",26.2,-0.4,500,995400,"B"
"CTS","13:13:27",26.25,-0.35,100,994900,"S"
"CTS","13:13:19",26.25,-0.35,3000,994800,"S"
"CTS","13:13:15",26.25,-0.35,400,991800,"S"
"CTS","13:13:13",26.25,-0.35,1000,991400,"S"
"CTS","13:13:06",26.25,-0.35,3000,990400,"S"
"CTS","13:12:53",26.25,-0.35,100,987400,"S"
"CTS","13:12:26",26.25,-0.35,100,987300,"S"
"CTS","13:12:18",26.2,-0.4,1000,987200,"B"
"CTS","13:12:13",26.25,-0.35,100,986200,"S"
"CTS","13:12:09",26.25,-0.35,100,986100,"S"
"CTS","13:12:03",26.25,-0.35,1000,986000,"S"
"CTS","13:12:03",26.2,-0.4,2800,985000,"B"
"CTS","13:12:01",26.25,-0.35,200,982200,"S"
"CTS","13:12:00",26.25,-0.35,100,982000,"S"
"CTS","13:11:56",26.25,-0.35,100,981900,"S"
"CTS","13:11:53",26.25,-0.35,4000,981800,"S"
"CTS","13:11:50",26.25,-0.35,3000,977800,"S"
"CTS","13:11:35",26.25,-0.35,100,974800,"S"
"CTS","13:11:34",26.25,-0.35,100,974700,"S"
"CTS","13:11:31",26.25,-0.35,2000,974600,"S"
"CTS","13:11:29",26.25,-0.35,5000,972600,"S"
"CTS","13:11:12",26.25,-0.35,1000,967600,"S"
"CTS","13:10:47",26.2,-0.4,2200,966600,"S"
"CTS","13:10:44",26.2,-0.4,1000,964400,"S"
"CTS","13:10:41",26.2,-0.4,2000,963400,"S"
"CTS","13:10:37",26.2,-0.4,500,961400,"S"
"CTS","13:10:35",26.2,-0.4,200,960900,"S"
"CTS","13:10:33",26.15,-0.45,1500,960700,"B"
"CTS","13:10:32",26.2,-0.4,1900,959200,"S"
"CTS","13:10:30",26.2,-0.4,1000,957300,"S"
"CTS","13:10:29",26.15,-0.45,400,956300,"B"
"CTS","13:10:28",26.2,-0.4,1200,955900,"S"
"CTS","13:10:25",26.2,-0.4,1700,954700,"S"
"CTS","13:10:23",26.2,-0.4,3000,953000,"S"
"CTS","13:10:20",26.2,-0.4,200,950000,"S"
"CTS","13:10:12",26.2,-0.4,200,949800,"S"
"CTS","13:10:10",26.2,-0.4,700,949600,"S"
"CTS","13:10:03",26.15,-0.45,3500,948900,"B"
"CTS","13:09:53",26.2,-0.4,1000,945400,"S"
"CTS","13:09:51",26.15,-0.45,500,944400,"B"
"CTS","13:09:33",26.15,-0.45,2100,943900,"B"
"CTS","13:09:24",26.2,-0.4,2800,941800,"S"
"CTS","13:08:58",26.2,-0.4,100,939000,"S"
"CTS","13:08:45",26.2,-0.4,1000,938900,"S"
"CTS","13:08:42",26.2,-0.4,5000,937900,"S"
"CTS","13:08:41",26.2,-0.4,900,932900,"S"
"CTS","13:08:37",26.2,-0.4,3000,932000,"S"
"CTS","13:07:35",26.2,-0.4,1300,929000,"S"
"CTS","13:07:32",26.2,-0.4,8700,927700,"B"
"CTS","13:07:30",26.2,-0.4,500,919000,"B"
"CTS","13:07:24",26.2,-0.4,1000,918500,"B"
"CTS","13:07:18",26.2,-0.4,200,917500,"B"
"CTS","13:07:00",26.2,-0.4,14900,917300,"B"
"CTS","13:06:57",26.2,-0.4,500,902400,"B"
"CTS","13:06:32",26.2,-0.4,1000,901900,"B"
"CTS","13:06:30",26.2,-0.4,200,900900,"S"
"CTS","13:06:29",26.2,-0.4,100,900700,"S"
"CTS","13:06:26",26.2,-0.4,3200,900600,"S"
"CTS","13:06:23",26.2,-0.4,1000,897400,"B"
"CTS","13:06:19",26.2,-0.4,1400,896400,"B"
"CTS","13:06:14",26.2,-0.4,5000,895000,"B"
"CTS","13:05:53",26.2,-0.4,200,890000,"B"
"CTS","13:05:50",26.2,-0.4,1500,889800,"S"
"CTS","13:05:47",26.2,-0.4,5000,888300,"S"
"CTS","13:05:43",26.2,-0.4,100,883300,"S"
"CTS","13:05:39",26.2,-0.4,5000,883200,"S"
"CTS","13:05:37",26.2,-0.4,800,878200,"S"
"CTS","13:05:35",26.2,-0.4,1000,877400,"S"
"CTS","13:05:22",26.2,-0.4,300,876400,"S"
"CTS","13:05:16",26.2,-0.4,200,876100,"S"
"CTS","13:05:15",26.2,-0.4,100,875900,"S"
"CTS","13:05:10",26.2,-0.4,18100,875800,"B"
"CTS","13:05:06",26.2,-0.4,1600,857700,"B"
"CTS","13:04:50",26.2,-0.4,17400,856100,"B"
"CTS","13:04:50",26.2,-0.4,33100,838700,"B"
"CTS","13:04:48",26.2,-0.4,4900,805600,"B"
"CTS","13:04:40",26.2,-0.4,6100,800700,"B"
"CTS","13:04:38",26.25,-0.35,500,794600,"S"
"CTS","13:04:16",26.2,-0.4,100,794100,"B"
"CTS","13:04:09",26.25,-0.35,2500,794000,"S"
"CTS","13:04:09",26.2,-0.4,100,791500,"B"
"CTS","13:04:00",26.2,-0.4,600,791400,"B"
"CTS","13:03:54",26.2,-0.4,4300,790800,"B"
"CTS","13:03:52",26.25,-0.35,10000,786500,"S"
"CTS","13:03:51",26.2,-0.4,100,776500,"B"
"CTS","13:03:44",26.2,-0.4,500,776400,"B"
"CTS","13:02:47",26.25,-0.35,3000,775900,"S"
"CTS","13:02:39",26.2,-0.4,10000,772900,"B"
"CTS","13:02:32",26.25,-0.35,100,762900,"S"
"CTS","13:02:29",26.25,-0.35,100,762800,"S"
"CTS","13:02:26",26.25,-0.35,4000,762700,"S"
"CTS","13:02:25",26.25,-0.35,300,758700,"S"
"CTS","13:02:24",26.25,-0.35,5800,758400,"S"
"CTS","13:02:15",26.25,-0.35,200,752600,"S"
"CTS","13:02:08",26.2,-0.4,5000,752400,"B"
"CTS","13:01:54",26.25,-0.35,3500,747400,"B"
"CTS","13:01:52",26.25,-0.35,5000,743900,"B"
"CTS","13:01:48",26.25,-0.35,1500,738900,"B"
"CTS","13:01:44",26.25,-0.35,1000,737400,"B"
"CTS","13:01:33",26.25,-0.35,2400,736400,"B"
"CTS","13:01:26",26.25,-0.35,1600,734000,"B"
"CTS","13:01:19",26.25,-0.35,300,732400,"B"
"CTS","13:01:07",26.25,-0.35,900,732100,"B"
"CTS","13:01:04",26.25,-0.35,300,731200,"B"
"CTS","13:00:52",26.25,-0.35,500,730900,"B"
"CTS","13:00:49",26.3,-0.3,9600,730400,"S"
"CTS","13:00:46",26.3,-0.3,200,720800,"S"
"CTS","13:00:37",26.3,-0.3,33600,720600,"B"
"CTS","13:00:35",26.3,-0.3,2500,687000,"B"
"CTS","13:00:25",26.35,-0.25,200,684500,"S"
"CTS","13:00:25",26.3,-0.3,4000,684300,"B"
"CTS","13:00:25",26.35,-0.25,4000,680300,"S"
"CTS","13:00:20",26.3,-0.3,500,676300,"B"
"CTS","13:00:16",26.3,-0.3,200,675800,"B"
"CTS","13:00:13",26.35,-0.25,500,675600,"S"
"CTS","13:00:10",26.35,-0.25,2200,675100,"B"
"CTS","13:00:06",26.35,-0.25,500,672900,"B"
"CTS","13:00:05",26.35,-0.25,600,672400,"B"
"CTS","13:00:04",26.35,-0.25,800,671800,"B"
"CTS","13:00:04",26.35,-0.25,8600,671000,"S"
"CTS","13:00:03",26.35,-0.25,100,662400,"S"
"CTS","13:00:03",26.3,-0.3,10000,662300,"B"
"CTS","13:00:03",26.35,-0.25,300,652300,"S"
"CTS","13:00:03",26.3,-0.3,19600,652000,"B"
"CTS","13:00:03",26.35,-0.25,2600,632400,"B"
"CTS","11:29:36",26.35,-0.25,5000,629800,"B"
"CTS","11:29:35",26.35,-0.25,300,624800,"B"
"CTS","11:29:16",26.35,-0.25,1000,624500,"B"
"CTS","11:28:57",26.35,-0.25,1800,623500,"B"
"CTS","11:28:57",26.4,-0.2,200,621700,"B"
"CTS","11:28:49",26.4,-0.2,800,621500,"S"
"CTS","11:28:27",26.4,-0.2,500,620700,"S"
"CTS","11:28:21",26.4,-0.2,1000,620200,"S"
"CTS","11:27:57",26.4,-0.2,100,619200,"S"
"CTS","11:27:48",26.4,-0.2,500,619100,"S"
"CTS","11:27:43",26.35,-0.25,3200,618600,"B"
"CTS","11:27:42",26.35,-0.25,2000,615400,"B"
"CTS","11:27:03",26.4,-0.2,1300,613400,"B"
"CTS","11:26:40",26.4,-0.2,2900,612100,"B"
"CTS","11:26:27",26.4,-0.2,5000,609200,"B"
"CTS","11:26:16",26.4,-0.2,1000,604200,"B"
"CTS","11:26:05",26.4,-0.2,100,603200,"B"
"CTS","11:25:52",26.45,-0.15,1000,603100,"S"
"CTS","11:25:52",26.4,-0.2,100,602100,"B"
"CTS","11:25:44",26.4,-0.2,2000,602000,"B"
"CTS","11:25:19",26.45,-0.15,900,600000,"B"
"CTS","11:25:05",26.45,-0.15,200,599100,"B"
"CTS","11:24:46",26.45,-0.15,400,598900,"S"
"CTS","11:24:43",26.4,-0.2,1200,598500,"B"
"CTS","11:24:07",26.4,-0.2,700,597300,"B"
"CTS","11:23:54",26.45,-0.15,4700,596600,"B"
"CTS","11:23:50",26.45,-0.15,500,591900,"B"
"CTS","11:23:50",26.5,-0.1,500,591400,"B"
"CTS","11:23:29",26.5,-0.1,500,590900,"B"
"CTS","11:23:28",26.5,-0.1,8100,590400,"B"
"CTS","11:23:20",26.5,-0.1,5000,582300,"B"
"CTS","11:23:16",26.5,-0.1,1500,577300,"B"
"CTS","11:23:00",26.5,-0.1,4200,575800,"B"
"CTS","11:22:59",26.5,-0.1,2000,571600,"B"
"CTS","11:22:49",26.5,-0.1,200,569600,"B"
"CTS","11:22:31",26.5,-0.1,1500,569400,"B"
"CTS","11:22:30",26.5,-0.1,200,567900,"B"
"CTS","11:21:40",26.5,-0.1,10000,567700,"B"
"CTS","11:21:07",26.55,-0.05,1300,557700,"B"
"CTS","11:19:50",26.55,-0.05,800,556400,"B"
"CTS","11:19:21",26.55,-0.05,4400,555600,"B"
"CTS","11:18:33",26.55,-0.05,2000,551200,"B"
"CTS","11:18:25",26.55,-0.05,1000,549200,"B"
"CTS","11:17:02",26.55,-0.05,2200,548200,"B"
"CTS","11:16:06",26.55,-0.05,500,546000,"B"
"CTS","11:16:01",26.6,0,1800,545500,"S"
"CTS","11:14:57",26.55,-0.05,100,543700,"B"
"CTS","11:14:41",26.55,-0.05,100,543600,"B"
"CTS","11:13:18",26.55,-0.05,100,543500,"B"
"CTS","11:12:18",26.6,0,500,543400,"S"
"CTS","11:11:49",26.55,-0.05,1600,542900,"S"
"CTS","11:11:44",26.55,-0.05,500,541300,"S"
"CTS","11:11:06",26.55,-0.05,3100,540800,"S"
"CTS","11:10:42",26.55,-0.05,200,537700,"S"
"CTS","11:10:02",26.55,-0.05,2600,537500,"B"
"CTS","11:09:40",26.55,-0.05,10000,534900,"B"
"CTS","11:06:20",26.55,-0.05,500,524900,"B"
"CTS","11:06:06",26.55,-0.05,500,524400,"B"
"CTS","11:05:32",26.55,-0.05,1000,523900,"B"
"CTS","11:05:17",26.55,-0.05,2000,522900,"B"
"CTS","11:03:02",26.55,-0.05,1600,520900,"B"
"CTS","11:02:45",26.6,0,4000,519300,"S"
"CTS","11:02:15",26.6,0,900,515300,"S"
"CTS","11:00:47",26.6,0,6800,514400,"B"
"CTS","11:00:43",26.6,0,20000,507600,"B"
"CTS","11:00:34",26.6,0,5000,487600,"B"
"CTS","11:00:19",26.6,0,3000,482600,"B"
"CTS","11:00:14",26.6,0,1000,479600,"B"
"CTS","10:59:45",26.65,0.05,300,478600,"B"
"CTS","10:59:37",26.65,0.05,10000,478300,"B"
"CTS","10:58:53",26.7,0.1,500,468300,"S"
"CTS","10:58:19",26.7,0.1,1000,467800,"S"
"CTS","10:58:03",26.7,0.1,1200,466800,"S"
"CTS","10:57:57",26.7,0.1,2500,465600,"S"
"CTS","10:57:42",26.7,0.1,500,463100,"S"
"CTS","10:57:37",26.7,0.1,2000,462600,"S"
"CTS","10:57:28",26.7,0.1,1000,460600,"S"
"CTS","10:56:12",26.7,0.1,1000,459600,"S"
"CTS","10:56:03",26.7,0.1,4300,458600,"S"
"CTS","10:55:28",26.7,0.1,1500,454300,"S"
"CTS","10:54:42",26.65,0.05,500,452800,"B"
"CTS","10:54:19",26.65,0.05,100,452300,"S"
"CTS","10:53:42",26.65,0.05,1000,452200,"S"
"CTS","10:53:30",26.6,0,1000,451200,"B"
"CTS","10:53:26",26.65,0.05,900,450200,"B"
"CTS","10:53:08",26.65,0.05,9100,449300,"S"
"CTS","10:53:00",26.6,0,1000,440200,"B"
"CTS","10:52:56",26.6,0,100,439200,"B"
"CTS","10:52:41",26.65,0.05,100,439100,"S"
"CTS","10:52:14",26.65,0.05,1000,439000,"S"
"CTS","10:51:38",26.65,0.05,900,438000,"B"
"CTS","10:51:34",26.65,0.05,100,437100,"B"
"CTS","10:51:05",26.65,0.05,1000,437000,"B"
"CTS","10:51:03",26.7,0.1,2000,436000,"S"
"CTS","10:50:50",26.65,0.05,200,434000,"B"
"CTS","10:49:53",26.65,0.05,1000,433800,"B"
"CTS","10:49:40",26.65,0.05,3300,432800,"S"
"CTS","10:49:10",26.65,0.05,3000,429500,"S"
"CTS","10:48:42",26.6,0,1000,426500,"B"
"CTS","10:48:27",26.6,0,400,425500,"B"
"CTS","10:48:16",26.6,0,500,425100,"B"
"CTS","10:48:03",26.65,0.05,100,424600,"S"
"CTS","10:47:13",26.65,0.05,800,424500,"S"
"CTS","10:46:59",26.65,0.05,7000,423700,"S"
"CTS","10:46:48",26.65,0.05,100,416700,"S"
"CTS","10:45:29",26.65,0.05,400,416600,"S"
"CTS","10:45:08",26.65,0.05,200,416200,"S"
"CTS","10:43:07",26.6,0,3800,416000,"B"
"CTS","10:43:04",26.6,0,100,412200,"B"
"CTS","10:42:41",26.6,0,400,412100,"S"
"CTS","10:42:37",26.6,0,9500,411700,"S"
"CTS","10:42:35",26.6,0,200,402200,"S"
"CTS","10:42:02",26.6,0,1000,402000,"S"
"CTS","10:41:54",26.6,0,700,401000,"S"
"CTS","10:41:30",26.6,0,1000,400300,"S"
"CTS","10:41:23",26.6,0,2000,399300,"S"
"CTS","10:41:20",26.55,-0.05,1000,397300,"B"
"CTS","10:40:58",26.6,0,1000,396300,"S"
"CTS","10:40:56",26.55,-0.05,900,395300,"B"
"CTS","10:40:47",26.55,-0.05,3000,394400,"B"
"CTS","10:38:28",26.55,-0.05,100,391400,"B"
"CTS","10:38:18",26.55,-0.05,3500,391300,"S"
"CTS","10:38:01",26.55,-0.05,200,387800,"S"
"CTS","10:37:54",26.55,-0.05,300,387600,"S"
"CTS","10:37:50",26.55,-0.05,200,387300,"S"
"CTS","10:37:39",26.55,-0.05,2000,387100,"S"
"CTS","10:37:39",26.5,-0.1,100,385100,"B"
"CTS","10:37:21",26.5,-0.1,4000,385000,"B"
"CTS","10:37:14",26.5,-0.1,500,381000,"B"
"CTS","10:36:21",26.5,-0.1,500,380500,"S"
"CTS","10:36:20",26.5,-0.1,1900,380000,"S"
"CTS","10:35:56",26.5,-0.1,7600,378100,"B"
"CTS","10:35:48",26.5,-0.1,500,370500,"B"
"CTS","10:35:46",26.55,-0.05,500,370000,"S"
"CTS","10:35:26",26.5,-0.1,500,369500,"B"
"CTS","10:35:23",26.5,-0.1,100,369000,"B"
"CTS","10:34:20",26.5,-0.1,1000,368900,"B"
"CTS","10:33:43",26.5,-0.1,100,367900,"B"
"CTS","10:31:39",26.5,-0.1,500,367800,"B"
"CTS","10:31:10",26.5,-0.1,1000,367300,"B"
"CTS","10:30:56",26.5,-0.1,200,366300,"B"
"CTS","10:30:53",26.5,-0.1,2500,366100,"B"
"CTS","10:30:27",26.5,-0.1,1900,363600,"B"
"CTS","10:30:26",26.5,-0.1,1000,361700,"B"
"CTS","10:29:39",26.5,-0.1,200,360700,"B"
"CTS","10:29:33",26.5,-0.1,700,360500,"B"
"CTS","10:29:24",26.5,-0.1,1000,359800,"B"
"CTS","10:27:55",26.5,-0.1,1000,358800,"B"
"CTS","10:27:38",26.5,-0.1,500,357800,"B"
"CTS","10:27:27",26.5,-0.1,100,357300,"B"
"CTS","10:27:26",26.5,-0.1,7000,357200,"B"
"CTS","10:27:13",26.5,-0.1,2000,350200,"B"
"CTS","10:26:45",26.5,-0.1,400,348200,"S"
"CTS","10:24:51",26.5,-0.1,100,347800,"B"
"CTS","10:24:48",26.5,-0.1,900,347700,"S"
"CTS","10:24:09",26.5,-0.1,1200,346800,"S"
"CTS","10:24:00",26.5,-0.1,1000,345600,"S"
"CTS","10:23:24",26.45,-0.15,500,344600,"B"
"CTS","10:23:08",26.45,-0.15,600,344100,"B"
"CTS","10:22:41",26.45,-0.15,500,343500,"B"
"CTS","10:22:09",26.5,-0.1,700,343000,"S"
"CTS","10:22:04",26.45,-0.15,300,342300,"B"
"CTS","10:21:32",26.45,-0.15,500,342000,"B"
"CTS","10:21:08",26.45,-0.15,2500,341500,"B"
"CTS","10:20:12",26.45,-0.15,500,339000,"B"
"CTS","10:18:12",26.45,-0.15,100,338500,"B"
"CTS","10:17:52",26.5,-0.1,1100,338400,"S"
"CTS","10:17:40",26.5,-0.1,100,337300,"S"
"CTS","10:17:23",26.5,-0.1,200,337200,"S"
"CTS","10:16:51",26.5,-0.1,1000,337000,"B"
"CTS","10:16:47",26.5,-0.1,500,336000,"S"
"CTS","10:16:34",26.45,-0.15,700,335500,"B"
"CTS","10:16:20",26.5,-0.1,300,334800,"S"
"CTS","10:15:38",26.5,-0.1,1500,334500,"S"
"CTS","10:15:20",26.5,-0.1,2000,333000,"S"
"CTS","10:15:06",26.5,-0.1,1000,331000,"S"
"CTS","10:14:20",26.5,-0.1,6500,330000,"B"
"CTS","10:12:47",26.5,-0.1,2000,323500,"B"
"CTS","10:11:47",26.5,-0.1,2100,321500,"B"
"CTS","10:11:37",26.5,-0.1,1000,319400,"B"
"CTS","10:11:35",26.5,-0.1,100,318400,"B"
"CTS","10:11:05",26.5,-0.1,200,318300,"B"
"CTS","10:11:03",26.5,-0.1,1000,318100,"B"
"CTS","10:11:01",26.5,-0.1,3800,317100,"B"
"CTS","10:11:01",26.5,-0.1,15000,313300,"B"
"CTS","10:10:50",26.5,-0.1,1000,298300,"B"
"CTS","10:10:48",26.6,0,1500,297300,"S"
"CTS","10:10:33",26.6,0,1000,295800,"S"
"CTS","10:10:32",26.6,0,2900,294800,"B"
"CTS","10:10:25",26.6,0,3000,291900,"B"
"CTS","10:10:02",26.6,0,4000,288900,"B"
"CTS","10:08:38",26.6,0,1000,284900,"B"
"CTS","10:07:58",26.6,0,100,283900,"B"
"CTS","10:07:44",26.6,0,6000,283800,"B"
"CTS","10:07:41",26.6,0,100,277800,"B"
"CTS","10:07:01",26.6,0,100,277700,"B"
"CTS","10:06:56",26.6,0,100,277600,"S"
"CTS","10:06:52",26.6,0,500,277500,"S"
"CTS","10:06:45",26.6,0,1000,277000,"S"
"CTS","10:06:27",26.6,0,1000,276000,"S"
"CTS","10:05:56",26.6,0,900,275000,"S"
"CTS","10:05:38",26.6,0,200,274100,"S"
"CTS","10:05:25",26.6,0,200,273900,"S"
"CTS","10:02:27",26.45,-0.15,200,273700,"B"
"CTS","10:02:06",26.45,-0.15,100,273500,"S"
"CTS","10:01:52",26.4,-0.2,200,273400,"B"
"CTS","10:01:51",26.45,-0.15,100,273200,"S"
"CTS","10:00:38",26.4,-0.2,1000,273100,"B"
"CTS","10:00:38",26.4,-0.2,1000,272100,"B"
"CTS","09:59:28",26.4,-0.2,100,271100,"B"
"CTS","09:58:58",26.4,-0.2,3000,271000,"B"
"CTS","09:58:25",26.4,-0.2,5000,268000,"B"
"CTS","09:57:23",26.45,-0.15,900,263000,"B"
"CTS","09:56:55",26.45,-0.15,4100,262100,"S"
"CTS","09:55:57",26.4,-0.2,300,258000,"B"
"CTS","09:55:36",26.4,-0.2,300,257700,"B"
"CTS","09:54:45",26.45,-0.15,500,257400,"S"
"CTS","09:54:44",26.45,-0.15,5000,256900,"S"
"CTS","09:54:30",26.45,-0.15,1200,251900,"B"
"CTS","09:53:11",26.5,-0.1,500,250700,"S"
"CTS","09:52:57",26.4,-0.2,100,250200,"B"
"CTS","09:52:11",26.4,-0.2,2100,250100,"B"
"CTS","09:51:43",26.4,-0.2,1300,248000,"B"
"CTS","09:50:42",26.6,0,11500,246700,"B"
"CTS","09:50:41",26.6,0,10000,235200,"B"
"CTS","09:50:38",26.6,0,1000,225200,"B"
"CTS","09:50:34",26.6,0,6000,224200,"B"
"CTS","09:50:20",26.6,0,200,218200,"B"
"CTS","09:49:41",26.6,0,1000,218000,"S"
"CTS","09:49:41",26.55,-0.05,300,217000,"S"
"CTS","09:49:31",26.5,-0.1,100,216700,"S"
"CTS","09:48:01",26.55,-0.05,2000,216600,"B"
"CTS","09:47:14",26.55,-0.05,1100,214600,"B"
"CTS","09:47:13",26.55,-0.05,2800,213500,"S"
"CTS","09:47:07",26.4,-0.2,100,210700,"B"
"CTS","09:47:06",26.4,-0.2,500,210600,"B"
"CTS","09:46:48",26.4,-0.2,500,210100,"B"
"CTS","09:45:57",26.4,-0.2,100,209600,"B"
"CTS","09:44:51",26.4,-0.2,100,209500,"B"
"CTS","09:43:46",26.4,-0.2,100,209400,"B"
"CTS","09:43:30",26.4,-0.2,2500,209300,"B"
"CTS","09:43:24",26.4,-0.2,300,206800,"B"
"CTS","09:41:54",26.4,-0.2,2000,206500,"B"
"CTS","09:41:17",26.4,-0.2,700,204500,"S"
"CTS","09:41:03",26.35,-0.25,1100,203800,"B"
"CTS","09:41:02",26.4,-0.2,1000,202700,"S"
"CTS","09:40:55",26.4,-0.2,1000,201700,"S"
"CTS","09:40:00",26.3,-0.3,4300,200700,"B"
"CTS","09:39:52",26.35,-0.25,700,196400,"B"
"CTS","09:39:36",26.35,-0.25,300,195700,"S"
"CTS","09:39:30",26.35,-0.25,1000,195400,"S"
"CTS","09:39:15",26.35,-0.25,300,194400,"S"
"CTS","09:39:06",26.35,-0.25,8400,194100,"B"
"CTS","09:39:00",26.4,-0.2,500,185700,"S"
"CTS","09:38:49",26.4,-0.2,100,185200,"S"
"CTS","09:38:45",26.4,-0.2,2500,185100,"S"
"CTS","09:38:43",26.4,-0.2,100,182600,"S"
"CTS","09:38:36",26.4,-0.2,1000,182500,"S"
"CTS","09:38:27",26.4,-0.2,600,181500,"B"
"CTS","09:38:20",26.4,-0.2,15000,180900,"B"
"CTS","09:38:15",26.45,-0.15,900,165900,"B"
"CTS","09:38:08",26.45,-0.15,100,165000,"S"
"CTS","09:38:05",26.45,-0.15,1000,164900,"S"
"CTS","09:37:49",26.45,-0.15,2000,163900,"S"
"CTS","09:37:04",26.4,-0.2,200,161900,"B"
"CTS","09:36:42",26.4,-0.2,300,161700,"B"
"CTS","09:36:25",26.4,-0.2,400,161400,"B"
"CTS","09:36:25",26.45,-0.15,2700,161000,"B"
"CTS","09:35:58",26.5,-0.1,600,158300,"B"
"CTS","09:35:21",26.55,-0.05,300,157700,"S"
"CTS","09:35:14",26.55,-0.05,100,157400,"S"
"CTS","09:34:51",26.55,-0.05,500,157300,"B"
"CTS","09:34:42",26.55,-0.05,2900,156800,"B"
"CTS","09:34:34",26.55,-0.05,1000,153900,"B"
"CTS","09:34:17",26.55,-0.05,600,152900,"S"
"CTS","09:34:02",26.5,-0.1,2400,152300,"B"
"CTS","09:34:00",26.5,-0.1,900,149900,"B"
"CTS","09:33:58",26.5,-0.1,2000,149000,"B"
"CTS","09:33:25",26.55,-0.05,400,147000,"B"
"CTS","09:33:03",26.55,-0.05,1600,146600,"S"
"CTS","09:32:10",26.55,-0.05,2000,145000,"S"
"CTS","09:32:07",26.5,-0.1,2000,143000,"B"
"CTS","09:31:26",26.55,-0.05,2000,141000,"S"
"CTS","09:31:10",26.55,-0.05,300,139000,"B"
"CTS","09:30:43",26.55,-0.05,2000,138700,"B"
"CTS","09:30:40",26.55,-0.05,5000,136700,"B"
"CTS","09:30:38",26.55,-0.05,1000,131700,"B"
"CTS","09:29:57",26.55,-0.05,200,130700,"B"
"CTS","09:29:53",26.6,0,5800,130500,"B"
"CTS","09:29:45",26.6,0,1000,124700,"B"
"CTS","09:29:35",26.6,0,1000,123700,"B"
"CTS","09:29:24",26.6,0,500,122700,"B"
"CTS","09:29:06",26.6,0,200,122200,"B"
"CTS","09:29:04",26.6,0,200,122000,"B"
"CTS","09:28:54",26.6,0,200,121800,"B"
"CTS","09:28:40",26.6,0,10000,121600,"B"
"CTS","09:28:35",26.65,0.05,5000,111600,"S"
"CTS","09:28:30",26.6,0,13000,106600,"B"
"CTS","09:28:09",26.6,0,500,93600,"B"
"CTS","09:27:57",26.6,0,100,93100,"B"
"CTS","09:26:56",26.65,0.05,1000,93000,"S"
"CTS","09:26:50",26.65,0.05,2200,92000,"S"
"CTS","09:25:58",26.65,0.05,500,89800,"S"
"CTS","09:25:57",26.6,0,5000,89300,"B"
"CTS","09:25:55",26.65,0.05,1000,84300,"S"
"CTS","09:25:24",26.65,0.05,300,83300,"S"
"CTS","09:25:18",26.65,0.05,12100,83000,"B"
"CTS","09:24:44",26.65,0.05,900,70900,"B"
"CTS","09:24:40",26.7,0.1,800,70000,"S"
"CTS","09:24:24",26.7,0.1,500,69200,"S"
"CTS","09:23:23",26.7,0.1,500,68700,"S"
"CTS","09:23:08",26.7,0.1,1500,68200,"B"
"CTS","09:22:59",26.7,0.1,200,66700,"S"
"CTS","09:22:39",26.7,0.1,300,66500,"B"
"CTS","09:22:34",26.7,0.1,100,66200,"B"
"CTS","09:22:18",26.7,0.1,3200,66100,"B"
"CTS","09:21:12",26.7,0.1,500,62900,"B"
"CTS","09:21:05",26.7,0.1,200,62400,"B"
"CTS","09:20:56",26.7,0.1,500,62200,"B"
"CTS","09:20:41",26.7,0.1,4100,61700,"S"
"CTS","09:20:06",26.7,0.1,100,57600,"S"
"CTS","09:20:04",26.7,0.1,1100,57500,"B"
"CTS","09:19:53",26.75,0.15,100,56400,"S"
"CTS","09:19:52",26.7,0.1,300,56300,"B"
"CTS","09:19:44",26.7,0.1,3900,56000,"S"
"CTS","09:18:49",26.75,0.15,1200,52100,"B"
"CTS","09:18:38",26.8,0.2,300,50900,"B"
"CTS","09:18:35",26.9,0.3,1600,50600,"B"
"CTS","09:18:30",26.9,0.3,1400,49000,"S"
"CTS","09:18:25",26.9,0.3,3600,47600,"B"
"CTS","09:18:21",26.9,0.3,2200,44000,"S"
"CTS","09:18:17",26.9,0.3,2200,41800,"S"
"CTS","09:18:03",26.9,0.3,1200,39600,"S"
"CTS","09:17:33",26.9,0.3,2000,38400,"S"
"CTS","09:17:17",26.8,0.2,100,35400,"S"
"CTS","09:17:02",26.8,0.2,300,35300,"S"
"CTS","09:16:54",26.75,0.15,1800,35000,"S"
"CTS","09:16:27",26.75,0.15,200,33200,"S"
"CTS","09:16:10",26.65,0.05,200,33000,"S"
"CTS","09:15:31",26.7,0.1,100,32800,"S"
"CTS","09:15:30",26.7,0.1,100,32700,"S"
"CTS","09:15:00",26.6,0,32600,32600,
