"symbol","time","price","change","vol","total","side"
"HQC","14:45:00",3.63,0.03,568800,15505600,
"HQC","14:29:58",3.66,0.06,100,14936800,"S"
"HQC","14:29:54",3.65,0.05,9400,14936700,"B"
"HQC","14:29:41",3.65,0.05,1000,14926700,"B"
"HQC","14:29:39",3.68,0.08,1700,14925700,"S"
"HQC","14:29:36",3.65,0.05,17600,14924000,"B"
"HQC","14:29:36",3.66,0.06,6500,14906400,"B"
"HQC","14:29:26",3.66,0.06,3000,14899900,"B"
"HQC","14:29:24",3.68,0.08,100,14896900,"B"
"HQC","14:29:19",3.66,0.06,3100,14896800,"B"
"HQC","14:29:19",3.67,0.07,2400,14893700,"B"
"HQC","14:29:19",3.68,0.08,8000,14891300,"B"
"HQC","14:29:16",3.68,0.08,4000,14883300,"B"
"HQC","14:29:14",3.68,0.08,8000,14879300,"S"
"HQC","14:28:54",3.68,0.08,18400,14871300,"B"
"HQC","14:28:48",3.69,0.09,100,14852900,"S"
"HQC","14:28:47",3.68,0.08,14300,14852800,"B"
"HQC","14:28:38",3.68,0.08,10000,14838500,"B"
"HQC","14:28:31",3.68,0.08,1000,14828500,"B"
"HQC","14:28:30",3.68,0.08,1000,14827500,"B"
"HQC","14:28:20",3.68,0.08,48700,14826500,"B"
"HQC","14:28:20",3.69,0.09,83400,14777800,"B"
"HQC","14:28:18",3.69,0.09,2500,14694400,"B"
"HQC","14:28:14",3.7,0.1,58400,14691900,"B"
"HQC","14:28:13",3.7,0.1,10000,14633500,"B"
"HQC","14:28:06",3.71,0.11,3000,14623500,"S"
"HQC","14:28:06",3.71,0.11,200,14620500,"S"
"HQC","14:28:05",3.71,0.11,2000,14620300,"B"
"HQC","14:28:05",3.71,0.11,2000,14618300,"B"
"HQC","14:28:03",3.71,0.11,500,14616300,"B"
"HQC","14:28:00",3.71,0.11,13000,14615800,"B"
"HQC","14:27:58",3.71,0.11,2200,14602800,"B"
"HQC","14:27:57",3.71,0.11,2000,14600600,"B"
"HQC","14:27:55",3.71,0.11,113300,14598600,"S"
"HQC","14:27:49",3.71,0.11,21800,14485300,"B"
"HQC","14:27:48",3.71,0.11,3200,14463500,"B"
"HQC","14:27:47",3.71,0.11,3000,14460300,"B"
"HQC","14:27:45",3.71,0.11,300,14457300,"B"
"HQC","14:27:42",3.71,0.11,1500,14457000,"B"
"HQC","14:27:38",3.71,0.11,500,14455500,"B"
"HQC","14:27:29",3.71,0.11,5500,14455000,"B"
"HQC","14:27:28",3.71,0.11,3500,14449500,"B"
"HQC","14:27:27",3.72,0.12,8700,14446000,"S"
"HQC","14:27:11",3.71,0.11,1400,14437300,"S"
"HQC","14:27:10",3.71,0.11,30300,14435900,"S"
"HQC","14:27:06",3.71,0.11,4600,14405600,"S"
"HQC","14:27:01",3.71,0.11,500,14401000,"S"
"HQC","14:26:57",3.71,0.11,500,14400500,"S"
"HQC","14:26:51",3.7,0.1,300,14400000,"B"
"HQC","14:26:49",3.7,0.1,500,14399700,"B"
"HQC","14:26:42",3.71,0.11,100,14399200,"S"
"HQC","14:26:42",3.7,0.1,3000,14399100,"B"
"HQC","14:26:39",3.7,0.1,300,14396100,"B"
"HQC","14:26:36",3.71,0.11,3200,14395800,"S"
"HQC","14:26:36",3.71,0.11,5000,14392600,"S"
"HQC","14:26:33",3.71,0.11,800,14387600,"S"
"HQC","14:26:31",3.71,0.11,100,14386800,"S"
"HQC","14:26:25",3.71,0.11,500,14386700,"S"
"HQC","14:26:23",3.71,0.11,200,14386200,"S"
"HQC","14:26:23",3.7,0.1,2000,14386000,"B"
"HQC","14:26:22",3.71,0.11,900,14384000,"S"
"HQC","14:26:19",3.71,0.11,1000,14383100,"S"
"HQC","14:26:18",3.71,0.11,2000,14382100,"S"
"HQC","14:26:13",3.71,0.11,100,14380100,"S"
"HQC","14:25:57",3.7,0.1,5600,14380000,"S"
"HQC","14:25:55",3.7,0.1,5000,14374400,"S"
"HQC","14:25:54",3.7,0.1,100,14369400,"S"
"HQC","14:25:52",3.7,0.1,10000,14369300,"S"
"HQC","14:25:51",3.7,0.1,2000,14359300,"S"
"HQC","14:25:50",3.7,0.1,100,14357300,"S"
"HQC","14:25:47",3.7,0.1,600,14357200,"S"
"HQC","14:25:43",3.7,0.1,1000,14356600,"S"
"HQC","14:25:38",3.7,0.1,1000,14355600,"S"
"HQC","14:25:35",3.7,0.1,5000,14354600,"S"
"HQC","14:25:34",3.7,0.1,100,14349600,"S"
"HQC","14:25:31",3.7,0.1,100,14349500,"S"
"HQC","14:25:27",3.69,0.09,300,14349400,"B"
"HQC","14:25:26",3.7,0.1,3000,14349100,"S"
"HQC","14:25:16",3.69,0.09,400,14346100,"B"
"HQC","14:25:11",3.7,0.1,23900,14345700,"S"
"HQC","14:25:11",3.7,0.1,6700,14321800,"S"
"HQC","14:25:07",3.7,0.1,1000,14315100,"S"
"HQC","14:24:55",3.69,0.09,20600,14314100,"S"
"HQC","14:24:50",3.69,0.09,2000,14293500,"S"
"HQC","14:24:48",3.69,0.09,11400,14291500,"S"
"HQC","14:24:45",3.69,0.09,20000,14280100,"S"
"HQC","14:24:41",3.69,0.09,100,14260100,"S"
"HQC","14:24:35",3.69,0.09,5000,14260000,"S"
"HQC","14:24:31",3.68,0.08,600,14255000,"B"
"HQC","14:24:26",3.69,0.09,400,14254400,"S"
"HQC","14:24:25",3.69,0.09,2000,14254000,"S"
"HQC","14:24:22",3.69,0.09,1700,14252000,"S"
"HQC","14:24:20",3.69,0.09,1900,14250300,"S"
"HQC","14:23:54",3.68,0.08,100,14248400,"S"
"HQC","14:23:49",3.68,0.08,10000,14248300,"S"
"HQC","14:23:46",3.68,0.08,600,14238300,"S"
"HQC","14:23:45",3.68,0.08,1000,14237700,"S"
"HQC","14:23:42",3.68,0.08,10000,14236700,"S"
"HQC","14:23:32",3.68,0.08,5000,14226700,"S"
"HQC","14:23:30",3.68,0.08,10000,14221700,"S"
"HQC","14:23:25",3.68,0.08,100,14211700,"S"
"HQC","14:23:25",3.68,0.08,700,14211600,"S"
"HQC","14:23:23",3.67,0.07,10000,14210900,"B"
"HQC","14:23:20",3.68,0.08,20000,14200900,"S"
"HQC","14:23:16",3.68,0.08,300,14180900,"S"
"HQC","14:22:58",3.67,0.07,4700,14180600,"S"
"HQC","14:22:57",3.67,0.07,10500,14175900,"S"
"HQC","14:22:54",3.67,0.07,3800,14165400,"S"
"HQC","14:22:43",3.67,0.07,1000,14161600,"S"
"HQC","14:22:35",3.67,0.07,100,14160600,"S"
"HQC","14:22:30",3.65,0.05,100,14160500,"B"
"HQC","14:22:30",3.66,0.06,2500,14160400,"B"
"HQC","14:22:28",3.67,0.07,2000,14157900,"S"
"HQC","14:22:19",3.67,0.07,5000,14155900,"S"
"HQC","14:22:10",3.67,0.07,3300,14150900,"S"
"HQC","14:21:49",3.65,0.05,800,14147600,"B"
"HQC","14:21:49",3.66,0.06,4200,14146800,"B"
"HQC","14:21:36",3.66,0.06,1400,14142600,"S"
"HQC","14:21:24",3.65,0.05,28200,14141200,"S"
"HQC","14:21:23",3.65,0.05,14000,14113000,"S"
"HQC","14:21:21",3.65,0.05,600,14099000,"S"
"HQC","14:21:20",3.65,0.05,1000,14098400,"S"
"HQC","14:21:17",3.65,0.05,4100,14097400,"S"
"HQC","14:21:14",3.65,0.05,10000,14093300,"S"
"HQC","14:21:13",3.65,0.05,10000,14083300,"S"
"HQC","14:21:06",3.65,0.05,1000,14073300,"S"
"HQC","14:21:05",3.65,0.05,1500,14072300,"S"
"HQC","14:21:03",3.65,0.05,2800,14070800,"S"
"HQC","14:20:56",3.65,0.05,400,14068000,"S"
"HQC","14:20:55",3.65,0.05,900,14067600,"S"
"HQC","14:20:52",3.65,0.05,1000,14066700,"S"
"HQC","14:20:47",3.65,0.05,100,14065700,"S"
"HQC","14:20:46",3.65,0.05,30000,14065600,"S"
"HQC","14:20:45",3.65,0.05,5000,14035600,"S"
"HQC","14:20:22",3.65,0.05,1000,14030600,"S"
"HQC","14:20:15",3.65,0.05,100,14029600,"S"
"HQC","14:20:14",3.65,0.05,1000,14029500,"S"
"HQC","14:20:09",3.65,0.05,2000,14028500,"S"
"HQC","14:20:04",3.65,0.05,11200,14026500,"B"
"HQC","14:19:49",3.66,0.06,100,14015300,"S"
"HQC","14:19:46",3.66,0.06,1000,14015200,"S"
"HQC","14:19:43",3.66,0.06,400,14014200,"S"
"HQC","14:19:37",3.66,0.06,2000,14013800,"S"
"HQC","14:19:35",3.66,0.06,400,14011800,"S"
"HQC","14:19:26",3.66,0.06,6000,14011400,"S"
"HQC","14:19:21",3.66,0.06,10000,14005400,"S"
"HQC","14:19:13",3.66,0.06,8200,13995400,"S"
"HQC","14:18:55",3.66,0.06,100,13987200,"S"
"HQC","14:18:42",3.65,0.05,21200,13987100,"S"
"HQC","14:18:29",3.65,0.05,300,13965900,"S"
"HQC","14:18:24",3.65,0.05,1000,13965600,"S"
"HQC","14:18:11",3.65,0.05,5000,13964600,"S"
"HQC","14:17:55",3.64,0.04,200,13959600,"B"
"HQC","14:17:42",3.65,0.05,200,13959400,"S"
"HQC","14:17:28",3.65,0.05,4000,13959200,"S"
"HQC","14:17:17",3.65,0.05,100,13955200,"S"
"HQC","14:17:00",3.65,0.05,1000,13955100,"S"
"HQC","14:16:54",3.65,0.05,200,13954100,"S"
"HQC","14:16:51",3.65,0.05,1000,13953900,"S"
"HQC","14:16:46",3.65,0.05,7000,13952900,"S"
"HQC","14:16:46",3.64,0.04,2100,13945900,"B"
"HQC","14:16:33",3.65,0.05,6000,13943800,"S"
"HQC","14:16:19",3.65,0.05,2200,13937800,"S"
"HQC","14:16:16",3.64,0.04,300,13935600,"S"
"HQC","14:16:15",3.64,0.04,500,13935300,"S"
"HQC","14:16:13",3.64,0.04,200,13934800,"S"
"HQC","14:15:56",3.63,0.03,2000,13934600,"B"
"HQC","14:15:52",3.63,0.03,2300,13932600,"S"
"HQC","14:15:48",3.63,0.03,4200,13930300,"B"
"HQC","14:15:38",3.63,0.03,100,13926100,"B"
"HQC","14:15:37",3.64,0.04,8000,13926000,"S"
"HQC","14:15:35",3.64,0.04,200,13918000,"S"
"HQC","14:15:19",3.63,0.03,1000,13917800,"B"
"HQC","14:15:19",3.64,0.04,100,13916800,"S"
"HQC","14:15:18",3.63,0.03,100,13916700,"B"
"HQC","14:15:17",3.63,0.03,3200,13916600,"S"
"HQC","14:15:15",3.63,0.03,100,13913400,"S"
"HQC","14:15:09",3.63,0.03,10000,13913300,"S"
"HQC","14:15:05",3.63,0.03,500,13903300,"S"
"HQC","14:14:57",3.63,0.03,2000,13902800,"S"
"HQC","14:14:36",3.62,0.02,23800,13900800,"B"
"HQC","14:14:35",3.63,0.03,400,13877000,"S"
"HQC","14:14:34",3.63,0.03,1000,13876600,"S"
"HQC","14:14:29",3.62,0.02,7000,13875600,"B"
"HQC","14:14:13",3.63,0.03,100,13868600,"S"
"HQC","14:14:09",3.63,0.03,200,13868500,"S"
"HQC","14:13:59",3.63,0.03,100,13868300,"S"
"HQC","14:13:53",3.63,0.03,1100,13868200,"B"
"HQC","14:13:50",3.63,0.03,100,13867100,"B"
"HQC","14:13:38",3.63,0.03,1300,13867000,"B"
"HQC","14:13:35",3.64,0.04,1000,13865700,"S"
"HQC","14:13:30",3.64,0.04,3500,13864700,"S"
"HQC","14:13:18",3.63,0.03,1000,13861200,"B"
"HQC","14:13:17",3.63,0.03,3000,13860200,"B"
"HQC","14:13:10",3.64,0.04,100,13857200,"S"
"HQC","14:13:04",3.62,0.02,200,13857100,"B"
"HQC","14:13:04",3.63,0.03,9700,13856900,"B"
"HQC","14:13:04",3.64,0.04,100,13847200,"B"
"HQC","14:13:01",3.64,0.04,2600,13847100,"B"
"HQC","14:12:40",3.65,0.05,1100,13844500,"S"
"HQC","14:12:37",3.65,0.05,200,13843400,"S"
"HQC","14:12:19",3.65,0.05,10000,13843200,"S"
"HQC","14:12:10",3.65,0.05,100,13833200,"S"
"HQC","14:12:09",3.65,0.05,14500,13833100,"B"
"HQC","14:12:09",3.65,0.05,1000,13818600,"B"
"HQC","14:12:09",3.66,0.06,67000,13817600,"B"
"HQC","14:12:05",3.66,0.06,45000,13750600,"B"
"HQC","14:12:00",3.67,0.07,7300,13705600,"S"
"HQC","14:11:55",3.66,0.06,100,13698300,"B"
"HQC","14:11:52",3.66,0.06,18500,13698200,"B"
"HQC","14:11:17",3.66,0.06,100,13679700,"B"
"HQC","14:11:12",3.67,0.07,500,13679600,"S"
"HQC","14:11:03",3.67,0.07,1000,13679100,"S"
"HQC","14:10:20",3.68,0.08,2000,13678100,"S"
"HQC","14:10:19",3.65,0.05,22200,13676100,"B"
"HQC","14:10:19",3.66,0.06,67700,13653900,"B"
"HQC","14:10:19",3.67,0.07,10100,13586200,"B"
"HQC","14:10:17",3.67,0.07,1000,13576100,"B"
"HQC","14:10:12",3.67,0.07,400,13575100,"B"
"HQC","14:09:51",3.67,0.07,1000,13574700,"B"
"HQC","14:09:42",3.68,0.08,1300,13573700,"S"
"HQC","14:09:35",3.68,0.08,1400,13572400,"S"
"HQC","14:09:27",3.68,0.08,1000,13571000,"S"
"HQC","14:09:25",3.68,0.08,3400,13570000,"S"
"HQC","14:09:25",3.68,0.08,6600,13566600,"S"
"HQC","14:09:17",3.68,0.08,1100,13560000,"S"
"HQC","14:09:16",3.68,0.08,100,13558900,"S"
"HQC","14:09:12",3.68,0.08,1000,13558800,"S"
"HQC","14:09:11",3.68,0.08,100,13557800,"S"
"HQC","14:09:09",3.68,0.08,100,13557700,"S"
"HQC","14:09:03",3.68,0.08,8000,13557600,"S"
"HQC","14:08:56",3.68,0.08,600,13549600,"S"
"HQC","14:08:48",3.68,0.08,2000,13549000,"S"
"HQC","14:08:46",3.67,0.07,1000,13547000,"B"
"HQC","14:08:21",3.67,0.07,1000,13546000,"B"
"HQC","14:08:18",3.67,0.07,900,13545000,"S"
"HQC","14:08:16",3.67,0.07,700,13544100,"B"
"HQC","14:08:04",3.68,0.08,2000,13543400,"S"
"HQC","14:07:57",3.67,0.07,200,13541400,"B"
"HQC","14:07:35",3.68,0.08,500,13541200,"S"
"HQC","14:07:34",3.68,0.08,12100,13540700,"B"
"HQC","14:07:23",3.68,0.08,100,13528600,"B"
"HQC","14:07:23",3.68,0.08,22500,13528500,"S"
"HQC","14:07:11",3.68,0.08,20000,13506000,"S"
"HQC","14:07:05",3.68,0.08,2000,13486000,"S"
"HQC","14:06:56",3.66,0.06,2000,13484000,"B"
"HQC","14:06:54",3.68,0.08,100,13482000,"S"
"HQC","14:06:51",3.68,0.08,27200,13481900,"S"
"HQC","14:06:51",3.68,0.08,12200,13454700,"S"
"HQC","14:06:50",3.68,0.08,7500,13442500,"S"
"HQC","14:06:50",3.67,0.07,2500,13435000,"S"
"HQC","14:06:46",3.66,0.06,3000,13432500,"B"
"HQC","14:06:29",3.66,0.06,1500,13429500,"B"
"HQC","14:06:28",3.66,0.06,8700,13428000,"S"
"HQC","14:06:25",3.66,0.06,600,13419300,"S"
"HQC","14:06:22",3.66,0.06,3000,13418700,"S"
"HQC","14:06:20",3.66,0.06,100,13415700,"S"
"HQC","14:06:18",3.66,0.06,200,13415600,"S"
"HQC","14:06:09",3.66,0.06,100,13415400,"S"
"HQC","14:06:08",3.66,0.06,700,13415300,"S"
"HQC","14:06:01",3.65,0.05,200,13414600,"B"
"HQC","14:05:52",3.65,0.05,6600,13414400,"S"
"HQC","14:05:51",3.65,0.05,3000,13407800,"S"
"HQC","14:05:42",3.65,0.05,2000,13404800,"S"
"HQC","14:05:35",3.64,0.04,500,13402800,"B"
"HQC","14:05:33",3.65,0.05,2000,13402300,"S"
"HQC","14:05:22",3.64,0.04,1000,13400300,"S"
"HQC","14:05:05",3.62,0.02,900,13399300,"B"
"HQC","14:05:05",3.63,0.03,100,13398400,"B"
"HQC","14:05:04",3.63,0.03,1400,13398300,"S"
"HQC","14:05:03",3.63,0.03,100,13396900,"S"
"HQC","14:04:58",3.62,0.02,700,13396800,"B"
"HQC","14:04:58",3.63,0.03,9000,13396100,"S"
"HQC","14:04:48",3.63,0.03,6000,13387100,"S"
"HQC","14:04:38",3.63,0.03,10000,13381100,"S"
"HQC","14:04:38",3.62,0.02,1000,13371100,"B"
"HQC","14:04:37",3.62,0.02,1000,13370100,"B"
"HQC","14:04:34",3.62,0.02,11400,13369100,"B"
"HQC","14:04:33",3.63,0.03,100,13357700,"S"
"HQC","14:04:27",3.63,0.03,200,13357600,"S"
"HQC","14:04:26",3.63,0.03,200,13357400,"S"
"HQC","14:04:19",3.63,0.03,10000,13357200,"S"
"HQC","14:04:17",3.62,0.02,1400,13347200,"B"
"HQC","14:04:12",3.63,0.03,7200,13345800,"S"
"HQC","14:04:05",3.62,0.02,100,13338600,"B"
"HQC","14:04:04",3.62,0.02,3400,13338500,"B"
"HQC","14:04:00",3.62,0.02,5000,13335100,"B"
"HQC","14:03:57",3.63,0.03,400,13330100,"S"
"HQC","14:03:54",3.62,0.02,7000,13329700,"B"
"HQC","14:03:50",3.62,0.02,1000,13322700,"B"
"HQC","14:03:44",3.63,0.03,200,13321700,"S"
"HQC","14:03:37",3.63,0.03,200,13321500,"S"
"HQC","14:03:28",3.63,0.03,300,13321300,"S"
"HQC","14:03:26",3.63,0.03,13300,13321000,"B"
"HQC","14:03:25",3.63,0.03,8000,13307700,"B"
"HQC","14:03:12",3.63,0.03,1000,13299700,"B"
"HQC","14:03:04",3.64,0.04,1100,13298700,"S"
"HQC","14:03:04",3.64,0.04,100,13297600,"S"
"HQC","14:02:59",3.63,0.03,500,13297500,"B"
"HQC","14:02:55",3.64,0.04,400,13297000,"S"
"HQC","14:02:52",3.63,0.03,5000,13296600,"B"
"HQC","14:02:39",3.63,0.03,3000,13291600,"B"
"HQC","14:02:34",3.63,0.03,500,13288600,"B"
"HQC","14:02:20",3.63,0.03,12900,13288100,"B"
"HQC","14:02:20",3.64,0.04,200,13275200,"B"
"HQC","14:01:59",3.63,0.03,1000,13275000,"B"
"HQC","14:01:59",3.64,0.04,6400,13274000,"B"
"HQC","14:01:59",3.65,0.05,2600,13267600,"B"
"HQC","14:01:45",3.65,0.05,6000,13265000,"B"
"HQC","14:01:42",3.66,0.06,400,13259000,"S"
"HQC","14:01:40",3.65,0.05,1600,13258600,"B"
"HQC","14:01:36",3.66,0.06,100,13257000,"S"
"HQC","14:01:31",3.65,0.05,200,13256900,"B"
"HQC","14:01:17",3.66,0.06,3700,13256700,"B"
"HQC","14:01:15",3.66,0.06,1500,13253000,"B"
"HQC","14:01:08",3.66,0.06,3000,13251500,"B"
"HQC","14:01:02",3.68,0.08,1000,13248500,"S"
"HQC","14:00:58",3.68,0.08,2500,13247500,"S"
"HQC","14:00:58",3.67,0.07,100,13245000,"S"
"HQC","14:00:51",3.66,0.06,400,13244900,"B"
"HQC","14:00:49",3.68,0.08,100,13244500,"S"
"HQC","14:00:25",3.68,0.08,500,13244400,"S"
"HQC","14:00:23",3.68,0.08,22600,13243900,"B"
"HQC","14:00:21",3.68,0.08,41400,13221300,"B"
"HQC","14:00:20",3.69,0.09,3400,13179900,"S"
"HQC","14:00:20",3.68,0.08,26000,13176500,"B"
"HQC","14:00:19",3.68,0.08,5000,13150500,"B"
"HQC","14:00:18",3.68,0.08,7200,13145500,"B"
"HQC","14:00:17",3.68,0.08,700,13138300,"B"
"HQC","14:00:16",3.68,0.08,500,13137600,"B"
"HQC","14:00:13",3.68,0.08,10000,13137100,"B"
"HQC","14:00:12",3.68,0.08,4000,13127100,"B"
"HQC","14:00:07",3.68,0.08,13600,13123100,"B"
"HQC","14:00:01",3.68,0.08,5000,13109500,"B"
"HQC","13:59:59",3.68,0.08,5900,13104500,"B"
"HQC","13:59:55",3.68,0.08,1100,13098600,"B"
"HQC","13:59:53",3.69,0.09,2000,13097500,"S"
"HQC","13:59:52",3.68,0.08,100,13095500,"B"
"HQC","13:59:41",3.69,0.09,200,13095400,"S"
"HQC","13:59:38",3.69,0.09,200,13095200,"S"
"HQC","13:59:18",3.69,0.09,1000,13095000,"S"
"HQC","13:59:16",3.69,0.09,18000,13094000,"S"
"HQC","13:59:10",3.69,0.09,3400,13076000,"S"
"HQC","13:58:58",3.69,0.09,15000,13072600,"S"
"HQC","13:58:52",3.69,0.09,5000,13057600,"S"
"HQC","13:58:47",3.69,0.09,100,13052600,"S"
"HQC","13:58:39",3.69,0.09,200,13052500,"S"
"HQC","13:58:38",3.69,0.09,100,13052300,"S"
"HQC","13:58:33",3.68,0.08,600,13052200,"B"
"HQC","13:58:24",3.69,0.09,10000,13051600,"S"
"HQC","13:58:15",3.69,0.09,2000,13041600,"S"
"HQC","13:58:14",3.68,0.08,1600,13039600,"B"
"HQC","13:58:10",3.68,0.08,400,13038000,"B"
"HQC","13:58:08",3.69,0.09,3500,13037600,"S"
"HQC","13:58:07",3.68,0.08,500,13034100,"B"
"HQC","13:58:05",3.69,0.09,4000,13033600,"S"
"HQC","13:58:01",3.68,0.08,1500,13029600,"B"
"HQC","13:57:49",3.68,0.08,600,13028100,"S"
"HQC","13:57:47",3.68,0.08,500,13027500,"S"
"HQC","13:57:45",3.68,0.08,13000,13027000,"B"
"HQC","13:57:43",3.69,0.09,9000,13014000,"S"
"HQC","13:57:41",3.68,0.08,100,13005000,"B"
"HQC","13:57:40",3.69,0.09,400,13004900,"S"
"HQC","13:57:39",3.69,0.09,1000,13004500,"S"
"HQC","13:57:17",3.69,0.09,200,13003500,"S"
"HQC","13:57:13",3.68,0.08,200,13003300,"B"
"HQC","13:57:08",3.68,0.08,1700,13003100,"S"
"HQC","13:57:08",3.68,0.08,63100,13001400,"S"
"HQC","13:57:05",3.67,0.07,100,12938300,"B"
"HQC","13:57:02",3.68,0.08,200,12938200,"S"
"HQC","13:57:01",3.68,0.08,100,12938000,"S"
"HQC","13:56:50",3.68,0.08,600,12937900,"S"
"HQC","13:56:46",3.67,0.07,300,12937300,"B"
"HQC","13:56:46",3.68,0.08,3700,12937000,"S"
"HQC","13:56:27",3.68,0.08,4000,12933300,"S"
"HQC","13:56:26",3.68,0.08,1000,12929300,"S"
"HQC","13:56:24",3.68,0.08,200,12928300,"S"
"HQC","13:56:11",3.68,0.08,2000,12928100,"S"
"HQC","13:56:08",3.68,0.08,2000,12926100,"S"
"HQC","13:56:01",3.67,0.07,5000,12924100,"B"
"HQC","13:56:00",3.67,0.07,2000,12919100,"B"
"HQC","13:55:59",3.67,0.07,33000,12917100,"S"
"HQC","13:55:59",3.66,0.06,39000,12884100,"S"
"HQC","13:55:56",3.66,0.06,10000,12845100,"S"
"HQC","13:55:49",3.66,0.06,300,12835100,"S"
"HQC","13:55:48",3.66,0.06,100,12834800,"S"
"HQC","13:55:47",3.66,0.06,600,12834700,"S"
"HQC","13:55:41",3.67,0.07,4200,12834100,"S"
"HQC","13:55:41",3.66,0.06,800,12829900,"S"
"HQC","13:55:37",3.66,0.06,200,12829100,"S"
"HQC","13:55:36",3.66,0.06,1000,12828900,"S"
"HQC","13:55:32",3.67,0.07,12000,12827900,"S"
"HQC","13:55:29",3.67,0.07,10000,12815900,"S"
"HQC","13:55:25",3.65,0.05,1400,12805900,"B"
"HQC","13:55:18",3.67,0.07,5500,12804500,"S"
"HQC","13:55:12",3.65,0.05,200,12774500,"S"
"HQC","13:55:12",3.65,0.05,50000,12774300,"S"
"HQC","13:55:10",3.65,0.05,100,12724300,"S"
"HQC","13:55:10",3.65,0.05,3000,12724200,"S"
"HQC","13:55:01",3.65,0.05,200,12720700,"S"
"HQC","13:55:01",3.64,0.04,1000,12720500,"B"
"HQC","13:54:59",3.65,0.05,5000,12719500,"S"
"HQC","13:54:57",3.64,0.04,300,12714500,"B"
"HQC","13:54:53",3.65,0.05,10000,12714200,"S"
"HQC","13:54:46",3.65,0.05,300,12704200,"S"
"HQC","13:54:42",3.64,0.04,100,12703900,"B"
"HQC","13:54:37",3.65,0.05,5000,12703800,"S"
"HQC","13:54:31",3.64,0.04,4900,12698800,"S"
"HQC","13:54:26",3.64,0.04,5000,12693900,"S"
"HQC","13:54:23",3.64,0.04,2000,12688900,"S"
"HQC","13:54:17",3.63,0.03,7400,12686900,"B"
"HQC","13:54:16",3.63,0.03,500,12679500,"B"
"HQC","13:54:15",3.64,0.04,300,12679000,"S"
"HQC","13:53:57",3.63,0.03,200,12678700,"B"
"HQC","13:53:57",3.63,0.03,100,12678500,"B"
"HQC","13:53:56",3.63,0.03,700,12678400,"S"
"HQC","13:53:49",3.63,0.03,10000,12677700,"S"
"HQC","13:53:44",3.62,0.02,500,12667700,"B"
"HQC","13:53:43",3.63,0.03,4000,12667200,"S"
"HQC","13:53:38",3.62,0.02,1000,12663200,"B"
"HQC","13:53:24",3.62,0.02,100,12662200,"B"
"HQC","13:53:19",3.62,0.02,20000,12662100,"B"
"HQC","13:53:16",3.62,0.02,900,12642100,"S"
"HQC","13:53:12",3.63,0.03,4400,12641200,"S"
"HQC","13:53:12",3.62,0.02,600,12636800,"S"
"HQC","13:53:08",3.62,0.02,400,12636200,"B"
"HQC","13:53:06",3.62,0.02,500,12635800,"B"
"HQC","13:52:56",3.62,0.02,6600,12635300,"B"
"HQC","13:52:47",3.62,0.02,3000,12628700,"B"
"HQC","13:52:39",3.62,0.02,200,12625700,"B"
"HQC","13:52:32",3.62,0.02,100,12625500,"B"
"HQC","13:52:29",3.62,0.02,2600,12625400,"S"
"HQC","13:52:28",3.62,0.02,3100,12622800,"S"
"HQC","13:52:19",3.62,0.02,200,12619700,"S"
"HQC","13:52:16",3.62,0.02,20000,12619500,"B"
"HQC","13:52:12",3.62,0.02,5000,12599500,"B"
"HQC","13:52:05",3.63,0.03,5000,12594500,"S"
"HQC","13:52:04",3.62,0.02,1000,12589500,"B"
"HQC","13:52:01",3.62,0.02,25000,12588500,"S"
"HQC","13:52:00",3.62,0.02,1000,12563500,"S"
"HQC","13:51:59",3.61,0.01,2100,12562500,"B"
"HQC","13:51:58",3.62,0.02,1000,12560400,"S"
"HQC","13:51:54",3.62,0.02,1000,12559400,"S"
"HQC","13:51:53",3.61,0.01,1000,12558400,"B"
"HQC","13:51:51",3.61,0.01,500,12557400,"B"
"HQC","13:51:39",3.61,0.01,100,12556900,"B"
"HQC","13:51:38",3.62,0.02,1000,12556800,"S"
"HQC","13:51:32",3.6,0,1000,12555800,"B"
"HQC","13:51:32",3.61,0.01,1000,12554800,"B"
"HQC","13:51:30",3.6,0,1000,12553800,"B"
"HQC","13:51:24",3.6,0,5300,12552800,"B"
"HQC","13:51:24",3.61,0.01,4700,12547500,"B"
"HQC","13:51:23",3.61,0.01,5300,12542800,"S"
"HQC","13:51:22",3.61,0.01,1400,12537500,"B"
"HQC","13:51:20",3.61,0.01,1500,12536100,"B"
"HQC","13:51:14",3.61,0.01,10000,12534600,"B"
"HQC","13:51:10",3.61,0.01,3200,12524600,"S"
"HQC","13:51:08",3.61,0.01,200,12521400,"S"
"HQC","13:51:05",3.6,0,4000,12521200,"B"
"HQC","13:51:04",3.6,0,1000,12517200,"B"
"HQC","13:51:04",3.61,0.01,10000,12516200,"S"
"HQC","13:51:00",3.61,0.01,13000,12506200,"S"
"HQC","13:50:57",3.61,0.01,200,12493200,"S"
"HQC","13:50:54",3.6,0,2000,12493000,"B"
"HQC","13:50:50",3.61,0.01,5000,12491000,"S"
"HQC","13:50:49",3.6,0,4200,12486000,"B"
"HQC","13:50:45",3.61,0.01,5000,12481800,"S"
"HQC","13:50:44",3.6,0,4000,12476800,"B"
"HQC","13:50:39",3.6,0,2000,12472800,"B"
"HQC","13:50:37",3.61,0.01,100,12470800,"S"
"HQC","13:50:32",3.61,0.01,100,12470700,"S"
"HQC","13:50:31",3.61,0.01,7800,12470600,"B"
"HQC","13:50:30",3.61,0.01,2800,12462800,"B"
"HQC","13:50:21",3.61,0.01,200,12460000,"B"
"HQC","13:50:17",3.6,0,1000,12459800,"B"
"HQC","13:50:17",3.61,0.01,30000,12458800,"S"
"HQC","13:50:14",3.6,0,300,12428800,"B"
"HQC","13:50:11",3.61,0.01,100,12428500,"S"
"HQC","13:50:04",3.61,0.01,54300,12428400,"B"
"HQC","13:50:04",3.62,0.02,10000,12374100,"S"
"HQC","13:50:00",3.62,0.02,300,12364100,"S"
"HQC","13:49:54",3.61,0.01,4100,12363800,"B"
"HQC","13:49:54",3.62,0.02,25900,12359700,"B"
"HQC","13:49:53",3.62,0.02,200,12333800,"B"
"HQC","13:49:45",3.62,0.02,400,12333600,"B"
"HQC","13:49:44",3.62,0.02,300,12333200,"B"
"HQC","13:49:43",3.62,0.02,1200,12332900,"B"
"HQC","13:49:42",3.62,0.02,300,12331700,"B"
"HQC","13:49:41",3.62,0.02,500,12331400,"B"
"HQC","13:49:32",3.62,0.02,150400,12330900,"B"
"HQC","13:49:24",3.63,0.03,22200,12180500,"B"
"HQC","13:49:22",3.63,0.03,1000,12158300,"B"
"HQC","13:49:09",3.63,0.03,500,12157300,"B"
"HQC","13:49:07",3.64,0.04,9200,12156800,"S"
"HQC","13:49:03",3.63,0.03,2000,12147600,"B"
"HQC","13:48:53",3.63,0.03,1000,12145600,"B"
"HQC","13:48:51",3.64,0.04,800,12144600,"B"
"HQC","13:48:50",3.64,0.04,3000,12143800,"B"
"HQC","13:48:48",3.64,0.04,1000,12140800,"S"
"HQC","13:48:48",3.63,0.03,4000,12139800,"B"
"HQC","13:48:45",3.63,0.03,2000,12135800,"B"
"HQC","13:48:40",3.65,0.05,5000,12133800,"S"
"HQC","13:48:39",3.63,0.03,20000,12128800,"B"
"HQC","13:48:34",3.63,0.03,12600,12108800,"B"
"HQC","13:48:34",3.64,0.04,11400,12096200,"B"
"HQC","13:48:30",3.64,0.04,1000,12084800,"B"
"HQC","13:48:29",3.64,0.04,22500,12083800,"B"
"HQC","13:48:28",3.65,0.05,2000,12061300,"S"
"HQC","13:48:26",3.64,0.04,600,12059300,"B"
"HQC","13:48:18",3.65,0.05,5000,12058700,"S"
"HQC","13:48:16",3.64,0.04,40000,12053700,"B"
"HQC","13:48:16",3.65,0.05,9600,12013700,"B"
"HQC","13:48:14",3.65,0.05,2000,12004100,"B"
"HQC","13:48:04",3.65,0.05,300,12002100,"B"
"HQC","13:47:59",3.65,0.05,700,12001800,"B"
"HQC","13:47:56",3.65,0.05,3000,12001100,"B"
"HQC","13:47:49",3.65,0.05,1000,11998100,"B"
"HQC","13:47:48",3.65,0.05,1300,11997100,"B"
"HQC","13:47:47",3.66,0.06,5000,11995800,"S"
"HQC","13:47:45",3.65,0.05,100,11990800,"B"
"HQC","13:47:38",3.65,0.05,135300,11990700,"B"
"HQC","13:47:34",3.66,0.06,10000,11855400,"S"
"HQC","13:47:33",3.66,0.06,4500,11845400,"S"
"HQC","13:46:59",3.66,0.06,2700,11840900,"B"
"HQC","13:46:55",3.66,0.06,2000,11838200,"B"
"HQC","13:46:50",3.66,0.06,5000,11836200,"B"
"HQC","13:46:42",3.67,0.07,2000,11831200,"S"
"HQC","13:46:34",3.67,0.07,3000,11829200,"S"
"HQC","13:46:34",3.66,0.06,15000,11826200,"B"
"HQC","13:46:19",3.67,0.07,900,11811200,"S"
"HQC","13:46:16",3.67,0.07,1800,11810300,"S"
"HQC","13:46:02",3.67,0.07,5000,11808500,"S"
"HQC","13:45:54",3.67,0.07,100,11803500,"S"
"HQC","13:45:53",3.67,0.07,6000,11803400,"S"
"HQC","13:45:43",3.67,0.07,15000,11797400,"S"
"HQC","13:45:40",3.67,0.07,800,11782400,"S"
"HQC","13:45:32",3.67,0.07,29500,11781600,"B"
"HQC","13:45:30",3.67,0.07,36900,11752100,"S"
"HQC","13:45:15",3.67,0.07,1000,11715200,"S"
"HQC","13:45:07",3.66,0.06,6000,11714200,"B"
"HQC","13:45:01",3.66,0.06,30600,11708200,"S"
"HQC","13:44:59",3.65,0.05,1000,11677600,"B"
"HQC","13:44:53",3.65,0.05,200,11676600,"B"
"HQC","13:44:51",3.65,0.05,8200,11676400,"B"
"HQC","13:44:49",3.65,0.05,1500,11668200,"B"
"HQC","13:44:45",3.65,0.05,300,11666700,"B"
"HQC","13:44:38",3.65,0.05,500,11666400,"B"
"HQC","13:44:30",3.65,0.05,1000,11665900,"B"
"HQC","13:44:27",3.65,0.05,34300,11664900,"S"
"HQC","13:44:24",3.65,0.05,400,11630600,"S"
"HQC","13:44:24",3.64,0.04,300,11630200,"B"
"HQC","13:44:09",3.64,0.04,100,11629900,"B"
"HQC","13:44:03",3.65,0.05,200,11629800,"S"
"HQC","13:44:00",3.65,0.05,100,11629600,"S"
"HQC","13:43:57",3.65,0.05,1400,11629500,"B"
"HQC","13:43:54",3.65,0.05,40000,11628100,"B"
"HQC","13:43:51",3.65,0.05,5000,11588100,"B"
"HQC","13:43:35",3.65,0.05,300,11583100,"B"
"HQC","13:43:25",3.65,0.05,20000,11582800,"B"
"HQC","13:43:21",3.66,0.06,15000,11562800,"S"
"HQC","13:43:16",3.66,0.06,10000,11547800,"S"
"HQC","13:43:14",3.65,0.05,400,11537800,"B"
"HQC","13:43:12",3.65,0.05,11000,11537400,"B"
"HQC","13:43:08",3.65,0.05,10000,11526400,"B"
"HQC","13:43:04",3.65,0.05,900,11516400,"B"
"HQC","13:43:00",3.65,0.05,2000,11515500,"B"
"HQC","13:42:58",3.65,0.05,3500,11513500,"B"
"HQC","13:42:52",3.66,0.06,1000,11510000,"S"
"HQC","13:42:49",3.66,0.06,6100,11509000,"B"
"HQC","13:42:25",3.66,0.06,1000,11502900,"B"
"HQC","13:42:17",3.67,0.07,3500,11501900,"S"
"HQC","13:41:49",3.67,0.07,10500,11498400,"S"
"HQC","13:41:47",3.66,0.06,17000,11487900,"S"
"HQC","13:41:44",3.65,0.05,100,11470900,"B"
"HQC","13:41:42",3.65,0.05,200,11470800,"B"
"HQC","13:41:38",3.65,0.05,2500,11470600,"B"
"HQC","13:41:31",3.65,0.05,200,11468100,"B"
"HQC","13:41:29",3.65,0.05,1000,11467900,"B"
"HQC","13:41:19",3.65,0.05,100,11466900,"B"
"HQC","13:41:16",3.65,0.05,500,11466800,"B"
"HQC","13:41:15",3.65,0.05,600,11466300,"B"
"HQC","13:41:13",3.65,0.05,5000,11465700,"B"
"HQC","13:41:06",3.65,0.05,1200,11460700,"B"
"HQC","13:40:47",3.65,0.05,500,11459500,"B"
"HQC","13:40:43",3.65,0.05,5000,11459000,"B"
"HQC","13:40:37",3.65,0.05,500,11454000,"B"
"HQC","13:40:22",3.65,0.05,500,11453500,"B"
"HQC","13:40:17",3.66,0.06,6900,11453000,"S"
"HQC","13:40:15",3.65,0.05,14000,11446100,"B"
"HQC","13:39:50",3.65,0.05,5500,11432100,"S"
"HQC","13:39:45",3.65,0.05,4900,11426600,"S"
"HQC","13:39:44",3.65,0.05,4900,11421700,"S"
"HQC","13:39:42",3.65,0.05,1500,11416800,"S"
"HQC","13:39:41",3.65,0.05,1000,11415300,"S"
"HQC","13:39:40",3.65,0.05,100,11414300,"S"
"HQC","13:39:37",3.65,0.05,100,11414200,"S"
"HQC","13:39:36",3.65,0.05,1000,11414100,"S"
"HQC","13:39:35",3.65,0.05,2000,11413100,"S"
"HQC","13:39:34",3.65,0.05,1000,11411100,"S"
"HQC","13:39:29",3.65,0.05,100,11410100,"S"
"HQC","13:39:20",3.65,0.05,11000,11410000,"S"
"HQC","13:39:19",3.65,0.05,70400,11399000,"B"
"HQC","13:39:12",3.66,0.06,1500,11328600,"B"
"HQC","13:39:11",3.66,0.06,1000,11327100,"B"
"HQC","13:39:00",3.66,0.06,1000,11326100,"B"
"HQC","13:38:58",3.66,0.06,4000,11325100,"B"
"HQC","13:38:47",3.66,0.06,3000,11321100,"B"
"HQC","13:38:29",3.66,0.06,2500,11318100,"S"
"HQC","13:38:26",3.66,0.06,100,11315600,"S"
"HQC","13:38:21",3.66,0.06,600,11315500,"S"
"HQC","13:38:20",3.65,0.05,300,11314900,"B"
"HQC","13:38:18",3.65,0.05,5000,11314600,"B"
"HQC","13:38:18",3.65,0.05,1200,11309600,"B"
"HQC","13:38:17",3.65,0.05,2000,11308400,"B"
"HQC","13:38:14",3.65,0.05,9300,11306400,"B"
"HQC","13:38:04",3.65,0.05,4000,11297100,"B"
"HQC","13:38:02",3.65,0.05,1500,11293100,"B"
"HQC","13:37:59",3.65,0.05,200,11291600,"B"
"HQC","13:37:48",3.65,0.05,200,11291400,"B"
"HQC","13:37:41",3.66,0.06,700,11291200,"S"
"HQC","13:37:34",3.66,0.06,1000,11290500,"S"
"HQC","13:37:26",3.66,0.06,6400,11289500,"B"
"HQC","13:37:12",3.66,0.06,1400,11283100,"B"
"HQC","13:37:10",3.66,0.06,100,11281700,"B"
"HQC","13:37:00",3.66,0.06,300,11281600,"S"
"HQC","13:36:58",3.67,0.07,10000,11281300,"S"
"HQC","13:36:53",3.65,0.05,3300,11271300,"B"
"HQC","13:36:53",3.66,0.06,1700,11268000,"B"
"HQC","13:36:50",3.66,0.06,10000,11265300,"B"
"HQC","13:36:42",3.66,0.06,50000,11255300,"B"
"HQC","13:36:32",3.66,0.06,100,11205300,"B"
"HQC","13:36:25",3.66,0.06,4200,11205200,"B"
"HQC","13:35:54",3.67,0.07,100,11201000,"S"
"HQC","13:35:53",3.67,0.07,100,11200900,"S"
"HQC","13:35:48",3.67,0.07,94500,11200800,"B"
"HQC","13:35:44",3.68,0.08,100,11106300,"S"
"HQC","13:35:43",3.67,0.07,200,11106200,"B"
"HQC","13:35:37",3.67,0.07,5000,11106000,"B"
"HQC","13:35:22",3.67,0.07,3000,11101000,"B"
"HQC","13:35:22",3.67,0.07,400,11098000,"B"
"HQC","13:35:14",3.68,0.08,200,11097600,"S"
"HQC","13:34:57",3.68,0.08,200,11097400,"S"
"HQC","13:34:57",3.67,0.07,100,11097200,"B"
"HQC","13:34:53",3.68,0.08,300,11097100,"S"
"HQC","13:34:31",3.68,0.08,100,11096800,"S"
"HQC","13:34:30",3.67,0.07,2000,11096700,"B"
"HQC","13:34:23",3.68,0.08,300,11094700,"B"
"HQC","13:34:19",3.68,0.08,10000,11094400,"B"
"HQC","13:34:18",3.68,0.08,100,11084400,"B"
"HQC","13:34:12",3.68,0.08,42600,11084300,"S"
"HQC","13:34:10",3.67,0.07,500,11041700,"B"
"HQC","13:34:01",3.67,0.07,4000,11041200,"B"
"HQC","13:33:58",3.68,0.08,4000,11037200,"B"
"HQC","13:33:55",3.68,0.08,100,11033200,"B"
"HQC","13:33:51",3.68,0.08,2000,11033100,"B"
"HQC","13:33:49",3.68,0.08,36300,11031100,"B"
"HQC","13:33:47",3.69,0.09,2300,10994800,"S"
"HQC","13:33:43",3.68,0.08,4000,10992500,"B"
"HQC","13:33:41",3.68,0.08,300,10988500,"B"
"HQC","13:33:41",3.68,0.08,5000,10988200,"B"
"HQC","13:33:40",3.69,0.09,1000,10983200,"S"
"HQC","13:33:32",3.69,0.09,100,10982200,"S"
"HQC","13:33:26",3.68,0.08,2000,10982100,"B"
"HQC","13:33:07",3.69,0.09,800,10980100,"S"
"HQC","13:32:35",3.69,0.09,4300,10979300,"S"
"HQC","13:32:35",3.68,0.08,300,10975000,"B"
"HQC","13:32:32",3.68,0.08,200,10974700,"B"
"HQC","13:32:27",3.69,0.09,30000,10974500,"S"
"HQC","13:32:17",3.69,0.09,2000,10944500,"S"
"HQC","13:32:08",3.69,0.09,200,10942500,"S"
"HQC","13:32:07",3.69,0.09,600,10942300,"B"
"HQC","13:32:00",3.69,0.09,100,10941700,"B"
"HQC","13:31:27",3.68,0.08,900,10941600,"B"
"HQC","13:31:27",3.69,0.09,15200,10940700,"B"
"HQC","13:31:25",3.69,0.09,2000,10925500,"B"
"HQC","13:31:24",3.69,0.09,5800,10923500,"S"
"HQC","13:31:23",3.69,0.09,5500,10917700,"S"
"HQC","13:31:19",3.69,0.09,5000,10912200,"S"
"HQC","13:31:17",3.69,0.09,100,10907200,"S"
"HQC","13:31:13",3.69,0.09,13500,10907100,"S"
"HQC","13:31:10",3.69,0.09,1000,10893600,"S"
"HQC","13:30:58",3.69,0.09,20000,10892600,"S"
"HQC","13:30:53",3.69,0.09,20000,10872600,"S"
"HQC","13:30:44",3.69,0.09,2000,10852600,"S"
"HQC","13:30:37",3.69,0.09,5000,10850600,"S"
"HQC","13:30:24",3.69,0.09,100,10845600,"S"
"HQC","13:30:23",3.68,0.08,1500,10845500,"B"
"HQC","13:30:19",3.68,0.08,10000,10844000,"B"
"HQC","13:30:17",3.68,0.08,1200,10834000,"B"
"HQC","13:30:02",3.68,0.08,500,10832800,"B"
"HQC","13:29:40",3.68,0.08,1100,10832300,"B"
"HQC","13:29:27",3.68,0.08,4600,10831200,"B"
"HQC","13:29:24",3.69,0.09,500,10826600,"S"
"HQC","13:29:19",3.68,0.08,200,10826100,"B"
"HQC","13:29:07",3.68,0.08,1400,10825900,"S"
"HQC","13:29:05",3.68,0.08,10000,10824500,"S"
"HQC","13:29:04",3.68,0.08,3100,10814500,"S"
"HQC","13:29:03",3.68,0.08,4000,10811400,"S"
"HQC","13:28:48",3.68,0.08,1000,10807400,"S"
"HQC","13:28:31",3.67,0.07,600,10806400,"S"
"HQC","13:28:31",3.67,0.07,5000,10805800,"S"
"HQC","13:28:30",3.67,0.07,900,10800800,"S"
"HQC","13:28:28",3.67,0.07,500,10799900,"S"
"HQC","13:28:27",3.66,0.06,1000,10799400,"B"
"HQC","13:28:23",3.67,0.07,10000,10798400,"S"
"HQC","13:28:21",3.67,0.07,1000,10788400,"S"
"HQC","13:28:19",3.67,0.07,1000,10787400,"S"
"HQC","13:28:13",3.66,0.06,200,10786400,"S"
"HQC","13:28:13",3.66,0.06,800,10786200,"S"
"HQC","13:28:08",3.66,0.06,3700,10785400,"S"
"HQC","13:28:08",3.66,0.06,1000,10781700,"S"
"HQC","13:28:05",3.66,0.06,500,10780700,"S"
"HQC","13:27:49",3.66,0.06,1000,10780200,"S"
"HQC","13:27:47",3.65,0.05,50500,10779200,"S"
"HQC","13:27:40",3.65,0.05,200,10728700,"S"
"HQC","13:27:39",3.65,0.05,1500,10728500,"S"
"HQC","13:27:38",3.64,0.04,500,10727000,"B"
"HQC","13:27:37",3.65,0.05,2000,10726500,"S"
"HQC","13:27:34",3.65,0.05,100,10724500,"S"
"HQC","13:27:33",3.65,0.05,7200,10724400,"S"
"HQC","13:27:28",3.64,0.04,200,10717200,"B"
"HQC","13:27:28",3.65,0.05,500,10717000,"S"
"HQC","13:27:27",3.65,0.05,6000,10716500,"S"
"HQC","13:27:22",3.64,0.04,5700,10710500,"S"
"HQC","13:27:19",3.64,0.04,16300,10704800,"B"
"HQC","13:27:10",3.65,0.05,1000,10688500,"S"
"HQC","13:27:09",3.65,0.05,1200,10687500,"S"
"HQC","13:27:00",3.64,0.04,2000,10686300,"B"
"HQC","13:26:56",3.65,0.05,3800,10684300,"S"
"HQC","13:26:54",3.65,0.05,5000,10680500,"S"
"HQC","13:26:54",3.65,0.05,5000,10675500,"S"
"HQC","13:26:52",3.65,0.05,2500,10670500,"S"
"HQC","13:26:49",3.65,0.05,10000,10668000,"S"
"HQC","13:26:44",3.65,0.05,10000,10658000,"S"
"HQC","13:26:43",3.65,0.05,100,10648000,"S"
"HQC","13:26:43",3.64,0.04,800,10647900,"B"
"HQC","13:26:39",3.65,0.05,7000,10647100,"S"
"HQC","13:26:23",3.65,0.05,100,10640100,"S"
"HQC","13:26:21",3.64,0.04,1000,10640000,"B"
"HQC","13:26:17",3.64,0.04,4400,10639000,"S"
"HQC","13:26:14",3.64,0.04,1600,10634600,"B"
"HQC","13:26:08",3.64,0.04,500,10633000,"B"
"HQC","13:26:06",3.64,0.04,500,10632500,"S"
"HQC","13:26:02",3.63,0.03,400,10632000,"B"
"HQC","13:25:53",3.65,0.05,1000,10631600,"S"
"HQC","13:25:52",3.63,0.03,300,10630600,"B"
"HQC","13:25:51",3.64,0.04,600,10630300,"S"
"HQC","13:25:50",3.63,0.03,700,10629700,"B"
"HQC","13:25:48",3.63,0.03,1700,10629000,"B"
"HQC","13:25:44",3.63,0.03,4000,10627300,"B"
"HQC","13:25:40",3.63,0.03,20000,10623300,"B"
"HQC","13:25:38",3.63,0.03,4000,10603300,"S"
"HQC","13:25:33",3.63,0.03,1000,10599300,"S"
"HQC","13:25:33",3.62,0.02,300,10598300,"B"
"HQC","13:25:33",3.63,0.03,500,10598000,"S"
"HQC","13:25:26",3.63,0.03,100,10597500,"S"
"HQC","13:25:22",3.63,0.03,4900,10597400,"B"
"HQC","13:25:17",3.63,0.03,100,10592500,"B"
"HQC","13:25:17",3.64,0.04,10000,10592400,"S"
"HQC","13:25:16",3.63,0.03,500,10582400,"B"
"HQC","13:25:09",3.63,0.03,6000,10581900,"B"
"HQC","13:24:56",3.62,0.02,2600,10575900,"B"
"HQC","13:24:56",3.63,0.03,2400,10573300,"B"
"HQC","13:24:53",3.63,0.03,1000,10570900,"B"
"HQC","13:24:49",3.63,0.03,2700,10569900,"S"
"HQC","13:24:44",3.63,0.03,500,10567200,"B"
"HQC","13:24:41",3.63,0.03,5000,10566700,"B"
"HQC","13:24:40",3.63,0.03,1500,10561700,"B"
"HQC","13:24:40",3.63,0.03,1000,10560200,"B"
"HQC","13:24:39",3.63,0.03,5000,10559200,"B"
"HQC","13:24:26",3.63,0.03,14600,10554200,"B"
"HQC","13:24:23",3.63,0.03,2000,10539600,"B"
"HQC","13:24:21",3.63,0.03,4800,10537600,"B"
"HQC","13:24:20",3.63,0.03,3000,10532800,"B"
"HQC","13:24:18",3.64,0.04,100,10529800,"S"
"HQC","13:24:16",3.64,0.04,500,10529700,"S"
"HQC","13:24:15",3.64,0.04,400,10529200,"S"
"HQC","13:24:00",3.64,0.04,6000,10528800,"B"
"HQC","13:24:00",3.64,0.04,700,10522800,"B"
"HQC","13:23:55",3.65,0.05,13700,10522100,"B"
"HQC","13:23:51",3.65,0.05,71300,10508400,"B"
"HQC","13:23:51",3.66,0.06,1600,10437100,"S"
"HQC","13:23:43",3.65,0.05,3600,10435500,"B"
"HQC","13:23:41",3.65,0.05,300,10431900,"B"
"HQC","13:23:40",3.66,0.06,10900,10431600,"S"
"HQC","13:23:37",3.65,0.05,10000,10420700,"B"
"HQC","13:23:34",3.66,0.06,4000,10410700,"S"
"HQC","13:23:33",3.66,0.06,500,10406700,"S"
"HQC","13:23:32",3.65,0.05,20600,10406200,"B"
"HQC","13:23:27",3.65,0.05,81700,10385600,"B"
"HQC","13:23:24",3.65,0.05,100,10303900,"B"
"HQC","13:23:23",3.66,0.06,300,10303800,"S"
"HQC","13:23:19",3.66,0.06,100,10303500,"S"
"HQC","13:23:15",3.66,0.06,1000,10303400,"S"
"HQC","13:23:06",3.66,0.06,600,10302400,"B"
"HQC","13:23:02",3.65,0.05,26500,10301800,"B"
"HQC","13:23:02",3.66,0.06,3500,10275300,"B"
"HQC","13:23:00",3.66,0.06,3500,10271800,"S"
"HQC","13:22:58",3.66,0.06,1500,10268300,"B"
"HQC","13:22:57",3.66,0.06,3000,10266800,"B"
"HQC","13:22:45",3.66,0.06,5000,10263800,"B"
"HQC","13:22:43",3.66,0.06,1100,10258800,"S"
"HQC","13:22:39",3.66,0.06,1000,10257700,"S"
"HQC","13:22:38",3.66,0.06,5000,10256700,"S"
"HQC","13:22:37",3.66,0.06,300,10251700,"S"
"HQC","13:22:34",3.66,0.06,200,10251400,"S"
"HQC","13:22:32",3.66,0.06,10200,10251200,"S"
"HQC","13:22:28",3.66,0.06,500,10241000,"S"
"HQC","13:22:16",3.66,0.06,63100,10240500,"B"
"HQC","13:22:16",3.67,0.07,2700,10177400,"B"
"HQC","13:22:16",3.68,0.08,16700,10174700,"B"
"HQC","13:22:14",3.68,0.08,1000,10158000,"B"
"HQC","13:22:12",3.68,0.08,1000,10157000,"B"
"HQC","13:22:11",3.68,0.08,9000,10156000,"B"
"HQC","13:22:06",3.68,0.08,3000,10147000,"B"
"HQC","13:21:58",3.68,0.08,12000,10144000,"B"
"HQC","13:21:56",3.68,0.08,3100,10132000,"B"
"HQC","13:21:42",3.68,0.08,500,10128900,"B"
"HQC","13:21:31",3.68,0.08,1000,10128400,"B"
"HQC","13:21:30",3.68,0.08,5000,10127400,"B"
"HQC","13:21:24",3.68,0.08,4900,10122400,"B"
"HQC","13:21:24",3.69,0.09,5000,10117500,"B"
"HQC","13:21:19",3.68,0.08,12600,10112500,"B"
"HQC","13:21:19",3.69,0.09,5700,10099900,"B"
"HQC","13:21:11",3.69,0.09,8000,10094200,"B"
"HQC","13:21:09",3.7,0.1,5000,10086200,"S"
"HQC","13:20:53",3.69,0.09,20000,10081200,"B"
"HQC","13:20:42",3.7,0.1,500,10061200,"S"
"HQC","13:20:34",3.7,0.1,7000,10060700,"B"
"HQC","13:20:32",3.7,0.1,1000,10053700,"B"
"HQC","13:20:31",3.7,0.1,5000,10052700,"B"
"HQC","13:20:27",3.7,0.1,6000,10047700,"B"
"HQC","13:20:26",3.71,0.11,1000,10041700,"S"
"HQC","13:20:25",3.7,0.1,400,10040700,"B"
"HQC","13:20:22",3.7,0.1,5000,10040300,"B"
"HQC","13:20:16",3.7,0.1,300,10035300,"B"
"HQC","13:20:12",3.7,0.1,7300,10035000,"B"
"HQC","13:20:04",3.7,0.1,12200,10027700,"B"
"HQC","13:20:00",3.7,0.1,5000,10015500,"B"
"HQC","13:19:56",3.7,0.1,700,10010500,"B"
"HQC","13:19:51",3.7,0.1,14000,10009800,"B"
"HQC","13:19:43",3.71,0.11,10000,9995800,"S"
"HQC","13:19:38",3.71,0.11,100,9985800,"S"
"HQC","13:19:05",3.7,0.1,2000,9985700,"B"
"HQC","13:18:31",3.7,0.1,1000,9983700,"B"
"HQC","13:18:20",3.71,0.11,10000,9982700,"S"
"HQC","13:18:05",3.71,0.11,100,9972700,"S"
"HQC","13:17:59",3.71,0.11,100,9972600,"S"
"HQC","13:17:50",3.71,0.11,200,9972500,"S"
"HQC","13:17:17",3.71,0.11,2000,9972300,"S"
"HQC","13:17:13",3.7,0.1,5000,9970300,"B"
"HQC","13:16:57",3.7,0.1,100,9965300,"B"
"HQC","13:16:47",3.71,0.11,10000,9965200,"S"
"HQC","13:16:03",3.7,0.1,100,9955200,"B"
"HQC","13:16:02",3.7,0.1,500,9955100,"B"
"HQC","13:16:00",3.7,0.1,3000,9954600,"B"
"HQC","13:15:50",3.7,0.1,800,9951600,"S"
"HQC","13:15:49",3.7,0.1,10000,9950800,"S"
"HQC","13:15:47",3.7,0.1,500,9940800,"S"
"HQC","13:15:32",3.7,0.1,5900,9940300,"S"
"HQC","13:15:20",3.7,0.1,5000,9934400,"S"
"HQC","13:15:12",3.7,0.1,1000,9929400,"S"
"HQC","13:15:08",3.69,0.09,2000,9928400,"B"
"HQC","13:14:55",3.7,0.1,4200,9926400,"S"
"HQC","13:14:52",3.7,0.1,500,9922200,"S"
"HQC","13:14:42",3.7,0.1,6900,9921700,"S"
"HQC","13:14:40",3.7,0.1,13000,9914800,"S"
"HQC","13:14:40",3.7,0.1,6000,9901800,"S"
"HQC","13:14:31",3.7,0.1,200,9895800,"S"
"HQC","13:13:49",3.69,0.09,1800,9895600,"B"
"HQC","13:13:46",3.69,0.09,100,9893800,"B"
"HQC","13:13:41",3.69,0.09,1100,9893700,"S"
"HQC","13:13:36",3.69,0.09,8900,9892600,"B"
"HQC","13:13:34",3.69,0.09,400,9883700,"B"
"HQC","13:13:18",3.69,0.09,600,9883300,"B"
"HQC","13:13:15",3.69,0.09,800,9882700,"B"
"HQC","13:13:13",3.69,0.09,300,9881900,"S"
"HQC","13:13:11",3.69,0.09,1400,9881600,"S"
"HQC","13:13:09",3.69,0.09,1000,9880200,"S"
"HQC","13:12:56",3.69,0.09,7900,9879200,"B"
"HQC","13:12:52",3.69,0.09,500,9871300,"B"
"HQC","13:12:52",3.7,0.1,10000,9870800,"S"
"HQC","13:12:29",3.68,0.08,4000,9860800,"B"
"HQC","13:12:22",3.7,0.1,1000,9856800,"S"
"HQC","13:12:19",3.69,0.09,10000,9855800,"B"
"HQC","13:12:17",3.7,0.1,1000,9845800,"S"
"HQC","13:12:03",3.7,0.1,10000,9844800,"S"
"HQC","13:12:02",3.7,0.1,1800,9834800,"S"
"HQC","13:11:57",3.7,0.1,1600,9833000,"S"
"HQC","13:11:57",3.69,0.09,8400,9831400,"S"
"HQC","13:11:56",3.69,0.09,2100,9823000,"S"
"HQC","13:11:47",3.69,0.09,1000,9820900,"S"
"HQC","13:11:33",3.69,0.09,21500,9819900,"B"
"HQC","13:11:22",3.69,0.09,1000,9798400,"B"
"HQC","13:11:20",3.69,0.09,300,9797400,"B"
"HQC","13:10:58",3.69,0.09,1000,9797100,"B"
"HQC","13:10:57",3.69,0.09,900,9796100,"S"
"HQC","13:10:56",3.69,0.09,100,9795200,"S"
"HQC","13:10:49",3.69,0.09,1000,9795100,"S"
"HQC","13:10:44",3.7,0.1,9000,9794100,"S"
"HQC","13:10:44",3.69,0.09,1000,9785100,"S"
"HQC","13:10:44",3.69,0.09,9000,9784100,"S"
"HQC","13:10:43",3.69,0.09,19300,9775100,"B"
"HQC","13:10:21",3.7,0.1,8100,9755800,"S"
"HQC","13:10:21",3.69,0.09,1900,9747700,"S"
"HQC","13:10:06",3.69,0.09,1000,9745800,"S"
"HQC","13:10:05",3.69,0.09,200,9744800,"S"
"HQC","13:10:05",3.69,0.09,16900,9744600,"B"
"HQC","13:10:04",3.7,0.1,1000,9727700,"S"
"HQC","13:10:03",3.7,0.1,20000,9726700,"S"
"HQC","13:09:47",3.7,0.1,100,9706700,"S"
"HQC","13:09:41",3.7,0.1,10000,9706600,"S"
"HQC","13:09:33",3.7,0.1,10000,9696600,"S"
"HQC","13:09:24",3.7,0.1,100,9686600,"S"
"HQC","13:09:23",3.69,0.09,3300,9686500,"B"
"HQC","13:09:20",3.69,0.09,100,9683200,"B"
"HQC","13:09:17",3.69,0.09,3000,9683100,"B"
"HQC","13:09:10",3.69,0.09,100,9680100,"B"
"HQC","13:09:07",3.7,0.1,41800,9680000,"S"
"HQC","13:08:58",3.69,0.09,25800,9638200,"B"
"HQC","13:08:56",3.7,0.1,100,9612400,"S"
"HQC","13:08:48",3.7,0.1,1000,9612300,"S"
"HQC","13:08:36",3.7,0.1,100,9611300,"S"
"HQC","13:08:34",3.7,0.1,1200,9611200,"S"
"HQC","13:08:30",3.7,0.1,1500,9610000,"S"
"HQC","13:08:20",3.7,0.1,5000,9608500,"S"
"HQC","13:08:18",3.7,0.1,200,9603500,"S"
"HQC","13:08:09",3.7,0.1,100,9603300,"S"
"HQC","13:08:05",3.7,0.1,700,9603200,"B"
"HQC","13:08:04",3.7,0.1,300,9602500,"B"
"HQC","13:08:03",3.7,0.1,100,9602200,"S"
"HQC","13:08:00",3.7,0.1,7900,9602100,"B"
"HQC","13:08:00",3.7,0.1,1000,9594200,"B"
"HQC","13:07:56",3.7,0.1,20000,9593200,"B"
"HQC","13:07:50",3.7,0.1,1100,9573200,"B"
"HQC","13:07:47",3.7,0.1,200,9572100,"B"
"HQC","13:07:43",3.7,0.1,1000,9571900,"B"
"HQC","13:07:39",3.7,0.1,1400,9570900,"B"
"HQC","13:07:37",3.71,0.11,4000,9569500,"S"
"HQC","13:07:33",3.7,0.1,100,9565500,"B"
"HQC","13:07:25",3.7,0.1,4000,9565400,"B"
"HQC","13:07:24",3.71,0.11,800,9561400,"S"
"HQC","13:07:17",3.71,0.11,3000,9560600,"S"
"HQC","13:07:16",3.7,0.1,200,9557600,"B"
"HQC","13:07:15",3.71,0.11,6100,9557400,"S"
"HQC","13:07:13",3.71,0.11,500,9551300,"S"
"HQC","13:07:10",3.71,0.11,5000,9550800,"S"
"HQC","13:07:07",3.71,0.11,3000,9545800,"S"
"HQC","13:07:05",3.71,0.11,10000,9542800,"S"
"HQC","13:07:03",3.71,0.11,2000,9532800,"S"
"HQC","13:07:03",3.71,0.11,20000,9530800,"S"
"HQC","13:07:00",3.71,0.11,200,9510800,"S"
"HQC","13:06:58",3.7,0.1,1000,9510600,"B"
"HQC","13:06:54",3.7,0.1,600,9509600,"B"
"HQC","13:06:51",3.7,0.1,200,9509000,"B"
"HQC","13:06:49",3.7,0.1,100,9508800,"S"
"HQC","13:06:45",3.69,0.09,4600,9508700,"B"
"HQC","13:06:45",3.7,0.1,400,9504100,"B"
"HQC","13:06:45",3.7,0.1,200,9503700,"S"
"HQC","13:06:44",3.7,0.1,500,9503500,"S"
"HQC","13:06:41",3.69,0.09,3100,9503000,"B"
"HQC","13:06:41",3.7,0.1,900,9499900,"B"
"HQC","13:06:33",3.7,0.1,32100,9499000,"S"
"HQC","13:06:31",3.7,0.1,10000,9466900,"S"
"HQC","13:06:24",3.69,0.09,10000,9456900,"B"
"HQC","13:06:21",3.69,0.09,4000,9446900,"B"
"HQC","13:06:20",3.69,0.09,95000,9442900,"S"
"HQC","13:06:19",3.69,0.09,20000,9347900,"S"
"HQC","13:06:16",3.69,0.09,2800,9327900,"S"
"HQC","13:06:05",3.68,0.08,1000,9325100,"B"
"HQC","13:06:01",3.68,0.08,2000,9324100,"B"
"HQC","13:05:57",3.69,0.09,5000,9322100,"S"
"HQC","13:05:56",3.68,0.08,20000,9317100,"B"
"HQC","13:05:18",3.68,0.08,100,9297100,"B"
"HQC","13:05:16",3.68,0.08,1000,9297000,"B"
"HQC","13:05:03",3.68,0.08,45000,9296000,"B"
"HQC","13:05:00",3.68,0.08,400,9251000,"B"
"HQC","13:04:56",3.68,0.08,15000,9250600,"B"
"HQC","13:04:53",3.68,0.08,10000,9235600,"B"
"HQC","13:04:45",3.68,0.08,10000,9225600,"B"
"HQC","13:04:43",3.68,0.08,3000,9215600,"B"
"HQC","13:04:38",3.68,0.08,3000,9212600,"B"
"HQC","13:04:22",3.68,0.08,2500,9209600,"B"
"HQC","13:04:14",3.68,0.08,20000,9207100,"B"
"HQC","13:04:12",3.68,0.08,35600,9187100,"S"
"HQC","13:04:12",3.67,0.07,20000,9151500,"B"
"HQC","13:04:05",3.67,0.07,5000,9131500,"B"
"HQC","13:03:47",3.67,0.07,2800,9126500,"B"
"HQC","13:03:47",3.68,0.08,200,9123700,"B"
"HQC","13:03:39",3.69,0.09,4400,9123500,"S"
"HQC","13:03:39",3.68,0.08,5600,9119100,"S"
"HQC","13:03:39",3.68,0.08,14400,9113500,"B"
"HQC","13:03:36",3.68,0.08,100,9099100,"B"
"HQC","13:03:32",3.68,0.08,7000,9099000,"S"
"HQC","13:03:32",3.67,0.07,12000,9092000,"B"
"HQC","13:03:30",3.68,0.08,500,9080000,"S"
"HQC","13:03:27",3.68,0.08,30000,9079500,"S"
"HQC","13:03:25",3.67,0.07,20000,9049500,"B"
"HQC","13:03:22",3.67,0.07,1800,9029500,"S"
"HQC","13:03:21",3.67,0.07,6500,9027700,"S"
"HQC","13:03:17",3.67,0.07,10300,9021200,"B"
"HQC","13:03:16",3.67,0.07,500,9010900,"B"
"HQC","13:03:14",3.67,0.07,200,9010400,"B"
"HQC","13:03:13",3.67,0.07,3800,9010200,"B"
"HQC","13:03:09",3.67,0.07,15000,9006400,"B"
"HQC","13:03:09",3.68,0.08,1000,8991400,"S"
"HQC","13:03:02",3.67,0.07,500,8990400,"B"
"HQC","13:03:00",3.67,0.07,1300,8989900,"S"
"HQC","13:02:59",3.67,0.07,10000,8988600,"S"
"HQC","13:02:56",3.66,0.06,100,8978600,"B"
"HQC","13:02:56",3.67,0.07,5000,8978500,"S"
"HQC","13:02:52",3.66,0.06,1700,8973500,"B"
"HQC","13:02:46",3.67,0.07,100,8971800,"S"
"HQC","13:02:43",3.67,0.07,40000,8971700,"S"
"HQC","13:02:42",3.66,0.06,3300,8931700,"B"
"HQC","13:02:35",3.66,0.06,200,8928400,"B"
"HQC","13:02:30",3.67,0.07,2100,8928200,"B"
"HQC","13:02:29",3.67,0.07,53500,8926100,"B"
"HQC","13:02:20",3.68,0.08,5000,8872600,"S"
"HQC","13:02:17",3.68,0.08,300,8867600,"S"
"HQC","13:02:14",3.68,0.08,500,8867300,"S"
"HQC","13:02:07",3.68,0.08,7500,8866800,"B"
"HQC","13:02:06",3.68,0.08,1000,8859300,"B"
"HQC","13:02:05",3.68,0.08,2000,8858300,"B"
"HQC","13:02:02",3.68,0.08,2500,8856300,"B"
"HQC","13:02:02",3.68,0.08,1500,8853800,"B"
"HQC","13:02:01",3.68,0.08,10000,8852300,"B"
"HQC","13:02:00",3.68,0.08,3000,8842300,"B"
"HQC","13:01:53",3.68,0.08,4000,8839300,"B"
"HQC","13:01:49",3.68,0.08,5000,8835300,"B"
"HQC","13:01:48",3.69,0.09,30000,8830300,"S"
"HQC","13:01:47",3.68,0.08,1200,8800300,"B"
"HQC","13:01:37",3.69,0.09,58900,8799100,"B"
"HQC","13:01:33",3.69,0.09,1100,8740200,"B"
"HQC","13:01:31",3.69,0.09,4000,8739100,"B"
"HQC","13:01:26",3.69,0.09,13000,8735100,"B"
"HQC","13:01:21",3.69,0.09,700,8722100,"B"
"HQC","13:01:18",3.69,0.09,5000,8721400,"B"
"HQC","13:01:06",3.69,0.09,24400,8716400,"B"
"HQC","13:01:06",3.69,0.09,200,8692000,"B"
"HQC","13:00:48",3.69,0.09,10100,8691800,"B"
"HQC","13:00:47",3.7,0.1,1000,8681700,"S"
"HQC","13:00:47",3.69,0.09,5000,8680700,"B"
"HQC","13:00:33",3.7,0.1,185500,8675700,"B"
"HQC","13:00:32",3.71,0.11,1400,8490200,"S"
"HQC","13:00:32",3.7,0.1,200,8488800,"B"
"HQC","13:00:31",3.7,0.1,60000,8488600,"B"
"HQC","13:00:27",3.71,0.11,27700,8428600,"B"
"HQC","13:00:25",3.71,0.11,2100,8400900,"B"
"HQC","13:00:21",3.71,0.11,10000,8398800,"B"
"HQC","13:00:20",3.72,0.12,100,8388800,"S"
"HQC","13:00:17",3.71,0.11,8000,8388700,"B"
"HQC","13:00:12",3.71,0.11,2000,8380700,"B"
"HQC","13:00:09",3.72,0.12,200,8378700,"S"
"HQC","13:00:07",3.71,0.11,1000,8378500,"B"
"HQC","13:00:05",3.71,0.11,14000,8377500,"B"
"HQC","13:00:05",3.72,0.12,800,8363500,"S"
"HQC","13:00:04",3.72,0.12,300,8362700,"S"
"HQC","13:00:04",3.71,0.11,13000,8362400,"B"
"HQC","13:00:04",3.72,0.12,200,8349400,"S"
"HQC","13:00:03",3.71,0.11,100,8349200,"B"
"HQC","13:00:03",3.72,0.12,400,8349100,"S"
"HQC","13:00:03",3.71,0.11,30900,8348700,"B"
"HQC","13:00:03",3.71,0.11,2200,8317800,"B"
"HQC","13:00:02",3.72,0.12,200,8315600,"S"
"HQC","13:00:02",3.71,0.11,3500,8315400,"B"
"HQC","11:29:43",3.72,0.12,1000,8311900,"S"
"HQC","11:29:29",3.71,0.11,200,8310900,"B"
"HQC","11:29:22",3.71,0.11,40500,8310700,"B"
"HQC","11:29:21",3.71,0.11,10000,8270200,"B"
"HQC","11:29:20",3.72,0.12,300,8260200,"S"
"HQC","11:29:09",3.72,0.12,100,8259900,"S"
"HQC","11:28:31",3.72,0.12,2400,8259800,"B"
"HQC","11:28:23",3.72,0.12,10000,8257400,"B"
"HQC","11:28:18",3.71,0.11,500,8247400,"B"
"HQC","11:28:14",3.72,0.12,13500,8246900,"B"
"HQC","11:28:02",3.72,0.12,1000,8233400,"B"
"HQC","11:27:48",3.73,0.13,2500,8232400,"S"
"HQC","11:27:40",3.72,0.12,500,8229900,"B"
"HQC","11:27:34",3.73,0.13,1000,8229400,"S"
"HQC","11:27:28",3.72,0.12,100,8228400,"B"
"HQC","11:27:26",3.72,0.12,2700,8228300,"B"
"HQC","11:27:14",3.72,0.12,100,8225600,"B"
"HQC","11:26:54",3.72,0.12,2600,8225500,"S"
"HQC","11:26:51",3.72,0.12,100,8222900,"S"
"HQC","11:26:46",3.72,0.12,700,8222800,"S"
"HQC","11:26:45",3.72,0.12,1000,8222100,"S"
"HQC","11:26:44",3.72,0.12,300,8221100,"B"
"HQC","11:26:34",3.72,0.12,1800,8220800,"S"
"HQC","11:26:33",3.72,0.12,700,8219000,"S"
"HQC","11:26:10",3.72,0.12,1500,8218300,"S"
"HQC","11:26:09",3.71,0.11,1000,8216800,"B"
"HQC","11:26:06",3.72,0.12,2000,8215800,"S"
"HQC","11:26:03",3.72,0.12,1600,8213800,"S"
"HQC","11:25:59",3.72,0.12,100,8212200,"S"
"HQC","11:25:57",3.72,0.12,3300,8212100,"B"
"HQC","11:25:35",3.72,0.12,200,8208800,"B"
"HQC","11:25:31",3.73,0.13,3000,8208600,"S"
"HQC","11:25:16",3.73,0.13,1000,8205600,"S"
"HQC","11:25:15",3.72,0.12,50000,8204600,"B"
"HQC","11:25:11",3.73,0.13,1000,8154600,"S"
"HQC","11:24:43",3.73,0.13,10000,8153600,"S"
"HQC","11:24:39",3.72,0.12,20000,8143600,"B"
"HQC","11:24:38",3.72,0.12,600,8123600,"B"
"HQC","11:24:37",3.72,0.12,3700,8123000,"B"
"HQC","11:24:25",3.72,0.12,5000,8119300,"B"
"HQC","11:24:15",3.73,0.13,900,8114300,"S"
"HQC","11:24:14",3.73,0.13,1100,8113400,"S"
"HQC","11:23:50",3.72,0.12,4000,8112300,"B"
"HQC","11:23:42",3.72,0.12,69000,8108300,"B"
"HQC","11:23:34",3.73,0.13,200,8039300,"S"
"HQC","11:23:29",3.73,0.13,1000,8039100,"S"
"HQC","11:23:29",3.72,0.12,10000,8038100,"B"
"HQC","11:23:20",3.73,0.13,500,8028100,"S"
"HQC","11:23:20",3.72,0.12,15000,8027600,"B"
"HQC","11:23:16",3.73,0.13,100,8012600,"S"
"HQC","11:22:44",3.73,0.13,100,8012500,"S"
"HQC","11:22:44",3.73,0.13,100,8012400,"S"
"HQC","11:22:30",3.73,0.13,3000,8012300,"S"
"HQC","11:22:29",3.72,0.12,400,8009300,"B"
"HQC","11:22:00",3.73,0.13,33900,8008900,"B"
"HQC","11:21:53",3.74,0.14,200,7975000,"S"
"HQC","11:21:40",3.73,0.13,700,7974800,"B"
"HQC","11:21:28",3.73,0.13,41000,7974100,"B"
"HQC","11:21:14",3.74,0.14,200,7933100,"S"
"HQC","11:21:01",3.73,0.13,100,7932900,"B"
"HQC","11:20:31",3.74,0.14,5000,7932800,"S"
"HQC","11:20:20",3.74,0.14,100,7927800,"S"
"HQC","11:20:14",3.74,0.14,2000,7927700,"S"
"HQC","11:19:51",3.74,0.14,100,7925700,"S"
"HQC","11:19:39",3.73,0.13,300,7925600,"B"
"HQC","11:19:30",3.73,0.13,10000,7925300,"B"
"HQC","11:19:13",3.74,0.14,100,7915300,"S"
"HQC","11:18:41",3.74,0.14,3000,7915200,"S"
"HQC","11:18:05",3.73,0.13,5000,7912200,"B"
"HQC","11:17:35",3.73,0.13,300,7907200,"B"
"HQC","11:17:32",3.73,0.13,500,7906900,"B"
"HQC","11:16:59",3.74,0.14,200,7906400,"S"
"HQC","11:16:41",3.73,0.13,100,7906200,"B"
"HQC","11:16:37",3.74,0.14,100,7906100,"S"
"HQC","11:16:25",3.74,0.14,100,7906000,"S"
"HQC","11:16:21",3.74,0.14,100,7905900,"S"
"HQC","11:16:06",3.74,0.14,100,7905800,"S"
"HQC","11:15:53",3.74,0.14,100,7905700,"S"
"HQC","11:15:52",3.74,0.14,400,7905600,"S"
"HQC","11:15:39",3.74,0.14,5000,7905200,"S"
"HQC","11:15:39",3.74,0.14,100,7900200,"S"
"HQC","11:15:23",3.74,0.14,100,7900100,"S"
"HQC","11:15:10",3.74,0.14,100,7900000,"S"
"HQC","11:15:04",3.73,0.13,68300,7899900,"B"
"HQC","11:14:57",3.74,0.14,500,7831600,"S"
"HQC","11:14:55",3.74,0.14,100,7831100,"S"
"HQC","11:14:54",3.73,0.13,30000,7831000,"B"
"HQC","11:14:40",3.74,0.14,200,7801000,"S"
"HQC","11:14:22",3.74,0.14,1200,7800400,"S"
"HQC","11:14:19",3.74,0.14,200,7799200,"S"
"HQC","11:14:07",3.74,0.14,4200,7799000,"B"
"HQC","11:13:59",3.74,0.14,6100,7794800,"S"
"HQC","11:13:54",3.74,0.14,2000,7788700,"S"
"HQC","11:13:43",3.74,0.14,100,7786700,"S"
"HQC","11:13:35",3.74,0.14,12100,7786600,"B"
"HQC","11:13:19",3.75,0.15,1000,7774500,"S"
"HQC","11:13:04",3.75,0.15,900,7773500,"S"
"HQC","11:11:41",3.73,0.13,5700,7772600,"B"
"HQC","11:11:40",3.75,0.15,400,7762600,"S"
"HQC","11:11:18",3.74,0.14,200,7762200,"B"
"HQC","11:11:15",3.74,0.14,500,7762000,"S"
"HQC","11:11:11",3.74,0.14,100,7761500,"S"
"HQC","11:11:03",3.74,0.14,20000,7761400,"S"
"HQC","11:11:01",3.74,0.14,400,7741400,"S"
"HQC","11:10:40",3.74,0.14,400,7741000,"S"
"HQC","11:10:36",3.74,0.14,1000,7740600,"S"
"HQC","11:10:20",3.74,0.14,3000,7739600,"S"
"HQC","11:10:19",3.74,0.14,500,7736600,"S"
"HQC","11:10:15",3.74,0.14,2000,7736100,"S"
"HQC","11:10:13",3.73,0.13,2200,7734100,"B"
"HQC","11:10:03",3.74,0.14,500,7731900,"S"
"HQC","11:09:51",3.74,0.14,500,7731400,"S"
"HQC","11:09:37",3.74,0.14,300,7730900,"S"
"HQC","11:09:25",3.74,0.14,500,7730600,"S"
"HQC","11:09:19",3.74,0.14,100,7730100,"S"
"HQC","11:09:07",3.73,0.13,400,7730000,"B"
"HQC","11:09:00",3.74,0.14,500,7729600,"S"
"HQC","11:08:58",3.73,0.13,200,7729100,"B"
"HQC","11:08:42",3.73,0.13,500,7728900,"B"
"HQC","11:08:29",3.74,0.14,500,7728400,"S"
"HQC","11:08:04",3.73,0.13,6600,7727900,"S"
"HQC","11:08:02",3.73,0.13,100,7721300,"S"
"HQC","11:07:46",3.73,0.13,23300,7721200,"B"
"HQC","11:07:36",3.74,0.14,100,7697900,"S"
"HQC","11:07:20",3.74,0.14,200,7697800,"S"
"HQC","11:07:05",3.74,0.14,200,7697600,"S"
"HQC","11:06:56",3.74,0.14,5000,7697400,"S"
"HQC","11:06:33",3.73,0.13,600,7692400,"S"
"HQC","11:06:19",3.73,0.13,14400,7691800,"B"
"HQC","11:06:11",3.74,0.14,100,7677400,"S"
"HQC","11:06:08",3.74,0.14,400,7677300,"S"
"HQC","11:05:44",3.74,0.14,100,7676900,"S"
"HQC","11:05:24",3.73,0.13,5000,7676800,"B"
"HQC","11:04:58",3.74,0.14,300,7671800,"S"
"HQC","11:04:52",3.74,0.14,200,7671500,"S"
"HQC","11:04:40",3.74,0.14,100,7671300,"S"
"HQC","11:04:35",3.73,0.13,100,7671200,"B"
"HQC","11:04:16",3.74,0.14,10000,7671100,"S"
"HQC","11:04:00",3.74,0.14,100,7661100,"S"
"HQC","11:03:39",3.73,0.13,3000,7661000,"S"
"HQC","11:03:37",3.73,0.13,3000,7658000,"S"
"HQC","11:03:35",3.73,0.13,100,7655000,"S"
"HQC","11:03:34",3.73,0.13,2000,7654900,"S"
"HQC","11:03:20",3.73,0.13,10000,7652900,"S"
"HQC","11:03:07",3.73,0.13,100,7642900,"S"
"HQC","11:03:03",3.73,0.13,1000,7642800,"S"
"HQC","11:03:00",3.73,0.13,2000,7641800,"S"
"HQC","11:02:56",3.73,0.13,100,7639800,"S"
"HQC","11:02:50",3.73,0.13,500,7639700,"S"
"HQC","11:02:50",3.73,0.13,3000,7639200,"S"
"HQC","11:02:47",3.73,0.13,100,7636200,"S"
"HQC","11:02:44",3.73,0.13,100,7636100,"S"
"HQC","11:02:40",3.73,0.13,200,7636000,"S"
"HQC","11:02:36",3.73,0.13,5000,7635800,"S"
"HQC","11:02:32",3.73,0.13,100,7630800,"S"
"HQC","11:02:32",3.73,0.13,1000,7630700,"S"
"HQC","11:02:23",3.73,0.13,1200,7629700,"S"
"HQC","11:02:20",3.73,0.13,2000,7628500,"S"
"HQC","11:02:19",3.73,0.13,3500,7626500,"S"
"HQC","11:02:17",3.73,0.13,100,7623000,"S"
"HQC","11:02:14",3.73,0.13,100,7622900,"S"
"HQC","11:02:06",3.73,0.13,300,7622800,"S"
"HQC","11:02:00",3.73,0.13,10000,7622500,"S"
"HQC","11:01:58",3.73,0.13,300,7612500,"S"
"HQC","11:01:53",3.73,0.13,7300,7612200,"S"
"HQC","11:01:52",3.73,0.13,39700,7604900,"B"
"HQC","11:01:42",3.73,0.13,200,7565200,"B"
"HQC","11:01:34",3.73,0.13,10500,7565000,"B"
"HQC","11:01:21",3.74,0.14,100,7554500,"S"
"HQC","11:01:17",3.74,0.14,100,7554400,"S"
"HQC","11:00:57",3.74,0.14,100,7554300,"B"
"HQC","11:00:48",3.74,0.14,1000,7554200,"S"
"HQC","11:00:42",3.74,0.14,300,7553200,"S"
"HQC","11:00:27",3.74,0.14,800,7552900,"S"
"HQC","11:00:12",3.74,0.14,33000,7552100,"B"
"HQC","10:59:33",3.75,0.15,200,7519100,"B"
"HQC","10:59:32",3.75,0.15,18600,7518900,"B"
"HQC","10:59:13",3.76,0.16,100,7500300,"S"
"HQC","10:59:10",3.76,0.16,2000,7500200,"S"
"HQC","10:58:44",3.76,0.16,7400,7498200,"B"
"HQC","10:57:59",3.76,0.16,20000,7490800,"B"
"HQC","10:57:15",3.76,0.16,300,7470800,"B"
"HQC","10:56:59",3.77,0.17,10000,7470500,"S"
"HQC","10:56:30",3.77,0.17,400,7460500,"S"
"HQC","10:56:24",3.77,0.17,5000,7460100,"S"
"HQC","10:56:10",3.77,0.17,800,7455100,"S"
"HQC","10:56:09",3.77,0.17,10500,7454300,"B"
"HQC","10:56:07",3.77,0.17,60000,7443800,"B"
"HQC","10:55:59",3.78,0.18,7300,7383800,"S"
"HQC","10:55:57",3.78,0.18,1000,7376500,"S"
"HQC","10:55:35",3.78,0.18,10000,7375500,"S"
"HQC","10:55:12",3.78,0.18,500,7365500,"S"
"HQC","10:54:50",3.77,0.17,200,7365000,"B"
"HQC","10:54:18",3.77,0.17,200,7364800,"B"
"HQC","10:54:13",3.77,0.17,100,7364600,"B"
"HQC","10:54:08",3.77,0.17,100,7364500,"B"
"HQC","10:53:55",3.77,0.17,300,7364400,"B"
"HQC","10:53:45",3.77,0.17,1000,7364100,"B"
"HQC","10:53:42",3.77,0.17,300,7363100,"B"
"HQC","10:53:38",3.77,0.17,1000,7362800,"B"
"HQC","10:53:29",3.77,0.17,49000,7361800,"S"
"HQC","10:53:20",3.76,0.16,5000,7312800,"B"
"HQC","10:53:18",3.76,0.16,2000,7307800,"B"
"HQC","10:52:54",3.76,0.16,6000,7305800,"B"
"HQC","10:52:53",3.77,0.17,2000,7299800,"S"
"HQC","10:52:51",3.76,0.16,100,7297800,"B"
"HQC","10:52:42",3.76,0.16,200,7297700,"B"
"HQC","10:52:41",3.76,0.16,1000,7297500,"B"
"HQC","10:52:39",3.77,0.17,1000,7296500,"S"
"HQC","10:52:20",3.76,0.16,3000,7295500,"B"
"HQC","10:52:01",3.76,0.16,200,7292500,"B"
"HQC","10:51:48",3.76,0.16,100,7292300,"B"
"HQC","10:51:26",3.77,0.17,10000,7292200,"S"
"HQC","10:51:24",3.77,0.17,200,7282200,"S"
"HQC","10:51:04",3.77,0.17,1000,7282000,"S"
"HQC","10:50:48",3.77,0.17,1500,7281000,"S"
"HQC","10:50:40",3.76,0.16,15500,7279500,"B"
"HQC","10:50:19",3.77,0.17,100,7264000,"S"
"HQC","10:50:09",3.77,0.17,2800,7263900,"S"
"HQC","10:50:03",3.76,0.16,400,7261100,"B"
"HQC","10:50:02",3.76,0.16,6000,7260700,"B"
"HQC","10:49:43",3.76,0.16,1000,7254700,"B"
"HQC","10:49:35",3.76,0.16,10000,7253700,"B"
"HQC","10:48:50",3.76,0.16,20000,7243700,"B"
"HQC","10:48:42",3.76,0.16,100,7223700,"B"
"HQC","10:48:24",3.76,0.16,1900,7223600,"B"
"HQC","10:47:50",3.76,0.16,15000,7221700,"B"
"HQC","10:46:48",3.76,0.16,300,7206700,"B"
"HQC","10:46:22",3.77,0.17,5000,7206400,"S"
"HQC","10:46:10",3.77,0.17,3000,7201400,"S"
"HQC","10:45:54",3.77,0.17,1400,7198400,"S"
"HQC","10:45:53",3.76,0.16,5200,7197000,"B"
"HQC","10:45:16",3.77,0.17,100,7191800,"S"
"HQC","10:44:44",3.76,0.16,10000,7191700,"B"
"HQC","10:44:13",3.76,0.16,100,7181700,"B"
"HQC","10:43:46",3.76,0.16,1800,7181600,"S"
"HQC","10:43:36",3.76,0.16,100,7179800,"S"
"HQC","10:43:23",3.76,0.16,200,7179700,"S"
"HQC","10:43:22",3.76,0.16,8400,7179500,"B"
"HQC","10:42:59",3.76,0.16,29600,7171100,"S"
"HQC","10:42:38",3.76,0.16,100,7141500,"S"
"HQC","10:42:35",3.76,0.16,2000,7141400,"S"
"HQC","10:41:53",3.76,0.16,2000,7139400,"S"
"HQC","10:41:48",3.76,0.16,1000,7137400,"S"
"HQC","10:41:42",3.76,0.16,3300,7136400,"S"
"HQC","10:41:37",3.76,0.16,100,7133100,"S"
"HQC","10:41:35",3.76,0.16,5000,7133000,"S"
"HQC","10:41:27",3.76,0.16,300,7128000,"S"
"HQC","10:41:12",3.76,0.16,9000,7127700,"S"
"HQC","10:41:08",3.76,0.16,2000,7118700,"S"
"HQC","10:40:56",3.76,0.16,1000,7116700,"S"
"HQC","10:40:44",3.76,0.16,1000,7115700,"S"
"HQC","10:40:38",3.76,0.16,100,7114700,"S"
"HQC","10:40:33",3.76,0.16,300,7114600,"S"
"HQC","10:39:59",3.76,0.16,10000,7114300,"S"
"HQC","10:39:57",3.75,0.15,1000,7104300,"B"
"HQC","10:39:35",3.75,0.15,15200,7103300,"B"
"HQC","10:39:17",3.76,0.16,14800,7088100,"B"
"HQC","10:39:10",3.76,0.16,100,7073300,"B"
"HQC","10:39:09",3.76,0.16,100,7073200,"B"
"HQC","10:39:07",3.76,0.16,100,7073100,"B"
"HQC","10:39:06",3.76,0.16,100,7073000,"B"
"HQC","10:39:04",3.76,0.16,100,7072900,"B"
"HQC","10:38:37",3.76,0.16,500,7072800,"B"
"HQC","10:38:09",3.77,0.17,3000,7072300,"S"
"HQC","10:37:55",3.77,0.17,300,7069300,"S"
"HQC","10:37:50",3.77,0.17,10000,7069000,"S"
"HQC","10:37:22",3.77,0.17,1000,7059000,"S"
"HQC","10:37:10",3.76,0.16,1000,7058000,"B"
"HQC","10:37:07",3.77,0.17,1000,7057000,"S"
"HQC","10:36:54",3.76,0.16,3000,7056000,"B"
"HQC","10:36:48",3.77,0.17,20000,7053000,"S"
"HQC","10:36:48",3.77,0.17,1000,7033000,"S"
"HQC","10:36:27",3.77,0.17,4000,7032000,"S"
"HQC","10:36:18",3.77,0.17,13600,7028000,"S"
"HQC","10:36:18",3.76,0.16,1400,7014400,"S"
"HQC","10:36:09",3.76,0.16,100,7013000,"S"
"HQC","10:35:11",3.76,0.16,500,7012900,"B"
"HQC","10:35:10",3.76,0.16,2500,7012400,"S"
"HQC","10:35:01",3.76,0.16,4800,7009900,"S"
"HQC","10:34:59",3.76,0.16,1000,7005100,"S"
"HQC","10:34:57",3.76,0.16,200,7004100,"S"
"HQC","10:34:43",3.76,0.16,500,7003900,"S"
"HQC","10:34:39",3.76,0.16,900,7003400,"B"
"HQC","10:34:30",3.76,0.16,4100,7002500,"S"
"HQC","10:33:17",3.75,0.15,200,6998400,"B"
"HQC","10:33:12",3.76,0.16,10000,6998200,"S"
"HQC","10:33:09",3.76,0.16,1000,6988200,"S"
"HQC","10:33:02",3.75,0.15,2000,6987200,"B"
"HQC","10:32:45",3.76,0.16,1000,6985200,"S"
"HQC","10:32:42",3.76,0.16,10000,6984100,"S"
"HQC","10:32:40",3.75,0.15,100,6974100,"B"
"HQC","10:32:38",3.76,0.16,200,6974000,"S"
"HQC","10:32:35",3.76,0.16,3000,6973100,"S"
"HQC","10:32:30",3.76,0.16,20100,6970100,"S"
"HQC","10:32:29",3.76,0.16,10000,6950000,"S"
"HQC","10:32:27",3.76,0.16,10000,6940000,"S"
"HQC","10:32:18",3.75,0.15,1000,6930000,"B"
"HQC","10:32:13",3.76,0.16,20000,6929000,"S"
"HQC","10:32:08",3.76,0.16,10000,6909000,"S"
"HQC","10:31:56",3.76,0.16,12000,6899000,"S"
"HQC","10:31:36",3.76,0.16,5000,6887000,"S"
"HQC","10:31:18",3.76,0.16,100,6882000,"S"
"HQC","10:31:07",3.76,0.16,14000,6881900,"S"
"HQC","10:30:50",3.76,0.16,900,6867900,"S"
"HQC","10:30:50",3.75,0.15,4100,6867000,"S"
"HQC","10:30:47",3.75,0.15,1000,6862900,"S"
"HQC","10:30:44",3.75,0.15,10000,6861900,"S"
"HQC","10:30:32",3.74,0.14,100,6851900,"B"
"HQC","10:30:28",3.75,0.15,1000,6851800,"S"
"HQC","10:30:18",3.75,0.15,400,6850800,"S"
"HQC","10:29:33",3.75,0.15,2000,6850400,"S"
"HQC","10:29:23",3.75,0.15,13700,6848400,"S"
"HQC","10:29:12",3.74,0.14,300,6834700,"S"
"HQC","10:29:11",3.74,0.14,2000,6834400,"S"
"HQC","10:28:56",3.73,0.13,6000,6832400,"B"
"HQC","10:28:54",3.74,0.14,100,6826400,"S"
"HQC","10:28:45",3.74,0.14,1300,6826300,"S"
"HQC","10:28:36",3.73,0.13,5000,6825000,"B"
"HQC","10:28:12",3.74,0.14,300,6820000,"S"
"HQC","10:28:06",3.74,0.14,1000,6819700,"S"
"HQC","10:28:03",3.74,0.14,3200,6818700,"B"
"HQC","10:27:50",3.74,0.14,15000,6815500,"B"
"HQC","10:27:42",3.74,0.14,2500,6800500,"S"
"HQC","10:27:41",3.74,0.14,5000,6798000,"S"
"HQC","10:27:40",3.74,0.14,1000,6793000,"S"
"HQC","10:27:33",3.74,0.14,1900,6792000,"S"
"HQC","10:27:30",3.74,0.14,200,6790100,"S"
"HQC","10:27:25",3.74,0.14,300,6789900,"S"
"HQC","10:26:13",3.72,0.12,200,6789600,"B"
"HQC","10:26:13",3.73,0.13,100,6789400,"B"
"HQC","10:26:00",3.73,0.13,800,6789300,"S"
"HQC","10:25:36",3.72,0.12,100,6788500,"B"
"HQC","10:25:35",3.73,0.13,100,6788400,"B"
"HQC","10:25:23",3.71,0.11,13900,6788300,"B"
"HQC","10:25:23",3.72,0.12,100,6774400,"B"
"HQC","10:25:23",3.73,0.13,100,6774300,"B"
"HQC","10:25:21",3.73,0.13,500,6774200,"S"
"HQC","10:25:18",3.71,0.11,18800,6773700,"B"
"HQC","10:25:18",3.72,0.12,3100,6754900,"B"
"HQC","10:25:02",3.72,0.12,37000,6751800,"B"
"HQC","10:25:02",3.73,0.13,200,6714800,"S"
"HQC","10:24:51",3.73,0.13,1300,6714600,"B"
"HQC","10:24:49",3.73,0.13,4000,6713300,"B"
"HQC","10:24:31",3.73,0.13,1800,6709300,"B"
"HQC","10:24:12",3.73,0.13,14000,6707500,"B"
"HQC","10:23:59",3.73,0.13,1700,6693500,"S"
"HQC","10:23:59",3.73,0.13,800,6691800,"S"
"HQC","10:23:58",3.73,0.13,7500,6691000,"B"
"HQC","10:23:55",3.73,0.13,17000,6683500,"B"
"HQC","10:23:41",3.74,0.14,3400,6666500,"B"
"HQC","10:23:40",3.74,0.14,8900,6663100,"B"
"HQC","10:23:27",3.75,0.15,800,6654200,"B"
"HQC","10:23:19",3.75,0.15,41000,6653400,"B"
"HQC","10:23:08",3.75,0.15,300,6612400,"B"
"HQC","10:22:50",3.75,0.15,3600,6612100,"B"
"HQC","10:22:12",3.75,0.15,500,6608500,"B"
"HQC","10:22:04",3.76,0.16,200,6608000,"S"
"HQC","10:21:59",3.76,0.16,200,6607800,"S"
"HQC","10:21:38",3.76,0.16,500,6607600,"S"
"HQC","10:21:37",3.76,0.16,1000,6607100,"S"
"HQC","10:21:36",3.76,0.16,100,6606100,"S"
"HQC","10:21:33",3.76,0.16,200,6606000,"S"
"HQC","10:21:31",3.76,0.16,800,6605800,"S"
"HQC","10:21:19",3.76,0.16,15900,6605000,"B"
"HQC","10:21:15",3.77,0.17,100,6589100,"S"
"HQC","10:21:06",3.76,0.16,100,6589000,"B"
"HQC","10:21:02",3.76,0.16,200,6588900,"B"
"HQC","10:20:53",3.76,0.16,200,6588700,"B"
"HQC","10:20:44",3.77,0.17,100,6588500,"S"
"HQC","10:20:40",3.76,0.16,300,6588400,"B"
"HQC","10:20:12",3.76,0.16,3300,6588100,"B"
"HQC","10:19:50",3.77,0.17,500,6584800,"S"
"HQC","10:19:41",3.77,0.17,700,6584300,"S"
"HQC","10:19:35",3.77,0.17,400,6583600,"S"
"HQC","10:19:33",3.76,0.16,100,6583200,"B"
"HQC","10:19:29",3.76,0.16,4500,6583100,"B"
"HQC","10:19:13",3.76,0.16,100,6578600,"B"
"HQC","10:19:05",3.76,0.16,1700,6578500,"B"
"HQC","10:19:04",3.76,0.16,1600,6576800,"B"
"HQC","10:18:59",3.76,0.16,1800,6575200,"B"
"HQC","10:18:53",3.76,0.16,30000,6573400,"B"
"HQC","10:18:21",3.76,0.16,10400,6543400,"B"
"HQC","10:17:52",3.76,0.16,100,6533000,"B"
"HQC","10:17:39",3.77,0.17,1400,6532900,"S"
"HQC","10:17:35",3.77,0.17,3100,6526500,"S"
"HQC","10:17:30",3.76,0.16,4000,6523400,"B"
"HQC","10:17:28",3.76,0.16,5000,6519400,"B"
"HQC","10:17:16",3.76,0.16,2000,6514400,"B"
"HQC","10:17:03",3.76,0.16,500,6512400,"B"
"HQC","10:15:46",3.76,0.16,1000,6511900,"B"
"HQC","10:15:43",3.77,0.17,200,6510900,"S"
"HQC","10:15:43",3.77,0.17,2500,6510700,"S"
"HQC","10:15:34",3.77,0.17,6700,6508200,"S"
"HQC","10:15:31",3.77,0.17,100,6501500,"S"
"HQC","10:15:23",3.77,0.17,3100,6501400,"S"
"HQC","10:15:20",3.77,0.17,7000,6498300,"B"
"HQC","10:14:50",3.77,0.17,1100,6491300,"B"
"HQC","10:14:42",3.77,0.17,1900,6490200,"B"
"HQC","10:14:31",3.77,0.17,20000,6488300,"B"
"HQC","10:14:24",3.78,0.18,2000,6468300,"S"
"HQC","10:13:55",3.77,0.17,3000,6466300,"B"
"HQC","10:13:49",3.78,0.18,1500,6463300,"S"
"HQC","10:13:19",3.77,0.17,700,6461800,"B"
"HQC","10:13:11",3.77,0.17,200,6461100,"B"
"HQC","10:12:32",3.78,0.18,200,6460900,"S"
"HQC","10:12:27",3.78,0.18,200,6460700,"S"
"HQC","10:12:08",3.78,0.18,300,6460500,"S"
"HQC","10:11:57",3.78,0.18,21000,6460200,"S"
"HQC","10:11:53",3.77,0.17,2100,6439200,"B"
"HQC","10:11:37",3.78,0.18,100,6437100,"S"
"HQC","10:11:34",3.77,0.17,2800,6437000,"B"
"HQC","10:11:25",3.78,0.18,1000,6434200,"S"
"HQC","10:10:27",3.78,0.18,10000,6433200,"S"
"HQC","10:09:39",3.78,0.18,5000,6423200,"S"
"HQC","10:09:38",3.78,0.18,13600,6418200,"S"
"HQC","10:09:33",3.78,0.18,13300,6404600,"B"
"HQC","10:09:27",3.78,0.18,100,6391300,"B"
"HQC","10:09:25",3.78,0.18,1000,6391200,"B"
"HQC","10:09:22",3.78,0.18,1000,6390200,"B"
"HQC","10:09:06",3.78,0.18,100,6389200,"B"
"HQC","10:09:05",3.78,0.18,200,6389100,"B"
"HQC","10:09:01",3.78,0.18,1000,6388900,"B"
"HQC","10:08:57",3.78,0.18,300,6387900,"B"
"HQC","10:08:52",3.79,0.19,200,6387600,"S"
"HQC","10:08:45",3.78,0.18,3000,6387400,"B"
"HQC","10:08:44",3.78,0.18,13000,6384400,"B"
"HQC","10:08:43",3.79,0.19,3000,6371400,"S"
"HQC","10:08:25",3.79,0.19,2000,6368400,"S"
"HQC","10:08:24",3.79,0.19,300,6366400,"S"
"HQC","10:08:14",3.78,0.18,5000,6366100,"B"
"HQC","10:08:13",3.79,0.19,1000,6361100,"S"
"HQC","10:08:13",3.78,0.18,2000,6360100,"B"
"HQC","10:08:07",3.78,0.18,400,6358100,"B"
"HQC","10:07:53",3.79,0.19,1500,6357700,"S"
"HQC","10:07:37",3.78,0.18,2000,6356200,"B"
"HQC","10:07:33",3.78,0.18,1000,6354200,"B"
"HQC","10:07:32",3.78,0.18,2000,6353200,"B"
"HQC","10:07:23",3.78,0.18,4600,6351200,"S"
"HQC","10:07:23",3.78,0.18,15000,6346600,"S"
"HQC","10:07:21",3.78,0.18,10000,6331600,"S"
"HQC","10:07:11",3.78,0.18,2000,6321600,"S"
"HQC","10:07:08",3.78,0.18,200,6319600,"S"
"HQC","10:07:00",3.78,0.18,44000,6319400,"S"
"HQC","10:07:00",3.77,0.17,10000,6275400,"S"
"HQC","10:06:57",3.77,0.17,100,6265400,"S"
"HQC","10:06:55",3.77,0.17,29900,6265300,"B"
"HQC","10:06:49",3.78,0.18,10000,6235400,"S"
"HQC","10:06:43",3.78,0.18,15000,6225400,"S"
"HQC","10:06:29",3.77,0.17,1800,6210400,"B"
"HQC","10:06:16",3.77,0.17,1500,6208600,"B"
"HQC","10:05:59",3.77,0.17,100,6207100,"B"
"HQC","10:05:54",3.77,0.17,5000,6207000,"B"
"HQC","10:05:51",3.78,0.18,4000,6202000,"S"
"HQC","10:05:50",3.78,0.18,100,6198000,"S"
"HQC","10:05:45",3.78,0.18,2000,6197900,"S"
"HQC","10:05:34",3.78,0.18,7600,6195900,"S"
"HQC","10:05:31",3.78,0.18,300,6188300,"S"
"HQC","10:05:28",3.78,0.18,200,6188000,"S"
"HQC","10:05:23",3.78,0.18,19500,6187800,"B"
"HQC","10:05:12",3.78,0.18,500,6168300,"B"
"HQC","10:05:06",3.77,0.17,2400,6167800,"B"
"HQC","10:05:06",3.78,0.18,3600,6165400,"B"
"HQC","10:05:03",3.78,0.18,5000,6161800,"B"
"HQC","10:04:58",3.78,0.18,900,6156800,"B"
"HQC","10:04:45",3.78,0.18,2000,6155900,"B"
"HQC","10:04:27",3.79,0.19,16600,6153900,"S"
"HQC","10:04:25",3.78,0.18,700,6137300,"B"
"HQC","10:04:23",3.78,0.18,100,6136600,"B"
"HQC","10:04:18",3.78,0.18,500,6136500,"B"
"HQC","10:04:06",3.78,0.18,3000,6136000,"B"
"HQC","10:03:56",3.78,0.18,6100,6133000,"S"
"HQC","10:03:52",3.78,0.18,300,6126900,"S"
"HQC","10:03:44",3.78,0.18,5000,6126600,"S"
"HQC","10:03:42",3.77,0.17,1000,6121600,"B"
"HQC","10:03:41",3.78,0.18,52900,6120600,"S"
"HQC","10:03:36",3.78,0.18,5000,6067700,"S"
"HQC","10:03:35",3.78,0.18,4500,6062700,"S"
"HQC","10:03:15",3.78,0.18,1000,6058200,"S"
"HQC","10:02:59",3.77,0.17,1100,6057200,"B"
"HQC","10:02:54",3.78,0.18,1200,6056100,"S"
"HQC","10:02:54",3.77,0.17,800,6054900,"S"
"HQC","10:02:49",3.77,0.17,1000,6054100,"S"
"HQC","10:02:40",3.77,0.17,8400,6053100,"B"
"HQC","10:02:22",3.76,0.16,200,6044700,"B"
"HQC","10:02:22",3.77,0.17,3800,6044500,"B"
"HQC","10:02:19",3.77,0.17,500,6040700,"B"
"HQC","10:02:18",3.78,0.18,1000,6040200,"S"
"HQC","10:02:10",3.77,0.17,7000,6039200,"S"
"HQC","10:02:09",3.77,0.17,3000,6032200,"S"
"HQC","10:02:06",3.77,0.17,15300,6029200,"S"
"HQC","10:01:49",3.76,0.16,13200,6013900,"B"
"HQC","10:01:35",3.76,0.16,2000,6000700,"B"
"HQC","10:01:34",3.77,0.17,300,5998700,"S"
"HQC","10:01:05",3.76,0.16,8900,5998400,"S"
"HQC","10:00:57",3.76,0.16,10000,5989500,"S"
"HQC","10:00:55",3.76,0.16,100,5979500,"S"
"HQC","10:00:53",3.76,0.16,600,5979400,"S"
"HQC","10:00:41",3.76,0.16,100,5978800,"S"
"HQC","10:00:28",3.76,0.16,500,5978700,"S"
"HQC","10:00:24",3.75,0.15,2000,5978200,"B"
"HQC","10:00:19",3.75,0.15,100,5976200,"B"
"HQC","10:00:19",3.75,0.15,3200,5976100,"B"
"HQC","10:00:06",3.76,0.16,10000,5972900,"S"
"HQC","10:00:00",3.75,0.15,6000,5962900,"B"
"HQC","10:00:00",3.75,0.15,2200,5956900,"S"
"HQC","09:59:55",3.74,0.14,100,5936800,"B"
"HQC","09:59:52",3.75,0.15,1000,5936700,"S"
"HQC","09:59:46",3.75,0.15,2000,5935700,"S"
"HQC","09:59:43",3.74,0.14,300,5933700,"B"
"HQC","09:59:42",3.75,0.15,5000,5933400,"S"
"HQC","09:59:42",3.74,0.14,5000,5928400,"B"
"HQC","09:59:36",3.75,0.15,500,5923400,"S"
"HQC","09:59:33",3.74,0.14,200,5922900,"B"
"HQC","09:59:15",3.74,0.14,300,5922700,"B"
"HQC","09:59:11",3.75,0.15,200,5922400,"S"
"HQC","09:59:09",3.75,0.15,15000,5922200,"B"
"HQC","09:59:00",3.75,0.15,300,5907200,"B"
"HQC","09:58:59",3.76,0.16,2000,5906900,"S"
"HQC","09:58:54",3.75,0.15,1000,5904900,"B"
"HQC","09:58:46",3.76,0.16,100,5903900,"S"
"HQC","09:58:43",3.76,0.16,4000,5903800,"S"
"HQC","09:58:34",3.76,0.16,100,5899800,"S"
"HQC","09:58:30",3.75,0.15,100,5899700,"B"
"HQC","09:58:29",3.75,0.15,200,5899600,"B"
"HQC","09:58:28",3.75,0.15,10000,5899400,"B"
"HQC","09:58:15",3.76,0.16,4000,5889400,"S"
"HQC","09:58:12",3.75,0.15,1000,5885400,"B"
"HQC","09:58:07",3.75,0.15,300,5884400,"B"
"HQC","09:58:03",3.75,0.15,600,5884100,"B"
"HQC","09:57:55",3.75,0.15,100,5883500,"B"
"HQC","09:57:48",3.75,0.15,5500,5883400,"B"
"HQC","09:57:47",3.75,0.15,1000,5877900,"B"
"HQC","09:57:34",3.75,0.15,100,5876900,"B"
"HQC","09:57:27",3.75,0.15,500,5876800,"B"
"HQC","09:57:19",3.76,0.16,2400,5876300,"S"
"HQC","09:57:18",3.75,0.15,100,5873900,"B"
"HQC","09:57:17",3.75,0.15,2000,5873800,"S"
"HQC","09:57:10",3.74,0.14,3000,5871800,"B"
"HQC","09:57:03",3.75,0.15,13000,5868800,"S"
"HQC","09:57:01",3.74,0.14,500,5855800,"B"
"HQC","09:56:57",3.74,0.14,9700,5855300,"S"
"HQC","09:56:55",3.74,0.14,200,5845600,"S"
"HQC","09:56:52",3.74,0.14,1000,5845400,"S"
"HQC","09:56:49",3.74,0.14,500,5844400,"S"
"HQC","09:56:48",3.74,0.14,10000,5843900,"S"
"HQC","09:56:43",3.74,0.14,300,5833900,"S"
"HQC","09:56:36",3.73,0.13,1000,5833600,"B"
"HQC","09:56:29",3.74,0.14,5000,5832600,"S"
"HQC","09:56:25",3.74,0.14,500,5827600,"S"
"HQC","09:56:19",3.74,0.14,100,5827100,"S"
"HQC","09:56:18",3.74,0.14,5000,5827000,"S"
"HQC","09:56:15",3.74,0.14,2500,5822000,"S"
"HQC","09:56:13",3.74,0.14,3800,5819500,"B"
"HQC","09:56:06",3.75,0.15,1000,5815700,"S"
"HQC","09:56:02",3.74,0.14,300,5814700,"S"
"HQC","09:56:01",3.74,0.14,1700,5814400,"B"
"HQC","09:55:55",3.74,0.14,9000,5812700,"B"
"HQC","09:55:54",3.74,0.14,5000,5803700,"B"
"HQC","09:55:47",3.74,0.14,3000,5798700,"B"
"HQC","09:55:45",3.75,0.15,100,5795700,"S"
"HQC","09:55:36",3.74,0.14,300,5795600,"B"
"HQC","09:55:33",3.75,0.15,200,5795300,"S"
"HQC","09:55:27",3.75,0.15,20000,5795100,"S"
"HQC","09:55:27",3.75,0.15,34200,5775100,"B"
"HQC","09:55:17",3.75,0.15,200,5735900,"B"
"HQC","09:55:12",3.75,0.15,500,5735700,"B"
"HQC","09:54:57",3.75,0.15,1000,5735200,"B"
"HQC","09:54:56",3.76,0.16,500,5734200,"B"
"HQC","09:54:52",3.75,0.15,7900,5733700,"B"
"HQC","09:54:52",3.76,0.16,26100,5725800,"B"
"HQC","09:54:51",3.76,0.16,800,5699700,"B"
"HQC","09:54:45",3.76,0.16,23900,5698900,"S"
"HQC","09:54:40",3.75,0.15,35000,5675000,"B"
"HQC","09:54:38",3.75,0.15,5000,5640000,"B"
"HQC","09:54:28",3.75,0.15,1000,5635000,"B"
"HQC","09:54:25",3.75,0.15,7000,5634000,"B"
"HQC","09:54:24",3.75,0.15,20000,5627000,"B"
"HQC","09:54:24",3.75,0.15,400,5607000,"B"
"HQC","09:54:22",3.76,0.16,1000,5606600,"S"
"HQC","09:54:19",3.75,0.15,1300,5605600,"B"
"HQC","09:54:12",3.75,0.15,200,5604300,"B"
"HQC","09:54:12",3.76,0.16,500,5604100,"S"
"HQC","09:54:07",3.76,0.16,100,5603600,"S"
"HQC","09:54:04",3.76,0.16,600,5603500,"B"
"HQC","09:54:03",3.76,0.16,3000,5602900,"B"
"HQC","09:54:00",3.76,0.16,20000,5599900,"B"
"HQC","09:53:58",3.77,0.17,500,5579900,"S"
"HQC","09:53:51",3.77,0.17,10000,5579400,"S"
"HQC","09:53:49",3.76,0.16,2000,5569400,"B"
"HQC","09:53:44",3.77,0.17,100,5567400,"S"
"HQC","09:53:43",3.77,0.17,500,5567300,"S"
"HQC","09:53:39",3.77,0.17,5000,5566800,"S"
"HQC","09:53:31",3.77,0.17,2900,5561800,"B"
"HQC","09:53:30",3.77,0.17,8800,5558900,"B"
"HQC","09:53:29",3.77,0.17,4000,5550100,"B"
"HQC","09:53:23",3.77,0.17,3000,5546100,"B"
"HQC","09:53:19",3.77,0.17,200,5543100,"B"
"HQC","09:53:18",3.77,0.17,200,5542900,"B"
"HQC","09:53:05",3.77,0.17,300,5542700,"B"
"HQC","09:53:04",3.77,0.17,500,5542400,"B"
"HQC","09:53:02",3.77,0.17,100,5541900,"B"
"HQC","09:52:56",3.77,0.17,2500,5541800,"S"
"HQC","09:52:40",3.77,0.17,300,5539300,"S"
"HQC","09:52:39",3.77,0.17,200,5539000,"S"
"HQC","09:52:38",3.77,0.17,8500,5538800,"B"
"HQC","09:52:32",3.78,0.18,3000,5530300,"S"
"HQC","09:52:30",3.77,0.17,7500,5527300,"B"
"HQC","09:52:25",3.77,0.17,5000,5519800,"B"
"HQC","09:52:25",3.78,0.18,6500,5514800,"S"
"HQC","09:52:21",3.78,0.18,100,5508300,"S"
"HQC","09:52:15",3.77,0.17,100,5508200,"B"
"HQC","09:52:09",3.78,0.18,300,5508100,"S"
"HQC","09:52:06",3.78,0.18,200,5507800,"S"
"HQC","09:52:03",3.78,0.18,100,5507600,"S"
"HQC","09:52:02",3.78,0.18,25400,5507500,"B"
"HQC","09:52:01",3.78,0.18,5000,5482100,"B"
"HQC","09:51:59",3.78,0.18,500,5477100,"B"
"HQC","09:51:50",3.78,0.18,4400,5476600,"B"
"HQC","09:51:46",3.78,0.18,4000,5472200,"B"
"HQC","09:51:45",3.79,0.19,100000,5468200,"S"
"HQC","09:51:44",3.79,0.19,100,5368200,"S"
"HQC","09:51:42",3.79,0.19,1000,5368100,"S"
"HQC","09:51:39",3.79,0.19,10000,5367100,"S"
"HQC","09:51:30",3.79,0.19,500,5357100,"S"
"HQC","09:51:14",3.79,0.19,10000,5356600,"S"
"HQC","09:51:13",3.79,0.19,1000,5346600,"S"
"HQC","09:51:12",3.79,0.19,100,5344700,"S"
"HQC","09:51:11",3.79,0.19,2000,5344600,"S"
"HQC","09:51:09",3.79,0.19,8800,5342600,"B"
"HQC","09:51:05",3.79,0.19,91200,5333800,"S"
"HQC","09:51:02",3.79,0.19,500,5242600,"S"
"HQC","09:51:00",3.79,0.19,100,5242100,"S"
"HQC","09:50:55",3.79,0.19,1000,5242000,"S"
"HQC","09:50:48",3.79,0.19,2000,5241000,"S"
"HQC","09:50:47",3.79,0.19,13900,5239000,"B"
"HQC","09:50:47",3.79,0.19,2500,5225100,"B"
"HQC","09:50:38",3.79,0.19,7500,5222600,"B"
"HQC","09:50:31",3.79,0.19,10000,5215100,"B"
"HQC","09:50:28",3.79,0.19,5000,5205100,"B"
"HQC","09:50:16",3.79,0.19,1000,5200100,"B"
"HQC","09:50:13",3.79,0.19,1200,5199100,"B"
"HQC","09:50:12",3.8,0.2,1000,5197900,"S"
"HQC","09:50:10",3.8,0.2,28500,5196900,"S"
"HQC","09:50:06",3.79,0.19,500,5168400,"B"
"HQC","09:50:06",3.8,0.2,50000,5167900,"S"
"HQC","09:50:04",3.8,0.2,900,5117900,"S"
"HQC","09:49:58",3.79,0.19,30000,5117000,"B"
"HQC","09:49:55",3.79,0.19,8600,5087000,"B"
"HQC","09:49:55",3.8,0.2,300,5078400,"S"
"HQC","09:49:39",3.8,0.2,500,5078100,"S"
"HQC","09:49:33",3.8,0.2,1000,5077600,"S"
"HQC","09:49:30",3.8,0.2,300,5076600,"S"
"HQC","09:49:29",3.8,0.2,100,5076300,"S"
"HQC","09:49:15",3.8,0.2,3000,5076200,"S"
"HQC","09:49:13",3.8,0.2,2000,5073200,"S"
"HQC","09:49:07",3.8,0.2,800,5071200,"S"
"HQC","09:49:03",3.8,0.2,3000,5070400,"S"
"HQC","09:49:01",3.8,0.2,1000,5067400,"S"
"HQC","09:48:58",3.8,0.2,100,5066400,"S"
"HQC","09:48:48",3.8,0.2,500,5066300,"S"
"HQC","09:48:47",3.8,0.2,9300,5065800,"B"
"HQC","09:48:44",3.8,0.2,1300,5056500,"S"
"HQC","09:48:44",3.8,0.2,100,5055200,"S"
"HQC","09:48:39",3.79,0.19,59500,5055100,"B"
"HQC","09:48:32",3.8,0.2,209500,4955100,"S"
"HQC","09:48:29",3.79,0.19,2000,4745600,"B"
"HQC","09:48:18",3.79,0.19,100,4743600,"B"
"HQC","09:48:16",3.79,0.19,1700,4743500,"B"
"HQC","09:48:06",3.8,0.2,40000,4741800,"S"
"HQC","09:48:04",3.8,0.2,200,4701800,"S"
"HQC","09:48:01",3.8,0.2,100,4701600,"S"
"HQC","09:47:56",3.8,0.2,2000,4701500,"S"
"HQC","09:47:53",3.79,0.19,2000,4699500,"B"
"HQC","09:47:48",3.79,0.19,500,4697500,"B"
"HQC","09:47:47",3.8,0.2,14200,4697000,"S"
"HQC","09:47:42",3.79,0.19,500,4681000,"B"
"HQC","09:47:33",3.8,0.2,500,4680500,"S"
"HQC","09:47:31",3.79,0.19,300,4680000,"B"
"HQC","09:47:25",3.8,0.2,3000,4679700,"S"
"HQC","09:47:24",3.79,0.19,400,4676700,"B"
"HQC","09:47:16",3.79,0.19,19900,4676300,"B"
"HQC","09:47:03",3.79,0.19,9500,4656400,"B"
"HQC","09:46:58",3.79,0.19,13000,4646900,"S"
"HQC","09:46:57",3.79,0.19,100,4633900,"S"
"HQC","09:46:55",3.79,0.19,6900,4633800,"B"
"HQC","09:46:54",3.8,0.2,2000,4626900,"S"
"HQC","09:46:51",3.79,0.19,5000,4624900,"B"
"HQC","09:46:50",3.8,0.2,5000,4619900,"S"
"HQC","09:46:46",3.8,0.2,100,4614900,"S"
"HQC","09:46:44",3.79,0.19,10000,4614800,"B"
"HQC","09:46:40",3.79,0.19,2400,4604800,"B"
"HQC","09:46:40",3.79,0.19,3500,4602400,"B"
"HQC","09:46:35",3.8,0.2,1000,4598900,"S"
"HQC","09:46:34",3.79,0.19,2000,4597900,"B"
"HQC","09:46:30",3.79,0.19,1000,4595900,"B"
"HQC","09:46:29",3.8,0.2,500,4594900,"S"
"HQC","09:46:28",3.79,0.19,2000,4594400,"B"
"HQC","09:46:25",3.79,0.19,500,4592400,"B"
"HQC","09:46:10",3.8,0.2,3000,4591900,"S"
"HQC","09:46:08",3.79,0.19,100,4588900,"B"
"HQC","09:46:05",3.8,0.2,7000,4588800,"S"
"HQC","09:46:02",3.79,0.19,3000,4581800,"B"
"HQC","09:45:48",3.8,0.2,4400,4578800,"S"
"HQC","09:45:39",3.79,0.19,2700,4574400,"B"
"HQC","09:45:24",3.8,0.2,5000,4571700,"S"
"HQC","09:45:16",3.8,0.2,8000,4566700,"S"
"HQC","09:45:07",3.79,0.19,100,4558700,"B"
"HQC","09:45:06",3.8,0.2,1000,4558600,"S"
"HQC","09:45:04",3.8,0.2,25000,4557600,"S"
"HQC","09:45:04",3.79,0.19,600,4532600,"B"
"HQC","09:45:03",3.8,0.2,1000,4532000,"S"
"HQC","09:45:01",3.79,0.19,2000,4531000,"B"
"HQC","09:44:58",3.79,0.19,1000,4529000,"B"
"HQC","09:44:51",3.79,0.19,4400,4528000,"B"
"HQC","09:44:36",3.79,0.19,100,4523600,"B"
"HQC","09:44:30",3.79,0.19,10000,4523500,"B"
"HQC","09:44:21",3.79,0.19,5000,4513500,"B"
"HQC","09:44:13",3.8,0.2,10300,4508500,"S"
"HQC","09:44:07",3.79,0.19,3000,4498200,"B"
"HQC","09:43:59",3.79,0.19,4000,4495200,"B"
"HQC","09:43:57",3.79,0.19,1000,4491200,"B"
"HQC","09:43:57",3.79,0.19,500,4490200,"B"
"HQC","09:43:51",3.79,0.19,100,4489700,"B"
"HQC","09:43:48",3.79,0.19,4000,4489600,"B"
"HQC","09:43:46",3.79,0.19,1000,4485600,"B"
"HQC","09:43:43",3.79,0.19,4300,4484600,"B"
"HQC","09:43:36",3.79,0.19,2200,4480300,"B"
"HQC","09:43:34",3.79,0.19,100,4478100,"B"
"HQC","09:43:32",3.79,0.19,20000,4478000,"B"
"HQC","09:43:30",3.79,0.19,200,4458000,"B"
"HQC","09:43:29",3.79,0.19,82000,4457800,"S"
"HQC","09:43:28",3.79,0.19,200,4375800,"S"
"HQC","09:43:26",3.79,0.19,5800,4375600,"S"
"HQC","09:43:25",3.79,0.19,8000,4369800,"S"
"HQC","09:43:24",3.79,0.19,800,4361800,"S"
"HQC","09:43:23",3.79,0.19,100,4361000,"S"
"HQC","09:43:22",3.79,0.19,100,4360900,"S"
"HQC","09:43:16",3.79,0.19,1800,4360800,"S"
"HQC","09:43:13",3.79,0.19,5000,4359000,"S"
"HQC","09:43:11",3.79,0.19,10000,4354000,"S"
"HQC","09:43:10",3.79,0.19,1000,4344000,"S"
"HQC","09:43:08",3.79,0.19,100,4343000,"S"
"HQC","09:43:06",3.79,0.19,46000,4342900,"S"
"HQC","09:43:02",3.79,0.19,9500,4296900,"S"
"HQC","09:43:00",3.78,0.18,1000,4287400,"B"
"HQC","09:42:57",3.78,0.18,400,4286400,"B"
"HQC","09:42:52",3.79,0.19,100,4286000,"S"
"HQC","09:42:51",3.79,0.19,100,4285900,"S"
"HQC","09:42:38",3.79,0.19,1800,4285800,"S"
"HQC","09:42:35",3.78,0.18,4000,4284000,"B"
"HQC","09:42:29",3.78,0.18,500,4280000,"B"
"HQC","09:42:21",3.78,0.18,4000,4279500,"B"
"HQC","09:42:20",3.79,0.19,7200,4275500,"S"
"HQC","09:42:19",3.78,0.18,300,4268300,"B"
"HQC","09:42:09",3.79,0.19,10000,4268000,"S"
"HQC","09:42:08",3.79,0.19,1000,4258000,"S"
"HQC","09:42:03",3.78,0.18,200,4257000,"B"
"HQC","09:42:02",3.78,0.18,22500,4256800,"B"
"HQC","09:42:00",3.79,0.19,7000,4234300,"S"
"HQC","09:41:49",3.78,0.18,2000,4227300,"B"
"HQC","09:41:45",3.79,0.19,30000,4225300,"S"
"HQC","09:41:45",3.78,0.18,300,4195300,"B"
"HQC","09:41:39",3.79,0.19,1500,4195000,"S"
"HQC","09:41:39",3.78,0.18,800,4193500,"B"
"HQC","09:41:38",3.78,0.18,300,4192700,"B"
"HQC","09:41:36",3.78,0.18,500,4192400,"B"
"HQC","09:41:36",3.78,0.18,8700,4191900,"B"
"HQC","09:41:32",3.79,0.19,37000,4183200,"S"
"HQC","09:41:30",3.78,0.18,3000,4146200,"B"
"HQC","09:41:30",3.78,0.18,500,4143200,"B"
"HQC","09:41:29",3.78,0.18,1000,4142700,"B"
"HQC","09:41:25",3.78,0.18,200,4141700,"B"
"HQC","09:41:25",3.79,0.19,100,4141500,"S"
"HQC","09:41:24",3.78,0.18,15000,4141400,"B"
"HQC","09:41:23",3.78,0.18,5000,4126400,"B"
"HQC","09:41:20",3.78,0.18,500,4121400,"B"
"HQC","09:41:19",3.78,0.18,2000,4120900,"B"
"HQC","09:41:18",3.78,0.18,1000,4118900,"B"
"HQC","09:41:16",3.78,0.18,1000,4117900,"B"
"HQC","09:41:15",3.78,0.18,30100,4116900,"B"
"HQC","09:41:13",3.78,0.18,20000,4086800,"B"
"HQC","09:41:12",3.78,0.18,500,4066800,"B"
"HQC","09:41:10",3.79,0.19,200,4066300,"S"
"HQC","09:41:09",3.78,0.18,5000,4066100,"B"
"HQC","09:41:06",3.79,0.19,100,4061100,"S"
"HQC","09:41:01",3.79,0.19,2000,4061000,"S"
"HQC","09:40:57",3.78,0.18,10000,4059000,"B"
"HQC","09:40:55",3.78,0.18,100,4049000,"B"
"HQC","09:40:54",3.78,0.18,5000,4048900,"B"
"HQC","09:40:48",3.78,0.18,500,4043900,"B"
"HQC","09:40:43",3.78,0.18,1000,4043400,"B"
"HQC","09:40:34",3.79,0.19,200,4042400,"S"
"HQC","09:40:32",3.79,0.19,1000,4042200,"S"
"HQC","09:40:31",3.78,0.18,1000,4041200,"B"
"HQC","09:40:28",3.79,0.19,10000,4040200,"S"
"HQC","09:40:25",3.79,0.19,16400,4030200,"B"
"HQC","09:40:24",3.79,0.19,9000,4013800,"B"
"HQC","09:40:19",3.79,0.19,1000,4004800,"B"
"HQC","09:40:15",3.8,0.2,100,4003800,"S"
"HQC","09:40:10",3.79,0.19,5000,4003700,"B"
"HQC","09:40:08",3.79,0.19,200,3998700,"B"
"HQC","09:40:05",3.79,0.19,100,3998500,"B"
"HQC","09:39:51",3.79,0.19,100,3998400,"B"
"HQC","09:39:50",3.79,0.19,50000,3998300,"B"
"HQC","09:39:48",3.8,0.2,10000,3948300,"S"
"HQC","09:39:33",3.8,0.2,900,3938300,"S"
"HQC","09:39:28",3.8,0.2,12000,3937400,"S"
"HQC","09:39:26",3.79,0.19,1000,3925400,"B"
"HQC","09:39:25",3.8,0.2,5500,3924400,"S"
"HQC","09:39:22",3.79,0.19,100,3918900,"B"
"HQC","09:39:18",3.8,0.2,100,3918800,"S"
"HQC","09:39:16",3.79,0.19,2000,3918700,"B"
"HQC","09:39:13",3.8,0.2,200,3916700,"S"
"HQC","09:39:13",3.79,0.19,3600,3916500,"B"
"HQC","09:39:12",3.79,0.19,400,3912900,"B"
"HQC","09:39:11",3.8,0.2,100000,3912500,"S"
"HQC","09:39:09",3.79,0.19,200,3812500,"B"
"HQC","09:38:57",3.8,0.2,300,3812300,"S"
"HQC","09:38:57",3.8,0.2,200,3812000,"S"
"HQC","09:38:48",3.8,0.2,600,3811800,"B"
"HQC","09:38:47",3.8,0.2,1000,3811200,"B"
"HQC","09:38:44",3.8,0.2,2900,3810200,"B"
"HQC","09:38:44",3.8,0.2,8100,3807300,"B"
"HQC","09:38:44",3.81,0.21,1000,3799200,"S"
"HQC","09:38:43",3.8,0.2,1000,3798200,"B"
"HQC","09:38:42",3.8,0.2,500,3797200,"B"
"HQC","09:38:41",3.8,0.2,2000,3796700,"B"
"HQC","09:38:40",3.8,0.2,3100,3794700,"B"
"HQC","09:38:39",3.8,0.2,11600,3791600,"B"
"HQC","09:38:37",3.8,0.2,200,3780000,"B"
"HQC","09:38:36",3.8,0.2,5000,3779800,"B"
"HQC","09:38:36",3.8,0.2,3000,3774800,"B"
"HQC","09:38:36",3.81,0.21,100000,3771800,"S"
"HQC","09:38:35",3.8,0.2,10000,3671800,"B"
"HQC","09:38:35",3.8,0.2,500,3661800,"B"
"HQC","09:38:34",3.8,0.2,100,3661300,"B"
"HQC","09:38:34",3.8,0.2,7000,3661200,"B"
"HQC","09:38:33",3.8,0.2,40900,3654200,"B"
"HQC","09:38:31",3.8,0.2,2000,3613300,"B"
"HQC","09:38:29",3.8,0.2,6000,3611300,"B"
"HQC","09:38:28",3.8,0.2,300,3605300,"B"
"HQC","09:38:26",3.8,0.2,100,3605000,"B"
"HQC","09:38:25",3.81,0.21,3000,3604900,"S"
"HQC","09:38:18",3.8,0.2,16200,3601900,"B"
"HQC","09:38:04",3.81,0.21,500,3585700,"S"
"HQC","09:38:01",3.8,0.2,1500,3585200,"B"
"HQC","09:38:01",3.81,0.21,100,3583700,"S"
"HQC","09:38:01",3.8,0.2,300,3583600,"B"
"HQC","09:38:00",3.81,0.21,7000,3583300,"S"
"HQC","09:37:59",3.8,0.2,55900,3576300,"B"
"HQC","09:37:58",3.81,0.21,5000,3520400,"S"
"HQC","09:37:56",3.81,0.21,1700,3515400,"S"
"HQC","09:37:53",3.8,0.2,7200,3513700,"B"
"HQC","09:37:53",3.8,0.2,300,3506500,"B"
"HQC","09:37:52",3.81,0.21,800,3506200,"B"
"HQC","09:37:50",3.82,0.22,1700,3505400,"S"
"HQC","09:37:49",3.81,0.21,5900,3503700,"B"
"HQC","09:37:48",3.81,0.21,5000,3497800,"B"
"HQC","09:37:48",3.82,0.22,5000,3492800,"S"
"HQC","09:37:47",3.82,0.22,6000,3487800,"S"
"HQC","09:37:46",3.81,0.21,1100,3481800,"B"
"HQC","09:37:45",3.81,0.21,22000,3480700,"B"
"HQC","09:37:44",3.82,0.22,3000,3458700,"S"
"HQC","09:37:40",3.82,0.22,1000,3455700,"S"
"HQC","09:37:40",3.82,0.22,1000,3454700,"S"
"HQC","09:37:37",3.82,0.22,100,3453700,"S"
"HQC","09:37:36",3.82,0.22,8000,3453600,"S"
"HQC","09:37:34",3.82,0.22,500,3445600,"S"
"HQC","09:37:33",3.82,0.22,5000,3445100,"S"
"HQC","09:37:30",3.82,0.22,1600,3440100,"S"
"HQC","09:37:30",3.81,0.21,15000,3438500,"B"
"HQC","09:37:27",3.82,0.22,200,3423500,"S"
"HQC","09:37:26",3.81,0.21,7000,3423300,"B"
"HQC","09:37:25",3.82,0.22,5000,3416300,"S"
"HQC","09:37:24",3.82,0.22,300,3411300,"S"
"HQC","09:37:23",3.82,0.22,600,3411000,"S"
"HQC","09:37:22",3.82,0.22,2700,3410400,"S"
"HQC","09:37:21",3.82,0.22,1000,3407700,"S"
"HQC","09:37:20",3.82,0.22,2000,3406700,"S"
"HQC","09:37:19",3.82,0.22,3000,3404700,"S"
"HQC","09:37:18",3.82,0.22,500,3401700,"S"
"HQC","09:37:16",3.82,0.22,300,3401200,"S"
"HQC","09:37:15",3.82,0.22,400,3400900,"S"
"HQC","09:37:15",3.82,0.22,400,3400500,"S"
"HQC","09:37:14",3.82,0.22,1000,3400100,"S"
"HQC","09:37:13",3.82,0.22,1000,3399100,"S"
"HQC","09:37:13",3.82,0.22,1000,3398100,"S"
"HQC","09:37:11",3.82,0.22,100,3397100,"S"
"HQC","09:37:10",3.82,0.22,300,3397000,"B"
"HQC","09:37:06",3.82,0.22,1700,3396700,"S"
"HQC","09:37:06",3.81,0.21,100,3395000,"B"
"HQC","09:37:06",3.82,0.22,16000,3394900,"S"
"HQC","09:37:05",3.82,0.22,1000,3378900,"S"
"HQC","09:37:04",3.82,0.22,1000,3377900,"S"
"HQC","09:37:01",3.82,0.22,500,3376900,"S"
"HQC","09:36:59",3.82,0.22,1000,3376400,"S"
"HQC","09:36:57",3.82,0.22,40900,3375400,"B"
"HQC","09:36:52",3.82,0.22,1800,3334500,"B"
"HQC","09:36:51",3.83,0.23,5000,3332700,"S"
"HQC","09:36:49",3.83,0.23,600,3327200,"S"
"HQC","09:36:48",3.82,0.22,1600,3326600,"B"
"HQC","09:36:47",3.82,0.22,300,3325000,"B"
"HQC","09:36:45",3.83,0.23,3000,3324700,"S"
"HQC","09:36:42",3.82,0.22,20000,3321700,"S"
"HQC","09:36:40",3.82,0.22,1700,3301700,"B"
"HQC","09:36:39",3.82,0.22,5900,3300000,"S"
"HQC","09:36:38",3.82,0.22,2700,3294100,"S"
"HQC","09:36:38",3.82,0.22,400,3291400,"S"
"HQC","09:36:36",3.82,0.22,200,3291000,"S"
"HQC","09:36:33",3.82,0.22,2000,3290800,"S"
"HQC","09:36:32",3.82,0.22,400,3288800,"S"
"HQC","09:36:28",3.82,0.22,100,3288400,"S"
"HQC","09:36:27",3.82,0.22,5300,3288300,"B"
"HQC","09:36:22",3.83,0.23,20000,3283000,"S"
"HQC","09:36:22",3.82,0.22,10000,3263000,"S"
"HQC","09:36:21",3.82,0.22,100,3253000,"S"
"HQC","09:36:20",3.81,0.21,30200,3252900,"B"
"HQC","09:36:18",3.82,0.22,2000,3222700,"S"
"HQC","09:36:17",3.82,0.22,4100,3220700,"B"
"HQC","09:36:16",3.82,0.22,11500,3216600,"B"
"HQC","09:36:16",3.83,0.23,2000,3205100,"S"
"HQC","09:36:14",3.82,0.22,100,3203100,"B"
"HQC","09:36:11",3.82,0.22,200,3203000,"B"
"HQC","09:36:11",3.82,0.22,9000,3202800,"S"
"HQC","09:36:10",3.81,0.21,2000,3193800,"B"
"HQC","09:36:10",3.82,0.22,1500,3191800,"S"
"HQC","09:36:08",3.82,0.22,1000,3190300,"S"
"HQC","09:36:07",3.82,0.22,6100,3189300,"S"
"HQC","09:36:06",3.82,0.22,20500,3183200,"S"
"HQC","09:36:06",3.81,0.21,100,3162700,"B"
"HQC","09:36:04",3.82,0.22,9800,3162600,"S"
"HQC","09:36:04",3.82,0.22,300,3152800,"S"
"HQC","09:36:03",3.82,0.22,1300,3152500,"S"
"HQC","09:36:01",3.82,0.22,8800,3151200,"S"
"HQC","09:35:56",3.82,0.22,5000,3142400,"S"
"HQC","09:35:56",3.81,0.21,1900,3137400,"B"
"HQC","09:35:54",3.82,0.22,6400,3135500,"S"
"HQC","09:35:52",3.82,0.22,5000,3129100,"S"
"HQC","09:35:50",3.81,0.21,3000,3124100,"B"
"HQC","09:35:50",3.82,0.22,1000,3121100,"S"
"HQC","09:35:47",3.81,0.21,100,3120100,"B"
"HQC","09:35:47",3.81,0.21,400,3120000,"B"
"HQC","09:35:46",3.81,0.21,7400,3119600,"S"
"HQC","09:35:45",3.81,0.21,2400,3112200,"S"
"HQC","09:35:45",3.8,0.2,25000,3109800,"B"
"HQC","09:35:44",3.81,0.21,100,3084800,"S"
"HQC","09:35:43",3.81,0.21,4900,3084700,"S"
"HQC","09:35:42",3.81,0.21,1500,3079800,"S"
"HQC","09:35:41",3.8,0.2,1000,3078300,"B"
"HQC","09:35:38",3.81,0.21,500,3077300,"S"
"HQC","09:35:36",3.8,0.2,1500,3076800,"B"
"HQC","09:35:36",3.8,0.2,500,3075300,"B"
"HQC","09:35:34",3.8,0.2,1000,3074800,"B"
"HQC","09:35:33",3.8,0.2,2000,3073800,"B"
"HQC","09:35:32",3.8,0.2,13600,3071800,"S"
"HQC","09:35:31",3.8,0.2,20000,3058200,"S"
"HQC","09:35:30",3.8,0.2,1000,3038200,"S"
"HQC","09:35:30",3.79,0.19,5000,3037200,"B"
"HQC","09:35:29",3.8,0.2,2000,3032200,"S"
"HQC","09:35:29",3.79,0.19,1000,3030200,"B"
"HQC","09:35:29",3.8,0.2,200000,3029200,"S"
"HQC","09:35:28",3.8,0.2,50400,2829200,"S"
"HQC","09:35:27",3.8,0.2,70000,2778800,"S"
"HQC","09:35:25",3.79,0.19,2000,2708800,"B"
"HQC","09:35:25",3.8,0.2,45000,2706800,"S"
"HQC","09:35:22",3.79,0.19,9000,2661800,"B"
"HQC","09:35:17",3.79,0.19,3100,2652800,"B"
"HQC","09:35:17",3.8,0.2,200,2649700,"S"
"HQC","09:35:17",3.8,0.2,5000,2649500,"S"
"HQC","09:35:16",3.8,0.2,2000,2644500,"S"
"HQC","09:35:14",3.79,0.19,500,2642500,"B"
"HQC","09:35:13",3.8,0.2,125000,2642000,"S"
"HQC","09:35:08",3.79,0.19,200,2517000,"B"
"HQC","09:35:08",3.8,0.2,1000,2516800,"S"
"HQC","09:35:04",3.79,0.19,100,2515800,"B"
"HQC","09:35:02",3.8,0.2,20000,2515700,"S"
"HQC","09:35:00",3.79,0.19,59500,2495700,"S"
"HQC","09:34:59",3.79,0.19,400,2436200,"S"
"HQC","09:34:58",3.79,0.19,500,2435800,"S"
"HQC","09:34:57",3.79,0.19,5200,2435300,"B"
"HQC","09:34:57",3.79,0.19,200,2430100,"B"
"HQC","09:34:56",3.79,0.19,1600,2429900,"S"
"HQC","09:34:55",3.79,0.19,17100,2428300,"S"
"HQC","09:34:54",3.79,0.19,31900,2411200,"S"
"HQC","09:34:53",3.79,0.19,2000,2379300,"S"
"HQC","09:34:52",3.79,0.19,5000,2377300,"S"
"HQC","09:34:50",3.79,0.19,1000,2372300,"S"
"HQC","09:34:48",3.78,0.18,200,2371300,"B"
"HQC","09:34:44",3.78,0.18,93900,2371100,"S"
"HQC","09:34:42",3.78,0.18,200,2277200,"S"
"HQC","09:34:41",3.77,0.17,10000,2277000,"B"
"HQC","09:34:38",3.77,0.17,5000,2267000,"B"
"HQC","09:34:37",3.77,0.17,700,2262000,"S"
"HQC","09:34:37",3.77,0.17,12200,2261300,"S"
"HQC","09:34:36",3.77,0.17,5000,2249100,"S"
"HQC","09:34:33",3.77,0.17,5000,2244100,"S"
"HQC","09:34:32",3.76,0.16,4200,2239100,"B"
"HQC","09:34:30",3.77,0.17,600,2234900,"S"
"HQC","09:34:26",3.76,0.16,200,2234300,"B"
"HQC","09:34:26",3.77,0.17,4000,2234100,"S"
"HQC","09:34:25",3.77,0.17,1000,2230100,"S"
"HQC","09:34:25",3.76,0.16,7500,2229100,"S"
"HQC","09:34:24",3.76,0.16,6000,2221600,"S"
"HQC","09:34:23",3.76,0.16,8000,2215600,"S"
"HQC","09:34:22",3.76,0.16,2000,2207600,"S"
"HQC","09:34:21",3.75,0.15,700,2205600,"B"
"HQC","09:34:21",3.76,0.16,700,2204900,"S"
"HQC","09:34:19",3.76,0.16,100,2204200,"S"
"HQC","09:34:18",3.76,0.16,5000,2204100,"S"
"HQC","09:34:18",3.76,0.16,1200,2199100,"S"
"HQC","09:34:16",3.75,0.15,3000,2197900,"B"
"HQC","09:34:13",3.75,0.15,300,2194900,"B"
"HQC","09:34:11",3.75,0.15,2200,2194600,"B"
"HQC","09:34:11",3.75,0.15,100,2192400,"B"
"HQC","09:34:07",3.75,0.15,32300,2192300,"S"
"HQC","09:34:05",3.75,0.15,2000,2160000,"S"
"HQC","09:34:05",3.74,0.14,100,2158000,"B"
"HQC","09:34:04",3.75,0.15,2000,2157900,"S"
"HQC","09:34:01",3.75,0.15,500,2155900,"S"
"HQC","09:33:59",3.75,0.15,5000,2155300,"S"
"HQC","09:33:58",3.74,0.14,2000,2150300,"B"
"HQC","09:33:58",3.75,0.15,6500,2148300,"S"
"HQC","09:33:56",3.74,0.14,6800,2141800,"S"
"HQC","09:33:56",3.74,0.14,3200,2135000,"S"
"HQC","09:33:55",3.73,0.13,1000,2131800,"B"
"HQC","09:33:54",3.75,0.15,86200,2120800,"S"
"HQC","09:33:54",3.74,0.14,18800,2034600,"S"
"HQC","09:33:51",3.74,0.14,9000,2015800,"S"
"HQC","09:33:50",3.74,0.14,3000,2006800,"S"
"HQC","09:33:49",3.74,0.14,5000,2003800,"S"
"HQC","09:33:48",3.74,0.14,1000,1998800,"S"
"HQC","09:33:46",3.74,0.14,3000,1997800,"S"
"HQC","09:33:46",3.74,0.14,2000,1994800,"S"
"HQC","09:33:45",3.74,0.14,1000,1992800,"S"
"HQC","09:33:45",3.73,0.13,100,1991800,"B"
"HQC","09:33:43",3.74,0.14,2000,1991700,"S"
"HQC","09:33:43",3.73,0.13,200,1989700,"B"
"HQC","09:33:38",3.74,0.14,1000,1989500,"S"
"HQC","09:33:38",3.73,0.13,56700,1988500,"S"
"HQC","09:33:35",3.72,0.12,10500,1931800,"B"
"HQC","09:33:33",3.72,0.12,17000,1921300,"S"
"HQC","09:33:32",3.72,0.12,14300,1904300,"S"
"HQC","09:33:30",3.72,0.12,5000,1890000,"S"
"HQC","09:33:27",3.72,0.12,1700,1885000,"S"
"HQC","09:33:19",3.71,0.11,5400,1883300,"S"
"HQC","09:33:18",3.71,0.11,4200,1877900,"S"
"HQC","09:33:18",3.71,0.11,2000,1873700,"S"
"HQC","09:33:17",3.71,0.11,4200,1871700,"S"
"HQC","09:33:17",3.71,0.11,1000,1867500,"S"
"HQC","09:33:16",3.71,0.11,35000,1866500,"S"
"HQC","09:33:15",3.71,0.11,1500,1831500,"S"
"HQC","09:33:15",3.71,0.11,1500,1830000,"S"
"HQC","09:33:13",3.71,0.11,11000,1828500,"S"
"HQC","09:33:12",3.71,0.11,4900,1817500,"S"
"HQC","09:33:11",3.71,0.11,1300,1812600,"S"
"HQC","09:33:10",3.71,0.11,5900,1811300,"S"
"HQC","09:33:09",3.71,0.11,1000,1805400,"S"
"HQC","09:33:09",3.71,0.11,1000,1804400,"S"
"HQC","09:33:08",3.71,0.11,12000,1803400,"S"
"HQC","09:33:07",3.71,0.11,100,1791400,"S"
"HQC","09:33:04",3.71,0.11,300,1791300,"S"
"HQC","09:33:04",3.71,0.11,10400,1791000,"S"
"HQC","09:33:02",3.71,0.11,5600,1780600,"S"
"HQC","09:32:59",3.71,0.11,1000,1775000,"S"
"HQC","09:32:57",3.7,0.1,300,1774000,"B"
"HQC","09:32:55",3.71,0.11,5000,1773700,"S"
"HQC","09:32:48",3.7,0.1,383200,1768700,"S"
"HQC","09:32:45",3.69,0.09,700,1385500,"S"
"HQC","09:32:43",3.7,0.1,500,1384800,"S"
"HQC","09:32:43",3.69,0.09,53100,1384300,"S"
"HQC","09:32:38",3.68,0.08,3000,1331200,"B"
"HQC","09:32:29",3.69,0.09,10000,1328200,"S"
"HQC","09:32:21",3.68,0.08,20000,1318200,"B"
"HQC","09:32:10",3.68,0.08,100,1298200,"B"
"HQC","09:31:59",3.68,0.08,300,1298100,"B"
"HQC","09:31:57",3.68,0.08,18300,1297800,"B"
"HQC","09:31:41",3.68,0.08,4000,1279500,"B"
"HQC","09:31:40",3.68,0.08,100,1275500,"B"
"HQC","09:31:38",3.68,0.08,1000,1275400,"B"
"HQC","09:31:34",3.68,0.08,100,1274400,"B"
"HQC","09:31:32",3.68,0.08,46600,1274300,"S"
"HQC","09:31:32",3.68,0.08,1000,1227700,"S"
"HQC","09:31:25",3.68,0.08,10000,1226700,"S"
"HQC","09:31:23",3.68,0.08,2000,1216700,"S"
"HQC","09:31:22",3.68,0.08,1300,1214700,"S"
"HQC","09:31:17",3.68,0.08,20500,1213400,"S"
"HQC","09:31:14",3.68,0.08,4000,1192900,"S"
"HQC","09:31:09",3.68,0.08,1000,1188900,"S"
"HQC","09:31:06",3.68,0.08,900,1187900,"B"
"HQC","09:31:04",3.68,0.08,100,1187000,"S"
"HQC","09:31:03",3.68,0.08,3000,1186900,"S"
"HQC","09:31:00",3.68,0.08,10000,1183900,"S"
"HQC","09:30:59",3.68,0.08,10000,1173900,"S"
"HQC","09:30:54",3.68,0.08,1000,1163900,"S"
"HQC","09:30:47",3.68,0.08,1000,1162900,"S"
"HQC","09:30:43",3.68,0.08,4000,1161900,"S"
"HQC","09:30:29",3.68,0.08,3000,1157900,"S"
"HQC","09:30:25",3.68,0.08,1000,1154900,"S"
"HQC","09:30:20",3.68,0.08,3800,1153900,"B"
"HQC","09:30:19",3.68,0.08,200,1150100,"S"
"HQC","09:30:16",3.67,0.07,100,1149900,"B"
"HQC","09:30:16",3.68,0.08,20000,1149800,"S"
"HQC","09:30:14",3.67,0.07,100,1129800,"B"
"HQC","09:30:04",3.68,0.08,1000,1129700,"S"
"HQC","09:30:02",3.68,0.08,34900,1128700,"B"
"HQC","09:30:01",3.68,0.08,300,1093800,"B"
"HQC","09:29:59",3.68,0.08,3800,1093500,"B"
"HQC","09:29:56",3.68,0.08,900,1089700,"B"
"HQC","09:29:54",3.68,0.08,1500,1088800,"B"
"HQC","09:29:53",3.68,0.08,2100,1087300,"B"
"HQC","09:29:50",3.68,0.08,45500,1085200,"S"
"HQC","09:29:42",3.68,0.08,1000,1039700,"S"
"HQC","09:29:39",3.68,0.08,9900,1038700,"S"
"HQC","09:29:33",3.67,0.07,10000,1028800,"B"
"HQC","09:29:31",3.67,0.07,100,1018800,"B"
"HQC","09:29:31",3.67,0.07,700,1018700,"B"
"HQC","09:29:24",3.67,0.07,200,1018000,"B"
"HQC","09:29:14",3.67,0.07,100,1017800,"B"
"HQC","09:28:56",3.67,0.07,4000,1017700,"S"
"HQC","09:28:52",3.68,0.08,8900,1013700,"S"
"HQC","09:28:48",3.66,0.06,100,963700,"B"
"HQC","09:28:48",3.66,0.06,1000,963600,"B"
"HQC","09:28:46",3.67,0.07,20000,962600,"S"
"HQC","09:28:44",3.67,0.07,3000,942600,"S"
"HQC","09:28:40",3.67,0.07,1000,939600,"S"
"HQC","09:28:36",3.67,0.07,100,938600,"S"
"HQC","09:28:33",3.67,0.07,100,938500,"S"
"HQC","09:28:28",3.66,0.06,2000,938400,"B"
"HQC","09:28:22",3.66,0.06,41800,936400,"S"
"HQC","09:28:15",3.66,0.06,1000,894600,"S"
"HQC","09:28:04",3.66,0.06,1000,893600,"S"
"HQC","09:27:55",3.65,0.05,1700,892600,"B"
"HQC","09:27:37",3.65,0.05,500,890900,"B"
"HQC","09:27:34",3.66,0.06,1000,890400,"S"
"HQC","09:27:26",3.66,0.06,1000,889400,"S"
"HQC","09:27:17",3.66,0.06,2000,888400,"S"
"HQC","09:27:10",3.66,0.06,6000,886400,"S"
"HQC","09:27:01",3.66,0.06,400,880400,"S"
"HQC","09:26:57",3.65,0.05,1000,880000,"B"
"HQC","09:26:48",3.65,0.05,28800,879000,"S"
"HQC","09:26:47",3.65,0.05,10000,850200,"S"
"HQC","09:26:43",3.65,0.05,40500,840200,"S"
"HQC","09:26:37",3.64,0.04,1000,799700,"B"
"HQC","09:26:37",3.65,0.05,200000,798700,"S"
"HQC","09:26:36",3.65,0.05,2000,598700,"S"
"HQC","09:26:30",3.64,0.04,1000,596700,"B"
"HQC","09:26:29",3.64,0.04,1000,595700,"B"
"HQC","09:26:23",3.64,0.04,100,594700,"B"
"HQC","09:26:07",3.64,0.04,1000,594600,"B"
"HQC","09:26:06",3.64,0.04,1000,593600,"B"
"HQC","09:26:05",3.64,0.04,700,592600,"B"
"HQC","09:26:03",3.64,0.04,1000,591900,"B"
"HQC","09:25:49",3.64,0.04,2000,590900,"B"
"HQC","09:25:41",3.64,0.04,300,588900,"B"
"HQC","09:25:36",3.64,0.04,100,588600,"B"
"HQC","09:25:22",3.64,0.04,5000,588500,"B"
"HQC","09:25:11",3.64,0.04,9600,583500,"S"
"HQC","09:25:08",3.64,0.04,100,573900,"S"
"HQC","09:25:06",3.64,0.04,400,573800,"S"
"HQC","09:25:05",3.64,0.04,2000,573400,"S"
"HQC","09:25:02",3.64,0.04,3000,571400,"S"
"HQC","09:25:02",3.64,0.04,30000,568400,"S"
"HQC","09:24:46",3.64,0.04,5000,538400,"S"
"HQC","09:24:44",3.64,0.04,20000,533400,"S"
"HQC","09:24:39",3.63,0.03,16000,513400,"B"
"HQC","09:24:38",3.64,0.04,1000,497400,"S"
"HQC","09:24:27",3.64,0.04,100,496400,"S"
"HQC","09:24:11",3.64,0.04,800,496300,"S"
"HQC","09:24:05",3.64,0.04,2000,495500,"S"
"HQC","09:24:04",3.64,0.04,1000,493500,"S"
"HQC","09:23:57",3.64,0.04,800,492500,"S"
"HQC","09:23:54",3.64,0.04,500,491700,"S"
"HQC","09:23:52",3.64,0.04,100,491200,"S"
"HQC","09:23:52",3.64,0.04,5000,491100,"S"
"HQC","09:23:50",3.64,0.04,800,486100,"S"
"HQC","09:23:44",3.64,0.04,1000,485300,"S"
"HQC","09:23:39",3.64,0.04,2000,484300,"S"
"HQC","09:23:38",3.64,0.04,800,482300,"S"
"HQC","09:23:37",3.64,0.04,5000,481500,"S"
"HQC","09:23:36",3.64,0.04,32000,476500,"B"
"HQC","09:23:36",3.64,0.04,10000,444500,"B"
"HQC","09:23:30",3.65,0.05,800,434500,"S"
"HQC","09:23:23",3.65,0.05,1000,433700,"S"
"HQC","09:23:11",3.64,0.04,100,432700,"B"
"HQC","09:23:04",3.64,0.04,100,432600,"B"
"HQC","09:23:01",3.64,0.04,2500,432500,"B"
"HQC","09:22:49",3.64,0.04,3000,430000,"B"
"HQC","09:22:43",3.64,0.04,15500,427000,"B"
"HQC","09:22:40",3.64,0.04,3000,411500,"B"
"HQC","09:22:37",3.64,0.04,500,408500,"B"
"HQC","09:22:37",3.64,0.04,100,408000,"B"
"HQC","09:22:31",3.64,0.04,5000,407900,"B"
"HQC","09:22:30",3.65,0.05,10000,402900,"S"
"HQC","09:22:22",3.64,0.04,500,392900,"B"
"HQC","09:22:10",3.65,0.05,100,392400,"S"
"HQC","09:22:07",3.64,0.04,20000,392300,"B"
"HQC","09:21:57",3.65,0.05,1200,372300,"S"
"HQC","09:21:53",3.64,0.04,200,371100,"B"
"HQC","09:21:51",3.64,0.04,1600,370900,"S"
"HQC","09:21:50",3.64,0.04,5000,369300,"S"
"HQC","09:21:45",3.64,0.04,200,364300,"S"
"HQC","09:21:42",3.64,0.04,100,364100,"S"
"HQC","09:21:42",3.64,0.04,100,364000,"S"
"HQC","09:21:41",3.65,0.05,6200,363900,"S"
"HQC","09:21:41",3.64,0.04,13300,357700,"S"
"HQC","09:21:40",3.64,0.04,1300,344400,"S"
