"symbol","time","price","change","vol","total","side"
"IDI","14:45:01",11.05,-0.4,303400,3927200,
"IDI","14:29:54",11.1,-0.35,1000,3623800,"B"
"IDI","14:29:45",11.1,-0.35,5000,3622800,"B"
"IDI","14:29:41",11.1,-0.35,5000,3617800,"B"
"IDI","14:29:29",11.1,-0.35,5000,3612800,"B"
"IDI","14:29:21",11.15,-0.3,200,3607800,"S"
"IDI","14:29:17",11.15,-0.3,1000,3607600,"S"
"IDI","14:29:10",11.15,-0.3,100,3606600,"S"
"IDI","14:28:53",11.15,-0.3,4800,3606500,"B"
"IDI","14:28:49",11.2,-0.25,1000,3601700,"S"
"IDI","14:28:34",11.2,-0.25,1000,3600700,"S"
"IDI","14:28:33",11.15,-0.3,1000,3599700,"B"
"IDI","14:28:24",11.2,-0.25,300,3598700,"S"
"IDI","14:28:16",11.2,-0.25,2000,3598400,"S"
"IDI","14:28:11",11.15,-0.3,100,3596400,"B"
"IDI","14:28:06",11.15,-0.3,19000,3596300,"B"
"IDI","14:28:01",11.2,-0.25,700,3577300,"B"
"IDI","14:27:58",11.2,-0.25,10000,3576600,"B"
"IDI","14:27:55",11.25,-0.2,3000,3566600,"S"
"IDI","14:27:50",11.2,-0.25,3900,3563600,"B"
"IDI","14:27:49",11.25,-0.2,400,3559700,"S"
"IDI","14:27:48",11.2,-0.25,2700,3559300,"B"
"IDI","14:27:44",11.2,-0.25,3000,3556600,"B"
"IDI","14:27:41",11.2,-0.25,10000,3553600,"B"
"IDI","14:27:39",11.25,-0.2,8000,3543600,"S"
"IDI","14:27:33",11.25,-0.2,500,3535600,"S"
"IDI","14:27:32",11.25,-0.2,100,3535100,"S"
"IDI","14:27:31",11.25,-0.2,3000,3535000,"S"
"IDI","14:27:26",11.2,-0.25,1400,3532000,"B"
"IDI","14:27:26",11.2,-0.25,2600,3530600,"B"
"IDI","14:27:18",11.25,-0.2,1700,3528000,"B"
"IDI","14:27:17",11.25,-0.2,8100,3526300,"B"
"IDI","14:26:46",11.25,-0.2,200,3518200,"S"
"IDI","14:26:46",11.25,-0.2,3000,3518000,"S"
"IDI","14:26:45",11.25,-0.2,2000,3515000,"S"
"IDI","14:26:45",11.25,-0.2,2300,3513000,"S"
"IDI","14:26:41",11.25,-0.2,1000,3510700,"S"
"IDI","14:26:40",11.25,-0.2,2000,3509700,"S"
"IDI","14:26:37",11.3,-0.15,2800,3507700,"S"
"IDI","14:26:37",11.25,-0.2,2200,3504900,"S"
"IDI","14:26:32",11.25,-0.2,900,3502700,"S"
"IDI","14:26:31",11.25,-0.2,1000,3501800,"S"
"IDI","14:26:28",11.25,-0.2,5900,3500800,"B"
"IDI","14:26:24",11.25,-0.2,1100,3494900,"S"
"IDI","14:26:22",11.25,-0.2,2000,3493800,"S"
"IDI","14:26:21",11.25,-0.2,500,3491800,"S"
"IDI","14:26:14",11.25,-0.2,1400,3491300,"B"
"IDI","14:26:07",11.25,-0.2,300,3489900,"S"
"IDI","14:26:05",11.25,-0.2,1000,3489600,"S"
"IDI","14:26:03",11.25,-0.2,3000,3488600,"S"
"IDI","14:25:58",11.25,-0.2,200,3485600,"S"
"IDI","14:25:55",11.25,-0.2,5000,3485400,"S"
"IDI","14:25:54",11.25,-0.2,1900,3480400,"S"
"IDI","14:25:50",11.25,-0.2,20600,3478500,"B"
"IDI","14:25:33",11.25,-0.2,1500,3457900,"S"
"IDI","14:25:32",11.25,-0.2,700,3456400,"S"
"IDI","14:25:30",11.25,-0.2,5100,3455700,"S"
"IDI","14:25:29",11.25,-0.2,500,3450600,"S"
"IDI","14:25:26",11.25,-0.2,200,3450100,"S"
"IDI","14:25:25",11.25,-0.2,5000,3449900,"S"
"IDI","14:25:24",11.25,-0.2,500,3444900,"S"
"IDI","14:25:24",11.25,-0.2,1100,3444400,"S"
"IDI","14:25:19",11.25,-0.2,400,3443300,"B"
"IDI","14:25:18",11.25,-0.2,400,3442900,"B"
"IDI","14:25:16",11.25,-0.2,1200,3442500,"S"
"IDI","14:25:14",11.25,-0.2,3000,3441300,"S"
"IDI","14:25:13",11.25,-0.2,200,3438300,"S"
"IDI","14:25:09",11.25,-0.2,10000,3438100,"S"
"IDI","14:25:04",11.25,-0.2,200,3428100,"S"
"IDI","14:25:03",11.25,-0.2,10100,3427900,"B"
"IDI","14:24:36",11.25,-0.2,13500,3417800,"S"
"IDI","14:24:20",11.25,-0.2,1300,3404300,"S"
"IDI","14:24:16",11.25,-0.2,100,3403000,"S"
"IDI","14:24:12",11.25,-0.2,2000,3402900,"S"
"IDI","14:24:04",11.25,-0.2,200,3400900,"S"
"IDI","14:24:04",11.25,-0.2,1000,3400700,"S"
"IDI","14:23:58",11.25,-0.2,200,3399700,"S"
"IDI","14:23:48",11.2,-0.25,100,3399500,"B"
"IDI","14:23:36",11.25,-0.2,500,3399400,"S"
"IDI","14:23:25",11.2,-0.25,6400,3398900,"B"
"IDI","14:23:01",11.2,-0.25,500,3392500,"S"
"IDI","14:22:57",11.2,-0.25,4900,3392000,"S"
"IDI","14:22:56",11.2,-0.25,100,3387100,"S"
"IDI","14:22:55",11.2,-0.25,100,3387000,"S"
"IDI","14:22:33",11.2,-0.25,9100,3386900,"S"
"IDI","14:22:29",11.2,-0.25,500,3377800,"S"
"IDI","14:22:22",11.2,-0.25,3000,3377300,"S"
"IDI","14:22:21",11.2,-0.25,400,3374300,"S"
"IDI","14:22:20",11.2,-0.25,100,3373900,"S"
"IDI","14:22:07",11.2,-0.25,100,3373800,"S"
"IDI","14:22:02",11.2,-0.25,2000,3373700,"S"
"IDI","14:21:45",11.2,-0.25,1000,3371700,"S"
"IDI","14:21:41",11.2,-0.25,100,3370700,"S"
"IDI","14:21:32",11.2,-0.25,3000,3370600,"S"
"IDI","14:21:12",11.2,-0.25,1000,3367600,"S"
"IDI","14:21:02",11.2,-0.25,200,3366600,"S"
"IDI","14:21:01",11.15,-0.3,500,3366400,"B"
"IDI","14:20:57",11.15,-0.3,8500,3365900,"S"
"IDI","14:20:56",11.15,-0.3,20000,3357400,"S"
"IDI","14:20:46",11.15,-0.3,5000,3337400,"S"
"IDI","14:20:43",11.15,-0.3,100,3332400,"S"
"IDI","14:20:39",11.15,-0.3,2300,3332300,"S"
"IDI","14:20:28",11.15,-0.3,5000,3330000,"S"
"IDI","14:20:18",11.15,-0.3,500,3325000,"S"
"IDI","14:20:18",11.15,-0.3,5000,3324500,"S"
"IDI","14:19:50",11.15,-0.3,300,3319500,"S"
"IDI","14:19:48",11.15,-0.3,500,3319200,"S"
"IDI","14:19:44",11.15,-0.3,100,3318700,"S"
"IDI","14:19:39",11.15,-0.3,300,3318600,"S"
"IDI","14:19:33",11.15,-0.3,10000,3318300,"S"
"IDI","14:19:17",11.15,-0.3,100,3308300,"S"
"IDI","14:19:08",11.1,-0.35,300,3308200,"B"
"IDI","14:18:46",11.1,-0.35,300,3307900,"B"
"IDI","14:18:30",11.1,-0.35,2200,3307600,"S"
"IDI","14:18:27",11.1,-0.35,1500,3305400,"S"
"IDI","14:18:23",11.1,-0.35,1000,3303900,"S"
"IDI","14:18:21",11.1,-0.35,3000,3302900,"S"
"IDI","14:17:47",11.1,-0.35,100,3289900,"S"
"IDI","14:17:45",11.05,-0.4,3700,3289800,"B"
"IDI","14:17:44",11.05,-0.4,1300,3286100,"B"
"IDI","14:17:39",11.1,-0.35,1500,3284800,"S"
"IDI","14:17:23",11.1,-0.35,1000,3283300,"S"
"IDI","14:17:22",11.1,-0.35,200,3282300,"S"
"IDI","14:17:21",11.1,-0.35,100,3282100,"S"
"IDI","14:17:08",11.1,-0.35,100,3282000,"S"
"IDI","14:16:41",11.1,-0.35,2100,3281900,"S"
"IDI","14:16:36",11.1,-0.35,400,3279800,"S"
"IDI","14:16:32",11.1,-0.35,2000,3279400,"S"
"IDI","14:16:31",11.1,-0.35,500,3277400,"S"
"IDI","14:16:09",11.1,-0.35,400,3276900,"S"
"IDI","14:16:06",11.1,-0.35,6500,3276500,"B"
"IDI","14:15:59",11.1,-0.35,2000,3270000,"B"
"IDI","14:15:22",11.1,-0.35,300,3268000,"S"
"IDI","14:15:21",11.1,-0.35,600,3267700,"S"
"IDI","14:15:17",11.1,-0.35,700,3267100,"S"
"IDI","14:15:09",11.1,-0.35,100,3266400,"S"
"IDI","14:14:56",11.1,-0.35,10000,3266300,"S"
"IDI","14:14:43",11.1,-0.35,100,3256300,"S"
"IDI","14:14:40",11.1,-0.35,1800,3256200,"B"
"IDI","14:14:38",11.1,-0.35,100,3254400,"B"
"IDI","14:14:31",11.1,-0.35,600,3254300,"S"
"IDI","14:14:30",11.1,-0.35,300,3253700,"S"
"IDI","14:14:27",11.1,-0.35,300,3253400,"S"
"IDI","14:14:26",11.1,-0.35,100,3253100,"S"
"IDI","14:14:23",11.1,-0.35,2000,3253000,"S"
"IDI","14:14:17",11.1,-0.35,500,3251000,"S"
"IDI","14:14:15",11.1,-0.35,2000,3250500,"S"
"IDI","14:14:07",11.1,-0.35,200,3248500,"S"
"IDI","14:14:06",11.1,-0.35,200,3248300,"S"
"IDI","14:13:51",11.1,-0.35,500,3248100,"S"
"IDI","14:13:37",11.1,-0.35,100,3247600,"S"
"IDI","14:13:21",11.1,-0.35,300,3247500,"S"
"IDI","14:13:21",11.1,-0.35,100,3247200,"S"
"IDI","14:13:20",11.1,-0.35,600,3247100,"S"
"IDI","14:13:14",11.1,-0.35,10000,3246500,"S"
"IDI","14:13:11",11.1,-0.35,100,3236500,"S"
"IDI","14:13:08",11.1,-0.35,1000,3236400,"S"
"IDI","14:12:24",11.1,-0.35,2700,3235400,"B"
"IDI","14:12:11",11.1,-0.35,2300,3232700,"S"
"IDI","14:12:01",11.1,-0.35,100,3230400,"S"
"IDI","14:11:38",11.05,-0.4,20000,3230300,"B"
"IDI","14:11:24",11.1,-0.35,700,3210300,"B"
"IDI","14:11:12",11.1,-0.35,6500,3209600,"S"
"IDI","14:10:37",11.1,-0.35,100,3203100,"S"
"IDI","14:10:26",11.1,-0.35,9300,3203000,"B"
"IDI","14:10:24",11.1,-0.35,5000,3193700,"B"
"IDI","14:10:11",11.1,-0.35,200,3188700,"B"
"IDI","14:10:11",11.15,-0.3,300,3188500,"B"
"IDI","14:09:48",11.15,-0.3,500,3188200,"B"
"IDI","14:09:43",11.15,-0.3,4000,3187700,"B"
"IDI","14:09:37",11.15,-0.3,200,3183700,"B"
"IDI","14:09:25",11.15,-0.3,500,3183500,"B"
"IDI","14:09:07",11.2,-0.25,100,3183000,"S"
"IDI","14:09:07",11.15,-0.3,200,3182900,"S"
"IDI","14:09:06",11.15,-0.3,5700,3182700,"S"
"IDI","14:09:05",11.15,-0.3,100,3177000,"S"
"IDI","14:09:01",11.15,-0.3,300,3176900,"S"
"IDI","14:08:50",11.15,-0.3,400,3176600,"S"
"IDI","14:08:36",11.15,-0.3,100,3176200,"S"
"IDI","14:07:57",11.15,-0.3,200,3176100,"S"
"IDI","14:07:37",11.15,-0.3,500,3175900,"S"
"IDI","14:07:30",11.15,-0.3,3200,3175400,"B"
"IDI","14:07:23",11.15,-0.3,2900,3172200,"S"
"IDI","14:07:19",11.15,-0.3,9700,3169300,"B"
"IDI","14:07:14",11.15,-0.3,200,3159600,"B"
"IDI","14:07:11",11.15,-0.3,5800,3159400,"S"
"IDI","14:06:57",11.15,-0.3,200,3153600,"B"
"IDI","14:06:47",11.15,-0.3,900,3153400,"S"
"IDI","14:06:44",11.15,-0.3,1000,3152500,"S"
"IDI","14:06:41",11.15,-0.3,3000,3151500,"S"
"IDI","14:06:36",11.15,-0.3,9200,3148500,"B"
"IDI","14:06:03",11.15,-0.3,2100,3139300,"S"
"IDI","14:06:03",11.1,-0.35,29200,3137200,"S"
"IDI","14:06:00",11.1,-0.35,100,3108000,"S"
"IDI","14:05:52",11.1,-0.35,300,3107900,"S"
"IDI","14:05:45",11.05,-0.4,4900,3107600,"S"
"IDI","14:05:44",11.05,-0.4,1000,3102700,"S"
"IDI","14:05:41",11.05,-0.4,1500,3101700,"S"
"IDI","14:05:37",11.05,-0.4,100,3100200,"S"
"IDI","14:05:31",11.05,-0.4,1000,3100100,"S"
"IDI","14:05:26",11.05,-0.4,400,3099100,"S"
"IDI","14:05:16",11,-0.45,2000,3098700,"B"
"IDI","14:05:07",11,-0.45,400,3096700,"S"
"IDI","14:05:06",11,-0.45,36500,3096300,"S"
"IDI","14:05:05",11,-0.45,700,3059800,"S"
"IDI","14:05:04",11,-0.45,100,3059100,"S"
"IDI","14:05:04",11,-0.45,1000,3059000,"S"
"IDI","14:05:02",11,-0.45,1900,3058000,"S"
"IDI","14:05:01",11,-0.45,600,3056100,"S"
"IDI","14:04:55",11,-0.45,10500,3055500,"S"
"IDI","14:04:46",11,-0.45,400,3045000,"S"
"IDI","14:04:45",11,-0.45,500,3044600,"S"
"IDI","14:04:45",11,-0.45,1000,3044100,"S"
"IDI","14:04:43",11,-0.45,300,3043100,"S"
"IDI","14:04:41",11,-0.45,100,3042800,"S"
"IDI","14:04:16",11,-0.45,2000,3042700,"S"
"IDI","14:04:14",10.95,-0.5,1600,3040700,"S"
"IDI","14:04:10",10.95,-0.5,3400,3039100,"S"
"IDI","14:04:08",10.95,-0.5,100,3035700,"S"
"IDI","14:04:08",10.95,-0.5,1500,3035600,"S"
"IDI","14:04:05",10.95,-0.5,1000,3034100,"S"
"IDI","14:04:02",10.95,-0.5,2400,3033100,"B"
"IDI","14:04:00",11,-0.45,100,3030700,"S"
"IDI","14:03:57",10.95,-0.5,26000,3030600,"B"
"IDI","14:03:55",10.95,-0.5,900,3004600,"B"
"IDI","14:03:40",10.95,-0.5,1800,3003700,"B"
"IDI","14:03:35",10.95,-0.5,100,3001900,"B"
"IDI","14:03:24",10.95,-0.5,42400,3001800,"B"
"IDI","14:03:22",11,-0.45,1000,2959400,"S"
"IDI","14:03:11",11,-0.45,400,2958400,"S"
"IDI","14:03:04",10.95,-0.5,3000,2958000,"B"
"IDI","14:02:58",11,-0.45,1000,2955000,"S"
"IDI","14:02:53",10.95,-0.5,5000,2954000,"B"
"IDI","14:02:51",11,-0.45,500,2949000,"S"
"IDI","14:02:45",11,-0.45,400,2948500,"S"
"IDI","14:02:38",11,-0.45,300,2948100,"S"
"IDI","14:02:36",11,-0.45,100,2947800,"S"
"IDI","14:02:33",11,-0.45,1000,2947700,"S"
"IDI","14:02:16",11,-0.45,100,2946700,"S"
"IDI","14:02:12",11,-0.45,200,2946600,"S"
"IDI","14:01:58",11,-0.45,100,2946400,"S"
"IDI","14:01:55",11,-0.45,80800,2946300,"B"
"IDI","14:01:50",11.05,-0.4,4000,2865500,"S"
"IDI","14:01:50",11,-0.45,14200,2861500,"B"
"IDI","14:01:49",11.05,-0.4,1000,2847300,"S"
"IDI","14:01:48",11.05,-0.4,500,2846300,"S"
"IDI","14:01:45",11.05,-0.4,200,2845800,"S"
"IDI","14:01:45",11.05,-0.4,400,2845600,"S"
"IDI","14:01:35",11.05,-0.4,2000,2845200,"S"
"IDI","14:01:33",11.05,-0.4,200,2843200,"S"
"IDI","14:01:23",11.05,-0.4,1900,2843000,"S"
"IDI","14:01:14",11.05,-0.4,200,2841100,"S"
"IDI","14:01:07",11.05,-0.4,500,2840900,"S"
"IDI","14:00:55",11.05,-0.4,200,2840400,"S"
"IDI","14:00:52",11.05,-0.4,5000,2840200,"S"
"IDI","14:00:48",11.05,-0.4,500,2835200,"S"
"IDI","14:00:45",11,-0.45,1500,2834700,"B"
"IDI","14:00:37",11.05,-0.4,100,2833200,"S"
"IDI","14:00:35",11.05,-0.4,500,2833100,"B"
"IDI","14:00:35",11.05,-0.4,3300,2832600,"B"
"IDI","14:00:13",11.1,-0.35,1300,2829300,"B"
"IDI","14:00:08",11.1,-0.35,2000,2828000,"B"
"IDI","13:59:50",11.15,-0.3,2000,2826000,"S"
"IDI","13:59:45",11.15,-0.3,1100,2824000,"B"
"IDI","13:59:44",11.15,-0.3,300,2822900,"B"
"IDI","13:59:33",11.15,-0.3,3500,2822600,"B"
"IDI","13:59:28",11.15,-0.3,2000,2819100,"B"
"IDI","13:59:23",11.15,-0.3,300,2817100,"B"
"IDI","13:59:20",11.15,-0.3,100,2816800,"B"
"IDI","13:59:12",11.15,-0.3,2000,2816700,"B"
"IDI","13:59:10",11.15,-0.3,3000,2814700,"B"
"IDI","13:59:08",11.15,-0.3,1500,2811700,"B"
"IDI","13:59:07",11.15,-0.3,2000,2810200,"B"
"IDI","13:58:58",11.15,-0.3,10000,2808200,"B"
"IDI","13:58:53",11.15,-0.3,100,2798200,"B"
"IDI","13:58:44",11.15,-0.3,3000,2798100,"B"
"IDI","13:58:15",11.2,-0.25,100,2795100,"S"
"IDI","13:58:14",11.2,-0.25,700,2795000,"S"
"IDI","13:58:09",11.2,-0.25,1000,2794300,"S"
"IDI","13:58:03",11.15,-0.3,9600,2793300,"B"
"IDI","13:58:01",11.2,-0.25,5100,2783700,"S"
"IDI","13:58:00",11.2,-0.25,3300,2778600,"B"
"IDI","13:57:57",11.2,-0.25,16800,2775300,"S"
"IDI","13:57:54",11.2,-0.25,200,2758500,"S"
"IDI","13:57:53",11.2,-0.25,300,2758300,"S"
"IDI","13:57:48",11.2,-0.25,2700,2758000,"B"
"IDI","13:57:45",11.2,-0.25,5100,2755300,"S"
"IDI","13:57:42",11.2,-0.25,1000,2750200,"S"
"IDI","13:57:41",11.2,-0.25,300,2749200,"S"
"IDI","13:57:29",11.2,-0.25,800,2748900,"S"
"IDI","13:57:23",11.2,-0.25,100,2748100,"S"
"IDI","13:57:21",11.2,-0.25,3000,2748000,"S"
"IDI","13:57:17",11.2,-0.25,100,2745000,"S"
"IDI","13:57:10",11.2,-0.25,13700,2744900,"B"
"IDI","13:57:02",11.2,-0.25,1800,2731200,"B"
"IDI","13:56:59",11.2,-0.25,1000,2729400,"B"
"IDI","13:56:22",11.2,-0.25,10000,2728400,"B"
"IDI","13:56:18",11.25,-0.2,1000,2718400,"S"
"IDI","13:56:17",11.25,-0.2,2000,2717400,"S"
"IDI","13:56:17",11.25,-0.2,2000,2715400,"S"
"IDI","13:56:05",11.25,-0.2,200,2713400,"S"
"IDI","13:56:03",11.25,-0.2,100,2713200,"S"
"IDI","13:55:52",11.25,-0.2,500,2713100,"S"
"IDI","13:55:39",11.2,-0.25,24200,2712600,"S"
"IDI","13:55:37",11.2,-0.25,4100,2688400,"S"
"IDI","13:55:31",11.2,-0.25,100,2684300,"S"
"IDI","13:55:10",11.15,-0.3,3100,2684200,"S"
"IDI","13:54:55",11.15,-0.3,5000,2681100,"S"
"IDI","13:54:34",11.1,-0.35,3400,2676100,"S"
"IDI","13:54:28",11.1,-0.35,300,2672700,"S"
"IDI","13:54:24",11.1,-0.35,200,2672400,"S"
"IDI","13:54:13",11.05,-0.4,2000,2672200,"B"
"IDI","13:54:08",11.1,-0.35,100,2670200,"S"
"IDI","13:53:46",11.05,-0.4,2600,2670100,"S"
"IDI","13:53:28",11,-0.45,1500,2667500,"B"
"IDI","13:53:23",11,-0.45,8500,2666000,"S"
"IDI","13:53:20",11,-0.45,5000,2657500,"S"
"IDI","13:53:19",11,-0.45,4000,2652500,"S"
"IDI","13:53:14",11,-0.45,7000,2648500,"S"
"IDI","13:53:13",11,-0.45,300,2641500,"S"
"IDI","13:53:10",11,-0.45,10000,2641200,"S"
"IDI","13:53:09",10.95,-0.5,100,2631200,"B"
"IDI","13:53:06",11,-0.45,400,2631100,"S"
"IDI","13:53:05",11,-0.45,100,2630700,"S"
"IDI","13:52:56",10.95,-0.5,2000,2630600,"B"
"IDI","13:52:50",11,-0.45,100,2628600,"S"
"IDI","13:52:44",11,-0.45,1500,2628500,"S"
"IDI","13:52:38",11,-0.45,200,2627000,"S"
"IDI","13:52:30",11,-0.45,30000,2626800,"S"
"IDI","13:52:24",11,-0.45,100,2596800,"S"
"IDI","13:52:21",11,-0.45,200,2596700,"S"
"IDI","13:52:19",11,-0.45,200,2596500,"S"
"IDI","13:52:15",11,-0.45,100,2596300,"S"
"IDI","13:52:09",11,-0.45,5000,2596200,"S"
"IDI","13:52:03",11,-0.45,100,2591200,"S"
"IDI","13:51:57",10.95,-0.5,500,2591100,"B"
"IDI","13:51:55",10.95,-0.5,2500,2590600,"B"
"IDI","13:51:54",10.95,-0.5,2500,2588100,"B"
"IDI","13:51:39",11,-0.45,46600,2585600,"B"
"IDI","13:51:39",11.05,-0.4,100,2539000,"S"
"IDI","13:51:36",11,-0.45,100000,2538900,"B"
"IDI","13:51:34",11.05,-0.4,10000,2438900,"S"
"IDI","13:51:11",11.05,-0.4,2000,2428900,"S"
"IDI","13:51:10",11,-0.45,20000,2426900,"B"
"IDI","13:51:05",11.05,-0.4,900,2406800,"B"
"IDI","13:51:04",11.05,-0.4,2000,2405900,"B"
"IDI","13:51:04",11.05,-0.4,2500,2403900,"B"
"IDI","13:51:02",11.05,-0.4,5000,2401400,"B"
"IDI","13:51:02",11.05,-0.4,400,2396400,"B"
"IDI","13:51:00",11.05,-0.4,1000,2396000,"B"
"IDI","13:50:57",11.05,-0.4,1000,2395000,"B"
"IDI","13:50:55",11.05,-0.4,1000,2394000,"B"
"IDI","13:50:53",11.05,-0.4,3000,2393000,"B"
"IDI","13:50:52",11.05,-0.4,10000,2390000,"B"
"IDI","13:50:50",11.05,-0.4,15000,2380000,"B"
"IDI","13:50:49",11.05,-0.4,2000,2365000,"B"
"IDI","13:50:45",11.05,-0.4,10000,2363000,"B"
"IDI","13:50:44",11.05,-0.4,10000,2353000,"B"
"IDI","13:50:43",11.05,-0.4,100,2343000,"B"
"IDI","13:50:42",11.05,-0.4,28900,2342900,"B"
"IDI","13:50:29",11.05,-0.4,500,2314000,"B"
"IDI","13:50:22",11.05,-0.4,1100,2313500,"B"
"IDI","13:50:21",11.1,-0.35,500,2312400,"S"
"IDI","13:50:13",11.05,-0.4,300,2311900,"B"
"IDI","13:50:12",11.05,-0.4,500,2311600,"B"
"IDI","13:50:06",11.05,-0.4,900,2311100,"B"
"IDI","13:50:04",11.05,-0.4,6800,2310200,"B"
"IDI","13:49:51",11.1,-0.35,200,2303400,"S"
"IDI","13:49:47",11.1,-0.35,70400,2303200,"B"
"IDI","13:49:46",11.1,-0.35,44500,2232800,"B"
"IDI","13:49:35",11.1,-0.35,5000,2188300,"B"
"IDI","13:49:35",11.1,-0.35,4000,2183300,"B"
"IDI","13:49:27",11.15,-0.3,500,2179300,"S"
"IDI","13:48:53",11.15,-0.3,5000,2178800,"S"
"IDI","13:48:25",11.15,-0.3,4400,2173800,"B"
"IDI","13:48:21",11.15,-0.3,100,2169400,"B"
"IDI","13:48:17",11.15,-0.3,4000,2169300,"B"
"IDI","13:48:16",11.15,-0.3,2200,2165300,"B"
"IDI","13:48:15",11.15,-0.3,2000,2163100,"B"
"IDI","13:48:09",11.15,-0.3,1000,2161100,"B"
"IDI","13:47:48",11.15,-0.3,11400,2160100,"S"
"IDI","13:47:45",11.15,-0.3,10000,2148700,"S"
"IDI","13:47:30",11.15,-0.3,100,2138700,"S"
"IDI","13:47:29",11.15,-0.3,100,2138600,"S"
"IDI","13:47:19",11.1,-0.35,10000,2138500,"B"
"IDI","13:47:14",11.15,-0.3,100,2128500,"S"
"IDI","13:47:13",11.15,-0.3,2000,2128400,"S"
"IDI","13:47:12",11.1,-0.35,2000,2126400,"B"
"IDI","13:47:10",11.15,-0.3,2000,2124400,"S"
"IDI","13:47:10",11.1,-0.35,3000,2122400,"B"
"IDI","13:47:01",11.15,-0.3,2000,2119400,"S"
"IDI","13:46:59",11.1,-0.35,24000,2117400,"B"
"IDI","13:46:33",11.1,-0.35,10000,2093400,"B"
"IDI","13:46:17",11.1,-0.35,300,2083400,"B"
"IDI","13:46:12",11.1,-0.35,500,2083100,"B"
"IDI","13:45:53",11.1,-0.35,400,2082600,"B"
"IDI","13:45:45",11.15,-0.3,2000,2082200,"S"
"IDI","13:45:30",11.15,-0.3,3000,2080200,"S"
"IDI","13:45:29",11.15,-0.3,100,2077200,"S"
"IDI","13:45:24",11.15,-0.3,500,2077100,"S"
"IDI","13:45:19",11.15,-0.3,5000,2076600,"S"
"IDI","13:45:15",11.15,-0.3,1000,2071600,"S"
"IDI","13:45:14",11.15,-0.3,3100,2070600,"B"
"IDI","13:45:09",11.15,-0.3,1000,2067500,"B"
"IDI","13:45:03",11.15,-0.3,500,2066500,"B"
"IDI","13:44:57",11.15,-0.3,2000,2066000,"B"
"IDI","13:44:55",11.15,-0.3,200,2064000,"B"
"IDI","13:44:53",11.15,-0.3,300,2063800,"S"
"IDI","13:44:46",11.15,-0.3,10000,2063500,"S"
"IDI","13:44:40",11.15,-0.3,2000,2053500,"B"
"IDI","13:44:39",11.15,-0.3,700,2051500,"B"
"IDI","13:44:39",11.15,-0.3,800,2050800,"S"
"IDI","13:44:32",11.15,-0.3,100,2050000,"S"
"IDI","13:44:24",11.15,-0.3,100,2049900,"S"
"IDI","13:44:20",11.15,-0.3,500,2049800,"S"
"IDI","13:44:16",11.1,-0.35,1600,2049300,"B"
"IDI","13:44:16",11.15,-0.3,8400,2047700,"B"
"IDI","13:44:12",11.15,-0.3,5000,2039300,"B"
"IDI","13:44:05",11.15,-0.3,1500,2034300,"B"
"IDI","13:43:53",11.15,-0.3,30000,2032800,"B"
"IDI","13:43:25",11.15,-0.3,100,2002800,"B"
"IDI","13:43:13",11.15,-0.3,300,2002700,"B"
"IDI","13:42:57",11.15,-0.3,4000,2002400,"B"
"IDI","13:42:56",11.15,-0.3,3000,1998400,"B"
"IDI","13:42:49",11.15,-0.3,200,1995400,"B"
"IDI","13:42:23",11.15,-0.3,1100,1995200,"S"
"IDI","13:42:22",11.15,-0.3,600,1994100,"S"
"IDI","13:42:13",11.15,-0.3,300,1993500,"B"
"IDI","13:42:06",11.15,-0.3,100,1993200,"B"
"IDI","13:41:53",11.15,-0.3,700,1993100,"B"
"IDI","13:41:07",11.1,-0.35,1000,1992400,"B"
"IDI","13:41:04",11.15,-0.3,8000,1991400,"S"
"IDI","13:40:41",11.1,-0.35,1400,1983400,"B"
"IDI","13:40:41",11.15,-0.3,100,1982000,"B"
"IDI","13:40:21",11.1,-0.35,15600,1981900,"B"
"IDI","13:40:21",11.15,-0.3,4400,1966300,"B"
"IDI","13:40:12",11.2,-0.25,1000,1961900,"S"
"IDI","13:39:57",11.15,-0.3,300,1960900,"B"
"IDI","13:39:54",11.15,-0.3,800,1960600,"S"
"IDI","13:39:49",11.15,-0.3,100,1959800,"S"
"IDI","13:39:43",11.1,-0.35,20000,1959700,"B"
"IDI","13:39:40",11.15,-0.3,500,1939700,"S"
"IDI","13:39:33",11.15,-0.3,200,1939200,"S"
"IDI","13:39:30",11.15,-0.3,900,1939000,"B"
"IDI","13:39:28",11.15,-0.3,10000,1938100,"B"
"IDI","13:39:21",11.15,-0.3,3000,1928100,"B"
"IDI","13:38:55",11.15,-0.3,2000,1925100,"B"
"IDI","13:38:32",11.15,-0.3,400,1923100,"B"
"IDI","13:38:04",11.15,-0.3,3300,1922700,"S"
"IDI","13:37:59",11.15,-0.3,100,1919400,"S"
"IDI","13:37:56",11.15,-0.3,500,1919300,"S"
"IDI","13:37:51",11.1,-0.35,2600,1918800,"B"
"IDI","13:37:26",11.1,-0.35,8100,1916200,"B"
"IDI","13:37:25",11.1,-0.35,400,1908100,"B"
"IDI","13:37:25",11.15,-0.3,1200,1907700,"S"
"IDI","13:37:25",11.1,-0.35,2000,1906500,"B"
"IDI","13:37:18",11.15,-0.3,500,1904500,"S"
"IDI","13:37:16",11.15,-0.3,5000,1904000,"S"
"IDI","13:37:12",11.15,-0.3,1000,1899000,"S"
"IDI","13:37:07",11.15,-0.3,100,1898000,"S"
"IDI","13:36:58",11.15,-0.3,200,1897900,"S"
"IDI","13:36:47",11.15,-0.3,100,1897700,"S"
"IDI","13:36:46",11.15,-0.3,14800,1897600,"B"
"IDI","13:36:40",11.15,-0.3,2900,1882800,"B"
"IDI","13:36:25",11.15,-0.3,3700,1879900,"B"
"IDI","13:36:18",11.2,-0.25,1000,1876200,"S"
"IDI","13:35:45",11.15,-0.3,66400,1875200,"B"
"IDI","13:35:45",11.2,-0.25,13600,1808800,"B"
"IDI","13:35:41",11.2,-0.25,3000,1795200,"B"
"IDI","13:35:31",11.25,-0.2,200,1792200,"S"
"IDI","13:35:27",11.2,-0.25,17400,1792000,"B"
"IDI","13:35:25",11.25,-0.2,100,1774600,"S"
"IDI","13:35:21",11.25,-0.2,500,1774500,"S"
"IDI","13:35:15",11.25,-0.2,600,1774000,"S"
"IDI","13:35:08",11.25,-0.2,5700,1773400,"S"
"IDI","13:35:07",11.2,-0.25,900,1767700,"B"
"IDI","13:35:03",11.25,-0.2,100,1766800,"S"
"IDI","13:35:01",11.2,-0.25,15000,1766700,"B"
"IDI","13:34:40",11.2,-0.25,300,1751700,"B"
"IDI","13:34:39",11.2,-0.25,7000,1751400,"B"
"IDI","13:34:21",11.25,-0.2,6500,1744400,"B"
"IDI","13:34:14",11.25,-0.2,2000,1737900,"B"
"IDI","13:34:02",11.25,-0.2,7000,1735900,"B"
"IDI","13:33:56",11.25,-0.2,700,1728900,"B"
"IDI","13:33:39",11.3,-0.15,3000,1728200,"S"
"IDI","13:33:24",11.25,-0.2,3000,1725200,"B"
"IDI","13:33:06",11.3,-0.15,6300,1722200,"S"
"IDI","13:32:27",11.25,-0.2,100,1715900,"B"
"IDI","13:32:24",11.3,-0.15,500,1715800,"S"
"IDI","13:31:55",11.3,-0.15,5300,1715300,"S"
"IDI","13:31:39",11.3,-0.15,1200,1710000,"S"
"IDI","13:31:29",11.3,-0.15,1000,1708800,"S"
"IDI","13:31:13",11.3,-0.15,500,1707800,"S"
"IDI","13:31:12",11.25,-0.2,100,1707300,"B"
"IDI","13:31:10",11.3,-0.15,3100,1707200,"S"
"IDI","13:30:46",11.3,-0.15,1900,1704100,"B"
"IDI","13:30:41",11.35,-0.1,200,1702200,"S"
"IDI","13:30:30",11.35,-0.1,2000,1702000,"S"
"IDI","13:30:13",11.3,-0.15,2000,1700000,"B"
"IDI","13:30:07",11.3,-0.15,500,1698000,"S"
"IDI","13:30:04",11.3,-0.15,500,1697500,"S"
"IDI","13:29:55",11.3,-0.15,400,1697000,"S"
"IDI","13:29:47",11.3,-0.15,200,1696600,"S"
"IDI","13:29:33",11.3,-0.15,500,1696400,"S"
"IDI","13:29:13",11.3,-0.15,1000,1695900,"S"
"IDI","13:29:09",11.3,-0.15,5000,1694900,"S"
"IDI","13:29:05",11.3,-0.15,2400,1689900,"B"
"IDI","13:28:56",11.3,-0.15,100,1687500,"S"
"IDI","13:28:54",11.3,-0.15,200,1687400,"S"
"IDI","13:28:54",11.3,-0.15,800,1687200,"S"
"IDI","13:28:53",11.3,-0.15,200,1686400,"S"
"IDI","13:28:39",11.3,-0.15,3000,1686200,"S"
"IDI","13:28:36",11.3,-0.15,1000,1683200,"S"
"IDI","13:28:02",11.2,-0.25,3000,1682200,"B"
"IDI","13:27:49",11.2,-0.25,1700,1679200,"S"
"IDI","13:27:45",11.2,-0.25,400,1677500,"S"
"IDI","13:27:45",11.15,-0.3,5500,1677100,"B"
"IDI","13:27:40",11.2,-0.25,2000,1671600,"S"
"IDI","13:27:34",11.15,-0.3,2000,1669600,"B"
"IDI","13:27:33",11.2,-0.25,2000,1667600,"S"
"IDI","13:27:27",11.2,-0.25,100,1665600,"S"
"IDI","13:27:23",11.2,-0.25,600,1665500,"S"
"IDI","13:27:21",11.2,-0.25,1000,1664900,"S"
"IDI","13:27:19",11.2,-0.25,5500,1663900,"S"
"IDI","13:27:17",11.2,-0.25,400,1658400,"S"
"IDI","13:27:10",11.2,-0.25,1000,1658000,"S"
"IDI","13:27:09",11.15,-0.3,7100,1657000,"B"
"IDI","13:26:59",11.15,-0.3,5000,1649900,"B"
"IDI","13:26:59",11.15,-0.3,5000,1644900,"B"
"IDI","13:26:48",11.15,-0.3,400,1639900,"B"
"IDI","13:26:42",11.15,-0.3,4000,1639500,"B"
"IDI","13:26:41",11.15,-0.3,1000,1635500,"B"
"IDI","13:26:14",11.15,-0.3,5000,1634500,"B"
"IDI","13:26:04",11.15,-0.3,3000,1629500,"B"
"IDI","13:25:50",11.15,-0.3,100,1626500,"B"
"IDI","13:25:43",11.15,-0.3,2000,1626400,"B"
"IDI","13:25:35",11.15,-0.3,1000,1624400,"B"
"IDI","13:25:27",11.15,-0.3,100,1623400,"B"
"IDI","13:25:22",11.15,-0.3,9700,1623300,"B"
"IDI","13:25:21",11.15,-0.3,300,1613600,"B"
"IDI","13:25:11",11.15,-0.3,5000,1613300,"B"
"IDI","13:25:09",11.15,-0.3,7000,1608300,"B"
"IDI","13:25:05",11.15,-0.3,1400,1601300,"B"
"IDI","13:25:00",11.15,-0.3,5000,1599900,"B"
"IDI","13:24:32",11.15,-0.3,4100,1594900,"B"
"IDI","13:24:31",11.15,-0.3,2200,1590800,"B"
"IDI","13:24:30",11.15,-0.3,5000,1588600,"B"
"IDI","13:24:24",11.15,-0.3,1000,1583600,"B"
"IDI","13:24:17",11.1,-0.35,1100,1582600,"B"
"IDI","13:24:17",11.15,-0.3,1100,1581500,"B"
"IDI","13:24:12",11.15,-0.3,900,1580400,"B"
"IDI","13:24:05",11.15,-0.3,100,1579500,"B"
"IDI","13:23:59",11.15,-0.3,2700,1579400,"B"
"IDI","13:23:58",11.2,-0.25,4900,1576700,"S"
"IDI","13:23:56",11.2,-0.25,300,1571800,"S"
"IDI","13:23:55",11.15,-0.3,100,1571500,"B"
"IDI","13:23:45",11.2,-0.25,100,1571400,"S"
"IDI","13:23:34",11.1,-0.35,11400,1571300,"B"
"IDI","13:23:34",11.15,-0.3,5600,1559900,"B"
"IDI","13:23:34",11.15,-0.3,23000,1554300,"B"
"IDI","13:23:32",11.2,-0.25,100,1531300,"S"
"IDI","13:23:19",11.2,-0.25,3000,1531200,"S"
"IDI","13:23:12",11.2,-0.25,1000,1528200,"S"
"IDI","13:23:11",11.2,-0.25,5000,1527200,"S"
"IDI","13:23:02",11.2,-0.25,52900,1522200,"B"
"IDI","13:23:02",11.25,-0.2,39800,1469300,"B"
"IDI","13:22:34",11.3,-0.15,5000,1429500,"S"
"IDI","13:22:21",11.25,-0.2,4000,1424500,"B"
"IDI","13:22:20",11.25,-0.2,15100,1420500,"B"
"IDI","13:22:20",11.3,-0.15,4900,1405400,"B"
"IDI","13:22:13",11.3,-0.15,8000,1400500,"B"
"IDI","13:22:06",11.3,-0.15,100,1392500,"B"
"IDI","13:21:58",11.3,-0.15,500,1392400,"B"
"IDI","13:21:47",11.3,-0.15,40000,1391900,"B"
"IDI","13:21:29",11.35,-0.1,300,1351900,"S"
"IDI","13:21:18",11.3,-0.15,20000,1351600,"B"
"IDI","13:21:12",11.35,-0.1,600,1331600,"S"
"IDI","13:21:11",11.3,-0.15,30000,1331000,"B"
"IDI","13:21:01",11.3,-0.15,3000,1301000,"B"
"IDI","13:20:25",11.35,-0.1,2100,1298000,"S"
"IDI","13:20:15",11.35,-0.1,100,1295900,"S"
"IDI","13:19:49",11.35,-0.1,2700,1295800,"B"
"IDI","13:19:48",11.35,-0.1,3000,1293100,"B"
"IDI","13:19:47",11.35,-0.1,5000,1290100,"B"
"IDI","13:19:21",11.35,-0.1,700,1285100,"S"
"IDI","13:19:11",11.35,-0.1,9300,1284400,"B"
"IDI","13:19:06",11.4,-0.05,100,1275100,"S"
"IDI","13:18:52",11.35,-0.1,2400,1275000,"B"
"IDI","13:18:46",11.35,-0.1,100,1272600,"B"
"IDI","13:18:44",11.35,-0.1,400,1272500,"B"
"IDI","13:18:34",11.35,-0.1,3000,1272100,"B"
"IDI","13:18:24",11.35,-0.1,15600,1269100,"S"
"IDI","13:18:06",11.35,-0.1,5900,1253500,"B"
"IDI","13:18:02",11.35,-0.1,1900,1247600,"B"
"IDI","13:18:01",11.35,-0.1,1900,1245700,"B"
"IDI","13:17:54",11.35,-0.1,15000,1243800,"B"
"IDI","13:17:48",11.35,-0.1,2000,1228800,"B"
"IDI","13:17:46",11.35,-0.1,500,1226800,"B"
"IDI","13:17:27",11.35,-0.1,9800,1226300,"B"
"IDI","13:17:03",11.35,-0.1,400,1216500,"B"
"IDI","13:16:57",11.35,-0.1,1000,1216100,"B"
"IDI","13:16:37",11.4,-0.05,500,1215100,"S"
"IDI","13:15:38",11.4,-0.05,1000,1214600,"S"
"IDI","13:14:30",11.35,-0.1,7000,1213600,"B"
"IDI","13:14:22",11.4,-0.05,1000,1206600,"S"
"IDI","13:14:04",11.4,-0.05,100,1205600,"S"
"IDI","13:14:02",11.4,-0.05,5000,1205500,"S"
"IDI","13:14:00",11.35,-0.1,400,1200500,"B"
"IDI","13:13:55",11.35,-0.1,1000,1200100,"B"
"IDI","13:12:47",11.4,-0.05,100,1199100,"S"
"IDI","13:12:19",11.4,-0.05,100,1199000,"S"
"IDI","13:12:05",11.4,-0.05,1100,1198900,"S"
"IDI","13:12:04",11.4,-0.05,12200,1197800,"B"
"IDI","13:11:35",11.4,-0.05,100,1185600,"B"
"IDI","13:11:26",11.4,-0.05,500,1185500,"B"
"IDI","13:11:22",11.4,-0.05,500,1185000,"B"
"IDI","13:11:02",11.4,-0.05,3000,1184500,"S"
"IDI","13:10:32",11.35,-0.1,3000,1181500,"B"
"IDI","13:10:30",11.4,-0.05,10000,1178500,"S"
"IDI","13:09:59",11.35,-0.1,4000,1168500,"S"
"IDI","13:09:56",11.35,-0.1,2000,1164500,"S"
"IDI","13:09:47",11.35,-0.1,100,1162500,"S"
"IDI","13:09:41",11.35,-0.1,300,1162400,"S"
"IDI","13:09:34",11.35,-0.1,600,1162100,"S"
"IDI","13:09:25",11.35,-0.1,1100,1161500,"B"
"IDI","13:09:19",11.35,-0.1,100,1160400,"S"
"IDI","13:09:18",11.35,-0.1,100,1160300,"S"
"IDI","13:09:07",11.3,-0.15,1000,1160200,"B"
"IDI","13:08:51",11.3,-0.15,100,1159200,"B"
"IDI","13:08:42",11.3,-0.15,10000,1159100,"B"
"IDI","13:08:13",11.3,-0.15,11300,1149100,"B"
"IDI","13:08:13",11.35,-0.1,8700,1137800,"B"
"IDI","13:08:12",11.35,-0.1,5000,1129100,"B"
"IDI","13:08:01",11.35,-0.1,4300,1124100,"B"
"IDI","13:07:40",11.35,-0.1,1900,1119800,"B"
"IDI","13:06:56",11.4,-0.05,1000,1117900,"S"
"IDI","13:06:37",11.35,-0.1,5000,1116900,"B"
"IDI","13:06:19",11.4,-0.05,10000,1111900,"S"
"IDI","13:06:11",11.4,-0.05,21100,1101900,"S"
"IDI","13:06:03",11.35,-0.1,2000,1080800,"B"
"IDI","13:05:59",11.35,-0.1,6300,1078800,"B"
"IDI","13:05:58",11.4,-0.05,10000,1072500,"S"
"IDI","13:05:30",11.35,-0.1,2400,1062500,"B"
"IDI","13:05:22",11.35,-0.1,300,1060100,"B"
"IDI","13:05:17",11.35,-0.1,3000,1059800,"B"
"IDI","13:05:12",11.35,-0.1,100,1056800,"B"
"IDI","13:05:06",11.4,-0.05,500,1056700,"S"
"IDI","13:04:54",11.35,-0.1,6200,1056200,"B"
"IDI","13:04:49",11.35,-0.1,100,1050000,"B"
"IDI","13:04:09",11.35,-0.1,2000,1049900,"B"
"IDI","13:04:00",11.35,-0.1,16100,1047900,"S"
"IDI","13:03:56",11.35,-0.1,2000,1031800,"S"
"IDI","13:03:45",11.35,-0.1,1000,1029800,"S"
"IDI","13:03:44",11.3,-0.15,10000,1028800,"B"
"IDI","13:02:58",11.35,-0.1,1000,1018800,"S"
"IDI","13:02:44",11.3,-0.15,1000,1017800,"B"
"IDI","13:02:18",11.3,-0.15,14600,1016800,"B"
"IDI","13:02:13",11.3,-0.15,600,1002200,"B"
"IDI","13:02:06",11.3,-0.15,3000,1001600,"B"
"IDI","13:02:05",11.3,-0.15,200,998600,"B"
"IDI","13:01:54",11.3,-0.15,500,998400,"B"
"IDI","13:01:42",11.3,-0.15,7000,997900,"B"
"IDI","13:01:37",11.3,-0.15,800,990900,"B"
"IDI","13:01:37",11.35,-0.1,2200,990100,"S"
"IDI","13:01:14",11.3,-0.15,20000,987900,"B"
"IDI","13:01:13",11.3,-0.15,10000,967900,"B"
"IDI","13:01:10",11.3,-0.15,5000,957900,"B"
"IDI","13:01:07",11.3,-0.15,200,952900,"B"
"IDI","13:01:07",11.35,-0.1,300,952700,"B"
"IDI","13:01:03",11.35,-0.1,300,952400,"B"
"IDI","13:00:59",11.35,-0.1,400,952100,"S"
"IDI","13:00:54",11.35,-0.1,100,951700,"S"
"IDI","13:00:53",11.3,-0.15,10000,951600,"B"
"IDI","13:00:48",11.3,-0.15,1000,941600,"B"
"IDI","13:00:46",11.35,-0.1,7800,940600,"S"
"IDI","13:00:41",11.35,-0.1,300,932800,"S"
"IDI","13:00:41",11.35,-0.1,400,932500,"S"
"IDI","13:00:40",11.35,-0.1,1000,932100,"S"
"IDI","13:00:37",11.35,-0.1,100,931100,"S"
"IDI","13:00:33",11.35,-0.1,1800,931000,"S"
"IDI","13:00:30",11.35,-0.1,500,929200,"S"
"IDI","13:00:27",11.35,-0.1,3000,928700,"S"
"IDI","13:00:23",11.35,-0.1,12100,925700,"B"
"IDI","13:00:14",11.35,-0.1,5000,913600,"B"
"IDI","13:00:07",11.35,-0.1,29500,908600,"B"
"IDI","13:00:07",11.4,-0.05,100,879100,"S"
"IDI","13:00:05",11.35,-0.1,21000,879000,"B"
"IDI","13:00:04",11.4,-0.05,200,858000,"S"
"IDI","13:00:03",11.4,-0.05,900,857800,"S"
"IDI","13:00:03",11.35,-0.1,6000,856900,"B"
"IDI","13:00:03",11.4,-0.05,6000,850900,"B"
"IDI","11:29:59",11.4,-0.05,1800,844900,"B"
"IDI","11:29:59",11.4,-0.05,28200,843100,"B"
"IDI","11:28:57",11.4,-0.05,100,814900,"B"
"IDI","11:28:52",11.4,-0.05,10000,814800,"B"
"IDI","11:28:26",11.4,-0.05,11500,804800,"B"
"IDI","11:28:18",11.4,-0.05,8000,793300,"B"
"IDI","11:28:08",11.45,0,1000,785300,"S"
"IDI","11:27:34",11.45,0,100,784300,"S"
"IDI","11:27:09",11.45,0,3500,784200,"B"
"IDI","11:26:53",11.45,0,1000,780700,"B"
"IDI","11:26:39",11.45,0,500,779700,"B"
"IDI","11:26:31",11.45,0,500,779200,"B"
"IDI","11:26:06",11.45,0,12000,778700,"B"
"IDI","11:25:12",11.45,0,1800,766700,"B"
"IDI","11:25:11",11.45,0,200,764900,"B"
"IDI","11:24:58",11.45,0,800,764700,"B"
"IDI","11:24:17",11.45,0,2000,763900,"B"
"IDI","11:23:25",11.45,0,1000,761900,"B"
"IDI","11:23:20",11.5,0.05,100,760900,"S"
"IDI","11:23:16",11.45,0,15000,760800,"B"
"IDI","11:21:40",11.45,0,12000,745800,"B"
"IDI","11:21:29",11.45,0,2000,733800,"B"
"IDI","11:18:49",11.5,0.05,1300,731800,"B"
"IDI","11:18:13",11.5,0.05,500,730500,"B"
"IDI","11:18:09",11.5,0.05,2400,730000,"S"
"IDI","11:16:35",11.5,0.05,1900,727600,"S"
"IDI","11:16:03",11.5,0.05,200,725700,"S"
"IDI","11:14:50",11.5,0.05,300,725500,"S"
"IDI","11:14:22",11.5,0.05,1500,725200,"B"
"IDI","11:12:59",11.5,0.05,100,723700,"B"
"IDI","11:12:55",11.5,0.05,2000,723600,"B"
"IDI","11:12:36",11.5,0.05,1000,721600,"B"
"IDI","11:11:35",11.5,0.05,3000,720600,"B"
"IDI","11:11:10",11.5,0.05,200,717600,"B"
"IDI","11:10:39",11.5,0.05,2000,717400,"B"
"IDI","11:10:29",11.5,0.05,25500,715400,"B"
"IDI","11:10:28",11.5,0.05,4500,689900,"B"
"IDI","11:09:54",11.5,0.05,2000,685400,"B"
"IDI","11:09:01",11.5,0.05,2000,683400,"B"
"IDI","11:04:19",11.5,0.05,2000,681400,"B"
"IDI","11:03:49",11.55,0.1,5500,679400,"B"
"IDI","11:03:48",11.55,0.1,500,673900,"B"
"IDI","11:03:38",11.55,0.1,3600,673400,"B"
"IDI","11:03:08",11.55,0.1,10000,669800,"B"
"IDI","11:03:07",11.55,0.1,1400,659800,"S"
"IDI","11:03:03",11.55,0.1,14100,658400,"S"
"IDI","11:02:41",11.55,0.1,100,644300,"S"
"IDI","11:02:32",11.55,0.1,10000,644200,"S"
"IDI","11:00:33",11.55,0.1,2400,634200,"S"
"IDI","11:00:32",11.55,0.1,47600,631800,"S"
"IDI","10:59:50",11.55,0.1,1000,584200,"S"
"IDI","10:58:51",11.5,0.05,5000,583200,"B"
"IDI","10:54:15",11.5,0.05,2500,578200,"B"
"IDI","10:49:55",11.5,0.05,2200,575700,"B"
"IDI","10:49:52",11.5,0.05,900,573500,"B"
"IDI","10:49:32",11.5,0.05,7800,572600,"B"
"IDI","10:48:38",11.5,0.05,100,564800,"B"
"IDI","10:47:10",11.5,0.05,3000,564700,"B"
"IDI","10:46:58",11.55,0.1,300,561700,"S"
"IDI","10:46:54",11.5,0.05,1300,561400,"B"
"IDI","10:46:52",11.5,0.05,800,560100,"B"
"IDI","10:46:35",11.55,0.1,100,559300,"S"
"IDI","10:44:00",11.5,0.05,500,559200,"B"
"IDI","10:40:03",11.55,0.1,300,558700,"S"
"IDI","10:39:56",11.55,0.1,600,558400,"S"
"IDI","10:39:37",11.55,0.1,1000,557800,"S"
"IDI","10:39:08",11.55,0.1,2000,556800,"S"
"IDI","10:38:55",11.5,0.05,100,554800,"B"
"IDI","10:36:24",11.5,0.05,900,554700,"S"
"IDI","10:36:18",11.5,0.05,100,553800,"S"
"IDI","10:36:17",11.5,0.05,500,553700,"S"
"IDI","10:35:30",11.5,0.05,2000,553200,"S"
"IDI","10:35:05",11.5,0.05,500,551200,"S"
"IDI","10:34:35",11.5,0.05,100,550700,"S"
"IDI","10:34:32",11.5,0.05,5900,550600,"B"
"IDI","10:34:18",11.5,0.05,100,544700,"B"
"IDI","10:33:44",11.5,0.05,10000,544600,"B"
"IDI","10:33:43",11.5,0.05,100,534600,"B"
"IDI","10:31:25",11.5,0.05,300,534500,"B"
"IDI","10:30:32",11.5,0.05,600,534200,"S"
"IDI","10:30:07",11.5,0.05,32000,533600,"S"
"IDI","10:29:36",11.5,0.05,600,501600,"S"
"IDI","10:29:31",11.5,0.05,900,501000,"S"
"IDI","10:29:27",11.5,0.05,2100,500100,"S"
"IDI","10:29:26",11.5,0.05,2000,498000,"S"
"IDI","10:29:13",11.5,0.05,4000,496000,"S"
"IDI","10:29:03",11.5,0.05,2200,492000,"S"
"IDI","10:27:44",11.5,0.05,3000,489800,"S"
"IDI","10:27:04",11.5,0.05,1000,486800,"S"
"IDI","10:26:33",11.5,0.05,2000,485800,"S"
"IDI","10:26:26",11.5,0.05,300,483800,"S"
"IDI","10:25:12",11.5,0.05,500,483500,"B"
"IDI","10:24:55",11.5,0.05,300,483000,"B"
"IDI","10:24:36",11.5,0.05,700,482700,"B"
"IDI","10:24:26",11.55,0.1,100,482000,"S"
"IDI","10:24:21",11.55,0.1,100,481900,"S"
"IDI","10:23:44",11.5,0.05,5000,481800,"B"
"IDI","10:23:15",11.55,0.1,100,476800,"S"
"IDI","10:22:31",11.55,0.1,3000,476700,"S"
"IDI","10:22:20",11.5,0.05,100,473700,"B"
"IDI","10:21:53",11.5,0.05,2000,473600,"B"
"IDI","10:21:25",11.5,0.05,30000,471600,"B"
"IDI","10:21:04",11.5,0.05,6600,441600,"B"
"IDI","10:21:03",11.5,0.05,1000,435000,"B"
"IDI","10:20:53",11.5,0.05,1000,434000,"B"
"IDI","10:20:39",11.5,0.05,2200,433000,"B"
"IDI","10:20:17",11.5,0.05,4500,430800,"B"
"IDI","10:19:07",11.5,0.05,1000,426300,"B"
"IDI","10:18:20",11.55,0.1,200,425300,"S"
"IDI","10:17:05",11.55,0.1,300,425100,"S"
"IDI","10:16:53",11.5,0.05,10000,424800,"B"
"IDI","10:16:37",11.5,0.05,2000,414800,"B"
"IDI","10:14:43",11.5,0.05,400,412800,"B"
"IDI","10:14:24",11.55,0.1,10000,412400,"S"
"IDI","10:14:23",11.55,0.1,1000,402400,"S"
"IDI","10:13:15",11.55,0.1,300,401400,"S"
"IDI","10:13:06",11.5,0.05,200,401100,"B"
"IDI","10:10:43",11.5,0.05,5000,400900,"B"
"IDI","10:10:42",11.55,0.1,5000,395900,"S"
"IDI","10:08:20",11.55,0.1,4000,390900,"S"
"IDI","10:08:20",11.5,0.05,4000,386900,"B"
"IDI","10:08:13",11.5,0.05,100,382900,"B"
"IDI","10:07:54",11.5,0.05,200,382800,"B"
"IDI","10:07:35",11.5,0.05,300,382600,"B"
"IDI","10:05:47",11.5,0.05,1500,382300,"B"
"IDI","10:04:57",11.5,0.05,300,380800,"B"
"IDI","10:03:43",11.5,0.05,15100,380500,"S"
"IDI","10:03:21",11.5,0.05,1000,365400,"S"
"IDI","10:02:29",11.5,0.05,3900,364400,"B"
"IDI","10:01:34",11.5,0.05,1000,360500,"B"
"IDI","10:01:23",11.5,0.05,600,359500,"B"
"IDI","10:01:18",11.5,0.05,2000,358900,"B"
"IDI","10:01:10",11.5,0.05,200,356900,"B"
"IDI","10:01:00",11.5,0.05,100,356700,"B"
"IDI","10:00:08",11.5,0.05,100,356600,"B"
"IDI","10:00:00",11.55,0.1,200,356500,"S"
"IDI","09:59:54",11.55,0.1,5000,356300,"S"
"IDI","09:59:04",11.5,0.05,2500,351300,"B"
"IDI","09:55:57",11.55,0.1,100,348800,"S"
"IDI","09:55:50",11.5,0.05,3000,348700,"B"
"IDI","09:55:25",11.5,0.05,500,345700,"B"
"IDI","09:54:48",11.5,0.05,4500,345200,"B"
"IDI","09:54:38",11.55,0.1,10000,340700,"S"
"IDI","09:54:13",11.5,0.05,300,330700,"B"
"IDI","09:53:42",11.5,0.05,3000,330400,"B"
"IDI","09:53:09",11.5,0.05,20000,327400,"B"
"IDI","09:52:48",11.5,0.05,100,307400,"B"
"IDI","09:52:40",11.5,0.05,1400,307300,"B"
"IDI","09:52:40",11.55,0.1,1600,305900,"B"
"IDI","09:52:37",11.55,0.1,1000,304300,"B"
"IDI","09:52:25",11.55,0.1,100,303300,"B"
"IDI","09:52:24",11.55,0.1,200,303200,"B"
"IDI","09:51:55",11.55,0.1,10300,303000,"B"
"IDI","09:51:52",11.55,0.1,6800,292700,"B"
"IDI","09:50:20",11.6,0.15,2000,285900,"S"
"IDI","09:49:59",11.6,0.15,3700,283900,"B"
"IDI","09:49:56",11.6,0.15,3500,280200,"B"
"IDI","09:49:45",11.6,0.15,500,276700,"B"
"IDI","09:49:34",11.6,0.15,3000,276200,"B"
"IDI","09:48:44",11.6,0.15,100,273200,"B"
"IDI","09:48:21",11.6,0.15,200,273100,"S"
"IDI","09:47:48",11.55,0.1,100,272900,"B"
"IDI","09:47:47",11.6,0.15,3800,272800,"B"
"IDI","09:47:32",11.6,0.15,1000,269000,"B"
"IDI","09:47:27",11.6,0.15,100,268000,"B"
"IDI","09:47:06",11.6,0.15,6100,267900,"S"
"IDI","09:46:38",11.6,0.15,50000,261800,"S"
"IDI","09:45:15",11.6,0.15,7000,211800,"S"
"IDI","09:44:22",11.55,0.1,1000,204800,"B"
"IDI","09:42:42",11.55,0.1,500,203800,"B"
"IDI","09:42:38",11.55,0.1,1600,203300,"S"
"IDI","09:42:36",11.55,0.1,200,201700,"B"
"IDI","09:42:33",11.55,0.1,300,201500,"B"
"IDI","09:42:27",11.55,0.1,9600,201200,"S"
"IDI","09:42:18",11.55,0.1,6500,191600,"B"
"IDI","09:42:13",11.55,0.1,500,185100,"B"
"IDI","09:42:07",11.55,0.1,13000,184600,"S"
"IDI","09:41:56",11.55,0.1,1000,171600,"S"
"IDI","09:41:31",11.5,0.05,1000,170600,"B"
"IDI","09:41:31",11.55,0.1,200,169600,"S"
"IDI","09:41:23",11.5,0.05,200,169400,"B"
"IDI","09:40:11",11.5,0.05,400,169200,"B"
"IDI","09:38:44",11.5,0.05,500,168800,"B"
"IDI","09:38:37",11.55,0.1,3900,168300,"S"
"IDI","09:38:13",11.55,0.1,1900,164400,"S"
"IDI","09:37:41",11.55,0.1,1000,162500,"S"
"IDI","09:37:19",11.55,0.1,500,161500,"S"
"IDI","09:37:08",11.55,0.1,700,161000,"S"
"IDI","09:36:22",11.55,0.1,3400,160300,"B"
"IDI","09:35:59",11.55,0.1,16600,156900,"S"
"IDI","09:35:27",11.55,0.1,500,140300,"S"
"IDI","09:35:22",11.55,0.1,100,139800,"S"
"IDI","09:35:20",11.55,0.1,500,139700,"S"
"IDI","09:34:46",11.55,0.1,300,139200,"S"
"IDI","09:34:15",11.55,0.1,700,138900,"B"
"IDI","09:33:45",11.55,0.1,2800,138200,"S"
"IDI","09:33:30",11.55,0.1,6500,135400,"S"
"IDI","09:32:37",11.55,0.1,500,128900,"S"
"IDI","09:32:23",11.55,0.1,1900,128400,"S"
"IDI","09:32:20",11.55,0.1,100,126500,"S"
"IDI","09:32:01",11.55,0.1,700,126400,"S"
"IDI","09:31:59",11.55,0.1,10000,125700,"S"
"IDI","09:31:54",11.55,0.1,200,115700,"S"
"IDI","09:31:24",11.55,0.1,400,115500,"S"
"IDI","09:30:38",11.55,0.1,100,115100,"S"
"IDI","09:30:37",11.55,0.1,500,115000,"S"
"IDI","09:30:36",11.55,0.1,2000,114500,"S"
"IDI","09:30:35",11.55,0.1,10000,112500,"S"
"IDI","09:30:31",11.55,0.1,200,102500,"S"
"IDI","09:30:20",11.55,0.1,1900,102300,"S"
"IDI","09:30:08",11.55,0.1,10000,100400,"S"
"IDI","09:29:46",11.55,0.1,200,90400,"S"
"IDI","09:29:18",11.55,0.1,12100,90200,"B"
"IDI","09:28:55",11.55,0.1,2000,78100,"B"
"IDI","09:28:22",11.6,0.15,100,76100,"S"
"IDI","09:28:06",11.6,0.15,10000,76000,"S"
"IDI","09:27:26",11.55,0.1,2000,66000,"B"
"IDI","09:26:20",11.55,0.1,10000,64000,"B"
"IDI","09:26:10",11.55,0.1,200,54000,"B"
"IDI","09:25:52",11.55,0.1,2100,53800,"B"
"IDI","09:25:13",11.55,0.1,200,51700,"B"
"IDI","09:23:47",11.55,0.1,6900,51500,"S"
"IDI","09:23:13",11.55,0.1,500,44600,"S"
"IDI","09:23:03",11.55,0.1,500,44100,"S"
"IDI","09:22:25",11.55,0.1,700,43600,"S"
"IDI","09:22:05",11.55,0.1,1000,42900,"S"
"IDI","09:21:47",11.55,0.1,700,41900,"S"
"IDI","09:21:21",11.55,0.1,1000,41200,"S"
"IDI","09:20:55",11.55,0.1,1000,40200,"S"
"IDI","09:20:41",11.55,0.1,200,39200,"S"
"IDI","09:19:51",11.5,0.05,200,39000,"B"
"IDI","09:19:06",11.5,0.05,2300,38800,"S"
"IDI","09:18:52",11.5,0.05,100,36500,"S"
"IDI","09:18:43",11.5,0.05,500,36400,"S"
"IDI","09:18:37",11.5,0.05,100,35900,"S"
"IDI","09:18:08",11.5,0.05,3300,35800,"S"
"IDI","09:17:30",11.5,0.05,1800,32500,"S"
"IDI","09:17:15",11.5,0.05,1000,30700,"S"
"IDI","09:17:08",11.45,0,10300,29700,"B"
"IDI","09:17:01",11.5,0.05,100,19400,"S"
"IDI","09:16:39",11.5,0.05,100,19300,"S"
"IDI","09:16:38",11.5,0.05,5000,19200,"S"
"IDI","09:16:34",11.5,0.05,100,14200,"S"
"IDI","09:15:59",11.5,0.05,5000,14100,"S"
"IDI","09:15:12",11.5,0.05,900,9100,"S"
"IDI","09:15:03",11.5,0.05,3800,8200,"B"
"IDI","09:15:01",11.55,0.1,4400,4400,
