"symbol","time","price","change","vol","total","side"
"SBT","14:45:02",13.9,-0.2,180200,2972200,
"SBT","14:29:49",13.95,-0.15,1000,2792000,"B"
"SBT","14:29:48",14,-0.1,2000,2791000,"S"
"SBT","14:29:32",14,-0.1,400,2789000,"S"
"SBT","14:29:22",14,-0.1,20000,2788600,"S"
"SBT","14:29:19",14,-0.1,1000,2768600,"S"
"SBT","14:28:26",14,-0.1,2000,2767600,"B"
"SBT","14:28:11",14,-0.1,5000,2765600,"B"
"SBT","14:28:11",14,-0.1,500,2760600,"B"
"SBT","14:28:08",14,-0.1,2000,2760100,"B"
"SBT","14:28:05",14,-0.1,100,2758100,"B"
"SBT","14:28:04",14,-0.1,2800,2758000,"B"
"SBT","14:28:01",14,-0.1,300,2755200,"B"
"SBT","14:27:49",14.05,-0.05,4000,2754900,"S"
"SBT","14:27:31",14.05,-0.05,200,2750900,"S"
"SBT","14:27:24",14.05,-0.05,100,2750700,"S"
"SBT","14:27:22",14.05,-0.05,3700,2750600,"B"
"SBT","14:27:18",14.05,-0.05,800,2746900,"B"
"SBT","14:27:10",14.05,-0.05,14500,2746100,"S"
"SBT","14:26:51",14.05,-0.05,3900,2731600,"B"
"SBT","14:26:45",14.05,-0.05,200,2727700,"B"
"SBT","14:26:43",14.05,-0.05,7000,2727500,"B"
"SBT","14:26:28",14.05,-0.05,1800,2720500,"B"
"SBT","14:26:23",14.1,0,10000,2718700,"S"
"SBT","14:26:16",14.05,-0.05,15000,2708700,"B"
"SBT","14:25:25",14.1,0,100,2693700,"S"
"SBT","14:25:18",14.05,-0.05,500,2693600,"B"
"SBT","14:25:14",14.1,0,100,2693100,"S"
"SBT","14:24:56",14.05,-0.05,21800,2693000,"S"
"SBT","14:24:38",14,-0.1,100,2671200,"B"
"SBT","14:24:15",14,-0.1,10000,2671100,"B"
"SBT","14:24:03",14.05,-0.05,100,2661100,"S"
"SBT","14:23:36",14,-0.1,200,2661000,"B"
"SBT","14:23:25",14.05,-0.05,100,2660800,"S"
"SBT","14:23:18",14,-0.1,100,2660700,"B"
"SBT","14:23:10",14,-0.1,300,2660600,"S"
"SBT","14:23:07",14,-0.1,100,2660300,"S"
"SBT","14:23:00",14,-0.1,9600,2660200,"B"
"SBT","14:22:36",14.05,-0.05,500,2650600,"S"
"SBT","14:22:30",14.05,-0.05,500,2650100,"S"
"SBT","14:22:02",14.05,-0.05,400,2649600,"S"
"SBT","14:21:46",14,-0.1,10600,2649200,"S"
"SBT","14:20:54",14,-0.1,100,2638600,"S"
"SBT","14:20:44",13.95,-0.15,1000,2638500,"B"
"SBT","14:20:16",13.95,-0.15,100,2637500,"B"
"SBT","14:20:10",13.95,-0.15,1600,2637400,"S"
"SBT","14:19:24",13.95,-0.15,500,2635800,"S"
"SBT","14:18:37",13.95,-0.15,100,2635300,"S"
"SBT","14:18:23",13.95,-0.15,100,2635200,"S"
"SBT","14:18:22",13.95,-0.15,300,2635100,"B"
"SBT","14:18:10",13.95,-0.15,200,2634800,"S"
"SBT","14:18:08",13.95,-0.15,500,2634600,"S"
"SBT","14:16:46",13.95,-0.15,100,2634100,"S"
"SBT","14:16:29",13.9,-0.2,500,2634000,"B"
"SBT","14:16:19",13.9,-0.2,4900,2633500,"S"
"SBT","14:16:10",13.9,-0.2,400,2628600,"S"
"SBT","14:14:58",13.9,-0.2,1400,2628200,"S"
"SBT","14:14:31",13.9,-0.2,700,2626800,"B"
"SBT","14:14:18",13.9,-0.2,1300,2626100,"S"
"SBT","14:14:17",13.9,-0.2,800,2624800,"S"
"SBT","14:13:43",13.85,-0.25,100,2624000,"B"
"SBT","14:13:36",13.85,-0.25,1000,2623900,"B"
"SBT","14:13:28",13.9,-0.2,1000,2622900,"S"
"SBT","14:13:10",13.85,-0.25,100,2621900,"S"
"SBT","14:13:07",13.9,-0.2,3000,2621800,"S"
"SBT","14:12:44",13.9,-0.2,500,2618800,"S"
"SBT","14:12:29",13.9,-0.2,3400,2618300,"B"
"SBT","14:12:28",13.9,-0.2,5000,2614900,"B"
"SBT","14:10:44",13.95,-0.15,1400,2609900,"S"
"SBT","14:10:42",13.9,-0.2,2000,2608500,"B"
"SBT","14:10:19",13.95,-0.15,500,2606500,"S"
"SBT","14:10:12",13.95,-0.15,500,2606000,"S"
"SBT","14:10:01",13.95,-0.15,100,2605500,"S"
"SBT","14:09:51",13.95,-0.15,100,2605400,"S"
"SBT","14:09:35",13.95,-0.15,5000,2605300,"S"
"SBT","14:09:30",13.95,-0.15,3000,2600300,"S"
"SBT","14:09:28",13.95,-0.15,400,2597300,"S"
"SBT","14:09:19",13.95,-0.15,500,2596900,"S"
"SBT","14:09:12",13.95,-0.15,200,2596400,"S"
"SBT","14:09:06",13.95,-0.15,2000,2596200,"S"
"SBT","14:08:48",13.95,-0.15,100,2594200,"S"
"SBT","14:08:24",13.9,-0.2,900,2594100,"S"
"SBT","14:08:18",13.9,-0.2,100,2593200,"S"
"SBT","14:08:08",13.9,-0.2,200,2593100,"S"
"SBT","14:08:04",13.9,-0.2,10000,2592900,"S"
"SBT","14:07:47",13.9,-0.2,100,2582900,"S"
"SBT","14:06:14",13.8,-0.3,7600,2582800,"S"
"SBT","14:06:13",13.8,-0.3,500,2575200,"S"
"SBT","14:06:11",13.8,-0.3,100,2574700,"S"
"SBT","14:06:10",13.8,-0.3,800,2574600,"S"
"SBT","14:06:08",13.8,-0.3,2000,2573800,"S"
"SBT","14:06:05",13.8,-0.3,13000,2571800,"S"
"SBT","14:06:04",13.8,-0.3,1300,2558800,"S"
"SBT","14:06:00",13.8,-0.3,2000,2557500,"S"
"SBT","14:05:58",13.8,-0.3,1000,2555500,"S"
"SBT","14:05:53",13.8,-0.3,300,2554500,"S"
"SBT","14:05:52",13.8,-0.3,100,2554200,"S"
"SBT","14:05:47",13.8,-0.3,1500,2554100,"S"
"SBT","14:05:47",13.8,-0.3,1000,2552600,"S"
"SBT","14:05:30",13.8,-0.3,1000,2551600,"S"
"SBT","14:05:27",13.8,-0.3,2000,2550600,"S"
"SBT","14:05:20",13.8,-0.3,100,2548600,"S"
"SBT","14:05:17",13.8,-0.3,2000,2548500,"S"
"SBT","14:04:49",13.8,-0.3,5000,2546500,"S"
"SBT","14:04:38",13.8,-0.3,100,2541500,"S"
"SBT","14:04:37",13.8,-0.3,5000,2541400,"S"
"SBT","14:04:22",13.75,-0.35,18000,2536400,"B"
"SBT","14:03:46",13.8,-0.3,2000,2518400,"S"
"SBT","14:03:36",13.8,-0.3,800,2516400,"S"
"SBT","14:03:24",13.8,-0.3,3600,2515600,"B"
"SBT","14:02:57",13.8,-0.3,2000,2512000,"B"
"SBT","14:02:57",13.85,-0.25,8000,2510000,"B"
"SBT","14:02:47",13.8,-0.3,10000,2502000,"B"
"SBT","14:02:43",13.85,-0.25,1200,2492000,"S"
"SBT","14:02:15",13.8,-0.3,10000,2490800,"B"
"SBT","14:02:13",13.8,-0.3,500,2480800,"B"
"SBT","14:01:43",13.8,-0.3,700,2480300,"B"
"SBT","14:00:52",13.85,-0.25,300,2479600,"S"
"SBT","14:00:47",13.85,-0.25,7600,2479300,"B"
"SBT","14:00:40",13.85,-0.25,5000,2471700,"B"
"SBT","14:00:27",13.85,-0.25,900,2466700,"B"
"SBT","14:00:03",13.85,-0.25,1000,2465800,"B"
"SBT","14:00:01",13.85,-0.25,700,2464800,"B"
"SBT","13:59:50",13.85,-0.25,7500,2464100,"B"
"SBT","13:59:49",13.9,-0.2,15000,2456600,"S"
"SBT","13:59:48",13.9,-0.2,5400,2441600,"S"
"SBT","13:59:44",13.85,-0.25,300,2436200,"B"
"SBT","13:59:37",13.9,-0.2,1000,2435900,"S"
"SBT","13:59:36",13.9,-0.2,4800,2434900,"B"
"SBT","13:59:35",13.9,-0.2,2000,2430100,"B"
"SBT","13:59:28",13.95,-0.15,200,2428100,"S"
"SBT","13:59:23",13.9,-0.2,5000,2427900,"B"
"SBT","13:59:21",13.95,-0.15,5000,2422900,"S"
"SBT","13:58:33",13.95,-0.15,500,2417900,"S"
"SBT","13:57:47",13.95,-0.15,300,2417400,"S"
"SBT","13:57:24",14,-0.1,10300,2417100,"S"
"SBT","13:57:24",13.95,-0.15,29700,2406800,"S"
"SBT","13:57:12",13.9,-0.2,500,2377100,"B"
"SBT","13:56:33",13.9,-0.2,500,2376600,"S"
"SBT","13:56:32",13.9,-0.2,3000,2376100,"S"
"SBT","13:56:23",13.9,-0.2,500,2373100,"S"
"SBT","13:56:21",13.9,-0.2,2000,2372600,"S"
"SBT","13:56:18",13.9,-0.2,5000,2370600,"S"
"SBT","13:56:15",13.9,-0.2,200,2365600,"S"
"SBT","13:54:46",13.85,-0.25,500,2365400,"S"
"SBT","13:54:38",13.85,-0.25,1000,2364900,"S"
"SBT","13:54:34",13.85,-0.25,500,2363900,"S"
"SBT","13:54:30",13.85,-0.25,100,2363400,"S"
"SBT","13:54:16",13.8,-0.3,31200,2363300,"S"
"SBT","13:54:12",13.8,-0.3,100,2332100,"S"
"SBT","13:54:08",13.8,-0.3,1400,2332000,"S"
"SBT","13:53:59",13.75,-0.35,1000,2330600,"B"
"SBT","13:53:57",13.75,-0.35,500,2329600,"B"
"SBT","13:53:51",13.75,-0.35,2000,2329100,"B"
"SBT","13:53:48",13.8,-0.3,100,2327100,"S"
"SBT","13:53:30",13.75,-0.35,1000,2327000,"B"
"SBT","13:53:12",13.75,-0.35,3300,2326000,"S"
"SBT","13:53:04",13.75,-0.35,200,2322700,"S"
"SBT","13:53:03",13.75,-0.35,500,2322500,"S"
"SBT","13:53:00",13.75,-0.35,1000,2322000,"S"
"SBT","13:52:53",13.8,-0.3,1500,2321000,"S"
"SBT","13:52:52",13.7,-0.4,1000,2319500,"B"
"SBT","13:52:36",13.7,-0.4,6700,2318500,"B"
"SBT","13:52:36",13.75,-0.35,3300,2311800,"B"
"SBT","13:52:33",13.75,-0.35,1700,2308500,"S"
"SBT","13:52:30",13.75,-0.35,5300,2306800,"S"
"SBT","13:52:24",13.75,-0.35,100,2301500,"S"
"SBT","13:52:23",13.7,-0.4,10000,2301400,"B"
"SBT","13:52:20",13.75,-0.35,4400,2291400,"S"
"SBT","13:52:12",13.7,-0.4,100,2287000,"B"
"SBT","13:52:11",13.75,-0.35,5000,2286900,"S"
"SBT","13:52:09",13.75,-0.35,200,2281900,"S"
"SBT","13:52:08",13.75,-0.35,900,2281700,"S"
"SBT","13:52:05",13.75,-0.35,2000,2280800,"S"
"SBT","13:51:58",13.75,-0.35,500,2278800,"S"
"SBT","13:51:47",13.75,-0.35,200,2278300,"S"
"SBT","13:51:47",13.75,-0.35,100,2278100,"S"
"SBT","13:51:43",13.75,-0.35,300,2278000,"S"
"SBT","13:51:43",13.75,-0.35,1000,2277700,"S"
"SBT","13:51:31",13.75,-0.35,100,2276700,"S"
"SBT","13:51:24",13.75,-0.35,100,2276600,"S"
"SBT","13:51:11",13.75,-0.35,100,2276500,"S"
"SBT","13:51:08",13.7,-0.4,200,2276400,"B"
"SBT","13:51:03",13.75,-0.35,500,2276200,"S"
"SBT","13:51:01",13.7,-0.4,1000,2275700,"B"
"SBT","13:50:59",13.7,-0.4,15000,2274700,"B"
"SBT","13:50:57",13.7,-0.4,4000,2259700,"B"
"SBT","13:50:56",13.7,-0.4,500,2255700,"B"
"SBT","13:50:50",13.7,-0.4,2000,2255200,"B"
"SBT","13:50:47",13.7,-0.4,500,2253200,"B"
"SBT","13:50:36",13.7,-0.4,1600,2252700,"B"
"SBT","13:50:36",13.7,-0.4,5000,2251100,"B"
"SBT","13:50:28",13.75,-0.35,1000,2246100,"S"
"SBT","13:50:24",13.75,-0.35,300,2245100,"S"
"SBT","13:50:22",13.75,-0.35,12000,2244800,"B"
"SBT","13:50:16",13.75,-0.35,2100,2232800,"B"
"SBT","13:50:10",13.75,-0.35,300,2230700,"B"
"SBT","13:49:57",13.75,-0.35,600,2230400,"B"
"SBT","13:49:49",13.8,-0.3,9900,2229800,"B"
"SBT","13:49:30",13.8,-0.3,90900,2219900,"B"
"SBT","13:49:23",13.85,-0.25,900,2129000,"B"
"SBT","13:49:13",13.85,-0.25,1000,2128100,"B"
"SBT","13:49:05",13.85,-0.25,900,2127100,"B"
"SBT","13:48:46",13.85,-0.25,800,2126200,"B"
"SBT","13:48:45",13.85,-0.25,200,2125400,"B"
"SBT","13:48:37",13.85,-0.25,2700,2125200,"B"
"SBT","13:48:36",13.85,-0.25,2500,2122500,"B"
"SBT","13:48:23",13.85,-0.25,1200,2120000,"B"
"SBT","13:48:16",13.85,-0.25,2700,2118800,"B"
"SBT","13:48:09",13.9,-0.2,500,2116100,"S"
"SBT","13:47:57",13.9,-0.2,200,2115600,"S"
"SBT","13:47:57",13.85,-0.25,2000,2115400,"B"
"SBT","13:47:56",13.85,-0.25,40000,2113400,"B"
"SBT","13:47:26",13.85,-0.25,2000,2073400,"B"
"SBT","13:46:55",13.9,-0.2,100,2071400,"S"
"SBT","13:46:52",13.9,-0.2,1000,2071300,"S"
"SBT","13:46:52",13.9,-0.2,7000,2070300,"S"
"SBT","13:46:44",13.9,-0.2,1000,2063300,"S"
"SBT","13:46:44",13.9,-0.2,5400,2062300,"S"
"SBT","13:46:42",13.9,-0.2,500,2056900,"S"
"SBT","13:46:31",13.9,-0.2,500,2056400,"S"
"SBT","13:46:04",13.9,-0.2,200,2055900,"S"
"SBT","13:45:53",13.9,-0.2,500,2055700,"S"
"SBT","13:45:51",13.9,-0.2,100,2055200,"S"
"SBT","13:45:33",13.9,-0.2,200,2055100,"S"
"SBT","13:45:30",13.9,-0.2,80700,2054900,"B"
"SBT","13:44:49",13.95,-0.15,2000,1974200,"S"
"SBT","13:44:43",13.9,-0.2,3600,1972200,"B"
"SBT","13:44:43",13.9,-0.2,1100,1968600,"B"
"SBT","13:44:15",13.9,-0.2,200,1967500,"B"
"SBT","13:43:50",13.95,-0.15,600,1967300,"S"
"SBT","13:43:42",13.95,-0.15,100,1966700,"S"
"SBT","13:43:41",13.9,-0.2,5000,1966600,"B"
"SBT","13:42:52",13.95,-0.15,100,1961600,"S"
"SBT","13:42:38",13.95,-0.15,2300,1961500,"B"
"SBT","13:42:33",13.95,-0.15,3000,1959200,"B"
"SBT","13:42:17",13.95,-0.15,100,1956200,"B"
"SBT","13:42:03",13.95,-0.15,200,1956100,"S"
"SBT","13:42:00",13.95,-0.15,100,1955900,"S"
"SBT","13:41:56",13.95,-0.15,200,1955800,"S"
"SBT","13:41:40",13.95,-0.15,500,1955600,"S"
"SBT","13:41:22",13.9,-0.2,2000,1955100,"B"
"SBT","13:41:06",13.95,-0.15,100,1953100,"S"
"SBT","13:41:01",13.95,-0.15,2600,1953000,"B"
"SBT","13:40:51",14,-0.1,100,1950400,"S"
"SBT","13:40:44",13.95,-0.15,7000,1950300,"B"
"SBT","13:40:30",13.95,-0.15,500,1943300,"B"
"SBT","13:39:37",13.95,-0.15,1400,1942800,"S"
"SBT","13:39:29",13.95,-0.15,2000,1941400,"S"
"SBT","13:39:15",13.95,-0.15,2000,1939400,"S"
"SBT","13:38:57",13.95,-0.15,100,1937400,"S"
"SBT","13:38:54",13.95,-0.15,100,1937300,"S"
"SBT","13:38:52",13.95,-0.15,100,1937200,"S"
"SBT","13:38:51",13.95,-0.15,2300,1937100,"B"
"SBT","13:38:46",13.95,-0.15,20000,1934800,"B"
"SBT","13:38:30",14,-0.1,600,1914800,"S"
"SBT","13:38:26",13.95,-0.15,20000,1914200,"B"
"SBT","13:38:06",14,-0.1,100,1894200,"S"
"SBT","13:37:54",14,-0.1,300,1894100,"B"
"SBT","13:37:49",14,-0.1,1200,1893800,"B"
"SBT","13:37:46",14,-0.1,500,1892600,"B"
"SBT","13:37:26",14,-0.1,2000,1892100,"B"
"SBT","13:37:17",14,-0.1,2000,1890100,"B"
"SBT","13:36:46",14,-0.1,5000,1888100,"B"
"SBT","13:35:33",14,-0.1,1000,1883100,"B"
"SBT","13:35:30",14,-0.1,600,1882100,"B"
"SBT","13:34:54",14,-0.1,500,1881500,"B"
"SBT","13:33:40",14,-0.1,100,1881000,"B"
"SBT","13:33:38",14,-0.1,1000,1880900,"B"
"SBT","13:33:28",14,-0.1,6000,1879900,"B"
"SBT","13:33:09",14.05,-0.05,100,1873900,"S"
"SBT","13:32:55",14,-0.1,10700,1873800,"B"
"SBT","13:32:34",14,-0.1,7000,1863100,"B"
"SBT","13:32:28",14.05,-0.05,3200,1856100,"S"
"SBT","13:32:13",14.05,-0.05,6200,1852900,"B"
"SBT","13:29:31",14.05,-0.05,2500,1846700,"S"
"SBT","13:29:12",14.05,-0.05,10000,1844200,"S"
"SBT","13:28:52",14.05,-0.05,1400,1834200,"S"
"SBT","13:28:48",14,-0.1,500,1832800,"B"
"SBT","13:28:45",14,-0.1,100,1832300,"B"
"SBT","13:28:27",14,-0.1,300,1832200,"B"
"SBT","13:28:19",14,-0.1,4200,1831900,"S"
"SBT","13:28:16",14,-0.1,5000,1827700,"S"
"SBT","13:28:14",14,-0.1,1000,1822700,"S"
"SBT","13:28:08",14,-0.1,10000,1821700,"S"
"SBT","13:27:52",14,-0.1,500,1811700,"S"
"SBT","13:27:47",14,-0.1,6000,1811200,"S"
"SBT","13:27:40",14,-0.1,20000,1805200,"S"
"SBT","13:27:39",14,-0.1,1000,1785200,"S"
"SBT","13:27:29",13.95,-0.15,4000,1784200,"B"
"SBT","13:27:26",14,-0.1,300,1780200,"S"
"SBT","13:27:22",13.95,-0.15,1000,1779900,"B"
"SBT","13:27:16",13.95,-0.15,5000,1778900,"B"
"SBT","13:26:51",13.95,-0.15,10000,1773900,"B"
"SBT","13:26:37",13.95,-0.15,500,1763900,"B"
"SBT","13:26:34",14,-0.1,500,1763400,"S"
"SBT","13:26:33",13.95,-0.15,1000,1762900,"B"
"SBT","13:25:58",14,-0.1,100,1761900,"S"
"SBT","13:25:57",14,-0.1,1400,1761800,"S"
"SBT","13:25:38",14,-0.1,5000,1760400,"S"
"SBT","13:24:44",14,-0.1,8900,1755400,"B"
"SBT","13:24:27",14,-0.1,600,1746500,"B"
"SBT","13:24:23",14,-0.1,100,1745900,"B"
"SBT","13:24:21",14,-0.1,3700,1745800,"B"
"SBT","13:24:01",14,-0.1,3300,1742100,"S"
"SBT","13:23:47",14,-0.1,100,1738800,"S"
"SBT","13:23:35",14,-0.1,200,1738700,"S"
"SBT","13:23:35",14,-0.1,100,1738500,"S"
"SBT","13:23:30",14,-0.1,100,1738400,"S"
"SBT","13:23:25",14,-0.1,500,1738300,"S"
"SBT","13:23:21",14,-0.1,5000,1737800,"S"
"SBT","13:23:07",14,-0.1,100,1732800,"S"
"SBT","13:23:05",14,-0.1,9600,1732700,"B"
"SBT","13:23:04",14,-0.1,600,1723100,"B"
"SBT","13:23:02",14,-0.1,2000,1722500,"B"
"SBT","13:22:56",14,-0.1,200,1720500,"B"
"SBT","13:22:50",14,-0.1,100000,1720300,"B"
"SBT","13:22:17",14.05,-0.05,4600,1620300,"B"
"SBT","13:22:14",14.05,-0.05,20000,1615700,"B"
"SBT","13:22:10",14.05,-0.05,26500,1595700,"B"
"SBT","13:22:09",14.05,-0.05,300,1569200,"B"
"SBT","13:22:05",14.05,-0.05,500,1568900,"B"
"SBT","13:21:55",14.05,-0.05,500,1568400,"B"
"SBT","13:21:47",14.05,-0.05,300,1567900,"B"
"SBT","13:21:24",14.05,-0.05,30000,1567600,"B"
"SBT","13:21:06",14.1,0,500,1537600,"S"
"SBT","13:20:19",14.1,0,2000,1537100,"S"
"SBT","13:19:08",14.1,0,100,1535100,"S"
"SBT","13:19:01",14.1,0,400,1535000,"S"
"SBT","13:18:13",14.1,0,100,1534600,"S"
"SBT","13:17:35",14.05,-0.05,200,1534500,"B"
"SBT","13:17:35",14.1,0,100,1534300,"S"
"SBT","13:17:22",14.1,0,500,1534200,"S"
"SBT","13:17:11",14.05,-0.05,300,1533700,"B"
"SBT","13:17:07",14.1,0,700,1533400,"S"
"SBT","13:15:52",14.05,-0.05,14900,1532700,"B"
"SBT","13:15:14",14.05,-0.05,2600,1517800,"B"
"SBT","13:15:00",14.1,0,700,1515200,"B"
"SBT","13:14:47",14.1,0,4800,1514500,"B"
"SBT","13:14:41",14.1,0,2000,1509700,"B"
"SBT","13:14:33",14.1,0,18500,1507700,"S"
"SBT","13:14:17",14.05,-0.05,200,1489200,"B"
"SBT","13:14:08",14.1,0,100,1489000,"S"
"SBT","13:14:04",14.1,0,1000,1488900,"S"
"SBT","13:13:54",14.1,0,1000,1487900,"S"
"SBT","13:13:46",14.1,0,5000,1486900,"S"
"SBT","13:13:25",14.1,0,1000,1481900,"S"
"SBT","13:13:13",14.1,0,1000,1480900,"S"
"SBT","13:11:31",14.05,-0.05,400,1479900,"B"
"SBT","13:11:12",14.05,-0.05,200,1479500,"B"
"SBT","13:09:53",14.05,-0.05,200,1479300,"B"
"SBT","13:08:39",14.05,-0.05,3000,1479100,"B"
"SBT","13:08:28",14.1,0,200,1476100,"S"
"SBT","13:08:27",14.1,0,100,1475900,"S"
"SBT","13:08:01",14.1,0,500,1475800,"S"
"SBT","13:07:56",14.05,-0.05,2000,1475300,"B"
"SBT","13:07:16",14.05,-0.05,1400,1473300,"S"
"SBT","13:07:11",14.05,-0.05,15000,1471900,"S"
"SBT","13:06:47",14.05,-0.05,500,1456900,"S"
"SBT","13:06:25",14.05,-0.05,13100,1456400,"B"
"SBT","13:06:21",14.05,-0.05,1500,1443300,"B"
"SBT","13:06:15",14.05,-0.05,20000,1441800,"B"
"SBT","13:06:01",14.05,-0.05,500,1421800,"B"
"SBT","13:05:59",14.1,0,100,1421300,"S"
"SBT","13:05:34",14.05,-0.05,10000,1421200,"B"
"SBT","13:05:26",14.05,-0.05,1000,1411200,"B"
"SBT","13:05:10",14.05,-0.05,6000,1410200,"B"
"SBT","13:04:29",14.05,-0.05,100,1404200,"B"
"SBT","13:04:00",14.05,-0.05,6000,1404100,"B"
"SBT","13:03:52",14.05,-0.05,400,1398100,"B"
"SBT","13:03:28",14.05,-0.05,1000,1397700,"B"
"SBT","13:03:25",14.05,-0.05,10000,1396700,"B"
"SBT","13:03:23",14.05,-0.05,200,1386700,"B"
"SBT","13:03:07",14.05,-0.05,500,1386500,"B"
"SBT","13:02:39",14.05,-0.05,1600,1386000,"B"
"SBT","13:02:37",14.05,-0.05,1000,1384400,"B"
"SBT","13:02:21",14.05,-0.05,1000,1383400,"B"
"SBT","13:02:14",14.05,-0.05,3400,1382400,"B"
"SBT","13:02:01",14.05,-0.05,10000,1379000,"B"
"SBT","13:01:50",14.05,-0.05,10000,1369000,"B"
"SBT","13:01:44",14.05,-0.05,4000,1359000,"B"
"SBT","13:01:06",14.05,-0.05,1000,1355000,"B"
"SBT","13:01:01",14.05,-0.05,600,1354000,"B"
"SBT","13:00:44",14.05,-0.05,500,1353400,"B"
"SBT","13:00:41",14.1,0,1500,1352900,"S"
"SBT","13:00:30",14.1,0,100,1351400,"S"
"SBT","13:00:17",14.05,-0.05,2200,1351300,"B"
"SBT","13:00:14",14.05,-0.05,100,1349100,"B"
"SBT","13:00:05",14.1,0,9900,1349000,"B"
"SBT","13:00:04",14.1,0,400,1339100,"B"
"SBT","13:00:02",14.15,0.05,20300,1338700,"S"
"SBT","13:00:02",14.1,0,349800,1318400,"S"
"SBT","11:29:37",14.1,0,70400,968600,"B"
"SBT","11:29:13",14.1,0,2000,898200,"B"
"SBT","11:28:25",14.15,0.05,2500,896200,"S"
"SBT","11:27:43",14.15,0.05,1000,893700,"S"
"SBT","11:27:27",14.15,0.05,20000,892700,"S"
"SBT","11:27:23",14.1,0,200,872700,"B"
"SBT","11:27:14",14.1,0,100,872500,"B"
"SBT","11:26:22",14.15,0.05,500,872400,"S"
"SBT","11:24:47",14.1,0,1700,871900,"B"
"SBT","11:24:46",14.1,0,100,870200,"B"
"SBT","11:24:33",14.15,0.05,7300,870100,"B"
"SBT","11:24:20",14.15,0.05,40000,862800,"B"
"SBT","11:24:17",14.15,0.05,10000,822800,"B"
"SBT","11:23:56",14.15,0.05,10000,812800,"B"
"SBT","11:23:27",14.15,0.05,20000,802800,"B"
"SBT","11:23:19",14.2,0.1,1000,782800,"S"
"SBT","11:21:42",14.15,0.05,200,781800,"B"
"SBT","11:21:09",14.2,0.1,700,781600,"S"
"SBT","11:20:30",14.2,0.1,8000,780900,"S"
"SBT","11:18:50",14.2,0.1,3700,772900,"S"
"SBT","11:18:06",14.2,0.1,3000,769200,"S"
"SBT","11:16:49",14.15,0.05,100,766200,"B"
"SBT","11:16:07",14.15,0.05,2000,766100,"B"
"SBT","11:15:50",14.15,0.05,100,764100,"B"
"SBT","11:15:08",14.2,0.1,2000,764000,"S"
"SBT","11:14:07",14.2,0.1,500,762000,"S"
"SBT","11:12:59",14.2,0.1,4200,761500,"B"
"SBT","11:12:53",14.2,0.1,20000,757300,"B"
"SBT","11:11:40",14.2,0.1,2000,737300,"B"
"SBT","11:11:25",14.25,0.15,100,735300,"S"
"SBT","11:11:22",14.2,0.1,100,735200,"B"
"SBT","11:11:08",14.2,0.1,20000,735100,"B"
"SBT","11:10:49",14.25,0.15,100,715100,"S"
"SBT","11:10:20",14.2,0.1,1500,715000,"B"
"SBT","11:08:38",14.2,0.1,800,713500,"B"
"SBT","11:08:13",14.2,0.1,1000,712700,"B"
"SBT","11:07:59",14.25,0.15,100,711700,"S"
"SBT","11:07:56",14.2,0.1,100,711600,"B"
"SBT","11:07:56",14.2,0.1,20000,711500,"B"
"SBT","11:07:51",14.2,0.1,200,691500,"B"
"SBT","11:07:27",14.2,0.1,40000,691300,"B"
"SBT","11:07:08",14.2,0.1,5000,651300,"B"
"SBT","11:06:28",14.2,0.1,500,646300,"B"
"SBT","11:06:22",14.25,0.15,100,645800,"S"
"SBT","11:06:12",14.2,0.1,100,645700,"B"
"SBT","11:05:39",14.2,0.1,900,645600,"B"
"SBT","11:04:17",14.25,0.15,500,644700,"S"
"SBT","11:04:01",14.25,0.15,1000,644200,"S"
"SBT","11:01:21",14.25,0.15,5000,643200,"S"
"SBT","11:00:26",14.25,0.15,1000,638200,"S"
"SBT","10:59:20",14.25,0.15,100,637200,"S"
"SBT","10:58:53",14.25,0.15,9400,637100,"B"
"SBT","10:57:53",14.3,0.2,100,627700,"S"
"SBT","10:57:37",14.25,0.15,900,627600,"S"
"SBT","10:57:33",14.25,0.15,21700,626700,"S"
"SBT","10:57:32",14.25,0.15,28300,605000,"S"
"SBT","10:57:31",14.25,0.15,100,576700,"S"
"SBT","10:57:24",14.25,0.15,2500,576600,"S"
"SBT","10:57:10",14.25,0.15,100,574100,"S"
"SBT","10:56:43",14.25,0.15,100,574000,"S"
"SBT","10:56:31",14.2,0.1,500,573900,"B"
"SBT","10:55:43",14.25,0.15,5300,573400,"S"
"SBT","10:55:14",14.25,0.15,1400,568100,"S"
"SBT","10:55:01",14.25,0.15,4200,566700,"S"
"SBT","10:54:53",14.25,0.15,1000,562500,"S"
"SBT","10:54:44",14.25,0.15,4000,561500,"S"
"SBT","10:54:30",14.25,0.15,9100,557500,"S"
"SBT","10:52:54",14.25,0.15,100,548400,"S"
"SBT","10:52:46",14.2,0.1,500,548300,"B"
"SBT","10:51:45",14.2,0.1,2000,547800,"B"
"SBT","10:51:14",14.2,0.1,1000,545800,"B"
"SBT","10:50:32",14.25,0.15,200,544800,"S"
"SBT","10:48:27",14.25,0.15,1000,544600,"S"
"SBT","10:48:02",14.2,0.1,5000,543600,"B"
"SBT","10:47:53",14.25,0.15,16000,538600,"S"
"SBT","10:47:26",14.25,0.15,100,522600,"S"
"SBT","10:47:14",14.2,0.1,300,522500,"B"
"SBT","10:46:37",14.25,0.15,100,522200,"S"
"SBT","10:45:48",14.2,0.1,10000,522100,"B"
"SBT","10:44:50",14.25,0.15,100,512100,"S"
"SBT","10:44:37",14.25,0.15,1000,512000,"S"
"SBT","10:44:09",14.25,0.15,200,511000,"S"
"SBT","10:43:54",14.25,0.15,100,510800,"S"
"SBT","10:43:14",14.25,0.15,500,510700,"S"
"SBT","10:42:26",14.25,0.15,7800,510200,"S"
"SBT","10:41:22",14.25,0.15,200,502400,"S"
"SBT","10:41:21",14.2,0.1,500,502200,"B"
"SBT","10:40:53",14.25,0.15,1000,501700,"S"
"SBT","10:40:17",14.25,0.15,100,500700,"S"
"SBT","10:40:03",14.2,0.1,1000,500600,"B"
"SBT","10:39:52",14.2,0.1,100,499600,"B"
"SBT","10:39:26",14.25,0.15,20000,499500,"S"
"SBT","10:38:00",14.25,0.15,100,479500,"S"
"SBT","10:37:23",14.2,0.1,4000,479400,"S"
"SBT","10:37:14",14.2,0.1,4000,475400,"S"
"SBT","10:37:14",14.2,0.1,4300,471400,"S"
"SBT","10:37:11",14.2,0.1,4000,467100,"S"
"SBT","10:36:56",14.2,0.1,500,463100,"S"
"SBT","10:36:34",14.2,0.1,1700,462600,"B"
"SBT","10:35:17",14.2,0.1,100,460900,"B"
"SBT","10:35:10",14.2,0.1,100,460800,"B"
"SBT","10:35:04",14.2,0.1,2900,460700,"B"
"SBT","10:34:36",14.2,0.1,500,457800,"B"
"SBT","10:33:55",14.2,0.1,100,457300,"B"
"SBT","10:33:43",14.2,0.1,500,457200,"B"
"SBT","10:32:54",14.2,0.1,100,456700,"B"
"SBT","10:32:53",14.2,0.1,2000,456600,"B"
"SBT","10:32:04",14.2,0.1,3500,454600,"S"
"SBT","10:31:23",14.2,0.1,2500,451100,"S"
"SBT","10:31:15",14.2,0.1,200,448600,"S"
"SBT","10:30:53",14.2,0.1,14200,448400,"B"
"SBT","10:30:49",14.2,0.1,100,434200,"B"
"SBT","10:30:14",14.2,0.1,10000,434100,"B"
"SBT","10:29:49",14.2,0.1,1000,424100,"B"
"SBT","10:29:03",14.25,0.15,1000,423100,"S"
"SBT","10:24:36",14.25,0.15,1000,422100,"S"
"SBT","10:24:31",14.25,0.15,100,421100,"S"
"SBT","10:24:19",14.25,0.15,100,418000,"S"
"SBT","10:23:45",14.2,0.1,4200,417900,"B"
"SBT","10:23:31",14.25,0.15,100,413700,"S"
"SBT","10:23:25",14.2,0.1,10000,413600,"B"
"SBT","10:23:03",14.25,0.15,100,403600,"S"
"SBT","10:22:20",14.2,0.1,77900,403500,"S"
"SBT","10:20:34",14.2,0.1,500,325600,"S"
"SBT","10:19:41",14.2,0.1,100,325100,"S"
"SBT","10:19:17",14.15,0.05,100,325000,"B"
"SBT","10:18:26",14.2,0.1,1000,324900,"S"
"SBT","10:18:17",14.2,0.1,100,323900,"S"
"SBT","10:17:58",14.15,0.05,100,323800,"B"
"SBT","10:17:53",14.15,0.05,800,323700,"B"
"SBT","10:16:15",14.15,0.05,200,322900,"B"
"SBT","10:14:15",14.2,0.1,2000,322700,"S"
"SBT","10:11:15",14.2,0.1,5000,320700,"S"
"SBT","10:10:01",14.2,0.1,300,315700,"S"
"SBT","10:09:40",14.2,0.1,7500,315400,"S"
"SBT","10:09:10",14.2,0.1,100,307900,"S"
"SBT","10:09:07",14.2,0.1,200,307800,"S"
"SBT","10:08:12",14.2,0.1,100,307600,"S"
"SBT","10:08:08",14.15,0.05,200,307500,"B"
"SBT","10:06:55",14.15,0.05,500,307300,"B"
"SBT","10:05:05",14.15,0.05,4300,306800,"S"
"SBT","10:05:01",14.15,0.05,100,302500,"S"
"SBT","10:04:42",14.15,0.05,1000,302400,"S"
"SBT","10:04:33",14.15,0.05,100,301400,"S"
"SBT","10:03:57",14.15,0.05,500,301300,"S"
"SBT","10:03:25",14.15,0.05,500,300800,"S"
"SBT","10:03:10",14.1,0,100,300300,"B"
"SBT","10:00:28",14.15,0.05,500,300200,"S"
"SBT","09:58:14",14.15,0.05,200,299700,"S"
"SBT","09:57:30",14.15,0.05,1100,299500,"B"
"SBT","09:56:43",14.15,0.05,100,298400,"B"
"SBT","09:56:35",14.15,0.05,100,298300,"B"
"SBT","09:56:22",14.15,0.05,200,298200,"B"
"SBT","09:55:43",14.15,0.05,5000,298000,"B"
"SBT","09:55:20",14.15,0.05,4000,293000,"S"
"SBT","09:53:32",14.15,0.05,800,289000,"S"
"SBT","09:53:26",14.15,0.05,1300,288200,"S"
"SBT","09:52:51",14.15,0.05,1900,286900,"B"
"SBT","09:51:23",14.15,0.05,100,285000,"B"
"SBT","09:51:13",14.15,0.05,3200,284900,"S"
"SBT","09:50:10",14.15,0.05,13500,281700,"B"
"SBT","09:50:06",14.15,0.05,100,268200,"B"
"SBT","09:49:56",14.15,0.05,5000,268100,"B"
"SBT","09:48:45",14.15,0.05,10000,263100,"B"
"SBT","09:45:58",14.15,0.05,100,253100,"B"
"SBT","09:45:49",14.15,0.05,15900,253000,"S"
"SBT","09:45:04",14.15,0.05,5000,237100,"S"
"SBT","09:44:08",14.15,0.05,600,232100,"S"
"SBT","09:43:56",14.15,0.05,1100,231500,"B"
"SBT","09:43:55",14.15,0.05,100,230400,"B"
"SBT","09:43:32",14.15,0.05,2000,230300,"B"
"SBT","09:43:31",14.15,0.05,2000,228300,"B"
"SBT","09:43:30",14.15,0.05,300,226300,"B"
"SBT","09:43:08",14.15,0.05,20000,226000,"B"
"SBT","09:43:01",14.15,0.05,100,206000,"B"
"SBT","09:41:56",14.15,0.05,500,205900,"B"
"SBT","09:40:37",14.15,0.05,400,205400,"B"
"SBT","09:40:16",14.15,0.05,500,205000,"B"
"SBT","09:39:54",14.2,0.1,7000,204500,"S"
"SBT","09:39:25",14.15,0.05,3700,197500,"B"
"SBT","09:38:39",14.15,0.05,400,193800,"S"
"SBT","09:38:20",14.15,0.05,29600,193400,"B"
"SBT","09:38:09",14.15,0.05,2000,163800,"S"
"SBT","09:36:36",14.15,0.05,6800,161800,"B"
"SBT","09:35:33",14.15,0.05,20000,155000,"B"
"SBT","09:33:55",14.15,0.05,100,135000,"B"
"SBT","09:33:47",14.2,0.1,500,134900,"S"
"SBT","09:33:03",14.2,0.1,100,134400,"S"
"SBT","09:32:52",14.2,0.1,100,134300,"S"
"SBT","09:32:50",14.2,0.1,600,134200,"S"
"SBT","09:31:52",14.2,0.1,100,133600,"S"
"SBT","09:31:03",14.2,0.1,1200,133500,"B"
"SBT","09:30:51",14.2,0.1,2500,132300,"B"
"SBT","09:30:23",14.2,0.1,100,129800,"B"
"SBT","09:30:06",14.2,0.1,100,129700,"B"
"SBT","09:29:56",14.2,0.1,2000,129600,"B"
"SBT","09:29:12",14.2,0.1,200,127600,"S"
"SBT","09:29:08",14.2,0.1,1000,127400,"S"
"SBT","09:28:55",14.2,0.1,1000,126400,"S"
"SBT","09:28:38",14.2,0.1,2800,125400,"B"
"SBT","09:27:53",14.2,0.1,400,122600,"B"
"SBT","09:27:31",14.2,0.1,9600,122200,"B"
"SBT","09:27:30",14.25,0.15,100,112600,"S"
"SBT","09:27:29",14.2,0.1,4400,112500,"S"
"SBT","09:27:11",14.2,0.1,100,108100,"S"
"SBT","09:26:18",14.2,0.1,600,108000,"B"
"SBT","09:26:17",14.2,0.1,3000,107400,"S"
"SBT","09:25:29",14.2,0.1,3000,104400,"B"
"SBT","09:25:15",14.2,0.1,100,101400,"B"
"SBT","09:25:12",14.2,0.1,3000,101300,"B"
"SBT","09:24:59",14.2,0.1,100,98300,"B"
"SBT","09:24:42",14.2,0.1,1000,98200,"B"
"SBT","09:24:31",14.2,0.1,1000,97200,"B"
"SBT","09:23:24",14.2,0.1,800,96200,"S"
"SBT","09:22:57",14.2,0.1,700,95400,"B"
"SBT","09:22:39",14.2,0.1,4300,94700,"S"
"SBT","09:22:34",14.2,0.1,1000,90400,"S"
"SBT","09:21:06",14.2,0.1,1700,89400,"B"
"SBT","09:20:58",14.2,0.1,3300,87700,"S"
"SBT","09:20:54",14.2,0.1,4000,84400,"S"
"SBT","09:20:26",14.2,0.1,12900,80400,"B"
"SBT","09:20:16",14.2,0.1,5000,67500,"B"
"SBT","09:19:47",14.2,0.1,100,62500,"B"
"SBT","09:19:47",14.2,0.1,300,62400,"B"
"SBT","09:19:45",14.25,0.15,2300,62100,"S"
"SBT","09:19:29",14.2,0.1,2300,59800,"S"
"SBT","09:19:26",14.2,0.1,300,57500,"S"
"SBT","09:19:23",14.2,0.1,20000,57200,"S"
"SBT","09:19:13",14.2,0.1,100,37200,"S"
"SBT","09:19:11",14.2,0.1,800,37100,"S"
"SBT","09:19:03",14.2,0.1,3000,36300,"S"
"SBT","09:18:31",14.2,0.1,200,33300,"S"
"SBT","09:17:59",14.2,0.1,200,33100,"S"
"SBT","09:17:45",14.2,0.1,100,32900,"S"
"SBT","09:17:40",14.2,0.1,500,32800,"S"
"SBT","09:17:37",14.2,0.1,3600,32300,"S"
"SBT","09:17:24",14.2,0.1,500,28700,"S"
"SBT","09:16:24",14.2,0.1,1000,28200,"S"
"SBT","09:16:22",14.2,0.1,300,27200,"S"
"SBT","09:16:07",14.2,0.1,2000,26900,"S"
"SBT","09:15:51",14.2,0.1,3000,24900,"S"
"SBT","09:15:33",14.2,0.1,1000,21900,"S"
"SBT","09:15:16",14.15,0.05,200,20900,"B"
"SBT","09:15:10",14.15,0.05,2700,20700,"S"
"SBT","09:15:09",14.15,0.05,1000,18000,"S"
"SBT","09:15:01",14.15,0.05,17000,17000,
