"symbol","time","price","change","vol","total","side"
"TNG","14:45:02",18.8,-0.7,68800,2163800,
"TNG","14:29:52",18.9,-0.6,1500,2095000,
"TNG","14:29:45",18.9,-0.6,1000,2093500,
"TNG","14:29:42",18.9,-0.6,1000,2092500,
"TNG","14:29:40",18.9,-0.6,3000,2091500,
"TNG","14:29:38",18.9,-0.6,5000,2088500,
"TNG","14:29:37",18.8,-0.7,14500,2083500,
"TNG","14:29:24",18.9,-0.6,300,2069000,
"TNG","14:29:23",18.9,-0.6,500,2068700,
"TNG","14:29:10",18.9,-0.6,200,2068200,
"TNG","14:29:08",18.9,-0.6,3000,2068000,
"TNG","14:28:40",18.9,-0.6,2500,2065000,
"TNG","14:28:39",18.9,-0.6,100,2062500,
"TNG","14:28:38",18.9,-0.6,200,2062400,
"TNG","14:28:23",18.9,-0.6,16000,2062200,
"TNG","14:28:16",19,-0.5,5000,2046200,
"TNG","14:28:10",19,-0.5,5000,2041200,
"TNG","14:28:03",19,-0.5,200,2036200,
"TNG","14:28:02",18.9,-0.6,5000,2036000,
"TNG","14:27:58",19,-0.5,200,2031000,
"TNG","14:27:48",19,-0.5,100,2030800,
"TNG","14:27:47",19,-0.5,24000,2030700,
"TNG","14:27:42",19.1,-0.4,2000,2006700,
"TNG","14:27:38",19,-0.5,1300,2004700,
"TNG","14:27:27",19,-0.5,100,2003400,
"TNG","14:27:22",19,-0.5,1500,2003300,
"TNG","14:26:52",19.1,-0.4,500,2001800,
"TNG","14:26:44",19.1,-0.4,1400,2001300,
"TNG","14:26:30",19.1,-0.4,22400,1999900,
"TNG","14:26:20",19.1,-0.4,1100,1977500,
"TNG","14:26:19",19.1,-0.4,100,1976400,
"TNG","14:26:04",19.1,-0.4,1200,1976300,
"TNG","14:26:00",19.1,-0.4,2000,1975100,
"TNG","14:25:57",19.1,-0.4,10000,1973100,
"TNG","14:25:40",19.1,-0.4,400,1963100,
"TNG","14:25:29",19.1,-0.4,500,1962700,
"TNG","14:25:26",19.1,-0.4,4800,1962200,
"TNG","14:25:10",19.1,-0.4,1700,1957400,
"TNG","14:24:53",19.1,-0.4,200,1955700,
"TNG","14:24:43",19.1,-0.4,200,1955500,
"TNG","14:24:18",19.1,-0.4,1900,1955300,
"TNG","14:24:07",19.1,-0.4,300,1953400,
"TNG","14:23:46",19.1,-0.4,100,1953100,
"TNG","14:23:41",19.1,-0.4,5000,1953000,
"TNG","14:23:36",19.1,-0.4,1000,1948000,
"TNG","14:23:34",19.1,-0.4,1000,1947000,
"TNG","14:23:31",19.1,-0.4,100,1946000,
"TNG","14:23:22",19.1,-0.4,5000,1945900,
"TNG","14:22:58",19,-0.5,100,1940900,
"TNG","14:22:52",19,-0.5,1000,1940800,
"TNG","14:22:44",19,-0.5,1000,1939800,
"TNG","14:22:42",19,-0.5,5000,1938800,
"TNG","14:22:40",19,-0.5,1000,1933800,
"TNG","14:22:35",19,-0.5,300,1932800,
"TNG","14:22:33",19,-0.5,2300,1932500,
"TNG","14:22:23",19,-0.5,3000,1930200,
"TNG","14:22:20",19,-0.5,1000,1927200,
"TNG","14:22:17",19,-0.5,900,1926200,
"TNG","14:22:15",19,-0.5,1000,1925300,
"TNG","14:22:14",19,-0.5,200,1924300,
"TNG","14:22:12",19,-0.5,5000,1924100,
"TNG","14:22:11",19,-0.5,200,1919100,
"TNG","14:22:04",19,-0.5,100,1918900,
"TNG","14:21:33",19,-0.5,2000,1918800,
"TNG","14:21:22",19,-0.5,100,1916800,
"TNG","14:20:41",19,-0.5,400,1916700,
"TNG","14:20:40",18.9,-0.6,1000,1916300,
"TNG","14:20:39",18.9,-0.6,13100,1915300,
"TNG","14:20:36",18.9,-0.6,2000,1902200,
"TNG","14:20:34",18.9,-0.6,500,1900200,
"TNG","14:20:31",18.9,-0.6,500,1899700,
"TNG","14:20:04",18.9,-0.6,500,1899200,
"TNG","14:19:39",18.9,-0.6,500,1898700,
"TNG","14:18:42",18.9,-0.6,300,1898200,
"TNG","14:18:39",18.8,-0.7,200,1897900,
"TNG","14:18:27",18.9,-0.6,1000,1897700,
"TNG","14:18:24",18.8,-0.7,200,1896700,
"TNG","14:17:55",18.9,-0.6,500,1896500,
"TNG","14:17:52",18.9,-0.6,200,1896000,
"TNG","14:17:51",18.9,-0.6,500,1895800,
"TNG","14:17:40",18.9,-0.6,5000,1895300,
"TNG","14:17:34",18.9,-0.6,1000,1890300,
"TNG","14:17:24",18.9,-0.6,100,1889300,
"TNG","14:17:04",18.9,-0.6,30000,1889200,
"TNG","14:14:17",18.9,-0.6,500,1859200,
"TNG","14:13:56",18.9,-0.6,200,1858700,
"TNG","14:13:18",18.9,-0.6,600,1858500,
"TNG","14:13:09",18.9,-0.6,400,1857900,
"TNG","14:13:05",18.9,-0.6,4000,1857500,
"TNG","14:11:51",18.9,-0.6,1000,1853500,
"TNG","14:11:49",18.9,-0.6,400,1852500,
"TNG","14:11:30",18.9,-0.6,200,1852100,
"TNG","14:10:43",18.9,-0.6,1000,1851900,
"TNG","14:10:18",18.9,-0.6,8200,1850900,
"TNG","14:10:02",19,-0.5,500,1842700,
"TNG","14:10:00",19,-0.5,800,1842200,
"TNG","14:09:32",19,-0.5,5500,1841400,
"TNG","14:08:46",19,-0.5,200,1835900,
"TNG","14:08:42",18.9,-0.6,700,1835700,
"TNG","14:08:41",18.9,-0.6,300,1835000,
"TNG","14:08:40",18.9,-0.6,100,1834700,
"TNG","14:08:38",18.9,-0.6,2000,1834600,
"TNG","14:08:36",18.9,-0.6,500,1832600,
"TNG","14:08:32",18.9,-0.6,100,1832100,
"TNG","14:08:24",18.9,-0.6,2000,1832000,
"TNG","14:08:20",18.9,-0.6,200,1830000,
"TNG","14:08:16",18.9,-0.6,500,1829800,
"TNG","14:08:15",18.9,-0.6,100,1829300,
"TNG","14:08:13",18.9,-0.6,200,1829200,
"TNG","14:08:11",18.9,-0.6,2000,1829000,
"TNG","14:08:04",18.9,-0.6,100,1827000,
"TNG","14:07:59",18.9,-0.6,2200,1826900,
"TNG","14:07:43",18.9,-0.6,2000,1824700,
"TNG","14:07:37",18.9,-0.6,2200,1822700,
"TNG","14:07:35",18.9,-0.6,300,1820500,
"TNG","14:07:30",18.9,-0.6,1000,1820200,
"TNG","14:07:27",18.9,-0.6,1100,1819200,
"TNG","14:07:19",18.9,-0.6,1000,1818100,
"TNG","14:07:17",18.9,-0.6,100,1817100,
"TNG","14:07:09",18.8,-0.7,500,1817000,
"TNG","14:06:18",18.8,-0.7,100,1816500,
"TNG","14:06:10",18.8,-0.7,1000,1816400,
"TNG","14:05:58",18.8,-0.7,600,1815400,
"TNG","14:05:53",18.8,-0.7,900,1814800,
"TNG","14:05:52",18.8,-0.7,2000,1813900,
"TNG","14:05:50",18.8,-0.7,200,1811900,
"TNG","14:05:48",18.8,-0.7,2000,1811700,
"TNG","14:05:44",18.8,-0.7,200,1809700,
"TNG","14:05:41",18.8,-0.7,500,1809500,
"TNG","14:05:40",18.8,-0.7,2000,1809000,
"TNG","14:05:38",18.8,-0.7,100,1807000,
"TNG","14:05:30",18.8,-0.7,100,1806900,
"TNG","14:05:24",18.8,-0.7,100,1806800,
"TNG","14:05:21",18.8,-0.7,200,1806700,
"TNG","14:05:17",18.8,-0.7,5000,1806500,
"TNG","14:05:16",18.8,-0.7,500,1801500,
"TNG","14:05:05",18.8,-0.7,500,1801000,
"TNG","14:05:03",18.8,-0.7,1000,1800500,
"TNG","14:05:00",18.8,-0.7,1000,1799500,
"TNG","14:04:41",18.8,-0.7,500,1798500,
"TNG","14:04:03",18.8,-0.7,500,1798000,
"TNG","14:03:58",18.8,-0.7,1000,1797500,
"TNG","14:03:47",18.8,-0.7,2000,1796500,
"TNG","14:03:33",18.8,-0.7,300,1794500,
"TNG","14:03:27",18.8,-0.7,500,1794200,
"TNG","14:03:21",18.7,-0.8,200,1793700,
"TNG","14:03:13",18.8,-0.7,100,1793500,
"TNG","14:02:52",18.7,-0.8,3100,1793400,
"TNG","14:02:51",18.8,-0.7,2000,1790300,
"TNG","14:02:38",18.8,-0.7,3400,1788300,
"TNG","14:02:31",18.8,-0.7,2000,1784900,
"TNG","14:02:18",18.8,-0.7,300,1782900,
"TNG","14:02:15",18.8,-0.7,1500,1782600,
"TNG","14:02:12",18.8,-0.7,1500,1781100,
"TNG","14:02:08",18.8,-0.7,100,1779600,
"TNG","14:01:58",18.8,-0.7,1600,1779500,
"TNG","14:01:53",18.8,-0.7,2000,1777900,
"TNG","14:01:52",18.8,-0.7,2000,1775900,
"TNG","14:01:48",18.9,-0.6,10000,1773900,
"TNG","14:01:39",18.9,-0.6,1500,1763900,
"TNG","14:01:10",18.9,-0.6,100,1762400,
"TNG","14:00:31",18.9,-0.6,2700,1762300,
"TNG","14:00:28",18.9,-0.6,700,1759600,
"TNG","14:00:27",18.9,-0.6,500,1758900,
"TNG","14:00:20",18.9,-0.6,6000,1758400,
"TNG","14:00:11",19,-0.5,200,1752400,
"TNG","14:00:10",18.9,-0.6,500,1752200,
"TNG","14:00:08",18.9,-0.6,100,1751700,
"TNG","13:59:59",18.9,-0.6,1000,1751600,
"TNG","13:59:58",18.9,-0.6,200,1750600,
"TNG","13:59:56",18.9,-0.6,2000,1750400,
"TNG","13:59:48",18.9,-0.6,300,1748400,
"TNG","13:59:40",18.9,-0.6,2500,1748100,
"TNG","13:59:30",19,-0.5,300,1745600,
"TNG","13:59:28",18.9,-0.6,400,1745300,
"TNG","13:59:26",18.9,-0.6,3900,1744900,
"TNG","13:59:13",19,-0.5,1100,1741000,
"TNG","13:59:09",19,-0.5,5000,1739900,
"TNG","13:59:05",19,-0.5,1000,1734900,
"TNG","13:58:59",19,-0.5,1100,1733900,
"TNG","13:58:57",18.9,-0.6,1000,1732800,
"TNG","13:58:52",19,-0.5,200,1731800,
"TNG","13:58:39",19,-0.5,500,1731600,
"TNG","13:58:30",19,-0.5,3000,1731100,
"TNG","13:58:23",19,-0.5,200,1728100,
"TNG","13:58:20",19,-0.5,100,1727900,
"TNG","13:57:27",19,-0.5,23300,1727800,
"TNG","13:57:22",18.9,-0.6,500,1704500,
"TNG","13:57:21",18.9,-0.6,2100,1704000,
"TNG","13:57:15",18.9,-0.6,200,1701900,
"TNG","13:57:10",18.9,-0.6,500,1701700,
"TNG","13:56:57",18.9,-0.6,1000,1701200,
"TNG","13:56:47",18.9,-0.6,2000,1700200,
"TNG","13:56:40",18.9,-0.6,15000,1698200,
"TNG","13:56:39",18.9,-0.6,500,1683200,
"TNG","13:56:35",18.9,-0.6,200,1682700,
"TNG","13:56:34",18.9,-0.6,6400,1682500,
"TNG","13:56:29",18.9,-0.6,1500,1676100,
"TNG","13:56:25",18.9,-0.6,3300,1674600,
"TNG","13:56:23",18.9,-0.6,1000,1671300,
"TNG","13:56:21",18.9,-0.6,3400,1670300,
"TNG","13:56:20",18.9,-0.6,2000,1666900,
"TNG","13:56:15",18.9,-0.6,200,1664900,
"TNG","13:56:10",18.9,-0.6,100,1664700,
"TNG","13:55:48",18.9,-0.6,100,1664600,
"TNG","13:55:43",18.9,-0.6,100,1664500,
"TNG","13:55:26",18.9,-0.6,100,1664400,
"TNG","13:55:22",18.9,-0.6,1000,1664300,
"TNG","13:55:19",18.9,-0.6,100,1663300,
"TNG","13:55:12",18.9,-0.6,10000,1663200,
"TNG","13:55:06",18.9,-0.6,10100,1653200,
"TNG","13:55:00",18.7,-0.8,2200,1643100,
"TNG","13:54:53",18.9,-0.6,70000,1640900,
"TNG","13:54:52",18.7,-0.8,2100,1570900,
"TNG","13:54:51",18.7,-0.8,1500,1568800,
"TNG","13:54:49",18.7,-0.8,10000,1567300,
"TNG","13:54:48",18.7,-0.8,5000,1557300,
"TNG","13:54:31",18.6,-0.9,200,1552300,
"TNG","13:54:30",18.7,-0.8,1000,1552100,
"TNG","13:54:20",18.7,-0.8,200,1551100,
"TNG","13:54:16",18.7,-0.8,100,1550900,
"TNG","13:54:13",18.7,-0.8,1000,1550800,
"TNG","13:54:06",18.7,-0.8,5000,1549800,
"TNG","13:54:04",18.7,-0.8,5000,1544800,
"TNG","13:54:03",18.7,-0.8,100,1539800,
"TNG","13:53:53",18.7,-0.8,200,1539700,
"TNG","13:53:47",18.7,-0.8,2000,1539500,
"TNG","13:53:27",18.7,-0.8,400,1537500,
"TNG","13:53:23",18.6,-0.9,500,1537100,
"TNG","13:53:12",18.6,-0.9,18400,1536600,
"TNG","13:53:09",18.6,-0.9,1300,1518200,
"TNG","13:53:08",18.5,-1,300,1516900,
"TNG","13:53:05",18.6,-0.9,2000,1516600,
"TNG","13:53:02",18.6,-0.9,1500,1514600,
"TNG","13:53:00",18.6,-0.9,10000,1513100,
"TNG","13:52:58",18.6,-0.9,10000,1503100,
"TNG","13:52:57",18.6,-0.9,3000,1493100,
"TNG","13:52:52",18.6,-0.9,1000,1490100,
"TNG","13:52:49",18.6,-0.9,1000,1489100,
"TNG","13:52:44",18.6,-0.9,500,1488100,
"TNG","13:52:39",18.6,-0.9,1500,1487600,
"TNG","13:52:26",18.5,-1,10000,1486100,
"TNG","13:52:25",18.6,-0.9,300,1476100,
"TNG","13:52:20",18.6,-0.9,1000,1475800,
"TNG","13:52:16",18.6,-0.9,100,1474800,
"TNG","13:52:12",18.6,-0.9,100,1474700,
"TNG","13:52:11",18.6,-0.9,500,1474600,
"TNG","13:52:09",18.6,-0.9,300,1474100,
"TNG","13:52:05",18.6,-0.9,2000,1473800,
"TNG","13:52:04",18.6,-0.9,1000,1471800,
"TNG","13:52:03",18.6,-0.9,600,1470800,
"TNG","13:51:57",18.6,-0.9,2000,1470200,
"TNG","13:51:56",18.6,-0.9,14100,1468200,
"TNG","13:51:41",18.6,-0.9,1000,1454100,
"TNG","13:51:32",18.6,-0.9,200,1453100,
"TNG","13:51:30",18.6,-0.9,10000,1452900,
"TNG","13:51:21",18.6,-0.9,40000,1442900,
"TNG","13:51:19",18.7,-0.8,200,1402900,
"TNG","13:51:15",18.7,-0.8,1000,1402700,
"TNG","13:51:09",18.7,-0.8,100,1401700,
"TNG","13:51:08",18.7,-0.8,500,1401600,
"TNG","13:51:05",18.7,-0.8,4000,1401100,
"TNG","13:51:02",18.7,-0.8,500,1397100,
"TNG","13:50:59",18.7,-0.8,700,1396600,
"TNG","13:50:57",18.7,-0.8,6100,1395900,
"TNG","13:50:53",18.7,-0.8,7500,1389800,
"TNG","13:50:46",18.7,-0.8,200,1382300,
"TNG","13:50:44",18.6,-0.9,3000,1382100,
"TNG","13:50:36",18.7,-0.8,100,1379100,
"TNG","13:50:35",18.7,-0.8,2000,1379000,
"TNG","13:50:24",18.7,-0.8,500,1377000,
"TNG","13:50:19",18.7,-0.8,1000,1376500,
"TNG","13:50:16",18.6,-0.9,1500,1375500,
"TNG","13:50:12",18.6,-0.9,1000,1374000,
"TNG","13:49:54",18.6,-0.9,2000,1373000,
"TNG","13:49:48",18.6,-0.9,600,1371000,
"TNG","13:49:38",18.6,-0.9,1400,1370400,
"TNG","13:49:36",18.6,-0.9,6000,1369000,
"TNG","13:49:33",18.7,-0.8,500,1363000,
"TNG","13:49:22",18.7,-0.8,19900,1362500,
"TNG","13:49:20",18.7,-0.8,3000,1342600,
"TNG","13:48:56",18.8,-0.7,500,1339600,
"TNG","13:48:55",18.8,-0.7,36800,1339100,
"TNG","13:48:51",18.9,-0.6,2500,1302300,
"TNG","13:48:48",18.8,-0.7,1200,1299800,
"TNG","13:48:46",18.8,-0.7,10000,1298600,
"TNG","13:48:32",18.9,-0.6,100,1288600,
"TNG","13:48:09",18.9,-0.6,100,1288500,
"TNG","13:48:00",18.9,-0.6,200,1288400,
"TNG","13:47:57",18.9,-0.6,100,1288200,
"TNG","13:47:38",18.9,-0.6,100,1288100,
"TNG","13:47:20",18.9,-0.6,100,1288000,
"TNG","13:47:19",18.9,-0.6,300,1287900,
"TNG","13:47:03",18.9,-0.6,500,1287600,
"TNG","13:46:58",18.9,-0.6,10800,1287100,
"TNG","13:46:55",18.9,-0.6,4000,1276300,
"TNG","13:46:52",18.9,-0.6,2000,1272300,
"TNG","13:46:50",18.9,-0.6,3000,1270300,
"TNG","13:46:48",18.9,-0.6,30800,1267300,
"TNG","13:46:40",18.9,-0.6,2000,1236500,
"TNG","13:46:39",18.9,-0.6,5000,1234500,
"TNG","13:46:28",18.9,-0.6,100,1229500,
"TNG","13:46:22",18.9,-0.6,1000,1229400,
"TNG","13:46:18",18.9,-0.6,400,1228400,
"TNG","13:46:13",18.9,-0.6,100,1228000,
"TNG","13:46:11",18.9,-0.6,3000,1227900,
"TNG","13:46:08",18.9,-0.6,800,1224900,
"TNG","13:46:00",18.9,-0.6,7000,1224100,
"TNG","13:45:39",18.9,-0.6,100,1217100,
"TNG","13:45:32",18.9,-0.6,1000,1217000,
"TNG","13:45:20",18.9,-0.6,700,1216000,
"TNG","13:45:17",19,-0.5,1300,1215300,
"TNG","13:45:11",18.9,-0.6,1000,1214000,
"TNG","13:44:59",18.9,-0.6,600,1213000,
"TNG","13:44:29",18.9,-0.6,400,1212400,
"TNG","13:44:26",18.9,-0.6,3000,1212000,
"TNG","13:44:18",19,-0.5,500,1209000,
"TNG","13:44:09",19,-0.5,200,1208500,
"TNG","13:44:00",19,-0.5,200,1208300,
"TNG","13:43:42",19,-0.5,200,1208100,
"TNG","13:43:40",18.9,-0.6,1000,1207900,
"TNG","13:43:30",19,-0.5,100,1206900,
"TNG","13:43:19",19,-0.5,300,1206800,
"TNG","13:43:14",19,-0.5,100,1206500,
"TNG","13:43:09",19,-0.5,1100,1206400,
"TNG","13:42:37",19,-0.5,100,1205300,
"TNG","13:42:35",19,-0.5,2000,1205200,
"TNG","13:41:48",19,-0.5,200,1203200,
"TNG","13:41:47",19,-0.5,100,1203000,
"TNG","13:41:36",19,-0.5,1000,1202900,
"TNG","13:41:32",19,-0.5,5000,1201900,
"TNG","13:41:13",19,-0.5,10000,1196900,
"TNG","13:41:02",19,-0.5,200,1186900,
"TNG","13:40:57",19,-0.5,100,1186700,
"TNG","13:40:34",19,-0.5,200,1186600,
"TNG","13:40:25",19,-0.5,500,1186400,
"TNG","13:40:19",19,-0.5,100,1185900,
"TNG","13:40:18",19,-0.5,300,1185800,
"TNG","13:39:59",19,-0.5,300,1185500,
"TNG","13:39:53",19,-0.5,800,1185200,
"TNG","13:39:51",19,-0.5,2500,1184400,
"TNG","13:39:49",19,-0.5,1400,1181900,
"TNG","13:39:39",19,-0.5,10000,1180500,
"TNG","13:39:36",19,-0.5,500,1170500,
"TNG","13:39:31",19,-0.5,83500,1170000,
"TNG","13:39:29",19,-0.5,100,1086500,
"TNG","13:39:21",19,-0.5,1000,1086400,
"TNG","13:39:16",19,-0.5,500,1085400,
"TNG","13:37:56",19.1,-0.4,400,1084900,
"TNG","13:37:55",19,-0.5,600,1084500,
"TNG","13:37:43",19.1,-0.4,500,1083900,
"TNG","13:37:39",19,-0.5,100,1083400,
"TNG","13:37:30",19,-0.5,1000,1083300,
"TNG","13:37:09",19,-0.5,600,1082300,
"TNG","13:37:05",19,-0.5,4900,1081700,
"TNG","13:36:59",19,-0.5,700,1076800,
"TNG","13:36:53",19,-0.5,6000,1076100,
"TNG","13:36:38",19.1,-0.4,43600,1070100,
"TNG","13:36:29",19.1,-0.4,300,1026500,
"TNG","13:36:22",19.1,-0.4,1500,1026200,
"TNG","13:36:20",19.1,-0.4,1500,1024700,
"TNG","13:36:19",19.1,-0.4,100,1023200,
"TNG","13:36:15",19.1,-0.4,1000,1023100,
"TNG","13:36:10",19.1,-0.4,400,1022100,
"TNG","13:33:28",19.1,-0.4,100,1021700,
"TNG","13:33:23",19.1,-0.4,1300,1021600,
"TNG","13:33:00",19.2,-0.3,2000,1020300,
"TNG","13:31:58",19.2,-0.3,200,1018300,
"TNG","13:30:40",19.2,-0.3,300,1018100,
"TNG","13:29:50",19.1,-0.4,500,1017800,
"TNG","13:29:47",19.1,-0.4,100,1017300,
"TNG","13:29:38",19.1,-0.4,200,1017200,
"TNG","13:29:35",19.1,-0.4,100,1017000,
"TNG","13:29:32",19.1,-0.4,100,1016900,
"TNG","13:29:28",19.1,-0.4,1700,1016800,
"TNG","13:29:27",19.1,-0.4,9900,1015100,
"TNG","13:29:25",19,-0.5,1000,1005200,
"TNG","13:29:23",19.1,-0.4,2000,1004200,
"TNG","13:29:22",19.1,-0.4,2000,1002200,
"TNG","13:29:06",19.1,-0.4,1000,1000200,
"TNG","13:28:47",19.1,-0.4,3000,999200,
"TNG","13:28:43",19.1,-0.4,500,996200,
"TNG","13:28:34",19.1,-0.4,2600,995700,
"TNG","13:28:30",19.1,-0.4,11500,993100,
"TNG","13:28:14",19.1,-0.4,100,981600,
"TNG","13:28:08",19.1,-0.4,400,981500,
"TNG","13:28:05",19.1,-0.4,2300,981100,
"TNG","13:28:01",19.1,-0.4,300,978800,
"TNG","13:27:58",19,-0.5,1100,978500,
"TNG","13:27:55",19,-0.5,1000,977400,
"TNG","13:27:26",19.1,-0.4,15100,976400,
"TNG","13:27:18",19.1,-0.4,300,961300,
"TNG","13:27:13",19.1,-0.4,500,961000,
"TNG","13:27:08",19.1,-0.4,2100,960500,
"TNG","13:27:04",19.1,-0.4,4000,958400,
"TNG","13:27:02",19.1,-0.4,10000,954400,
"TNG","13:26:59",19.1,-0.4,4000,944400,
"TNG","13:26:50",19.1,-0.4,32000,940400,
"TNG","13:26:49",19.1,-0.4,900,908400,
"TNG","13:26:45",19.2,-0.3,1000,907500,
"TNG","13:26:39",19.1,-0.4,1000,906500,
"TNG","13:26:38",19.1,-0.4,1100,905500,
"TNG","13:26:37",19.1,-0.4,5000,904400,
"TNG","13:26:36",19.1,-0.4,1000,899400,
"TNG","13:26:35",19.1,-0.4,2000,898400,
"TNG","13:26:33",19.1,-0.4,200,896400,
"TNG","13:26:28",19.1,-0.4,1200,896200,
"TNG","13:26:25",19.1,-0.4,2000,895000,
"TNG","13:26:22",19.1,-0.4,5500,893000,
"TNG","13:26:18",19.1,-0.4,2700,887500,
"TNG","13:26:15",19.1,-0.4,500,884800,
"TNG","13:26:13",19.1,-0.4,1500,884300,
"TNG","13:26:11",19.1,-0.4,20000,882800,
"TNG","13:26:08",19.1,-0.4,900,862800,
"TNG","13:26:03",19.1,-0.4,7600,861900,
"TNG","13:25:48",19.1,-0.4,100,854300,
"TNG","13:25:44",19.1,-0.4,100,854200,
"TNG","13:25:43",19.2,-0.3,100,854100,
"TNG","13:25:38",19.1,-0.4,700,854000,
"TNG","13:25:30",19.1,-0.4,6000,853300,
"TNG","13:23:17",19.2,-0.3,300,847300,
"TNG","13:23:03",19.1,-0.4,200,847000,
"TNG","13:22:55",19.2,-0.3,200,846800,
"TNG","13:22:31",19.2,-0.3,100,846600,
"TNG","13:22:22",19.2,-0.3,100,846500,
"TNG","13:22:20",19.2,-0.3,500,846400,
"TNG","13:22:16",19.2,-0.3,500,845900,
"TNG","13:21:50",19.2,-0.3,100,845400,
"TNG","13:21:07",19.2,-0.3,800,845300,
"TNG","13:21:05",19.2,-0.3,1000,844500,
"TNG","13:20:45",19.2,-0.3,200,843500,
"TNG","13:20:38",19.2,-0.3,400,843300,
"TNG","13:19:59",19.2,-0.3,100,842900,
"TNG","13:19:56",19.2,-0.3,700,842800,
"TNG","13:19:55",19.2,-0.3,500,842100,
"TNG","13:19:25",19.2,-0.3,1000,841600,
"TNG","13:19:23",19.2,-0.3,200,840600,
"TNG","13:19:22",19.1,-0.4,1000,840400,
"TNG","13:18:59",19.2,-0.3,1000,839400,
"TNG","13:18:53",19.2,-0.3,6000,838400,
"TNG","13:18:27",19.2,-0.3,8700,832400,
"TNG","13:17:46",19.2,-0.3,100,823700,
"TNG","13:17:29",19.2,-0.3,300,823600,
"TNG","13:17:21",19.2,-0.3,3100,823300,
"TNG","13:17:16",19.2,-0.3,5000,820200,
"TNG","13:17:02",19.2,-0.3,1000,815200,
"TNG","13:16:38",19.2,-0.3,500,814200,
"TNG","13:15:39",19.2,-0.3,1000,813700,
"TNG","13:15:32",19.2,-0.3,500,812700,
"TNG","13:15:24",19.2,-0.3,10000,812200,
"TNG","13:15:04",19.2,-0.3,1000,802200,
"TNG","13:15:00",19.1,-0.4,500,801200,
"TNG","13:14:31",19.2,-0.3,100,800700,
"TNG","13:13:44",19.2,-0.3,1000,800600,
"TNG","13:13:29",19.2,-0.3,1000,799600,
"TNG","13:12:50",19.2,-0.3,300,798600,
"TNG","13:12:27",19.2,-0.3,3000,798300,
"TNG","13:12:13",19.2,-0.3,500,795300,
"TNG","13:11:28",19.2,-0.3,100,794800,
"TNG","13:11:25",19.1,-0.4,100,794700,
"TNG","13:10:54",19.2,-0.3,100,794600,
"TNG","13:10:52",19.2,-0.3,1000,794500,
"TNG","13:10:35",19.2,-0.3,500,793500,
"TNG","13:10:19",19.2,-0.3,200,793000,
"TNG","13:09:54",19.2,-0.3,100,792800,
"TNG","13:09:48",19.1,-0.4,400,792700,
"TNG","13:09:41",19.1,-0.4,3000,792300,
"TNG","13:09:40",19.2,-0.3,1000,789300,
"TNG","13:09:35",19.2,-0.3,2000,788300,
"TNG","13:09:11",19.2,-0.3,500,786300,
"TNG","13:09:08",19.2,-0.3,500,785800,
"TNG","13:09:05",19.2,-0.3,200,785300,
"TNG","13:08:49",19.2,-0.3,10000,785100,
"TNG","13:08:03",19.2,-0.3,900,775100,
"TNG","13:07:59",19.1,-0.4,700,774200,
"TNG","13:07:58",19.1,-0.4,600,773500,
"TNG","13:07:50",19.1,-0.4,5000,772900,
"TNG","13:07:05",19.1,-0.4,500,767900,
"TNG","13:06:48",19.1,-0.4,200,767400,
"TNG","13:06:38",19.1,-0.4,2100,767200,
"TNG","13:06:37",19.1,-0.4,1900,765100,
"TNG","13:06:29",19.1,-0.4,16000,763200,
"TNG","13:06:28",19.1,-0.4,100,747200,
"TNG","13:06:27",19.1,-0.4,600,747100,
"TNG","13:06:22",19.2,-0.3,600,746500,
"TNG","13:05:30",19.1,-0.4,100,745900,
"TNG","13:05:08",19.1,-0.4,400,745800,
"TNG","13:05:04",19.1,-0.4,200,745400,
"TNG","13:05:01",19.1,-0.4,3800,745200,
"TNG","13:04:59",19.1,-0.4,100,741400,
"TNG","13:04:48",19.1,-0.4,400,741300,
"TNG","13:04:44",19.1,-0.4,200,740900,
"TNG","13:04:39",19.1,-0.4,3000,740700,
"TNG","13:04:38",19.1,-0.4,600,737700,
"TNG","13:04:35",19.1,-0.4,5000,737100,
"TNG","13:04:30",19.1,-0.4,500,732100,
"TNG","13:03:55",19.1,-0.4,400,731600,
"TNG","13:03:48",19.1,-0.4,100,731200,
"TNG","13:03:47",19.1,-0.4,800,731100,
"TNG","13:03:38",19.1,-0.4,100,730300,
"TNG","13:03:36",19.1,-0.4,200,730200,
"TNG","13:03:28",19.1,-0.4,1200,730000,
"TNG","13:03:22",19.1,-0.4,4500,728800,
"TNG","13:03:20",19.1,-0.4,5500,724300,
"TNG","13:03:08",19.1,-0.4,100,718800,
"TNG","13:02:59",19.1,-0.4,1200,718700,
"TNG","13:02:57",19.1,-0.4,10000,717500,
"TNG","13:02:16",19.1,-0.4,100,707500,
"TNG","13:02:03",19.1,-0.4,700,707400,
"TNG","13:01:58",19.1,-0.4,100,706700,
"TNG","13:01:49",19.1,-0.4,1200,706600,
"TNG","13:01:41",19.1,-0.4,10000,705400,
"TNG","13:01:39",19.1,-0.4,100,695400,
"TNG","13:01:28",19.1,-0.4,1600,695300,
"TNG","13:01:23",19.1,-0.4,7000,693700,
"TNG","13:01:19",19.1,-0.4,5000,686700,
"TNG","13:01:18",19.1,-0.4,1800,681700,
"TNG","13:01:10",19.1,-0.4,15000,679900,
"TNG","13:00:49",19.1,-0.4,300,664900,
"TNG","13:00:46",19.1,-0.4,2000,664600,
"TNG","13:00:39",19.1,-0.4,1300,662600,
"TNG","13:00:30",19.1,-0.4,10000,661300,
"TNG","13:00:19",19.2,-0.3,1600,651300,
"TNG","13:00:18",19.2,-0.3,3000,649700,
"TNG","13:00:10",19.2,-0.3,19400,646700,
"TNG","13:00:09",19.1,-0.4,26700,627300,
"TNG","13:00:08",19.1,-0.4,20200,600600,
"TNG","13:00:07",19.2,-0.3,100,580400,
"TNG","13:00:05",19.1,-0.4,1700,580300,
"TNG","13:00:04",19.1,-0.4,700,578600,
"TNG","13:00:03",19.2,-0.3,7400,577900,
"TNG","11:30:00",19.2,-0.3,5000,570500,
"TNG","11:29:57",19.2,-0.3,11000,565500,
"TNG","11:29:36",19.2,-0.3,100,554500,
"TNG","11:29:24",19.2,-0.3,400,554400,
"TNG","11:29:19",19.2,-0.3,200,554000,
"TNG","11:29:13",19.2,-0.3,8000,553800,
"TNG","11:28:51",19.2,-0.3,100,545800,
"TNG","11:28:33",19.2,-0.3,1000,545700,
"TNG","11:28:18",19.2,-0.3,10000,544700,
"TNG","11:28:08",19.2,-0.3,12400,534700,
"TNG","11:27:58",19.2,-0.3,200,522300,
"TNG","11:27:48",19.2,-0.3,2300,522100,
"TNG","11:27:42",19.2,-0.3,19200,519800,
"TNG","11:27:38",19.2,-0.3,300,500600,
"TNG","11:27:35",19.2,-0.3,3000,500300,
"TNG","11:27:08",19.2,-0.3,500,497300,
"TNG","11:26:58",19.2,-0.3,4500,496800,
"TNG","11:26:51",19.2,-0.3,37700,492300,
"TNG","11:26:12",19.2,-0.3,800,454600,
"TNG","11:25:46",19.3,-0.2,500,453800,
"TNG","11:24:16",19.3,-0.2,500,453300,
"TNG","11:24:02",19.3,-0.2,3600,452800,
"TNG","11:23:50",19.3,-0.2,300,449200,
"TNG","11:23:31",19.3,-0.2,300,448900,
"TNG","11:21:01",19.3,-0.2,300,448600,
"TNG","11:20:46",19.3,-0.2,1000,448300,
"TNG","11:20:43",19.3,-0.2,5800,447300,
"TNG","11:20:31",19.3,-0.2,100,441500,
"TNG","11:20:10",19.3,-0.2,26700,441400,
"TNG","11:18:48",19.3,-0.2,600,414700,
"TNG","11:18:46",19.3,-0.2,5000,414100,
"TNG","11:17:08",19.4,-0.1,600,409100,
"TNG","11:17:06",19.3,-0.2,100,408500,
"TNG","11:15:03",19.4,-0.1,200,408400,
"TNG","11:13:28",19.3,-0.2,300,408200,
"TNG","11:13:25",19.3,-0.2,3000,407900,
"TNG","11:12:28",19.3,-0.2,200,404900,
"TNG","11:12:18",19.3,-0.2,2200,404700,
"TNG","11:12:12",19.3,-0.2,16400,402500,
"TNG","11:12:10",19.3,-0.2,2300,386100,
"TNG","11:12:06",19.4,-0.1,200,383800,
"TNG","11:11:55",19.4,-0.1,16000,383600,
"TNG","11:11:19",19.4,-0.1,200,367600,
"TNG","11:09:45",19.4,-0.1,3000,367400,
"TNG","11:07:55",19.4,-0.1,1000,364400,
"TNG","11:07:47",19.4,-0.1,300,363400,
"TNG","11:07:06",19.4,-0.1,38300,363100,
"TNG","11:06:47",19.4,-0.1,500,324800,
"TNG","11:02:27",19.5,0,300,324300,
"TNG","11:01:06",19.5,0,100,324000,
"TNG","11:00:25",19.5,0,100,323900,
"TNG","10:58:10",19.5,0,400,323800,
"TNG","10:55:31",19.5,0,4100,323400,
"TNG","10:51:20",19.5,0,100,319300,
"TNG","10:50:58",19.4,-0.1,200,319200,
"TNG","10:50:48",19.4,-0.1,2200,319000,
"TNG","10:50:42",19.4,-0.1,18500,316800,
"TNG","10:50:26",19.5,0,500,298300,
"TNG","10:50:21",19.6,0.1,300,297800,
"TNG","10:49:38",19.5,0,400,297500,
"TNG","10:49:37",19.5,0,1000,297100,
"TNG","10:49:35",19.5,0,2600,296100,
"TNG","10:48:36",19.5,0,100,293500,
"TNG","10:48:24",19.5,0,300,293400,
"TNG","10:48:09",19.5,0,100,293100,
"TNG","10:47:58",19.5,0,1200,293000,
"TNG","10:47:49",19.5,0,10600,291800,
"TNG","10:44:18",19.5,0,200,281200,
"TNG","10:44:12",19.5,0,1900,281000,
"TNG","10:43:54",19.5,0,5000,279100,
"TNG","10:43:53",19.5,0,5000,274100,
"TNG","10:43:10",19.5,0,20000,269100,
"TNG","10:42:58",19.5,0,500,249100,
"TNG","10:42:27",19.5,0,1000,248600,
"TNG","10:42:14",19.5,0,1000,247600,
"TNG","10:40:49",19.5,0,100,246600,
"TNG","10:39:57",19.5,0,3000,246500,
"TNG","10:37:05",19.5,0,1000,243500,
"TNG","10:34:21",19.4,-0.1,100,242500,
"TNG","10:33:59",19.4,-0.1,1000,242400,
"TNG","10:33:55",19.4,-0.1,500,241400,
"TNG","10:31:36",19.4,-0.1,500,240900,
"TNG","10:30:48",19.4,-0.1,1000,240400,
"TNG","10:27:16",19.4,-0.1,100,239400,
"TNG","10:24:40",19.4,-0.1,500,239300,
"TNG","10:19:17",19.5,0,2700,238800,
"TNG","10:18:48",19.5,0,2700,236100,
"TNG","10:18:26",19.5,0,500,233400,
"TNG","10:16:45",19.5,0,100,232900,
"TNG","10:16:30",19.5,0,500,232800,
"TNG","10:12:23",19.5,0,600,232300,
"TNG","10:11:53",19.5,0,12000,231700,
"TNG","10:11:43",19.5,0,2000,219700,
"TNG","10:09:55",19.5,0,500,217700,
"TNG","10:09:25",19.5,0,2000,217200,
"TNG","10:09:00",19.5,0,1000,215200,
"TNG","10:08:58",19.5,0,400,214200,
"TNG","10:08:31",19.5,0,100,213800,
"TNG","10:06:47",19.4,-0.1,8000,213700,
"TNG","10:04:38",19.4,-0.1,100,205700,
"TNG","10:01:28",19.4,-0.1,15000,205600,
"TNG","10:01:02",19.4,-0.1,6300,190600,
"TNG","10:00:31",19.4,-0.1,500,184300,
"TNG","10:00:13",19.4,-0.1,700,183800,
"TNG","09:59:36",19.4,-0.1,100,183100,
"TNG","09:58:30",19.5,0,200,183000,
"TNG","09:53:47",19.5,0,8500,182800,
"TNG","09:53:30",19.5,0,3000,174300,
"TNG","09:53:26",19.5,0,700,171300,
"TNG","09:53:18",19.5,0,2900,170600,
"TNG","09:53:10",19.5,0,2000,167700,
"TNG","09:53:01",19.5,0,2000,165700,
"TNG","09:52:55",19.5,0,10000,163700,
"TNG","09:52:19",19.6,0.1,500,153700,
"TNG","09:51:49",19.6,0.1,500,153200,
"TNG","09:49:13",19.6,0.1,200,152700,
"TNG","09:47:18",19.6,0.1,600,152500,
"TNG","09:46:39",19.5,0,200,151900,
"TNG","09:45:28",19.6,0.1,300,151700,
"TNG","09:43:15",19.6,0.1,200,151400,
"TNG","09:42:24",19.6,0.1,300,151200,
"TNG","09:42:23",19.6,0.1,300,150900,
"TNG","09:42:06",19.6,0.1,3400,150600,
"TNG","09:41:57",19.6,0.1,6000,147200,
"TNG","09:41:06",19.6,0.1,600,141200,
"TNG","09:41:00",19.6,0.1,2000,140600,
"TNG","09:40:59",19.6,0.1,3500,138600,
"TNG","09:40:57",19.6,0.1,100,135100,
"TNG","09:40:18",19.6,0.1,1000,135000,
"TNG","09:39:55",19.6,0.1,5000,134000,
"TNG","09:39:37",19.6,0.1,100,129000,
"TNG","09:39:19",19.6,0.1,1000,128900,
"TNG","09:39:07",19.6,0.1,1500,127900,
"TNG","09:38:33",19.6,0.1,900,126400,
"TNG","09:36:48",19.6,0.1,1000,125500,
"TNG","09:36:30",19.6,0.1,1900,124500,
"TNG","09:36:16",19.6,0.1,1000,122600,
"TNG","09:35:51",19.6,0.1,20000,121600,
"TNG","09:35:33",19.6,0.1,300,101600,
"TNG","09:35:29",19.7,0.2,1200,101300,
"TNG","09:35:19",19.6,0.1,200,100100,
"TNG","09:34:52",19.7,0.2,200,99900,
"TNG","09:34:23",19.7,0.2,4200,99700,
"TNG","09:31:42",19.7,0.2,500,95500,
"TNG","09:31:31",19.6,0.1,300,95000,
"TNG","09:31:23",19.6,0.1,1000,94700,
"TNG","09:30:43",19.6,0.1,1000,93700,
"TNG","09:30:33",19.6,0.1,500,92700,
"TNG","09:27:41",19.6,0.1,500,92200,
"TNG","09:26:27",19.6,0.1,500,91700,
"TNG","09:25:43",19.6,0.1,2400,91200,
"TNG","09:25:25",19.7,0.2,7000,88800,
"TNG","09:23:59",19.7,0.2,2000,81800,
"TNG","09:23:40",19.7,0.2,3100,79800,
"TNG","09:22:24",19.7,0.2,200,76700,
"TNG","09:19:41",19.7,0.2,10000,76500,
"TNG","09:19:23",19.7,0.2,300,66500,
"TNG","09:19:09",19.7,0.2,100,66200,
"TNG","09:18:09",19.7,0.2,1000,66100,
"TNG","09:18:02",19.7,0.2,100,65100,
"TNG","09:17:57",19.7,0.2,100,65000,
"TNG","09:17:33",19.7,0.2,30000,64900,
"TNG","09:17:30",19.6,0.1,1500,34900,
"TNG","09:16:19",19.6,0.1,100,33400,
"TNG","09:14:39",19.6,0.1,500,33300,
"TNG","09:14:11",19.6,0.1,700,32800,
"TNG","09:13:30",19.6,0.1,100,32100,
"TNG","09:12:35",19.6,0.1,300,32000,
"TNG","09:11:14",19.6,0.1,1000,31700,
"TNG","09:10:56",19.6,0.1,300,30700,
"TNG","09:10:48",19.6,0.1,1000,30400,
"TNG","09:10:45",19.6,0.1,100,29400,
"TNG","09:10:37",19.6,0.1,100,29300,
"TNG","09:10:30",19.6,0.1,1000,29200,
"TNG","09:10:20",19.6,0.1,1000,28200,
"TNG","09:09:49",19.6,0.1,1000,27200,
"TNG","09:09:35",19.6,0.1,3400,26200,
"TNG","09:09:02",19.6,0.1,1000,22800,
"TNG","09:08:38",19.6,0.1,1000,21800,
"TNG","09:08:18",19.7,0.2,100,20800,
"TNG","09:07:51",19.7,0.2,800,20700,
"TNG","09:07:27",19.6,0.1,1500,19900,
"TNG","09:06:57",19.6,0.1,100,18400,
"TNG","09:05:21",19.7,0.2,5000,18300,
"TNG","09:04:06",19.7,0.2,4300,13300,
"TNG","09:04:04",19.7,0.2,1700,9000,
"TNG","09:03:32",19.7,0.2,4000,7300,
"TNG","09:03:29",19.5,0,100,3300,
"TNG","09:02:21",19.5,0,800,3200,
"TNG","09:00:34",19.5,0,100,2400,
"TNG","09:00:29",19.5,0,1000,2300,
"TNG","09:00:20",19.5,0,1300,1300,
