"symbol","time","price","change","vol","total","side"
"TPB","14:45:02",17,-0.5,267400,7432100,
"TPB","14:29:58",17.1,-0.4,400,7164700,"B"
"TPB","14:29:58",17.15,-0.35,100,7164300,"B"
"TPB","14:29:57",17.15,-0.35,100,7164200,"B"
"TPB","14:29:51",17.1,-0.4,300,7164100,"B"
"TPB","14:29:49",17.1,-0.4,13600,7163800,"B"
"TPB","14:29:49",17.1,-0.4,1400,7150200,"B"
"TPB","14:29:42",17.1,-0.4,100,7148800,"B"
"TPB","14:29:41",17.1,-0.4,18900,7148700,"B"
"TPB","14:29:41",17.15,-0.35,500,7129800,"B"
"TPB","14:29:28",17.15,-0.35,500,7129300,"B"
"TPB","14:29:21",17.1,-0.4,100,7128800,"B"
"TPB","14:29:20",17.1,-0.4,1100,7128700,"B"
"TPB","14:29:18",17.1,-0.4,5100,7127600,"B"
"TPB","14:29:18",17.15,-0.35,5000,7122500,"S"
"TPB","14:29:11",17.15,-0.35,100,7117500,"B"
"TPB","14:29:07",17.15,-0.35,100,7117400,"B"
"TPB","14:29:05",17.15,-0.35,100,7117300,"B"
"TPB","14:29:03",17.1,-0.4,1000,7117200,"B"
"TPB","14:29:03",17.1,-0.4,9100,7116200,"B"
"TPB","14:29:02",17.1,-0.4,76200,7107100,"B"
"TPB","14:29:01",17.1,-0.4,6700,7030900,"B"
"TPB","14:29:01",17.1,-0.4,1500,7024200,"B"
"TPB","14:29:00",17.1,-0.4,32300,7022700,"B"
"TPB","14:29:00",17.15,-0.35,42000,6990400,"S"
"TPB","14:28:54",17.1,-0.4,500,6948400,"B"
"TPB","14:28:51",17.1,-0.4,100,6947900,"B"
"TPB","14:28:49",17.1,-0.4,100,6947800,"B"
"TPB","14:28:49",17.15,-0.35,1000,6947700,"S"
"TPB","14:28:48",17.1,-0.4,100,6946700,"B"
"TPB","14:28:47",17.15,-0.35,1300,6946600,"S"
"TPB","14:28:43",17.15,-0.35,600,6945300,"S"
"TPB","14:28:39",17.1,-0.4,200,6944700,"B"
"TPB","14:28:31",17.15,-0.35,100,6944500,"S"
"TPB","14:28:22",17.15,-0.35,100,6944400,"S"
"TPB","14:28:20",17.15,-0.35,1800,6944300,"B"
"TPB","14:28:17",17.15,-0.35,500,6942500,"B"
"TPB","14:28:03",17.15,-0.35,4000,6942000,"B"
"TPB","14:27:57",17.15,-0.35,100,6938000,"B"
"TPB","14:27:56",17.15,-0.35,1200,6937900,"B"
"TPB","14:27:51",17.15,-0.35,600,6936700,"B"
"TPB","14:27:45",17.15,-0.35,700,6936100,"B"
"TPB","14:27:44",17.15,-0.35,6500,6935400,"B"
"TPB","14:27:42",17.15,-0.35,500,6928900,"B"
"TPB","14:27:41",17.15,-0.35,5000,6928400,"B"
"TPB","14:27:17",17.15,-0.35,100,6923400,"B"
"TPB","14:27:16",17.15,-0.35,1600,6923300,"B"
"TPB","14:27:15",17.1,-0.4,9200,6921700,"B"
"TPB","14:27:15",17.15,-0.35,5800,6912500,"B"
"TPB","14:27:11",17.2,-0.3,100,6906700,"S"
"TPB","14:27:09",17.2,-0.3,500,6906600,"S"
"TPB","14:27:00",17.3,-0.2,200,6906100,"S"
"TPB","14:26:53",17.15,-0.35,200,6905900,"B"
"TPB","14:26:52",17.1,-0.4,2700,6905700,"B"
"TPB","14:26:52",17.1,-0.4,19400,6903000,"B"
"TPB","14:26:52",17.15,-0.35,600,6883600,"B"
"TPB","14:26:45",17.1,-0.4,200,6878000,"B"
"TPB","14:26:45",17.3,-0.2,2400,6877800,"S"
"TPB","14:26:42",17.1,-0.4,200,6875400,"B"
"TPB","14:26:41",17.3,-0.2,1900,6875200,"S"
"TPB","14:26:32",17.1,-0.4,200,6873300,"B"
"TPB","14:26:31",17.3,-0.2,1500,6873100,"S"
"TPB","14:26:31",17.25,-0.25,900,6871600,"S"
"TPB","14:26:28",17.1,-0.4,600,6870700,"B"
"TPB","14:26:27",17.1,-0.4,5500,6870100,"B"
"TPB","14:26:26",17.1,-0.4,2000,6864600,"B"
"TPB","14:26:26",17.15,-0.35,40700,6862600,"B"
"TPB","14:26:26",17.2,-0.3,7300,6821900,"B"
"TPB","14:26:25",17.25,-0.25,100,6814600,"S"
"TPB","14:26:21",17.25,-0.25,100,6814500,"S"
"TPB","14:26:16",17.25,-0.25,800,6814400,"B"
"TPB","14:26:16",17.25,-0.25,13200,6813600,"S"
"TPB","14:26:04",17.25,-0.25,500,6800400,"S"
"TPB","14:25:55",17.2,-0.3,100,6799900,"S"
"TPB","14:25:53",17.15,-0.35,700,6799800,"B"
"TPB","14:25:52",17.15,-0.35,4000,6799100,"B"
"TPB","14:25:51",17.15,-0.35,2900,6795100,"B"
"TPB","14:25:50",17.15,-0.35,100,6792200,"B"
"TPB","14:25:50",17.2,-0.3,1200,6792100,"S"
"TPB","14:25:50",17.2,-0.3,25300,6790900,"S"
"TPB","14:25:37",17.15,-0.35,100,6765600,"B"
"TPB","14:25:36",17.15,-0.35,1100,6765500,"B"
"TPB","14:25:35",17.15,-0.35,10900,6764400,"B"
"TPB","14:25:28",17.2,-0.3,100,6753500,"S"
"TPB","14:25:28",17.2,-0.3,200,6753400,"S"
"TPB","14:25:28",17.15,-0.35,100,6753200,"B"
"TPB","14:25:22",17.2,-0.3,2000,6753100,"S"
"TPB","14:25:05",17.1,-0.4,400,6751100,"B"
"TPB","14:25:04",17.1,-0.4,100,6750700,"B"
"TPB","14:25:04",17.2,-0.3,4400,6750600,"S"
"TPB","14:25:03",17.1,-0.4,1600,6746200,"B"
"TPB","14:25:02",17.1,-0.4,7500,6744600,"B"
"TPB","14:25:02",17.15,-0.35,7500,6737100,"B"
"TPB","14:25:01",17.15,-0.35,200,6729600,"B"
"TPB","14:25:01",17.15,-0.35,2500,6729400,"B"
"TPB","14:25:00",17.15,-0.35,22300,6726900,"S"
"TPB","14:24:59",17.15,-0.35,500,6704600,"S"
"TPB","14:24:56",17.15,-0.35,30100,6704100,"S"
"TPB","14:24:55",17.15,-0.35,600,6674000,"S"
"TPB","14:24:53",17.15,-0.35,2200,6673400,"S"
"TPB","14:24:52",17.15,-0.35,2300,6671200,"S"
"TPB","14:24:46",17.15,-0.35,1600,6668900,"S"
"TPB","14:24:46",17.15,-0.35,500,6667300,"S"
"TPB","14:24:45",17.15,-0.35,1000,6666800,"S"
"TPB","14:24:44",17.15,-0.35,100,6665800,"S"
"TPB","14:24:43",17.15,-0.35,100,6665700,"S"
"TPB","14:24:41",17.15,-0.35,900,6665600,"S"
"TPB","14:24:38",17.15,-0.35,200,6664700,"S"
"TPB","14:24:37",17.15,-0.35,4400,6664500,"S"
"TPB","14:24:35",17.15,-0.35,400,6660100,"S"
"TPB","14:24:31",17.15,-0.35,600,6659700,"S"
"TPB","14:24:30",17.15,-0.35,4400,6659100,"S"
"TPB","14:24:28",17.15,-0.35,2800,6654700,"S"
"TPB","14:24:24",17.15,-0.35,6200,6651900,"S"
"TPB","14:24:20",17.15,-0.35,8800,6645700,"S"
"TPB","14:24:20",17.15,-0.35,200,6636900,"S"
"TPB","14:24:18",17.15,-0.35,100,6636700,"S"
"TPB","14:24:14",17.15,-0.35,100,6636600,"S"
"TPB","14:24:12",17.15,-0.35,4400,6636500,"S"
"TPB","14:24:07",17.15,-0.35,2500,6632100,"S"
"TPB","14:24:05",17.15,-0.35,2400,6629600,"S"
"TPB","14:24:03",17.15,-0.35,4400,6627200,"S"
"TPB","14:23:50",17.15,-0.35,4400,6622800,"S"
"TPB","14:23:49",17.15,-0.35,2400,6618400,"S"
"TPB","14:23:47",17.15,-0.35,12200,6616000,"S"
"TPB","14:23:43",17.15,-0.35,4400,6603800,"S"
"TPB","14:23:38",17.15,-0.35,5100,6599400,"S"
"TPB","14:23:34",17.15,-0.35,3400,6594300,"S"
"TPB","14:23:34",17.1,-0.4,1000,6590900,"S"
"TPB","14:23:33",17.1,-0.4,600,6589900,"S"
"TPB","14:23:32",17.1,-0.4,4700,6589300,"S"
"TPB","14:23:32",17.1,-0.4,100,6584600,"S"
"TPB","14:23:28",17.1,-0.4,100,6584500,"S"
"TPB","14:23:24",17.1,-0.4,500,6584400,"S"
"TPB","14:23:23",17.1,-0.4,2900,6583900,"S"
"TPB","14:23:22",17.1,-0.4,8200,6581000,"S"
"TPB","14:23:20",17.1,-0.4,800,6572800,"S"
"TPB","14:23:19",17.1,-0.4,7300,6572000,"S"
"TPB","14:23:15",17.1,-0.4,100,6564700,"S"
"TPB","14:23:10",17.1,-0.4,1200,6564600,"S"
"TPB","14:23:09",17.1,-0.4,2000,6563400,"S"
"TPB","14:23:07",17.1,-0.4,2000,6561400,"S"
"TPB","14:23:05",17.1,-0.4,10000,6559400,"S"
"TPB","14:23:04",17.1,-0.4,30100,6549400,"S"
"TPB","14:23:00",17.1,-0.4,100,6519300,"S"
"TPB","14:22:59",17.1,-0.4,3000,6519200,"S"
"TPB","14:22:53",17.1,-0.4,5000,6516200,"S"
"TPB","14:22:52",17.1,-0.4,400,6511200,"S"
"TPB","14:22:51",17.1,-0.4,2000,6510800,"S"
"TPB","14:22:50",17.1,-0.4,1000,6508800,"S"
"TPB","14:22:48",17.1,-0.4,2300,6507800,"S"
"TPB","14:22:43",17.1,-0.4,7000,6505500,"S"
"TPB","14:22:43",17.1,-0.4,4400,6498500,"S"
"TPB","14:22:42",17.1,-0.4,8000,6494100,"S"
"TPB","14:22:42",17.1,-0.4,300,6486100,"S"
"TPB","14:22:41",17.1,-0.4,1800,6485800,"S"
"TPB","14:22:41",17.1,-0.4,1000,6484000,"S"
"TPB","14:22:39",17.1,-0.4,30000,6483000,"S"
"TPB","14:22:36",17.1,-0.4,100,6453000,"S"
"TPB","14:22:26",17.1,-0.4,2000,6452900,"S"
"TPB","14:22:23",17.1,-0.4,2600,6450900,"S"
"TPB","14:22:22",17.1,-0.4,100,6448300,"S"
"TPB","14:22:20",17.1,-0.4,4000,6448200,"S"
"TPB","14:22:18",17.1,-0.4,20000,6444200,"S"
"TPB","14:22:17",17.1,-0.4,10000,6424200,"S"
"TPB","14:22:16",17.1,-0.4,40500,6414200,"S"
"TPB","14:22:16",17.1,-0.4,3000,6373700,"S"
"TPB","14:22:12",17.1,-0.4,200,6370700,"S"
"TPB","14:22:05",17.1,-0.4,20000,6370500,"S"
"TPB","14:22:01",17.1,-0.4,10000,6350500,"S"
"TPB","14:21:58",17.1,-0.4,10000,6340500,"S"
"TPB","14:21:47",17.1,-0.4,2300,6330500,"S"
"TPB","14:21:35",17.05,-0.45,500,6328200,"B"
"TPB","14:21:34",17.05,-0.45,400,6327700,"B"
"TPB","14:21:33",17.05,-0.45,3800,6327300,"B"
"TPB","14:21:33",17.1,-0.4,200,6323500,"S"
"TPB","14:21:33",17.05,-0.45,35000,6323300,"B"
"TPB","14:20:46",17.05,-0.45,100,6288300,"B"
"TPB","14:20:46",17.05,-0.45,1000,6288200,"B"
"TPB","14:20:42",17.1,-0.4,2400,6287200,"S"
"TPB","14:20:38",17.1,-0.4,100,6284800,"S"
"TPB","14:20:38",17.05,-0.45,3100,6284700,"S"
"TPB","14:20:34",17.05,-0.45,300,6281600,"S"
"TPB","14:20:31",17.05,-0.45,1100,6281300,"S"
"TPB","14:20:30",17.05,-0.45,200,6280200,"S"
"TPB","14:20:26",17.05,-0.45,5000,6280000,"S"
"TPB","14:20:25",17.05,-0.45,2300,6275000,"S"
"TPB","14:20:24",17.05,-0.45,500,6272700,"S"
"TPB","14:20:22",17.05,-0.45,2400,6272200,"S"
"TPB","14:20:17",17.05,-0.45,100,6269800,"S"
"TPB","14:20:16",17.05,-0.45,4100,6269700,"S"
"TPB","14:20:09",17.05,-0.45,100,6265600,"S"
"TPB","14:19:58",17,-0.5,100,6265500,"B"
"TPB","14:19:57",17,-0.5,1600,6265400,"B"
"TPB","14:19:57",17.05,-0.45,200,6263800,"S"
"TPB","14:19:57",17,-0.5,15000,6263600,"B"
"TPB","14:19:50",17.05,-0.45,100,6248600,"S"
"TPB","14:19:45",17.05,-0.45,200,6248500,"S"
"TPB","14:19:41",17.05,-0.45,1000,6248300,"S"
"TPB","14:19:39",17.05,-0.45,2400,6247300,"S"
"TPB","14:19:37",17.05,-0.45,1000,6244900,"S"
"TPB","14:19:35",17.05,-0.45,500,6243900,"S"
"TPB","14:19:27",17.05,-0.45,100,6243400,"S"
"TPB","14:19:20",17.05,-0.45,1000,6243300,"S"
"TPB","14:19:18",17.05,-0.45,100,6242300,"S"
"TPB","14:19:16",17.05,-0.45,500,6242200,"S"
"TPB","14:19:15",17.05,-0.45,500,6241700,"S"
"TPB","14:19:05",17.05,-0.45,100,6241200,"S"
"TPB","14:18:58",17.05,-0.45,100,6241100,"S"
"TPB","14:18:52",17.05,-0.45,100,6241000,"S"
"TPB","14:18:49",17.05,-0.45,1000,6240900,"S"
"TPB","14:18:38",17.05,-0.45,20900,6239900,"B"
"TPB","14:18:37",17.1,-0.4,2300,6219000,"S"
"TPB","14:18:36",17.05,-0.45,1100,6216700,"B"
"TPB","14:18:20",17.05,-0.45,200,6215600,"B"
"TPB","14:18:19",17.05,-0.45,2200,6215400,"B"
"TPB","14:17:55",17.05,-0.45,100,6213200,"B"
"TPB","14:17:47",17.1,-0.4,200,6213100,"S"
"TPB","14:17:34",17.1,-0.4,2300,6212900,"S"
"TPB","14:17:31",17.05,-0.45,300,6210600,"B"
"TPB","14:17:30",17.05,-0.45,3000,6210300,"B"
"TPB","14:17:04",17.05,-0.45,100,6207300,"B"
"TPB","14:17:02",17.1,-0.4,300,6207200,"S"
"TPB","14:16:39",17.05,-0.45,100,6206900,"B"
"TPB","14:16:37",17.05,-0.45,400,6206800,"S"
"TPB","14:16:31",17.1,-0.4,1000,6206400,"S"
"TPB","14:16:31",17.05,-0.45,5000,6205400,"B"
"TPB","14:16:11",17.05,-0.45,200,6200400,"B"
"TPB","14:16:01",17.1,-0.4,400,6200200,"S"
"TPB","14:16:01",17.05,-0.45,1700,6199800,"S"
"TPB","14:15:58",17.05,-0.45,10000,6198100,"S"
"TPB","14:15:54",17.05,-0.45,10000,6188100,"S"
"TPB","14:15:49",17.05,-0.45,100,6178100,"S"
"TPB","14:15:28",17.05,-0.45,2400,6178000,"S"
"TPB","14:15:17",17.05,-0.45,800,6175600,"S"
"TPB","14:15:15",17.05,-0.45,2000,6174800,"S"
"TPB","14:15:10",17.05,-0.45,10000,6172800,"S"
"TPB","14:15:04",17,-0.5,400,6162800,"B"
"TPB","14:15:04",17.05,-0.45,100,6162400,"S"
"TPB","14:15:02",17,-0.5,4000,6162300,"B"
"TPB","14:14:59",17,-0.5,200,6158300,"B"
"TPB","14:14:56",17.05,-0.45,500,6158100,"S"
"TPB","14:14:49",17.05,-0.45,200,6157600,"S"
"TPB","14:14:45",17.05,-0.45,600,6157400,"S"
"TPB","14:14:44",17.05,-0.45,20000,6156800,"S"
"TPB","14:14:42",17.05,-0.45,100,6136800,"S"
"TPB","14:14:42",17,-0.5,1000,6136700,"B"
"TPB","14:14:38",17,-0.5,100,6135700,"B"
"TPB","14:14:36",17,-0.5,1800,6135600,"B"
"TPB","14:14:36",17,-0.5,17000,6133800,"B"
"TPB","14:14:31",17.05,-0.45,500,6116800,"S"
"TPB","14:14:24",17.05,-0.45,2400,6116300,"S"
"TPB","14:14:08",17,-0.5,100,6113900,"B"
"TPB","14:14:07",17,-0.5,1000,6113800,"B"
"TPB","14:14:05",17,-0.5,100,6112800,"B"
"TPB","14:14:01",17,-0.5,200,6112700,"B"
"TPB","14:14:00",17,-0.5,2200,6112500,"B"
"TPB","14:13:59",17,-0.5,20400,6110300,"B"
"TPB","14:13:56",17.05,-0.45,300,6089900,"S"
"TPB","14:13:56",17,-0.5,500,6089600,"B"
"TPB","14:13:54",17,-0.5,5000,6089100,"B"
"TPB","14:13:51",17,-0.5,500,6084100,"B"
"TPB","14:13:50",17,-0.5,5000,6083600,"B"
"TPB","14:13:48",17,-0.5,200,6078600,"B"
"TPB","14:13:47",17,-0.5,11900,6078400,"B"
"TPB","14:13:36",17,-0.5,100,6066500,"B"
"TPB","14:13:35",17,-0.5,1400,6066400,"B"
"TPB","14:13:29",17,-0.5,100,6065000,"B"
"TPB","14:13:27",17,-0.5,1600,6064900,"B"
"TPB","14:13:21",17.05,-0.45,2300,6063300,"S"
"TPB","14:13:18",17.05,-0.45,2000,6061000,"S"
"TPB","14:13:15",17,-0.5,400,6059000,"B"
"TPB","14:13:14",17,-0.5,4000,6058600,"B"
"TPB","14:13:10",17,-0.5,600,6054600,"B"
"TPB","14:13:09",17,-0.5,6000,6054000,"B"
"TPB","14:12:59",17.05,-0.45,500,6048000,"S"
"TPB","14:12:42",17.05,-0.45,1000,6047500,"S"
"TPB","14:12:37",17.05,-0.45,2300,6046500,"S"
"TPB","14:12:34",17,-0.5,100,6044200,"B"
"TPB","14:12:32",17,-0.5,1500,6044100,"B"
"TPB","14:12:31",17,-0.5,600,6042600,"B"
"TPB","14:12:29",17,-0.5,6300,6042000,"B"
"TPB","14:12:19",17,-0.5,500,6035700,"B"
"TPB","14:12:17",17.05,-0.45,1200,6035200,"S"
"TPB","14:12:17",17.05,-0.45,1200,6034000,"S"
"TPB","14:12:05",17,-0.5,500,6032800,"B"
"TPB","14:12:04",17,-0.5,4900,6032300,"B"
"TPB","14:12:04",17,-0.5,45400,6027400,"B"
"TPB","14:11:55",17,-0.5,100,5982000,"B"
"TPB","14:11:55",17,-0.5,500,5981900,"B"
"TPB","14:11:53",17,-0.5,200,5981400,"B"
"TPB","14:11:53",17,-0.5,1900,5981200,"B"
"TPB","14:11:52",17,-0.5,13000,5979300,"B"
"TPB","14:11:48",17,-0.5,100,5966300,"B"
"TPB","14:11:47",17,-0.5,1000,5966200,"B"
"TPB","14:11:29",17,-0.5,100,5965200,"B"
"TPB","14:11:18",17,-0.5,300,5965100,"B"
"TPB","14:11:17",17,-0.5,2900,5964800,"B"
"TPB","14:11:12",17.05,-0.45,2600,5961900,"S"
"TPB","14:11:10",17,-0.5,700,5959300,"B"
"TPB","14:11:02",17.05,-0.45,400,5958600,"S"
"TPB","14:10:59",17.05,-0.45,500,5958200,"S"
"TPB","14:10:49",17.05,-0.45,200,5957700,"S"
"TPB","14:10:36",17,-0.5,5600,5957500,"B"
"TPB","14:10:33",17.05,-0.45,2000,5951900,"S"
"TPB","14:10:31",17.05,-0.45,4400,5949900,"B"
"TPB","14:10:19",17.05,-0.45,600,5945500,"B"
"TPB","14:10:17",17.05,-0.45,100,5944900,"B"
"TPB","14:10:17",17.05,-0.45,4600,5944800,"B"
"TPB","14:10:13",17.1,-0.4,1500,5940200,"S"
"TPB","14:10:08",17.1,-0.4,2400,5938700,"S"
"TPB","14:09:49",17.05,-0.45,300,5936300,"B"
"TPB","14:09:49",17.05,-0.45,3500,5936000,"B"
"TPB","14:09:37",17.05,-0.45,300,5932500,"B"
"TPB","14:09:37",17.05,-0.45,3000,5932200,"B"
"TPB","14:09:16",17.05,-0.45,400,5929200,"B"
"TPB","14:09:16",17.05,-0.45,4400,5928800,"B"
"TPB","14:09:11",17.05,-0.45,5600,5924400,"B"
"TPB","14:09:07",17.05,-0.45,400,5918800,"B"
"TPB","14:09:06",17.05,-0.45,4400,5918400,"B"
"TPB","14:09:06",17.1,-0.4,600,5914000,"S"
"TPB","14:09:05",17.1,-0.4,2300,5913400,"S"
"TPB","14:09:03",17.05,-0.45,4800,5911100,"B"
"TPB","14:09:00",17.05,-0.45,200,5906300,"B"
"TPB","14:08:58",17.05,-0.45,2300,5906100,"B"
"TPB","14:08:56",17.05,-0.45,1500,5903800,"B"
"TPB","14:08:24",17.05,-0.45,700,5902300,"B"
"TPB","14:08:24",17.05,-0.45,100,5901600,"B"
"TPB","14:08:22",17.05,-0.45,100,5901500,"B"
"TPB","14:08:22",17.05,-0.45,2000,5901400,"B"
"TPB","14:08:08",17.05,-0.45,200,5899400,"B"
"TPB","14:08:08",17.05,-0.45,1300,5899200,"S"
"TPB","14:08:07",17.05,-0.45,1000,5897900,"S"
"TPB","14:08:07",17.05,-0.45,100,5896900,"S"
"TPB","14:08:05",17.05,-0.45,2200,5896800,"S"
"TPB","14:07:58",17.05,-0.45,6200,5894600,"B"
"TPB","14:07:34",17.05,-0.45,800,5888400,"S"
"TPB","14:07:33",17.05,-0.45,500,5887600,"S"
"TPB","14:07:31",17.05,-0.45,600,5887100,"S"
"TPB","14:07:31",17.05,-0.45,200,5886500,"S"
"TPB","14:07:29",17.05,-0.45,2000,5886300,"S"
"TPB","14:07:26",17.05,-0.45,400,5884300,"S"
"TPB","14:07:26",17.05,-0.45,2000,5883900,"S"
"TPB","14:07:23",17.05,-0.45,3000,5881900,"S"
"TPB","14:07:20",17.05,-0.45,2000,5878900,"S"
"TPB","14:07:18",17.05,-0.45,100,5876900,"S"
"TPB","14:07:16",17.05,-0.45,100,5876800,"S"
"TPB","14:07:14",17.05,-0.45,1000,5876700,"S"
"TPB","14:07:09",17.05,-0.45,400,5875700,"S"
"TPB","14:07:05",17.05,-0.45,5100,5875300,"S"
"TPB","14:07:02",17.05,-0.45,3900,5870200,"S"
"TPB","14:07:00",17.05,-0.45,100,5866300,"S"
"TPB","14:06:57",17.05,-0.45,100,5866200,"S"
"TPB","14:06:54",17.05,-0.45,100,5866100,"S"
"TPB","14:06:53",17.05,-0.45,500,5866000,"S"
"TPB","14:06:52",17.05,-0.45,400,5865500,"S"
"TPB","14:06:44",17.05,-0.45,500,5865100,"S"
"TPB","14:06:42",17.05,-0.45,4400,5864600,"S"
"TPB","14:06:34",17.05,-0.45,500,5860200,"S"
"TPB","14:06:32",17.05,-0.45,5200,5859700,"S"
"TPB","14:06:25",17.05,-0.45,2400,5854500,"S"
"TPB","14:06:20",17.05,-0.45,5100,5852100,"S"
"TPB","14:06:16",17.05,-0.45,100,5847000,"S"
"TPB","14:06:08",17.05,-0.45,5100,5846900,"S"
"TPB","14:06:03",17,-0.5,100,5841800,"B"
"TPB","14:06:03",17,-0.5,300,5841700,"B"
"TPB","14:06:01",17,-0.5,3500,5841400,"S"
"TPB","14:05:59",17,-0.5,200,5837900,"S"
"TPB","14:05:58",17,-0.5,2400,5837700,"S"
"TPB","14:05:58",17,-0.5,4700,5835300,"S"
"TPB","14:05:55",17,-0.5,100,5830600,"S"
"TPB","14:05:53",17,-0.5,700,5830500,"S"
"TPB","14:05:48",17,-0.5,1100,5829800,"S"
"TPB","14:05:45",17,-0.5,4100,5828700,"S"
"TPB","14:05:43",17,-0.5,1000,5824600,"S"
"TPB","14:05:42",17,-0.5,100,5823600,"S"
"TPB","14:05:37",17,-0.5,600,5823500,"S"
"TPB","14:05:35",17,-0.5,1000,5822900,"S"
"TPB","14:05:34",17,-0.5,100,5821900,"S"
"TPB","14:05:33",17,-0.5,5500,5821800,"S"
"TPB","14:05:27",17,-0.5,10000,5816300,"S"
"TPB","14:05:26",17,-0.5,4500,5806300,"S"
"TPB","14:05:23",17,-0.5,11000,5801800,"S"
"TPB","14:05:21",16.95,-0.55,200,5790800,"B"
"TPB","14:05:19",16.95,-0.55,2000,5790600,"B"
"TPB","14:05:17",17,-0.5,5100,5788600,"S"
"TPB","14:05:12",17,-0.5,200,5783500,"S"
"TPB","14:05:09",17,-0.5,1000,5783300,"S"
"TPB","14:05:07",17,-0.5,4400,5782300,"S"
"TPB","14:05:03",17,-0.5,100,5777900,"S"
"TPB","14:04:59",17,-0.5,5600,5777800,"S"
"TPB","14:04:58",17,-0.5,300,5772200,"S"
"TPB","14:04:57",17,-0.5,2300,5771900,"S"
"TPB","14:04:41",17,-0.5,5100,5769600,"S"
"TPB","14:04:37",17,-0.5,100,5764500,"S"
"TPB","14:04:33",17,-0.5,200,5764400,"S"
"TPB","14:04:27",17,-0.5,5000,5764200,"S"
"TPB","14:04:26",16.95,-0.55,1100,5759200,"B"
"TPB","14:04:25",16.95,-0.55,10000,5758100,"B"
"TPB","14:04:22",17,-0.5,5100,5748100,"S"
"TPB","14:04:20",17,-0.5,500,5743000,"S"
"TPB","14:04:17",16.95,-0.55,500,5742500,"B"
"TPB","14:04:14",17,-0.5,4400,5742000,"S"
"TPB","14:04:07",17,-0.5,4400,5737600,"S"
"TPB","14:04:04",17,-0.5,4800,5733200,"S"
"TPB","14:04:02",17,-0.5,2400,5728400,"S"
"TPB","14:04:00",17,-0.5,1000,5726000,"S"
"TPB","14:03:54",17,-0.5,8200,5725000,"S"
"TPB","14:03:48",17,-0.5,4400,5716800,"S"
"TPB","14:03:46",17,-0.5,100,5712400,"S"
"TPB","14:03:45",17,-0.5,100,5712300,"S"
"TPB","14:03:37",17,-0.5,200,5712200,"S"
"TPB","14:03:36",17,-0.5,5100,5712000,"S"
"TPB","14:03:29",17,-0.5,300,5706900,"S"
"TPB","14:03:28",16.95,-0.55,100,5706600,"B"
"TPB","14:03:28",16.95,-0.55,1000,5706500,"B"
"TPB","14:03:11",16.95,-0.55,600,5705500,"B"
"TPB","14:03:08",17,-0.5,124400,5704900,"B"
"TPB","14:03:07",17,-0.5,1200,5580500,"B"
"TPB","14:02:57",17,-0.5,400,5579300,"B"
"TPB","14:02:56",17,-0.5,4400,5578900,"B"
"TPB","14:02:53",17.05,-0.45,2300,5574500,"S"
"TPB","14:02:51",17,-0.5,100,5572200,"B"
"TPB","14:02:49",17.05,-0.45,500,5572100,"S"
"TPB","14:02:46",17,-0.5,100,5571600,"B"
"TPB","14:02:45",17,-0.5,1000,5571500,"B"
"TPB","14:02:44",17,-0.5,100,5570500,"B"
"TPB","14:02:39",17,-0.5,400,5570400,"B"
"TPB","14:02:38",17,-0.5,5500,5570000,"B"
"TPB","14:02:37",17,-0.5,700,5564500,"B"
"TPB","14:02:36",17,-0.5,6600,5563800,"B"
"TPB","14:02:33",17,-0.5,200,5557200,"B"
"TPB","14:02:32",17,-0.5,7700,5557000,"B"
"TPB","14:02:31",17,-0.5,200,5549300,"B"
"TPB","14:02:29",17,-0.5,700,5549100,"B"
"TPB","14:02:28",17,-0.5,7100,5548400,"B"
"TPB","14:02:28",17,-0.5,4700,5541300,"B"
"TPB","14:02:26",17,-0.5,800,5536600,"B"
"TPB","14:02:24",17,-0.5,37700,5535800,"B"
"TPB","14:02:23",17.05,-0.45,300,5498100,"S"
"TPB","14:02:15",17,-0.5,7300,5497800,"B"
"TPB","14:02:13",17,-0.5,2100,5490500,"B"
"TPB","14:02:08",17.05,-0.45,200,5488400,"B"
"TPB","14:02:07",17,-0.5,51200,5488200,"B"
"TPB","14:02:07",17,-0.5,6700,5437000,"B"
"TPB","14:02:06",17,-0.5,5100,5430300,"B"
"TPB","14:02:05",17,-0.5,3600,5425200,"B"
"TPB","14:02:05",17.05,-0.45,800,5421600,"B"
"TPB","14:02:03",17.05,-0.45,2200,5420800,"B"
"TPB","14:02:00",17.05,-0.45,500,5418600,"B"
"TPB","14:02:00",17.05,-0.45,5000,5418100,"B"
"TPB","14:01:59",17.05,-0.45,400,5413100,"B"
"TPB","14:01:59",17.05,-0.45,4400,5412700,"B"
"TPB","14:01:56",17.05,-0.45,200,5408300,"B"
"TPB","14:01:54",17.05,-0.45,2000,5408100,"B"
"TPB","14:01:53",17.05,-0.45,400,5406100,"B"
"TPB","14:01:52",17.05,-0.45,1000,5405700,"B"
"TPB","14:01:51",17.05,-0.45,600,5404700,"B"
"TPB","14:01:51",17.1,-0.4,2300,5404100,"S"
"TPB","14:01:51",17.05,-0.45,700,5401800,"B"
"TPB","14:01:50",17.05,-0.45,6500,5401100,"B"
"TPB","14:01:47",17.05,-0.45,200,5394600,"B"
"TPB","14:01:47",17.05,-0.45,400,5394400,"B"
"TPB","14:01:46",17.05,-0.45,2000,5394000,"B"
"TPB","14:01:45",17.05,-0.45,4400,5392000,"B"
"TPB","14:01:45",17.05,-0.45,700,5387600,"B"
"TPB","14:01:43",17.05,-0.45,6600,5386900,"B"
"TPB","14:01:40",17.1,-0.4,2000,5380300,"S"
"TPB","14:01:39",17.05,-0.45,100,5378300,"B"
"TPB","14:01:37",17.05,-0.45,1200,5378200,"B"
"TPB","14:01:37",17.05,-0.45,6600,5377000,"B"
"TPB","14:01:34",17.05,-0.45,400,5370400,"B"
"TPB","14:01:33",17.05,-0.45,4400,5370000,"B"
"TPB","14:01:31",17.05,-0.45,500,5365600,"B"
"TPB","14:01:29",17.05,-0.45,5000,5365100,"B"
"TPB","14:01:22",17.05,-0.45,700,5360100,"B"
"TPB","14:01:22",17.05,-0.45,6600,5359400,"B"
"TPB","14:01:16",17.05,-0.45,400,5352800,"B"
"TPB","14:01:15",17.05,-0.45,4500,5352400,"B"
"TPB","14:01:15",17.05,-0.45,700,5347900,"B"
"TPB","14:01:14",17.05,-0.45,6600,5347200,"B"
"TPB","14:01:13",17.05,-0.45,6900,5340600,"B"
"TPB","14:01:12",17.05,-0.45,2200,5333700,"B"
"TPB","14:01:05",17.05,-0.45,500,5331500,"B"
"TPB","14:01:03",17.05,-0.45,5000,5331000,"B"
"TPB","14:01:02",17.05,-0.45,200,5326000,"B"
"TPB","14:01:01",17.05,-0.45,2200,5325800,"B"
"TPB","14:01:00",17.05,-0.45,700,5323600,"B"
"TPB","14:01:00",17.05,-0.45,6600,5322900,"B"
"TPB","14:00:52",17.05,-0.45,700,5316300,"B"
"TPB","14:00:52",17.05,-0.45,6600,5315600,"B"
"TPB","14:00:50",17.05,-0.45,200,5309000,"B"
"TPB","14:00:49",17.05,-0.45,2200,5308800,"B"
"TPB","14:00:47",17.1,-0.4,2400,5306600,"S"
"TPB","14:00:36",17.05,-0.45,300,5304200,"B"
"TPB","14:00:36",17.05,-0.45,3600,5303900,"B"
"TPB","14:00:34",17.05,-0.45,700,5300300,"B"
"TPB","14:00:33",17.05,-0.45,6600,5299600,"B"
"TPB","14:00:29",17.05,-0.45,300,5293000,"B"
"TPB","14:00:29",17.05,-0.45,3000,5292700,"B"
"TPB","14:00:23",17.05,-0.45,7700,5289700,"B"
"TPB","14:00:22",17.05,-0.45,3800,5282000,"B"
"TPB","14:00:15",17.1,-0.4,3000,5278200,"S"
"TPB","14:00:14",17.1,-0.4,200,5275200,"S"
"TPB","14:00:14",17.05,-0.45,1000,5275000,"B"
"TPB","14:00:07",17.05,-0.45,2200,5274000,"B"
"TPB","14:00:03",17.05,-0.45,700,5271800,"B"
"TPB","14:00:01",17.05,-0.45,6600,5271100,"B"
"TPB","14:00:01",17.1,-0.4,100,5264500,"S"
"TPB","13:59:55",17.05,-0.45,100,5264400,"B"
"TPB","13:59:47",17.1,-0.4,2200,5264300,"S"
"TPB","13:59:45",17.05,-0.45,300,5262100,"B"
"TPB","13:59:44",17.05,-0.45,3000,5261800,"B"
"TPB","13:59:39",17.05,-0.45,600,5258800,"B"
"TPB","13:59:38",17.05,-0.45,5700,5258200,"B"
"TPB","13:59:37",17.05,-0.45,6500,5252500,"S"
"TPB","13:59:31",17.05,-0.45,500,5246000,"S"
"TPB","13:59:13",17.05,-0.45,100,5245500,"S"
"TPB","13:59:07",17.05,-0.45,2000,5245400,"S"
"TPB","13:59:06",17.05,-0.45,800,5243400,"B"
"TPB","13:59:04",17,-0.5,700,5242600,"B"
"TPB","13:59:03",17,-0.5,7100,5241900,"B"
"TPB","13:59:02",17,-0.5,1900,5234800,"B"
"TPB","13:59:02",17.05,-0.45,3100,5232900,"B"
"TPB","13:58:56",17.05,-0.45,700,5229800,"B"
"TPB","13:58:56",17.05,-0.45,6600,5229100,"B"
"TPB","13:58:46",17.1,-0.4,2300,5222500,"S"
"TPB","13:58:33",17.05,-0.45,400,5220200,"B"
"TPB","13:58:31",17.1,-0.4,6800,5219800,"S"
"TPB","13:58:31",17.05,-0.45,5000,5213000,"S"
"TPB","13:58:31",17,-0.5,1200,5208000,"S"
"TPB","13:58:30",16.95,-0.55,600,5206800,"B"
"TPB","13:58:29",16.95,-0.55,300,5206200,"B"
"TPB","13:58:29",17,-0.5,5300,5205900,"S"
"TPB","13:58:29",16.95,-0.55,2700,5200600,"B"
"TPB","13:58:28",17,-0.5,100,5197900,"S"
"TPB","13:58:27",16.95,-0.55,25000,5197800,"B"
"TPB","13:58:27",17,-0.5,500,5172600,"S"
"TPB","13:58:23",17,-0.5,1000,5172100,"S"
"TPB","13:58:21",17,-0.5,500,5171100,"S"
"TPB","13:58:18",17,-0.5,3100,5170600,"S"
"TPB","13:58:17",16.95,-0.55,700,5167500,"B"
"TPB","13:58:16",16.95,-0.55,6600,5166800,"B"
"TPB","13:58:13",17,-0.5,600,5160200,"S"
"TPB","13:58:11",17,-0.5,300,5159600,"S"
"TPB","13:58:10",17,-0.5,100,5159300,"S"
"TPB","13:58:10",16.95,-0.55,1200,5159200,"B"
"TPB","13:58:08",16.95,-0.55,11700,5158000,"B"
"TPB","13:58:08",17,-0.5,2000,5145300,"S"
"TPB","13:58:06",17,-0.5,500,5143300,"S"
"TPB","13:58:05",16.95,-0.55,5200,5142800,"B"
"TPB","13:58:05",17,-0.5,55900,5137600,"B"
"TPB","13:58:05",17.05,-0.45,900,5081700,"B"
"TPB","13:58:01",17.1,-0.4,100,5080800,"S"
"TPB","13:58:00",17,-0.5,500,5080700,"B"
"TPB","13:57:59",17.1,-0.4,300,5080200,"S"
"TPB","13:57:58",17,-0.5,4800,5079900,"B"
"TPB","13:57:58",17,-0.5,400,5075100,"B"
"TPB","13:57:56",17,-0.5,4000,5074700,"B"
"TPB","13:57:56",17.05,-0.45,400,5070700,"B"
"TPB","13:57:49",17,-0.5,500,5070300,"B"
"TPB","13:57:48",17,-0.5,4600,5069800,"B"
"TPB","13:57:45",17,-0.5,100,5065200,"B"
"TPB","13:57:45",17.05,-0.45,400,5065100,"B"
"TPB","13:57:44",17.05,-0.45,600,5064700,"B"
"TPB","13:57:44",17,-0.5,3200,5064100,"B"
"TPB","13:57:44",17.05,-0.45,1800,5060900,"B"
"TPB","13:57:43",17.05,-0.45,7600,5059100,"B"
"TPB","13:57:43",17.1,-0.4,2000,5051500,"S"
"TPB","13:57:42",17.1,-0.4,1000,5049500,"S"
"TPB","13:57:41",17.1,-0.4,1000,5048500,"S"
"TPB","13:57:40",17.1,-0.4,2500,5047500,"S"
"TPB","13:57:37",17.1,-0.4,3000,5045000,"S"
"TPB","13:57:37",17.05,-0.45,6500,5042000,"B"
"TPB","13:57:36",17.05,-0.45,700,5035500,"B"
"TPB","13:57:36",17.05,-0.45,6600,5034800,"B"
"TPB","13:57:29",17.1,-0.4,100,5028200,"S"
"TPB","13:57:28",17.1,-0.4,1000,5028100,"S"
"TPB","13:57:27",17.1,-0.4,200,5027100,"S"
"TPB","13:57:25",17.1,-0.4,1000,5026900,"S"
"TPB","13:57:24",17.1,-0.4,1000,5025900,"S"
"TPB","13:57:10",17.1,-0.4,1400,5024900,"S"
"TPB","13:57:08",17.1,-0.4,1000,5023500,"S"
"TPB","13:56:59",17.1,-0.4,4000,5022500,"S"
"TPB","13:56:58",17.1,-0.4,10000,5018500,"S"
"TPB","13:56:50",17.1,-0.4,1000,5008500,"S"
"TPB","13:56:48",17.05,-0.45,1600,5007400,"B"
"TPB","13:56:48",17.05,-0.45,15000,5005800,"B"
"TPB","13:56:44",17.1,-0.4,3000,4990800,"S"
"TPB","13:56:44",17.05,-0.45,100,4987800,"B"
"TPB","13:56:44",17.05,-0.45,1800,4987700,"B"
"TPB","13:56:43",17.1,-0.4,500,4985900,"S"
"TPB","13:56:37",17.1,-0.4,500,4985400,"S"
"TPB","13:56:35",17.1,-0.4,2400,4984900,"S"
"TPB","13:56:34",17.1,-0.4,1500,4982500,"S"
"TPB","13:56:32",17.1,-0.4,500,4981000,"S"
"TPB","13:56:28",17.05,-0.45,700,4980500,"B"
"TPB","13:56:26",17.05,-0.45,6600,4979800,"B"
"TPB","13:56:26",17.1,-0.4,100,4973200,"S"
"TPB","13:56:24",17.1,-0.4,200,4973100,"S"
"TPB","13:56:23",17.05,-0.45,500,4972900,"B"
"TPB","13:56:22",17.1,-0.4,200,4972400,"S"
"TPB","13:56:21",17.05,-0.45,5000,4972200,"B"
"TPB","13:56:18",17.1,-0.4,200,4967200,"S"
"TPB","13:56:17",17.05,-0.45,100,4967000,"B"
"TPB","13:56:11",17.1,-0.4,400,4966900,"S"
"TPB","13:56:09",17.1,-0.4,100,4966500,"S"
"TPB","13:56:04",17.1,-0.4,200,4966400,"S"
"TPB","13:55:59",17.1,-0.4,2000,4966200,"S"
"TPB","13:55:56",17.05,-0.45,200,4964200,"B"
"TPB","13:55:56",17.1,-0.4,500,4964000,"S"
"TPB","13:55:56",17.05,-0.45,2500,4963500,"B"
"TPB","13:55:42",17.1,-0.4,500,4961000,"S"
"TPB","13:55:36",17.05,-0.45,800,4960500,"B"
"TPB","13:55:36",17.05,-0.45,7900,4959700,"S"
"TPB","13:55:35",17.05,-0.45,100,4951800,"S"
"TPB","13:55:34",17.05,-0.45,1000,4951700,"S"
"TPB","13:55:29",17.05,-0.45,2400,4950700,"S"
"TPB","13:55:26",17,-0.5,300,4948300,"B"
"TPB","13:55:20",16.95,-0.55,200,4948000,"B"
"TPB","13:55:19",16.95,-0.55,2200,4947800,"B"
"TPB","13:55:18",16.95,-0.55,300,4945600,"B"
"TPB","13:55:18",17,-0.5,20000,4945300,"S"
"TPB","13:55:18",16.95,-0.55,2500,4925300,"B"
"TPB","13:55:17",17,-0.5,5000,4922800,"S"
"TPB","13:55:16",17,-0.5,300,4917800,"S"
"TPB","13:55:15",17,-0.5,10500,4917500,"S"
"TPB","13:55:14",17,-0.5,1000,4907000,"S"
"TPB","13:55:12",17,-0.5,3000,4906000,"S"
"TPB","13:55:11",17,-0.5,1100,4903000,"S"
"TPB","13:55:10",17,-0.5,3100,4901900,"S"
"TPB","13:55:07",17,-0.5,100,4898800,"S"
"TPB","13:55:04",17,-0.5,300,4898700,"S"
"TPB","13:55:02",17,-0.5,100,4898400,"S"
"TPB","13:54:57",17,-0.5,3000,4898300,"S"
"TPB","13:54:47",16.95,-0.55,400,4895300,"B"
"TPB","13:54:46",16.95,-0.55,4000,4894900,"B"
"TPB","13:54:44",16.95,-0.55,300,4890900,"B"
"TPB","13:54:42",16.95,-0.55,3000,4890600,"B"
"TPB","13:54:42",17,-0.5,5000,4887600,"S"
"TPB","13:54:39",17,-0.5,5100,4882600,"S"
"TPB","13:54:38",16.95,-0.55,4400,4877500,"B"
"TPB","13:54:36",16.95,-0.55,400,4873100,"B"
"TPB","13:54:33",17,-0.5,4300,4872700,"S"
"TPB","13:54:31",17,-0.5,200,4868400,"S"
"TPB","13:54:27",17,-0.5,2400,4868200,"S"
"TPB","13:54:17",17,-0.5,5100,4865800,"S"
"TPB","13:54:16",16.95,-0.55,2500,4860700,"B"
"TPB","13:54:13",16.95,-0.55,100,4858200,"B"
"TPB","13:54:12",16.95,-0.55,1100,4858100,"B"
"TPB","13:54:08",16.95,-0.55,1000,4857000,"S"
"TPB","13:54:07",16.95,-0.55,100,4856000,"S"
"TPB","13:54:06",16.95,-0.55,500,4855900,"S"
"TPB","13:54:02",16.95,-0.55,1500,4855400,"B"
"TPB","13:54:00",16.95,-0.55,100,4853900,"B"
"TPB","13:53:59",16.95,-0.55,1800,4853800,"B"
"TPB","13:53:57",16.95,-0.55,300,4852000,"B"
"TPB","13:53:55",16.95,-0.55,200,4851700,"B"
"TPB","13:53:54",16.95,-0.55,2000,4851500,"B"
"TPB","13:53:51",16.95,-0.55,100,4849500,"B"
"TPB","13:53:50",16.95,-0.55,1100,4849400,"B"
"TPB","13:53:47",16.95,-0.55,10000,4848300,"B"
"TPB","13:53:42",17,-0.5,1000,4838300,"S"
"TPB","13:53:41",16.95,-0.55,200,4837300,"B"
"TPB","13:53:35",16.9,-0.6,400,4837100,"B"
"TPB","13:53:34",16.9,-0.6,500,4836700,"B"
"TPB","13:53:29",16.9,-0.6,500,4836200,"B"
"TPB","13:53:27",16.9,-0.6,2200,4835700,"B"
"TPB","13:53:27",16.95,-0.55,2800,4833500,"B"
"TPB","13:53:23",16.95,-0.55,200,4830700,"S"
"TPB","13:53:21",16.9,-0.6,500,4830500,"B"
"TPB","13:53:21",16.9,-0.6,5000,4830000,"B"
"TPB","13:53:20",16.95,-0.55,500,4825000,"S"
"TPB","13:53:20",16.9,-0.6,500,4824500,"B"
"TPB","13:53:19",16.95,-0.55,100,4824000,"S"
"TPB","13:53:18",16.9,-0.6,5000,4823900,"B"
"TPB","13:53:17",16.95,-0.55,5000,4818900,"S"
"TPB","13:53:15",16.95,-0.55,100,4813900,"S"
"TPB","13:53:14",16.9,-0.6,300,4813800,"B"
"TPB","13:53:10",16.95,-0.55,100,4813500,"S"
"TPB","13:53:08",16.9,-0.6,5500,4813400,"B"
"TPB","13:53:07",16.95,-0.55,100,4807900,"S"
"TPB","13:53:05",16.9,-0.6,400,4807800,"B"
"TPB","13:53:03",17,-0.5,3000,4807400,"S"
"TPB","13:53:02",16.95,-0.55,100,4804400,"B"
"TPB","13:53:01",16.95,-0.55,1600,4804300,"B"
"TPB","13:52:59",16.95,-0.55,400,4802700,"B"
"TPB","13:52:58",16.95,-0.55,3900,4802300,"S"
"TPB","13:52:56",16.9,-0.6,100,4798400,"B"
"TPB","13:52:44",16.95,-0.55,100,4798300,"S"
"TPB","13:52:41",16.9,-0.6,700,4798200,"B"
"TPB","13:52:40",16.9,-0.6,6600,4797500,"B"
"TPB","13:52:40",16.95,-0.55,100,4790900,"S"
"TPB","13:52:39",16.9,-0.6,30700,4790800,"B"
"TPB","13:52:39",16.95,-0.55,29300,4760100,"B"
"TPB","13:52:39",16.95,-0.55,400,4730800,"B"
"TPB","13:52:38",16.95,-0.55,14000,4730400,"B"
"TPB","13:52:29",16.95,-0.55,800,4716400,"B"
"TPB","13:52:29",17,-0.5,100,4715600,"S"
"TPB","13:52:27",16.95,-0.55,5000,4715500,"B"
"TPB","13:52:26",16.95,-0.55,1200,4710500,"B"
"TPB","13:52:25",16.95,-0.55,1000,4709300,"B"
"TPB","13:52:21",17,-0.5,2300,4708300,"S"
"TPB","13:52:17",17,-0.5,100,4706000,"S"
"TPB","13:52:16",16.95,-0.55,100,4705900,"B"
"TPB","13:52:16",16.95,-0.55,100,4705800,"B"
"TPB","13:52:09",16.95,-0.55,100,4705700,"B"
"TPB","13:52:08",16.95,-0.55,1000,4705600,"B"
"TPB","13:52:04",17,-0.5,100,4704600,"S"
"TPB","13:52:04",16.95,-0.55,1000,4704500,"B"
"TPB","13:52:03",17,-0.5,1000,4703500,"S"
"TPB","13:52:02",17,-0.5,500,4702500,"S"
"TPB","13:51:58",16.95,-0.55,200,4702000,"B"
"TPB","13:51:57",16.95,-0.55,200,4701800,"B"
"TPB","13:51:56",16.95,-0.55,2600,4701600,"B"
"TPB","13:51:55",16.95,-0.55,1000,4699000,"B"
"TPB","13:51:50",16.95,-0.55,100,4698000,"B"
"TPB","13:51:48",17,-0.5,5000,4697900,"S"
"TPB","13:51:39",17,-0.5,2000,4692900,"S"
"TPB","13:51:37",16.95,-0.55,500,4690900,"B"
"TPB","13:51:29",17,-0.5,1000,4690400,"S"
"TPB","13:51:26",16.95,-0.55,200,4689400,"B"
"TPB","13:51:25",16.95,-0.55,2000,4689200,"B"
"TPB","13:51:21",16.95,-0.55,100,4687200,"B"
"TPB","13:51:21",16.95,-0.55,600,4687100,"B"
"TPB","13:51:20",16.95,-0.55,1000,4686500,"B"
"TPB","13:51:19",17,-0.5,2300,4685500,"S"
"TPB","13:51:16",17,-0.5,100,4683200,"S"
"TPB","13:50:59",17,-0.5,300,4683100,"S"
"TPB","13:50:55",17,-0.5,100,4682800,"S"
"TPB","13:50:51",16.9,-0.6,200,4682700,"B"
"TPB","13:50:50",16.9,-0.6,900,4682500,"B"
"TPB","13:50:50",16.95,-0.55,1600,4681600,"B"
"TPB","13:50:38",17,-0.5,100,4680000,"S"
"TPB","13:50:37",16.9,-0.6,400,4679900,"B"
"TPB","13:50:37",16.95,-0.55,700,4679500,"B"
"TPB","13:50:34",16.95,-0.55,100,4678800,"B"
"TPB","13:50:32",16.9,-0.6,1100,4678700,"B"
"TPB","13:50:31",16.9,-0.6,10000,4677600,"B"
"TPB","13:50:31",17,-0.5,200,4667600,"S"
"TPB","13:50:30",16.9,-0.6,3100,4667400,"B"
"TPB","13:50:30",16.95,-0.55,100,4664300,"B"
"TPB","13:50:30",17,-0.5,500,4664200,"S"
"TPB","13:50:29",16.9,-0.6,8200,4663700,"B"
"TPB","13:50:28",16.95,-0.55,200,4634300,"B"
"TPB","13:50:27",16.95,-0.55,2000,4634100,"B"
"TPB","13:50:25",16.95,-0.55,100,4632100,"B"
"TPB","13:50:24",16.95,-0.55,1000,4632000,"B"
"TPB","13:50:22",16.95,-0.55,100,4631000,"B"
"TPB","13:50:20",16.95,-0.55,1500,4630900,"B"
"TPB","13:50:17",17,-0.5,2300,4629400,"S"
"TPB","13:50:12",16.95,-0.55,200,4627100,"B"
"TPB","13:50:11",16.95,-0.55,200,4626900,"B"
"TPB","13:50:05",16.9,-0.6,400,4626700,"B"
"TPB","13:50:04",16.9,-0.6,4300,4626300,"B"
"TPB","13:50:04",16.95,-0.55,100,4622000,"B"
"TPB","13:50:03",16.95,-0.55,100,4621900,"B"
"TPB","13:50:03",16.95,-0.55,1000,4621800,"B"
"TPB","13:49:55",16.9,-0.6,200,4620800,"B"
"TPB","13:49:54",16.9,-0.6,1600,4620600,"B"
"TPB","13:49:54",16.95,-0.55,600,4619000,"B"
"TPB","13:49:53",16.95,-0.55,5000,4618400,"S"
"TPB","13:49:52",16.9,-0.6,100,4613400,"B"
"TPB","13:49:51",16.9,-0.6,1500,4613300,"B"
"TPB","13:49:49",16.9,-0.6,5000,4611800,"B"
"TPB","13:49:48",16.9,-0.6,400,4606800,"B"
"TPB","13:49:48",16.9,-0.6,2000,4606400,"B"
"TPB","13:49:45",16.95,-0.55,900,4602300,"S"
"TPB","13:49:37",16.95,-0.55,2000,4601400,"S"
"TPB","13:49:37",16.9,-0.6,5000,4599400,"B"
"TPB","13:49:36",17.05,-0.45,15100,4594400,"S"
"TPB","13:49:35",16.9,-0.6,400,4576400,"B"
"TPB","13:49:34",16.9,-0.6,2300,4576000,"B"
"TPB","13:49:34",16.95,-0.55,2000,4573700,"B"
"TPB","13:49:33",16.95,-0.55,1000,4571700,"B"
"TPB","13:49:32",16.95,-0.55,9100,4570700,"B"
"TPB","13:49:32",16.95,-0.55,3000,4561600,"B"
"TPB","13:49:30",17,-0.5,6000,4558600,"S"
"TPB","13:49:28",16.95,-0.55,200,4552600,"B"
"TPB","13:49:27",16.95,-0.55,2200,4552400,"B"
"TPB","13:49:26",16.95,-0.55,12100,4550200,"B"
"TPB","13:49:26",17,-0.5,8100,4538100,"B"
"TPB","13:49:25",17,-0.5,1900,4530000,"S"
"TPB","13:49:23",17,-0.5,200,4528100,"S"
"TPB","13:49:23",16.95,-0.55,19600,4527900,"B"
"TPB","13:49:23",17,-0.5,102500,4508300,"B"
"TPB","13:49:20",17.05,-0.45,200,4405800,"S"
"TPB","13:49:18",17,-0.5,11000,4404400,"B"
"TPB","13:49:17",17,-0.5,100000,4393400,"B"
"TPB","13:49:15",17.05,-0.45,500,4283400,"S"
"TPB","13:49:13",17.05,-0.45,2400,4282900,"S"
"TPB","13:49:13",17,-0.5,400,4280500,"B"
"TPB","13:49:13",17.05,-0.45,100,4280100,"S"
"TPB","13:49:12",17,-0.5,4200,4280000,"B"
"TPB","13:49:09",17.05,-0.45,300,4275800,"S"
"TPB","13:49:07",17,-0.5,4800,4275500,"B"
"TPB","13:49:04",17,-0.5,700,4270700,"B"
"TPB","13:49:03",17,-0.5,6600,4270000,"B"
"TPB","13:49:01",17,-0.5,200,4263400,"B"
"TPB","13:49:01",17,-0.5,2300,4263200,"B"
"TPB","13:49:00",17.05,-0.45,200,4260900,"S"
"TPB","13:48:59",17,-0.5,4100,4260300,"B"
"TPB","13:48:58",17,-0.5,15500,4256200,"B"
"TPB","13:48:58",17.05,-0.45,22000,4240700,"B"
"TPB","13:48:52",17.05,-0.45,300,4218700,"B"
"TPB","13:48:51",17.05,-0.45,3200,4218400,"S"
"TPB","13:48:48",17,-0.5,100,4215200,"B"
"TPB","13:48:47",17,-0.5,11100,4215100,"B"
"TPB","13:48:44",17.05,-0.45,600,4204000,"S"
"TPB","13:48:43",17,-0.5,900,4203400,"B"
"TPB","13:48:43",17,-0.5,3000,4202500,"B"
"TPB","13:48:43",17.05,-0.45,2000,4199500,"B"
"TPB","13:48:42",17.05,-0.45,3600,4197500,"B"
"TPB","13:48:39",17.05,-0.45,300,4193900,"B"
"TPB","13:48:38",17.05,-0.45,100,4193600,"B"
"TPB","13:48:37",17.05,-0.45,200,4193500,"B"
"TPB","13:48:37",17.05,-0.45,1700,4193300,"B"
"TPB","13:48:36",17.05,-0.45,900,4191600,"B"
"TPB","13:48:36",17.05,-0.45,11300,4190700,"S"
"TPB","13:48:33",17,-0.5,700,4179400,"B"
"TPB","13:48:32",17,-0.5,6600,4178700,"B"
"TPB","13:48:32",17,-0.5,100,4172100,"B"
"TPB","13:48:31",17,-0.5,20000,4172000,"B"
"TPB","13:48:30",17,-0.5,700,4152000,"B"
"TPB","13:48:30",17,-0.5,6900,4151300,"B"
"TPB","13:48:29",17.05,-0.45,700,4144400,"B"
"TPB","13:48:28",17.05,-0.45,100,4143700,"B"
"TPB","13:48:27",17.05,-0.45,1200,4143600,"S"
"TPB","13:48:26",17,-0.5,200,4142400,"B"
"TPB","13:48:25",17,-0.5,2000,4142200,"B"
"TPB","13:48:18",17,-0.5,100,4140200,"B"
"TPB","13:48:16",17,-0.5,1600,4140100,"B"
"TPB","13:48:15",17,-0.5,15200,4138500,"B"
"TPB","13:48:14",17,-0.5,2000,4123300,"B"
"TPB","13:48:13",17,-0.5,200,4121300,"B"
"TPB","13:48:13",17,-0.5,1300,4121100,"B"
"TPB","13:48:13",17.05,-0.45,1000,4119800,"B"
"TPB","13:48:12",17,-0.5,1300,4118800,"B"
"TPB","13:48:11",17,-0.5,5200,4117500,"B"
"TPB","13:48:11",17.05,-0.45,1400,4112300,"B"
"TPB","13:48:10",17.05,-0.45,1000,4110900,"S"
"TPB","13:48:10",17,-0.5,4400,4109900,"B"
"TPB","13:48:07",17,-0.5,200,4105500,"B"
"TPB","13:48:06",17,-0.5,2200,4105300,"B"
"TPB","13:48:02",17,-0.5,400,4103100,"B"
"TPB","13:48:02",17,-0.5,4400,4102700,"B"
"TPB","13:47:59",17,-0.5,200,4098300,"B"
"TPB","13:47:58",17,-0.5,1900,4098100,"B"
"TPB","13:47:57",17,-0.5,8500,4096200,"B"
"TPB","13:47:57",17,-0.5,30500,4087700,"B"
"TPB","13:47:57",17.05,-0.45,45700,4057200,"B"
"TPB","13:47:55",17.05,-0.45,400,4011500,"B"
"TPB","13:47:55",17.05,-0.45,4400,4011100,"B"
"TPB","13:47:49",17.1,-0.4,500,4006700,"S"
"TPB","13:47:49",17.05,-0.45,4400,4006200,"B"
"TPB","13:47:46",17.05,-0.45,200,4001800,"B"
"TPB","13:47:45",17.05,-0.45,2200,4001600,"B"
"TPB","13:47:44",17.05,-0.45,20000,3999400,"B"
"TPB","13:47:43",17.05,-0.45,400,3979400,"B"
"TPB","13:47:43",17.05,-0.45,4400,3979000,"B"
"TPB","13:47:38",17.1,-0.4,1000,3974600,"S"
"TPB","13:47:34",17.1,-0.4,100,3973600,"S"
"TPB","13:47:32",17.1,-0.4,100,3973500,"S"
"TPB","13:47:31",17.05,-0.45,400,3973400,"B"
"TPB","13:47:30",17.05,-0.45,4400,3973000,"B"
"TPB","13:47:30",17.05,-0.45,800,3968600,"B"
"TPB","13:47:29",17.05,-0.45,7500,3967800,"B"
"TPB","13:47:28",17.05,-0.45,8800,3960300,"B"
"TPB","13:47:26",17.05,-0.45,100,3951500,"B"
"TPB","13:47:25",17.05,-0.45,1000,3951400,"B"
"TPB","13:47:24",17.05,-0.45,800,3950400,"B"
"TPB","13:47:24",17.05,-0.45,100,3949600,"B"
"TPB","13:47:21",17.05,-0.45,400,3949500,"B"
"TPB","13:47:20",17.05,-0.45,4400,3949100,"B"
"TPB","13:47:18",17.1,-0.4,100,3944700,"S"
"TPB","13:47:14",17.05,-0.45,400,3944600,"B"
"TPB","13:47:13",17.05,-0.45,4400,3944200,"B"
"TPB","13:47:09",17.1,-0.4,2300,3939800,"S"
"TPB","13:47:08",17.05,-0.45,100,3937500,"B"
"TPB","13:46:48",17.05,-0.45,400,3937400,"B"
"TPB","13:46:47",17.05,-0.45,4400,3937000,"B"
"TPB","13:46:44",17.15,-0.35,10000,3932600,"S"
"TPB","13:46:40",17.05,-0.45,400,3922600,"B"
"TPB","13:46:40",17.05,-0.45,2500,3922200,"B"
"TPB","13:46:40",17.1,-0.4,1900,3919700,"B"
"TPB","13:46:38",17.1,-0.4,100,3917800,"S"
"TPB","13:46:34",17.1,-0.4,500,3917700,"S"
"TPB","13:46:29",17.05,-0.45,600,3917200,"B"
"TPB","13:46:29",17.05,-0.45,1500,3916600,"B"
"TPB","13:46:28",17.05,-0.45,2500,3915100,"B"
"TPB","13:46:28",17.1,-0.4,1900,3912600,"B"
"TPB","13:46:27",17.1,-0.4,1800,3910700,"B"
"TPB","13:46:27",17.1,-0.4,16800,3908900,"B"
"TPB","13:46:26",17.1,-0.4,1000,3892100,"B"
"TPB","13:46:19",17.1,-0.4,500,3891100,"B"
"TPB","13:46:18",17.1,-0.4,900,3890600,"B"
"TPB","13:46:17",17.1,-0.4,8800,3889700,"B"
"TPB","13:46:11",17.1,-0.4,200,3880900,"B"
"TPB","13:46:10",17.1,-0.4,1900,3880700,"B"
"TPB","13:46:06",17.15,-0.35,2400,3878800,"S"
"TPB","13:46:02",17.1,-0.4,100,3876400,"B"
"TPB","13:46:01",17.1,-0.4,200,3876300,"B"
"TPB","13:46:01",17.15,-0.35,1000,3876100,"S"
"TPB","13:46:00",17.1,-0.4,2300,3875100,"B"
"TPB","13:46:00",17.1,-0.4,21000,3872800,"B"
"TPB","13:45:59",17.1,-0.4,100,3851800,"B"
"TPB","13:45:59",17.1,-0.4,1200,3851700,"B"
"TPB","13:45:58",17.1,-0.4,4700,3850500,"B"
"TPB","13:45:57",17.1,-0.4,6600,3845800,"B"
"TPB","13:45:53",17.1,-0.4,1400,3839200,"B"
"TPB","13:45:30",17.15,-0.35,1700,3837800,"S"
"TPB","13:45:28",17.1,-0.4,400,3836100,"B"
"TPB","13:45:21",17.15,-0.35,300,3835700,"S"
"TPB","13:45:16",17.15,-0.35,100,3835400,"S"
"TPB","13:45:15",17.15,-0.35,2300,3835300,"S"
"TPB","13:45:14",17.15,-0.35,3400,3833000,"S"
"TPB","13:45:14",17.15,-0.35,4000,3829600,"S"
"TPB","13:45:06",17.15,-0.35,2300,3825600,"S"
"TPB","13:45:00",17.15,-0.35,10000,3823300,"S"
"TPB","13:44:59",17.1,-0.4,2000,3813300,"B"
"TPB","13:44:52",17.1,-0.4,200,3811300,"B"
"TPB","13:44:51",17.1,-0.4,2200,3811100,"B"
"TPB","13:44:50",17.1,-0.4,19000,3808900,"B"
"TPB","13:44:50",17.1,-0.4,1000,3789900,"B"
"TPB","13:44:36",17.1,-0.4,500,3788900,"B"
"TPB","13:44:31",17.15,-0.35,10000,3788400,"S"
"TPB","13:44:07",17.1,-0.4,1100,3778400,"B"
"TPB","13:44:04",17.15,-0.35,2300,3777300,"S"
"TPB","13:44:02",17.15,-0.35,200,3775000,"S"
"TPB","13:43:59",17.15,-0.35,100,3774800,"S"
"TPB","13:43:56",17.15,-0.35,300,3774700,"S"
"TPB","13:43:55",17.1,-0.4,200,3774400,"B"
"TPB","13:43:54",17.15,-0.35,100,3774200,"S"
"TPB","13:43:53",17.1,-0.4,100,3774100,"B"
"TPB","13:43:52",17.1,-0.4,1000,3774000,"B"
"TPB","13:43:45",17.1,-0.4,300,3773000,"B"
"TPB","13:43:44",17.1,-0.4,900,3772700,"B"
"TPB","13:43:37",17.1,-0.4,600,3771800,"B"
"TPB","13:43:36",17.1,-0.4,5500,3771200,"B"
"TPB","13:43:34",17.1,-0.4,50000,3765700,"B"
"TPB","13:43:33",17.15,-0.35,200,3715700,"S"
"TPB","13:43:30",17.15,-0.35,200,3715500,"S"
"TPB","13:43:28",17.15,-0.35,300,3715300,"S"
"TPB","13:43:24",17.1,-0.4,200,3715000,"B"
"TPB","13:43:22",17.15,-0.35,10000,3714800,"S"
"TPB","13:43:14",17.15,-0.35,500,3704800,"S"
"TPB","13:43:13",17.1,-0.4,500,3704300,"B"
"TPB","13:43:00",17.1,-0.4,200,3703800,"B"
"TPB","13:43:00",17.1,-0.4,2000,3703600,"B"
"TPB","13:42:59",17.15,-0.35,2400,3701600,"S"
"TPB","13:42:57",17.15,-0.35,10000,3699200,"S"
"TPB","13:42:48",17.15,-0.35,100,3689200,"S"
"TPB","13:42:44",17.15,-0.35,200,3689100,"S"
"TPB","13:42:38",17.15,-0.35,100,3688900,"S"
"TPB","13:42:38",17.15,-0.35,1000,3688800,"S"
"TPB","13:42:37",17.15,-0.35,1000,3687800,"S"
"TPB","13:42:30",17.15,-0.35,400,3686800,"S"
"TPB","13:42:29",17.1,-0.4,3000,3686400,"B"
"TPB","13:42:28",17.15,-0.35,2300,3683400,"S"
"TPB","13:42:18",17.15,-0.35,100,3681100,"S"
"TPB","13:42:15",17.15,-0.35,2800,3681000,"B"
"TPB","13:42:13",17.15,-0.35,26400,3678200,"B"
"TPB","13:42:04",17.15,-0.35,500,3651800,"B"
"TPB","13:41:56",17.15,-0.35,600,3651300,"B"
"TPB","13:41:54",17.2,-0.3,2400,3650700,"S"
"TPB","13:41:43",17.15,-0.35,200,3648300,"B"
"TPB","13:41:42",17.15,-0.35,2000,3648100,"B"
"TPB","13:41:39",17.15,-0.35,100,3646100,"B"
"TPB","13:41:33",17.2,-0.3,100,3646000,"S"
"TPB","13:41:30",17.15,-0.35,100,3645900,"B"
"TPB","13:41:29",17.15,-0.35,1000,3645800,"B"
"TPB","13:41:21",17.15,-0.35,100,3644800,"B"
"TPB","13:41:20",17.15,-0.35,1000,3644700,"B"
"TPB","13:41:13",17.15,-0.35,400,3643700,"B"
"TPB","13:41:13",17.15,-0.35,4300,3643300,"B"
"TPB","13:41:12",17.15,-0.35,1000,3639000,"B"
"TPB","13:41:07",17.15,-0.35,100,3638000,"B"
"TPB","13:41:06",17.15,-0.35,1000,3637900,"B"
"TPB","13:40:55",17.15,-0.35,200,3636900,"B"
"TPB","13:40:54",17.15,-0.35,2200,3636700,"B"
"TPB","13:40:48",17.2,-0.3,2500,3634500,"S"
"TPB","13:40:46",17.15,-0.35,200,3632000,"B"
"TPB","13:40:45",17.2,-0.3,100,3631800,"S"
"TPB","13:40:43",17.15,-0.35,2200,3631700,"B"
"TPB","13:40:43",17.15,-0.35,600,3629500,"B"
"TPB","13:40:41",17.15,-0.35,5500,3628900,"B"
"TPB","13:40:39",17.15,-0.35,400,3623400,"B"
"TPB","13:40:36",17.15,-0.35,200,3623000,"B"
"TPB","13:40:35",17.15,-0.35,2000,3622800,"B"
"TPB","13:40:31",17.15,-0.35,2900,3620800,"B"
"TPB","13:40:30",17.15,-0.35,25000,3617900,"B"
"TPB","13:40:19",17.2,-0.3,1400,3592900,"S"
"TPB","13:40:07",17.15,-0.35,400,3591500,"B"
"TPB","13:40:05",17.2,-0.3,100,3591100,"S"
"TPB","13:39:52",17.2,-0.3,10000,3591000,"S"
"TPB","13:39:42",17.2,-0.3,2400,3581000,"S"
"TPB","13:39:31",17.15,-0.35,200,3578600,"B"
"TPB","13:39:31",17.15,-0.35,2000,3578400,"B"
"TPB","13:39:30",17.15,-0.35,500,3576400,"B"
"TPB","13:39:26",17.2,-0.3,100,3575900,"S"
"TPB","13:39:22",17.15,-0.35,100,3575800,"B"
"TPB","13:39:21",17.15,-0.35,1000,3575700,"B"
"TPB","13:39:07",17.2,-0.3,2000,3574700,"S"
"TPB","13:38:56",17.2,-0.3,200,3572700,"S"
"TPB","13:38:46",17.2,-0.3,100,3572500,"S"
"TPB","13:38:44",17.2,-0.3,200,3572400,"S"
"TPB","13:38:40",17.2,-0.3,2300,3572200,"S"
"TPB","13:38:37",17.2,-0.3,1900,3569900,"S"
"TPB","13:38:28",17.2,-0.3,500,3568000,"S"
"TPB","13:38:15",17.2,-0.3,500,3567500,"S"
"TPB","13:38:09",17.2,-0.3,200,3567000,"S"
"TPB","13:38:08",17.15,-0.35,500,3566800,"B"
"TPB","13:37:49",17.2,-0.3,1400,3566300,"S"
"TPB","13:37:47",17.15,-0.35,400,3564900,"B"
"TPB","13:37:47",17.15,-0.35,4400,3564500,"B"
"TPB","13:37:44",17.15,-0.35,700,3560100,"B"
"TPB","13:37:43",17.15,-0.35,6600,3559400,"B"
"TPB","13:37:37",17.2,-0.3,2300,3552800,"S"
"TPB","13:37:32",17.2,-0.3,500,3550500,"S"
"TPB","13:37:32",17.15,-0.35,4000,3550000,"B"
"TPB","13:37:27",17.2,-0.3,1000,3546000,"S"
"TPB","13:37:20",17.2,-0.3,10000,3545000,"S"
"TPB","13:37:13",17.2,-0.3,1500,3535000,"S"
"TPB","13:37:04",17.2,-0.3,2900,3533500,"S"
"TPB","13:37:00",17.2,-0.3,1000,3530600,"S"
"TPB","13:36:56",17.2,-0.3,100,3529600,"S"
"TPB","13:36:55",17.2,-0.3,6000,3529500,"S"
"TPB","13:36:51",17.2,-0.3,26300,3523500,"B"
"TPB","13:36:47",17.2,-0.3,100,3497200,"B"
"TPB","13:36:46",17.2,-0.3,1000,3497100,"B"
"TPB","13:36:41",17.2,-0.3,200,3496100,"B"
"TPB","13:36:40",17.2,-0.3,2500,3495900,"B"
"TPB","13:36:39",17.2,-0.3,18000,3493400,"B"
"TPB","13:36:39",17.2,-0.3,400,3475400,"B"
"TPB","13:36:37",17.2,-0.3,100,3475000,"B"
"TPB","13:36:37",17.25,-0.25,2200,3474900,"S"
"TPB","13:36:37",17.2,-0.3,3000,3472700,"B"
"TPB","13:36:36",17.2,-0.3,200,3469700,"B"
"TPB","13:36:35",17.2,-0.3,2000,3469500,"B"
"TPB","13:36:31",17.2,-0.3,700,3467500,"B"
"TPB","13:36:30",17.2,-0.3,7200,3466800,"B"
"TPB","13:36:30",17.2,-0.3,66000,3459600,"B"
"TPB","13:36:20",17.2,-0.3,400,3393600,"B"
"TPB","13:36:19",17.2,-0.3,4400,3393200,"B"
"TPB","13:36:01",17.2,-0.3,200,3388800,"B"
"TPB","13:36:00",17.2,-0.3,2200,3388600,"B"
"TPB","13:35:48",17.2,-0.3,200,3386400,"B"
"TPB","13:35:48",17.2,-0.3,2200,3386200,"B"
"TPB","13:35:39",17.2,-0.3,100,3384000,"B"
"TPB","13:35:38",17.2,-0.3,400,3383900,"B"
"TPB","13:35:38",17.25,-0.25,800,3383500,"S"
"TPB","13:35:37",17.2,-0.3,4400,3382700,"B"
"TPB","13:35:36",17.25,-0.25,2300,3378300,"S"
"TPB","13:35:23",17.25,-0.25,6000,3376000,"S"
"TPB","13:35:20",17.2,-0.3,100,3370000,"B"
"TPB","13:35:14",17.25,-0.25,1000,3369900,"S"
"TPB","13:35:09",17.2,-0.3,100,3368900,"B"
"TPB","13:35:08",17.2,-0.3,1500,3368800,"B"
"TPB","13:35:06",17.2,-0.3,400,3367300,"B"
"TPB","13:35:05",17.2,-0.3,4200,3366900,"B"
"TPB","13:34:57",17.25,-0.25,50000,3362700,"S"
"TPB","13:34:49",17.2,-0.3,400,3312700,"B"
"TPB","13:34:43",17.25,-0.25,10000,3312300,"S"
"TPB","13:34:34",17.25,-0.25,2000,3302300,"S"
"TPB","13:34:32",17.25,-0.25,2400,3300300,"S"
"TPB","13:33:59",17.25,-0.25,500,3297900,"B"
"TPB","13:33:53",17.25,-0.25,400,3297400,"B"
"TPB","13:33:52",17.25,-0.25,4400,3297000,"B"
"TPB","13:33:46",17.25,-0.25,700,3292600,"S"
"TPB","13:33:45",17.25,-0.25,200,3291900,"S"
"TPB","13:33:44",17.25,-0.25,100,3291700,"S"
"TPB","13:33:33",17.25,-0.25,100,3291600,"B"
"TPB","13:33:31",17.25,-0.25,2200,3291500,"S"
"TPB","13:33:31",17.25,-0.25,200,3289300,"S"
"TPB","13:33:30",17.25,-0.25,200,3289100,"S"
"TPB","13:33:24",17.25,-0.25,400,3288900,"S"
"TPB","13:33:24",17.2,-0.3,200,3288500,"B"
"TPB","13:33:23",17.2,-0.3,2000,3288300,"B"
"TPB","13:33:19",17.25,-0.25,100,3286300,"S"
"TPB","13:33:10",17.25,-0.25,500,3286200,"S"
"TPB","13:33:03",17.25,-0.25,200,3285700,"S"
"TPB","13:32:58",17.2,-0.3,100,3285500,"B"
"TPB","13:32:38",17.2,-0.3,100,3285400,"B"
"TPB","13:32:37",17.2,-0.3,1100,3285300,"B"
"TPB","13:32:35",17.2,-0.3,800,3284200,"B"
"TPB","13:32:35",17.25,-0.25,9200,3283400,"B"
"TPB","13:32:26",17.3,-0.2,2400,3274200,"S"
"TPB","13:32:25",17.25,-0.25,30000,3271800,"B"
"TPB","13:32:18",17.25,-0.25,300,3241800,"B"
"TPB","13:32:17",17.25,-0.25,8500,3241500,"B"
"TPB","13:32:16",17.25,-0.25,24800,3233000,"B"
"TPB","13:32:07",17.25,-0.25,100,3208200,"B"
"TPB","13:31:48",17.25,-0.25,400,3208100,"B"
"TPB","13:31:48",17.25,-0.25,4000,3207700,"B"
"TPB","13:31:24",17.3,-0.2,2300,3203700,"S"
"TPB","13:31:01",17.25,-0.25,400,3201400,"B"
"TPB","13:31:00",17.25,-0.25,4400,3201000,"B"
"TPB","13:30:50",17.25,-0.25,400,3196600,"B"
"TPB","13:30:46",17.25,-0.25,7300,3196200,"B"
"TPB","13:30:28",17.25,-0.25,300,3188900,"B"
"TPB","13:30:24",17.3,-0.2,500,3188600,"S"
"TPB","13:30:19",17.3,-0.2,2400,3188100,"S"
"TPB","13:30:16",17.3,-0.2,200,3185700,"S"
"TPB","13:30:03",17.25,-0.25,600,3185500,"B"
"TPB","13:30:00",17.25,-0.25,400,3184900,"B"
"TPB","13:29:59",17.25,-0.25,4500,3184500,"B"
"TPB","13:29:52",17.3,-0.2,100,3180000,"S"
"TPB","13:29:25",17.3,-0.2,3200,3179900,"S"
"TPB","13:29:24",17.25,-0.25,500,3176700,"B"
"TPB","13:29:03",17.25,-0.25,100,3176200,"B"
"TPB","13:29:02",17.25,-0.25,1000,3176100,"B"
"TPB","13:28:58",17.3,-0.2,100,3175100,"S"
"TPB","13:28:57",17.3,-0.2,100,3175000,"S"
"TPB","13:28:43",17.3,-0.2,3000,3174900,"S"
"TPB","13:28:41",17.3,-0.2,5400,3171900,"B"
"TPB","13:28:33",17.3,-0.2,200,3166500,"B"
"TPB","13:28:33",17.3,-0.2,2000,3166300,"B"
"TPB","13:28:31",17.3,-0.2,600,3164300,"B"
"TPB","13:28:30",17.3,-0.2,300,3163700,"B"
"TPB","13:28:29",17.3,-0.2,3400,3163400,"B"
"TPB","13:28:21",17.3,-0.2,800,3160000,"B"
"TPB","13:28:20",17.3,-0.2,2000,3159200,"S"
"TPB","13:28:20",17.25,-0.25,5300,3157200,"S"
"TPB","13:28:19",17.25,-0.25,10000,3151900,"S"
"TPB","13:28:16",17.2,-0.3,900,3141900,"B"
"TPB","13:28:15",17.2,-0.3,100,3141000,"B"
"TPB","13:28:15",17.2,-0.3,200,3140900,"B"
"TPB","13:28:14",17.25,-0.25,500,3140700,"S"
"TPB","13:28:08",17.25,-0.25,300,3140200,"S"
"TPB","13:28:06",17.25,-0.25,193400,3131200,"B"
"TPB","13:28:06",17.3,-0.2,6600,2937800,"B"
"TPB","13:28:04",17.3,-0.2,100,2931200,"B"
"TPB","13:28:03",17.3,-0.2,1000,2931100,"B"
"TPB","13:27:58",17.3,-0.2,100,2930100,"B"
"TPB","13:27:58",17.3,-0.2,1500,2930000,"B"
"TPB","13:27:54",17.35,-0.15,6600,2928500,"S"
"TPB","13:27:52",17.3,-0.2,200,2921900,"B"
"TPB","13:27:51",17.3,-0.2,700,2921700,"B"
"TPB","13:27:50",17.35,-0.15,500,2921000,"S"
"TPB","13:27:50",17.35,-0.15,500,2920500,"S"
"TPB","13:27:49",17.3,-0.2,2700,2920000,"B"
"TPB","13:27:42",17.3,-0.2,800,2917300,"B"
"TPB","13:27:42",17.3,-0.2,2000,2916500,"B"
"TPB","13:27:26",17.35,-0.15,6600,2914500,"S"
"TPB","13:27:19",17.35,-0.15,2300,2907900,"S"
"TPB","13:27:18",17.3,-0.2,400,2905600,"B"
"TPB","13:27:15",17.3,-0.2,600,2905200,"B"
"TPB","13:27:13",17.3,-0.2,1000,2904600,"B"
"TPB","13:27:13",17.35,-0.15,4600,2903600,"S"
"TPB","13:27:10",17.3,-0.2,100,2899000,"B"
"TPB","13:27:09",17.3,-0.2,1000,2898900,"B"
"TPB","13:27:05",17.3,-0.2,2200,2897900,"B"
"TPB","13:27:03",17.3,-0.2,500,2895700,"B"
"TPB","13:26:57",17.35,-0.15,4800,2895200,"S"
"TPB","13:26:56",17.3,-0.2,400,2890400,"B"
"TPB","13:26:54",17.3,-0.2,100,2890000,"B"
"TPB","13:26:54",17.3,-0.2,3600,2889900,"B"
"TPB","13:26:53",17.3,-0.2,500,2886300,"B"
"TPB","13:26:53",17.3,-0.2,1000,2885800,"B"
"TPB","13:26:50",17.3,-0.2,100,2884800,"B"
"TPB","13:26:49",17.3,-0.2,1000,2884700,"B"
"TPB","13:26:46",17.3,-0.2,300,2883700,"B"
"TPB","13:26:44",17.3,-0.2,2800,2883400,"B"
"TPB","13:26:43",17.3,-0.2,100,2880600,"B"
"TPB","13:26:40",17.3,-0.2,200,2880500,"B"
"TPB","13:26:39",17.3,-0.2,2100,2880300,"B"
"TPB","13:26:39",17.3,-0.2,1100,2878200,"B"
"TPB","13:26:37",17.3,-0.2,10000,2877100,"B"
"TPB","13:26:33",17.3,-0.2,100,2867100,"B"
"TPB","13:26:33",17.3,-0.2,1000,2867000,"B"
"TPB","13:26:31",17.3,-0.2,6000,2865400,"B"
"TPB","13:26:29",17.3,-0.2,200,2859400,"B"
"TPB","13:26:28",17.3,-0.2,2700,2859200,"B"
"TPB","13:26:27",17.3,-0.2,25200,2856500,"B"
"TPB","13:26:27",17.3,-0.2,65000,2831300,"B"
"TPB","13:26:26",17.35,-0.15,1100,2766300,"S"
"TPB","13:26:23",17.3,-0.2,200,2765200,"B"
"TPB","13:26:22",17.3,-0.2,1100,2765000,"B"
"TPB","13:26:22",17.3,-0.2,10000,2763900,"B"
"TPB","13:26:20",17.3,-0.2,400,2753900,"B"
"TPB","13:26:19",17.3,-0.2,4100,2753500,"B"
"TPB","13:26:19",17.3,-0.2,36200,2749400,"B"
"TPB","13:26:18",17.3,-0.2,1100,2713200,"B"
"TPB","13:26:17",17.3,-0.2,1000,2712100,"B"
"TPB","13:26:17",17.35,-0.15,3900,2711100,"S"
"TPB","13:26:17",17.3,-0.2,55500,2707200,"B"
"TPB","13:26:14",17.35,-0.15,1300,2651700,"S"
"TPB","13:26:13",17.35,-0.15,2400,2650400,"S"
"TPB","13:26:12",17.3,-0.2,600,2648000,"B"
"TPB","13:26:10",17.3,-0.2,6200,2647400,"B"
"TPB","13:26:09",17.3,-0.2,56500,2641200,"B"
"TPB","13:26:08",17.35,-0.15,3200,2584700,"S"
"TPB","13:26:05",17.3,-0.2,400,2581500,"B"
"TPB","13:26:04",17.3,-0.2,3700,2581100,"B"
"TPB","13:26:03",17.3,-0.2,33800,2577400,"B"
"TPB","13:26:01",17.3,-0.2,200,2543600,"B"
"TPB","13:26:01",17.3,-0.2,2200,2543400,"B"
"TPB","13:25:59",17.3,-0.2,20000,2541200,"B"
"TPB","13:25:59",17.35,-0.15,4000,2521200,"S"
"TPB","13:25:55",17.3,-0.2,200,2517200,"B"
"TPB","13:25:54",17.3,-0.2,2000,2517000,"B"
"TPB","13:25:49",17.3,-0.2,400,2515000,"B"
"TPB","13:25:48",17.3,-0.2,4400,2514600,"B"
"TPB","13:25:47",17.3,-0.2,40000,2510200,"B"
"TPB","13:25:45",17.35,-0.15,4200,2470200,"S"
"TPB","13:25:42",17.3,-0.2,700,2466000,"B"
"TPB","13:25:42",17.3,-0.2,2200,2465300,"B"
"TPB","13:25:41",17.3,-0.2,20000,2463100,"B"
"TPB","13:25:38",17.3,-0.2,400,2443100,"B"
"TPB","13:25:36",17.3,-0.2,500,2442700,"B"
"TPB","13:25:35",17.3,-0.2,1600,2442200,"B"
"TPB","13:25:32",17.3,-0.2,4200,2440600,"B"
"TPB","13:25:28",17.3,-0.2,1100,2436400,"B"
"TPB","13:25:24",17.3,-0.2,200,2435300,"B"
"TPB","13:25:23",17.3,-0.2,2000,2435100,"B"
"TPB","13:25:19",17.3,-0.2,100,2433100,"B"
"TPB","13:25:12",17.3,-0.2,500,2433000,"B"
"TPB","13:25:10",17.35,-0.15,2400,2432500,"S"
"TPB","13:25:08",17.3,-0.2,100,2430100,"B"
"TPB","13:25:07",17.3,-0.2,1400,2430000,"B"
"TPB","13:25:00",17.3,-0.2,1200,2428600,"B"
"TPB","13:24:58",17.3,-0.2,10000,2427400,"B"
"TPB","13:24:51",17.3,-0.2,200,2417400,"B"
"TPB","13:24:50",17.3,-0.2,2200,2417200,"B"
"TPB","13:24:49",17.3,-0.2,20000,2415000,"B"
"TPB","13:24:27",17.35,-0.15,300,2395000,"S"
"TPB","13:24:17",17.35,-0.15,100,2394700,"S"
"TPB","13:24:08",17.3,-0.2,200,2394600,"B"
"TPB","13:24:07",17.35,-0.15,200,2394400,"S"
"TPB","13:24:04",17.35,-0.15,2500,2394200,"S"
"TPB","13:24:03",17.35,-0.15,100,2391700,"S"
"TPB","13:23:58",17.35,-0.15,1500,2391600,"S"
"TPB","13:23:53",17.35,-0.15,100,2390100,"S"
"TPB","13:23:47",17.35,-0.15,500,2390000,"S"
"TPB","13:23:47",17.35,-0.15,300,2389500,"S"
"TPB","13:23:44",17.35,-0.15,3300,2389200,"B"
"TPB","13:23:35",17.35,-0.15,800,2385900,"B"
"TPB","13:23:34",17.35,-0.15,100,2385100,"B"
"TPB","13:23:34",17.35,-0.15,1000,2385000,"B"
"TPB","13:23:25",17.35,-0.15,100,2384000,"B"
"TPB","13:23:25",17.35,-0.15,500,2383900,"B"
"TPB","13:23:24",17.35,-0.15,500,2383400,"B"
"TPB","13:23:24",17.35,-0.15,4600,2382900,"S"
"TPB","13:23:17",17.35,-0.15,5300,2378300,"S"
"TPB","13:23:09",17.3,-0.2,100,2373000,"B"
"TPB","13:23:09",17.3,-0.2,1700,2372900,"B"
"TPB","13:23:08",17.3,-0.2,2000,2371200,"B"
"TPB","13:23:07",17.35,-0.15,1700,2369200,"S"
"TPB","13:23:07",17.35,-0.15,600,2367500,"B"
"TPB","13:23:06",17.35,-0.15,1500,2366900,"B"
"TPB","13:23:06",17.35,-0.15,12600,2365400,"B"
"TPB","13:23:05",17.35,-0.15,100,2352800,"B"
"TPB","13:23:04",17.4,-0.1,2300,2352700,"S"
"TPB","13:23:03",17.35,-0.15,11500,2350400,"B"
"TPB","13:23:02",17.35,-0.15,5100,2338900,"B"
"TPB","13:23:01",17.35,-0.15,1200,2333800,"B"
"TPB","13:23:00",17.35,-0.15,11600,2332600,"B"
"TPB","13:23:00",17.35,-0.15,1500,2321000,"B"
"TPB","13:22:54",17.35,-0.15,700,2319500,"B"
"TPB","13:22:54",17.35,-0.15,2000,2318800,"B"
"TPB","13:22:53",17.35,-0.15,4400,2316800,"B"
"TPB","13:22:52",17.35,-0.15,200,2312400,"B"
"TPB","13:22:52",17.35,-0.15,2000,2312200,"B"
"TPB","13:22:47",17.35,-0.15,500,2310200,"B"
"TPB","13:22:46",17.35,-0.15,400,2309700,"B"
"TPB","13:22:46",17.35,-0.15,4400,2309300,"B"
"TPB","13:22:37",17.35,-0.15,4800,2304900,"B"
"TPB","13:22:33",17.35,-0.15,500,2300100,"B"
"TPB","13:22:31",17.35,-0.15,6600,2299600,"B"
"TPB","13:22:30",17.35,-0.15,2400,2293000,"B"
"TPB","13:22:21",17.35,-0.15,400,2290600,"B"
"TPB","13:22:20",17.35,-0.15,4500,2290200,"B"
"TPB","13:22:08",17.35,-0.15,300,2285700,"B"
"TPB","13:22:07",17.4,-0.1,200,2285400,"S"
"TPB","13:22:00",17.4,-0.1,2400,2285200,"S"
"TPB","13:21:47",17.35,-0.15,400,2282800,"B"
"TPB","13:21:17",17.35,-0.15,200,2282400,"B"
"TPB","13:21:13",17.4,-0.1,400,2282200,"S"
"TPB","13:20:59",17.35,-0.15,100,2281800,"B"
"TPB","13:20:57",17.4,-0.1,900,2281700,"S"
"TPB","13:20:56",17.4,-0.1,2400,2280800,"S"
"TPB","13:20:47",17.4,-0.1,5300,2278400,"S"
"TPB","13:20:46",17.4,-0.1,4800,2273100,"S"
"TPB","13:20:43",17.4,-0.1,40000,2268300,"S"
"TPB","13:20:17",17.4,-0.1,100,2228300,"S"
"TPB","13:20:14",17.4,-0.1,900,2228200,"S"
"TPB","13:20:08",17.4,-0.1,500,2227300,"S"
"TPB","13:20:03",17.4,-0.1,4100,2226800,"S"
"TPB","13:19:57",17.4,-0.1,200,2222700,"S"
"TPB","13:19:54",17.4,-0.1,2300,2222500,"S"
"TPB","13:19:37",17.4,-0.1,100,2220200,"S"
"TPB","13:19:35",17.4,-0.1,900,2220100,"S"
"TPB","13:18:57",17.4,-0.1,300,2219200,"S"
"TPB","13:18:49",17.4,-0.1,2500,2218900,"S"
"TPB","13:18:45",17.4,-0.1,200,2216400,"S"
"TPB","13:18:16",17.4,-0.1,100,2216200,"S"
"TPB","13:17:57",17.4,-0.1,200,2216100,"S"
"TPB","13:17:48",17.4,-0.1,2300,2215900,"S"
"TPB","13:16:57",17.4,-0.1,500,2213600,"S"
"TPB","13:16:47",17.4,-0.1,300,2213100,"S"
"TPB","13:16:43",17.4,-0.1,2500,2212800,"S"
"TPB","13:16:17",17.4,-0.1,200,2210300,"S"
"TPB","13:16:15",17.4,-0.1,1000,2210100,"S"
"TPB","13:16:11",17.35,-0.15,800,2209100,"B"
"TPB","13:16:07",17.4,-0.1,400,2208300,"S"
"TPB","13:16:01",17.4,-0.1,3200,2207900,"S"
"TPB","13:15:57",17.4,-0.1,200,2204700,"S"
"TPB","13:15:50",17.4,-0.1,1500,2204500,"S"
"TPB","13:15:47",17.4,-0.1,200,2203000,"S"
"TPB","13:15:42",17.4,-0.1,2300,2202800,"S"
"TPB","13:15:37",17.4,-0.1,100,2200500,"S"
"TPB","13:15:34",17.4,-0.1,900,2200400,"S"
"TPB","13:14:47",17.4,-0.1,200,2199500,"S"
"TPB","13:14:38",17.4,-0.1,2400,2199300,"S"
"TPB","13:13:41",17.4,-0.1,100,2196900,"S"
"TPB","13:13:37",17.4,-0.1,200,2196800,"S"
"TPB","13:13:34",17.4,-0.1,2400,2196600,"S"
"TPB","13:12:51",17.4,-0.1,300,2194200,"S"
"TPB","13:12:37",17.4,-0.1,200,2193900,"S"
"TPB","13:12:29",17.4,-0.1,2400,2193700,"S"
"TPB","13:12:26",17.35,-0.15,100,2191300,"B"
"TPB","13:12:25",17.35,-0.15,1000,2191200,"B"
"TPB","13:12:17",17.4,-0.1,100,2190200,"S"
"TPB","13:12:07",17.4,-0.1,1300,2190100,"S"
"TPB","13:12:04",17.4,-0.1,100,2188800,"S"
"TPB","13:11:59",17.35,-0.15,100,2188700,"B"
"TPB","13:11:58",17.35,-0.15,11200,2188600,"B"
"TPB","13:11:57",17.4,-0.1,200,2177400,"S"
"TPB","13:11:56",17.4,-0.1,2000,2177200,"S"
"TPB","13:11:45",17.4,-0.1,100,2175200,"S"
"TPB","13:11:37",17.4,-0.1,200,2175100,"S"
"TPB","13:11:27",17.4,-0.1,2300,2174900,"S"
"TPB","13:11:17",17.4,-0.1,100,2172600,"S"
"TPB","13:11:09",17.4,-0.1,900,2172500,"S"
"TPB","13:10:46",17.4,-0.1,200,2171600,"S"
"TPB","13:10:36",17.35,-0.15,500,2171400,"B"
"TPB","13:10:27",17.4,-0.1,300,2170900,"S"
"TPB","13:10:24",17.4,-0.1,2400,2170600,"S"
"TPB","13:10:17",17.35,-0.15,200,2168200,"B"
"TPB","13:10:09",17.35,-0.15,100,2168000,"B"
"TPB","13:10:06",17.35,-0.15,300,2167900,"B"
"TPB","13:10:05",17.35,-0.15,3000,2167600,"B"
"TPB","13:09:47",17.35,-0.15,6200,2164600,"B"
"TPB","13:09:33",17.35,-0.15,100,2158400,"B"
"TPB","13:09:31",17.35,-0.15,1000,2158300,"B"
"TPB","13:09:27",17.35,-0.15,700,2157300,"B"
"TPB","13:09:26",17.35,-0.15,600,2156600,"B"
"TPB","13:09:25",17.35,-0.15,6000,2156000,"B"
"TPB","13:09:20",17.4,-0.1,2400,2150000,"S"
"TPB","13:08:49",17.35,-0.15,100,2147600,"B"
"TPB","13:08:31",17.35,-0.15,100,2147500,"B"
"TPB","13:08:29",17.35,-0.15,1100,2147400,"B"
"TPB","13:08:28",17.35,-0.15,10000,2146300,"B"
"TPB","13:08:17",17.4,-0.1,400,2136300,"S"
"TPB","13:08:16",17.4,-0.1,2400,2135900,"S"
"TPB","13:08:16",17.35,-0.15,100,2133500,"B"
"TPB","13:08:15",17.35,-0.15,1000,2133400,"B"
"TPB","13:07:18",17.35,-0.15,100,2132400,"B"
"TPB","13:07:17",17.35,-0.15,1000,2132300,"B"
"TPB","13:07:17",17.4,-0.1,500,2131300,"S"
"TPB","13:07:14",17.4,-0.1,2300,2130800,"S"
"TPB","13:07:10",17.35,-0.15,100,2128500,"B"
"TPB","13:07:10",17.35,-0.15,1800,2128400,"B"
"TPB","13:06:42",17.35,-0.15,300,2126600,"B"
"TPB","13:06:42",17.35,-0.15,3000,2126300,"B"
"TPB","13:06:27",17.35,-0.15,500,2123300,"B"
"TPB","13:06:25",17.35,-0.15,600,2122800,"B"
"TPB","13:06:24",17.35,-0.15,64300,2122200,"B"
"TPB","13:06:17",17.4,-0.1,200,2057900,"S"
"TPB","13:06:09",17.4,-0.1,2400,2057700,"S"
"TPB","13:05:50",17.35,-0.15,600,2055300,"B"
"TPB","13:05:49",17.35,-0.15,6000,2054700,"B"
"TPB","13:05:43",17.4,-0.1,100,2048700,"S"
"TPB","13:05:21",17.4,-0.1,300,2048600,"S"
"TPB","13:05:17",17.4,-0.1,200,2048300,"S"
"TPB","13:05:09",17.4,-0.1,2300,2048100,"S"
"TPB","13:05:04",17.35,-0.15,400,2045800,"B"
"TPB","13:05:03",17.35,-0.15,4400,2045400,"B"
"TPB","13:04:46",17.35,-0.15,300,2041000,"B"
"TPB","13:04:46",17.4,-0.1,4200,2040700,"S"
"TPB","13:04:37",17.35,-0.15,500,2036500,"B"
"TPB","13:04:22",17.4,-0.1,100,2036000,"S"
"TPB","13:04:07",17.4,-0.1,200,2035900,"S"
"TPB","13:04:05",17.4,-0.1,2400,2035700,"S"
"TPB","13:03:52",17.35,-0.15,500,2033300,"B"
"TPB","13:03:52",17.35,-0.15,5000,2032800,"B"
"TPB","13:03:51",17.35,-0.15,200,2027800,"B"
"TPB","13:03:50",17.35,-0.15,2200,2027600,"B"
"TPB","13:03:49",17.35,-0.15,20000,2025400,"B"
"TPB","13:03:42",17.35,-0.15,200,2005400,"B"
"TPB","13:03:41",17.35,-0.15,2600,2005200,"B"
"TPB","13:03:39",17.35,-0.15,100,2002600,"B"
"TPB","13:03:39",17.35,-0.15,1000,2002500,"B"
"TPB","13:03:34",17.35,-0.15,700,2001500,"B"
"TPB","13:03:34",17.35,-0.15,6500,2000800,"B"
"TPB","13:03:27",17.35,-0.15,400,1994300,"B"
"TPB","13:03:26",17.35,-0.15,4000,1993900,"B"
"TPB","13:03:21",17.35,-0.15,100,1989900,"B"
"TPB","13:03:19",17.35,-0.15,1300,1989800,"B"
"TPB","13:03:10",17.35,-0.15,300,1988500,"B"
"TPB","13:03:09",17.35,-0.15,3100,1988200,"B"
"TPB","13:03:07",17.4,-0.1,300,1985100,"S"
"TPB","13:03:01",17.4,-0.1,2400,1984800,"S"
"TPB","13:02:57",17.4,-0.1,500,1982400,"S"
"TPB","13:02:54",17.35,-0.15,100,1981900,"B"
"TPB","13:02:54",17.35,-0.15,100,1981800,"B"
"TPB","13:02:53",17.35,-0.15,1000,1981700,"B"
"TPB","13:02:48",17.4,-0.1,600,1980700,"S"
"TPB","13:02:47",17.35,-0.15,500,1980100,"B"
"TPB","13:02:45",17.35,-0.15,200,1979600,"B"
"TPB","13:02:38",17.35,-0.15,200,1979400,"B"
"TPB","13:02:37",17.4,-0.1,400,1979200,"S"
"TPB","13:02:33",17.4,-0.1,2900,1978800,"S"
"TPB","13:02:27",17.4,-0.1,2100,1975900,"S"
"TPB","13:02:25",17.35,-0.15,300,1973800,"B"
"TPB","13:02:24",17.4,-0.1,3500,1973500,"S"
"TPB","13:02:17",17.4,-0.1,3000,1970000,"S"
"TPB","13:02:08",17.4,-0.1,1700,1967000,"S"
"TPB","13:02:07",17.4,-0.1,300,1965300,"S"
"TPB","13:02:00",17.4,-0.1,2300,1965000,"S"
"TPB","13:01:57",17.4,-0.1,1600,1962700,"S"
"TPB","13:01:55",17.4,-0.1,100,1961100,"S"
"TPB","13:01:48",17.4,-0.1,8100,1961000,"S"
"TPB","13:01:37",17.4,-0.1,3800,1952900,"S"
"TPB","13:01:36",17.4,-0.1,4200,1949100,"S"
"TPB","13:01:27",17.4,-0.1,3600,1944900,"S"
"TPB","13:01:21",17.35,-0.15,100,1941300,"B"
"TPB","13:01:20",17.35,-0.15,1300,1941200,"B"
"TPB","13:01:19",17.35,-0.15,12000,1939900,"B"
"TPB","13:01:17",17.4,-0.1,1200,1927900,"S"
"TPB","13:01:13",17.35,-0.15,1200,1926700,"B"
"TPB","13:01:11",17.4,-0.1,6600,1925500,"S"
"TPB","13:01:10",17.35,-0.15,5200,1918900,"B"
"TPB","13:01:07",17.4,-0.1,3700,1913700,"S"
"TPB","13:01:05",17.4,-0.1,2200,1910000,"S"
"TPB","13:01:02",17.4,-0.1,2300,1907800,"S"
"TPB","13:00:57",17.4,-0.1,12700,1905500,"S"
"TPB","13:00:48",17.4,-0.1,2700,1892800,"S"
"TPB","13:00:45",17.4,-0.1,100,1890100,"S"
"TPB","13:00:40",17.4,-0.1,100,1890000,"S"
"TPB","13:00:39",17.4,-0.1,4100,1889900,"S"
"TPB","13:00:38",17.4,-0.1,800,1885800,"S"
"TPB","13:00:37",17.4,-0.1,6600,1885000,"S"
"TPB","13:00:36",17.4,-0.1,200,1878400,"S"
"TPB","13:00:30",17.4,-0.1,800,1878200,"S"
"TPB","13:00:29",17.4,-0.1,600,1877400,"S"
"TPB","13:00:26",17.4,-0.1,100,1876800,"S"
"TPB","13:00:13",17.4,-0.1,300,1876700,"S"
"TPB","13:00:11",17.35,-0.15,400,1876400,"B"
"TPB","13:00:10",17.35,-0.15,4300,1876000,"B"
"TPB","13:00:10",17.35,-0.15,30000,1871700,"B"
"TPB","13:00:09",17.4,-0.1,9400,1841700,"B"
"TPB","13:00:08",17.4,-0.1,1600,1832300,"B"
"TPB","13:00:08",17.4,-0.1,77500,1830700,"B"
"TPB","13:00:08",17.45,-0.05,500,1753200,"S"
"TPB","13:00:08",17.4,-0.1,20000,1752700,"B"
"TPB","13:00:07",17.45,-0.05,100,1732700,"S"
"TPB","13:00:07",17.4,-0.1,100,1732600,"B"
"TPB","13:00:06",17.4,-0.1,1700,1732500,"B"
"TPB","13:00:05",17.4,-0.1,13300,1730800,"B"
"TPB","13:00:05",17.45,-0.05,2500,1717500,"S"
"TPB","13:00:04",17.4,-0.1,25200,1715000,"B"
"TPB","13:00:04",17.4,-0.1,97500,1689800,"B"
"TPB","13:00:02",17.4,-0.1,2000,1592300,"B"
"TPB","13:00:02",17.45,-0.05,100,1590300,"S"
"TPB","13:00:02",17.4,-0.1,3100,1590200,"B"
"TPB","11:29:37",17.45,-0.05,100,1587100,"S"
"TPB","11:29:36",17.45,-0.05,200,1587000,"B"
"TPB","11:29:36",17.45,-0.05,500,1586800,"B"
"TPB","11:29:33",17.45,-0.05,300,1586300,"B"
"TPB","11:29:28",17.45,-0.05,200,1586000,"B"
"TPB","11:29:26",17.45,-0.05,300,1585800,"B"
"TPB","11:29:25",17.45,-0.05,3000,1585500,"B"
"TPB","11:29:24",17.45,-0.05,100,1582500,"B"
"TPB","11:29:16",17.45,-0.05,400,1582400,"B"
"TPB","11:29:14",17.45,-0.05,4400,1582000,"B"
"TPB","11:28:52",17.45,-0.05,100,1577600,"B"
"TPB","11:28:49",17.5,0,500,1577500,"S"
"TPB","11:28:36",17.45,-0.05,1100,1577000,"B"
"TPB","11:28:35",17.45,-0.05,10000,1575900,"B"
"TPB","11:28:21",17.45,-0.05,500,1565900,"B"
"TPB","11:28:19",17.45,-0.05,5000,1565400,"B"
"TPB","11:28:15",17.45,-0.05,100,1560400,"B"
"TPB","11:28:14",17.45,-0.05,1100,1560300,"B"
"TPB","11:28:11",17.45,-0.05,500,1559200,"B"
"TPB","11:28:09",17.45,-0.05,5000,1558700,"B"
"TPB","11:27:52",17.45,-0.05,100,1553700,"B"
"TPB","11:27:50",17.45,-0.05,1100,1553600,"B"
"TPB","11:27:49",17.45,-0.05,10000,1552500,"B"
"TPB","11:27:47",17.45,-0.05,400,1542500,"B"
"TPB","11:27:46",17.45,-0.05,4000,1542100,"B"
"TPB","11:27:44",17.5,0,2400,1538100,"S"
"TPB","11:27:40",17.45,-0.05,100,1535700,"B"
"TPB","11:27:39",17.45,-0.05,1100,1535600,"B"
"TPB","11:27:38",17.45,-0.05,10400,1534500,"B"
"TPB","11:27:23",17.45,-0.05,100,1524100,"B"
"TPB","11:27:22",17.45,-0.05,1000,1524000,"B"
"TPB","11:27:21",17.45,-0.05,9900,1523000,"B"
"TPB","11:27:02",17.45,-0.05,500,1513100,"B"
"TPB","11:27:02",17.45,-0.05,5000,1512600,"B"
"TPB","11:26:48",17.5,0,200,1507600,"S"
"TPB","11:26:44",17.5,0,2300,1507400,"S"
"TPB","11:25:48",17.5,0,200,1505100,"S"
"TPB","11:25:39",17.5,0,2400,1504900,"S"
"TPB","11:25:34",17.45,-0.05,600,1502500,"B"
"TPB","11:25:33",17.45,-0.05,5800,1501900,"B"
"TPB","11:25:32",17.45,-0.05,1000,1496100,"B"
"TPB","11:25:16",17.45,-0.05,700,1495100,"B"
"TPB","11:24:38",17.5,0,400,1494400,"S"
"TPB","11:24:34",17.5,0,2500,1494000,"S"
"TPB","11:24:22",17.45,-0.05,200,1491500,"B"
"TPB","11:24:13",17.45,-0.05,700,1491300,"B"
"TPB","11:24:12",17.45,-0.05,5000,1490600,"B"
"TPB","11:24:11",17.45,-0.05,2000,1485600,"B"
"TPB","11:23:59",17.45,-0.05,100,1483600,"B"
"TPB","11:23:58",17.45,-0.05,1000,1483500,"B"
"TPB","11:23:49",17.45,-0.05,100,1482500,"B"
"TPB","11:23:47",17.45,-0.05,1000,1482400,"B"
"TPB","11:23:47",17.5,0,100,1481400,"S"
"TPB","11:23:38",17.45,-0.05,500,1481300,"B"
"TPB","11:23:37",17.45,-0.05,300,1480800,"B"
"TPB","11:23:36",17.45,-0.05,4500,1480500,"B"
"TPB","11:23:36",17.45,-0.05,3500,1476000,"B"
"TPB","11:23:30",17.5,0,2400,1472500,"S"
"TPB","11:23:24",17.45,-0.05,100,1470100,"B"
"TPB","11:23:22",17.45,-0.05,1000,1470000,"B"
"TPB","11:23:21",17.45,-0.05,300,1469000,"B"
"TPB","11:23:20",17.45,-0.05,3000,1468700,"B"
"TPB","11:22:54",17.45,-0.05,100,1465700,"B"
"TPB","11:22:52",17.45,-0.05,1000,1465600,"B"
"TPB","11:22:44",17.45,-0.05,700,1464600,"B"
"TPB","11:22:42",17.45,-0.05,6600,1463900,"B"
"TPB","11:22:33",17.45,-0.05,500,1457300,"B"
"TPB","11:22:30",17.45,-0.05,400,1456800,"B"
"TPB","11:22:28",17.45,-0.05,4400,1456400,"B"
"TPB","11:22:27",17.5,0,500,1452000,"S"
"TPB","11:22:25",17.5,0,2400,1451500,"S"
"TPB","11:22:21",17.45,-0.05,200,1449100,"B"
"TPB","11:22:20",17.45,-0.05,2000,1448900,"B"
"TPB","11:21:37",17.45,-0.05,100,1446900,"B"
"TPB","11:21:28",17.5,0,200,1446800,"S"
"TPB","11:21:20",17.5,0,2400,1446600,"S"
"TPB","11:20:31",17.45,-0.05,100,1444200,"B"
"TPB","11:20:29",17.45,-0.05,1000,1444100,"B"
"TPB","11:20:28",17.5,0,200,1443100,"S"
"TPB","11:20:19",17.5,0,2300,1442900,"S"
"TPB","11:19:17",17.5,0,200,1440600,"S"
"TPB","11:19:15",17.5,0,2400,1440400,"S"
"TPB","11:18:18",17.5,0,200,1438000,"S"
"TPB","11:18:13",17.5,0,2300,1437800,"S"
"TPB","11:17:18",17.5,0,200,1435500,"S"
"TPB","11:17:13",17.5,0,2300,1435300,"S"
"TPB","11:16:17",17.5,0,300,1433000,"S"
"TPB","11:16:07",17.5,0,2500,1432700,"S"
"TPB","11:15:54",17.45,-0.05,100,1430200,"B"
"TPB","11:15:53",17.45,-0.05,1000,1430100,"B"
"TPB","11:15:38",17.5,0,100,1429100,"S"
"TPB","11:15:07",17.5,0,200,1429000,"S"
"TPB","11:15:05",17.5,0,2300,1428800,"S"
"TPB","11:14:08",17.5,0,300,1426500,"S"
"TPB","11:14:00",17.5,0,2500,1426200,"S"
"TPB","11:13:08",17.5,0,200,1423700,"S"
"TPB","11:12:59",17.5,0,2300,1423500,"S"
"TPB","11:12:08",17.5,0,200,1421200,"S"
"TPB","11:11:58",17.5,0,2300,1421000,"S"
"TPB","11:11:43",17.5,0,100,1418700,"S"
"TPB","11:11:08",17.5,0,100,1418600,"S"
"TPB","11:10:57",17.5,0,1100,1418500,"S"
"TPB","11:10:54",17.5,0,2400,1417400,"S"
"TPB","11:10:50",17.45,-0.05,700,1415000,"B"
"TPB","11:09:57",17.5,0,200,1407700,"S"
"TPB","11:09:49",17.5,0,2400,1407500,"S"
"TPB","11:09:42",17.45,-0.05,400,1405100,"B"
"TPB","11:09:41",17.45,-0.05,4400,1404700,"B"
"TPB","11:09:28",17.45,-0.05,400,1400300,"B"
"TPB","11:09:27",17.45,-0.05,4400,1399900,"B"
"TPB","11:09:25",17.5,0,200,1395500,"S"
"TPB","11:08:47",17.5,0,300,1395300,"S"
"TPB","11:08:47",17.5,0,100,1395000,"S"
"TPB","11:08:44",17.5,0,2400,1394900,"S"
"TPB","11:07:48",17.5,0,700,1392500,"S"
"TPB","11:07:43",17.5,0,2300,1391800,"S"
"TPB","11:07:41",17.5,0,4100,1389500,"B"
"TPB","11:07:27",17.5,0,500,1385400,"B"
"TPB","11:07:20",17.5,0,500,1384900,"B"
"TPB","11:07:06",17.5,0,100,1384400,"B"
"TPB","11:07:05",17.5,0,1700,1384300,"B"
"TPB","11:06:49",17.5,0,400,1382600,"S"
"TPB","11:06:48",17.5,0,200,1382200,"S"
"TPB","11:06:39",17.5,0,2400,1382000,"S"
"TPB","11:06:28",17.5,0,600,1379600,"S"
"TPB","11:06:26",17.5,0,200,1379000,"S"
"TPB","11:06:25",17.45,-0.05,400,1378800,"B"
"TPB","11:06:24",17.45,-0.05,4400,1378400,"B"
"TPB","11:06:09",17.5,0,200,1374000,"S"
"TPB","11:06:02",17.45,-0.05,400,1373800,"B"
"TPB","11:06:00",17.45,-0.05,4400,1373400,"B"
"TPB","11:05:58",17.5,0,2800,1369000,"S"
"TPB","11:05:54",17.5,0,17300,1366200,"B"
"TPB","11:05:53",17.5,0,6600,1348900,"B"
"TPB","11:05:38",17.55,0.05,300,1342300,"S"
"TPB","11:05:34",17.55,0.05,2500,1342000,"S"
"TPB","11:05:12",17.5,0,200,1339500,"B"
"TPB","11:05:11",17.5,0,1900,1339300,"B"
"TPB","11:05:10",17.5,0,17300,1337400,"S"
"TPB","11:04:38",17.5,0,200,1320100,"S"
"TPB","11:04:31",17.5,0,2400,1319900,"S"
"TPB","11:03:41",17.45,-0.05,100,1317500,"B"
"TPB","11:03:38",17.5,0,200,1317400,"S"
"TPB","11:03:30",17.5,0,2300,1317200,"S"
"TPB","11:02:34",17.45,-0.05,400,1314900,"B"
"TPB","11:02:32",17.45,-0.05,4400,1314500,"B"
"TPB","11:02:28",17.5,0,200,1310100,"S"
"TPB","11:02:25",17.5,0,2400,1309900,"S"
"TPB","11:02:03",17.45,-0.05,400,1307500,"B"
"TPB","11:02:02",17.45,-0.05,4400,1307100,"B"
"TPB","11:01:48",17.5,0,100,1302700,"S"
"TPB","11:01:38",17.5,0,1200,1302600,"S"
"TPB","11:01:33",17.5,0,10000,1301400,"S"
"TPB","11:01:27",17.5,0,200,1291400,"S"
"TPB","11:01:24",17.5,0,2300,1291200,"S"
"TPB","11:01:02",17.45,-0.05,400,1288900,"B"
"TPB","11:01:01",17.45,-0.05,4400,1288500,"B"
"TPB","11:00:53",17.45,-0.05,400,1284100,"B"
"TPB","11:00:52",17.45,-0.05,4400,1283700,"B"
"TPB","11:00:45",17.45,-0.05,400,1279300,"B"
"TPB","11:00:43",17.45,-0.05,4400,1278900,"B"
"TPB","11:00:38",17.5,0,10000,1274500,"S"
"TPB","11:00:29",17.45,-0.05,200,1264500,"B"
"TPB","11:00:27",17.45,-0.05,400,1264300,"B"
"TPB","11:00:27",17.5,0,2100,1263900,"S"
"TPB","11:00:27",17.45,-0.05,4400,1261800,"B"
"TPB","11:00:25",17.5,0,15000,1257400,"S"
"TPB","11:00:18",17.5,0,2500,1242400,"S"
"TPB","11:00:18",17.5,0,100,1239900,"S"
"TPB","11:00:13",17.5,0,1000,1239800,"S"
"TPB","10:59:36",17.45,-0.05,400,1238800,"B"
"TPB","10:59:35",17.45,-0.05,4400,1238400,"B"
"TPB","10:59:17",17.5,0,400,1234000,"S"
"TPB","10:59:16",17.5,0,2300,1233600,"S"
"TPB","10:59:15",17.45,-0.05,500,1231300,"B"
"TPB","10:59:13",17.5,0,900,1230800,"S"
"TPB","10:58:46",17.45,-0.05,500,1229900,"B"
"TPB","10:58:46",17.45,-0.05,500,1229400,"B"
"TPB","10:58:45",17.45,-0.05,4400,1228900,"B"
"TPB","10:58:45",17.45,-0.05,4900,1224500,"B"
"TPB","10:58:44",17.45,-0.05,4800,1219600,"B"
"TPB","10:58:43",17.45,-0.05,4400,1214800,"B"
"TPB","10:58:20",17.45,-0.05,100,1210400,"B"
"TPB","10:58:17",17.5,0,200,1210300,"S"
"TPB","10:58:14",17.5,0,2300,1210100,"S"
"TPB","10:57:20",17.45,-0.05,500,1207800,"B"
"TPB","10:57:18",17.5,0,200,1207300,"S"
"TPB","10:57:09",17.5,0,2400,1207100,"S"
"TPB","10:56:48",17.5,0,100,1204700,"S"
"TPB","10:56:37",17.5,0,1200,1204600,"S"
"TPB","10:56:32",17.5,0,10000,1203400,"S"
"TPB","10:56:07",17.5,0,200,1193400,"S"
"TPB","10:56:07",17.5,0,2300,1193200,"S"
"TPB","10:55:49",17.45,-0.05,300,1190900,"B"
"TPB","10:55:48",17.45,-0.05,3500,1190600,"B"
"TPB","10:55:22",17.45,-0.05,200,1187100,"B"
"TPB","10:55:08",17.5,0,200,1186900,"S"
"TPB","10:55:01",17.5,0,2400,1186700,"S"
"TPB","10:54:06",17.45,-0.05,600,1184300,"B"
"TPB","10:54:05",17.45,-0.05,6100,1183700,"B"
"TPB","10:53:58",17.5,0,600,1177600,"S"
"TPB","10:53:56",17.5,0,2500,1177000,"S"
"TPB","10:53:50",17.5,0,3000,1174500,"S"
"TPB","10:53:42",17.45,-0.05,300,1171500,"B"
"TPB","10:53:08",17.5,0,100,1171200,"S"
"TPB","10:52:58",17.5,0,1100,1171100,"S"
"TPB","10:52:56",17.5,0,1000,1170000,"S"
"TPB","10:52:55",17.5,0,2300,1169000,"S"
"TPB","10:52:54",17.5,0,6000,1166700,"S"
"TPB","10:52:17",17.5,0,800,1160700,"S"
"TPB","10:51:58",17.5,0,500,1159900,"S"
"TPB","10:51:55",17.5,0,2300,1159400,"S"
"TPB","10:51:51",17.45,-0.05,200,1157100,"B"
"TPB","10:51:49",17.45,-0.05,1900,1156900,"B"
"TPB","10:50:58",17.5,0,200,1155000,"S"
"TPB","10:50:52",17.5,0,2300,1154800,"S"
"TPB","10:50:40",17.45,-0.05,200,1152500,"B"
"TPB","10:50:08",17.5,0,100,1152300,"S"
"TPB","10:50:07",17.5,0,100,1152200,"S"
"TPB","10:50:07",17.5,0,1000,1152100,"S"
"TPB","10:49:58",17.5,0,200,1151100,"S"
"TPB","10:49:50",17.5,0,2300,1150900,"S"
"TPB","10:49:37",17.5,0,400,1148600,"S"
"TPB","10:49:28",17.5,0,4000,1148200,"S"
"TPB","10:49:19",17.45,-0.05,300,1144200,"B"
"TPB","10:49:00",17.45,-0.05,900,1143900,"B"
"TPB","10:49:00",17.45,-0.05,4400,1143000,"B"
"TPB","10:48:59",17.45,-0.05,4400,1138600,"B"
"TPB","10:48:58",17.5,0,300,1134200,"S"
"TPB","10:48:48",17.5,0,2300,1133900,"S"
"TPB","10:48:48",17.5,0,600,1131600,"S"
"TPB","10:48:40",17.5,0,2000,1131000,"S"
"TPB","10:48:39",17.5,0,3000,1129000,"S"
"TPB","10:48:37",17.5,0,600,1126000,"S"
"TPB","10:48:34",17.5,0,5000,1125400,"S"
"TPB","10:47:47",17.5,0,200,1120400,"S"
"TPB","10:47:46",17.5,0,2300,1120200,"S"
"TPB","10:47:28",17.5,0,200,1117900,"S"
"TPB","10:46:46",17.5,0,2300,1117700,"S"
"TPB","10:46:25",17.5,0,300,1115400,"S"
"TPB","10:45:53",17.5,0,400,1115100,"S"
"TPB","10:45:46",17.5,0,1000,1114700,"S"
"TPB","10:45:44",17.5,0,2300,1113700,"S"
"TPB","10:45:43",17.5,0,700,1111400,"S"
"TPB","10:45:33",17.5,0,6000,1110700,"S"
"TPB","10:44:43",17.5,0,200,1104700,"S"
"TPB","10:44:39",17.5,0,2400,1104500,"S"
"TPB","10:44:16",17.5,0,300,1102100,"S"
"TPB","10:43:43",17.5,0,300,1101800,"S"
"TPB","10:43:33",17.5,0,2500,1101500,"S"
"TPB","10:43:08",17.45,-0.05,100,1099000,"B"
"TPB","10:43:07",17.45,-0.05,1500,1098900,"B"
"TPB","10:42:43",17.5,0,200,1097400,"S"
"TPB","10:42:34",17.5,0,2300,1097200,"S"
"TPB","10:41:13",17.5,0,300,1094900,"S"
"TPB","10:40:43",17.5,0,200,1094600,"S"
"TPB","10:40:33",17.5,0,2200,1094400,"S"
"TPB","10:40:14",17.5,0,4000,1092200,"S"
"TPB","10:40:14",17.45,-0.05,2600,1088200,"S"
"TPB","10:40:10",17.45,-0.05,100,1085600,"S"
"TPB","10:39:29",17.45,-0.05,500,1085500,"S"
"TPB","10:39:12",17.45,-0.05,1000,1085000,"S"
"TPB","10:39:01",17.4,-0.1,100,1084000,"B"
"TPB","10:39:00",17.4,-0.1,1100,1083900,"B"
"TPB","10:38:45",17.45,-0.05,100,1082800,"S"
"TPB","10:38:30",17.45,-0.05,500,1082700,"S"
"TPB","10:38:28",17.4,-0.1,400,1082200,"B"
"TPB","10:38:26",17.4,-0.1,4100,1081800,"B"
"TPB","10:38:26",17.45,-0.05,100,1077700,"S"
"TPB","10:37:50",17.4,-0.1,100,1077600,"B"
"TPB","10:37:10",17.4,-0.1,300,1077500,"B"
"TPB","10:37:09",17.4,-0.1,3300,1077200,"B"
"TPB","10:37:00",17.4,-0.1,200,1073900,"B"
"TPB","10:36:56",17.45,-0.05,200,1073700,"S"
"TPB","10:36:49",17.45,-0.05,500,1073500,"S"
"TPB","10:36:22",17.4,-0.1,300,1073000,"B"
"TPB","10:36:04",17.4,-0.1,200,1069400,"B"
"TPB","10:36:03",17.4,-0.1,2000,1069200,"B"
"TPB","10:35:46",17.45,-0.05,2000,1067200,"S"
"TPB","10:34:44",17.45,-0.05,200,1065200,"B"
"TPB","10:34:43",17.45,-0.05,2800,1065000,"B"
"TPB","10:33:41",17.45,-0.05,500,1062200,"B"
"TPB","10:33:34",17.45,-0.05,400,1061700,"B"
"TPB","10:33:24",17.45,-0.05,300,1061300,"B"
"TPB","10:32:32",17.45,-0.05,600,1061000,"B"
"TPB","10:31:09",17.45,-0.05,200,1060400,"B"
"TPB","10:30:54",17.45,-0.05,400,1060200,"S"
"TPB","10:30:26",17.4,-0.1,100,1059800,"B"
"TPB","10:30:25",17.4,-0.1,500,1059700,"B"
"TPB","10:30:25",17.45,-0.05,1300,1059200,"B"
"TPB","10:30:07",17.45,-0.05,800,1057900,"S"
"TPB","10:29:36",17.45,-0.05,300,1057100,"B"
"TPB","10:29:33",17.45,-0.05,100,1056800,"B"
"TPB","10:29:32",17.45,-0.05,1000,1056700,"B"
"TPB","10:29:23",17.45,-0.05,200,1055700,"B"
"TPB","10:29:21",17.45,-0.05,2100,1055500,"B"
"TPB","10:28:13",17.45,-0.05,400,1053400,"B"
"TPB","10:28:11",17.45,-0.05,4000,1053000,"S"
"TPB","10:28:03",17.45,-0.05,1100,1049000,"B"
"TPB","10:27:47",17.45,-0.05,800,1047900,"B"
"TPB","10:27:46",17.45,-0.05,8100,1047100,"S"
"TPB","10:26:47",17.45,-0.05,5000,1039000,"S"
"TPB","10:26:45",17.45,-0.05,100,1034000,"S"
"TPB","10:25:23",17.45,-0.05,200,1033900,"S"
"TPB","10:25:06",17.4,-0.1,500,1033700,"B"
"TPB","10:24:21",17.45,-0.05,200,1033200,"B"
"TPB","10:24:20",17.45,-0.05,6600,1033000,"B"
"TPB","10:24:19",17.45,-0.05,60000,1026400,"B"
"TPB","10:24:17",17.45,-0.05,100,966400,"B"
"TPB","10:24:16",17.45,-0.05,1000,966300,"B"
"TPB","10:24:10",17.45,-0.05,500,965300,"B"
"TPB","10:24:09",17.45,-0.05,5000,964800,"B"
"TPB","10:23:58",17.45,-0.05,3600,959800,"B"
"TPB","10:23:52",17.45,-0.05,200,956200,"B"
"TPB","10:23:51",17.45,-0.05,2000,956000,"B"
"TPB","10:23:31",17.45,-0.05,500,954000,"B"
"TPB","10:23:30",17.45,-0.05,5400,953500,"B"
"TPB","10:21:55",17.45,-0.05,100,948100,"B"
"TPB","10:21:38",17.45,-0.05,500,948000,"B"
"TPB","10:21:00",17.45,-0.05,100,947500,"B"
"TPB","10:20:59",17.45,-0.05,1500,947400,"B"
"TPB","10:20:37",17.45,-0.05,200,945900,"B"
"TPB","10:20:35",17.45,-0.05,2000,945700,"B"
"TPB","10:20:27",17.45,-0.05,200,943700,"B"
"TPB","10:20:25",17.45,-0.05,2200,943500,"B"
"TPB","10:20:25",17.45,-0.05,2200,941300,"B"
"TPB","10:20:24",17.45,-0.05,100,939100,"B"
"TPB","10:20:23",17.45,-0.05,1200,939000,"B"
"TPB","10:20:11",17.45,-0.05,200,937800,"B"
"TPB","10:20:09",17.45,-0.05,2200,937600,"B"
"TPB","10:19:42",17.45,-0.05,500,935400,"B"
"TPB","10:18:06",17.45,-0.05,300,934900,"B"
"TPB","10:16:55",17.45,-0.05,800,934600,"B"
"TPB","10:16:44",17.45,-0.05,500,933800,"B"
"TPB","10:16:43",17.45,-0.05,5000,933300,"B"
"TPB","10:16:07",17.45,-0.05,700,928300,"B"
"TPB","10:16:06",17.45,-0.05,6700,927600,"B"
"TPB","10:15:56",17.45,-0.05,100,920900,"B"
"TPB","10:13:17",17.5,0,200,920800,"S"
"TPB","10:12:44",17.5,0,100,920600,"S"
"TPB","10:11:04",17.5,0,100,920500,"S"
"TPB","10:10:40",17.5,0,500,920400,"S"
"TPB","10:10:05",17.5,0,500,919900,"S"
"TPB","10:09:57",17.5,0,100,919400,"S"
"TPB","10:09:57",17.45,-0.05,400,919300,"B"
"TPB","10:09:56",17.45,-0.05,4400,918900,"B"
"TPB","10:09:09",17.45,-0.05,200,914500,"B"
"TPB","10:09:08",17.45,-0.05,2100,914300,"B"
"TPB","10:07:46",17.45,-0.05,900,912200,"B"
"TPB","10:07:46",17.45,-0.05,4400,911300,"B"
"TPB","10:07:45",17.45,-0.05,4400,906900,"B"
"TPB","10:07:31",17.5,0,2000,902500,"S"
"TPB","10:07:07",17.5,0,2500,900500,"S"
"TPB","10:06:56",17.5,0,500,898000,"S"
"TPB","10:06:54",17.5,0,100,897500,"S"
"TPB","10:06:41",17.5,0,500,897400,"S"
"TPB","10:06:19",17.5,0,4000,896900,"S"
"TPB","10:06:16",17.5,0,200,892900,"S"
"TPB","10:05:55",17.5,0,500,892700,"S"
"TPB","10:05:45",17.5,0,2000,892200,"S"
"TPB","10:05:05",17.5,0,200,890200,"S"
"TPB","10:04:51",17.5,0,100,890000,"S"
"TPB","10:04:47",17.5,0,1000,889900,"S"
"TPB","10:03:10",17.45,-0.05,100,888900,"B"
"TPB","10:03:04",17.45,-0.05,200,888800,"B"
"TPB","10:03:04",17.45,-0.05,2600,888600,"B"
"TPB","10:02:25",17.45,-0.05,500,886000,"B"
"TPB","10:02:21",17.45,-0.05,100,885500,"B"
"TPB","10:02:20",17.45,-0.05,1000,885400,"B"
"TPB","10:01:34",17.45,-0.05,100,884400,"B"
"TPB","10:00:42",17.45,-0.05,100,884300,"B"
"TPB","10:00:41",17.45,-0.05,1000,884200,"B"
"TPB","10:00:07",17.5,0,500,883200,"S"
"TPB","09:59:53",17.45,-0.05,100,882700,"B"
"TPB","09:57:34",17.45,-0.05,600,882600,"B"
"TPB","09:57:25",17.5,0,300,882000,"S"
"TPB","09:57:21",17.5,0,100,881700,"S"
"TPB","09:56:06",17.5,0,100,881600,"B"
"TPB","09:56:05",17.5,0,40000,881500,"B"
"TPB","09:56:04",17.5,0,100,841500,"B"
"TPB","09:56:04",17.5,0,1000,841400,"B"
"TPB","09:56:00",17.5,0,100,840400,"B"
"TPB","09:55:59",17.5,0,1600,840300,"B"
"TPB","09:55:58",17.5,0,15000,838700,"B"
"TPB","09:55:52",17.5,0,300,823700,"B"
"TPB","09:55:51",17.5,0,3000,823400,"B"
"TPB","09:55:50",17.5,0,200,820400,"B"
"TPB","09:55:48",17.5,0,2000,820200,"B"
"TPB","09:55:45",17.5,0,100,818200,"B"
"TPB","09:55:43",17.5,0,1000,818100,"B"
"TPB","09:55:10",17.5,0,200,817100,"B"
"TPB","09:55:09",17.5,0,2200,816900,"B"
"TPB","09:55:07",17.5,0,100,814700,"B"
"TPB","09:54:47",17.5,0,100,814600,"B"
"TPB","09:54:46",17.5,0,1100,814500,"B"
"TPB","09:54:34",17.5,0,200,813400,"B"
"TPB","09:54:30",17.5,0,300,813200,"B"
"TPB","09:54:29",17.5,0,3500,812900,"B"
"TPB","09:54:15",17.5,0,100,809400,"B"
"TPB","09:54:13",17.5,0,1000,809300,"B"
"TPB","09:54:04",17.5,0,200,808300,"B"
"TPB","09:54:03",17.5,0,2000,808100,"B"
"TPB","09:53:21",17.5,0,200,806100,"B"
"TPB","09:53:21",17.5,0,2700,805900,"B"
"TPB","09:53:20",17.5,0,25000,803200,"B"
"TPB","09:53:12",17.55,0.05,2000,778200,"S"
"TPB","09:52:55",17.5,0,900,776200,"B"
"TPB","09:52:52",17.5,0,1100,775300,"B"
"TPB","09:52:43",17.5,0,100,774200,"B"
"TPB","09:52:27",17.5,0,200,774100,"B"
"TPB","09:52:26",17.5,0,2000,773900,"B"
"TPB","09:52:10",17.5,0,200,771900,"B"
"TPB","09:52:09",17.5,0,2000,771700,"B"
"TPB","09:52:08",17.55,0.05,100,769700,"S"
"TPB","09:52:02",17.5,0,100,769600,"B"
"TPB","09:51:38",17.5,0,100,769500,"B"
"TPB","09:50:57",17.5,0,800,769400,"B"
"TPB","09:50:51",17.5,0,600,768600,"B"
"TPB","09:50:50",17.5,0,5200,768000,"B"
"TPB","09:50:50",17.5,0,300,762800,"B"
"TPB","09:50:49",17.5,0,3500,762500,"B"
"TPB","09:50:48",17.5,0,2000,759000,"B"
"TPB","09:50:45",17.5,0,200,757000,"B"
"TPB","09:50:27",17.5,0,500,756800,"B"
"TPB","09:50:24",17.5,0,100,756300,"B"
"TPB","09:50:20",17.5,0,100,756200,"B"
"TPB","09:50:00",17.5,0,100,756100,"B"
"TPB","09:49:47",17.5,0,200,756000,"B"
"TPB","09:49:46",17.5,0,2000,755800,"B"
"TPB","09:49:21",17.5,0,100,753800,"B"
"TPB","09:49:20",17.5,0,1400,753700,"B"
"TPB","09:48:59",17.5,0,300,752300,"B"
"TPB","09:48:57",17.5,0,3300,752000,"B"
"TPB","09:48:55",17.5,0,100,748700,"B"
"TPB","09:47:59",17.5,0,500,748600,"B"
"TPB","09:47:58",17.5,0,5000,748100,"B"
"TPB","09:47:28",17.5,0,400,743100,"B"
"TPB","09:46:31",17.5,0,400,742700,"B"
"TPB","09:44:26",17.55,0.05,100,742300,"S"
"TPB","09:43:52",17.55,0.05,3000,742200,"S"
"TPB","09:43:03",17.5,0,100,739200,"B"
"TPB","09:42:55",17.5,0,300,739100,"B"
"TPB","09:42:55",17.5,0,3000,738800,"B"
"TPB","09:42:54",17.55,0.05,100,735800,"S"
"TPB","09:42:16",17.5,0,200,735700,"B"
"TPB","09:42:14",17.5,0,2200,735500,"B"
"TPB","09:42:13",17.5,0,500,733300,"B"
"TPB","09:41:40",17.5,0,200,732800,"B"
"TPB","09:41:06",17.55,0.05,100,732600,"S"
"TPB","09:40:05",17.55,0.05,50000,732500,"S"
"TPB","09:39:22",17.55,0.05,2400,682500,"S"
"TPB","09:39:07",17.55,0.05,2400,680100,"S"
"TPB","09:38:54",17.55,0.05,2400,677700,"S"
"TPB","09:38:48",17.5,0,200,675300,"B"
"TPB","09:38:37",17.55,0.05,2400,675100,"S"
"TPB","09:38:22",17.55,0.05,2400,672700,"S"
"TPB","09:38:12",17.5,0,300,670300,"B"
"TPB","09:38:10",17.5,0,3000,670000,"B"
"TPB","09:36:18",17.55,0.05,100,667000,"S"
"TPB","09:36:02",17.5,0,200,666900,"B"
"TPB","09:36:02",17.5,0,2000,666700,"B"
"TPB","09:35:38",17.5,0,200,664700,"B"
"TPB","09:35:37",17.5,0,2000,664500,"B"
"TPB","09:35:27",17.55,0.05,100,662500,"S"
"TPB","09:35:10",17.55,0.05,100,662400,"S"
"TPB","09:35:08",17.55,0.05,7200,662300,"B"
"TPB","09:34:40",17.55,0.05,100,655100,"B"
"TPB","09:34:39",17.55,0.05,1300,655000,"S"
"TPB","09:34:35",17.55,0.05,100,653700,"S"
"TPB","09:34:33",17.55,0.05,700,653600,"B"
"TPB","09:34:32",17.55,0.05,19300,652900,"S"
"TPB","09:34:20",17.55,0.05,9200,633600,"S"
"TPB","09:34:19",17.55,0.05,500,624400,"S"
"TPB","09:34:18",17.55,0.05,21500,623900,"S"
"TPB","09:34:11",17.55,0.05,10000,602400,"S"
"TPB","09:34:04",17.55,0.05,20000,592400,"S"
"TPB","09:33:53",17.55,0.05,3000,572400,"S"
"TPB","09:33:48",17.55,0.05,15600,569400,"B"
"TPB","09:33:18",17.55,0.05,600,553800,"B"
"TPB","09:33:17",17.55,0.05,6000,553200,"S"
"TPB","09:33:14",17.55,0.05,200,547200,"S"
"TPB","09:33:12",17.55,0.05,2000,547000,"S"
"TPB","09:33:10",17.55,0.05,600,545000,"S"
"TPB","09:33:06",17.55,0.05,16000,544400,"S"
"TPB","09:32:59",17.55,0.05,6600,528400,"S"
"TPB","09:32:56",17.55,0.05,1300,521800,"S"
"TPB","09:32:52",17.55,0.05,100,520500,"S"
"TPB","09:32:29",17.55,0.05,2000,520400,"S"
"TPB","09:32:29",17.55,0.05,19000,518400,"S"
"TPB","09:32:25",17.55,0.05,4900,499400,"S"
"TPB","09:32:22",17.55,0.05,100,494500,"S"
"TPB","09:32:21",17.55,0.05,2400,494400,"S"
"TPB","09:32:17",17.55,0.05,5000,492000,"S"
"TPB","09:32:14",17.55,0.05,20000,487000,"S"
"TPB","09:32:11",17.55,0.05,10000,467000,"S"
"TPB","09:32:02",17.55,0.05,9200,457000,"S"
"TPB","09:31:52",17.55,0.05,8200,447800,"S"
"TPB","09:31:44",17.55,0.05,10500,439600,"S"
"TPB","09:31:42",17.55,0.05,100,429100,"S"
"TPB","09:31:34",17.55,0.05,6900,429000,"B"
"TPB","09:31:08",17.55,0.05,300,422100,"B"
"TPB","09:31:06",17.55,0.05,5100,421800,"B"
"TPB","09:30:45",17.6,0.1,9200,416700,"S"
"TPB","09:30:45",17.55,0.05,11000,407500,"B"
"TPB","09:30:45",17.55,0.05,100000,396500,"B"
"TPB","09:30:36",17.6,0.1,20000,296500,"S"
"TPB","09:30:29",17.6,0.1,10000,276500,"S"
"TPB","09:30:24",17.55,0.05,100,266500,"B"
"TPB","09:30:01",17.55,0.05,100,266400,"B"
"TPB","09:30:00",17.55,0.05,1000,266300,"B"
"TPB","09:29:23",17.55,0.05,900,265300,"B"
"TPB","09:28:17",17.6,0.1,3100,264400,"B"
"TPB","09:28:10",17.6,0.1,200,261300,"B"
"TPB","09:27:21",17.55,0.05,500,261100,"B"
"TPB","09:27:19",17.55,0.05,3000,260600,"B"
"TPB","09:27:19",17.6,0.1,2000,257600,"B"
"TPB","09:27:12",17.65,0.15,2400,255600,"S"
"TPB","09:27:05",17.6,0.1,200,253200,"B"
"TPB","09:26:55",17.65,0.15,2200,253000,"S"
"TPB","09:26:55",17.6,0.1,200,250800,"S"
"TPB","09:26:49",17.6,0.1,100,250600,"S"
"TPB","09:26:46",17.55,0.05,2000,250500,"B"
"TPB","09:26:41",17.65,0.15,300,248500,"S"
"TPB","09:26:41",17.6,0.1,2100,248200,"S"
"TPB","09:26:37",17.6,0.1,26600,246100,"S"
"TPB","09:26:36",17.6,0.1,20900,219500,"S"
"TPB","09:26:32",17.6,0.1,200,198600,"S"
"TPB","09:26:26",17.6,0.1,2400,198400,"S"
"TPB","09:26:10",17.6,0.1,2400,196000,"S"
"TPB","09:26:03",17.6,0.1,100,193600,"S"
"TPB","09:25:53",17.6,0.1,500,193500,"S"
"TPB","09:25:18",17.6,0.1,2400,193000,"S"
"TPB","09:25:00",17.6,0.1,200,190600,"S"
"TPB","09:24:48",17.6,0.1,1000,190400,"S"
"TPB","09:24:28",17.6,0.1,400,189400,"S"
"TPB","09:24:22",17.6,0.1,6100,189000,"S"
"TPB","09:24:06",17.6,0.1,2500,182900,"S"
"TPB","09:24:06",17.6,0.1,6600,180400,"S"
"TPB","09:24:02",17.6,0.1,2400,173800,"S"
"TPB","09:23:59",17.6,0.1,10000,171400,"S"
"TPB","09:23:55",17.6,0.1,2000,161400,"S"
"TPB","09:23:50",17.6,0.1,2400,159400,"S"
"TPB","09:23:30",17.6,0.1,600,157000,"S"
"TPB","09:23:10",17.6,0.1,2000,156400,"S"
"TPB","09:22:44",17.6,0.1,100,154400,"S"
"TPB","09:22:40",17.55,0.05,200,154300,"B"
"TPB","09:22:22",17.55,0.05,200,154100,"B"
"TPB","09:21:44",17.55,0.05,100,153900,"B"
"TPB","09:21:28",17.55,0.05,2000,153800,"B"
"TPB","09:21:27",17.55,0.05,100,151800,"B"
"TPB","09:21:24",17.55,0.05,10000,151700,"B"
"TPB","09:21:24",17.6,0.1,500,141700,"S"
"TPB","09:21:09",17.55,0.05,10000,141200,"B"
"TPB","09:20:55",17.55,0.05,200,131200,"B"
"TPB","09:20:31",17.6,0.1,100,131000,"S"
"TPB","09:19:33",17.6,0.1,1000,130900,"S"
"TPB","09:19:16",17.55,0.05,2200,129900,"S"
"TPB","09:19:07",17.55,0.05,2400,127700,"S"
"TPB","09:19:05",17.55,0.05,500,125300,"S"
"TPB","09:18:58",17.55,0.05,500,124800,"S"
"TPB","09:18:37",17.55,0.05,5000,124300,"S"
"TPB","09:18:29",17.55,0.05,300,119300,"S"
"TPB","09:18:12",17.5,0,20000,119000,"B"
"TPB","09:18:09",17.5,0,200,99000,"B"
"TPB","09:17:48",17.5,0,100,98800,"B"
"TPB","09:17:30",17.5,0,100,98700,"B"
"TPB","09:17:14",17.5,0,3000,98600,"B"
"TPB","09:16:58",17.5,0,10000,95600,"B"
"TPB","09:16:47",17.5,0,7500,85600,"B"
"TPB","09:16:38",17.55,0.05,5000,78100,"S"
"TPB","09:16:30",17.55,0.05,1300,73100,"S"
"TPB","09:16:20",17.55,0.05,300,71800,"S"
"TPB","09:16:11",17.55,0.05,500,71500,"S"
"TPB","09:16:10",17.55,0.05,400,71000,"S"
"TPB","09:16:09",17.55,0.05,5000,70600,"S"
"TPB","09:16:03",17.55,0.05,200,65600,"S"
"TPB","09:15:51",17.55,0.05,2400,65400,"S"
"TPB","09:15:30",17.5,0,22200,63000,"B"
"TPB","09:15:01",17.5,0,40800,40800,
