"symbol","time","price","change","vol","total","side"
"TSC","14:45:02",3.8,-0.03,41900,2112200,
"TSC","14:29:22",3.8,-0.03,1900,2070300,"S"
"TSC","14:28:36",3.8,-0.03,55000,2068400,"B"
"TSC","14:28:19",3.8,-0.03,40000,2013400,"B"
"TSC","14:28:17",3.83,0,200,1973400,"S"
"TSC","14:28:15",3.8,-0.03,7500,1973200,"B"
"TSC","14:28:15",3.81,-0.02,800,1965700,"B"
"TSC","14:28:15",3.82,-0.01,10000,1964900,"B"
"TSC","14:27:04",3.83,0,100,1954900,"S"
"TSC","14:26:33",3.83,0,1000,1954800,"S"
"TSC","14:26:01",3.82,-0.01,2600,1953800,"S"
"TSC","14:25:55",3.82,-0.01,100,1951200,"S"
"TSC","14:25:38",3.82,-0.01,200,1951100,"S"
"TSC","14:25:25",3.82,-0.01,600,1950900,"S"
"TSC","14:24:49",3.81,-0.02,700,1950300,"S"
"TSC","14:24:47",3.81,-0.02,100,1949600,"S"
"TSC","14:24:28",3.81,-0.02,100,1949500,"B"
"TSC","14:23:18",3.8,-0.03,500,1949400,"B"
"TSC","14:22:41",3.8,-0.03,2400,1948900,"S"
"TSC","14:22:33",3.8,-0.03,5000,1946500,"S"
"TSC","14:22:28",3.8,-0.03,500,1941500,"S"
"TSC","14:21:53",3.8,-0.03,1000,1941000,"S"
"TSC","14:21:32",3.8,-0.03,5000,1940000,"S"
"TSC","14:21:27",3.8,-0.03,2700,1935000,"S"
"TSC","14:21:15",3.8,-0.03,10000,1932300,"S"
"TSC","14:20:58",3.8,-0.03,1000,1922300,"S"
"TSC","14:19:14",3.77,-0.06,400,1921300,"B"
"TSC","14:19:14",3.78,-0.05,3600,1920900,"B"
"TSC","14:19:14",3.8,-0.03,100,1917300,"S"
"TSC","14:18:33",3.8,-0.03,600,1917200,"S"
"TSC","14:18:18",3.8,-0.03,3800,1916600,"S"
"TSC","14:17:49",3.8,-0.03,500,1912800,"S"
"TSC","14:17:31",3.77,-0.06,3600,1912300,"B"
"TSC","14:16:50",3.78,-0.05,13500,1908700,"B"
"TSC","14:16:48",3.8,-0.03,2100,1895200,"S"
"TSC","14:16:25",3.79,-0.04,100,1893100,"B"
"TSC","14:16:07",3.79,-0.04,500,1893000,"B"
"TSC","14:12:50",3.77,-0.06,13300,1892500,"B"
"TSC","14:12:50",3.78,-0.05,31200,1879200,"B"
"TSC","14:12:50",3.79,-0.04,11500,1848000,"B"
"TSC","14:12:48",3.8,-0.03,100,1836500,"S"
"TSC","14:12:41",3.8,-0.03,3000,1836400,"S"
"TSC","14:12:12",3.8,-0.03,3800,1833400,"S"
"TSC","14:11:50",3.8,-0.03,2200,1829600,"S"
"TSC","14:11:28",3.8,-0.03,2000,1827400,"S"
"TSC","14:11:02",3.8,-0.03,20000,1825400,"S"
"TSC","14:08:42",3.8,-0.03,4000,1805400,"S"
"TSC","14:08:29",3.8,-0.03,1400,1801400,"S"
"TSC","14:08:16",3.8,-0.03,100,1800000,"S"
"TSC","14:08:09",3.8,-0.03,400,1799900,"S"
"TSC","14:07:50",3.79,-0.04,3600,1799500,"S"
"TSC","14:07:45",3.79,-0.04,200,1795900,"S"
"TSC","14:07:42",3.79,-0.04,100,1795700,"S"
"TSC","14:07:33",3.79,-0.04,38200,1795600,"S"
"TSC","14:07:17",3.79,-0.04,100,1757400,"S"
"TSC","14:07:00",3.78,-0.05,9900,1757300,"S"
"TSC","14:06:50",3.78,-0.05,500,1747400,"S"
"TSC","14:06:49",3.78,-0.05,1000,1746900,"S"
"TSC","14:06:41",3.77,-0.06,3500,1745900,"S"
"TSC","14:06:38",3.77,-0.06,30000,1742400,"S"
"TSC","14:06:35",3.77,-0.06,1000,1712400,"S"
"TSC","14:06:34",3.77,-0.06,1000,1711400,"S"
"TSC","14:06:32",3.77,-0.06,200,1710400,"S"
"TSC","14:06:28",3.77,-0.06,200,1710200,"S"
"TSC","14:06:28",3.77,-0.06,5000,1710000,"S"
"TSC","14:06:27",3.77,-0.06,1000,1705000,"S"
"TSC","14:06:25",3.77,-0.06,100,1704000,"S"
"TSC","14:06:22",3.77,-0.06,10000,1703900,"S"
"TSC","14:06:04",3.77,-0.06,200,1693900,"S"
"TSC","14:05:58",3.77,-0.06,500,1693700,"S"
"TSC","14:05:55",3.77,-0.06,700,1693200,"S"
"TSC","14:05:50",3.77,-0.06,1000,1692500,"S"
"TSC","14:05:42",3.76,-0.07,10000,1691500,"B"
"TSC","14:05:41",3.77,-0.06,200,1681500,"S"
"TSC","14:05:36",3.77,-0.06,400,1681300,"S"
"TSC","14:05:11",3.77,-0.06,2100,1680900,"S"
"TSC","14:05:05",3.77,-0.06,300,1678800,"S"
"TSC","14:05:04",3.77,-0.06,100,1678500,"S"
"TSC","14:04:43",3.77,-0.06,300,1678400,"S"
"TSC","14:04:33",3.77,-0.06,100,1678100,"S"
"TSC","14:04:31",3.77,-0.06,4200,1678000,"B"
"TSC","14:03:50",3.77,-0.06,400,1673800,"S"
"TSC","14:03:48",3.77,-0.06,500,1673400,"S"
"TSC","14:03:39",3.77,-0.06,1700,1672900,"B"
"TSC","14:03:14",3.77,-0.06,8000,1671200,"B"
"TSC","14:03:07",3.78,-0.05,100,1663200,"B"
"TSC","14:02:57",3.78,-0.05,900,1663100,"S"
"TSC","14:02:49",3.78,-0.05,4100,1662200,"B"
"TSC","14:02:49",3.78,-0.05,200,1658100,"B"
"TSC","14:02:42",3.78,-0.05,10000,1657900,"B"
"TSC","14:02:23",3.79,-0.04,500,1647900,"S"
"TSC","14:02:15",3.79,-0.04,2300,1647400,"B"
"TSC","14:01:13",3.8,-0.03,8300,1645100,"B"
"TSC","14:01:01",3.8,-0.03,1500,1636800,"B"
"TSC","14:00:41",3.81,-0.02,1100,1635300,"B"
"TSC","14:00:21",3.81,-0.02,3100,1634200,"B"
"TSC","13:59:51",3.81,-0.02,100,1631100,"B"
"TSC","13:59:50",3.81,-0.02,2000,1631000,"B"
"TSC","13:58:19",3.81,-0.02,500,1629000,"S"
"TSC","13:57:59",3.8,-0.03,6700,1628500,"S"
"TSC","13:57:56",3.8,-0.03,3000,1621800,"S"
"TSC","13:57:49",3.8,-0.03,300,1618800,"S"
"TSC","13:57:48",3.8,-0.03,500,1618500,"S"
"TSC","13:57:43",3.8,-0.03,13300,1618000,"S"
"TSC","13:57:28",3.8,-0.03,900,1604700,"S"
"TSC","13:57:27",3.8,-0.03,1000,1603800,"S"
"TSC","13:57:23",3.8,-0.03,5000,1602800,"S"
"TSC","13:57:17",3.8,-0.03,500,1597800,"S"
"TSC","13:57:16",3.8,-0.03,9400,1597300,"S"
"TSC","13:56:41",3.8,-0.03,25000,1587900,"S"
"TSC","13:56:14",3.8,-0.03,5000,1562900,"S"
"TSC","13:55:40",3.79,-0.04,19000,1557900,"S"
"TSC","13:55:29",3.78,-0.05,1500,1538900,"S"
"TSC","13:55:24",3.78,-0.05,1000,1537400,"S"
"TSC","13:55:18",3.78,-0.05,200,1536400,"S"
"TSC","13:55:11",3.78,-0.05,100,1536200,"S"
"TSC","13:54:55",3.78,-0.05,1000,1536100,"S"
"TSC","13:54:20",3.77,-0.06,100,1535100,"S"
"TSC","13:54:17",3.77,-0.06,200,1535000,"S"
"TSC","13:54:14",3.77,-0.06,100,1534800,"S"
"TSC","13:54:12",3.77,-0.06,100,1534700,"B"
"TSC","13:54:04",3.78,-0.05,100,1534600,"S"
"TSC","13:54:02",3.77,-0.06,11000,1534500,"B"
"TSC","13:53:32",3.78,-0.05,100,1523500,"S"
"TSC","13:53:13",3.78,-0.05,2400,1523400,"B"
"TSC","13:53:12",3.78,-0.05,1000,1521000,"B"
"TSC","13:53:07",3.78,-0.05,600,1520000,"S"
"TSC","13:53:06",3.77,-0.06,3000,1519400,"B"
"TSC","13:52:30",3.78,-0.05,12000,1516400,"B"
"TSC","13:52:22",3.79,-0.04,9100,1504400,"B"
"TSC","13:52:16",3.79,-0.04,1200,1495300,"B"
"TSC","13:52:15",3.79,-0.04,100,1494100,"B"
"TSC","13:52:03",3.79,-0.04,2000,1494000,"B"
"TSC","13:51:58",3.79,-0.04,600,1492000,"S"
"TSC","13:51:38",3.8,-0.03,3500,1491400,"S"
"TSC","13:51:38",3.79,-0.04,1500,1487900,"S"
"TSC","13:51:27",3.79,-0.04,300,1486400,"S"
"TSC","13:50:21",3.8,-0.03,500,1486100,"S"
"TSC","13:50:19",3.78,-0.05,8900,1485600,"B"
"TSC","13:50:11",3.79,-0.04,1100,1476700,"B"
"TSC","13:49:42",3.8,-0.03,900,1475600,"S"
"TSC","13:49:15",3.8,-0.03,1100,1474700,"S"
"TSC","13:49:15",3.79,-0.04,900,1473600,"S"
"TSC","13:49:09",3.79,-0.04,2000,1472700,"S"
"TSC","13:49:06",3.79,-0.04,11300,1470700,"B"
"TSC","13:47:26",3.79,-0.04,10000,1459400,"B"
"TSC","13:46:56",3.8,-0.03,2000,1449400,"S"
"TSC","13:46:40",3.79,-0.04,5000,1447400,"B"
"TSC","13:46:39",3.79,-0.04,100,1442400,"B"
"TSC","13:45:56",3.79,-0.04,4800,1442300,"S"
"TSC","13:45:51",3.79,-0.04,100,1437500,"S"
"TSC","13:45:50",3.79,-0.04,1000,1437400,"S"
"TSC","13:45:49",3.79,-0.04,1000,1436400,"S"
"TSC","13:45:30",3.79,-0.04,2000,1435400,"S"
"TSC","13:44:14",3.78,-0.05,5000,1433400,"B"
"TSC","13:43:58",3.78,-0.05,900,1428400,"B"
"TSC","13:43:45",3.78,-0.05,1000,1427500,"B"
"TSC","13:43:22",3.79,-0.04,500,1426500,"S"
"TSC","13:43:13",3.79,-0.04,200,1426000,"S"
"TSC","13:42:04",3.79,-0.04,2400,1425800,"B"
"TSC","13:41:55",3.79,-0.04,2000,1423400,"B"
"TSC","13:41:45",3.79,-0.04,200,1421400,"B"
"TSC","13:41:27",3.8,-0.03,1100,1421200,"B"
"TSC","13:41:12",3.8,-0.03,5000,1420100,"B"
"TSC","13:40:40",3.8,-0.03,15400,1415100,"B"
"TSC","13:40:40",3.81,-0.02,600,1399700,"S"
"TSC","13:40:26",3.81,-0.02,1000,1399100,"B"
"TSC","13:39:48",3.82,-0.01,100,1398100,"S"
"TSC","13:37:21",3.82,-0.01,1600,1398000,"S"
"TSC","13:37:21",3.81,-0.02,8400,1396400,"S"
"TSC","13:37:15",3.81,-0.02,1600,1388000,"B"
"TSC","13:37:04",3.81,-0.02,2600,1386400,"B"
"TSC","13:36:10",3.81,-0.02,100,1383800,"B"
"TSC","13:33:37",3.82,-0.01,100,1383700,"S"
"TSC","13:30:52",3.82,-0.01,100,1383600,"S"
"TSC","13:30:26",3.8,-0.03,600,1383500,"B"
"TSC","13:30:26",3.81,-0.02,800,1382900,"B"
"TSC","13:30:17",3.81,-0.02,4200,1382100,"S"
"TSC","13:29:33",3.8,-0.03,100,1377900,"S"
"TSC","13:29:30",3.8,-0.03,1000,1377800,"S"
"TSC","13:29:24",3.8,-0.03,3000,1376800,"S"
"TSC","13:29:16",3.8,-0.03,5000,1373800,"S"
"TSC","13:29:07",3.8,-0.03,100,1368800,"S"
"TSC","13:28:54",3.8,-0.03,200,1368700,"B"
"TSC","13:28:26",3.78,-0.05,10000,1368500,"B"
"TSC","13:28:16",3.8,-0.03,300,1358500,"S"
"TSC","13:28:11",3.8,-0.03,2000,1358200,"S"
"TSC","13:28:08",3.78,-0.05,500,1356200,"B"
"TSC","13:28:07",3.8,-0.03,100,1355700,"S"
"TSC","13:27:58",3.8,-0.03,500,1355600,"S"
"TSC","13:27:57",3.8,-0.03,2000,1355100,"S"
"TSC","13:27:46",3.8,-0.03,1000,1353100,"S"
"TSC","13:27:36",3.78,-0.05,2500,1352100,"B"
"TSC","13:26:16",3.77,-0.06,5100,1349600,"B"
"TSC","13:26:16",3.78,-0.05,9100,1344500,"B"
"TSC","13:26:16",3.79,-0.04,800,1335400,"B"
"TSC","13:26:06",3.79,-0.04,5200,1334600,"B"
"TSC","13:25:59",3.79,-0.04,100,1329400,"B"
"TSC","13:25:55",3.79,-0.04,1100,1329300,"B"
"TSC","13:25:54",3.79,-0.04,2000,1328200,"B"
"TSC","13:25:41",3.8,-0.03,21500,1326200,"B"
"TSC","13:25:25",3.8,-0.03,3000,1304700,"B"
"TSC","13:24:46",3.83,0,100,1301700,"S"
"TSC","13:24:41",3.8,-0.03,8400,1301600,"B"
"TSC","13:24:41",3.81,-0.02,4800,1293200,"B"
"TSC","13:24:28",3.81,-0.02,200,1288400,"S"
"TSC","13:24:24",3.8,-0.03,11200,1288200,"B"
"TSC","13:23:54",3.81,-0.02,1700,1277000,"B"
"TSC","13:23:53",3.81,-0.02,200,1275300,"B"
"TSC","13:23:36",3.81,-0.02,500,1275100,"B"
"TSC","13:23:31",3.82,-0.01,500,1274600,"S"
"TSC","13:23:25",3.82,-0.01,2000,1274100,"S"
"TSC","13:23:18",3.82,-0.01,100,1272100,"S"
"TSC","13:23:03",3.82,-0.01,900,1272000,"B"
"TSC","13:22:50",3.82,-0.01,2000,1271100,"B"
"TSC","13:22:05",3.82,-0.01,600,1269100,"B"
"TSC","13:22:05",3.83,0,12500,1268500,"B"
"TSC","13:21:30",3.83,0,1000,1256000,"B"
"TSC","13:21:12",3.84,0.01,500,1255000,"S"
"TSC","13:21:00",3.83,0,2000,1254500,"B"
"TSC","13:20:46",3.83,0,2500,1252500,"B"
"TSC","13:20:14",3.83,0,3000,1250000,"B"
"TSC","13:17:25",3.83,0,200,1247000,"S"
"TSC","13:17:25",3.83,0,1900,1246800,"B"
"TSC","13:15:47",3.83,0,100,1244900,"B"
"TSC","13:13:41",3.83,0,100,1244800,"B"
"TSC","13:12:29",3.82,-0.01,2800,1244700,"B"
"TSC","13:12:19",3.82,-0.01,2000,1241900,"B"
"TSC","13:11:34",3.82,-0.01,300,1239900,"S"
"TSC","13:11:28",3.82,-0.01,1000,1239600,"S"
"TSC","13:11:21",3.82,-0.01,700,1238600,"B"
"TSC","13:11:15",3.82,-0.01,1300,1237900,"S"
"TSC","13:11:10",3.82,-0.01,2700,1236600,"S"
"TSC","13:11:08",3.82,-0.01,400,1233900,"S"
"TSC","13:11:05",3.82,-0.01,4000,1233500,"S"
"TSC","13:10:39",3.82,-0.01,2000,1229500,"S"
"TSC","13:10:17",3.82,-0.01,1900,1227500,"S"
"TSC","13:10:17",3.81,-0.02,2000,1225600,"B"
"TSC","13:10:15",3.81,-0.02,2600,1223600,"B"
"TSC","13:10:03",3.82,-0.01,100,1221000,"S"
"TSC","13:09:52",3.82,-0.01,100,1220900,"B"
"TSC","13:09:52",3.83,0,500,1220800,"B"
"TSC","13:09:49",3.83,0,700,1220300,"S"
"TSC","13:09:47",3.83,0,700,1219600,"S"
"TSC","13:09:44",3.83,0,600,1218900,"B"
"TSC","13:09:33",3.83,0,1200,1218300,"S"
"TSC","13:09:28",3.83,0,100,1217100,"S"
"TSC","13:08:34",3.83,0,700,1217000,"S"
"TSC","13:07:32",3.81,-0.02,1000,1216300,"B"
"TSC","13:07:04",3.81,-0.02,3000,1215300,"S"
"TSC","13:06:41",3.8,-0.03,11800,1212300,"S"
"TSC","13:06:40",3.8,-0.03,2000,1200500,"S"
"TSC","13:06:28",3.8,-0.03,5000,1198500,"S"
"TSC","13:06:16",3.8,-0.03,100,1193500,"S"
"TSC","13:05:57",3.8,-0.03,1800,1193400,"S"
"TSC","13:05:52",3.8,-0.03,700,1191600,"S"
"TSC","13:05:50",3.8,-0.03,2000,1190900,"S"
"TSC","13:05:23",3.79,-0.04,2300,1188900,"S"
"TSC","13:05:22",3.79,-0.04,5000,1186600,"S"
"TSC","13:05:18",3.79,-0.04,5000,1181600,"S"
"TSC","13:05:12",3.79,-0.04,10000,1176600,"S"
"TSC","13:05:01",3.79,-0.04,1000,1166600,"S"
"TSC","13:04:46",3.79,-0.04,1700,1165600,"S"
"TSC","13:03:46",3.77,-0.06,5200,1163900,"S"
"TSC","13:03:41",3.77,-0.06,900,1158700,"S"
"TSC","13:03:20",3.77,-0.06,900,1157800,"B"
"TSC","13:03:14",3.77,-0.06,100,1156900,"S"
"TSC","13:03:06",3.77,-0.06,1900,1156800,"B"
"TSC","13:02:52",3.77,-0.06,100,1154900,"B"
"TSC","13:02:52",3.78,-0.05,7000,1154800,"B"
"TSC","13:02:52",3.79,-0.04,2900,1147800,"B"
"TSC","13:02:30",3.8,-0.03,100,1144900,"S"
"TSC","13:02:11",3.8,-0.03,3400,1144800,"S"
"TSC","13:01:59",3.8,-0.03,500,1141400,"S"
"TSC","13:01:16",3.8,-0.03,55900,1140900,"B"
"TSC","13:01:16",3.81,-0.02,20400,1085000,"B"
"TSC","13:01:16",3.82,-0.01,4500,1064600,"B"
"TSC","13:00:32",3.81,-0.02,2000,1060100,"B"
"TSC","13:00:32",3.82,-0.01,3500,1058100,"B"
"TSC","13:00:19",3.85,0.02,100,1054600,"S"
"TSC","13:00:10",3.85,0.02,3800,1054500,"S"
"TSC","13:00:10",3.84,0.01,1500,1050700,"S"
"TSC","13:00:07",3.82,-0.01,1400,1049200,"B"
"TSC","13:00:07",3.83,0,8600,1047800,"B"
"TSC","13:00:05",3.84,0.01,3500,1039200,"B"
"TSC","13:00:02",3.85,0.02,1500,1035700,"S"
"TSC","11:29:39",3.85,0.02,7500,1034200,"B"
"TSC","11:29:05",3.85,0.02,18800,1026700,"B"
"TSC","11:29:05",3.86,0.03,100,1007900,"B"
"TSC","11:29:05",3.86,0.03,1100,1007800,"B"
"TSC","11:29:01",3.86,0.03,3000,1006700,"B"
"TSC","11:28:33",3.86,0.03,5000,1003700,"B"
"TSC","11:27:47",3.86,0.03,3000,998700,"B"
"TSC","11:27:40",3.86,0.03,1000,995700,"B"
"TSC","11:27:09",3.86,0.03,800,994700,"B"
"TSC","11:26:54",3.86,0.03,2300,993900,"B"
"TSC","11:26:47",3.86,0.03,29200,991600,"B"
"TSC","11:26:47",3.87,0.04,2500,962400,"B"
"TSC","11:26:24",3.87,0.04,5000,959900,"B"
"TSC","11:25:34",3.88,0.05,18300,954900,"B"
"TSC","11:25:03",3.88,0.05,1000,936600,"B"
"TSC","11:24:13",3.89,0.06,500,935600,"S"
"TSC","11:23:42",3.89,0.06,1900,935100,"S"
"TSC","11:23:04",3.89,0.06,300,933200,"B"
"TSC","11:22:19",3.89,0.06,700,932900,"B"
"TSC","11:20:40",3.89,0.06,800,932200,"S"
"TSC","11:20:24",3.89,0.06,1200,931400,"S"
"TSC","11:19:53",3.89,0.06,1500,930200,"S"
"TSC","11:19:17",3.89,0.06,2000,928700,"S"
"TSC","11:18:53",3.89,0.06,600,926700,"S"
"TSC","11:17:59",3.89,0.06,1500,926100,"S"
"TSC","11:16:47",3.89,0.06,1000,924600,"S"
"TSC","11:15:15",3.89,0.06,6900,923600,"B"
"TSC","11:13:05",3.89,0.06,500,916700,"B"
"TSC","11:11:21",3.89,0.06,11900,916200,"B"
"TSC","11:08:04",3.89,0.06,1700,904300,"B"
"TSC","11:07:31",3.9,0.07,300,902600,"B"
"TSC","11:06:02",3.9,0.07,2700,902300,"S"
"TSC","11:05:52",3.9,0.07,1000,899600,"S"
"TSC","11:05:44",3.89,0.06,500,898600,"B"
"TSC","11:05:12",3.89,0.06,200,898100,"B"
"TSC","11:04:17",3.89,0.06,20000,897900,"B"
"TSC","11:03:30",3.9,0.07,3300,877900,"B"
"TSC","11:03:21",3.9,0.07,100,874600,"B"
"TSC","11:01:50",3.9,0.07,10000,874500,"B"
"TSC","11:01:44",3.9,0.07,200,864500,"B"
"TSC","11:01:27",3.9,0.07,100,864300,"B"
"TSC","11:00:52",3.9,0.07,100,864200,"B"
"TSC","11:00:30",3.9,0.07,1000,864100,"S"
"TSC","11:00:08",3.9,0.07,5000,863100,"S"
"TSC","10:59:38",3.9,0.07,8000,858100,"S"
"TSC","10:59:14",3.9,0.07,5000,850100,"S"
"TSC","10:58:57",3.9,0.07,100,845100,"S"
"TSC","10:58:53",3.9,0.07,100,845000,"S"
"TSC","10:58:50",3.9,0.07,10000,844900,"S"
"TSC","10:58:33",3.9,0.07,1600,834900,"S"
"TSC","10:58:20",3.9,0.07,1500,833300,"S"
"TSC","10:57:29",3.9,0.07,500,831800,"S"
"TSC","10:57:26",3.9,0.07,2200,831300,"B"
"TSC","10:57:12",3.9,0.07,1000,829100,"B"
"TSC","10:54:40",3.9,0.07,1000,828100,"B"
"TSC","10:53:39",3.9,0.07,500,827100,"S"
"TSC","10:51:54",3.89,0.06,100,826600,"B"
"TSC","10:51:17",3.9,0.07,4500,826500,"B"
"TSC","10:50:04",3.9,0.07,2000,822000,"B"
"TSC","10:48:42",3.9,0.07,10400,820000,"B"
"TSC","10:47:40",3.9,0.07,100,809600,"B"
"TSC","10:47:18",3.9,0.07,1000,809500,"B"
"TSC","10:46:25",3.9,0.07,3700,808500,"B"
"TSC","10:45:52",3.9,0.07,500,804800,"B"
"TSC","10:45:23",3.9,0.07,300,804300,"B"
"TSC","10:45:21",3.9,0.07,5800,804000,"S"
"TSC","10:45:18",3.9,0.07,10000,798200,"S"
"TSC","10:44:35",3.9,0.07,200,788200,"S"
"TSC","10:41:07",3.89,0.06,20000,788000,"B"
"TSC","10:40:11",3.89,0.06,3000,768000,"B"
"TSC","10:37:01",3.89,0.06,100,765000,"B"
"TSC","10:35:19",3.89,0.06,100,764900,"B"
"TSC","10:35:12",3.9,0.07,100,764800,"S"
"TSC","10:34:08",3.89,0.06,3600,764700,"S"
"TSC","10:34:01",3.89,0.06,100,761100,"S"
"TSC","10:32:59",3.89,0.06,2000,761000,"S"
"TSC","10:32:20",3.89,0.06,4300,759000,"S"
"TSC","10:32:07",3.9,0.07,3000,754700,"S"
"TSC","10:30:57",3.88,0.05,900,751700,"B"
"TSC","10:30:57",3.89,0.06,1100,750800,"B"
"TSC","10:30:52",3.89,0.06,2900,749700,"S"
"TSC","10:30:42",3.89,0.06,600,746800,"S"
"TSC","10:30:24",3.89,0.06,5000,746200,"S"
"TSC","10:29:19",3.88,0.05,1500,741200,"B"
"TSC","10:28:57",3.88,0.05,500,739700,"B"
"TSC","10:27:56",3.88,0.05,5000,729700,"B"
"TSC","10:25:21",3.89,0.06,100,724700,"S"
"TSC","10:24:59",3.89,0.06,800,724600,"S"
"TSC","10:23:22",3.89,0.06,100,723800,"B"
"TSC","10:23:20",3.89,0.06,2000,723700,"B"
"TSC","10:22:02",3.89,0.06,700,721700,"B"
"TSC","10:22:00",3.89,0.06,300,721000,"B"
"TSC","10:20:49",3.89,0.06,3000,720700,"B"
"TSC","10:20:10",3.89,0.06,5000,717700,"B"
"TSC","10:18:41",3.89,0.06,100,712700,"B"
"TSC","10:17:22",3.89,0.06,400,712600,"B"
"TSC","10:14:50",3.89,0.06,1000,712200,"B"
"TSC","10:14:40",3.89,0.06,5500,711200,"B"
"TSC","10:13:04",3.89,0.06,3200,705700,"S"
"TSC","10:12:54",3.89,0.06,2100,702500,"S"
"TSC","10:11:39",3.89,0.06,700,700400,"S"
"TSC","10:11:11",3.89,0.06,500,699700,"S"
"TSC","10:09:35",3.89,0.06,1000,699200,"S"
"TSC","10:09:09",3.89,0.06,3500,698200,"B"
"TSC","10:08:30",3.89,0.06,1000,694700,"B"
"TSC","10:07:26",3.89,0.06,5600,693700,"S"
"TSC","10:07:11",3.89,0.06,5000,688100,"S"
"TSC","10:06:57",3.89,0.06,1000,683100,"S"
"TSC","10:06:41",3.88,0.05,10000,682100,"B"
"TSC","10:06:32",3.88,0.05,1000,672100,"B"
"TSC","10:05:04",3.89,0.06,200,671100,"S"
"TSC","10:04:45",3.89,0.06,100,670900,"S"
"TSC","10:04:36",3.89,0.06,5000,670800,"S"
"TSC","10:04:23",3.89,0.06,500,665800,"S"
"TSC","10:04:12",3.89,0.06,400,665300,"S"
"TSC","10:04:08",3.89,0.06,700,664900,"S"
"TSC","10:03:55",3.89,0.06,200,664200,"S"
"TSC","10:03:39",3.89,0.06,200,664000,"S"
"TSC","10:03:32",3.89,0.06,5500,663800,"B"
"TSC","10:03:31",3.89,0.06,15600,658300,"B"
"TSC","10:03:18",3.9,0.07,1900,642700,"S"
"TSC","10:03:13",3.9,0.07,5600,640800,"S"
"TSC","10:02:33",3.89,0.06,200,635200,"B"
"TSC","10:02:26",3.89,0.06,1600,635000,"S"
"TSC","10:01:53",3.89,0.06,8500,633400,"B"
"TSC","10:01:43",3.89,0.06,10000,624900,"B"
"TSC","10:01:42",3.89,0.06,1000,614900,"B"
"TSC","10:01:18",3.9,0.07,1400,613900,"B"
"TSC","10:01:06",3.9,0.07,100,612500,"B"
"TSC","10:00:44",3.9,0.07,1000,612400,"B"
"TSC","10:00:19",3.9,0.07,3600,611400,"S"
"TSC","10:00:15",3.9,0.07,1400,607800,"B"
"TSC","10:00:04",3.9,0.07,1100,606400,"B"
"TSC","09:59:38",3.9,0.07,500,605300,"S"
"TSC","09:59:14",3.89,0.06,5000,604800,"B"
"TSC","09:58:50",3.89,0.06,6000,599800,"B"
"TSC","09:58:50",3.89,0.06,6800,593800,"B"
"TSC","09:58:38",3.9,0.07,700,587000,"S"
"TSC","09:58:28",3.89,0.06,1700,586300,"B"
"TSC","09:57:43",3.9,0.07,6500,584600,"B"
"TSC","09:57:30",3.9,0.07,1000,578100,"B"
"TSC","09:56:10",3.9,0.07,3000,577100,"S"
"TSC","09:54:56",3.89,0.06,300,574100,"B"
"TSC","09:54:04",3.89,0.06,1900,573800,"B"
"TSC","09:54:04",3.89,0.06,4100,571900,"B"
"TSC","09:53:09",3.9,0.07,1000,567800,"S"
"TSC","09:52:55",3.9,0.07,3100,566800,"B"
"TSC","09:52:42",3.9,0.07,16900,563700,"S"
"TSC","09:52:41",3.89,0.06,300,546800,"B"
"TSC","09:52:11",3.89,0.06,100,546500,"B"
"TSC","09:52:05",3.89,0.06,1000,546400,"B"
"TSC","09:51:44",3.89,0.06,600,545400,"B"
"TSC","09:51:10",3.9,0.07,5000,544800,"S"
"TSC","09:50:57",3.9,0.07,3600,539800,"S"
"TSC","09:50:51",3.9,0.07,5000,536200,"S"
"TSC","09:50:50",3.9,0.07,6000,531200,"B"
"TSC","09:50:43",3.9,0.07,10000,525200,"B"
"TSC","09:50:12",3.9,0.07,1000,515200,"B"
"TSC","09:50:08",3.92,0.09,1000,514200,"S"
"TSC","09:49:59",3.9,0.07,3100,513200,"S"
"TSC","09:49:54",3.9,0.07,5000,510100,"S"
"TSC","09:49:49",3.9,0.07,22600,505100,"S"
"TSC","09:49:45",3.9,0.07,1000,482500,"S"
"TSC","09:49:31",3.9,0.07,900,481500,"S"
"TSC","09:49:26",3.9,0.07,12000,480600,"B"
"TSC","09:49:26",3.91,0.08,400,468600,"B"
"TSC","09:49:17",3.92,0.09,10000,468200,"S"
"TSC","09:48:34",3.91,0.08,5000,458200,"B"
"TSC","09:48:25",3.91,0.08,200,453200,"B"
"TSC","09:48:17",3.91,0.08,300,453000,"B"
"TSC","09:48:13",3.91,0.08,5000,452700,"B"
"TSC","09:47:54",3.91,0.08,100,447700,"B"
"TSC","09:47:47",3.92,0.09,5000,447600,"S"
"TSC","09:47:16",3.91,0.08,2100,442600,"S"
"TSC","09:47:14",3.9,0.07,50000,440500,"B"
"TSC","09:46:57",3.9,0.07,5000,390500,"S"
"TSC","09:46:34",3.9,0.07,2000,385500,"S"
"TSC","09:46:27",3.9,0.07,18000,383500,"B"
"TSC","09:45:31",3.9,0.07,2000,365500,"S"
"TSC","09:45:12",3.9,0.07,300,363500,"S"
"TSC","09:45:10",3.9,0.07,10000,363200,"S"
"TSC","09:44:31",3.9,0.07,17900,353200,"B"
"TSC","09:43:42",3.9,0.07,500,335300,"B"
"TSC","09:43:23",3.9,0.07,6900,334800,"B"
"TSC","09:43:07",3.9,0.07,100,327900,"B"
"TSC","09:42:49",3.9,0.07,300,327800,"B"
"TSC","09:42:49",3.91,0.08,200,327500,"B"
"TSC","09:42:14",3.9,0.07,7500,327300,"B"
"TSC","09:42:14",3.91,0.08,6000,319800,"B"
"TSC","09:42:14",3.92,0.09,6500,313800,"B"
"TSC","09:42:13",3.92,0.09,100,307300,"B"
"TSC","09:41:48",3.92,0.09,500,307200,"S"
"TSC","09:41:30",3.93,0.1,6400,306700,"S"
"TSC","09:41:30",3.92,0.09,3600,300300,"S"
"TSC","09:41:06",3.92,0.09,4000,296700,"S"
"TSC","09:41:03",3.91,0.08,500,292700,"B"
"TSC","09:41:02",3.91,0.08,300,292200,"B"
"TSC","09:40:58",3.91,0.08,5000,291900,"B"
"TSC","09:40:53",3.91,0.08,1000,286900,"B"
"TSC","09:40:51",3.91,0.08,200,285900,"B"
"TSC","09:40:28",3.9,0.07,8400,285700,"S"
"TSC","09:39:42",3.9,0.07,34900,277300,"B"
"TSC","09:39:42",3.91,0.08,7700,242400,"B"
"TSC","09:39:42",3.92,0.09,2500,234700,"B"
"TSC","09:39:17",3.93,0.1,1000,232200,"S"
"TSC","09:39:00",3.92,0.09,300,231200,"B"
"TSC","09:38:57",3.92,0.09,2200,230900,"S"
"TSC","09:38:31",3.92,0.09,500,228700,"B"
"TSC","09:38:18",3.92,0.09,500,228200,"B"
"TSC","09:38:07",3.92,0.09,1700,227700,"S"
"TSC","09:38:06",3.91,0.08,500,226000,"B"
"TSC","09:38:03",3.91,0.08,1000,225500,"B"
"TSC","09:37:48",3.91,0.08,1000,224500,"B"
"TSC","09:37:30",3.91,0.08,1000,223500,"S"
"TSC","09:37:24",3.9,0.07,1100,222500,"B"
"TSC","09:37:11",3.9,0.07,17800,221400,"S"
"TSC","09:36:54",3.9,0.07,9400,203600,"S"
"TSC","09:36:54",3.89,0.06,600,194200,"S"
"TSC","09:36:54",3.89,0.06,5000,193600,"S"
"TSC","09:36:47",3.89,0.06,1000,188600,"S"
"TSC","09:36:31",3.88,0.05,1700,187600,"S"
"TSC","09:36:24",3.88,0.05,3000,185900,"S"
"TSC","09:36:01",3.85,0.02,3000,182900,"S"
"TSC","09:35:56",3.85,0.02,2000,179900,"B"
"TSC","09:35:42",3.85,0.02,3000,177900,"B"
"TSC","09:31:37",3.83,0,10000,174900,"B"
"TSC","09:30:47",3.83,0,100,164900,"B"
"TSC","09:29:44",3.9,0.07,7000,164800,"S"
"TSC","09:29:44",3.89,0.06,500,157800,"S"
"TSC","09:29:44",3.85,0.02,200,157300,"S"
"TSC","09:29:29",3.83,0,100,154800,"B"
"TSC","09:28:44",3.82,-0.01,7800,154700,"B"
"TSC","09:28:44",3.83,0,200,146900,"B"
"TSC","09:28:44",3.83,0,41800,146700,"S"
"TSC","09:27:55",3.83,0,500,104900,"S"
"TSC","09:27:37",3.83,0,1100,104400,"S"
"TSC","09:27:36",3.83,0,100,103300,"S"
"TSC","09:27:35",3.83,0,200,103200,"S"
"TSC","09:27:20",3.83,0,4600,103000,"S"
"TSC","09:27:05",3.83,0,200,98400,"S"
"TSC","09:26:57",3.83,0,800,98200,"S"
"TSC","09:26:47",3.83,0,1000,97400,"S"
"TSC","09:26:34",3.83,0,100,96400,"S"
"TSC","09:26:33",3.82,-0.01,100,96300,"B"
"TSC","09:26:26",3.83,0,2300,96200,"S"
"TSC","09:26:06",3.83,0,16100,93900,"S"
"TSC","09:25:59",3.82,-0.01,100,77800,"B"
"TSC","09:22:54",3.81,-0.02,3600,77700,"S"
"TSC","09:22:48",3.81,-0.02,1000,74100,"S"
"TSC","09:22:41",3.81,-0.02,100,73100,"S"
"TSC","09:22:39",3.81,-0.02,4000,73000,"S"
"TSC","09:22:37",3.81,-0.02,100,69000,"S"
"TSC","09:22:35",3.81,-0.02,2500,68900,"S"
"TSC","09:22:26",3.81,-0.02,10000,66400,"S"
"TSC","09:22:24",3.81,-0.02,5000,56400,"S"
"TSC","09:22:19",3.81,-0.02,100,51400,"S"
"TSC","09:22:07",3.81,-0.02,100,51300,"S"
"TSC","09:21:55",3.81,-0.02,10000,51200,"S"
"TSC","09:21:31",3.8,-0.03,5000,41200,"B"
"TSC","09:21:00",3.81,-0.02,100,36200,"S"
"TSC","09:20:59",3.81,-0.02,5200,36100,"B"
"TSC","09:19:58",3.82,-0.01,300,30900,"B"
"TSC","09:19:28",3.83,0,1000,30600,"S"
"TSC","09:19:24",3.82,-0.01,100,29600,"B"
"TSC","09:18:00",3.83,0,3000,29500,"S"
"TSC","09:17:40",3.83,0,2800,26500,"S"
"TSC","09:17:02",3.83,0,3000,23700,"S"
"TSC","09:16:49",3.82,-0.01,100,20700,"B"
"TSC","09:16:48",3.83,0,14100,20600,"B"
"TSC","09:15:51",3.84,0.01,2700,6500,"B"
"TSC","09:15:02",3.84,0.01,3800,3800,
