"symbol","time","price","change","vol","total","side"
"TTF","14:45:02",4.11,0.05,86300,6099600,
"TTF","14:29:53",4.13,0.07,4400,6013300,"B"
"TTF","14:29:53",4.14,0.08,900,6008900,"B"
"TTF","14:29:12",4.13,0.07,1000,6008000,"B"
"TTF","14:28:58",4.13,0.07,1600,6007000,"B"
"TTF","14:28:58",4.15,0.09,8400,6005400,"B"
"TTF","14:28:56",4.15,0.09,1600,5997000,"S"
"TTF","14:28:34",4.13,0.07,4000,5995400,"B"
"TTF","14:28:34",4.14,0.08,1200,5991400,"B"
"TTF","14:28:33",4.14,0.08,800,5990200,"B"
"TTF","14:28:29",4.15,0.09,500,5989400,"S"
"TTF","14:28:25",4.15,0.09,2000,5988900,"S"
"TTF","14:28:14",4.14,0.08,100,5986900,"B"
"TTF","14:28:11",4.15,0.09,300,5986800,"S"
"TTF","14:28:07",4.15,0.09,3100,5986500,"B"
"TTF","14:27:52",4.15,0.09,500,5983400,"B"
"TTF","14:27:48",4.15,0.09,8000,5982900,"B"
"TTF","14:27:35",4.15,0.09,2700,5974900,"B"
"TTF","14:27:21",4.16,0.1,2500,5972200,"S"
"TTF","14:26:43",4.16,0.1,4800,5969700,"B"
"TTF","14:26:31",4.16,0.1,1000,5964900,"B"
"TTF","14:26:15",4.16,0.1,10000,5963900,"B"
"TTF","14:25:53",4.16,0.1,200,5953900,"S"
"TTF","14:25:28",4.15,0.09,100,5953700,"B"
"TTF","14:25:28",4.16,0.1,20000,5953600,"S"
"TTF","14:25:18",4.16,0.1,1000,5933600,"S"
"TTF","14:25:18",4.15,0.09,500,5932600,"B"
"TTF","14:25:10",4.16,0.1,1000,5932100,"S"
"TTF","14:24:56",4.16,0.1,100,5931100,"S"
"TTF","14:24:42",4.16,0.1,900,5931000,"S"
"TTF","14:24:35",4.15,0.09,900,5921000,"B"
"TTF","14:24:25",4.15,0.09,1100,5920100,"S"
"TTF","14:24:24",4.15,0.09,1000,5919000,"S"
"TTF","14:24:22",4.15,0.09,8400,5918000,"S"
"TTF","14:24:06",4.15,0.09,3000,5909600,"S"
"TTF","14:23:44",4.15,0.09,2000,5906600,"S"
"TTF","14:23:12",4.15,0.09,1000,5904600,"S"
"TTF","14:23:07",4.14,0.08,400,5903600,"S"
"TTF","14:22:59",4.14,0.08,600,5903200,"S"
"TTF","14:22:30",4.14,0.08,5000,5902600,"B"
"TTF","14:22:20",4.14,0.08,1000,5897600,"S"
"TTF","14:22:09",4.14,0.08,300,5896600,"S"
"TTF","14:21:58",4.14,0.08,2000,5896300,"S"
"TTF","14:21:57",4.14,0.08,300,5894300,"S"
"TTF","14:21:36",4.13,0.07,5000,5894000,"B"
"TTF","14:21:36",4.14,0.08,500,5889000,"S"
"TTF","14:21:27",4.14,0.08,10000,5888500,"S"
"TTF","14:21:24",4.13,0.07,300,5878500,"B"
"TTF","14:20:59",4.13,0.07,3300,5878200,"S"
"TTF","14:20:57",4.13,0.07,3000,5874900,"S"
"TTF","14:20:47",4.13,0.07,2500,5871900,"S"
"TTF","14:20:39",4.13,0.07,500,5869400,"S"
"TTF","14:19:19",4.12,0.06,10000,5868900,"B"
"TTF","14:19:13",4.12,0.06,1000,5858900,"B"
"TTF","14:19:00",4.12,0.06,100,5857900,"B"
"TTF","14:18:53",4.12,0.06,13500,5857800,"S"
"TTF","14:18:47",4.12,0.06,1000,5844300,"S"
"TTF","14:18:23",4.11,0.05,4000,5843300,"B"
"TTF","14:18:14",4.11,0.05,1000,5839300,"B"
"TTF","14:17:27",4.11,0.05,4000,5838300,"B"
"TTF","14:17:02",4.11,0.05,500,5834300,"B"
"TTF","14:16:53",4.12,0.06,300,5833800,"S"
"TTF","14:16:52",4.12,0.06,5000,5833500,"S"
"TTF","14:16:44",4.12,0.06,700,5828500,"S"
"TTF","14:16:40",4.12,0.06,500,5827800,"B"
"TTF","14:15:56",4.12,0.06,100,5827300,"B"
"TTF","14:15:44",4.12,0.06,600,5827200,"B"
"TTF","14:14:17",4.13,0.07,1300,5826600,"S"
"TTF","14:13:48",4.13,0.07,5000,5825300,"S"
"TTF","14:13:28",4.12,0.06,6000,5820300,"S"
"TTF","14:13:15",4.11,0.05,2600,5814300,"B"
"TTF","14:13:04",4.11,0.05,100,5811700,"B"
"TTF","14:12:48",4.11,0.05,3000,5811600,"B"
"TTF","14:12:11",4.11,0.05,2000,5808600,"B"
"TTF","14:11:28",4.11,0.05,100,5806600,"B"
"TTF","14:11:28",4.12,0.06,900,5806500,"B"
"TTF","14:11:06",4.12,0.06,100,5805600,"B"
"TTF","14:11:04",4.12,0.06,1000,5805500,"B"
"TTF","14:11:00",4.12,0.06,200,5804500,"B"
"TTF","14:10:33",4.12,0.06,3000,5804300,"B"
"TTF","14:07:39",4.11,0.05,4300,5801300,"S"
"TTF","14:07:25",4.11,0.05,200,5797000,"S"
"TTF","14:07:12",4.11,0.05,500,5796800,"B"
"TTF","14:06:15",4.1,0.04,400,5796300,"S"
"TTF","14:06:14",4.1,0.04,100,5795900,"S"
"TTF","14:06:07",4.1,0.04,200,5795800,"S"
"TTF","14:06:07",4.1,0.04,3000,5795600,"S"
"TTF","14:06:05",4.1,0.04,3000,5792600,"S"
"TTF","14:06:03",4.1,0.04,3000,5789600,"S"
"TTF","14:06:01",4.1,0.04,100,5786600,"S"
"TTF","14:05:49",4.1,0.04,1000,5786500,"S"
"TTF","14:05:42",4.1,0.04,600,5785500,"S"
"TTF","14:05:01",4.09,0.03,5300,5784900,"S"
"TTF","14:04:30",4.09,0.03,4700,5779600,"B"
"TTF","14:04:10",4.09,0.03,100,5774900,"B"
"TTF","14:04:03",4.09,0.03,900,5774800,"B"
"TTF","14:03:50",4.1,0.04,200,5773900,"S"
"TTF","14:02:32",4.1,0.04,11400,5773700,"B"
"TTF","14:02:31",4.1,0.04,1000,5762300,"B"
"TTF","14:02:23",4.1,0.04,3400,5761300,"B"
"TTF","14:02:23",4.11,0.05,400,5757900,"B"
"TTF","14:02:17",4.1,0.04,1000,5757500,"B"
"TTF","14:01:59",4.1,0.04,2000,5756500,"B"
"TTF","14:01:36",4.1,0.04,4500,5754500,"B"
"TTF","14:01:36",4.12,0.06,1000,5750000,"B"
"TTF","14:01:31",4.13,0.07,100,5749000,"S"
"TTF","14:01:19",4.13,0.07,900,5748900,"B"
"TTF","14:01:13",4.13,0.07,100,5748000,"B"
"TTF","14:00:53",4.14,0.08,2900,5747900,"B"
"TTF","14:00:51",4.14,0.08,5000,5745000,"B"
"TTF","14:00:46",4.14,0.08,400,5740000,"B"
"TTF","14:00:30",4.14,0.08,1200,5739600,"B"
"TTF","14:00:05",4.14,0.08,6000,5738400,"B"
"TTF","13:59:54",4.15,0.09,1000,5732400,"B"
"TTF","13:59:46",4.15,0.09,5000,5731400,"B"
"TTF","13:59:29",4.15,0.09,100,5726400,"B"
"TTF","13:59:22",4.15,0.09,3000,5726300,"B"
"TTF","13:58:55",4.15,0.09,800,5723300,"B"
"TTF","13:58:55",4.16,0.1,200,5722500,"B"
"TTF","13:58:51",4.17,0.11,100,5722300,"S"
"TTF","13:58:43",4.16,0.1,1200,5722200,"S"
"TTF","13:58:18",4.15,0.09,1000,5721000,"B"
"TTF","13:58:13",4.15,0.09,5100,5720000,"S"
"TTF","13:58:04",4.15,0.09,5000,5714900,"S"
"TTF","13:57:51",4.15,0.09,200,5709900,"S"
"TTF","13:57:38",4.15,0.09,600,5709700,"S"
"TTF","13:57:24",4.14,0.08,8000,5709100,"S"
"TTF","13:57:02",4.14,0.08,500,5701100,"S"
"TTF","13:56:24",4.15,0.09,24400,5700600,"S"
"TTF","13:56:24",4.14,0.08,8000,5676200,"S"
"TTF","13:56:24",4.13,0.07,7600,5668200,"S"
"TTF","13:55:46",4.13,0.07,4400,5660600,"S"
"TTF","13:55:46",4.12,0.06,600,5656200,"S"
"TTF","13:55:40",4.12,0.06,300,5655600,"S"
"TTF","13:55:33",4.12,0.06,1000,5655300,"S"
"TTF","13:55:32",4.12,0.06,200,5654300,"S"
"TTF","13:55:23",4.1,0.04,400,5654100,"B"
"TTF","13:55:02",4.1,0.04,300,5653700,"B"
"TTF","13:54:49",4.1,0.04,100,5653400,"S"
"TTF","13:54:47",4.1,0.04,2000,5653300,"S"
"TTF","13:54:06",4.1,0.04,200,5651300,"S"
"TTF","13:54:05",4.1,0.04,1100,5651100,"S"
"TTF","13:53:52",4.1,0.04,1000,5650000,"S"
"TTF","13:53:37",4.1,0.04,300,5649000,"S"
"TTF","13:53:32",4.1,0.04,300,5648700,"S"
"TTF","13:53:14",4.09,0.03,3000,5648400,"B"
"TTF","13:53:12",4.09,0.03,6000,5645400,"B"
"TTF","13:52:59",4.1,0.04,1000,5639400,"S"
"TTF","13:52:53",4.1,0.04,1000,5638400,"S"
"TTF","13:52:52",4.09,0.03,1000,5637400,"B"
"TTF","13:52:50",4.09,0.03,2000,5636400,"B"
"TTF","13:52:50",4.1,0.04,1000,5634400,"S"
"TTF","13:52:18",4.09,0.03,10000,5633400,"S"
"TTF","13:52:00",4.08,0.02,3000,5623400,"B"
"TTF","13:51:54",4.08,0.02,5000,5620400,"B"
"TTF","13:51:41",4.08,0.02,3500,5615400,"B"
"TTF","13:51:41",4.09,0.03,26500,5611900,"B"
"TTF","13:51:19",4.1,0.04,400,5585400,"S"
"TTF","13:51:18",4.1,0.04,6000,5585000,"B"
"TTF","13:51:06",4.1,0.04,5300,5579000,"B"
"TTF","13:51:01",4.1,0.04,2000,5573700,"B"
"TTF","13:51:00",4.1,0.04,50000,5571700,"B"
"TTF","13:50:58",4.11,0.05,1000,5521700,"S"
"TTF","13:50:48",4.1,0.04,1000,5520700,"B"
"TTF","13:50:39",4.12,0.06,100,5519700,"S"
"TTF","13:50:39",4.1,0.04,3000,5519600,"B"
"TTF","13:50:34",4.1,0.04,7900,5516600,"B"
"TTF","13:50:34",4.11,0.05,24100,5508700,"B"
"TTF","13:50:30",4.12,0.06,6000,5484600,"S"
"TTF","13:50:01",4.12,0.06,100,5478600,"B"
"TTF","13:50:00",4.12,0.06,1900,5478500,"S"
"TTF","13:49:55",4.12,0.06,100,5476600,"B"
"TTF","13:49:54",4.12,0.06,1900,5476500,"B"
"TTF","13:49:47",4.12,0.06,3200,5474600,"B"
"TTF","13:49:17",4.12,0.06,6800,5471400,"S"
"TTF","13:48:56",4.11,0.05,100,5464600,"B"
"TTF","13:48:06",4.11,0.05,11100,5464500,"S"
"TTF","13:47:53",4.1,0.04,2000,5453400,"B"
"TTF","13:47:46",4.1,0.04,500,5451400,"B"
"TTF","13:47:26",4.1,0.04,6000,5450900,"B"
"TTF","13:47:20",4.1,0.04,8000,5444900,"B"
"TTF","13:46:39",4.11,0.05,17200,5436900,"B"
"TTF","13:46:31",4.12,0.06,1500,5419700,"S"
"TTF","13:46:30",4.11,0.05,40000,5418200,"B"
"TTF","13:46:25",4.12,0.06,5200,5378200,"S"
"TTF","13:46:22",4.12,0.06,2000,5373000,"S"
"TTF","13:46:17",4.12,0.06,2000,5371000,"S"
"TTF","13:46:05",4.11,0.05,3000,5369000,"B"
"TTF","13:45:42",4.12,0.06,10000,5366000,"S"
"TTF","13:45:36",4.11,0.05,300,5356000,"B"
"TTF","13:45:22",4.12,0.06,1000,5355700,"S"
"TTF","13:45:09",4.12,0.06,100,5354700,"S"
"TTF","13:44:58",4.12,0.06,100,5354600,"S"
"TTF","13:44:24",4.11,0.05,9400,5354500,"B"
"TTF","13:44:24",4.12,0.06,1800,5345100,"S"
"TTF","13:43:56",4.12,0.06,1400,5343300,"B"
"TTF","13:43:54",4.12,0.06,3600,5341900,"S"
"TTF","13:43:40",4.12,0.06,1000,5338300,"S"
"TTF","13:43:28",4.12,0.06,200,5337300,"S"
"TTF","13:43:13",4.12,0.06,2400,5337100,"S"
"TTF","13:42:57",4.12,0.06,5000,5334700,"S"
"TTF","13:42:51",4.11,0.05,1000,5329700,"B"
"TTF","13:42:50",4.12,0.06,1000,5328700,"S"
"TTF","13:42:49",4.12,0.06,1600,5327700,"B"
"TTF","13:42:41",4.12,0.06,4000,5326100,"B"
"TTF","13:42:39",4.13,0.07,100,5322100,"S"
"TTF","13:42:26",4.12,0.06,600,5322000,"S"
"TTF","13:42:24",4.12,0.06,400,5321400,"B"
"TTF","13:42:18",4.12,0.06,5400,5321000,"B"
"TTF","13:42:15",4.12,0.06,200,5315600,"B"
"TTF","13:41:32",4.12,0.06,900,5315400,"B"
"TTF","13:41:26",4.12,0.06,100,5314500,"B"
"TTF","13:41:06",4.12,0.06,100,5314400,"B"
"TTF","13:40:52",4.12,0.06,1500,5314300,"B"
"TTF","13:40:37",4.12,0.06,100,5312800,"B"
"TTF","13:39:41",4.12,0.06,800,5312700,"S"
"TTF","13:39:36",4.12,0.06,100,5311900,"S"
"TTF","13:39:20",4.12,0.06,100,5311800,"B"
"TTF","13:38:46",4.12,0.06,900,5311700,"S"
"TTF","13:38:42",4.12,0.06,1600,5310800,"S"
"TTF","13:38:32",4.12,0.06,5000,5309200,"S"
"TTF","13:38:27",4.12,0.06,5000,5304200,"S"
"TTF","13:38:17",4.12,0.06,700,5299200,"S"
"TTF","13:38:07",4.12,0.06,5000,5298500,"S"
"TTF","13:37:41",4.12,0.06,4100,5293500,"S"
"TTF","13:37:15",4.12,0.06,2000,5289400,"S"
"TTF","13:36:42",4.12,0.06,700,5287400,"B"
"TTF","13:36:33",4.12,0.06,300,5286700,"S"
"TTF","13:36:31",4.11,0.05,1300,5286400,"B"
"TTF","13:36:31",4.11,0.05,13900,5285100,"B"
"TTF","13:36:17",4.12,0.06,1300,5271200,"B"
"TTF","13:36:15",4.12,0.06,1000,5269900,"B"
"TTF","13:36:15",4.12,0.06,5000,5268900,"B"
"TTF","13:36:11",4.12,0.06,600,5263900,"B"
"TTF","13:36:10",4.12,0.06,6000,5263300,"B"
"TTF","13:36:09",4.13,0.07,1000,5257300,"S"
"TTF","13:36:09",4.12,0.06,2000,5256300,"B"
"TTF","13:35:19",4.13,0.07,32500,5254300,"B"
"TTF","13:34:16",4.14,0.08,900,5221800,"S"
"TTF","13:33:58",4.14,0.08,100,5220900,"B"
"TTF","13:33:57",4.15,0.09,1800,5220800,"S"
"TTF","13:33:55",4.14,0.08,500,5219000,"B"
"TTF","13:33:34",4.14,0.08,500,5218500,"S"
"TTF","13:32:54",4.14,0.08,5000,5218000,"S"
"TTF","13:32:49",4.14,0.08,14500,5213000,"B"
"TTF","13:32:06",4.14,0.08,5000,5198500,"S"
"TTF","13:32:01",4.14,0.08,5000,5193500,"S"
"TTF","13:31:53",4.15,0.09,200,5188500,"S"
"TTF","13:31:32",4.13,0.07,10900,5188300,"B"
"TTF","13:31:20",4.13,0.07,57700,5177400,"S"
"TTF","13:31:07",4.13,0.07,1000,5119700,"S"
"TTF","13:31:06",4.13,0.07,1000,5118700,"S"
"TTF","13:30:56",4.13,0.07,5000,5117700,"S"
"TTF","13:30:47",4.13,0.07,500,5112700,"S"
"TTF","13:30:43",4.13,0.07,200,5112200,"S"
"TTF","13:30:42",4.13,0.07,1000,5112000,"S"
"TTF","13:30:22",4.13,0.07,100,5111000,"S"
"TTF","13:30:18",4.12,0.06,1400,5110900,"B"
"TTF","13:30:09",4.13,0.07,1000,5109500,"S"
"TTF","13:29:57",4.13,0.07,1700,5108500,"S"
"TTF","13:29:32",4.12,0.06,100,5106800,"B"
"TTF","13:28:48",4.12,0.06,4300,5106700,"S"
"TTF","13:28:44",4.12,0.06,10000,5102400,"S"
"TTF","13:28:24",4.12,0.06,10000,5092400,"S"
"TTF","13:28:14",4.1,0.04,3000,5082400,"B"
"TTF","13:27:19",4.13,0.07,400,5079400,"S"
"TTF","13:27:19",4.12,0.06,600,5079000,"S"
"TTF","13:27:11",4.12,0.06,500,5078400,"B"
"TTF","13:27:01",4.12,0.06,800,5077900,"S"
"TTF","13:26:57",4.11,0.05,100,5077100,"B"
"TTF","13:26:46",4.12,0.06,200,5077000,"S"
"TTF","13:26:46",4.11,0.05,800,5076800,"S"
"TTF","13:26:40",4.11,0.05,200,5076000,"S"
"TTF","13:26:38",4.1,0.04,3700,5075800,"S"
"TTF","13:26:27",4.1,0.04,5000,5072100,"S"
"TTF","13:26:12",4.1,0.04,3900,5067100,"S"
"TTF","13:26:12",4.1,0.04,2100,5063200,"S"
"TTF","13:26:07",4.09,0.03,1000,5061100,"B"
"TTF","13:25:52",4.09,0.03,8100,5060100,"B"
"TTF","13:25:44",4.09,0.03,2000,5052000,"B"
"TTF","13:25:35",4.09,0.03,30000,5050000,"B"
"TTF","13:25:29",4.1,0.04,1000,5020000,"S"
"TTF","13:25:25",4.1,0.04,200,5019000,"S"
"TTF","13:25:14",4.1,0.04,200,5018800,"S"
"TTF","13:25:09",4.09,0.03,12000,5018600,"B"
"TTF","13:25:06",4.1,0.04,300,5006600,"S"
"TTF","13:25:06",4.09,0.03,1000,5006300,"B"
"TTF","13:24:57",4.1,0.04,300,5005300,"S"
"TTF","13:24:56",4.09,0.03,5000,5005000,"B"
"TTF","13:24:44",4.1,0.04,67400,5000000,"B"
"TTF","13:24:26",4.1,0.04,8800,4932600,"B"
"TTF","13:24:26",4.11,0.05,200,4923800,"B"
"TTF","13:24:20",4.11,0.05,2000,4923600,"B"
"TTF","13:24:06",4.11,0.05,5000,4921600,"B"
"TTF","13:24:05",4.11,0.05,6000,4916600,"B"
"TTF","13:24:01",4.11,0.05,100,4910600,"B"
"TTF","13:23:59",4.11,0.05,3000,4910500,"B"
"TTF","13:23:55",4.11,0.05,10000,4907500,"B"
"TTF","13:23:42",4.11,0.05,10000,4897500,"B"
"TTF","13:23:25",4.11,0.05,4200,4887500,"B"
"TTF","13:23:23",4.12,0.06,2000,4877500,"B"
"TTF","13:23:09",4.13,0.07,200,4875500,"S"
"TTF","13:22:59",4.12,0.06,10000,4875300,"B"
"TTF","13:22:41",4.13,0.07,1000,4865300,"S"
"TTF","13:22:35",4.12,0.06,100,4864300,"B"
"TTF","13:22:34",4.12,0.06,5000,4864200,"B"
"TTF","13:22:19",4.13,0.07,69700,4859200,"B"
"TTF","13:22:19",4.14,0.08,400,4789500,"B"
"TTF","13:22:18",4.14,0.08,600,4789100,"S"
"TTF","13:22:15",4.14,0.08,100,4788500,"S"
"TTF","13:22:14",4.14,0.08,1000,4788400,"S"
"TTF","13:22:12",4.14,0.08,1900,4787400,"S"
"TTF","13:22:10",4.14,0.08,1000,4785500,"S"
"TTF","13:22:05",4.14,0.08,1000,4784500,"S"
"TTF","13:22:00",4.14,0.08,1000,4783500,"S"
"TTF","13:21:55",4.14,0.08,200,4782500,"S"
"TTF","13:21:51",4.14,0.08,1000,4782300,"S"
"TTF","13:21:46",4.14,0.08,2000,4781300,"S"
"TTF","13:21:41",4.14,0.08,2000,4779300,"S"
"TTF","13:21:27",4.14,0.08,19700,4777300,"B"
"TTF","13:21:18",4.15,0.09,1200,4757600,"S"
"TTF","13:21:12",4.14,0.08,2000,4756400,"B"
"TTF","13:20:56",4.14,0.08,13000,4754400,"B"
"TTF","13:20:33",4.15,0.09,500,4741400,"S"
"TTF","13:20:27",4.15,0.09,2000,4740900,"S"
"TTF","13:20:20",4.15,0.09,1000,4738900,"S"
"TTF","13:20:17",4.15,0.09,72100,4737900,"B"
"TTF","13:20:16",4.16,0.1,1000,4665800,"S"
"TTF","13:20:13",4.16,0.1,200,4664800,"S"
"TTF","13:20:09",4.16,0.1,1000,4664600,"S"
"TTF","13:20:01",4.16,0.1,1000,4663600,"S"
"TTF","13:19:57",4.16,0.1,1000,4662600,"S"
"TTF","13:19:50",4.16,0.1,1000,4661600,"S"
"TTF","13:19:45",4.16,0.1,1000,4660600,"S"
"TTF","13:19:41",4.16,0.1,1000,4659600,"S"
"TTF","13:19:32",4.16,0.1,1000,4658600,"S"
"TTF","13:18:34",4.16,0.1,3000,4657600,"S"
"TTF","13:18:18",4.16,0.1,1700,4654600,"S"
"TTF","13:18:11",4.16,0.1,5000,4652900,"S"
"TTF","13:18:08",4.16,0.1,100,4647900,"S"
"TTF","13:18:08",4.16,0.1,3600,4647800,"B"
"TTF","13:17:51",4.16,0.1,1400,4644200,"S"
"TTF","13:17:46",4.16,0.1,5000,4642800,"S"
"TTF","13:17:45",4.16,0.1,200,4637800,"S"
"TTF","13:17:31",4.16,0.1,23400,4637600,"B"
"TTF","13:17:02",4.16,0.1,300,4614200,"S"
"TTF","13:17:01",4.16,0.1,1400,4613900,"S"
"TTF","13:16:58",4.16,0.1,5000,4612500,"S"
"TTF","13:16:54",4.16,0.1,5000,4607500,"S"
"TTF","13:16:50",4.16,0.1,5000,4602500,"S"
"TTF","13:16:43",4.16,0.1,3600,4597500,"B"
"TTF","13:16:29",4.16,0.1,1600,4593900,"S"
"TTF","13:16:20",4.16,0.1,18400,4592300,"B"
"TTF","13:16:02",4.17,0.11,2300,4573900,"B"
"TTF","13:15:06",4.17,0.11,1800,4571600,"S"
"TTF","13:14:51",4.17,0.11,100,4569800,"S"
"TTF","13:14:50",4.16,0.1,1000,4569700,"B"
"TTF","13:14:31",4.16,0.1,2000,4568700,"B"
"TTF","13:14:16",4.16,0.1,300,4566700,"S"
"TTF","13:14:02",4.16,0.1,200,4566400,"B"
"TTF","13:13:53",4.16,0.1,1000,4566200,"B"
"TTF","13:13:47",4.16,0.1,3800,4565200,"S"
"TTF","13:13:39",4.16,0.1,6200,4561400,"B"
"TTF","13:13:26",4.17,0.11,30000,4555200,"S"
"TTF","13:13:25",4.16,0.1,10000,4525200,"B"
"TTF","13:11:51",4.17,0.11,19800,4515200,"S"
"TTF","13:11:51",4.16,0.1,200,4495400,"S"
"TTF","13:11:34",4.16,0.1,1500,4495200,"S"
"TTF","13:11:19",4.16,0.1,100,4493700,"S"
"TTF","13:11:03",4.16,0.1,2500,4493600,"S"
"TTF","13:11:02",4.16,0.1,5000,4491100,"S"
"TTF","13:11:00",4.16,0.1,1000,4486100,"S"
"TTF","13:10:21",4.16,0.1,5000,4485100,"S"
"TTF","13:10:11",4.16,0.1,2200,4480100,"B"
"TTF","13:09:55",4.16,0.1,1800,4477900,"S"
"TTF","13:09:42",4.16,0.1,300,4476100,"S"
"TTF","13:09:35",4.16,0.1,100,4475800,"S"
"TTF","13:09:23",4.16,0.1,100,4475700,"S"
"TTF","13:09:09",4.16,0.1,5000,4475600,"S"
"TTF","13:09:01",4.16,0.1,11400,4470600,"B"
"TTF","13:08:36",4.16,0.1,10000,4459200,"B"
"TTF","13:08:12",4.16,0.1,300,4449200,"B"
"TTF","13:08:09",4.16,0.1,200,4448900,"S"
"TTF","13:08:05",4.16,0.1,100,4448700,"S"
"TTF","13:07:47",4.16,0.1,2000,4448600,"S"
"TTF","13:07:46",4.16,0.1,700,4446600,"B"
"TTF","13:07:43",4.16,0.1,800,4445900,"S"
"TTF","13:07:41",4.16,0.1,2000,4445100,"S"
"TTF","13:07:33",4.16,0.1,10000,4443100,"S"
"TTF","13:07:23",4.16,0.1,7700,4433100,"B"
"TTF","13:06:56",4.16,0.1,2300,4425400,"S"
"TTF","13:06:56",4.16,0.1,12700,4423100,"B"
"TTF","13:06:52",4.16,0.1,300,4410400,"B"
"TTF","13:06:33",4.15,0.09,17900,4410100,"B"
"TTF","13:06:33",4.16,0.1,9500,4392200,"B"
"TTF","13:06:32",4.16,0.1,500,4382700,"S"
"TTF","13:06:30",4.17,0.11,8800,4382200,"S"
"TTF","13:06:30",4.16,0.1,1200,4373400,"S"
"TTF","13:06:26",4.16,0.1,20300,4372200,"B"
"TTF","13:06:21",4.16,0.1,1200,4351900,"B"
"TTF","13:06:05",4.16,0.1,10000,4350700,"B"
"TTF","13:05:39",4.16,0.1,10000,4340700,"B"
"TTF","13:05:20",4.18,0.12,300,4330700,"S"
"TTF","13:05:12",4.15,0.09,3100,4330400,"B"
"TTF","13:05:11",4.15,0.09,92300,4327300,"B"
"TTF","13:05:11",4.16,0.1,900,4235000,"B"
"TTF","13:04:57",4.16,0.1,9100,4234100,"S"
"TTF","13:04:44",4.16,0.1,20900,4225000,"B"
"TTF","13:04:10",4.16,0.1,6100,4204100,"S"
"TTF","13:04:07",4.16,0.1,1700,4198000,"S"
"TTF","13:04:05",4.16,0.1,200,4196300,"B"
"TTF","13:04:03",4.16,0.1,6000,4196100,"B"
"TTF","13:03:56",4.16,0.1,2000,4190100,"B"
"TTF","13:03:55",4.18,0.12,1000,4188100,"S"
"TTF","13:03:44",4.16,0.1,30000,4187100,"B"
"TTF","13:03:41",4.16,0.1,2000,4157100,"B"
"TTF","13:03:34",4.16,0.1,19700,4155100,"B"
"TTF","13:03:34",4.17,0.11,300,4135400,"B"
"TTF","13:03:29",4.17,0.11,2600,4135100,"B"
"TTF","13:03:20",4.17,0.11,10000,4132500,"B"
"TTF","13:03:00",4.17,0.11,5000,4122500,"B"
"TTF","13:02:39",4.18,0.12,6000,4117500,"B"
"TTF","13:02:31",4.18,0.12,1000,4111500,"B"
"TTF","13:02:10",4.18,0.12,3000,4110500,"S"
"TTF","13:02:04",4.17,0.11,3000,4107500,"B"
"TTF","13:00:50",4.17,0.11,11500,4104500,"B"
"TTF","13:00:50",4.18,0.12,3500,4093000,"B"
"TTF","13:00:44",4.18,0.12,1000,4089500,"B"
"TTF","13:00:32",4.19,0.13,1000,4088500,"S"
"TTF","13:00:27",4.19,0.13,500,4087500,"S"
"TTF","13:00:24",4.19,0.13,100,4087000,"S"
"TTF","13:00:23",4.18,0.12,19000,4086900,"B"
"TTF","13:00:10",4.18,0.12,100,4067900,"B"
"TTF","13:00:04",4.19,0.13,800,4067800,"B"
"TTF","13:00:03",4.19,0.13,10500,4067000,"B"
"TTF","13:00:03",4.19,0.13,3000,4056500,"B"
"TTF","11:29:35",4.19,0.13,2200,4053500,"B"
"TTF","11:29:34",4.19,0.13,5000,4051300,"B"
"TTF","11:29:02",4.2,0.14,100,4046300,"S"
"TTF","11:28:57",4.19,0.13,200,4046200,"B"
"TTF","11:28:53",4.19,0.13,2000,4046000,"B"
"TTF","11:28:34",4.2,0.14,69800,4044000,"B"
"TTF","11:28:34",4.21,0.15,4000,3974200,"B"
"TTF","11:28:06",4.21,0.15,600,3970200,"S"
"TTF","11:27:48",4.21,0.15,4000,3969600,"S"
"TTF","11:27:39",4.21,0.15,1600,3965600,"S"
"TTF","11:27:08",4.2,0.14,3000,3964000,"B"
"TTF","11:27:02",4.2,0.14,300,3961000,"B"
"TTF","11:26:40",4.2,0.14,1000,3960700,"B"
"TTF","11:26:24",4.2,0.14,200,3959700,"B"
"TTF","11:25:09",4.21,0.15,400,3959500,"S"
"TTF","11:24:54",4.21,0.15,800,3959100,"B"
"TTF","11:24:02",4.21,0.15,2000,3958300,"B"
"TTF","11:23:47",4.22,0.16,10000,3956300,"S"
"TTF","11:23:20",4.21,0.15,2000,3946300,"B"
"TTF","11:23:16",4.21,0.15,2000,3944300,"B"
"TTF","11:23:05",4.22,0.16,100,3942300,"S"
"TTF","11:22:42",4.21,0.15,5000,3942200,"B"
"TTF","11:22:03",4.21,0.15,2000,3937200,"B"
"TTF","11:21:50",4.21,0.15,1000,3935200,"B"
"TTF","11:21:28",4.21,0.15,10000,3934200,"B"
"TTF","11:21:26",4.21,0.15,500,3924200,"B"
"TTF","11:20:11",4.21,0.15,300,3923700,"B"
"TTF","11:20:05",4.21,0.15,100,3923400,"B"
"TTF","11:18:58",4.21,0.15,29700,3923300,"B"
"TTF","11:18:54",4.21,0.15,700,3893600,"B"
"TTF","11:18:26",4.21,0.15,10000,3892900,"B"
"TTF","11:18:25",4.21,0.15,500,3882900,"B"
"TTF","11:18:09",4.21,0.15,1200,3882400,"B"
"TTF","11:16:43",4.21,0.15,100,3881200,"B"
"TTF","11:15:44",4.21,0.15,100,3881100,"B"
"TTF","11:15:24",4.21,0.15,1000,3881000,"B"
"TTF","11:15:18",4.21,0.15,500,3880000,"B"
"TTF","11:15:15",4.22,0.16,20000,3879500,"S"
"TTF","11:12:22",4.21,0.15,1400,3859500,"B"
"TTF","11:12:12",4.21,0.15,100,3858100,"B"
"TTF","11:10:59",4.21,0.15,3500,3858000,"B"
"TTF","11:10:54",4.22,0.16,7700,3854500,"B"
"TTF","11:10:41",4.22,0.16,4000,3846800,"S"
"TTF","11:09:22",4.22,0.16,1000,3842800,"B"
"TTF","11:09:05",4.22,0.16,400,3841800,"B"
"TTF","11:08:53",4.22,0.16,100,3841400,"B"
"TTF","11:08:29",4.22,0.16,1300,3841300,"B"
"TTF","11:08:18",4.22,0.16,200,3840000,"B"
"TTF","11:08:17",4.22,0.16,1000,3839800,"S"
"TTF","11:07:46",4.22,0.16,7000,3838800,"B"
"TTF","11:07:42",4.22,0.16,500,3831800,"B"
"TTF","11:07:27",4.22,0.16,100,3831300,"B"
"TTF","11:06:58",4.22,0.16,400,3831200,"B"
"TTF","11:06:54",4.22,0.16,500,3830800,"B"
"TTF","11:06:49",4.22,0.16,1000,3830300,"B"
"TTF","11:06:37",4.22,0.16,200,3829300,"B"
"TTF","11:06:26",4.22,0.16,1000,3829100,"B"
"TTF","11:06:19",4.22,0.16,200,3828100,"B"
"TTF","11:05:53",4.22,0.16,100,3827900,"B"
"TTF","11:05:45",4.22,0.16,200,3827800,"B"
"TTF","11:05:41",4.22,0.16,200,3827600,"B"
"TTF","11:05:40",4.22,0.16,1000,3827400,"B"
"TTF","11:04:33",4.22,0.16,100,3826400,"B"
"TTF","11:03:46",4.22,0.16,100,3826300,"B"
"TTF","11:03:25",4.22,0.16,1000,3826200,"B"
"TTF","11:03:18",4.22,0.16,3000,3825200,"B"
"TTF","11:02:41",4.22,0.16,300,3822200,"S"
"TTF","11:02:36",4.22,0.16,300,3821900,"B"
"TTF","11:02:25",4.22,0.16,1000,3821600,"B"
"TTF","11:02:19",4.22,0.16,5000,3820600,"B"
"TTF","11:02:10",4.22,0.16,1000,3815600,"B"
"TTF","11:01:47",4.22,0.16,1000,3814600,"B"
"TTF","11:01:42",4.22,0.16,21700,3813600,"S"
"TTF","11:01:26",4.21,0.15,2000,3791900,"B"
"TTF","11:01:04",4.21,0.15,700,3789900,"S"
"TTF","11:00:39",4.21,0.15,300,3789200,"B"
"TTF","11:00:30",4.21,0.15,1000,3788900,"B"
"TTF","11:00:15",4.22,0.16,10000,3787900,"S"
"TTF","10:59:52",4.21,0.15,5000,3777900,"B"
"TTF","10:59:34",4.21,0.15,2000,3772900,"B"
"TTF","10:59:05",4.22,0.16,1000,3770900,"S"
"TTF","10:58:40",4.22,0.16,100,3769900,"S"
"TTF","10:58:29",4.22,0.16,2000,3769800,"S"
"TTF","10:57:50",4.22,0.16,3000,3767800,"S"
"TTF","10:57:47",4.22,0.16,4000,3764800,"S"
"TTF","10:57:45",4.22,0.16,600,3760800,"S"
"TTF","10:57:22",4.22,0.16,5000,3760200,"S"
"TTF","10:57:10",4.22,0.16,2500,3755200,"S"
"TTF","10:56:47",4.21,0.15,1500,3752700,"B"
"TTF","10:56:36",4.22,0.16,500,3751200,"S"
"TTF","10:56:33",4.21,0.15,25000,3750700,"B"
"TTF","10:56:30",4.22,0.16,4000,3725700,"S"
"TTF","10:56:23",4.22,0.16,3000,3721700,"S"
"TTF","10:55:40",4.22,0.16,300,3718700,"S"
"TTF","10:55:25",4.22,0.16,100,3718400,"S"
"TTF","10:54:46",4.22,0.16,500,3718300,"S"
"TTF","10:54:45",4.22,0.16,300,3717800,"S"
"TTF","10:54:44",4.22,0.16,1000,3717500,"S"
"TTF","10:54:39",4.22,0.16,1600,3716500,"B"
"TTF","10:54:39",4.23,0.17,400,3714900,"S"
"TTF","10:54:32",4.23,0.17,100,3714500,"S"
"TTF","10:54:26",4.23,0.17,6000,3714400,"B"
"TTF","10:54:04",4.23,0.17,4000,3708400,"S"
"TTF","10:52:38",4.23,0.17,200,3704400,"S"
"TTF","10:52:17",4.23,0.17,1000,3704200,"S"
"TTF","10:49:05",4.23,0.17,100,3703200,"S"
"TTF","10:48:50",4.23,0.17,500,3703100,"S"
"TTF","10:48:40",4.23,0.17,500,3702600,"S"
"TTF","10:47:39",4.23,0.17,100,3702100,"B"
"TTF","10:46:25",4.24,0.18,5000,3702000,"S"
"TTF","10:44:11",4.24,0.18,3000,3697000,"S"
"TTF","10:44:03",4.23,0.17,7900,3694000,"B"
"TTF","10:44:01",4.24,0.18,3000,3686100,"S"
"TTF","10:44:00",4.24,0.18,3000,3683100,"S"
"TTF","10:43:54",4.23,0.17,100,3680100,"B"
"TTF","10:43:50",4.24,0.18,1000,3680000,"S"
"TTF","10:42:18",4.25,0.19,1000,3679000,"S"
"TTF","10:42:09",4.25,0.19,1500,3678000,"B"
"TTF","10:41:35",4.25,0.19,3500,3676500,"S"
"TTF","10:41:29",4.25,0.19,10000,3673000,"S"
"TTF","10:41:25",4.25,0.19,5000,3663000,"S"
"TTF","10:41:23",4.25,0.19,1000,3658000,"S"
"TTF","10:41:15",4.25,0.19,5000,3657000,"S"
"TTF","10:41:07",4.25,0.19,3000,3652000,"S"
"TTF","10:41:00",4.25,0.19,200,3649000,"S"
"TTF","10:40:53",4.25,0.19,400,3648800,"S"
"TTF","10:40:52",4.25,0.19,2400,3648400,"S"
"TTF","10:40:46",4.25,0.19,47800,3646000,"S"
"TTF","10:40:41",4.25,0.19,79100,3598200,"S"
"TTF","10:40:41",4.24,0.18,9400,3519100,"S"
"TTF","10:40:10",4.24,0.18,1000,3509700,"S"
"TTF","10:39:59",4.24,0.18,5000,3508700,"S"
"TTF","10:39:53",4.24,0.18,6400,3503700,"S"
"TTF","10:39:18",4.24,0.18,1000,3497300,"S"
"TTF","10:39:03",4.24,0.18,10000,3496300,"S"
"TTF","10:39:00",4.24,0.18,500,3486300,"S"
"TTF","10:38:20",4.23,0.17,5000,3485800,"S"
"TTF","10:38:18",4.23,0.17,5300,3480800,"S"
"TTF","10:38:06",4.23,0.17,5000,3475500,"S"
"TTF","10:37:58",4.22,0.16,1500,3470500,"S"
"TTF","10:37:09",4.21,0.15,500,3469000,"B"
"TTF","10:36:58",4.22,0.16,100,3468500,"S"
"TTF","10:35:46",4.21,0.15,200,3468400,"B"
"TTF","10:33:43",4.21,0.15,500,3468200,"B"
"TTF","10:33:14",4.21,0.15,400,3467700,"B"
"TTF","10:32:56",4.22,0.16,1000,3467300,"S"
"TTF","10:32:44",4.21,0.15,2000,3466300,"B"
"TTF","10:32:27",4.22,0.16,500,3464300,"B"
"TTF","10:32:20",4.22,0.16,100,3463800,"B"
"TTF","10:32:17",4.22,0.16,13000,3463700,"B"
"TTF","10:32:05",4.23,0.17,200,3450700,"S"
"TTF","10:30:54",4.22,0.16,300,3450500,"B"
"TTF","10:30:34",4.23,0.17,1400,3450200,"B"
"TTF","10:30:32",4.23,0.17,5000,3448800,"B"
"TTF","10:30:29",4.23,0.17,5000,3443800,"B"
"TTF","10:30:26",4.23,0.17,100,3438800,"B"
"TTF","10:30:06",4.23,0.17,1000,3438700,"B"
"TTF","10:29:56",4.23,0.17,300,3437700,"B"
"TTF","10:29:47",4.23,0.17,2000,3437400,"B"
"TTF","10:29:16",4.23,0.17,5200,3435400,"S"
"TTF","10:28:42",4.23,0.17,2400,3430200,"B"
"TTF","10:28:28",4.23,0.17,5000,3427800,"B"
"TTF","10:28:27",4.23,0.17,2200,3422800,"B"
"TTF","10:27:52",4.23,0.17,20400,3420600,"S"
"TTF","10:27:40",4.23,0.17,24700,3400200,"B"
"TTF","10:27:08",4.23,0.17,2000,3375500,"B"
"TTF","10:27:01",4.23,0.17,100,3373500,"B"
"TTF","10:26:58",4.23,0.17,400,3373400,"B"
"TTF","10:26:57",4.23,0.17,3000,3373000,"S"
"TTF","10:26:52",4.23,0.17,3500,3370000,"B"
"TTF","10:26:39",4.23,0.17,100,3366500,"B"
"TTF","10:26:32",4.23,0.17,2000,3366400,"S"
"TTF","10:26:04",4.23,0.17,16700,3357300,"B"
"TTF","10:25:38",4.23,0.17,5000,3340600,"B"
"TTF","10:25:16",4.23,0.17,200,3335600,"B"
"TTF","10:25:09",4.24,0.18,1000,3335400,"S"
"TTF","10:25:01",4.23,0.17,200,3334400,"B"
"TTF","10:24:56",4.23,0.17,500,3334200,"B"
"TTF","10:24:50",4.23,0.17,9900,3333700,"S"
"TTF","10:24:43",4.23,0.17,20000,3323800,"S"
"TTF","10:23:19",4.21,0.15,300,3303800,"B"
"TTF","10:22:37",4.21,0.15,500,3303500,"B"
"TTF","10:22:27",4.21,0.15,2000,3303000,"B"
"TTF","10:21:35",4.21,0.15,200,3301000,"S"
"TTF","10:21:32",4.21,0.15,10000,3300800,"S"
"TTF","10:21:16",4.21,0.15,500,3290800,"S"
"TTF","10:21:14",4.21,0.15,100,3290300,"S"
"TTF","10:21:13",4.21,0.15,3000,3290200,"S"
"TTF","10:21:04",4.21,0.15,4000,3287200,"S"
"TTF","10:20:51",4.21,0.15,800,3283200,"S"
"TTF","10:20:49",4.2,0.14,3000,3282400,"B"
"TTF","10:20:38",4.21,0.15,500,3279400,"S"
"TTF","10:20:16",4.2,0.14,1500,3278900,"B"
"TTF","10:20:06",4.21,0.15,2000,3277400,"S"
"TTF","10:19:36",4.21,0.15,5000,3275400,"S"
"TTF","10:19:33",4.2,0.14,100,3270400,"B"
"TTF","10:19:16",4.2,0.14,300,3270300,"B"
"TTF","10:18:59",4.2,0.14,1000,3270000,"B"
"TTF","10:18:35",4.2,0.14,300,3269000,"B"
"TTF","10:18:30",4.18,0.12,12500,3268700,"B"
"TTF","10:18:30",4.19,0.13,15300,3256200,"B"
"TTF","10:18:30",4.2,0.14,3600,3240900,"B"
"TTF","10:18:30",4.21,0.15,8600,3237300,"B"
"TTF","10:17:59",4.21,0.15,1000,3228700,"B"
"TTF","10:17:53",4.21,0.15,1000,3227700,"B"
"TTF","10:17:40",4.23,0.17,1000,3226700,"S"
"TTF","10:17:32",4.23,0.17,100,3225700,"S"
"TTF","10:17:24",4.23,0.17,5000,3225600,"S"
"TTF","10:17:22",4.23,0.17,600,3220600,"B"
"TTF","10:17:09",4.23,0.17,35000,3220000,"B"
"TTF","10:17:08",4.23,0.17,2000,3185000,"B"
"TTF","10:16:58",4.24,0.18,10000,3183000,"B"
"TTF","10:16:46",4.25,0.19,170600,3173000,"B"
"TTF","10:16:46",4.26,0.2,22900,3002400,"B"
"TTF","10:16:45",4.27,0.21,1000,2979500,"S"
"TTF","10:16:18",4.26,0.2,500,2978500,"B"
"TTF","10:16:12",4.27,0.21,1200,2978000,"S"
"TTF","10:16:01",4.27,0.21,300,2976800,"S"
"TTF","10:16:00",4.27,0.21,200,2976500,"S"
"TTF","10:16:00",4.27,0.21,4000,2976300,"B"
"TTF","10:15:47",4.27,0.21,1000,2972300,"B"
"TTF","10:15:45",4.28,0.22,500,2971300,"S"
"TTF","10:15:41",4.27,0.21,6000,2970800,"S"
"TTF","10:15:29",4.27,0.21,10000,2964300,"S"
"TTF","10:15:22",4.26,0.2,1000,2954300,"B"
"TTF","10:15:11",4.26,0.2,1000,2953300,"S"
"TTF","10:15:06",4.26,0.2,4000,2952300,"S"
"TTF","10:15:01",4.25,0.19,100,2948300,"B"
"TTF","10:14:59",4.26,0.2,500,2948200,"S"
"TTF","10:14:53",4.26,0.2,500,2947700,"S"
"TTF","10:14:50",4.26,0.2,3000,2947200,"S"
"TTF","10:14:48",4.26,0.2,2000,2944200,"S"
"TTF","10:14:46",4.25,0.19,19100,2942200,"B"
"TTF","10:14:30",4.25,0.19,1000,2923100,"B"
"TTF","10:14:29",4.26,0.2,1900,2922100,"S"
"TTF","10:14:21",4.25,0.19,500,2920200,"B"
"TTF","10:14:18",4.25,0.19,31700,2919700,"S"
"TTF","10:14:15",4.24,0.18,100,2888000,"B"
"TTF","10:13:56",4.24,0.18,100,2887900,"B"
"TTF","10:13:55",4.24,0.18,1500,2887800,"B"
"TTF","10:13:54",4.25,0.19,20000,2855800,"S"
"TTF","10:13:53",4.25,0.19,5000,2835800,"S"
"TTF","10:13:51",4.25,0.19,2000,2830800,"S"
"TTF","10:13:47",4.25,0.19,19000,2828800,"S"
"TTF","10:13:44",4.23,0.17,100,2808800,"B"
"TTF","10:13:43",4.25,0.19,2000,2808700,"S"
"TTF","10:13:42",4.23,0.17,200,2806700,"B"
"TTF","10:13:38",4.24,0.18,4900,2806500,"S"
"TTF","10:13:36",4.23,0.17,500,2801600,"B"
"TTF","10:13:34",4.23,0.17,5100,2801100,"S"
"TTF","10:13:34",4.22,0.16,6700,2796000,"S"
"TTF","10:13:33",4.21,0.15,1000,2789300,"B"
"TTF","10:13:24",4.22,0.16,100,2788300,"S"
"TTF","10:13:24",4.22,0.16,2000,2788200,"S"
"TTF","10:13:22",4.21,0.15,100,2786200,"B"
"TTF","10:13:11",4.21,0.15,100,2786100,"S"
"TTF","10:13:07",4.2,0.14,13000,2786000,"S"
"TTF","10:13:06",4.2,0.14,1100,2773000,"S"
"TTF","10:13:04",4.2,0.14,20000,2771900,"S"
"TTF","10:13:01",4.2,0.14,30000,2751900,"S"
"TTF","10:13:00",4.2,0.14,35000,2721900,"S"
"TTF","10:12:57",4.2,0.14,35000,2686900,"S"
"TTF","10:12:49",4.19,0.13,5000,2651900,"B"
"TTF","10:12:42",4.19,0.13,2900,2646900,"S"
"TTF","10:12:30",4.19,0.13,50000,2644000,"S"
"TTF","10:12:30",4.18,0.12,10000,2594000,"B"
"TTF","10:12:14",4.18,0.12,4000,2584000,"B"
"TTF","10:12:11",4.18,0.12,81100,2580000,"S"
"TTF","10:12:09",4.18,0.12,5000,2498900,"S"
"TTF","10:11:57",4.17,0.11,2600,2493900,"S"
"TTF","10:11:51",4.17,0.11,10000,2491300,"S"
"TTF","10:11:49",4.17,0.11,10000,2481300,"S"
"TTF","10:11:42",4.17,0.11,27500,2471300,"S"
"TTF","10:11:23",4.17,0.11,100,2443800,"S"
"TTF","10:10:52",4.17,0.11,30000,2443700,"S"
"TTF","10:10:45",4.17,0.11,400,2413700,"S"
"TTF","10:10:29",4.17,0.11,200,2413300,"S"
"TTF","10:10:02",4.17,0.11,200,2413100,"S"
"TTF","10:09:36",4.17,0.11,2000,2412900,"S"
"TTF","10:09:33",4.17,0.11,2300,2410900,"S"
"TTF","10:09:30",4.17,0.11,20000,2408600,"S"
"TTF","10:09:23",4.17,0.11,7800,2388600,"B"
"TTF","10:09:20",4.17,0.11,6700,2380800,"B"
"TTF","10:09:17",4.18,0.12,1000,2374100,"S"
"TTF","10:09:04",4.17,0.11,100,2373100,"B"
"TTF","10:08:44",4.17,0.11,9500,2373000,"S"
"TTF","10:08:43",4.17,0.11,2800,2363500,"S"
"TTF","10:08:42",4.17,0.11,1900,2360700,"S"
"TTF","10:08:38",4.17,0.11,5000,2358800,"S"
"TTF","10:08:15",4.17,0.11,500,2353800,"S"
"TTF","10:08:01",4.16,0.1,5800,2353300,"S"
"TTF","10:07:59",4.16,0.1,500,2347500,"S"
"TTF","10:07:57",4.16,0.1,1400,2347000,"S"
"TTF","10:07:55",4.16,0.1,30000,2345600,"S"
"TTF","10:07:32",4.15,0.09,21000,2315600,"S"
"TTF","10:07:28",4.15,0.09,12500,2294600,"S"
"TTF","10:07:26",4.15,0.09,3000,2282100,"S"
"TTF","10:07:18",4.15,0.09,10000,2279100,"S"
"TTF","10:07:05",4.15,0.09,400,2269100,"S"
"TTF","10:06:48",4.15,0.09,47700,2268700,"S"
"TTF","10:06:38",4.14,0.08,17900,2221000,"S"
"TTF","10:06:37",4.14,0.08,17000,2203100,"S"
"TTF","10:06:36",4.14,0.08,100,2186100,"S"
"TTF","10:06:32",4.14,0.08,100,2186000,"S"
"TTF","10:06:28",4.14,0.08,1500,2185900,"S"
"TTF","10:06:19",4.14,0.08,100,2184400,"S"
"TTF","10:06:18",4.14,0.08,5000,2184300,"S"
"TTF","10:06:15",4.14,0.08,1000,2179300,"S"
"TTF","10:06:13",4.14,0.08,6000,2178300,"S"
"TTF","10:06:03",4.14,0.08,2400,2172300,"S"
"TTF","10:05:56",4.14,0.08,100,2169900,"S"
"TTF","10:05:26",4.13,0.07,1600,2169800,"S"
"TTF","10:05:15",4.13,0.07,200,2168200,"B"
"TTF","10:05:01",4.13,0.07,53000,2168000,"B"
"TTF","10:04:36",4.14,0.08,100,2115000,"S"
"TTF","10:04:33",4.14,0.08,300,2114900,"S"
"TTF","10:04:15",4.14,0.08,28600,2114600,"B"
"TTF","10:04:06",4.15,0.09,100,2086000,"S"
"TTF","10:04:06",4.14,0.08,49000,2085900,"B"
"TTF","10:04:06",4.14,0.08,15000,2036900,"B"
"TTF","10:03:57",4.15,0.09,1300,2021900,"S"
"TTF","10:03:53",4.15,0.09,2700,2020600,"S"
"TTF","10:03:45",4.15,0.09,5000,2017900,"S"
"TTF","10:03:38",4.15,0.09,300,2012900,"B"
"TTF","10:03:14",4.15,0.09,4600,2012600,"S"
"TTF","10:03:11",4.15,0.09,200,2008000,"S"
"TTF","10:03:04",4.15,0.09,200,2007800,"B"
"TTF","10:02:47",4.14,0.08,88900,2007600,"B"
"TTF","10:02:47",4.15,0.09,9400,1918700,"B"
"TTF","10:02:47",4.15,0.09,600,1909300,"S"
"TTF","10:02:44",4.15,0.09,1000,1908700,"S"
"TTF","10:02:39",4.15,0.09,1200,1907700,"S"
"TTF","10:02:35",4.15,0.09,1400,1906500,"S"
"TTF","10:02:25",4.15,0.09,500,1905100,"S"
"TTF","10:02:22",4.15,0.09,30000,1904600,"S"
"TTF","10:02:06",4.15,0.09,1300,1874600,"S"
"TTF","10:02:00",4.15,0.09,5000,1873300,"S"
"TTF","10:01:55",4.14,0.08,1000,1868300,"B"
"TTF","10:01:35",4.15,0.09,59200,1867300,"B"
"TTF","10:01:32",4.16,0.1,1200,1808100,"S"
"TTF","10:01:30",4.16,0.1,100,1806900,"S"
"TTF","10:01:28",4.16,0.1,10000,1806800,"S"
"TTF","10:01:07",4.16,0.1,100,1796800,"S"
"TTF","10:00:55",4.15,0.09,2000,1796700,"B"
"TTF","10:00:40",4.15,0.09,35400,1794700,"B"
"TTF","10:00:39",4.15,0.09,64600,1759300,"B"
"TTF","10:00:20",4.15,0.09,1000,1694700,"B"
"TTF","09:59:45",4.15,0.09,100,1693700,"B"
"TTF","09:59:44",4.16,0.1,8000,1693600,"S"
"TTF","09:59:35",4.15,0.09,500,1685600,"B"
"TTF","09:59:25",4.16,0.1,500,1685100,"S"
"TTF","09:59:16",4.16,0.1,800,1684600,"B"
"TTF","09:59:10",4.17,0.11,7900,1683800,"S"
"TTF","09:59:07",4.16,0.1,2000,1675900,"B"
"TTF","09:59:01",4.16,0.1,8100,1673900,"S"
"TTF","09:59:00",4.16,0.1,300,1665800,"S"
"TTF","09:58:57",4.16,0.1,500,1665500,"S"
"TTF","09:58:53",4.16,0.1,8000,1665000,"S"
"TTF","09:58:51",4.16,0.1,33100,1657000,"B"
"TTF","09:58:33",4.16,0.1,3000,1623900,"B"
"TTF","09:58:31",4.16,0.1,65800,1620900,"S"
"TTF","09:57:32",4.15,0.09,1000,1555100,"B"
"TTF","09:57:25",4.16,0.1,1000,1554100,"S"
"TTF","09:56:57",4.16,0.1,12000,1553100,"B"
"TTF","09:56:51",4.16,0.1,50000,1541100,"B"
"TTF","09:56:47",4.17,0.11,1000,1491100,"S"
"TTF","09:56:38",4.16,0.1,500,1490100,"B"
"TTF","09:56:26",4.16,0.1,100,1489600,"B"
"TTF","09:56:24",4.16,0.1,50000,1489500,"B"
"TTF","09:56:05",4.16,0.1,100,1439500,"B"
"TTF","09:56:01",4.16,0.1,5000,1439400,"B"
"TTF","09:55:36",4.16,0.1,2800,1434400,"B"
"TTF","09:55:34",4.16,0.1,500,1431600,"B"
"TTF","09:55:25",4.17,0.11,2600,1431100,"S"
"TTF","09:55:11",4.16,0.1,3000,1428500,"B"
"TTF","09:55:07",4.16,0.1,500,1425500,"B"
"TTF","09:55:01",4.16,0.1,300,1424500,"B"
"TTF","09:55:01",4.16,0.1,21700,1424200,"S"
"TTF","09:54:59",4.16,0.1,3000,1402500,"S"
"TTF","09:54:58",4.15,0.09,5000,1399500,"B"
"TTF","09:54:49",4.16,0.1,19000,1394500,"S"
"TTF","09:54:22",4.16,0.1,2700,1375500,"S"
"TTF","09:54:11",4.16,0.1,5100,1372800,"S"
"TTF","09:54:05",4.16,0.1,5000,1367700,"S"
"TTF","09:54:02",4.16,0.1,9000,1362700,"B"
"TTF","09:53:59",4.16,0.1,100,1353700,"S"
"TTF","09:53:58",4.16,0.1,11600,1353600,"S"
"TTF","09:53:56",4.16,0.1,5000,1342000,"S"
"TTF","09:53:55",4.16,0.1,1100,1337000,"S"
"TTF","09:53:53",4.16,0.1,1000,1335900,"S"
"TTF","09:53:48",4.16,0.1,300,1334900,"S"
"TTF","09:53:44",4.16,0.1,2000,1334600,"S"
"TTF","09:53:42",4.16,0.1,30900,1332600,"B"
"TTF","09:53:39",4.16,0.1,10000,1301700,"B"
"TTF","09:53:38",4.16,0.1,100,1291700,"B"
"TTF","09:53:32",4.16,0.1,500,1291600,"B"
"TTF","09:53:31",4.17,0.11,1000,1291100,"S"
"TTF","09:53:14",4.16,0.1,100,1290100,"B"
"TTF","09:53:10",4.17,0.11,5000,1290000,"S"
"TTF","09:53:09",4.17,0.11,1200,1285000,"S"
"TTF","09:53:09",4.16,0.1,800,1283800,"S"
"TTF","09:53:08",4.16,0.1,300,1283000,"S"
"TTF","09:53:06",4.16,0.1,10000,1282700,"S"
"TTF","09:53:03",4.16,0.1,4000,1272700,"S"
"TTF","09:53:00",4.16,0.1,14300,1268700,"B"
"TTF","09:53:00",4.16,0.1,20600,1254400,"B"
"TTF","09:52:38",4.16,0.1,300,1233800,"B"
"TTF","09:52:37",4.17,0.11,2600,1233500,"S"
"TTF","09:52:30",4.16,0.1,200,1230900,"B"
"TTF","09:52:18",4.16,0.1,19400,1230700,"S"
"TTF","09:52:15",4.16,0.1,4400,1211300,"S"
"TTF","09:52:02",4.16,0.1,2000,1206900,"S"
"TTF","09:51:57",4.16,0.1,25100,1204900,"B"
"TTF","09:51:55",4.16,0.1,1300,1179800,"B"
"TTF","09:51:55",4.17,0.11,6700,1178500,"B"
"TTF","09:51:51",4.17,0.11,43700,1171800,"S"
"TTF","09:51:46",4.17,0.11,100,1128100,"S"
"TTF","09:51:24",4.17,0.11,400,1128000,"S"
"TTF","09:51:23",4.16,0.1,900,1127600,"S"
"TTF","09:51:22",4.16,0.1,14000,1126700,"S"
"TTF","09:51:22",4.16,0.1,2000,1112700,"S"
"TTF","09:51:21",4.16,0.1,2000,1110700,"S"
"TTF","09:51:20",4.16,0.1,1000,1108700,"S"
"TTF","09:51:16",4.16,0.1,100,1107700,"S"
"TTF","09:51:15",4.16,0.1,44000,1107600,"S"
"TTF","09:51:14",4.16,0.1,1000,1063600,"S"
"TTF","09:51:09",4.16,0.1,6900,1062600,"S"
"TTF","09:50:59",4.16,0.1,2000,1055700,"S"
"TTF","09:50:46",4.15,0.09,10000,1053700,"B"
"TTF","09:50:40",4.15,0.09,47600,1043700,"S"
"TTF","09:50:39",4.15,0.09,9800,996100,"S"
"TTF","09:50:37",4.15,0.09,50000,986300,"S"
"TTF","09:50:37",4.14,0.08,1000,936300,"B"
"TTF","09:50:35",4.15,0.09,50000,935300,"S"
"TTF","09:50:35",4.14,0.08,50000,885300,"B"
"TTF","09:50:31",4.15,0.09,20000,835300,"S"
"TTF","09:50:07",4.15,0.09,6000,815300,"S"
"TTF","09:49:55",4.15,0.09,1500,809300,"S"
"TTF","09:49:37",4.15,0.09,13000,807800,"S"
"TTF","09:49:36",4.15,0.09,2000,794800,"S"
"TTF","09:49:27",4.15,0.09,500,792800,"S"
"TTF","09:49:23",4.15,0.09,300,792300,"S"
"TTF","09:49:17",4.15,0.09,1000,792000,"S"
"TTF","09:48:46",4.15,0.09,600,791000,"S"
"TTF","09:48:44",4.15,0.09,40000,790300,"S"
"TTF","09:48:29",4.14,0.08,300,750300,"B"
"TTF","09:48:13",4.14,0.08,3400,750000,"S"
"TTF","09:48:01",4.14,0.08,46600,746600,"B"
"TTF","09:47:51",4.14,0.08,50000,700000,"B"
"TTF","09:47:43",4.14,0.08,300,650000,"B"
"TTF","09:47:40",4.14,0.08,1000,649700,"B"
"TTF","09:46:57",4.14,0.08,50000,648700,"B"
"TTF","09:46:30",4.14,0.08,200,598700,"S"
"TTF","09:46:29",4.14,0.08,20000,598500,"S"
"TTF","09:46:18",4.14,0.08,29800,578500,"B"
"TTF","09:46:16",4.14,0.08,200,548700,"S"
"TTF","09:46:07",4.14,0.08,700,548500,"S"
"TTF","09:46:03",4.14,0.08,200,547800,"S"
"TTF","09:45:50",4.14,0.08,500,547600,"S"
"TTF","09:45:49",4.14,0.08,500,547100,"S"
"TTF","09:45:42",4.14,0.08,2000,546600,"S"
"TTF","09:45:39",4.14,0.08,12500,544600,"B"
"TTF","09:45:37",4.14,0.08,600,532100,"B"
"TTF","09:45:27",4.14,0.08,100,531500,"B"
"TTF","09:45:27",4.14,0.08,2000,531400,"B"
"TTF","09:45:23",4.14,0.08,84800,529400,"S"
"TTF","09:45:20",4.13,0.07,3600,444600,"B"
"TTF","09:45:09",4.14,0.08,5000,441000,"S"
"TTF","09:44:56",4.13,0.07,200,436000,"B"
"TTF","09:44:43",4.14,0.08,500,435800,"S"
"TTF","09:44:36",4.13,0.07,1000,435300,"B"
"TTF","09:44:30",4.14,0.08,5000,434300,"S"
"TTF","09:44:30",4.14,0.08,5000,429300,"S"
"TTF","09:44:05",4.13,0.07,3100,424300,"S"
"TTF","09:43:43",4.13,0.07,2000,421200,"S"
"TTF","09:42:51",4.13,0.07,100,419200,"S"
"TTF","09:42:48",4.13,0.07,1900,419100,"B"
"TTF","09:42:25",4.13,0.07,5000,417200,"B"
"TTF","09:42:21",4.13,0.07,1000,412200,"B"
"TTF","09:42:14",4.13,0.07,3100,411200,"S"
"TTF","09:42:00",4.13,0.07,200,408100,"S"
"TTF","09:41:55",4.13,0.07,9700,407900,"B"
"TTF","09:41:22",4.14,0.08,5000,398200,"S"
"TTF","09:41:20",4.14,0.08,10000,393200,"S"
"TTF","09:41:19",4.14,0.08,11000,383200,"S"
"TTF","09:41:16",4.14,0.08,2000,372200,"S"
"TTF","09:41:10",4.14,0.08,100,370200,"S"
"TTF","09:41:05",4.14,0.08,100,370100,"S"
"TTF","09:40:59",4.14,0.08,200,370000,"S"
"TTF","09:40:54",4.14,0.08,10000,369800,"S"
"TTF","09:40:43",4.14,0.08,23700,359800,"B"
"TTF","09:40:19",4.14,0.08,1300,336100,"B"
"TTF","09:40:18",4.14,0.08,2900,334800,"S"
"TTF","09:40:17",4.14,0.08,500,331900,"S"
"TTF","09:40:10",4.14,0.08,1600,331400,"B"
"TTF","09:40:05",4.14,0.08,10000,329800,"S"
"TTF","09:40:04",4.14,0.08,18400,319800,"S"
"TTF","09:39:57",4.14,0.08,5500,301400,"S"
"TTF","09:39:53",4.14,0.08,500,295900,"S"
"TTF","09:39:52",4.14,0.08,10000,295400,"S"
"TTF","09:39:51",4.13,0.07,100,285400,"B"
"TTF","09:39:50",4.13,0.07,100,285300,"B"
"TTF","09:39:44",4.14,0.08,10000,285200,"S"
"TTF","09:39:37",4.14,0.08,2000,275200,"S"
"TTF","09:39:28",4.14,0.08,3800,273200,"B"
"TTF","09:39:25",4.14,0.08,6000,269400,"B"
"TTF","09:39:24",4.14,0.08,200,263400,"S"
"TTF","09:39:17",4.14,0.08,2000,263200,"S"
"TTF","09:39:06",4.14,0.08,500,261200,"S"
"TTF","09:38:59",4.14,0.08,3300,260700,"B"
"TTF","09:38:58",4.14,0.08,1500,257400,"B"
"TTF","09:38:46",4.14,0.08,1000,255900,"B"
"TTF","09:38:19",4.14,0.08,200,254900,"B"
"TTF","09:38:15",4.14,0.08,2200,254700,"S"
"TTF","09:38:11",4.14,0.08,3000,252500,"S"
"TTF","09:38:09",4.14,0.08,2500,249500,"S"
"TTF","09:38:08",4.14,0.08,5000,247000,"S"
"TTF","09:38:04",4.14,0.08,5000,242000,"S"
"TTF","09:37:57",4.14,0.08,1500,237000,"S"
"TTF","09:37:39",4.14,0.08,200,235500,"S"
"TTF","09:37:31",4.14,0.08,900,235300,"B"
"TTF","09:37:20",4.14,0.08,600,234400,"S"
"TTF","09:37:06",4.14,0.08,31700,233800,"S"
"TTF","09:37:06",4.13,0.07,8300,202100,"S"
"TTF","09:37:02",4.13,0.07,5000,193800,"S"
"TTF","09:36:56",4.13,0.07,10000,188800,"S"
"TTF","09:36:16",4.13,0.07,20000,178800,"S"
"TTF","09:36:07",4.13,0.07,1000,158800,"S"
"TTF","09:35:54",4.13,0.07,5000,157800,"S"
"TTF","09:35:52",4.13,0.07,100,152800,"S"
"TTF","09:35:46",4.13,0.07,2700,152700,"B"
"TTF","09:35:32",4.13,0.07,300,150000,"B"
"TTF","09:35:23",4.13,0.07,200,149700,"S"
"TTF","09:35:17",4.13,0.07,900,149500,"S"
"TTF","09:35:04",4.13,0.07,20000,148600,"S"
"TTF","09:35:01",4.12,0.06,2000,128600,"B"
"TTF","09:34:33",4.13,0.07,5300,126600,"S"
"TTF","09:34:00",4.12,0.06,900,121300,"S"
"TTF","09:33:42",4.12,0.06,100,120400,"B"
"TTF","09:33:34",4.12,0.06,300,120300,"B"
"TTF","09:33:28",4.12,0.06,2000,120000,"B"
"TTF","09:33:26",4.12,0.06,2600,118000,"S"
"TTF","09:33:21",4.11,0.05,200,115400,"B"
"TTF","09:33:05",4.11,0.05,600,115200,"S"
"TTF","09:32:30",4.11,0.05,400,114600,"B"
"TTF","09:32:27",4.12,0.06,2400,114200,"S"
"TTF","09:32:27",4.12,0.06,600,111800,"S"
"TTF","09:32:19",4.11,0.05,1000,111200,"B"
"TTF","09:32:11",4.11,0.05,18600,110200,"S"
"TTF","09:30:53",4.1,0.04,200,91600,"S"
"TTF","09:30:47",4.1,0.04,300,91400,"B"
"TTF","09:30:41",4.1,0.04,5000,91100,"B"
"TTF","09:29:59",4.1,0.04,3100,86100,"B"
"TTF","09:29:49",4.11,0.05,8300,83000,"S"
"TTF","09:29:46",4.1,0.04,500,74700,"B"
"TTF","09:29:34",4.1,0.04,1500,74200,"B"
"TTF","09:28:55",4.11,0.05,100,72700,"S"
"TTF","09:28:40",4.1,0.04,500,72600,"B"
"TTF","09:28:29",4.1,0.04,500,72100,"B"
"TTF","09:28:03",4.1,0.04,1000,71600,"B"
"TTF","09:27:50",4.11,0.05,11100,70600,"B"
"TTF","09:27:08",4.12,0.06,3000,59500,"S"
"TTF","09:27:08",4.11,0.05,2000,56500,"S"
"TTF","09:26:57",4.11,0.05,400,54500,"S"
"TTF","09:24:06",4.11,0.05,200,54100,"B"
"TTF","09:23:04",4.12,0.06,400,53900,"B"
"TTF","09:23:00",4.12,0.06,1000,53500,"B"
"TTF","09:22:55",4.12,0.06,500,52500,"B"
"TTF","09:22:54",4.13,0.07,200,52000,"S"
"TTF","09:22:50",4.12,0.06,300,51800,"B"
"TTF","09:22:37",4.12,0.06,500,51500,"B"
"TTF","09:22:17",4.12,0.06,100,51000,"B"
"TTF","09:22:05",4.13,0.07,20000,50900,"S"
"TTF","09:21:47",4.13,0.07,2000,30900,"S"
"TTF","09:21:05",4.13,0.07,5400,28900,"S"
"TTF","09:20:51",4.12,0.06,200,23500,"S"
"TTF","09:20:23",4.11,0.05,300,23300,"S"
"TTF","09:20:02",4.1,0.04,1800,23000,"S"
"TTF","09:19:37",4.1,0.04,100,21200,"S"
"TTF","09:19:31",4.1,0.04,600,21100,"S"
"TTF","09:19:28",4.1,0.04,200,20500,"S"
"TTF","09:19:04",4.1,0.04,2000,20300,"S"
"TTF","09:19:00",4.1,0.04,100,18300,"S"
"TTF","09:18:49",4.08,0.02,400,18200,"B"
"TTF","09:18:40",4.1,0.04,200,17800,"S"
"TTF","09:17:49",4.08,0.02,1000,17600,"S"
"TTF","09:17:40",4.08,0.02,4000,16600,"B"
"TTF","09:17:36",4.08,0.02,200,12600,"B"
"TTF","09:17:20",4.08,0.02,2000,12400,"B"
"TTF","09:16:01",4.08,0.02,100,10400,"S"
"TTF","09:15:01",4.1,0.04,10300,10300,
