"symbol","time","price","change","vol","total","side"
"VNM","14:45:07",70,-0.3,109700,2335800,
"VNM","14:29:57",69.7,-0.6,100,2226100,"B"
"VNM","14:29:30",69.9,-0.4,100,2226000,"S"
"VNM","14:29:04",69.5,-0.8,5600,2225900,"B"
"VNM","14:29:03",69.5,-0.8,23700,2220300,"B"
"VNM","14:29:03",69.6,-0.7,1300,2196600,"B"
"VNM","14:29:03",69.7,-0.6,5000,2195300,"B"
"VNM","14:28:43",69.5,-0.8,8300,2190300,"B"
"VNM","14:28:43",69.6,-0.7,1700,2182000,"B"
"VNM","14:28:15",69.5,-0.8,7800,2180300,"B"
"VNM","14:28:15",69.6,-0.7,3600,2172500,"B"
"VNM","14:28:15",69.7,-0.6,900,2168900,"B"
"VNM","14:28:15",69.8,-0.5,600,2168000,"B"
"VNM","14:28:15",69.9,-0.4,100,2167400,"B"
"VNM","14:28:08",70,-0.3,100,2167300,"B"
"VNM","14:28:05",70,-0.3,500,2167200,"B"
"VNM","14:27:51",70,-0.3,100,2166700,"B"
"VNM","14:27:45",70,-0.3,1100,2166600,"B"
"VNM","14:27:36",70,-0.3,7000,2165500,"B"
"VNM","14:27:36",70.1,-0.2,500,2158500,"B"
"VNM","14:27:22",70.2,-0.1,800,2158000,"B"
"VNM","14:27:10",70.2,-0.1,100,2157200,"B"
"VNM","14:26:55",70.3,0,300,2157100,"S"
"VNM","14:26:45",70.2,-0.1,100,2156800,"S"
"VNM","14:26:44",70.2,-0.1,1500,2156700,"S"
"VNM","14:26:31",70.2,-0.1,500,2155200,"S"
"VNM","14:26:31",70.1,-0.2,1000,2154700,"S"
"VNM","14:26:26",70,-0.3,3900,2153700,"B"
"VNM","14:26:26",70.1,-0.2,2100,2149800,"B"
"VNM","14:26:16",70.1,-0.2,8000,2147700,"B"
"VNM","14:26:04",70,-0.3,1100,2139700,"B"
"VNM","14:25:53",70.2,-0.1,100,2138600,"S"
"VNM","14:25:53",70.1,-0.2,900,2138500,"S"
"VNM","14:25:44",70.1,-0.2,100,2137600,"S"
"VNM","14:25:04",70.3,0,2800,2137500,"S"
"VNM","14:24:57",70.3,0,500,2134700,"S"
"VNM","14:24:53",70.3,0,1400,2134200,"S"
"VNM","14:24:37",70.3,0,500,2132800,"S"
"VNM","14:24:37",70.2,-0.1,2300,2132300,"S"
"VNM","14:24:36",70.2,-0.1,100,2130000,"S"
"VNM","14:24:30",70.2,-0.1,2800,2129900,"S"
"VNM","14:24:29",70.2,-0.1,100,2127100,"S"
"VNM","14:24:27",70.2,-0.1,1500,2127000,"S"
"VNM","14:24:20",70.2,-0.1,2600,2125500,"S"
"VNM","14:24:20",70.1,-0.2,3000,2122900,"S"
"VNM","14:24:18",70.2,-0.1,3400,2119900,"S"
"VNM","14:24:11",70.2,-0.1,300,2116500,"S"
"VNM","14:24:11",70.2,-0.1,1500,2116200,"S"
"VNM","14:24:11",70.1,-0.2,1000,2114700,"S"
"VNM","14:24:03",70.2,-0.1,500,2113700,"S"
"VNM","14:24:03",70.1,-0.2,2300,2113200,"S"
"VNM","14:24:03",70.1,-0.2,1500,2110900,"S"
"VNM","14:23:56",70.1,-0.2,1300,2109400,"S"
"VNM","14:23:53",70,-0.3,100,2108100,"B"
"VNM","14:23:49",70.1,-0.2,2800,2108000,"S"
"VNM","14:23:44",70,-0.3,21400,2105200,"S"
"VNM","14:23:43",70,-0.3,2800,2083800,"S"
"VNM","14:23:40",70,-0.3,3200,2081000,"S"
"VNM","14:23:34",70,-0.3,3000,2077800,"S"
"VNM","14:23:34",70,-0.3,2800,2074800,"S"
"VNM","14:23:31",70,-0.3,300,2072000,"S"
"VNM","14:23:29",70,-0.3,300,2071700,"S"
"VNM","14:23:23",70,-0.3,500,2071400,"S"
"VNM","14:23:22",70,-0.3,1500,2070900,"S"
"VNM","14:23:21",70,-0.3,1300,2069400,"S"
"VNM","14:22:56",70,-0.3,200,2068100,"S"
"VNM","14:22:53",70,-0.3,500,2067900,"S"
"VNM","14:22:42",70,-0.3,2500,2067400,"S"
"VNM","14:22:42",69.9,-0.4,300,2064900,"S"
"VNM","14:22:20",69.9,-0.4,300,2064600,"S"
"VNM","14:22:12",69.9,-0.4,400,2064300,"S"
"VNM","14:22:08",69.9,-0.4,1000,2063900,"S"
"VNM","14:21:38",70,-0.3,500,2062900,"S"
"VNM","14:21:37",70,-0.3,4400,2062400,"B"
"VNM","14:21:31",70.1,-0.2,3900,2058000,"S"
"VNM","14:20:57",70,-0.3,36100,2054100,"S"
"VNM","14:20:57",70,-0.3,2700,2018000,"S"
"VNM","14:20:57",69.9,-0.4,7000,2015300,"S"
"VNM","14:20:35",69.9,-0.4,2000,2008300,"S"
"VNM","14:20:27",69.9,-0.4,2900,2006300,"S"
"VNM","14:20:22",69.9,-0.4,1500,2003400,"S"
"VNM","14:20:17",69.9,-0.4,2400,2001900,"S"
"VNM","14:20:17",69.8,-0.5,100,1999500,"S"
"VNM","14:20:12",69.8,-0.5,2000,1999400,"S"
"VNM","14:19:49",69.7,-0.6,2300,1997400,"S"
"VNM","14:19:18",69.7,-0.6,5000,1995100,"S"
"VNM","14:18:20",69.5,-0.8,600,1990100,"B"
"VNM","14:18:20",69.6,-0.7,5200,1989500,"B"
"VNM","14:18:20",69.6,-0.7,14800,1984300,"S"
"VNM","14:18:15",69.6,-0.7,200,1969500,"S"
"VNM","14:18:12",69.6,-0.7,100,1969300,"S"
"VNM","14:18:08",69.6,-0.7,1500,1969200,"S"
"VNM","14:18:02",69.6,-0.7,100,1967700,"S"
"VNM","14:17:48",69.6,-0.7,1000,1967600,"S"
"VNM","14:17:40",69.6,-0.7,1000,1966600,"S"
"VNM","14:17:29",69.6,-0.7,100,1965600,"S"
"VNM","14:17:28",69.6,-0.7,500,1965500,"S"
"VNM","14:17:24",69.6,-0.7,100,1965000,"S"
"VNM","14:17:15",69.6,-0.7,5000,1964900,"S"
"VNM","14:17:10",69.6,-0.7,500,1959900,"S"
"VNM","14:17:04",69.6,-0.7,300,1959400,"S"
"VNM","14:16:56",69.5,-0.8,300,1959100,"S"
"VNM","14:16:54",69.5,-0.8,9700,1958800,"B"
"VNM","14:16:45",69.6,-0.7,100,1949100,"S"
"VNM","14:16:31",69.6,-0.7,1500,1949000,"S"
"VNM","14:16:21",69.6,-0.7,100,1947500,"S"
"VNM","14:16:20",69.5,-0.8,200,1947400,"B"
"VNM","14:16:04",69.6,-0.7,1000,1947200,"S"
"VNM","14:16:03",69.6,-0.7,100,1946200,"S"
"VNM","14:16:00",69.5,-0.8,600,1946100,"S"
"VNM","14:15:56",69.5,-0.8,1000,1945500,"S"
"VNM","14:15:55",69.5,-0.8,100,1944500,"S"
"VNM","14:15:51",69.5,-0.8,2400,1944400,"B"
"VNM","14:15:36",69.5,-0.8,2500,1942000,"B"
"VNM","14:15:34",69.5,-0.8,300,1939500,"S"
"VNM","14:15:02",69.5,-0.8,200,1939200,"B"
"VNM","14:14:50",69.5,-0.8,1400,1939000,"B"
"VNM","14:14:44",69.5,-0.8,300,1937600,"B"
"VNM","14:14:29",69.5,-0.8,1000,1937300,"B"
"VNM","14:13:56",69.5,-0.8,6000,1936300,"S"
"VNM","14:13:44",69.5,-0.8,1000,1930300,"S"
"VNM","14:13:42",69.5,-0.8,200,1929300,"S"
"VNM","14:13:32",69.5,-0.8,500,1929100,"S"
"VNM","14:13:21",69.4,-0.9,100,1928600,"B"
"VNM","14:13:19",69.5,-0.8,200,1928500,"S"
"VNM","14:13:04",69.4,-0.9,3500,1928300,"B"
"VNM","14:12:48",69.5,-0.8,200,1924800,"S"
"VNM","14:12:36",69.5,-0.8,100,1924600,"S"
"VNM","14:12:18",69.5,-0.8,100,1924500,"S"
"VNM","14:12:11",69.5,-0.8,500,1924400,"S"
"VNM","14:12:08",69.5,-0.8,300,1923900,"S"
"VNM","14:12:03",69.5,-0.8,300,1923600,"S"
"VNM","14:11:53",69.5,-0.8,2000,1923300,"S"
"VNM","14:11:46",69.5,-0.8,200,1921300,"S"
"VNM","14:11:42",69.5,-0.8,500,1921100,"S"
"VNM","14:11:36",69.5,-0.8,100,1920600,"S"
"VNM","14:11:32",69.5,-0.8,300,1920500,"S"
"VNM","14:11:30",69.5,-0.8,200,1920200,"S"
"VNM","14:11:13",69.5,-0.8,700,1920000,"B"
"VNM","14:11:10",69.5,-0.8,5000,1919300,"B"
"VNM","14:11:08",69.5,-0.8,1000,1914300,"B"
"VNM","14:11:03",69.5,-0.8,3000,1913300,"B"
"VNM","14:11:02",69.5,-0.8,2000,1910300,"B"
"VNM","14:10:36",69.5,-0.8,3200,1908300,"B"
"VNM","14:10:27",69.6,-0.7,100,1905100,"S"
"VNM","14:10:17",69.5,-0.8,3000,1905000,"B"
"VNM","14:10:11",69.6,-0.7,1400,1902000,"B"
"VNM","14:10:10",69.6,-0.7,1000,1900600,"B"
"VNM","14:10:07",69.6,-0.7,1000,1899600,"B"
"VNM","14:10:00",69.6,-0.7,1200,1898600,"B"
"VNM","14:09:57",69.6,-0.7,10000,1897400,"B"
"VNM","14:09:33",69.6,-0.7,100,1887400,"S"
"VNM","14:09:16",69.5,-0.8,2800,1887300,"B"
"VNM","14:09:14",69.6,-0.7,100,1884500,"S"
"VNM","14:09:11",69.5,-0.8,3200,1884400,"B"
"VNM","14:09:06",69.5,-0.8,2800,1881200,"B"
"VNM","14:09:02",69.6,-0.7,2600,1878400,"B"
"VNM","14:08:59",69.6,-0.7,1400,1875800,"B"
"VNM","14:08:57",69.7,-0.6,100,1874400,"S"
"VNM","14:08:52",69.7,-0.6,300,1874300,"S"
"VNM","14:08:47",69.7,-0.6,400,1874000,"B"
"VNM","14:08:38",69.8,-0.5,1000,1873600,"S"
"VNM","14:08:33",69.8,-0.5,2000,1872600,"S"
"VNM","14:08:31",69.7,-0.6,500,1870600,"B"
"VNM","14:08:30",69.7,-0.6,100,1870100,"B"
"VNM","14:08:20",69.8,-0.5,100,1870000,"S"
"VNM","14:08:10",69.8,-0.5,1500,1869900,"S"
"VNM","14:07:47",69.8,-0.5,100,1868400,"S"
"VNM","14:07:36",69.8,-0.5,6000,1868300,"S"
"VNM","14:07:36",69.7,-0.6,4000,1862300,"S"
"VNM","14:07:35",69.7,-0.6,100,1858300,"S"
"VNM","14:07:29",69.7,-0.6,4000,1858200,"S"
"VNM","14:07:23",69.7,-0.6,400,1854200,"S"
"VNM","14:06:42",69.7,-0.6,2800,1853800,"S"
"VNM","14:06:32",69.7,-0.6,3000,1851000,"S"
"VNM","14:06:28",69.7,-0.6,100,1848000,"S"
"VNM","14:06:26",69.7,-0.6,1500,1847900,"S"
"VNM","14:06:23",69.7,-0.6,3200,1846400,"S"
"VNM","14:06:09",69.7,-0.6,3300,1843200,"S"
"VNM","14:06:05",69.7,-0.6,100,1839900,"S"
"VNM","14:05:57",69.7,-0.6,2900,1839800,"S"
"VNM","14:05:53",69.7,-0.6,1000,1836900,"S"
"VNM","14:05:44",69.7,-0.6,2700,1835900,"S"
"VNM","14:05:43",69.7,-0.6,200,1833200,"S"
"VNM","14:05:19",69.7,-0.6,300,1833000,"S"
"VNM","14:05:19",69.6,-0.7,2900,1832700,"S"
"VNM","14:05:18",69.5,-0.8,6300,1829800,"S"
"VNM","14:05:18",69.4,-0.9,7700,1823500,"S"
"VNM","14:05:17",69.3,-1,500,1815800,"B"
"VNM","14:05:17",69.4,-0.9,2000,1815300,"S"
"VNM","14:05:15",69.4,-0.9,500,1813300,"S"
"VNM","14:05:07",69.4,-0.9,2800,1812800,"S"
"VNM","14:05:06",69.3,-1,100,1810000,"B"
"VNM","14:05:01",69.4,-0.9,3200,1809900,"S"
"VNM","14:04:45",69.3,-1,100,1806700,"B"
"VNM","14:04:44",69.4,-0.9,5800,1806600,"S"
"VNM","14:04:23",69.3,-1,300,1800800,"B"
"VNM","14:04:20",69.5,-0.8,2000,1800500,"S"
"VNM","14:04:20",69.4,-0.9,1200,1798500,"S"
"VNM","14:04:13",69.4,-0.9,2800,1797300,"S"
"VNM","14:04:11",69.3,-1,6000,1794500,"S"
"VNM","14:04:10",69.3,-1,1400,1781500,"S"
"VNM","14:04:08",69.3,-1,3000,1780100,"S"
"VNM","14:04:06",69.3,-1,2800,1777100,"S"
"VNM","14:04:01",69.3,-1,1500,1774300,"S"
"VNM","14:03:56",69.3,-1,100,1772800,"S"
"VNM","14:03:52",69.3,-1,200,1772700,"S"
"VNM","14:03:51",69.3,-1,2800,1772500,"S"
"VNM","14:03:51",69.3,-1,5000,1769700,"S"
"VNM","14:03:48",69.3,-1,2800,1764700,"S"
"VNM","14:03:43",69.3,-1,500,1761900,"S"
"VNM","14:03:36",69.3,-1,100,1761400,"S"
"VNM","14:03:36",69.3,-1,3200,1761300,"S"
"VNM","14:03:32",69.2,-1.1,10000,1758100,"B"
"VNM","14:03:26",69.2,-1.1,100,1748100,"B"
"VNM","14:03:23",69.3,-1,600,1748000,"S"
"VNM","14:03:22",69.3,-1,100,1747400,"S"
"VNM","14:03:20",69.3,-1,100,1747300,"S"
"VNM","14:03:17",69.3,-1,1700,1747200,"S"
"VNM","14:03:08",69.3,-1,100,1745500,"S"
"VNM","14:03:06",69.3,-1,200,1744300,"S"
"VNM","14:02:59",69.3,-1,100,1744100,"S"
"VNM","14:02:58",69.3,-1,100,1744000,"S"
"VNM","14:02:55",69.3,-1,700,1743900,"B"
"VNM","14:02:52",69.3,-1,20000,1743200,"B"
"VNM","14:02:48",69.4,-0.9,100,1723200,"S"
"VNM","14:02:38",69.3,-1,2800,1723100,"B"
"VNM","14:02:36",69.3,-1,4200,1720300,"B"
"VNM","14:02:29",69.4,-0.9,100,1716100,"S"
"VNM","14:02:29",69.3,-1,3000,1716000,"B"
"VNM","14:02:28",69.4,-0.9,100,1713000,"B"
"VNM","14:02:25",69.5,-0.8,300,1712900,"S"
"VNM","14:02:24",69.4,-0.9,2800,1712600,"B"
"VNM","14:02:15",69.4,-0.9,4200,1709800,"B"
"VNM","14:02:11",69.4,-0.9,100,1705600,"B"
"VNM","14:02:07",69.4,-0.9,5000,1705500,"B"
"VNM","14:02:07",69.4,-0.9,4200,1700500,"B"
"VNM","14:02:06",69.4,-0.9,3000,1696300,"B"
"VNM","14:02:05",69.4,-0.9,1900,1693300,"B"
"VNM","14:02:05",69.5,-0.8,900,1691400,"B"
"VNM","14:02:04",69.5,-0.8,100,1690500,"S"
"VNM","14:01:59",69.4,-0.9,2800,1690400,"B"
"VNM","14:01:55",69.5,-0.8,5000,1687600,"B"
"VNM","14:01:53",69.4,-0.9,1200,1682600,"B"
"VNM","14:01:52",69.4,-0.9,1600,1681400,"B"
"VNM","14:01:52",69.5,-0.8,8400,1679800,"B"
"VNM","14:01:51",69.5,-0.8,31200,1671400,"B"
"VNM","14:01:49",69.6,-0.7,300,1640200,"S"
"VNM","14:01:47",69.5,-0.8,200,1639900,"B"
"VNM","14:01:47",69.6,-0.7,100,1639700,"S"
"VNM","14:01:45",69.5,-0.8,2800,1639600,"B"
"VNM","14:01:43",69.5,-0.8,4200,1636800,"B"
"VNM","14:01:43",69.6,-0.7,200,1632600,"S"
"VNM","14:01:37",69.5,-0.8,4200,1632400,"B"
"VNM","14:01:36",69.5,-0.8,900,1628200,"B"
"VNM","14:01:33",69.5,-0.8,2800,1627300,"B"
"VNM","14:01:29",69.6,-0.7,1000,1624500,"S"
"VNM","14:01:21",69.5,-0.8,4200,1623500,"B"
"VNM","14:01:15",69.5,-0.8,2300,1619300,"B"
"VNM","14:01:14",69.5,-0.8,4200,1617000,"B"
"VNM","14:01:07",69.5,-0.8,400,1612800,"B"
"VNM","14:01:03",69.5,-0.8,3300,1612400,"B"
"VNM","14:01:01",69.6,-0.7,100,1609100,"S"
"VNM","14:00:59",69.5,-0.8,4200,1609000,"B"
"VNM","14:00:51",69.5,-0.8,4200,1604800,"B"
"VNM","14:00:48",69.5,-0.8,700,1600600,"B"
"VNM","14:00:36",69.6,-0.7,300,1599900,"S"
"VNM","14:00:33",69.5,-0.8,4200,1599600,"B"
"VNM","14:00:32",69.5,-0.8,200,1595400,"B"
"VNM","14:00:25",69.6,-0.7,100,1595200,"S"
"VNM","14:00:22",69.5,-0.8,6600,1595100,"B"
"VNM","14:00:16",69.6,-0.7,600,1588500,"S"
"VNM","14:00:14",69.6,-0.7,100,1587900,"S"
"VNM","13:59:59",69.6,-0.7,3100,1587800,"B"
"VNM","13:59:45",69.7,-0.6,1000,1584700,"S"
"VNM","13:59:43",69.6,-0.7,200,1583700,"B"
"VNM","13:59:38",69.7,-0.6,500,1583500,"S"
"VNM","13:59:37",69.6,-0.7,25000,1583000,"B"
"VNM","13:59:33",69.6,-0.7,100,1558000,"B"
"VNM","13:59:27",69.7,-0.6,500,1557900,"S"
"VNM","13:59:21",69.7,-0.6,100,1557400,"S"
"VNM","13:59:21",69.7,-0.6,200,1557300,"S"
"VNM","13:59:18",69.7,-0.6,300,1557100,"S"
"VNM","13:59:18",69.7,-0.6,100,1556800,"S"
"VNM","13:59:08",69.7,-0.6,800,1556700,"S"
"VNM","13:59:08",69.7,-0.6,200,1555900,"S"
"VNM","13:59:06",69.7,-0.6,100,1555700,"S"
"VNM","13:59:03",69.6,-0.7,4200,1555600,"B"
"VNM","13:58:55",69.6,-0.7,4200,1551400,"B"
"VNM","13:58:49",69.7,-0.6,100,1547200,"S"
"VNM","13:58:43",69.7,-0.6,200,1547100,"S"
"VNM","13:58:39",69.7,-0.6,100,1546900,"S"
"VNM","13:58:35",69.7,-0.6,200,1546800,"S"
"VNM","13:58:30",69.7,-0.6,200,1546600,"S"
"VNM","13:58:16",69.6,-0.7,3200,1546400,"B"
"VNM","13:58:16",69.7,-0.6,1000,1543200,"B"
"VNM","13:58:08",69.6,-0.7,7400,1542200,"B"
"VNM","13:57:59",69.6,-0.7,200,1534800,"B"
"VNM","13:57:59",69.7,-0.6,2900,1534600,"B"
"VNM","13:57:54",69.8,-0.5,1000,1531700,"S"
"VNM","13:57:48",69.7,-0.6,2900,1530700,"B"
"VNM","13:57:47",69.8,-0.5,200,1527800,"B"
"VNM","13:57:43",69.7,-0.6,4200,1527600,"B"
"VNM","13:57:36",69.7,-0.6,2200,1523400,"B"
"VNM","13:57:36",69.8,-0.5,2000,1521200,"B"
"VNM","13:57:29",69.8,-0.5,500,1519200,"B"
"VNM","13:57:24",69.8,-0.5,1000,1518700,"B"
"VNM","13:57:11",69.9,-0.4,400,1517700,"S"
"VNM","13:56:55",69.9,-0.4,500,1517300,"S"
"VNM","13:56:39",69.9,-0.4,3000,1516800,"S"
"VNM","13:56:26",69.7,-0.6,4200,1513800,"B"
"VNM","13:56:14",69.7,-0.6,100,1509600,"B"
"VNM","13:55:39",69.7,-0.6,1600,1509500,"S"
"VNM","13:55:35",69.7,-0.6,500,1507900,"S"
"VNM","13:55:26",69.7,-0.6,500,1507400,"S"
"VNM","13:54:54",69.6,-0.7,1000,1506900,"B"
"VNM","13:54:46",69.6,-0.7,1000,1505900,"B"
"VNM","13:54:45",69.6,-0.7,1000,1504900,"S"
"VNM","13:54:43",69.6,-0.7,10000,1503900,"S"
"VNM","13:54:43",69.6,-0.7,500,1493900,"S"
"VNM","13:54:40",69.6,-0.7,5200,1493400,"S"
"VNM","13:54:38",69.6,-0.7,3000,1488200,"S"
"VNM","13:54:36",69.6,-0.7,2000,1485200,"S"
"VNM","13:54:34",69.5,-0.8,1000,1483200,"B"
"VNM","13:54:34",69.6,-0.7,2700,1482200,"S"
"VNM","13:54:32",69.6,-0.7,300,1479500,"S"
"VNM","13:54:30",69.6,-0.7,700,1479200,"S"
"VNM","13:54:28",69.6,-0.7,100,1478500,"S"
"VNM","13:54:27",69.6,-0.7,100,1478400,"S"
"VNM","13:54:23",69.6,-0.7,100,1478300,"S"
"VNM","13:54:20",69.6,-0.7,3300,1478200,"S"
"VNM","13:54:03",69.6,-0.7,100,1474900,"S"
"VNM","13:54:01",69.6,-0.7,100,1474800,"S"
"VNM","13:53:59",69.6,-0.7,100,1474700,"S"
"VNM","13:53:45",69.6,-0.7,100,1474600,"S"
"VNM","13:53:44",69.6,-0.7,100,1474500,"S"
"VNM","13:53:30",69.6,-0.7,100,1474400,"S"
"VNM","13:53:23",69.6,-0.7,1000,1474300,"S"
"VNM","13:53:13",69.6,-0.7,200,1473300,"S"
"VNM","13:53:12",69.5,-0.8,100,1473100,"B"
"VNM","13:52:59",69.6,-0.7,100,1473000,"S"
"VNM","13:52:54",69.5,-0.8,1000,1472900,"B"
"VNM","13:52:44",69.5,-0.8,300,1471900,"B"
"VNM","13:52:40",69.5,-0.8,3000,1471600,"B"
"VNM","13:52:27",69.5,-0.8,2800,1468600,"B"
"VNM","13:51:59",69.6,-0.7,100,1465800,"S"
"VNM","13:51:44",69.6,-0.7,1900,1465700,"B"
"VNM","13:51:24",69.6,-0.7,100,1463800,"B"
"VNM","13:51:22",69.6,-0.7,200,1463700,"S"
"VNM","13:51:17",69.6,-0.7,200,1463500,"B"
"VNM","13:51:13",69.6,-0.7,500,1463300,"S"
"VNM","13:51:04",69.6,-0.7,5000,1462800,"S"
"VNM","13:50:54",69.5,-0.8,100,1457800,"B"
"VNM","13:50:47",69.5,-0.8,1000,1457700,"B"
"VNM","13:50:47",69.5,-0.8,100,1456700,"B"
"VNM","13:50:46",69.5,-0.8,1300,1456600,"B"
"VNM","13:50:43",69.6,-0.7,100,1455300,"S"
"VNM","13:50:41",69.5,-0.8,500,1455200,"B"
"VNM","13:50:40",69.6,-0.7,100,1454700,"S"
"VNM","13:50:36",69.6,-0.7,200,1454600,"S"
"VNM","13:50:29",69.6,-0.7,100,1454400,"S"
"VNM","13:50:29",69.5,-0.8,2800,1454300,"B"
"VNM","13:50:27",69.6,-0.7,200,1451500,"S"
"VNM","13:50:18",69.6,-0.7,200,1451300,"S"
"VNM","13:50:16",69.5,-0.8,1000,1451100,"B"
"VNM","13:50:13",69.5,-0.8,800,1450100,"B"
"VNM","13:50:11",69.5,-0.8,100,1449300,"B"
"VNM","13:50:04",69.5,-0.8,2800,1449200,"B"
"VNM","13:50:04",69.5,-0.8,200,1446400,"B"
"VNM","13:49:56",69.5,-0.8,2300,1446200,"B"
"VNM","13:49:54",69.5,-0.8,1200,1443900,"B"
"VNM","13:49:53",69.6,-0.7,100,1442700,"S"
"VNM","13:49:52",69.6,-0.7,100,1442600,"S"
"VNM","13:49:47",69.5,-0.8,4200,1442500,"B"
"VNM","13:49:42",69.6,-0.7,200,1438300,"B"
"VNM","13:49:34",69.5,-0.8,2600,1438100,"B"
"VNM","13:49:32",69.5,-0.8,5600,1435500,"B"
"VNM","13:49:28",69.7,-0.6,200,1429900,"B"
"VNM","13:49:19",69.7,-0.6,1200,1429700,"S"
"VNM","13:49:19",69.6,-0.7,600,1428500,"S"
"VNM","13:49:17",69.5,-0.8,1000,1427900,"B"
"VNM","13:49:16",69.5,-0.8,2300,1426900,"B"
"VNM","13:49:16",69.6,-0.7,16700,1424600,"B"
"VNM","13:49:13",69.6,-0.7,2700,1407900,"B"
"VNM","13:49:09",69.6,-0.7,400,1405200,"B"
"VNM","13:49:07",69.6,-0.7,2800,1404800,"B"
"VNM","13:49:05",69.7,-0.6,5000,1402000,"S"
"VNM","13:49:04",69.6,-0.7,1000,1397000,"B"
"VNM","13:49:03",69.6,-0.7,4200,1396000,"B"
"VNM","13:49:01",69.6,-0.7,200,1391800,"B"
"VNM","13:49:01",69.6,-0.7,1400,1391600,"B"
"VNM","13:49:00",69.6,-0.7,13000,1390200,"B"
"VNM","13:48:49",69.6,-0.7,300,1377200,"B"
"VNM","13:48:48",69.6,-0.7,500,1376900,"B"
"VNM","13:48:32",69.6,-0.7,2800,1376400,"B"
"VNM","13:48:30",69.6,-0.7,900,1373600,"B"
"VNM","13:48:30",69.7,-0.6,3300,1372700,"B"
"VNM","13:48:29",69.7,-0.6,400,1369400,"B"
"VNM","13:48:27",69.7,-0.6,300,1369000,"S"
"VNM","13:48:24",69.6,-0.7,3400,1368700,"B"
"VNM","13:48:18",69.7,-0.6,200,1365300,"B"
"VNM","13:48:10",69.6,-0.7,2700,1365100,"B"
"VNM","13:48:10",69.7,-0.6,100,1362400,"B"
"VNM","13:48:02",69.6,-0.7,200,1362300,"B"
"VNM","13:48:02",69.7,-0.6,2600,1362100,"B"
"VNM","13:47:59",69.7,-0.6,30000,1359500,"B"
"VNM","13:47:55",69.7,-0.6,2800,1329500,"B"
"VNM","13:47:51",69.7,-0.6,200,1326700,"B"
"VNM","13:47:49",69.7,-0.6,2800,1326500,"B"
"VNM","13:47:43",69.7,-0.6,1800,1323700,"B"
"VNM","13:47:42",69.7,-0.6,1000,1321900,"B"
"VNM","13:47:41",69.7,-0.6,500,1320900,"B"
"VNM","13:47:30",69.7,-0.6,2800,1320400,"B"
"VNM","13:47:28",69.7,-0.6,4100,1317600,"B"
"VNM","13:47:28",69.8,-0.5,100,1313500,"B"
"VNM","13:47:20",69.7,-0.6,1500,1313400,"B"
"VNM","13:47:20",69.8,-0.5,1300,1311900,"B"
"VNM","13:47:17",69.9,-0.4,200,1310600,"S"
"VNM","13:47:15",69.8,-0.5,200,1310400,"B"
"VNM","13:47:13",69.7,-0.6,2400,1310200,"B"
"VNM","13:47:13",69.8,-0.5,400,1307800,"B"
"VNM","13:46:57",69.8,-0.5,100,1307400,"B"
"VNM","13:46:47",69.7,-0.6,200,1307300,"B"
"VNM","13:46:47",69.8,-0.5,2600,1307100,"B"
"VNM","13:46:43",69.9,-0.4,1500,1304500,"S"
"VNM","13:46:39",69.8,-0.5,2800,1303000,"B"
"VNM","13:46:39",69.8,-0.5,1000,1300200,"B"
"VNM","13:46:29",69.8,-0.5,3000,1299200,"B"
"VNM","13:46:28",69.8,-0.5,2800,1296200,"B"
"VNM","13:46:26",69.8,-0.5,4200,1293400,"B"
"VNM","13:46:17",69.8,-0.5,5600,1289200,"B"
"VNM","13:46:12",69.8,-0.5,500,1283600,"B"
"VNM","13:46:10",69.8,-0.5,1200,1283100,"B"
"VNM","13:45:58",69.8,-0.5,3000,1281900,"B"
"VNM","13:45:57",69.8,-0.5,4200,1278900,"B"
"VNM","13:45:47",69.8,-0.5,100,1274700,"B"
"VNM","13:45:37",69.9,-0.4,100,1274600,"S"
"VNM","13:45:25",69.9,-0.4,1000,1274500,"S"
"VNM","13:45:18",69.9,-0.4,2000,1273500,"S"
"VNM","13:45:07",69.9,-0.4,100,1271500,"S"
"VNM","13:44:52",69.8,-0.5,500,1271400,"B"
"VNM","13:44:50",69.9,-0.4,500,1270900,"S"
"VNM","13:44:47",69.9,-0.4,100,1270400,"S"
"VNM","13:44:17",69.9,-0.4,600,1270300,"S"
"VNM","13:44:09",69.9,-0.4,100,1269700,"S"
"VNM","13:44:02",69.8,-0.5,5000,1269600,"B"
"VNM","13:44:01",69.9,-0.4,5000,1264600,"S"
"VNM","13:43:48",69.9,-0.4,1900,1259600,"B"
"VNM","13:43:40",69.9,-0.4,1900,1257700,"B"
"VNM","13:43:33",69.9,-0.4,200,1255800,"B"
"VNM","13:43:28",69.9,-0.4,700,1255600,"B"
"VNM","13:43:24",69.9,-0.4,100,1254900,"B"
"VNM","13:43:19",69.9,-0.4,800,1254800,"S"
"VNM","13:43:14",69.9,-0.4,500,1254000,"B"
"VNM","13:43:11",69.9,-0.4,400,1253500,"B"
"VNM","13:42:53",69.9,-0.4,600,1253100,"S"
"VNM","13:42:37",69.8,-0.5,300,1252500,"B"
"VNM","13:42:36",69.9,-0.4,2000,1252200,"S"
"VNM","13:42:12",69.8,-0.5,1000,1250200,"B"
"VNM","13:42:05",69.9,-0.4,100,1249200,"S"
"VNM","13:41:59",69.8,-0.5,1000,1249100,"B"
"VNM","13:41:58",69.8,-0.5,2100,1248100,"B"
"VNM","13:41:43",69.8,-0.5,200,1246000,"B"
"VNM","13:41:43",69.8,-0.5,500,1245800,"B"
"VNM","13:41:38",69.8,-0.5,1200,1245300,"B"
"VNM","13:41:37",69.9,-0.4,5000,1244100,"S"
"VNM","13:41:19",69.8,-0.5,900,1239100,"B"
"VNM","13:41:15",69.8,-0.5,200,1238200,"B"
"VNM","13:41:03",69.8,-0.5,4000,1238000,"B"
"VNM","13:40:54",69.8,-0.5,1400,1234000,"B"
"VNM","13:40:45",69.9,-0.4,3000,1232600,"B"
"VNM","13:40:28",69.9,-0.4,2100,1229600,"S"
"VNM","13:39:51",69.8,-0.5,500,1227500,"B"
"VNM","13:39:36",69.9,-0.4,10000,1227000,"S"
"VNM","13:39:26",69.8,-0.5,100,1217000,"S"
"VNM","13:39:25",69.8,-0.5,200,1216900,"S"
"VNM","13:39:23",69.8,-0.5,2000,1216700,"S"
"VNM","13:39:12",69.8,-0.5,500,1214700,"S"
"VNM","13:39:09",69.8,-0.5,5000,1214200,"S"
"VNM","13:39:02",69.8,-0.5,100,1209200,"S"
"VNM","13:38:32",69.8,-0.5,12600,1209100,"B"
"VNM","13:38:30",69.8,-0.5,5000,1196500,"B"
"VNM","13:37:54",69.9,-0.4,5000,1191500,"S"
"VNM","13:37:49",69.9,-0.4,2000,1186500,"S"
"VNM","13:37:47",69.8,-0.5,2800,1184500,"B"
"VNM","13:37:42",69.8,-0.5,4200,1181700,"B"
"VNM","13:37:39",69.9,-0.4,100,1177500,"S"
"VNM","13:37:37",69.9,-0.4,500,1177400,"S"
"VNM","13:37:29",69.9,-0.4,400,1176900,"S"
"VNM","13:37:26",69.9,-0.4,300,1176500,"S"
"VNM","13:37:05",69.9,-0.4,300,1176200,"S"
"VNM","13:36:47",69.9,-0.4,1000,1175900,"S"
"VNM","13:36:42",69.8,-0.5,1000,1174900,"B"
"VNM","13:36:40",69.9,-0.4,2700,1173900,"S"
"VNM","13:36:30",69.9,-0.4,2000,1171200,"S"
"VNM","13:36:19",69.8,-0.5,2800,1169200,"B"
"VNM","13:36:13",69.9,-0.4,10000,1166400,"B"
"VNM","13:36:03",69.9,-0.4,20000,1156400,"B"
"VNM","13:35:54",70,-0.3,100,1136400,"S"
"VNM","13:35:37",69.9,-0.4,100,1136300,"B"
"VNM","13:35:37",69.9,-0.4,2800,1136200,"B"
"VNM","13:35:06",69.9,-0.4,200,1133400,"B"
"VNM","13:34:59",69.9,-0.4,200,1133200,"B"
"VNM","13:34:41",69.9,-0.4,600,1133000,"B"
"VNM","13:34:25",69.9,-0.4,2100,1132400,"B"
"VNM","13:34:11",70,-0.3,200,1130300,"S"
"VNM","13:34:03",69.9,-0.4,5000,1130100,"B"
"VNM","13:33:56",69.9,-0.4,1300,1125100,"B"
"VNM","13:33:55",69.9,-0.4,600,1123800,"B"
"VNM","13:33:43",69.9,-0.4,200,1123200,"B"
"VNM","13:33:40",69.9,-0.4,1000,1123000,"B"
"VNM","13:33:31",69.9,-0.4,3000,1122000,"B"
"VNM","13:33:09",70,-0.3,600,1119000,"S"
"VNM","13:33:05",70,-0.3,100,1118400,"S"
"VNM","13:32:45",70,-0.3,1000,1118300,"S"
"VNM","13:32:37",70,-0.3,200,1117300,"S"
"VNM","13:32:26",70,-0.3,1600,1117100,"B"
"VNM","13:32:21",70,-0.3,300,1115500,"B"
"VNM","13:32:10",70,-0.3,200,1115200,"S"
"VNM","13:32:08",70,-0.3,500,1115000,"S"
"VNM","13:32:01",70,-0.3,100,1114500,"S"
"VNM","13:31:56",70,-0.3,300,1114400,"S"
"VNM","13:31:08",69.9,-0.4,200,1114100,"S"
"VNM","13:30:59",69.9,-0.4,100,1113900,"S"
"VNM","13:30:57",69.9,-0.4,100,1113800,"S"
"VNM","13:30:55",69.8,-0.5,8000,1113700,"B"
"VNM","13:30:53",69.9,-0.4,2100,1105700,"S"
"VNM","13:30:46",69.9,-0.4,900,1103600,"B"
"VNM","13:30:46",70,-0.3,800,1102700,"B"
"VNM","13:30:46",70.1,-0.2,200,1101900,"S"
"VNM","13:30:37",70,-0.3,100,1101700,"B"
"VNM","13:30:21",70,-0.3,100,1101600,"B"
"VNM","13:29:59",70.1,-0.2,1300,1101500,"S"
"VNM","13:29:46",70.1,-0.2,300,1100200,"S"
"VNM","13:29:02",70.1,-0.2,1900,1099900,"B"
"VNM","13:29:00",70.1,-0.2,1100,1098000,"S"
"VNM","13:28:59",70,-0.3,500,1096900,"B"
"VNM","13:28:40",70.1,-0.2,10000,1096400,"S"
"VNM","13:28:14",70,-0.3,100,1086400,"B"
"VNM","13:27:53",70,-0.3,500,1086300,"B"
"VNM","13:27:43",70,-0.3,1000,1085800,"B"
"VNM","13:27:40",70,-0.3,100,1084800,"B"
"VNM","13:27:25",70,-0.3,600,1084700,"S"
"VNM","13:27:11",70,-0.3,2700,1084100,"S"
"VNM","13:27:11",69.9,-0.4,100,1081400,"S"
"VNM","13:27:04",69.9,-0.4,200,1081300,"S"
"VNM","13:26:57",69.9,-0.4,3100,1081100,"S"
"VNM","13:26:55",69.8,-0.5,3300,1078000,"S"
"VNM","13:26:52",69.7,-0.6,1600,1074700,"B"
"VNM","13:26:47",69.8,-0.5,500,1073100,"S"
"VNM","13:26:46",69.7,-0.6,500,1072600,"B"
"VNM","13:26:44",69.8,-0.5,400,1072100,"S"
"VNM","13:26:42",69.8,-0.5,2500,1071700,"S"
"VNM","13:26:41",69.8,-0.5,200,1069200,"S"
"VNM","13:26:34",69.8,-0.5,100,1069000,"S"
"VNM","13:26:31",69.8,-0.5,5000,1068900,"S"
"VNM","13:26:29",69.8,-0.5,200,1063900,"S"
"VNM","13:26:27",69.8,-0.5,700,1063700,"S"
"VNM","13:26:25",69.8,-0.5,200,1063000,"S"
"VNM","13:26:21",69.8,-0.5,4200,1062800,"S"
"VNM","13:26:12",69.8,-0.5,200,1058600,"S"
"VNM","13:26:12",69.8,-0.5,800,1058400,"S"
"VNM","13:26:07",69.8,-0.5,100,1057600,"S"
"VNM","13:25:59",69.8,-0.5,2500,1057500,"S"
"VNM","13:25:53",69.7,-0.6,500,1055000,"B"
"VNM","13:25:50",69.7,-0.6,100,1054500,"B"
"VNM","13:25:50",69.8,-0.5,100,1054400,"S"
"VNM","13:25:44",69.8,-0.5,2700,1054300,"S"
"VNM","13:25:43",69.8,-0.5,100,1051600,"S"
"VNM","13:25:31",69.8,-0.5,100,1051500,"S"
"VNM","13:25:30",69.7,-0.6,300,1051400,"B"
"VNM","13:25:28",69.7,-0.6,300,1051100,"B"
"VNM","13:25:20",69.8,-0.5,500,1050800,"S"
"VNM","13:25:17",69.7,-0.6,100,1050300,"B"
"VNM","13:25:15",69.8,-0.5,400,1050200,"S"
"VNM","13:25:10",69.8,-0.5,500,1049800,"S"
"VNM","13:25:09",69.8,-0.5,300,1049300,"S"
"VNM","13:25:08",69.8,-0.5,100,1049000,"S"
"VNM","13:25:03",69.8,-0.5,300,1048900,"S"
"VNM","13:25:02",69.7,-0.6,10000,1048600,"B"
"VNM","13:24:51",69.7,-0.6,100,1038600,"B"
"VNM","13:24:48",69.7,-0.6,2000,1038500,"B"
"VNM","13:24:30",69.7,-0.6,500,1036500,"B"
"VNM","13:24:30",69.8,-0.5,200,1036000,"S"
"VNM","13:24:22",69.8,-0.5,1000,1035800,"B"
"VNM","13:24:13",69.7,-0.6,100,1034800,"B"
"VNM","13:24:11",69.8,-0.5,1300,1034700,"B"
"VNM","13:24:10",69.8,-0.5,5100,1033400,"B"
"VNM","13:24:06",69.8,-0.5,1000,1028300,"B"
"VNM","13:23:57",69.8,-0.5,10000,1027300,"B"
"VNM","13:23:57",69.9,-0.4,100,1017300,"S"
"VNM","13:23:42",69.8,-0.5,100,1017200,"B"
"VNM","13:23:35",69.8,-0.5,11000,1017100,"B"
"VNM","13:23:24",69.8,-0.5,100,1006100,"B"
"VNM","13:23:23",69.8,-0.5,100,1006000,"B"
"VNM","13:23:16",69.9,-0.4,2700,1005900,"B"
"VNM","13:23:14",69.9,-0.4,100,1003200,"B"
"VNM","13:23:14",69.9,-0.4,7000,1003100,"B"
"VNM","13:23:13",69.9,-0.4,400,996100,"B"
"VNM","13:23:08",69.9,-0.4,500,995700,"B"
"VNM","13:23:06",69.9,-0.4,10000,995200,"B"
"VNM","13:23:00",69.9,-0.4,6000,985200,"B"
"VNM","13:22:57",70,-0.3,10000,979200,"B"
"VNM","13:22:56",70,-0.3,100,969200,"B"
"VNM","13:22:53",70,-0.3,2800,969100,"B"
"VNM","13:22:52",70,-0.3,500,966300,"B"
"VNM","13:22:50",70,-0.3,6000,965800,"B"
"VNM","13:22:46",70,-0.3,10000,959800,"B"
"VNM","13:22:46",70,-0.3,2800,949800,"B"
"VNM","13:22:44",70,-0.3,2000,947000,"B"
"VNM","13:22:41",70,-0.3,5000,945000,"B"
"VNM","13:22:40",70,-0.3,500,940000,"B"
"VNM","13:22:37",70,-0.3,2800,939500,"B"
"VNM","13:22:30",70,-0.3,1400,936700,"B"
"VNM","13:22:27",70.1,-0.2,300,935300,"S"
"VNM","13:22:23",70.1,-0.2,100,935000,"S"
"VNM","13:22:21",70,-0.3,2800,934900,"B"
"VNM","13:22:05",70.1,-0.2,100,932100,"B"
"VNM","13:21:58",70.1,-0.2,600,932000,"B"
"VNM","13:21:56",70.1,-0.2,1000,931400,"B"
"VNM","13:21:42",70.1,-0.2,3000,930400,"B"
"VNM","13:21:33",70.1,-0.2,1000,927400,"B"
"VNM","13:21:02",70.1,-0.2,15000,926400,"B"
"VNM","13:20:57",70.2,-0.1,300,911400,"S"
"VNM","13:20:49",70.2,-0.1,3000,911100,"S"
"VNM","13:20:20",70.2,-0.1,200,908100,"S"
"VNM","13:20:17",70.2,-0.1,100,907900,"S"
"VNM","13:20:13",70.2,-0.1,600,907800,"S"
"VNM","13:20:08",70.2,-0.1,300,907200,"S"
"VNM","13:20:02",70.2,-0.1,2600,906900,"S"
"VNM","13:19:48",70.1,-0.2,400,904300,"B"
"VNM","13:19:48",70.2,-0.1,200,903900,"S"
"VNM","13:19:44",70.2,-0.1,100,903700,"S"
"VNM","13:19:42",70.1,-0.2,2000,903600,"B"
"VNM","13:19:37",70.1,-0.2,100,901600,"B"
"VNM","13:19:21",70.1,-0.2,100,901500,"B"
"VNM","13:19:17",70.1,-0.2,6000,901400,"B"
"VNM","13:19:11",70.1,-0.2,300,895400,"B"
"VNM","13:18:18",70.2,-0.1,300,895100,"S"
"VNM","13:17:34",70.1,-0.2,1000,894800,"B"
"VNM","13:17:30",70.1,-0.2,100,893800,"B"
"VNM","13:17:24",70.2,-0.1,200,893700,"S"
"VNM","13:17:07",70.2,-0.1,200,893500,"S"
"VNM","13:16:59",70.2,-0.1,2000,893300,"S"
"VNM","13:16:42",70.1,-0.2,400,891300,"B"
"VNM","13:16:22",70.2,-0.1,100,890900,"S"
"VNM","13:16:13",70.2,-0.1,600,890800,"S"
"VNM","13:16:11",70.2,-0.1,200,890200,"S"
"VNM","13:16:04",70.1,-0.2,100,890000,"B"
"VNM","13:16:02",70.2,-0.1,2000,889900,"S"
"VNM","13:15:57",70.2,-0.1,100,887900,"S"
"VNM","13:15:50",70.2,-0.1,1000,887800,"S"
"VNM","13:15:49",70.1,-0.2,300,886800,"B"
"VNM","13:15:39",70.1,-0.2,300,886500,"S"
"VNM","13:15:38",70.1,-0.2,100,886200,"S"
"VNM","13:15:33",70.1,-0.2,600,886100,"S"
"VNM","13:15:28",70.1,-0.2,1000,885500,"B"
"VNM","13:14:48",70.2,-0.1,100,884500,"S"
"VNM","13:14:44",70.2,-0.1,1400,884400,"S"
"VNM","13:14:35",70.1,-0.2,400,883000,"B"
"VNM","13:14:35",70.1,-0.2,1500,882600,"S"
"VNM","13:14:33",70.1,-0.2,100,881100,"S"
"VNM","13:14:27",70.1,-0.2,100,881000,"S"
"VNM","13:14:26",70.1,-0.2,100,880900,"S"
"VNM","13:14:25",70.1,-0.2,100,880800,"S"
"VNM","13:14:21",70.1,-0.2,200,880700,"S"
"VNM","13:14:18",70.1,-0.2,1200,880500,"S"
"VNM","13:14:14",70.1,-0.2,200,879300,"S"
"VNM","13:14:13",70.1,-0.2,200,879100,"S"
"VNM","13:14:13",70,-0.3,10000,878900,"B"
"VNM","13:14:05",70.1,-0.2,200,868900,"S"
"VNM","13:13:38",70.1,-0.2,600,868700,"S"
"VNM","13:13:34",70.1,-0.2,500,868100,"S"
"VNM","13:13:31",70,-0.3,5000,867600,"B"
"VNM","13:13:03",70,-0.3,100,862600,"B"
"VNM","13:12:49",70,-0.3,500,862500,"B"
"VNM","13:12:28",70.1,-0.2,200,862000,"S"
"VNM","13:12:26",70.1,-0.2,2000,861800,"B"
"VNM","13:11:59",70.1,-0.2,200,859800,"B"
"VNM","13:11:13",70.1,-0.2,5000,859600,"B"
"VNM","13:10:57",70.2,-0.1,100,854600,"S"
"VNM","13:10:53",70.2,-0.1,1100,854500,"B"
"VNM","13:10:32",70.2,-0.1,300,853400,"B"
"VNM","13:10:17",70.2,-0.1,1300,853100,"S"
"VNM","13:10:14",70.2,-0.1,1500,851800,"S"
"VNM","13:10:13",70.1,-0.2,2000,850300,"B"
"VNM","13:10:09",70.2,-0.1,10000,848300,"S"
"VNM","13:10:06",70.1,-0.2,3000,838300,"B"
"VNM","13:09:52",70.1,-0.2,200,835300,"B"
"VNM","13:09:44",70.1,-0.2,100,835100,"B"
"VNM","13:09:27",70.1,-0.2,500,835000,"B"
"VNM","13:09:16",70.1,-0.2,100,834500,"B"
"VNM","13:08:36",70.1,-0.2,100,834400,"B"
"VNM","13:08:04",70.1,-0.2,100,834300,"B"
"VNM","13:07:33",70.1,-0.2,100,834200,"B"
"VNM","13:07:27",70.1,-0.2,1100,834100,"B"
"VNM","13:07:14",70.1,-0.2,900,833000,"B"
"VNM","13:07:06",70.1,-0.2,7800,832100,"B"
"VNM","13:06:37",70.1,-0.2,1400,824300,"S"
"VNM","13:06:25",70,-0.3,2400,822900,"B"
"VNM","13:06:10",70,-0.3,2500,820500,"B"
"VNM","13:06:01",70.1,-0.2,100,818000,"S"
"VNM","13:05:41",70,-0.3,1600,817900,"B"
"VNM","13:05:41",70.1,-0.2,900,816300,"B"
"VNM","13:05:37",70.1,-0.2,500,815400,"B"
"VNM","13:05:29",70.1,-0.2,700,814900,"S"
"VNM","13:05:21",70.1,-0.2,200,814200,"S"
"VNM","13:05:12",70,-0.3,200,814000,"B"
"VNM","13:05:03",70,-0.3,2000,813800,"B"
"VNM","13:04:50",70,-0.3,700,811800,"B"
"VNM","13:04:48",70.1,-0.2,300,811100,"S"
"VNM","13:04:46",70.1,-0.2,2600,810800,"S"
"VNM","13:04:43",70,-0.3,300,808200,"B"
"VNM","13:04:28",70.1,-0.2,100,807900,"S"
"VNM","13:04:27",70,-0.3,500,807800,"B"
"VNM","13:04:09",70,-0.3,2000,807300,"B"
"VNM","13:03:38",70.2,-0.1,500,805300,"S"
"VNM","13:03:30",70.1,-0.2,100,804800,"B"
"VNM","13:03:28",70.2,-0.1,4500,804700,"S"
"VNM","13:03:18",70.2,-0.1,700,800200,"S"
"VNM","13:03:13",70,-0.3,1000,799500,"B"
"VNM","13:03:07",70.2,-0.1,1300,798500,"S"
"VNM","13:02:57",70,-0.3,5000,797200,"B"
"VNM","13:02:48",70.2,-0.1,1200,792200,"S"
"VNM","13:02:34",70.2,-0.1,1800,791000,"S"
"VNM","13:02:33",70,-0.3,3700,789200,"B"
"VNM","13:02:33",70.1,-0.2,1300,785500,"B"
"VNM","13:02:27",70.2,-0.1,2300,784200,"S"
"VNM","13:02:23",70,-0.3,20000,781900,"B"
"VNM","13:02:17",70.2,-0.1,500,761900,"S"
"VNM","13:02:10",70,-0.3,100,761400,"B"
"VNM","13:02:10",70.2,-0.1,500,761300,"S"
"VNM","13:02:10",70.1,-0.2,500,760800,"S"
"VNM","13:02:06",70,-0.3,2000,760300,"B"
"VNM","13:02:01",70.1,-0.2,1500,758300,"B"
"VNM","13:01:58",70.2,-0.1,1400,756800,"S"
"VNM","13:01:47",70.2,-0.1,2900,755400,"S"
"VNM","13:01:44",70.2,-0.1,100,752500,"S"
"VNM","13:01:40",70.2,-0.1,100,752400,"S"
"VNM","13:01:36",70.2,-0.1,2600,752300,"S"
"VNM","13:01:36",70.1,-0.2,100,749700,"S"
"VNM","13:01:27",70.1,-0.2,1300,749600,"S"
"VNM","13:01:26",70.1,-0.2,200,748300,"S"
"VNM","13:01:18",70.1,-0.2,300,748100,"S"
"VNM","13:01:13",70.1,-0.2,100,747800,"S"
"VNM","13:01:13",70,-0.3,200,747700,"B"
"VNM","13:01:11",70.1,-0.2,4200,747500,"S"
"VNM","13:01:06",70.1,-0.2,1400,743300,"S"
"VNM","13:00:53",70.1,-0.2,3400,741900,"B"
"VNM","13:00:53",70.1,-0.2,500,738500,"B"
"VNM","13:00:42",70.2,-0.1,100,738000,"S"
"VNM","13:00:39",70.1,-0.2,100,737900,"B"
"VNM","13:00:38",70.2,-0.1,1000,737800,"S"
"VNM","13:00:37",70.2,-0.1,100,736800,"S"
"VNM","13:00:37",70.2,-0.1,500,736700,"S"
"VNM","13:00:32",70,-0.3,4200,736200,"B"
"VNM","13:00:32",70.1,-0.2,800,732000,"B"
"VNM","13:00:29",70.1,-0.2,3200,731200,"B"
"VNM","13:00:27",70.1,-0.2,2000,728000,"B"
"VNM","13:00:26",70.1,-0.2,3500,726000,"B"
"VNM","13:00:26",70.1,-0.2,500,722500,"B"
"VNM","13:00:21",70.2,-0.1,10000,722000,"S"
"VNM","13:00:19",70.2,-0.1,200,712000,"S"
"VNM","13:00:17",70.1,-0.2,800,711800,"S"
"VNM","13:00:10",70,-0.3,3000,711000,"B"
"VNM","13:00:09",70.1,-0.2,3000,708000,"S"
"VNM","13:00:05",70,-0.3,37000,705000,"B"
"VNM","13:00:05",70.1,-0.2,11300,668000,"B"
"VNM","13:00:05",70.2,-0.1,500,656700,"S"
"VNM","13:00:04",70.2,-0.1,100,656200,"S"
"VNM","13:00:03",70.2,-0.1,1500,656100,"S"
"VNM","13:00:03",70.2,-0.1,300,654600,"S"
"VNM","13:00:03",70.1,-0.2,4500,654300,"B"
"VNM","13:00:03",70.2,-0.1,12000,649800,"B"
"VNM","13:00:02",70.2,-0.1,1700,637800,"B"
"VNM","11:29:57",70.2,-0.1,1500,636100,"B"
"VNM","11:29:01",70.2,-0.1,600,634600,"B"
"VNM","11:29:01",70.2,-0.1,900,634000,"B"
"VNM","11:28:50",70.2,-0.1,1200,633100,"B"
"VNM","11:28:46",70.2,-0.1,2000,631900,"B"
"VNM","11:28:28",70.2,-0.1,1300,629900,"B"
"VNM","11:28:27",70.2,-0.1,1700,628600,"B"
"VNM","11:28:06",70.2,-0.1,500,626900,"B"
"VNM","11:28:02",70.3,0,1000,626400,"S"
"VNM","11:27:19",70.2,-0.1,500,625400,"B"
"VNM","11:27:00",70.2,-0.1,1000,624900,"B"
"VNM","11:26:59",70.2,-0.1,5000,623900,"B"
"VNM","11:26:55",70.3,0,100,618900,"S"
"VNM","11:26:14",70.2,-0.1,2000,618800,"B"
"VNM","11:24:56",70.3,0,100,616800,"S"
"VNM","11:24:50",70.3,0,100,616700,"S"
"VNM","11:24:34",70.3,0,100,616600,"S"
"VNM","11:23:32",70.3,0,600,616500,"S"
"VNM","11:23:22",70.3,0,200,615900,"S"
"VNM","11:23:14",70.3,0,100,615700,"S"
"VNM","11:22:48",70.3,0,100,615600,"S"
"VNM","11:22:43",70.3,0,1000,615500,"S"
"VNM","11:22:38",70.3,0,200,614500,"S"
"VNM","11:22:36",70.3,0,2000,614300,"S"
"VNM","11:22:34",70.3,0,200,612300,"S"
"VNM","11:22:00",70.3,0,100,612100,"S"
"VNM","11:21:48",70.3,0,200,612000,"S"
"VNM","11:21:40",70.3,0,2000,611800,"S"
"VNM","11:21:08",70.3,0,100,609800,"S"
"VNM","11:21:07",70.3,0,500,609700,"B"
"VNM","11:21:02",70.3,0,500,609200,"S"
"VNM","11:20:54",70.3,0,800,608700,"B"
"VNM","11:20:41",70.3,0,1000,607900,"B"
"VNM","11:20:29",70.3,0,1000,606900,"B"
"VNM","11:20:16",70.3,0,1000,605900,"B"
"VNM","11:20:03",70.3,0,1000,604900,"B"
"VNM","11:19:50",70.3,0,1000,603900,"B"
"VNM","11:19:37",70.3,0,1000,602900,"B"
"VNM","11:19:30",70.3,0,16900,601900,"S"
"VNM","11:19:29",70.2,-0.1,100,585000,"B"
"VNM","11:19:27",70.3,0,200,584900,"S"
"VNM","11:19:23",70.3,0,2000,584700,"S"
"VNM","11:16:59",70.2,-0.1,9300,582700,"B"
"VNM","11:16:22",70.3,0,100,573400,"S"
"VNM","11:15:51",70.3,0,500,573300,"S"
"VNM","11:15:38",70.3,0,100,572800,"S"
"VNM","11:15:34",70.3,0,900,572700,"S"
"VNM","11:15:34",70.3,0,100,571800,"S"
"VNM","11:15:18",70.3,0,100,571700,"S"
"VNM","11:15:08",70.3,0,1400,571600,"S"
"VNM","11:15:05",70.3,0,12000,570200,"S"
"VNM","11:13:24",70.3,0,400,558200,"S"
"VNM","11:13:01",70.3,0,500,557800,"S"
"VNM","11:12:46",70.3,0,200,557300,"S"
"VNM","11:12:16",70.3,0,200,557100,"S"
"VNM","11:12:15",70.2,-0.1,200,556900,"B"
"VNM","11:10:49",70.2,-0.1,4200,556700,"B"
"VNM","11:09:58",70.3,0,400,552500,"S"
"VNM","11:09:48",70.3,0,3900,552100,"S"
"VNM","11:09:41",70.2,-0.1,2800,548200,"B"
"VNM","11:09:41",70.3,0,30400,545400,"B"
"VNM","11:09:27",70.3,0,2800,515000,"B"
"VNM","11:09:16",70.3,0,1000,512200,"B"
"VNM","11:08:39",70.4,0.1,300,511200,"S"
"VNM","11:07:22",70.4,0.1,100,510900,"S"
"VNM","11:06:57",70.4,0.1,100,510800,"S"
"VNM","11:06:24",70.3,0,2800,510700,"B"
"VNM","11:06:23",70.4,0.1,100,507900,"S"
"VNM","11:06:08",70.4,0.1,400,507800,"S"
"VNM","11:06:00",70.4,0.1,2000,507400,"B"
"VNM","11:05:59",70.4,0.1,1600,505400,"B"
"VNM","11:05:52",70.4,0.1,4200,503800,"B"
"VNM","11:05:40",70.4,0.1,600,499600,"B"
"VNM","11:05:10",70.4,0.1,600,499000,"B"
"VNM","11:04:39",70.4,0.1,600,498400,"B"
"VNM","11:04:28",70.4,0.1,1000,497800,"B"
"VNM","11:04:08",70.4,0.1,600,496800,"B"
"VNM","11:03:37",70.4,0.1,2000,496200,"B"
"VNM","11:03:10",70.4,0.1,1000,494200,"B"
"VNM","11:03:07",70.4,0.1,600,493200,"B"
"VNM","11:02:49",70.5,0.2,100,492600,"S"
"VNM","11:02:44",70.5,0.2,100,492500,"S"
"VNM","11:02:41",70.4,0.1,1000,492400,"B"
"VNM","11:02:36",70.4,0.1,600,491400,"B"
"VNM","11:02:32",70.4,0.1,2800,490800,"B"
"VNM","11:02:31",70.4,0.1,10000,488000,"B"
"VNM","11:02:05",70.4,0.1,600,478000,"B"
"VNM","11:02:02",70.4,0.1,2800,477400,"B"
"VNM","11:01:58",70.5,0.2,100,474600,"S"
"VNM","11:01:58",70.5,0.2,100,474500,"S"
"VNM","11:01:48",70.5,0.2,1200,474400,"S"
"VNM","11:01:45",70.5,0.2,10600,473200,"B"
"VNM","11:01:35",70.5,0.2,400,462600,"B"
"VNM","11:01:34",70.5,0.2,600,462200,"B"
"VNM","11:01:22",70.5,0.2,400,461600,"B"
"VNM","11:01:09",70.5,0.2,300,461200,"B"
"VNM","11:01:04",70.5,0.2,600,460900,"B"
"VNM","11:01:01",70.5,0.2,300,460300,"B"
"VNM","11:01:00",70.5,0.2,2500,460000,"B"
"VNM","11:00:57",70.5,0.2,400,457500,"B"
"VNM","11:00:52",70.5,0.2,2800,457100,"B"
"VNM","11:00:44",70.5,0.2,400,454300,"B"
"VNM","11:00:43",70.5,0.2,2800,453900,"B"
"VNM","11:00:33",70.5,0.2,600,451100,"B"
"VNM","11:00:30",70.5,0.2,400,450500,"B"
"VNM","11:00:26",70.5,0.2,2800,450100,"B"
"VNM","11:00:18",70.5,0.2,400,447300,"B"
"VNM","11:00:05",70.5,0.2,400,446900,"B"
"VNM","11:00:02",70.5,0.2,600,446500,"B"
"VNM","10:59:52",70.5,0.2,400,445900,"B"
"VNM","10:59:40",70.5,0.2,400,445500,"B"
"VNM","10:59:35",70.5,0.2,2800,445100,"B"
"VNM","10:59:31",70.5,0.2,600,442300,"B"
"VNM","10:59:27",70.5,0.2,400,441700,"B"
"VNM","10:59:14",70.5,0.2,400,441300,"B"
"VNM","10:59:08",70.5,0.2,100,440900,"B"
"VNM","10:59:02",70.5,0.2,400,440800,"B"
"VNM","10:59:01",70.5,0.2,100,440400,"B"
"VNM","10:59:00",70.5,0.2,600,440300,"B"
"VNM","10:58:49",70.5,0.2,400,439700,"B"
"VNM","10:58:44",70.5,0.2,2800,439300,"B"
"VNM","10:58:43",70.5,0.2,2800,436500,"B"
"VNM","10:58:36",70.5,0.2,300,433700,"B"
"VNM","10:58:29",70.5,0.2,600,433400,"B"
"VNM","10:58:24",70.5,0.2,400,432800,"B"
"VNM","10:58:11",70.5,0.2,400,432400,"B"
"VNM","10:57:58",70.5,0.2,600,432000,"B"
"VNM","10:57:58",70.5,0.2,400,431400,"B"
"VNM","10:57:58",70.6,0.3,400,431000,"S"
"VNM","10:57:45",70.5,0.2,400,430600,"B"
"VNM","10:57:33",70.5,0.2,400,430200,"B"
"VNM","10:57:28",70.5,0.2,600,429800,"B"
"VNM","10:57:20",70.5,0.2,400,429200,"B"
"VNM","10:57:07",70.5,0.2,400,428800,"B"
"VNM","10:56:57",70.5,0.2,600,428400,"B"
"VNM","10:56:55",70.5,0.2,400,427800,"B"
"VNM","10:56:47",70.6,0.3,500,427400,"S"
"VNM","10:56:42",70.5,0.2,400,426900,"B"
"VNM","10:56:29",70.5,0.2,400,426500,"B"
"VNM","10:56:26",70.5,0.2,600,426100,"B"
"VNM","10:56:20",70.6,0.3,2000,425500,"S"
"VNM","10:56:17",70.5,0.2,300,423500,"B"
"VNM","10:56:04",70.5,0.2,400,423200,"B"
"VNM","10:55:58",70.6,0.3,200,422800,"S"
"VNM","10:55:55",70.5,0.2,600,422600,"B"
"VNM","10:55:51",70.5,0.2,400,422000,"B"
"VNM","10:55:48",70.6,0.3,200,421600,"S"
"VNM","10:55:43",70.6,0.3,2000,421400,"S"
"VNM","10:55:39",70.5,0.2,400,419400,"B"
"VNM","10:55:26",70.5,0.2,400,419000,"B"
"VNM","10:55:24",70.5,0.2,600,418600,"B"
"VNM","10:55:13",70.5,0.2,400,418000,"B"
"VNM","10:55:12",70.6,0.3,500,417600,"S"
"VNM","10:55:01",70.5,0.2,400,417100,"B"
"VNM","10:54:54",70.5,0.2,600,416700,"B"
"VNM","10:54:48",70.5,0.2,400,416100,"B"
"VNM","10:54:35",70.5,0.2,400,415700,"B"
"VNM","10:54:23",70.5,0.2,600,415300,"B"
"VNM","10:54:22",70.5,0.2,400,414700,"B"
"VNM","10:54:11",70.6,0.3,100,414300,"S"
"VNM","10:54:10",70.5,0.2,300,414200,"B"
"VNM","10:53:57",70.5,0.2,400,413900,"B"
"VNM","10:53:52",70.5,0.2,600,413500,"B"
"VNM","10:53:44",70.5,0.2,400,412900,"B"
"VNM","10:53:32",70.5,0.2,400,412500,"B"
"VNM","10:53:21",70.5,0.2,600,412100,"B"
"VNM","10:53:19",70.6,0.3,100,411500,"B"
"VNM","10:53:06",70.6,0.3,400,411400,"B"
"VNM","10:52:59",70.6,0.3,200,411000,"B"
"VNM","10:52:58",70.6,0.3,200,410800,"S"
"VNM","10:52:55",70.6,0.3,200,410600,"S"
"VNM","10:52:54",70.6,0.3,3000,410400,"B"
"VNM","10:52:51",70.6,0.3,600,407400,"B"
"VNM","10:52:41",70.6,0.3,400,406800,"B"
"VNM","10:52:28",70.6,0.3,400,406400,"B"
"VNM","10:52:19",70.6,0.3,600,406000,"B"
"VNM","10:52:16",70.6,0.3,400,405400,"B"
"VNM","10:52:03",70.6,0.3,300,405000,"B"
"VNM","10:52:02",70.6,0.3,2000,404700,"B"
"VNM","10:51:57",70.6,0.3,1000,402700,"B"
"VNM","10:51:51",70.6,0.3,100,401700,"B"
"VNM","10:51:50",70.6,0.3,400,401600,"B"
"VNM","10:51:49",70.6,0.3,600,401200,"B"
"VNM","10:51:37",70.6,0.3,400,400600,"B"
"VNM","10:51:32",70.6,0.3,200,400200,"B"
"VNM","10:51:29",70.6,0.3,1100,400000,"B"
"VNM","10:51:25",70.6,0.3,400,398900,"B"
"VNM","10:51:18",70.6,0.3,600,398500,"B"
"VNM","10:51:17",70.6,0.3,100,397900,"B"
"VNM","10:51:12",70.6,0.3,400,397800,"B"
"VNM","10:50:59",70.6,0.3,400,397400,"B"
"VNM","10:50:47",70.6,0.3,1000,397000,"B"
"VNM","10:50:34",70.6,0.3,400,396000,"B"
"VNM","10:50:21",70.6,0.3,400,395600,"B"
"VNM","10:50:17",70.6,0.3,600,395200,"B"
"VNM","10:50:09",70.6,0.3,400,394600,"B"
"VNM","10:49:59",70.6,0.3,1500,394200,"B"
"VNM","10:49:56",70.6,0.3,400,392700,"B"
"VNM","10:49:46",70.6,0.3,600,392300,"B"
"VNM","10:49:43",70.6,0.3,800,391700,"B"
"VNM","10:49:31",70.6,0.3,400,390900,"B"
"VNM","10:49:18",70.6,0.3,400,390500,"B"
"VNM","10:49:15",70.5,0.2,600,390100,"B"
"VNM","10:49:05",70.5,0.2,400,389500,"B"
"VNM","10:49:00",70.5,0.2,2600,389100,"B"
"VNM","10:49:00",70.6,0.3,200,386500,"B"
"VNM","10:48:53",70.5,0.2,400,386300,"B"
"VNM","10:48:44",70.5,0.2,600,385900,"B"
"VNM","10:48:40",70.5,0.2,400,385300,"B"
"VNM","10:48:27",70.5,0.2,400,384900,"B"
"VNM","10:48:14",70.5,0.2,400,384500,"B"
"VNM","10:48:13",70.5,0.2,100,384100,"B"
"VNM","10:48:13",70.6,0.3,500,384000,"B"
"VNM","10:48:02",70.5,0.2,400,383500,"B"
"VNM","10:47:49",70.5,0.2,400,383100,"B"
"VNM","10:47:42",70.5,0.2,600,382700,"B"
"VNM","10:47:36",70.5,0.2,300,382100,"B"
"VNM","10:47:28",70.6,0.3,300,381800,"S"
"VNM","10:47:24",70.6,0.3,100,381500,"B"
"VNM","10:47:12",70.6,0.3,600,381400,"B"
"VNM","10:47:11",70.6,0.3,400,380800,"B"
"VNM","10:47:09",70.6,0.3,100,380400,"B"
"VNM","10:46:58",70.6,0.3,400,380300,"B"
"VNM","10:46:46",70.6,0.3,400,379900,"B"
"VNM","10:46:41",70.5,0.2,600,379500,"B"
"VNM","10:46:33",70.5,0.2,400,378900,"B"
"VNM","10:46:20",70.5,0.2,400,378500,"B"
"VNM","10:46:10",70.5,0.2,500,378100,"B"
"VNM","10:46:10",70.6,0.3,100,377600,"B"
"VNM","10:46:08",70.6,0.3,400,377500,"B"
"VNM","10:46:03",70.6,0.3,100,377100,"S"
"VNM","10:45:55",70.6,0.3,5000,377000,"S"
"VNM","10:45:55",70.5,0.2,400,372000,"B"
"VNM","10:45:42",70.5,0.2,400,371600,"B"
"VNM","10:45:39",70.5,0.2,600,371200,"B"
"VNM","10:45:30",70.5,0.2,400,370600,"B"
"VNM","10:45:17",70.5,0.2,400,370200,"B"
"VNM","10:45:08",70.5,0.2,600,369800,"B"
"VNM","10:45:04",70.5,0.2,400,369200,"B"
"VNM","10:44:51",70.5,0.2,500,368800,"B"
"VNM","10:44:48",70.5,0.2,100,368300,"B"
"VNM","10:44:39",70.5,0.2,500,368200,"B"
"VNM","10:44:37",70.5,0.2,600,367700,"B"
"VNM","10:44:37",70.6,0.3,200,367100,"B"
"VNM","10:44:33",70.6,0.3,300,366900,"S"
"VNM","10:44:26",70.6,0.3,100,366600,"B"
"VNM","10:44:14",70.6,0.3,400,366500,"S"
"VNM","10:44:13",70.6,0.3,100,366100,"B"
"VNM","10:44:07",70.5,0.2,300,366000,"B"
"VNM","10:44:07",70.6,0.3,300,365700,"B"
"VNM","10:44:01",70.6,0.3,400,365400,"B"
"VNM","10:43:48",70.6,0.3,400,365000,"B"
"VNM","10:43:43",70.7,0.4,100,364600,"S"
"VNM","10:43:38",70.7,0.4,100,364500,"S"
"VNM","10:43:36",70.5,0.2,600,364400,"B"
"VNM","10:43:35",70.5,0.2,400,363800,"B"
"VNM","10:43:23",70.5,0.2,400,363400,"B"
"VNM","10:43:10",70.5,0.2,400,363000,"B"
"VNM","10:43:05",70.5,0.2,600,362600,"B"
"VNM","10:42:57",70.5,0.2,500,362000,"B"
"VNM","10:42:52",70.5,0.2,400,361500,"S"
"VNM","10:42:45",70.5,0.2,100,361100,"B"
"VNM","10:42:40",70.5,0.2,100,361000,"S"
"VNM","10:42:35",70.4,0.1,600,360900,"B"
"VNM","10:42:27",70.5,0.2,200,360300,"S"
"VNM","10:42:19",70.5,0.2,200,360100,"B"
"VNM","10:42:04",70.4,0.1,500,359900,"B"
"VNM","10:41:55",70.5,0.2,400,359300,"S"
"VNM","10:41:54",70.5,0.2,100,358900,"B"
"VNM","10:41:42",70.5,0.2,500,358800,"S"
"VNM","10:41:33",70.4,0.1,600,358300,"B"
"VNM","10:41:17",70.4,0.1,100,357700,"B"
"VNM","10:41:02",70.4,0.1,600,357600,"B"
"VNM","10:40:43",70.6,0.3,100,357000,"S"
"VNM","10:40:38",70.6,0.3,400,356900,"B"
"VNM","10:40:34",70.6,0.3,1000,356500,"S"
"VNM","10:40:32",70.4,0.1,600,355500,"B"
"VNM","10:40:13",70.6,0.3,1500,354900,"S"
"VNM","10:40:13",70.5,0.2,2700,353400,"S"
"VNM","10:40:09",70.5,0.2,200,350700,"S"
"VNM","10:40:00",70.4,0.1,600,350500,"B"
"VNM","10:39:29",70.4,0.1,600,349900,"B"
"VNM","10:38:59",70.4,0.1,600,349300,"B"
"VNM","10:38:28",70.4,0.1,600,348700,"B"
"VNM","10:38:27",70.4,0.1,200,348100,"B"
"VNM","10:37:58",70.4,0.1,600,347900,"B"
"VNM","10:37:27",70.4,0.1,600,347300,"B"
"VNM","10:36:56",70.4,0.1,600,346700,"B"
"VNM","10:36:25",70.4,0.1,600,346100,"B"
"VNM","10:36:15",70.4,0.1,200,345500,"B"
"VNM","10:35:54",70.4,0.1,600,345300,"B"
"VNM","10:35:23",70.4,0.1,600,344700,"B"
"VNM","10:34:53",70.4,0.1,600,344100,"B"
"VNM","10:34:52",70.4,0.1,1700,343500,"B"
"VNM","10:34:33",70.5,0.2,500,341800,"S"
"VNM","10:34:21",70.4,0.1,600,341300,"B"
"VNM","10:33:51",70.4,0.1,600,340700,"B"
"VNM","10:33:19",70.4,0.1,600,340100,"B"
"VNM","10:33:04",70.4,0.1,1200,339500,"S"
"VNM","10:32:49",70.4,0.1,300,338300,"B"
"VNM","10:32:33",70.4,0.1,8900,338000,"B"
"VNM","10:32:32",70.4,0.1,100,329100,"B"
"VNM","10:32:18",70.4,0.1,600,329000,"B"
"VNM","10:31:47",70.4,0.1,600,328400,"B"
"VNM","10:31:25",70.5,0.2,300,327800,"S"
"VNM","10:31:20",70.4,0.1,1000,327500,"B"
"VNM","10:31:16",70.4,0.1,600,326500,"B"
"VNM","10:31:02",70.4,0.1,2900,325900,"B"
"VNM","10:30:45",70.4,0.1,600,323000,"B"
"VNM","10:30:41",70.4,0.1,1800,322400,"B"
"VNM","10:30:15",70.4,0.1,600,320600,"B"
"VNM","10:30:09",70.5,0.2,800,320000,"S"
"VNM","10:30:08",70.5,0.2,200,319200,"S"
"VNM","10:30:04",70.5,0.2,500,319000,"S"
"VNM","10:29:59",70.5,0.2,100,318500,"S"
"VNM","10:29:49",70.5,0.2,200,318400,"S"
"VNM","10:29:43",70.4,0.1,600,318200,"B"
"VNM","10:29:39",70.5,0.2,1300,317600,"S"
"VNM","10:29:38",70.5,0.2,200,316300,"S"
"VNM","10:29:12",70.4,0.1,600,316100,"B"
"VNM","10:28:49",70.5,0.2,3000,315500,"S"
"VNM","10:28:45",70.4,0.1,100,312500,"B"
"VNM","10:28:41",70.4,0.1,600,312400,"B"
"VNM","10:28:27",70.4,0.1,300,311800,"B"
"VNM","10:28:10",70.4,0.1,600,311500,"B"
"VNM","10:27:40",70.4,0.1,600,310900,"B"
"VNM","10:27:07",70.4,0.1,600,310300,"B"
"VNM","10:27:01",70.4,0.1,200,309700,"B"
"VNM","10:26:48",70.4,0.1,800,309500,"B"
"VNM","10:26:37",70.4,0.1,600,308700,"B"
"VNM","10:26:09",70.4,0.1,600,308100,"B"
"VNM","10:25:35",70.4,0.1,600,307500,"B"
"VNM","10:25:31",70.5,0.2,200,306900,"B"
"VNM","10:25:24",70.5,0.2,300,306700,"B"
"VNM","10:25:11",70.5,0.2,400,306400,"B"
"VNM","10:25:05",70.5,0.2,600,306000,"B"
"VNM","10:24:59",70.5,0.2,400,305400,"B"
"VNM","10:24:55",70.5,0.2,1000,305000,"B"
"VNM","10:24:46",70.5,0.2,400,304000,"B"
"VNM","10:24:33",70.5,0.2,600,303600,"B"
"VNM","10:24:29",70.5,0.2,300,303000,"B"
"VNM","10:24:03",70.5,0.2,600,302700,"B"
"VNM","10:23:32",70.5,0.2,600,302100,"B"
"VNM","10:23:30",70.5,0.2,2800,301500,"B"
"VNM","10:23:01",70.5,0.2,600,298700,"B"
"VNM","10:22:29",70.5,0.2,600,298100,"B"
"VNM","10:21:58",70.5,0.2,600,297500,"B"
"VNM","10:21:31",70.6,0.3,100,296900,"S"
"VNM","10:21:29",70.6,0.3,100,296800,"S"
"VNM","10:21:27",70.5,0.2,600,296700,"B"
"VNM","10:21:08",70.6,0.3,100,296100,"S"
"VNM","10:20:58",70.5,0.2,600,296000,"B"
"VNM","10:20:28",70.5,0.2,200,295400,"B"
"VNM","10:20:26",70.5,0.2,600,295200,"B"
"VNM","10:20:25",70.5,0.2,1400,294600,"B"
"VNM","10:20:19",70.5,0.2,1600,293200,"S"
"VNM","10:20:16",70.5,0.2,1500,291600,"S"
"VNM","10:20:09",70.4,0.1,1400,290100,"B"
"VNM","10:19:55",70.4,0.1,600,288700,"B"
"VNM","10:19:24",70.4,0.1,600,288100,"B"
"VNM","10:18:54",70.4,0.1,100,287500,"B"
"VNM","10:18:53",70.4,0.1,600,287400,"B"
"VNM","10:18:32",70.4,0.1,100,286800,"B"
"VNM","10:18:23",70.4,0.1,600,286700,"B"
"VNM","10:17:52",70.4,0.1,600,286100,"B"
"VNM","10:17:21",70.4,0.1,600,285500,"B"
"VNM","10:16:50",70.4,0.1,600,284900,"B"
"VNM","10:16:19",70.4,0.1,600,284300,"B"
"VNM","10:15:48",70.4,0.1,600,283700,"B"
"VNM","10:15:17",70.4,0.1,600,283100,"B"
"VNM","10:15:14",70.4,0.1,1200,282500,"B"
"VNM","10:15:08",70.5,0.2,100,281300,"S"
"VNM","10:14:46",70.4,0.1,600,281200,"B"
"VNM","10:14:42",70.5,0.2,100,280600,"S"
"VNM","10:14:40",70.5,0.2,1000,280500,"S"
"VNM","10:14:16",70.4,0.1,600,279500,"B"
"VNM","10:14:09",70.4,0.1,100,278900,"B"
"VNM","10:13:45",70.4,0.1,600,278800,"B"
"VNM","10:13:14",70.4,0.1,600,278200,"B"
"VNM","10:13:02",70.5,0.2,100,277600,"S"
"VNM","10:12:43",70.4,0.1,600,277500,"B"
"VNM","10:12:42",70.5,0.2,900,276900,"S"
"VNM","10:12:33",70.5,0.2,200,276000,"B"
"VNM","10:12:12",70.4,0.1,500,275800,"B"
"VNM","10:11:46",70.5,0.2,100,275200,"B"
"VNM","10:11:42",70.5,0.2,600,275100,"B"
"VNM","10:11:41",70.5,0.2,800,274500,"B"
"VNM","10:11:25",70.5,0.2,200,273700,"B"
"VNM","10:11:12",70.5,0.2,300,273500,"B"
"VNM","10:11:11",70.5,0.2,600,273200,"B"
"VNM","10:10:45",70.5,0.2,2000,272600,"B"
"VNM","10:10:40",70.5,0.2,600,270600,"B"
"VNM","10:10:10",70.5,0.2,600,270000,"B"
"VNM","10:09:56",70.5,0.2,2800,269400,"B"
"VNM","10:09:39",70.5,0.2,600,266600,"B"
"VNM","10:09:35",70.6,0.3,900,266000,"B"
"VNM","10:09:12",70.6,0.3,300,265100,"B"
"VNM","10:09:09",70.6,0.3,600,264800,"B"
"VNM","10:08:58",70.6,0.3,2000,264200,"B"
"VNM","10:08:38",70.6,0.3,600,262200,"B"
"VNM","10:08:33",70.6,0.3,100,261600,"B"
"VNM","10:08:07",70.6,0.3,600,261500,"B"
"VNM","10:07:47",70.6,0.3,2800,260900,"B"
"VNM","10:07:46",70.6,0.3,2800,258100,"B"
"VNM","10:07:37",70.6,0.3,600,255300,"B"
"VNM","10:07:28",70.7,0.4,1800,254700,"S"
"VNM","10:07:17",70.6,0.3,700,252900,"B"
"VNM","10:07:05",70.6,0.3,600,252200,"B"
"VNM","10:06:34",70.6,0.3,600,251600,"B"
"VNM","10:06:08",70.6,0.3,1000,251000,"B"
"VNM","10:06:04",70.6,0.3,600,250000,"B"
"VNM","10:05:59",70.6,0.3,300,249400,"B"
"VNM","10:05:54",70.6,0.3,100,249100,"B"
"VNM","10:05:49",70.6,0.3,100,249000,"B"
"VNM","10:05:33",70.6,0.3,600,248900,"B"
"VNM","10:05:05",70.6,0.3,1400,248300,"S"
"VNM","10:05:02",70.4,0.1,100,246900,"B"
"VNM","10:05:02",70.5,0.2,500,246800,"B"
"VNM","10:04:55",70.6,0.3,200,246300,"S"
"VNM","10:04:32",70.4,0.1,600,246100,"B"
"VNM","10:04:01",70.4,0.1,600,245500,"B"
"VNM","10:03:31",70.4,0.1,300,244900,"B"
"VNM","10:03:31",70.5,0.2,200,244600,"B"
"VNM","10:03:00",70.4,0.1,500,244400,"B"
"VNM","10:02:29",70.4,0.1,500,243900,"B"
"VNM","10:02:20",70.6,0.3,500,243400,"S"
"VNM","10:02:05",70.6,0.3,1700,242900,"S"
"VNM","10:02:05",70.5,0.2,300,241200,"S"
"VNM","10:01:58",70.4,0.1,500,240900,"B"
"VNM","10:01:27",70.4,0.1,500,240400,"B"
"VNM","10:01:22",70.4,0.1,4600,239900,"B"
"VNM","10:00:56",70.4,0.1,500,235300,"B"
"VNM","10:00:47",70.4,0.1,500,234800,"B"
"VNM","10:00:26",70.4,0.1,500,234300,"B"
"VNM","10:00:02",70.4,0.1,100,233800,"B"
"VNM","09:59:55",70.4,0.1,500,233700,"B"
"VNM","09:59:24",70.4,0.1,400,233200,"B"
"VNM","09:59:24",70.5,0.2,100,232800,"B"
"VNM","09:59:17",70.5,0.2,200,232700,"B"
"VNM","09:59:07",70.5,0.2,2100,232500,"S"
"VNM","09:59:01",70.5,0.2,100,230400,"S"
"VNM","09:58:56",70.5,0.2,3000,230300,"B"
"VNM","09:58:54",70.5,0.2,600,227300,"B"
"VNM","09:58:53",70.6,0.3,12000,226700,"B"
"VNM","09:58:38",70.6,0.3,200,214700,"B"
"VNM","09:58:23",70.7,0.4,500,214500,"S"
"VNM","09:57:47",70.7,0.4,200,214000,"S"
"VNM","09:57:26",70.7,0.4,1000,213800,"S"
"VNM","09:57:20",70.7,0.4,300,212800,"S"
"VNM","09:55:37",70.7,0.4,400,212500,"B"
"VNM","09:55:01",70.7,0.4,1200,212100,"S"
"VNM","09:54:50",70.6,0.3,3000,210900,"B"
"VNM","09:54:38",70.7,0.4,4300,207900,"B"
"VNM","09:54:12",70.7,0.4,200,203600,"B"
"VNM","09:53:45",70.7,0.4,1000,203400,"B"
"VNM","09:53:32",70.7,0.4,900,202400,"S"
"VNM","09:53:22",70.7,0.4,1100,201500,"B"
"VNM","09:52:52",70.8,0.5,11200,200400,"B"
"VNM","09:52:47",70.8,0.5,500,189200,"B"
"VNM","09:52:31",70.8,0.5,700,188700,"B"
"VNM","09:52:22",70.8,0.5,1000,188000,"B"
"VNM","09:50:59",70.8,0.5,2000,187000,"B"
"VNM","09:50:15",70.8,0.5,600,185000,"B"
"VNM","09:49:36",70.8,0.5,100,184400,"B"
"VNM","09:49:23",70.9,0.6,100,184300,"S"
"VNM","09:49:22",70.9,0.6,600,184200,"S"
"VNM","09:49:13",70.9,0.6,200,183600,"S"
"VNM","09:48:45",70.9,0.6,1000,183400,"B"
"VNM","09:48:20",70.9,0.6,400,182400,"B"
"VNM","09:48:15",70.9,0.6,7500,182000,"B"
"VNM","09:47:15",70.9,0.6,1400,174500,"S"
"VNM","09:47:14",70.9,0.6,500,173100,"S"
"VNM","09:47:05",70.9,0.6,200,172600,"S"
"VNM","09:46:33",70.9,0.6,1200,172400,"B"
"VNM","09:46:27",70.9,0.6,100,171200,"B"
"VNM","09:45:58",70.9,0.6,5000,171100,"B"
"VNM","09:45:48",70.9,0.6,2800,166100,"B"
"VNM","09:45:46",70.9,0.6,600,163300,"B"
"VNM","09:45:22",70.9,0.6,9900,162700,"S"
"VNM","09:45:16",70.8,0.5,300,152800,"B"
"VNM","09:45:15",70.9,0.6,200,152500,"S"
"VNM","09:45:04",70.9,0.6,2000,152300,"S"
"VNM","09:44:53",70.9,0.6,100,150300,"S"
"VNM","09:44:47",70.9,0.6,100,150200,"S"
"VNM","09:42:43",70.8,0.5,400,150100,"B"
"VNM","09:42:38",70.8,0.5,100,149700,"B"
"VNM","09:42:15",70.9,0.6,100,149600,"S"
"VNM","09:41:08",70.9,0.6,200,149500,"S"
"VNM","09:40:41",70.9,0.6,200,149300,"S"
"VNM","09:40:34",70.9,0.6,900,149100,"B"
"VNM","09:40:15",70.9,0.6,300,148200,"B"
"VNM","09:40:14",70.9,0.6,1800,147900,"B"
"VNM","09:40:11",70.9,0.6,100,146100,"B"
"VNM","09:39:54",70.9,0.6,100,146000,"B"
"VNM","09:39:37",71,0.7,100,145900,"S"
"VNM","09:39:22",71,0.7,1500,145800,"S"
"VNM","09:39:07",71,0.7,1500,144300,"S"
"VNM","09:38:53",71,0.7,1500,142800,"S"
"VNM","09:38:37",71,0.7,1500,141300,"S"
"VNM","09:38:28",70.9,0.6,5600,139800,"S"
"VNM","09:38:27",70.9,0.6,2400,134200,"S"
"VNM","09:38:25",70.9,0.6,1500,131800,"S"
"VNM","09:37:59",70.9,0.6,200,130300,"S"
"VNM","09:37:49",70.9,0.6,9900,130100,"B"
"VNM","09:37:48",70.9,0.6,500,120200,"B"
"VNM","09:37:43",70.9,0.6,2000,119700,"B"
"VNM","09:37:41",70.9,0.6,200,117700,"B"
"VNM","09:37:35",70.9,0.6,200,117500,"B"
"VNM","09:37:19",70.9,0.6,100,117300,"B"
"VNM","09:37:07",70.9,0.6,5600,117200,"B"
"VNM","09:36:56",70.9,0.6,500,111600,"B"
"VNM","09:35:53",70.9,0.6,100,111100,"B"
"VNM","09:35:43",70.9,0.6,300,111000,"B"
"VNM","09:35:09",70.9,0.6,2000,110700,"B"
"VNM","09:34:55",70.9,0.6,100,108700,"B"
"VNM","09:34:44",70.9,0.6,100,108600,"B"
"VNM","09:34:11",70.9,0.6,500,108500,"B"
"VNM","09:34:00",70.9,0.6,100,108000,"B"
"VNM","09:33:59",70.9,0.6,700,107900,"S"
"VNM","09:33:29",70.9,0.6,100,107200,"S"
"VNM","09:33:06",70.9,0.6,100,107100,"S"
"VNM","09:32:59",70.9,0.6,4200,107000,"S"
"VNM","09:32:52",70.9,0.6,100,102800,"B"
"VNM","09:32:39",70.9,0.6,1000,102700,"B"
"VNM","09:32:34",70.9,0.6,100,101700,"S"
"VNM","09:32:21",70.9,0.6,1500,101600,"S"
"VNM","09:31:04",70.9,0.6,100,100100,"S"
"VNM","09:30:41",70.9,0.6,100,100000,"S"
"VNM","09:30:37",70.9,0.6,900,99900,"B"
"VNM","09:30:21",70.9,0.6,3400,99000,"S"
"VNM","09:30:16",70.9,0.6,200,95600,"S"
"VNM","09:29:56",70.9,0.6,100,95400,"S"
"VNM","09:29:54",70.9,0.6,100,95300,"S"
"VNM","09:29:53",70.9,0.6,100,95200,"S"
"VNM","09:29:06",70.9,0.6,100,95100,"S"
"VNM","09:28:43",70.9,0.6,100,95000,"S"
"VNM","09:28:21",70.9,0.6,100,94900,"S"
"VNM","09:28:12",70.9,0.6,200,94800,"B"
"VNM","09:28:10",71,0.7,100,94600,"S"
"VNM","09:28:09",70.9,0.6,200,94500,"B"
"VNM","09:27:43",70.9,0.6,100,94300,"B"
"VNM","09:27:18",71,0.7,100,94200,"S"
"VNM","09:27:15",71,0.7,100,94100,"S"
"VNM","09:27:10",70.9,0.6,100,94000,"B"
"VNM","09:27:09",70.9,0.6,100,93900,"B"
"VNM","09:26:57",70.9,0.6,500,93800,"B"
"VNM","09:26:55",71,0.7,1500,93300,"S"
"VNM","09:26:54",71,0.7,100,91800,"S"
"VNM","09:26:49",71,0.7,200,91700,"S"
"VNM","09:26:40",71,0.7,1500,91500,"S"
"VNM","09:26:25",71,0.7,200,90000,"S"
"VNM","09:26:24",71,0.7,1500,89800,"S"
"VNM","09:26:08",71,0.7,1500,88300,"S"
"VNM","09:25:44",71,0.7,1000,86800,"S"
"VNM","09:25:32",71,0.7,200,85800,"S"
"VNM","09:25:22",71,0.7,900,85600,"S"
"VNM","09:25:19",71,0.7,1500,84700,"S"
"VNM","09:24:49",70.9,0.6,100,83200,"B"
"VNM","09:24:34",70.9,0.6,200,83100,"S"
"VNM","09:24:14",70.9,0.6,100,82900,"S"
"VNM","09:24:05",71,0.7,1400,82800,"S"
"VNM","09:24:05",70.9,0.6,2100,81400,"B"
"VNM","09:24:03",70.9,0.6,200,79300,"B"
"VNM","09:23:53",70.9,0.6,3400,79100,"B"
"VNM","09:23:47",71,0.7,1500,75700,"S"
"VNM","09:23:40",70.9,0.6,5000,74200,"B"
"VNM","09:23:23",70.9,0.6,3700,69200,"B"
"VNM","09:23:08",70.9,0.6,4000,65500,"B"
"VNM","09:23:02",70.9,0.6,4000,61500,"B"
"VNM","09:22:22",71,0.7,400,57500,"S"
"VNM","09:22:14",71,0.7,200,57100,"B"
"VNM","09:22:06",71,0.7,300,56900,"B"
"VNM","09:22:04",71,0.7,100,56600,"B"
"VNM","09:21:58",71,0.7,1100,56500,"B"
"VNM","09:21:53",71,0.7,100,55400,"B"
"VNM","09:21:52",71,0.7,200,55300,"B"
"VNM","09:21:35",71,0.7,500,55100,"B"
"VNM","09:21:27",71,0.7,400,54600,"B"
"VNM","09:20:57",71,0.7,400,54200,"S"
"VNM","09:20:32",71.1,0.8,5000,53800,"S"
"VNM","09:20:18",71.1,0.8,6000,48800,"S"
"VNM","09:20:07",71.1,0.8,100,42800,"S"
"VNM","09:19:43",71.1,0.8,300,42700,"B"
"VNM","09:19:37",71.1,0.8,400,42400,"B"
"VNM","09:19:29",71.1,0.8,600,42000,"B"
"VNM","09:19:28",71.1,0.8,100,41400,"B"
"VNM","09:19:26",71.1,0.8,5100,41300,"S"
"VNM","09:19:26",71,0.7,3500,36200,"S"
"VNM","09:19:21",71,0.7,500,32700,"S"
"VNM","09:19:06",71,0.7,1500,32200,"S"
"VNM","09:18:18",70.9,0.6,100,30700,"S"
"VNM","09:18:13",70.9,0.6,200,30600,"S"
"VNM","09:17:22",71,0.7,1800,30400,"B"
"VNM","09:17:21",71,0.7,2000,28600,"B"
"VNM","09:17:13",71,0.7,200,26600,"B"
"VNM","09:17:09",71,0.7,100,26400,"B"
"VNM","09:17:09",71,0.7,5000,26300,"B"
"VNM","09:17:07",71,0.7,800,21300,"B"
"VNM","09:16:53",71,0.7,1000,20500,"B"
"VNM","09:16:42",71,0.7,100,19500,"B"
"VNM","09:16:14",71,0.7,100,19400,"B"
"VNM","09:16:04",71,0.7,900,19300,"S"
"VNM","09:15:58",70.9,0.6,100,18400,"B"
"VNM","09:15:57",71,0.7,6000,18300,"S"
"VNM","09:15:54",71,0.7,1500,12300,"S"
"VNM","09:15:15",71,0.7,100,10800,"S"
"VNM","09:15:01",71,0.7,10700,10700,
