"price","change","match_qtty","side","time","total_vol"
7.8,0,5900,"","14:45:00",583700
7.79,-0.01,1100,"sd","14:29:20",577800
7.8,0,1900,"sd","14:29:20",576700
7.8,0,100,"bu","14:29:16",574800
7.79,-0.01,500,"sd","14:27:26",574700
7.8,0,8000,"bu","14:27:25",574200
7.8,0,200,"bu","14:27:11",566200
7.79,-0.01,100,"sd","14:26:37",566000
7.79,-0.01,700,"sd","14:26:34",565900
7.8,0,1000,"bu","14:26:30",565200
7.79,-0.01,3000,"sd","14:26:04",564200
7.8,0,5700,"sd","14:25:50",561200
7.8,0,3000,"sd","14:25:48",555500
7.8,0,1000,"sd","14:25:45",552500
7.8,0,2000,"sd","14:25:34",551500
7.81,0.01,500,"sd","14:25:27",549500
7.81,0.01,100,"sd","14:23:07",549000
7.82,0.02,300,"bu","14:23:06",548900
7.81,0.01,100,"bu","14:20:58",548600
7.81,0.01,900,"sd","14:20:52",548500
7.81,0.01,500,"sd","14:20:22",547600
7.8,0,2000,"sd","14:17:35",547100
7.8,0,2000,"bu","14:13:28",545100
7.79,-0.01,1000,"sd","14:13:22",543100
7.8,0,2400,"bu","14:13:17",542100
7.8,0,500,"bu","14:12:43",539700
7.8,0,700,"bu","14:12:37",539200
7.8,0,100,"bu","14:12:31",538500
7.8,0,200,"bu","14:12:13",538400
7.8,0,1000,"bu","14:11:57",538200
7.8,0,500,"bu","14:10:59",537200
7.79,-0.01,3200,"bu","14:10:20",536700
7.79,-0.01,1500,"bu","14:10:10",533500
7.79,-0.01,2000,"bu","14:09:39",532000
7.79,-0.01,100,"bu","14:09:16",530000
7.79,-0.01,1000,"bu","14:08:35",529900
7.79,-0.01,3000,"bu","14:07:35",528900
7.78,-0.02,5000,"sd","14:06:49",525900
7.78,-0.02,2800,"bu","14:06:40",520900
7.78,-0.02,100,"bu","14:06:24",518100
7.77,-0.03,500,"bu","14:05:45",518000
7.77,-0.03,500,"bu","14:05:10",517500
7.77,-0.03,300,"sd","14:05:04",517000
7.77,-0.03,700,"sd","14:04:51",516700
7.77,-0.03,1000,"sd","14:04:45",516000
7.78,-0.02,100,"bu","14:04:28",515000
7.78,-0.02,100,"sd","14:03:38",514900
7.78,-0.02,4000,"sd","14:02:59",514800
7.78,-0.02,4000,"sd","14:02:44",510800
7.79,-0.01,500,"sd","14:01:45",506800
7.79,-0.01,500,"bu","14:01:34",506300
7.79,-0.01,13500,"sd","14:01:29",505800
7.79,-0.01,1000,"sd","14:01:23",492300
7.79,-0.01,200,"sd","14:00:55",491300
7.79,-0.01,2500,"sd","14:00:38",491100
7.8,0,5000,"bu","14:00:33",488600
7.8,0,400,"bu","14:00:24",483600
7.8,0,100,"bu","14:00:15",483200
7.8,0,200,"bu","13:59:50",483100
7.8,0,1500,"bu","13:57:27",482900
7.8,0,1000,"bu","13:56:48",481400
7.8,0,100,"bu","13:56:47",480400
7.8,0,10000,"bu","13:56:45",480300
7.8,0,10000,"bu","13:56:31",470300
7.8,0,100,"bu","13:55:35",460300
7.8,0,5000,"bu","13:55:29",460200
7.8,0,200,"bu","13:55:16",455200
7.8,0,100,"bu","13:53:46",455000
7.8,0,500,"bu","13:53:03",454900
7.79,-0.01,500,"sd","13:51:38",454400
7.8,0,800,"bu","13:51:15",453900
7.8,0,300,"sd","13:50:49",453100
7.8,0,1000,"sd","13:50:45",452800
7.8,0,1000,"sd","13:50:39",451800
7.8,0,7800,"sd","13:50:11",450800
7.8,0,400,"sd","13:47:57",443000
7.8,0,12800,"sd","13:47:31",442600
7.8,0,9200,"sd","13:47:31",429800
7.81,0.01,12600,"sd","13:47:31",420600
7.82,0.02,5400,"sd","13:47:31",408000
7.83,0.03,1000,"sd","13:46:36",402600
7.83,0.03,1000,"sd","13:45:33",401600
7.83,0.03,1500,"sd","13:45:26",400600
7.83,0.03,300,"sd","13:44:22",399100
7.83,0.03,15000,"sd","13:44:20",398800
7.83,0.03,2200,"bu","13:42:22",383800
7.82,0.02,9500,"sd","13:42:07",381600
7.83,0.03,6800,"sd","13:41:58",372100
7.83,0.03,2300,"sd","13:41:42",365300
7.85,0.05,1400,"sd","13:39:33",363000
7.85,0.05,900,"sd","13:39:16",361600
7.85,0.05,2000,"sd","13:39:15",360700
7.85,0.05,200,"sd","13:38:45",358700
7.85,0.05,200,"sd","13:38:40",358500
7.85,0.05,1500,"bu","13:38:39",358300
7.85,0.05,500,"sd","13:36:38",356800
7.86,0.06,500,"bu","13:36:37",356300
7.86,0.06,10000,"bu","13:35:02",355800
7.85,0.05,1000,"bu","13:34:20",345800
7.83,0.03,8800,"bu","13:33:16",344800
7.82,0.02,2000,"sd","13:33:15",336000
7.83,0.03,100,"bu","13:33:02",334000
7.83,0.03,5000,"bu","13:31:55",333900
7.83,0.03,2800,"bu","13:31:34",328900
7.83,0.03,500,"bu","13:30:44",326100
7.83,0.03,1000,"bu","13:30:37",325600
7.83,0.03,500,"bu","13:30:26",324600
7.83,0.03,100,"bu","13:29:12",324100
7.81,0.01,6600,"sd","13:29:00",324000
7.81,0.01,2400,"sd","13:28:35",317400
7.81,0.01,500,"bu","13:27:42",315000
7.81,0.01,200,"bu","13:27:29",314500
7.81,0.01,1000,"sd","13:27:14",314300
7.81,0.01,500,"sd","13:26:26",313300
7.8,0,600,"sd","13:24:41",312800
7.81,0.01,4400,"sd","13:24:41",312200
7.81,0.01,500,"sd","13:23:25",307800
7.83,0.03,200,"bu","13:22:59",307300
7.81,0.01,900,"bu","13:22:55",307100
7.8,0,15600,"sd","13:22:38",306200
7.8,0,2700,"sd","13:22:27",290600
7.81,0.01,1900,"sd","13:21:42",287900
7.82,0.02,3200,"sd","13:21:42",286000
7.83,0.03,200,"sd","13:20:30",282800
7.83,0.03,300,"sd","13:19:55",282600
7.83,0.03,100,"bu","13:19:41",282300
7.83,0.03,300,"sd","13:18:31",282200
7.83,0.03,4900,"sd","13:17:34",281900
7.84,0.04,100,"sd","13:17:34",277000
7.84,0.04,500,"bu","13:15:15",276900
7.84,0.04,800,"sd","13:14:58",276400
7.84,0.04,18000,"sd","13:14:53",275600
7.85,0.05,400,"bu","13:13:13",257600
7.85,0.05,600,"bu","13:12:51",257200
7.85,0.05,400,"bu","13:10:52",256600
7.85,0.05,200,"bu","13:10:42",256200
7.85,0.05,1000,"sd","13:10:14",256000
7.85,0.05,2000,"sd","13:10:10",255000
7.85,0.05,2000,"bu","13:09:35",253000
7.85,0.05,500,"bu","13:09:13",251000
7.85,0.05,100,"bu","13:08:58",250500
7.85,0.05,1000,"bu","13:08:21",250400
7.85,0.05,1600,"bu","13:06:59",249400
7.83,0.03,2000,"sd","13:05:42",247800
7.83,0.03,1000,"sd","13:02:54",245800
7.83,0.03,3200,"sd","13:00:39",244800
7.84,0.04,200,"sd","13:00:39",241600
7.85,0.05,100,"sd","13:00:39",241400
7.86,0.06,200,"bu","13:00:11",241300
7.86,0.06,400,"bu","13:00:10",241100
7.84,0.04,1800,"sd","13:00:07",240700
7.85,0.05,700,"sd","13:00:07",238900
7.86,0.06,500,"bu","13:00:02",238200
7.86,0.06,3600,"sd","13:00:01",237700
7.86,0.06,100,"sd","11:28:50",234100
7.86,0.06,4800,"bu","11:27:44",234000
7.85,0.05,400,"bu","11:26:46",229200
7.84,0.04,500,"sd","11:25:47",228800
7.84,0.04,300,"sd","11:24:47",228300
7.84,0.04,300,"bu","11:21:26",228000
7.84,0.04,1400,"sd","11:20:54",227700
7.84,0.04,1000,"sd","11:16:19",226300
7.84,0.04,1000,"sd","11:16:07",225300
7.84,0.04,6600,"bu","11:09:05",224300
7.84,0.04,500,"bu","11:07:54",217700
7.83,0.03,300,"bu","11:06:48",217200
7.83,0.03,100,"bu","11:06:22",216900
7.83,0.03,2000,"bu","11:06:16",216800
7.83,0.03,1000,"bu","11:06:14",214800
7.83,0.03,2000,"bu","11:05:26",213800
7.82,0.02,3000,"sd","11:03:15",211800
7.82,0.02,3000,"sd","11:02:41",208800
7.83,0.03,3000,"bu","11:02:39",205800
7.83,0.03,3200,"sd","11:00:36",202800
7.83,0.03,11000,"sd","11:00:28",199600
7.84,0.04,100,"bu","10:59:37",188600
7.84,0.04,5800,"sd","10:59:36",188500
7.84,0.04,6000,"sd","10:58:08",182700
7.84,0.04,500,"bu","10:53:03",176700
7.84,0.04,2500,"sd","10:52:46",176200
7.85,0.05,500,"sd","10:52:46",173700
7.85,0.05,100,"sd","10:52:38",173200
7.85,0.05,3000,"sd","10:52:25",173100
7.86,0.06,900,"sd","10:51:47",170100
7.86,0.06,500,"sd","10:51:19",169200
7.86,0.06,1000,"sd","10:50:05",168700
7.86,0.06,3400,"sd","10:46:59",167700
7.88,0.08,1000,"sd","10:44:13",164300
7.88,0.08,2000,"bu","10:40:47",163300
7.89,0.09,300,"bu","10:37:11",161300
7.86,0.06,100,"sd","10:37:01",161000
7.88,0.08,100,"bu","10:36:48",160900
7.87,0.07,600,"bu","10:36:28",160800
7.86,0.06,500,"sd","10:35:01",160200
7.86,0.06,500,"sd","10:32:13",159700
7.86,0.06,100,"sd","10:29:19",159200
7.89,0.09,500,"bu","10:26:11",159100
7.89,0.09,100,"bu","10:24:36",158600
7.86,0.06,2000,"sd","10:21:18",158500
7.86,0.06,100,"sd","10:21:04",156500
7.86,0.06,500,"sd","10:20:24",156400
7.86,0.06,2400,"bu","10:20:21",155900
7.86,0.06,5000,"bu","10:20:11",153500
7.86,0.06,800,"sd","10:18:21",148500
7.86,0.06,1000,"sd","10:15:11",147700
7.89,0.09,2000,"bu","10:14:19",146700
7.89,0.09,800,"bu","10:13:06",144700
7.89,0.09,200,"bu","10:12:52",143900
7.89,0.09,1000,"bu","10:11:47",143700
7.89,0.09,300,"sd","10:09:45",142700
7.89,0.09,100,"sd","10:09:12",142400
7.89,0.09,500,"sd","10:08:52",142300
7.89,0.09,6000,"sd","10:07:51",141800
7.89,0.09,2000,"sd","10:07:30",135800
7.89,0.09,11200,"bu","10:07:02",133800
7.89,0.09,200,"bu","10:03:26",122600
7.9,0.1,100,"bu","10:00:34",122400
7.9,0.1,300,"bu","09:58:23",122300
7.89,0.09,200,"bu","09:58:23",122000
7.9,0.1,200,"bu","09:55:05",121800
7.89,0.09,3800,"bu","09:55:05",121600
7.89,0.09,300,"bu","09:54:42",117800
7.84,0.04,2500,"sd","09:54:26",117500
7.89,0.09,9000,"bu","09:53:51",115000
7.88,0.08,100,"bu","09:52:53",106000
7.89,0.09,5000,"bu","09:51:19",105900
7.9,0.1,800,"sd","09:45:25",100900
7.9,0.1,100,"sd","09:45:13",100100
7.9,0.1,100,"sd","09:44:59",100000
7.9,0.1,3000,"sd","09:44:54",99900
7.92,0.12,5000,"bu","09:44:09",96900
7.92,0.12,2000,"bu","09:43:59",91900
7.92,0.12,300,"bu","09:42:52",89900
7.9,0.1,5000,"sd","09:42:33",89600
7.9,0.1,100,"sd","09:42:13",84600
7.9,0.1,1000,"sd","09:41:54",84500
7.9,0.1,500,"sd","09:41:32",83500
7.9,0.1,21000,"bu","09:41:22",83000
7.9,0.1,100,"bu","09:38:33",62000
7.9,0.1,1500,"bu","09:37:31",61900
7.9,0.1,200,"bu","09:37:07",60400
7.9,0.1,1700,"sd","09:37:06",60200
7.9,0.1,2000,"sd","09:36:57",58500
7.9,0.1,500,"sd","09:36:36",56500
7.9,0.1,2000,"sd","09:36:29",56000
7.9,0.1,500,"sd","09:35:25",54000
7.92,0.12,300,"sd","09:34:53",53500
7.92,0.12,2000,"sd","09:34:49",53200
7.92,0.12,1000,"sd","09:33:39",51200
7.93,0.13,700,"bu","09:32:28",50200
7.92,0.12,600,"bu","09:32:18",49500
7.9,0.1,200,"sd","09:31:34",48900
7.92,0.12,100,"sd","09:31:13",48700
7.92,0.12,100,"sd","09:30:59",48600
7.92,0.12,500,"sd","09:30:53",48500
7.9,0.1,500,"sd","09:30:32",48000
7.9,0.1,5000,"sd","09:30:14",47500
7.9,0.1,6700,"bu","09:29:28",42500
7.9,0.1,100,"bu","09:29:18",35800
7.9,0.1,900,"bu","09:29:16",35700
7.89,0.09,900,"bu","09:28:52",34800
7.89,0.09,1900,"bu","09:28:14",33900
7.89,0.09,8100,"bu","09:28:13",32000
7.89,0.09,200,"bu","09:28:10",23900
7.89,0.09,1600,"bu","09:27:38",23700
7.88,0.08,300,"bu","09:27:38",22100
7.88,0.08,200,"bu","09:26:46",21800
7.88,0.08,900,"bu","09:25:36",21600
7.88,0.08,1000,"bu","09:24:35",20700
7.88,0.08,700,"sd","09:24:08",19700
7.88,0.08,1300,"sd","09:24:00",19000
7.88,0.08,1000,"sd","09:23:49",17700
7.88,0.08,100,"bu","09:23:23",16700
7.88,0.08,2000,"bu","09:22:47",16600
7.89,0.09,500,"bu","09:19:47",14600
7.89,0.09,300,"bu","09:18:32",14100
7.88,0.08,1700,"bu","09:18:32",13800
7.88,0.08,400,"bu","09:18:04",12100
7.88,0.08,1500,"sd","09:16:53",11700
7.88,0.08,1100,"bu","09:16:39",10200
7.81,0.01,2000,"sd","09:16:31",9100
7.88,0.08,1000,"bu","09:16:09",7100
7.88,0.08,100,"sd","09:15:48",6100
7.88,0.08,200,"sd","09:15:40",6000
7.88,0.08,700,"bu","09:15:30",5800
7.88,0.08,5100,"","09:15:00",5100
