"price","change","match_qtty","side","time","total_vol"
80,-0.5,57000,"","14:45:03",769300
80,-0.5,400,"sd","14:29:59",712300
80,-0.5,100,"sd","14:29:56",711900
80,-0.5,2900,"sd","14:29:52",711800
80,-0.5,2900,"sd","14:29:39",708900
80,-0.5,500,"sd","14:29:35",706000
80,-0.5,2900,"sd","14:29:25",705500
80,-0.5,500,"sd","14:29:13",702600
80,-0.5,2900,"sd","14:29:12",702100
80,-0.5,200,"sd","14:28:59",699200
80,-0.5,2900,"sd","14:28:56",699000
80,-0.5,1300,"sd","14:28:50",696100
80,-0.5,2900,"sd","14:28:39",694800
80,-0.5,2900,"sd","14:28:23",691900
80.1,-0.4,1000,"bu","14:28:21",689000
80.1,-0.4,500,"bu","14:28:11",688000
80,-0.5,2900,"sd","14:28:07",687500
80.1,-0.4,200,"bu","14:27:59",684600
80,-0.5,2900,"sd","14:27:53",684400
80,-0.5,2900,"sd","14:27:35",681500
80,-0.5,1900,"sd","14:27:24",678600
80.1,-0.4,2900,"sd","14:27:15",675700
80.1,-0.4,2900,"sd","14:27:11",672800
80.1,-0.4,2900,"sd","14:26:52",669900
80.1,-0.4,100,"sd","14:26:41",667000
80.1,-0.4,2900,"sd","14:26:33",666900
80.1,-0.4,2900,"sd","14:26:18",664000
80.1,-0.4,300,"sd","14:26:17",661100
80.1,-0.4,2900,"sd","14:25:56",660800
80.1,-0.4,2900,"sd","14:25:37",657900
80.1,-0.4,2900,"sd","14:25:23",655000
80.1,-0.4,2900,"sd","14:25:00",652100
80.1,-0.4,2900,"sd","14:24:40",649200
80.1,-0.4,2900,"sd","14:24:27",646300
80.1,-0.4,2900,"sd","14:24:10",643400
80.1,-0.4,2900,"sd","14:23:56",640500
80.1,-0.4,2900,"sd","14:23:17",637600
80.1,-0.4,1900,"sd","14:22:43",634700
80.1,-0.4,2900,"sd","14:22:17",631800
80.1,-0.4,2900,"sd","14:21:52",628900
80.1,-0.4,600,"sd","14:21:34",626000
80.2,-0.3,2300,"sd","14:21:34",625400
80.2,-0.3,2900,"sd","14:21:11",623100
80.2,-0.3,2900,"sd","14:20:54",620200
80.1,-0.4,2900,"sd","14:20:29",617300
80.1,-0.4,2900,"sd","14:20:08",614400
80.1,-0.4,1200,"sd","14:19:54",611500
80.2,-0.3,1700,"sd","14:19:54",610300
80.1,-0.4,5800,"sd","14:19:24",608600
80.1,-0.4,600,"sd","14:19:15",602800
80.1,-0.4,1800,"sd","14:19:01",602200
80.2,-0.3,4000,"sd","14:19:01",600400
80.1,-0.4,5100,"sd","14:18:41",596400
80.2,-0.3,700,"sd","14:18:41",591300
80.2,-0.3,5800,"sd","14:18:24",590600
80.1,-0.4,2200,"sd","14:17:15",584800
80.2,-0.3,3600,"sd","14:17:15",582600
80.1,-0.4,5800,"sd","14:16:29",579000
80.1,-0.4,5800,"sd","14:16:14",573200
80.1,-0.4,2700,"sd","14:16:08",567400
80.2,-0.3,200,"sd","14:16:08",564700
80.1,-0.4,5800,"sd","14:16:00",564500
80.1,-0.4,5800,"sd","14:15:48",558700
80.1,-0.4,5800,"sd","14:15:36",552900
80.1,-0.4,3600,"sd","14:15:29",547100
80.1,-0.4,2700,"sd","14:15:20",541300
80.2,-0.3,3100,"sd","14:15:20",538600
80.5,0,2700,"bu","14:15:15",535500
80.2,-0.3,1700,"sd","14:15:03",532800
80.3,-0.2,4100,"sd","14:15:03",531100
80.5,0,2000,"bu","14:13:42",527000
80.5,0,2600,"sd","14:13:23",525000
80.5,0,2000,"sd","14:12:51",522400
80.5,0,100,"bu","14:10:49",520400
80.5,0,100,"sd","14:10:38",520300
80.5,0,2900,"bu","14:09:56",520200
80.5,0,5000,"bu","14:09:48",517300
80.4,-0.1,10000,"bu","14:08:32",512300
80.2,-0.3,100,"sd","14:07:53",502300
80.2,-0.3,300,"sd","14:06:03",502200
80.4,-0.1,200,"bu","14:06:00",501900
80.2,-0.3,600,"sd","14:05:56",501700
80.4,-0.1,600,"bu","14:05:29",501100
80.3,-0.2,200,"bu","14:05:29",500500
80.3,-0.2,4800,"sd","14:05:28",500300
80.3,-0.2,500,"sd","14:05:24",495500
80.3,-0.2,100,"sd","14:05:05",495000
80.3,-0.2,500,"sd","14:04:39",494900
80.4,-0.1,200,"bu","14:02:59",494400
80.4,-0.1,1800,"sd","14:02:38",494200
80.5,0,100,"bu","14:00:36",492400
80.4,-0.1,100,"sd","13:58:45",492300
80.4,-0.1,100,"bu","13:57:36",492200
80.4,-0.1,100,"bu","13:57:19",492100
80.4,-0.1,100,"bu","13:57:04",492000
80.5,0,100,"bu","13:56:59",491900
80.4,-0.1,200,"sd","13:56:31",491800
80.5,0,500,"bu","13:56:30",491600
80.5,0,3900,"bu","13:56:28",491100
80.5,0,200,"bu","13:55:29",487200
80.4,-0.1,1300,"sd","13:55:00",487000
80.4,-0.1,1000,"sd","13:54:45",485600
80.4,-0.1,100,"sd","13:54:22",484600
80.5,0,200,"bu","13:52:59",484500
80.5,0,1400,"bu","13:52:29",484300
80.4,-0.1,400,"sd","13:52:21",482900
80.4,-0.1,4100,"bu","13:52:20",482500
80.4,-0.1,5000,"bu","13:52:14",478400
80.4,-0.1,100,"bu","13:51:19",473400
80.4,-0.1,100,"bu","13:48:29",473300
80.3,-0.2,1000,"sd","13:48:11",473200
80.4,-0.1,100,"bu","13:45:00",472200
80.3,-0.2,1000,"sd","13:44:38",472100
80.3,-0.2,100,"sd","13:44:21",471100
80.3,-0.2,200,"bu","13:43:59",471000
80.3,-0.2,300,"bu","13:43:53",470800
80.3,-0.2,1200,"bu","13:43:29",470500
80.3,-0.2,1000,"bu","13:43:06",469300
80.2,-0.3,300,"sd","13:43:01",468300
80.3,-0.2,7300,"sd","13:43:00",468000
80.3,-0.2,200,"sd","13:40:14",460700
80.3,-0.2,500,"sd","13:39:30",460500
80.4,-0.1,100,"bu","13:37:59",460000
80.4,-0.1,1300,"bu","13:37:43",459900
80.3,-0.2,100,"sd","13:37:01",458600
80.4,-0.1,500,"bu","13:36:59",458500
80.4,-0.1,3400,"sd","13:36:52",458000
80.5,0,200,"bu","13:35:43",454600
80.5,0,100,"bu","13:35:32",454400
80.5,0,100,"bu","13:33:30",454300
80.4,-0.1,1000,"sd","13:33:23",454200
80.5,0,300,"bu","13:33:12",453200
80.5,0,100,"sd","13:30:49",452900
80.6,0.1,200,"bu","13:29:29",452800
80.6,0.1,900,"bu","13:29:16",452600
80.5,0,100,"sd","13:29:01",451700
80.6,0.1,400,"bu","13:29:00",451600
80.6,0.1,2600,"bu","13:28:54",451200
80.6,0.1,200,"bu","13:28:29",448600
80.5,0,900,"bu","13:28:23",448400
80.5,0,500,"bu","13:28:23",447500
80.6,0.1,100,"bu","13:27:59",447000
80.5,0,100,"sd","13:27:48",446900
80.6,0.1,900,"bu","13:27:31",446800
80.6,0.1,300,"bu","13:27:29",445900
80.5,0,100,"sd","13:27:21",445600
80.6,0.1,1000,"bu","13:27:18",445500
80.6,0.1,1000,"bu","13:27:12",444500
80.5,0,100,"bu","13:26:59",443500
80.5,0,1000,"bu","13:26:34",443400
80.5,0,200,"bu","13:24:59",442400
80.5,0,800,"bu","13:24:41",442200
80.4,-0.1,300,"sd","13:24:31",441400
80.5,0,800,"bu","13:24:29",441100
80.5,0,5500,"bu","13:24:28",440300
80.5,0,300,"bu","13:22:59",434800
80.5,0,1600,"bu","13:22:54",434500
80.5,0,1000,"bu","13:22:29",432900
80.5,0,100,"bu","13:22:20",431900
80.4,-0.1,400,"sd","13:19:17",431800
80.5,0,400,"sd","13:18:20",431400
80.5,0,200,"sd","13:18:00",431000
80.5,0,500,"sd","13:15:50",430800
80.5,0,100,"sd","13:15:40",430300
80.6,0.1,200,"bu","13:13:59",430200
80.5,0,1400,"sd","13:13:32",430000
80.6,0.1,200,"bu","13:10:59",428600
80.5,0,1700,"bu","13:10:44",428400
80.5,0,100,"bu","13:10:29",426700
80.5,0,1000,"bu","13:10:16",426600
80.5,0,100,"sd","13:10:13",425600
80.5,0,300,"sd","13:09:48",425500
80.6,0.1,200,"bu","13:07:59",425200
80.5,0,100,"sd","13:07:58",425000
80.5,0,1500,"bu","13:07:47",424900
80.4,-0.1,300,"bu","13:07:00",423400
80.4,-0.1,1000,"bu","13:06:57",423100
80.4,-0.1,1000,"bu","13:06:29",422100
80.4,-0.1,600,"sd","13:06:24",421100
80.4,-0.1,200,"sd","13:06:11",420500
80.4,-0.1,5000,"sd","13:06:07",420300
80.5,0,1100,"bu","13:05:59",415300
80.4,-0.1,300,"sd","13:05:51",414200
80.5,0,7500,"sd","13:05:46",413900
80.5,0,100,"sd","13:05:26",406400
80.6,0.1,300,"bu","13:03:59",406300
80.5,0,100,"sd","13:03:51",406000
80.6,0.1,2000,"bu","13:03:45",405900
80.6,0.1,100,"bu","13:03:29",403900
80.6,0.1,1000,"bu","13:03:28",403800
80.6,0.1,400,"bu","13:00:59",402800
80.5,0,100,"sd","13:00:51",402400
80.5,0,2900,"sd","13:00:45",402300
80.5,0,200,"sd","13:00:09",399400
80.5,0,100,"sd","13:00:05",399200
80.6,0.1,100,"bu","11:29:00",399100
80.6,0.1,900,"bu","11:28:30",399000
80.5,0,300,"sd","11:28:21",398100
80.5,0,1300,"bu","11:28:20",397800
80.2,-0.3,3400,"bu","11:28:20",394900
80.2,-0.3,500,"bu","11:27:50",391500
80.2,-0.3,500,"bu","11:27:03",391000
80.2,-0.3,100,"bu","11:27:00",390500
80.2,-0.3,1200,"bu","11:26:30",390400
80.2,-0.3,1300,"sd","11:26:18",389200
80.3,-0.2,100,"sd","11:26:18",387900
80.2,-0.3,300,"sd","11:25:47",387800
80.3,-0.2,100,"bu","11:23:30",387500
80.3,-0.2,600,"bu","11:23:00",387400
80.2,-0.3,200,"bu","11:23:00",386800
80.3,-0.2,5000,"bu","11:22:44",386600
80.3,-0.2,400,"bu","11:22:30",381600
80.2,-0.3,100,"bu","11:22:30",381200
80.2,-0.3,100,"bu","11:22:12",381100
80.1,-0.4,200,"sd","11:22:01",381000
80.2,-0.3,3200,"bu","11:22:00",380800
80.1,-0.4,1000,"sd","11:21:51",377600
80.2,-0.3,20000,"bu","11:21:47",376600
80.1,-0.4,200,"sd","11:21:31",356600
80.2,-0.3,700,"bu","11:21:30",356400
80.1,-0.4,5000,"sd","11:21:26",355700
80.2,-0.3,100,"bu","11:21:00",350700
80.1,-0.4,1000,"sd","11:20:45",350600
80.2,-0.3,300,"bu","11:19:00",349600
80.1,-0.4,100,"sd","11:18:51",349300
80.2,-0.3,2000,"bu","11:18:45",349200
80.1,-0.4,100,"sd","11:18:09",347200
80.2,-0.3,400,"bu","11:18:00",347100
80.1,-0.4,100,"sd","11:17:52",346700
80.2,-0.3,3000,"bu","11:17:46",346600
80.1,-0.4,100,"sd","11:16:31",343600
80.2,-0.3,300,"bu","11:16:30",343500
80.1,-0.4,2000,"sd","11:16:28",343200
80.2,-0.3,100,"bu","11:14:00",341200
80.1,-0.4,1000,"sd","11:13:55",341100
80.1,-0.4,100,"sd","11:13:54",340100
80.2,-0.3,100,"bu","11:13:00",340000
80.1,-0.4,200,"sd","11:12:31",339900
80.2,-0.3,900,"bu","11:12:30",339700
80.1,-0.4,5000,"sd","11:12:21",338800
80.2,-0.3,1000,"bu","11:12:12",333800
80.2,-0.3,300,"bu","11:12:00",332800
80.1,-0.4,1200,"sd","11:11:49",332500
80.1,-0.4,200,"sd","11:11:38",331300
80.2,-0.3,800,"bu","11:11:30",331100
80.1,-0.4,200,"sd","11:11:21",330300
80.1,-0.4,5000,"sd","11:11:17",330100
80.2,-0.3,500,"bu","11:11:00",325100
80.1,-0.4,300,"sd","11:10:55",324600
80.1,-0.4,100,"sd","11:10:41",324300
80.2,-0.3,3000,"bu","11:10:40",324200
80.2,-0.3,200,"bu","11:09:00",321200
80.1,-0.4,1400,"sd","11:08:35",321000
80.2,-0.3,200,"bu","11:07:00",319600
80.2,-0.3,200,"bu","11:06:41",319400
80.1,-0.4,1000,"sd","11:06:37",319200
80.1,-0.4,100,"sd","11:06:31",318200
80.2,-0.3,300,"bu","11:06:30",318100
80.2,-0.3,2000,"bu","11:06:26",317800
80.1,-0.4,100,"sd","11:06:01",315800
80.2,-0.3,300,"bu","11:06:00",315700
80.2,-0.3,2000,"bu","11:05:52",315400
80.2,-0.3,200,"bu","11:05:31",313400
80.2,-0.3,100,"bu","11:04:30",313200
80.1,-0.4,700,"sd","11:04:25",313100
80.2,-0.3,100,"bu","11:03:50",312400
80.2,-0.3,300,"bu","11:03:00",312300
80.1,-0.4,100,"sd","11:02:41",312000
80.2,-0.3,2000,"bu","11:02:38",311900
80.2,-0.3,400,"bu","11:02:33",309900
80.2,-0.3,500,"bu","10:58:30",309500
80.1,-0.4,100,"sd","10:58:01",309000
80.2,-0.3,3300,"bu","10:58:00",308900
80.1,-0.4,2000,"sd","10:57:41",305600
80.1,-0.4,10000,"sd","10:57:39",303600
80.1,-0.4,10000,"sd","10:57:33",293600
80.2,-0.3,300,"bu","10:56:30",283600
80.1,-0.4,100,"sd","10:56:11",283300
80.2,-0.3,2000,"bu","10:56:03",283200
80.2,-0.3,200,"bu","10:55:59",281200
80.2,-0.3,100,"bu","10:53:30",281000
80.1,-0.4,700,"sd","10:53:06",280900
80.1,-0.4,100,"sd","10:52:21",280200
80.2,-0.3,100,"bu","10:49:30",280100
80.2,-0.3,800,"bu","10:49:00",280000
80.1,-0.4,200,"sd","10:48:51",279200
80.1,-0.4,5000,"sd","10:48:45",279000
80.2,-0.3,300,"bu","10:48:30",274000
80.1,-0.4,100,"sd","10:48:21",273700
80.2,-0.3,2000,"bu","10:48:14",273600
80.2,-0.3,100,"bu","10:46:15",271600
80.1,-0.4,100,"sd","10:46:01",271500
80.2,-0.3,300,"bu","10:46:00",271400
80.2,-0.3,2000,"bu","10:45:53",271100
80.2,-0.3,500,"bu","10:44:59",269100
80.1,-0.4,500,"sd","10:44:58",268600
80.1,-0.4,100,"sd","10:44:51",268100
80.1,-0.4,2900,"sd","10:44:51",268000
80.1,-0.4,400,"sd","10:44:47",265100
80.1,-0.4,200,"sd","10:42:31",264700
80.2,-0.3,300,"bu","10:39:59",264500
80.1,-0.4,100,"sd","10:39:41",264200
80.2,-0.3,2000,"bu","10:39:38",264100
80.2,-0.3,400,"bu","10:39:30",262100
80.1,-0.4,800,"sd","10:39:01",261700
80.2,-0.3,2200,"bu","10:39:00",260900
80.1,-0.4,13600,"bu","10:38:57",258700
80.1,-0.4,1000,"bu","10:38:54",245100
80.1,-0.4,300,"bu","10:38:30",244100
80,-0.5,100,"sd","10:38:01",243800
80.1,-0.4,2300,"bu","10:38:00",243700
80,-0.5,700,"sd","10:37:41",241400
80.1,-0.4,15000,"bu","10:37:40",240700
80.1,-0.4,200,"bu","10:37:00",225700
80.1,-0.4,500,"bu","10:36:53",225500
80,-0.5,200,"sd","10:36:31",225000
80.1,-0.4,1200,"bu","10:36:30",224800
80.1,-0.4,200,"bu","10:36:24",223600
80,-0.5,2900,"sd","10:36:21",223400
80,-0.5,200,"sd","10:36:02",220500
80.1,-0.4,4800,"sd","10:36:00",220300
80.2,-0.3,300,"bu","10:29:00",215500
80.1,-0.4,100,"sd","10:28:41",215200
80.1,-0.4,2000,"sd","10:28:38",215100
80.2,-0.3,100,"bu","10:28:30",213100
80.2,-0.3,1100,"bu","10:28:00",213000
80.1,-0.4,200,"sd","10:27:51",211900
80.1,-0.4,5000,"sd","10:27:47",211700
80.1,-0.4,100,"sd","10:27:31",206700
80.2,-0.3,2300,"bu","10:27:30",206600
80.1,-0.4,700,"sd","10:27:21",204300
80.1,-0.4,5000,"sd","10:27:14",203600
80.1,-0.4,9100,"bu","10:27:12",198600
80,-0.5,200,"sd","10:27:01",189500
80.1,-0.4,800,"bu","10:27:00",189300
80,-0.5,4000,"sd","10:26:51",188500
80.1,-0.4,500,"bu","10:26:49",184500
80.1,-0.4,600,"bu","10:26:38",184000
80.1,-0.4,300,"bu","10:26:30",183400
80,-0.5,100,"sd","10:26:11",183100
80.1,-0.4,2000,"bu","10:26:06",183000
80,-0.5,400,"sd","10:23:36",181000
80.1,-0.4,300,"bu","10:23:00",180600
80.1,-0.4,100,"bu","10:22:56",180300
80,-0.5,100,"sd","10:22:54",180200
80.1,-0.4,600,"bu","10:22:39",180100
80.1,-0.4,600,"bu","10:22:36",179500
80.1,-0.4,700,"bu","10:22:30",178900
80.1,-0.4,600,"bu","10:22:29",178200
80.1,-0.4,100,"bu","10:22:27",177600
80.1,-0.4,100,"bu","10:22:24",177500
80.1,-0.4,600,"bu","10:22:14",177400
80.1,-0.4,600,"bu","10:22:09",176800
80.1,-0.4,2600,"bu","10:22:03",176200
80.1,-0.4,400,"bu","10:22:00",173600
80.1,-0.4,600,"bu","10:21:53",173200
80.1,-0.4,900,"bu","10:21:47",172600
80.1,-0.4,600,"bu","10:21:38",171700
80.1,-0.4,100,"bu","10:21:33",171100
80.1,-0.4,600,"bu","10:21:31",171000
80.1,-0.4,100,"bu","10:20:30",170400
80.1,-0.4,500,"bu","10:20:20",170300
80.1,-0.4,500,"bu","10:20:17",169800
80.1,-0.4,100,"bu","10:19:50",169300
80.1,-0.4,200,"bu","10:19:29",169200
80,-0.5,100,"sd","10:19:24",169000
80.1,-0.4,100,"bu","10:19:19",168900
80.1,-0.4,100,"bu","10:19:00",168800
80,-0.5,1000,"sd","10:18:50",168700
80,-0.5,100,"sd","10:18:02",167700
80.1,-0.4,100,"bu","10:17:45",167600
80.1,-0.4,100,"bu","10:17:30",167500
80.1,-0.4,1200,"bu","10:17:00",167400
80.1,-0.4,400,"sd","10:16:48",166200
80.1,-0.4,3000,"sd","10:16:48",165800
80.2,-0.3,200,"sd","10:16:48",162800
80.2,-0.3,4000,"sd","10:16:31",162600
80.3,-0.2,600,"bu","10:16:30",158600
80.2,-0.3,4000,"sd","10:16:25",158000
80.3,-0.2,100,"bu","10:14:05",154000
80.3,-0.2,100,"bu","10:14:00",153900
80.3,-0.2,1000,"bu","10:13:32",153800
80.3,-0.2,100,"bu","10:10:00",152800
80.2,-0.3,1000,"sd","10:09:46",152700
80.3,-0.2,100,"bu","10:08:26",151700
80.2,-0.3,100,"sd","10:08:05",151600
80.3,-0.2,100,"bu","10:08:00",151500
80.3,-0.2,1000,"bu","10:07:57",151400
80.3,-0.2,100,"bu","10:04:30",150400
80.3,-0.2,100,"bu","10:04:10",150300
80.3,-0.2,800,"bu","10:04:00",150200
80.2,-0.3,5500,"sd","10:03:51",149400
80.3,-0.2,100,"bu","10:02:00",143900
80.2,-0.3,100,"sd","10:01:58",143800
80.3,-0.2,100,"bu","10:01:50",143700
80.3,-0.2,1000,"bu","10:01:30",143600
80.3,-0.2,3000,"sd","10:01:25",142600
80.3,-0.2,4000,"sd","10:01:14",139600
80.4,-0.1,200,"bu","10:01:03",135600
80.4,-0.1,100,"bu","10:01:00",135400
80.4,-0.1,700,"bu","10:00:30",135300
80.3,-0.2,5000,"sd","10:00:02",134600
80.4,-0.1,900,"sd","09:59:12",129600
80.4,-0.1,1000,"sd","09:58:11",128700
80.3,-0.2,900,"sd","09:55:15",127700
80.4,-0.1,200,"bu","09:55:07",126800
80.3,-0.2,200,"sd","09:54:35",126600
80.4,-0.1,100,"bu","09:54:28",126400
80.4,-0.1,200,"bu","09:54:22",126300
80.4,-0.1,17600,"sd","09:53:49",126100
80.4,-0.1,100,"sd","09:52:37",108500
80.5,0,200,"bu","09:50:15",108400
80.5,0,10000,"sd","09:49:14",108200
80.6,0.1,800,"bu","09:48:52",98200
80.6,0.1,100,"bu","09:45:44",97400
80.6,0.1,1000,"bu","09:44:55",97300
80.5,0,1000,"sd","09:44:21",96300
80.6,0.1,100,"bu","09:43:30",95300
80.6,0.1,100,"sd","09:42:58",95200
80.7,0.2,7900,"sd","09:34:19",95100
80.7,0.2,2100,"bu","09:33:56",87200
80.5,0,10600,"sd","09:33:55",85100
80.6,0.1,11300,"sd","09:33:55",74500
80.7,0.2,8800,"bu","09:33:49",63200
80.7,0.2,3400,"bu","09:33:31",54400
80.7,0.2,700,"sd","09:33:20",51000
80.8,0.3,1500,"bu","09:32:59",50300
80.7,0.2,1500,"bu","09:32:47",48800
80.7,0.2,2800,"bu","09:32:34",47300
80.7,0.2,3400,"bu","09:32:15",44500
80.7,0.2,1600,"bu","09:31:59",41100
80.7,0.2,2700,"bu","09:31:22",39500
80.7,0.2,3500,"bu","09:31:05",36800
80.7,0.2,1100,"bu","09:30:41",33300
80.6,0.1,1800,"bu","09:30:41",32200
80.6,0.1,4200,"bu","09:30:26",30400
80.6,0.1,2100,"bu","09:30:12",26200
80.6,0.1,3400,"bu","09:29:38",24100
80.6,0.1,2300,"bu","09:29:14",20700
80.6,0.1,2000,"sd","09:28:29",18400
80.6,0.1,100,"sd","09:28:02",16400
80.7,0.2,1500,"sd","09:27:44",16300
80.7,0.2,200,"bu","09:24:49",14800
80.7,0.2,400,"sd","09:23:24",14600
80.7,0.2,100,"bu","09:23:12",14200
80.7,0.2,300,"bu","09:22:53",14100
80.7,0.2,2000,"bu","09:21:47",13800
80.7,0.2,300,"bu","09:19:56",11800
80.7,0.2,1000,"bu","09:19:31",11500
80.7,0.2,4000,"bu","09:18:32",10500
80.7,0.2,100,"bu","09:18:25",6500
80.7,0.2,100,"bu","09:18:10",6400
80.6,0.1,100,"sd","09:18:09",6300
80.7,0.2,2000,"bu","09:18:03",6200
80.6,0.1,2000,"sd","09:17:04",4200
80.6,0.1,100,"sd","09:15:22",2200
80.7,0.2,2100,"","09:15:01",2100
