"price","change","match_qtty","side","time","total_vol"
26.5,-0.3,352300,"","14:45:03",6556300
26.55,-0.25,68100,"bu","14:29:55",6204000
26.55,-0.25,1200,"bu","14:29:55",6135900
26.55,-0.25,500,"bu","14:29:53",6134700
26.55,-0.25,200,"bu","14:29:52",6134200
26.55,-0.25,100,"bu","14:29:50",6134000
26.5,-0.3,50000,"sd","14:29:49",6133900
26.55,-0.25,5000,"bu","14:29:48",6083900
26.5,-0.3,500,"sd","14:29:43",6078900
26.55,-0.25,2500,"bu","14:29:42",6078400
26.55,-0.25,1000,"bu","14:29:41",6075900
26.55,-0.25,100,"bu","14:29:41",6074900
26.55,-0.25,24000,"sd","14:29:40",6074800
26.6,-0.2,1000,"bu","14:29:36",6050800
26.6,-0.2,400,"bu","14:29:35",6049800
26.6,-0.2,100,"bu","14:29:33",6049400
26.55,-0.25,300,"sd","14:29:23",6049300
26.6,-0.2,100,"bu","14:29:22",6049000
26.6,-0.2,1000,"bu","14:29:20",6048900
26.6,-0.2,200,"bu","14:29:17",6047900
26.55,-0.25,100,"sd","14:29:15",6047700
26.6,-0.2,1500,"bu","14:29:11",6047600
26.6,-0.2,200,"bu","14:29:09",6046100
26.6,-0.2,100,"bu","14:29:08",6045900
26.6,-0.2,1000,"bu","14:29:06",6045800
26.55,-0.25,900,"sd","14:29:05",6044800
26.6,-0.2,10000,"bu","14:29:04",6043900
26.6,-0.2,100,"bu","14:28:57",6033900
26.55,-0.25,9900,"sd","14:28:56",6033800
26.6,-0.2,600,"bu","14:28:54",6023900
26.6,-0.2,1200,"bu","14:28:48",6023300
26.6,-0.2,81600,"sd","14:28:46",6022100
26.65,-0.15,1000,"bu","14:28:44",5940500
26.6,-0.2,14200,"sd","14:28:44",5939500
26.6,-0.2,2000,"sd","14:28:43",5925300
26.6,-0.2,1100,"sd","14:28:40",5923300
26.6,-0.2,900,"sd","14:28:40",5922200
26.6,-0.2,14000,"sd","14:28:39",5921300
26.6,-0.2,4100,"sd","14:28:35",5907300
26.6,-0.2,200,"sd","14:28:30",5903200
26.6,-0.2,1000,"sd","14:28:22",5903000
26.65,-0.15,2000,"bu","14:28:21",5902000
26.65,-0.15,2600,"bu","14:28:17",5900000
26.65,-0.15,300,"bu","14:28:16",5897400
26.6,-0.2,5000,"sd","14:28:15",5897100
26.6,-0.2,1000,"sd","14:28:15",5892100
26.65,-0.15,800,"bu","14:28:14",5891100
26.65,-0.15,500,"bu","14:28:13",5890300
26.65,-0.15,200,"bu","14:28:10",5889800
26.65,-0.15,44500,"sd","14:28:08",5889600
26.65,-0.15,8000,"sd","14:28:06",5845100
26.7,-0.1,200,"bu","14:28:01",5837100
26.65,-0.15,3000,"sd","14:27:56",5836900
26.7,-0.1,300,"bu","14:27:56",5833900
26.7,-0.1,6000,"bu","14:27:49",5833600
26.7,-0.1,1200,"bu","14:27:41",5827600
26.65,-0.15,1000,"sd","14:27:38",5826400
26.7,-0.1,1000,"bu","14:27:38",5825400
26.7,-0.1,100,"bu","14:27:21",5824400
26.65,-0.15,3000,"sd","14:27:14",5824300
26.7,-0.1,400,"bu","14:27:09",5821300
26.7,-0.1,3000,"bu","14:27:01",5820900
26.7,-0.1,100,"bu","14:26:49",5817900
26.7,-0.1,600,"bu","14:26:45",5817800
26.7,-0.1,10000,"bu","14:26:44",5817200
26.7,-0.1,1100,"bu","14:26:44",5807200
26.7,-0.1,1000,"bu","14:26:43",5806100
26.7,-0.1,200,"bu","14:26:41",5805100
26.7,-0.1,100,"bu","14:26:37",5804900
26.7,-0.1,500,"sd","14:26:33",5804800
26.7,-0.1,1000,"sd","14:26:28",5804300
26.7,-0.1,6100,"sd","14:26:21",5803300
26.7,-0.1,2400,"sd","14:26:10",5797200
26.75,-0.05,100,"bu","14:26:09",5794800
26.7,-0.1,1000,"sd","14:26:08",5794700
26.75,-0.05,500,"bu","14:26:07",5793700
26.7,-0.1,500,"sd","14:26:06",5793200
26.7,-0.1,3000,"sd","14:26:03",5792700
26.75,-0.05,2000,"bu","14:25:51",5789700
26.75,-0.05,100,"bu","14:25:50",5787700
26.7,-0.1,800,"sd","14:25:44",5787600
26.7,-0.1,3000,"sd","14:25:37",5786800
26.7,-0.1,5000,"sd","14:25:31",5783800
26.7,-0.1,3400,"bu","14:25:21",5778800
26.7,-0.1,300,"bu","14:25:17",5775400
26.7,-0.1,100,"bu","14:25:12",5775100
26.7,-0.1,200,"bu","14:25:12",5775000
26.7,-0.1,100,"bu","14:25:11",5774800
26.7,-0.1,1000,"bu","14:25:09",5774700
26.7,-0.1,300,"bu","14:24:58",5773700
26.7,-0.1,1000,"bu","14:24:57",5773400
26.7,-0.1,200,"bu","14:24:56",5772400
26.7,-0.1,500,"bu","14:24:55",5772200
26.7,-0.1,1000,"bu","14:24:51",5771700
26.7,-0.1,200,"bu","14:24:49",5770700
26.65,-0.15,2300,"sd","14:24:49",5770500
26.7,-0.1,1000,"bu","14:24:46",5768200
26.7,-0.1,100,"bu","14:24:45",5767200
26.7,-0.1,700,"bu","14:24:44",5767100
26.7,-0.1,100,"bu","14:24:43",5766400
26.7,-0.1,5000,"bu","14:24:38",5766300
26.7,-0.1,1000,"bu","14:24:37",5761300
26.7,-0.1,1200,"bu","14:24:30",5760300
26.7,-0.1,2600,"sd","14:24:29",5759100
26.7,-0.1,1000,"sd","14:24:28",5756500
26.7,-0.1,2000,"sd","14:24:27",5749500
26.7,-0.1,1000,"bu","14:24:26",5747500
26.7,-0.1,1000,"bu","14:24:25",5746500
26.7,-0.1,100,"bu","14:24:22",5745500
26.75,-0.05,1800,"bu","14:24:15",5745400
26.7,-0.1,1200,"bu","14:24:15",5743600
26.7,-0.1,8800,"sd","14:24:13",5742400
26.75,-0.05,1700,"bu","14:23:39",5733600
26.7,-0.1,2300,"bu","14:23:39",5731900
26.7,-0.1,10000,"bu","14:23:38",5729600
26.7,-0.1,600,"bu","14:23:36",5719600
26.7,-0.1,100,"bu","14:23:29",5719000
26.7,-0.1,2000,"bu","14:23:20",5718900
26.7,-0.1,5000,"bu","14:23:12",5716900
26.7,-0.1,100,"bu","14:23:11",5711900
26.7,-0.1,300,"bu","14:23:02",5711800
26.7,-0.1,100,"bu","14:22:57",5711500
26.7,-0.1,500,"bu","14:22:55",5711400
26.7,-0.1,3000,"bu","14:22:54",5710900
26.7,-0.1,5200,"bu","14:22:53",5707900
26.7,-0.1,1000,"bu","14:22:51",5702700
26.7,-0.1,63300,"sd","14:22:46",5701700
26.75,-0.05,100,"bu","14:22:42",5638400
26.75,-0.05,2000,"bu","14:22:34",5638300
26.7,-0.1,6500,"sd","14:22:31",5636300
26.75,-0.05,500,"bu","14:22:25",5629800
26.75,-0.05,500,"bu","14:22:11",5629300
26.75,-0.05,1000,"bu","14:21:58",5628800
26.75,-0.05,8300,"sd","14:21:43",5627800
26.75,-0.05,15000,"sd","14:21:39",5619500
26.75,-0.05,1000,"sd","14:21:37",5604500
26.75,-0.05,200,"sd","14:21:32",5603500
26.75,-0.05,5000,"sd","14:21:29",5603300
26.75,-0.05,9000,"sd","14:21:23",5598300
26.8,0,57300,"sd","14:21:16",5589300
26.85,0.05,2000,"bu","14:21:15",5532000
26.8,0,200,"sd","14:21:08",5530000
26.8,0,500,"sd","14:21:03",5529800
26.85,0.05,1000,"bu","14:20:24",5529300
26.85,0.05,100,"bu","14:20:20",5528300
26.85,0.05,2100,"bu","14:20:09",5528200
26.8,0,2000,"sd","14:20:08",5526100
26.85,0.05,1200,"bu","14:20:06",5524100
26.85,0.05,200,"bu","14:20:02",5522900
26.85,0.05,8000,"bu","14:19:59",5522700
26.85,0.05,500,"bu","14:19:55",5514700
26.85,0.05,500,"bu","14:19:52",5514200
26.85,0.05,100,"bu","14:19:41",5513700
26.85,0.05,4500,"bu","14:19:15",5513600
26.85,0.05,100,"bu","14:19:12",5509100
26.8,0,2300,"sd","14:19:07",5509000
26.85,0.05,100,"bu","14:18:43",5506700
26.85,0.05,100,"bu","14:18:28",5506600
26.85,0.05,100,"bu","14:18:27",5506500
26.8,0,4000,"bu","14:18:15",5506400
26.8,0,1000,"bu","14:18:12",5502400
26.8,0,2000,"bu","14:18:00",5501400
26.8,0,100,"bu","14:17:54",5499400
26.8,0,43500,"sd","14:17:54",5499300
26.8,0,2000,"sd","14:17:40",5455800
26.8,0,2000,"sd","14:17:36",5453800
26.8,0,19000,"bu","14:17:36",5451800
26.8,0,1000,"bu","14:17:33",5432800
26.8,0,500,"bu","14:17:32",5431800
26.8,0,100,"bu","14:17:30",5431300
26.8,0,20000,"bu","14:17:26",5431200
26.8,0,3000,"bu","14:17:25",5411200
26.8,0,1300,"bu","14:17:24",5408200
26.8,0,1000,"bu","14:17:13",5406900
26.8,0,3500,"bu","14:17:12",5405900
26.8,0,800,"bu","14:17:10",5402400
26.8,0,5000,"bu","14:17:08",5401600
26.8,0,20000,"bu","14:17:05",5396600
26.8,0,100,"bu","14:16:45",5376600
26.8,0,100,"bu","14:16:41",5376500
26.8,0,600,"bu","14:16:29",5376400
26.8,0,10000,"bu","14:16:25",5375800
26.8,0,900,"bu","14:16:23",5365800
26.8,0,1200,"bu","14:15:53",5364900
26.8,0,600,"bu","14:15:53",5363700
26.8,0,300,"bu","14:15:52",5363100
26.8,0,5000,"bu","14:15:42",5362800
26.8,0,100,"bu","14:15:39",5357800
26.8,0,14000,"bu","14:15:36",5357700
26.8,0,1200,"bu","14:15:35",5343700
26.8,0,300,"bu","14:15:28",5342500
26.8,0,100,"bu","14:15:16",5342200
26.8,0,1500,"bu","14:15:16",5342100
26.8,0,500,"bu","14:15:09",5340600
26.8,0,200,"bu","14:14:59",5340100
26.8,0,100,"bu","14:14:57",5339900
26.8,0,300,"bu","14:14:48",5339800
26.8,0,1000,"bu","14:14:35",5339500
26.8,0,100,"bu","14:14:16",5338500
26.8,0,100,"bu","14:13:36",5338400
26.8,0,900,"bu","14:13:33",5338300
26.8,0,300,"bu","14:13:18",5337400
26.8,0,3000,"bu","14:13:09",5337100
26.8,0,500,"bu","14:13:01",5334100
26.8,0,300,"bu","14:12:50",5333600
26.75,-0.05,300,"sd","14:12:41",5333300
26.75,-0.05,1500,"sd","14:12:38",5333000
26.75,-0.05,100,"sd","14:12:34",5331500
26.75,-0.05,1400,"sd","14:12:33",5331400
26.75,-0.05,5800,"sd","14:12:30",5330000
26.75,-0.05,1100,"sd","14:12:07",5324200
26.75,-0.05,300,"sd","14:11:34",5323100
26.75,-0.05,5000,"sd","14:11:24",5322800
26.8,0,100,"bu","14:11:23",5317800
26.75,-0.05,300,"sd","14:11:08",5317700
26.75,-0.05,1000,"sd","14:11:06",5317400
26.75,-0.05,10000,"sd","14:11:05",5316400
26.8,0,100,"bu","14:11:03",5306400
26.75,-0.05,1000,"sd","14:10:56",5306300
26.75,-0.05,3700,"bu","14:10:55",5305300
26.75,-0.05,100,"bu","14:10:54",5301600
26.75,-0.05,1200,"sd","14:10:43",5301500
26.75,-0.05,500,"sd","14:10:32",5300300
26.75,-0.05,1000,"sd","14:10:26",5299800
26.75,-0.05,500,"bu","14:10:23",5298800
26.75,-0.05,3100,"bu","14:10:21",5298300
26.75,-0.05,3000,"bu","14:10:13",5295200
26.75,-0.05,1300,"bu","14:10:13",5292200
26.75,-0.05,2000,"bu","14:10:03",5290900
26.75,-0.05,100,"bu","14:10:00",5288900
26.75,-0.05,500,"bu","14:09:59",5288800
26.75,-0.05,1000,"bu","14:09:51",5288300
26.75,-0.05,200,"bu","14:09:50",5287300
26.75,-0.05,400,"bu","14:09:45",5287100
26.75,-0.05,2000,"bu","14:09:43",5286700
26.75,-0.05,5100,"sd","14:09:36",5284700
26.75,-0.05,500,"sd","14:09:26",5279600
26.8,0,1500,"bu","14:09:20",5279100
26.75,-0.05,500,"sd","14:09:20",5277600
26.8,0,100,"bu","14:09:13",5277100
26.75,-0.05,900,"bu","14:09:05",5277000
26.75,-0.05,1100,"bu","14:09:03",5276100
26.75,-0.05,500,"bu","14:09:01",5275000
26.75,-0.05,400,"bu","14:09:00",5274500
26.75,-0.05,100,"bu","14:08:55",5274100
26.75,-0.05,800,"bu","14:08:50",5274000
26.75,-0.05,700,"bu","14:08:50",5273200
26.75,-0.05,1600,"sd","14:08:37",5272500
26.75,-0.05,2000,"sd","14:08:34",5270900
26.75,-0.05,2000,"sd","14:08:31",5268900
26.75,-0.05,1000,"sd","14:08:30",5266900
26.75,-0.05,2000,"sd","14:08:28",5265900
26.75,-0.05,1000,"sd","14:08:26",5263900
26.75,-0.05,1400,"bu","14:08:16",5262900
26.75,-0.05,800,"bu","14:08:15",5261500
26.75,-0.05,600,"bu","14:08:15",5260700
26.75,-0.05,300,"bu","14:08:13",5260100
26.75,-0.05,100,"bu","14:08:10",5259800
26.75,-0.05,400,"bu","14:08:10",5259700
26.75,-0.05,100,"bu","14:08:08",5259300
26.75,-0.05,2000,"bu","14:08:07",5259200
26.75,-0.05,1000,"bu","14:08:05",5257200
26.75,-0.05,10000,"bu","14:08:04",5256200
26.75,-0.05,400,"bu","14:07:59",5246200
26.75,-0.05,1000,"bu","14:07:56",5245800
26.75,-0.05,100,"bu","14:07:55",5244800
26.75,-0.05,500,"bu","14:07:53",5244700
26.75,-0.05,1000,"bu","14:07:51",5244200
26.75,-0.05,3700,"bu","14:07:49",5243200
26.75,-0.05,100,"bu","14:07:46",5239500
26.75,-0.05,1000,"bu","14:07:41",5239400
26.75,-0.05,400,"bu","14:07:39",5238400
26.75,-0.05,1000,"bu","14:07:05",5238000
26.75,-0.05,100,"bu","14:06:48",5237000
26.7,-0.1,500,"sd","14:06:42",5236900
26.7,-0.1,100,"sd","14:06:30",5236400
26.7,-0.1,3000,"sd","14:06:27",5236300
26.7,-0.1,100,"sd","14:06:20",5233300
26.7,-0.1,400,"sd","14:06:18",5233200
26.75,-0.05,200,"bu","14:06:16",5232800
26.75,-0.05,100,"bu","14:06:15",5232600
26.7,-0.1,200,"sd","14:06:13",5232500
26.7,-0.1,1500,"sd","14:06:05",5232300
26.7,-0.1,200,"sd","14:06:00",5230800
26.7,-0.1,500,"sd","14:05:54",5230600
26.75,-0.05,100,"bu","14:05:48",5230100
26.7,-0.1,1000,"sd","14:05:40",5230000
26.7,-0.1,1000,"sd","14:05:31",5229000
26.75,-0.05,100,"bu","14:05:28",5228000
26.7,-0.1,3500,"sd","14:05:26",5227900
26.7,-0.1,700,"sd","14:05:14",5224400
26.7,-0.1,1000,"sd","14:05:10",5223700
26.7,-0.1,200,"sd","14:05:07",5222700
26.7,-0.1,1000,"sd","14:05:06",5222500
26.7,-0.1,300,"sd","14:05:05",5221500
26.7,-0.1,3100,"sd","14:04:58",5221200
26.7,-0.1,500,"sd","14:04:49",5218100
26.75,-0.05,100,"bu","14:04:44",5217600
26.7,-0.1,600,"sd","14:04:32",5217500
26.7,-0.1,11200,"bu","14:04:29",5216900
26.7,-0.1,1000,"bu","14:04:28",5205700
26.65,-0.15,400,"sd","14:04:28",5204700
26.7,-0.1,1000,"bu","14:04:26",5204300
26.7,-0.1,1000,"bu","14:04:25",5203300
26.65,-0.15,700,"sd","14:04:25",5202300
26.7,-0.1,300,"bu","14:04:24",5201600
26.7,-0.1,600,"bu","14:04:23",5201300
26.7,-0.1,3000,"bu","14:04:21",5200700
26.7,-0.1,100,"bu","14:04:16",5197700
26.7,-0.1,200,"bu","14:04:12",5197600
26.7,-0.1,1000,"bu","14:03:58",5197400
26.7,-0.1,500,"bu","14:03:55",5196400
26.65,-0.15,1800,"sd","14:03:52",5195900
26.7,-0.1,500,"bu","14:03:50",5194100
26.7,-0.1,500,"bu","14:03:48",5193600
26.7,-0.1,100,"bu","14:03:48",5193100
26.65,-0.15,5000,"sd","14:03:45",5193000
26.65,-0.15,3000,"sd","14:03:45",5188000
26.65,-0.15,10000,"sd","14:03:41",5185000
26.7,-0.1,100,"bu","14:03:35",5175000
26.65,-0.15,3000,"sd","14:03:30",5174900
26.65,-0.15,2000,"sd","14:03:20",5171900
26.65,-0.15,6600,"sd","14:03:13",5169900
26.7,-0.1,113400,"sd","14:03:13",5163300
26.75,-0.05,100,"bu","14:03:12",5049900
26.75,-0.05,500,"bu","14:03:06",5049800
26.75,-0.05,29700,"sd","14:03:06",5049300
26.75,-0.05,12000,"sd","14:03:01",5019600
26.75,-0.05,4000,"sd","14:02:51",5007600
26.75,-0.05,1000,"sd","14:02:46",5003600
26.8,0,100,"bu","14:02:46",5002600
26.75,-0.05,25000,"sd","14:02:43",5002500
26.8,0,200,"sd","14:02:39",4977500
26.8,0,6000,"sd","14:02:37",4977300
26.8,0,5400,"sd","14:02:35",4971300
26.8,0,900,"sd","14:02:30",4965900
26.8,0,1000,"sd","14:02:25",4965000
26.8,0,3600,"sd","14:02:21",4964000
26.8,0,9800,"sd","14:02:20",4960400
26.8,0,3000,"sd","14:02:20",4950600
26.8,0,4000,"sd","14:02:18",4947600
26.8,0,5600,"sd","14:02:13",4943600
26.8,0,20000,"sd","14:02:13",4938000
26.8,0,13000,"sd","14:02:11",4918000
26.8,0,400,"sd","14:02:10",4905000
26.8,0,10000,"sd","14:02:06",4904600
26.8,0,20000,"sd","14:02:00",4894600
26.8,0,300,"sd","14:01:51",4874600
26.8,0,2500,"sd","14:01:42",4874300
26.85,0.05,300,"sd","14:01:21",4871800
26.85,0.05,100,"sd","14:01:14",4871500
26.85,0.05,5000,"sd","14:01:11",4871400
26.85,0.05,600,"sd","14:01:05",4866400
26.85,0.05,9300,"sd","14:00:47",4865800
26.85,0.05,3900,"sd","14:00:31",4856500
26.9,0.1,100,"bu","13:59:35",4852600
26.85,0.05,2300,"bu","13:59:29",4852500
26.85,0.05,600,"bu","13:59:28",4850200
26.85,0.05,300,"bu","13:59:27",4849600
26.85,0.05,300,"bu","13:59:23",4849300
26.85,0.05,1000,"bu","13:59:22",4849000
26.85,0.05,4000,"bu","13:59:09",4848000
26.85,0.05,500,"bu","13:59:03",4844000
26.85,0.05,1500,"bu","13:58:55",4843500
26.85,0.05,500,"bu","13:58:47",4842000
26.85,0.05,1000,"bu","13:58:44",4841500
26.85,0.05,500,"bu","13:58:35",4840500
26.85,0.05,500,"bu","13:58:31",4840000
26.85,0.05,500,"bu","13:57:55",4839500
26.85,0.05,100,"bu","13:57:39",4839000
26.85,0.05,400,"sd","13:57:38",4838900
26.9,0.1,1000,"bu","13:57:28",4838500
26.85,0.05,900,"bu","13:57:05",4837500
26.85,0.05,28000,"bu","13:57:04",4836600
26.85,0.05,5100,"bu","13:56:56",4808600
26.85,0.05,5000,"bu","13:56:31",4803500
26.85,0.05,100,"bu","13:56:18",4798500
26.85,0.05,1000,"bu","13:55:37",4798400
26.85,0.05,13000,"sd","13:55:35",4797400
26.9,0.1,200,"bu","13:55:32",4784400
26.85,0.05,1000,"sd","13:55:30",4784200
26.85,0.05,100,"sd","13:55:11",4783200
26.85,0.05,200,"bu","13:54:59",4783100
26.85,0.05,300,"bu","13:54:59",4782900
26.8,0,9500,"sd","13:54:55",4782600
26.85,0.05,5500,"sd","13:54:55",4773100
26.9,0.1,100,"bu","13:54:41",4767600
26.85,0.05,100,"sd","13:54:36",4767500
26.85,0.05,8100,"bu","13:54:35",4767400
26.85,0.05,5000,"bu","13:54:33",4759300
26.85,0.05,2400,"bu","13:54:28",4754300
26.85,0.05,100,"bu","13:54:27",4751900
26.8,0,900,"sd","13:54:26",4751800
26.85,0.05,5000,"bu","13:54:24",4750900
26.8,0,5000,"sd","13:54:19",4745900
26.85,0.05,1000,"bu","13:54:18",4740900
26.8,0,2000,"sd","13:54:12",4739900
26.85,0.05,100,"bu","13:54:09",4737900
26.85,0.05,500,"bu","13:54:07",4737800
26.8,0,3000,"sd","13:54:06",4737300
26.85,0.05,1000,"bu","13:54:05",4734300
26.85,0.05,2000,"bu","13:54:02",4733300
26.85,0.05,500,"bu","13:53:47",4731300
26.85,0.05,100,"bu","13:53:46",4730800
26.8,0,2000,"sd","13:53:32",4730700
26.85,0.05,100,"bu","13:53:31",4728700
26.8,0,1200,"sd","13:53:25",4728600
26.85,0.05,200,"bu","13:53:24",4727400
26.85,0.05,200,"bu","13:53:23",4727200
26.8,0,4700,"sd","13:53:18",4727000
26.85,0.05,400,"bu","13:53:10",4722300
26.85,0.05,1000,"bu","13:53:04",4721900
26.85,0.05,2500,"bu","13:53:02",4720900
26.85,0.05,1300,"bu","13:52:59",4718400
26.85,0.05,5000,"bu","13:52:54",4717100
26.8,0,2200,"sd","13:52:49",4712100
26.8,0,3000,"sd","13:52:46",4709900
26.85,0.05,3000,"bu","13:52:46",4706900
26.8,0,1100,"sd","13:52:42",4703900
26.8,0,200,"sd","13:52:31",4702800
26.85,0.05,100,"bu","13:52:30",4702600
26.8,0,2100,"sd","13:52:23",4702500
26.8,0,55000,"bu","13:52:03",4700400
26.75,-0.05,800,"sd","13:51:53",4645400
26.75,-0.05,500,"sd","13:51:23",4644600
26.75,-0.05,100,"sd","13:51:20",4644100
26.75,-0.05,500,"sd","13:51:17",4644000
26.75,-0.05,3000,"sd","13:51:11",4643500
26.75,-0.05,10000,"sd","13:51:05",4640500
26.75,-0.05,1000,"sd","13:50:51",4630500
26.8,0,2500,"bu","13:50:48",4629500
26.8,0,1000,"bu","13:50:46",4627000
26.8,0,300,"bu","13:50:43",4626000
26.8,0,500,"bu","13:50:24",4625700
26.8,0,500,"bu","13:50:23",4625200
26.8,0,200,"bu","13:50:09",4624700
26.8,0,300,"bu","13:50:08",4624500
26.75,-0.05,2000,"sd","13:49:56",4624200
26.75,-0.05,3000,"sd","13:49:39",4622200
26.8,0,5000,"bu","13:49:35",4619200
26.8,0,1700,"bu","13:49:28",4614200
26.8,0,900,"bu","13:49:26",4612500
26.8,0,400,"bu","13:49:10",4611600
26.8,0,6300,"sd","13:48:58",4611200
26.8,0,4000,"sd","13:48:57",4604900
26.8,0,800,"sd","13:48:51",4600900
26.8,0,20000,"sd","13:48:51",4600100
26.8,0,1700,"sd","13:48:50",4580100
26.8,0,100,"sd","13:48:44",4578400
26.8,0,3400,"sd","13:48:39",4578300
26.85,0.05,100,"bu","13:48:31",4574900
26.8,0,700,"sd","13:48:29",4574800
26.8,0,500,"sd","13:48:20",4574100
26.8,0,2500,"sd","13:48:18",4573600
26.8,0,1800,"sd","13:48:11",4571100
26.8,0,200,"sd","13:48:09",4569300
26.8,0,1000,"sd","13:48:09",4569100
26.8,0,500,"sd","13:48:02",4568100
26.8,0,1000,"sd","13:47:56",4567600
26.8,0,100,"sd","13:47:47",4566600
26.8,0,5000,"sd","13:47:47",4566500
26.8,0,1200,"sd","13:47:40",4561500
26.8,0,11000,"sd","13:47:28",4560300
26.8,0,2400,"sd","13:47:27",4549300
26.85,0.05,100,"bu","13:47:23",4546900
26.8,0,7300,"sd","13:47:21",4546800
26.8,0,20000,"sd","13:46:45",4539500
26.8,0,100,"sd","13:46:34",4519500
26.8,0,200,"sd","13:46:32",4519400
26.85,0.05,100,"bu","13:46:30",4519200
26.8,0,1000,"sd","13:46:29",4519100
26.8,0,7000,"sd","13:46:18",4518100
26.8,0,2000,"sd","13:46:15",4511100
26.8,0,4000,"sd","13:46:03",4509100
26.85,0.05,100,"bu","13:46:01",4505100
26.8,0,39000,"sd","13:45:52",4505000
26.85,0.05,100,"bu","13:45:43",4466000
26.8,0,4000,"sd","13:45:34",4465900
26.85,0.05,200,"bu","13:45:30",4461900
26.85,0.05,200,"bu","13:45:26",4461700
26.85,0.05,500,"bu","13:45:20",4461500
26.85,0.05,1000,"bu","13:45:17",4461000
26.85,0.05,2600,"sd","13:45:16",4460000
26.85,0.05,2000,"sd","13:45:13",4457400
26.85,0.05,8000,"sd","13:45:06",4455400
26.85,0.05,200,"sd","13:45:03",4447400
26.9,0.1,500,"bu","13:45:00",4447200
26.85,0.05,3000,"sd","13:44:59",4446700
26.85,0.05,5000,"sd","13:44:58",4443700
26.85,0.05,20000,"sd","13:44:53",4438700
26.85,0.05,100,"sd","13:44:46",4418700
26.85,0.05,1200,"sd","13:44:39",4418600
26.85,0.05,500,"sd","13:44:35",4417400
26.85,0.05,2500,"sd","13:44:32",4416900
26.85,0.05,10000,"sd","13:44:11",4414400
26.85,0.05,3000,"sd","13:44:08",4404400
26.85,0.05,7000,"sd","13:44:05",4401400
26.85,0.05,4000,"sd","13:43:45",4394400
26.85,0.05,5000,"sd","13:43:34",4390400
26.85,0.05,5000,"sd","13:43:26",4385400
26.85,0.05,400,"sd","13:43:12",4380400
26.85,0.05,34000,"sd","13:42:53",4380000
26.85,0.05,5000,"sd","13:42:47",4346000
26.85,0.05,5000,"sd","13:42:46",4341000
26.85,0.05,5000,"sd","13:42:42",4336000
26.85,0.05,5000,"sd","13:42:41",4331000
26.9,0.1,600,"bu","13:41:50",4326000
26.9,0.1,500,"bu","13:41:32",4325400
26.9,0.1,500,"bu","13:41:23",4324900
26.9,0.1,500,"bu","13:41:08",4324400
26.9,0.1,100,"bu","13:40:47",4323900
26.9,0.1,4000,"bu","13:40:40",4323800
26.9,0.1,200,"bu","13:40:21",4319800
26.9,0.1,400,"bu","13:39:59",4319600
26.9,0.1,5000,"bu","13:39:52",4319200
26.9,0.1,2100,"sd","13:39:34",4314200
26.9,0.1,700,"bu","13:39:31",4312100
26.9,0.1,1600,"sd","13:39:24",4311400
26.9,0.1,2000,"sd","13:39:18",4309800
26.9,0.1,500,"sd","13:39:15",4307800
26.9,0.1,2000,"sd","13:39:12",4307300
26.9,0.1,3000,"sd","13:38:52",4305300
26.9,0.1,1000,"sd","13:38:25",4302300
26.9,0.1,3000,"sd","13:38:18",4301300
26.9,0.1,2000,"sd","13:38:15",4298300
26.9,0.1,3000,"sd","13:38:08",4296300
26.9,0.1,2000,"sd","13:38:04",4293300
26.9,0.1,100,"sd","13:38:03",4291300
26.9,0.1,100,"sd","13:37:50",4291200
26.9,0.1,28100,"bu","13:37:43",4291100
26.9,0.1,10000,"bu","13:37:40",4263000
26.9,0.1,3000,"bu","13:37:24",4253000
26.9,0.1,1300,"bu","13:37:11",4250000
26.9,0.1,7000,"bu","13:37:05",4248700
26.9,0.1,100,"bu","13:36:53",4241700
26.85,0.05,1000,"sd","13:36:41",4241600
26.85,0.05,200,"sd","13:36:36",4240600
26.85,0.05,1000,"sd","13:36:30",4240400
26.85,0.05,700,"sd","13:36:25",4239400
26.85,0.05,2800,"sd","13:36:19",4238700
26.85,0.05,100,"sd","13:36:13",4235900
26.9,0.1,400,"bu","13:36:02",4235800
26.9,0.1,1000,"bu","13:35:57",4235400
26.9,0.1,200,"bu","13:35:55",4234400
26.9,0.1,100,"bu","13:35:40",4234200
26.9,0.1,2000,"bu","13:35:10",4234100
26.9,0.1,300,"bu","13:35:10",4232100
26.9,0.1,2000,"bu","13:34:57",4231800
26.9,0.1,3000,"sd","13:34:46",4229800
26.85,0.05,2100,"sd","13:34:41",4226800
26.9,0.1,9500,"sd","13:34:41",4224700
26.9,0.1,800,"sd","13:34:30",4215200
26.9,0.1,9000,"bu","13:34:14",4214400
26.9,0.1,500,"bu","13:34:10",4205400
26.9,0.1,1900,"sd","13:34:08",4204900
26.9,0.1,100,"sd","13:34:05",4203000
26.9,0.1,1000,"sd","13:34:01",4202900
26.9,0.1,500,"sd","13:33:54",4201900
26.9,0.1,100,"sd","13:33:53",4201400
26.9,0.1,5000,"sd","13:33:43",4201300
26.95,0.15,5000,"bu","13:33:33",4196300
26.95,0.15,100,"bu","13:33:02",4191300
26.9,0.1,200,"bu","13:32:45",4191200
26.9,0.1,200,"bu","13:32:41",4191000
26.9,0.1,100,"bu","13:32:39",4190800
26.9,0.1,500,"bu","13:32:38",4190700
26.9,0.1,1000,"bu","13:32:35",4190200
26.9,0.1,100,"bu","13:32:29",4189200
26.9,0.1,200,"bu","13:32:28",4189100
26.9,0.1,100,"bu","13:32:24",4188900
26.9,0.1,100,"bu","13:32:23",4188800
26.9,0.1,300,"bu","13:32:18",4188700
26.9,0.1,100,"bu","13:32:17",4188400
26.9,0.1,400,"bu","13:32:16",4188300
26.9,0.1,100,"bu","13:32:10",4187900
26.9,0.1,2000,"bu","13:32:06",4187800
26.9,0.1,500,"bu","13:32:00",4185800
26.9,0.1,100,"bu","13:31:58",4185300
26.9,0.1,2000,"bu","13:31:44",4185200
26.9,0.1,4000,"bu","13:31:44",4183200
26.9,0.1,20000,"bu","13:31:41",4179200
26.9,0.1,1700,"bu","13:31:36",4159200
26.9,0.1,5000,"bu","13:31:35",4157500
26.9,0.1,100,"bu","13:31:29",4152500
26.9,0.1,1000,"bu","13:31:25",4152400
26.85,0.05,5400,"sd","13:31:05",4151400
26.85,0.05,8000,"sd","13:30:58",4146000
26.85,0.05,100,"sd","13:30:48",4138000
26.85,0.05,10000,"sd","13:30:31",4137900
26.9,0.1,100,"bu","13:30:30",4127900
26.9,0.1,2000,"bu","13:30:21",4127800
26.9,0.1,1000,"bu","13:30:09",4125800
26.85,0.05,5100,"sd","13:30:08",4124800
26.9,0.1,100,"bu","13:30:08",4119700
26.9,0.1,3000,"bu","13:30:05",4119600
26.85,0.05,25000,"sd","13:29:25",4116600
26.85,0.05,200,"sd","13:29:14",4091600
26.9,0.1,100,"bu","13:28:12",4091400
26.9,0.1,9400,"sd","13:28:09",4091300
26.9,0.1,8600,"sd","13:28:02",4081900
26.9,0.1,2100,"bu","13:27:48",4073300
26.9,0.1,17900,"sd","13:27:47",4071200
26.95,0.15,400,"bu","13:27:44",4053300
26.95,0.15,100,"bu","13:26:52",4052900
26.9,0.1,200,"sd","13:26:44",4052800
26.9,0.1,4000,"sd","13:26:19",4052600
26.9,0.1,300,"sd","13:26:04",4048600
26.9,0.1,100,"sd","13:25:46",4048300
26.9,0.1,2000,"sd","13:25:27",4048200
26.95,0.15,200,"bu","13:25:27",4046200
26.85,0.05,11200,"sd","13:25:18",4046000
26.9,0.1,2300,"sd","13:25:18",4034800
26.9,0.1,1400,"bu","13:25:00",4032500
26.9,0.1,1300,"bu","13:24:58",4031100
26.9,0.1,100,"bu","13:24:57",4029800
26.9,0.1,1000,"bu","13:24:55",4029700
26.9,0.1,400,"bu","13:24:54",4028700
26.9,0.1,100,"bu","13:24:51",4028300
26.9,0.1,1000,"bu","13:24:46",4028200
26.85,0.05,9000,"sd","13:24:43",4027200
26.85,0.05,300,"sd","13:24:29",4018200
26.9,0.1,1000,"bu","13:24:26",4017900
26.85,0.05,500,"sd","13:24:25",4016900
26.85,0.05,1100,"bu","13:24:11",4016400
26.85,0.05,100,"bu","13:24:09",4015300
26.85,0.05,600,"bu","13:24:08",4015200
26.85,0.05,2500,"bu","13:24:07",4014600
26.85,0.05,4000,"bu","13:24:04",4012100
26.85,0.05,100,"bu","13:23:56",4008100
26.85,0.05,5000,"bu","13:23:55",4008000
26.85,0.05,200,"bu","13:23:50",4003000
26.85,0.05,500,"bu","13:23:49",4002800
26.85,0.05,100,"bu","13:23:48",4002300
26.8,0,500,"sd","13:23:35",4002200
26.85,0.05,500,"bu","13:23:30",4001700
26.85,0.05,100,"bu","13:23:18",4001200
26.8,0,3000,"sd","13:23:08",4001100
26.8,0,500,"sd","13:23:04",3998100
26.8,0,2200,"sd","13:23:03",3997600
26.8,0,5000,"sd","13:22:57",3995400
26.8,0,1500,"sd","13:22:55",3990400
26.8,0,5000,"sd","13:22:53",3988900
26.85,0.05,1000,"bu","13:22:51",3983900
26.8,0,200,"sd","13:22:29",3982900
26.8,0,1500,"sd","13:22:29",3982700
26.8,0,4500,"sd","13:22:24",3981200
26.8,0,1500,"sd","13:22:22",3976700
26.85,0.05,100,"bu","13:22:21",3975200
26.8,0,29000,"sd","13:22:19",3975100
26.8,0,30000,"sd","13:22:12",3946100
26.8,0,13700,"sd","13:22:00",3916100
26.85,0.05,4300,"bu","13:21:59",3902400
26.85,0.05,100,"bu","13:21:57",3898100
26.85,0.05,100,"bu","13:21:48",3898000
26.85,0.05,200,"bu","13:21:47",3897900
26.8,0,24800,"sd","13:21:38",3897700
26.85,0.05,100,"bu","13:21:26",3872900
26.85,0.05,1100,"bu","13:21:23",3872800
26.8,0,100,"sd","13:21:18",3871700
26.85,0.05,200,"bu","13:21:16",3871600
26.85,0.05,100,"bu","13:21:10",3871400
26.8,0,4000,"sd","13:21:09",3871300
26.8,0,2000,"sd","13:21:09",3867300
26.85,0.05,1200,"bu","13:21:09",3865300
26.85,0.05,1000,"bu","13:21:05",3864100
26.85,0.05,400,"bu","13:20:59",3863100
26.8,0,2100,"sd","13:20:52",3862700
26.85,0.05,8000,"bu","13:20:48",3860600
26.85,0.05,100,"bu","13:20:41",3852600
26.85,0.05,800,"bu","13:20:31",3852500
26.85,0.05,8800,"sd","13:20:25",3851700
26.9,0.1,3600,"bu","13:20:16",3842900
26.85,0.05,7000,"sd","13:20:15",3839300
26.85,0.05,30000,"sd","13:20:12",3832300
26.9,0.1,1000,"bu","13:20:10",3802300
26.9,0.1,100,"bu","13:19:59",3801300
26.9,0.1,200,"bu","13:19:57",3801200
26.9,0.1,1000,"bu","13:19:52",3801000
26.9,0.1,400,"bu","13:19:49",3800000
26.9,0.1,1000,"bu","13:19:42",3799600
26.85,0.05,700,"sd","13:19:40",3798600
26.9,0.1,100,"bu","13:19:29",3797900
26.9,0.1,100,"bu","13:19:27",3797800
26.9,0.1,1100,"sd","13:19:23",3797700
26.9,0.1,50000,"sd","13:19:13",3796600
26.95,0.15,100,"bu","13:19:04",3746600
26.95,0.15,100,"bu","13:18:54",3746500
26.9,0.1,200,"sd","13:18:50",3746400
26.9,0.1,100,"sd","13:18:30",3746200
26.9,0.1,100,"sd","13:18:21",3746100
26.95,0.15,500,"bu","13:18:18",3746000
26.95,0.15,100,"bu","13:18:15",3745500
26.9,0.1,2000,"sd","13:18:14",3745400
26.9,0.1,100,"sd","13:18:06",3743400
26.9,0.1,3000,"sd","13:17:56",3743300
26.9,0.1,1000,"sd","13:17:42",3740300
26.95,0.15,100,"bu","13:17:41",3739300
26.9,0.1,5000,"sd","13:17:24",3739200
26.95,0.15,100,"bu","13:16:45",3734200
26.95,0.15,100,"bu","13:16:30",3734100
26.95,0.15,300,"bu","13:16:28",3734000
26.9,0.1,3000,"sd","13:16:20",3733700
26.95,0.15,300,"bu","13:15:54",3730700
26.95,0.15,400,"bu","13:15:48",3730400
26.95,0.15,500,"bu","13:15:38",3730000
26.95,0.15,100,"bu","13:15:00",3729500
26.95,0.15,500,"bu","13:14:58",3729400
26.95,0.15,100,"bu","13:14:50",3728900
26.95,0.15,3800,"bu","13:14:47",3728800
26.95,0.15,400,"bu","13:14:32",3725000
26.95,0.15,300,"bu","13:14:18",3724600
26.95,0.15,13100,"sd","13:14:15",3724300
26.95,0.15,20900,"sd","13:14:13",3711200
26.95,0.15,4800,"sd","13:13:55",3690300
27,0.2,400,"bu","13:13:48",3685500
27,0.2,500,"bu","13:12:58",3685100
27,0.2,3000,"bu","13:12:54",3684600
27,0.2,600,"sd","13:12:38",3681600
27.05,0.25,1000,"bu","13:12:36",3681000
27,0.2,5000,"sd","13:12:36",3680000
27,0.2,4400,"bu","13:12:24",3675000
27,0.2,800,"bu","13:12:11",3670600
27,0.2,400,"bu","13:12:10",3669800
27,0.2,2700,"bu","13:12:07",3669400
27,0.2,500,"bu","13:12:01",3666700
27,0.2,100,"bu","13:12:01",3666200
27,0.2,100,"bu","13:11:54",3666100
27,0.2,100,"bu","13:11:50",3666000
27,0.2,400,"bu","13:11:45",3665900
27,0.2,100,"bu","13:11:42",3665500
27,0.2,1000,"bu","13:11:40",3665400
27,0.2,700,"bu","13:11:38",3664400
27,0.2,1000,"bu","13:11:37",3663700
27,0.2,500,"bu","13:11:32",3662700
27,0.2,1000,"bu","13:11:31",3662200
27,0.2,1000,"bu","13:11:28",3661200
27,0.2,1000,"bu","13:11:27",3660200
27,0.2,300,"bu","13:11:26",3659200
27,0.2,1000,"bu","13:11:25",3658900
27,0.2,10500,"bu","13:11:21",3657900
27,0.2,100,"bu","13:11:19",3647400
27,0.2,400,"bu","13:11:18",3647300
27,0.2,500,"bu","13:11:15",3646900
27,0.2,100,"bu","13:11:14",3646400
27,0.2,30000,"bu","13:11:11",3646300
27,0.2,5000,"bu","13:11:03",3616300
27,0.2,1000,"bu","13:10:56",3611300
27,0.2,1200,"bu","13:10:42",3610300
27,0.2,9000,"bu","13:10:27",3609100
27,0.2,500,"bu","13:10:24",3600100
27,0.2,2000,"bu","13:10:24",3599600
27,0.2,100,"bu","13:10:20",3597600
27,0.2,5000,"bu","13:10:11",3597500
27,0.2,100,"bu","13:10:00",3592500
26.95,0.15,100,"sd","13:09:51",3592400
27,0.2,100,"bu","13:09:39",3592300
27,0.2,2000,"bu","13:09:22",3592200
26.95,0.15,900,"sd","13:09:14",3590200
27,0.2,100,"bu","13:09:02",3589300
26.95,0.15,6300,"sd","13:09:02",3589200
27,0.2,300,"bu","13:08:57",3582900
26.95,0.15,100,"sd","13:08:42",3582600
26.95,0.15,14100,"bu","13:08:29",3582500
26.95,0.15,100,"bu","13:08:24",3568400
26.95,0.15,500,"bu","13:08:05",3568300
26.9,0.1,500,"sd","13:07:47",3567800
26.9,0.1,1100,"sd","13:07:12",3567300
26.95,0.15,300,"bu","13:06:15",3566200
26.95,0.15,100,"bu","13:05:42",3565900
26.9,0.1,1000,"sd","13:05:38",3565800
26.95,0.15,100,"bu","13:05:33",3564800
26.95,0.15,500,"bu","13:05:30",3564700
26.95,0.15,2000,"bu","13:05:29",3564200
26.9,0.1,15900,"sd","13:05:28",3562200
26.95,0.15,200,"bu","13:05:27",3546300
26.95,0.15,100,"bu","13:05:17",3546100
26.9,0.1,200,"sd","13:05:06",3546000
26.9,0.1,4900,"bu","13:05:00",3545800
26.9,0.1,1500,"bu","13:04:58",3540900
26.9,0.1,100,"bu","13:04:39",3539400
26.85,0.05,2000,"sd","13:04:28",3539300
26.9,0.1,200,"bu","13:04:21",3537300
26.85,0.05,1000,"sd","13:04:12",3537100
26.9,0.1,100,"bu","13:04:00",3536100
26.85,0.05,800,"sd","13:03:47",3536000
26.9,0.1,1200,"sd","13:03:47",3535200
26.9,0.1,3500,"bu","13:03:39",3534000
26.9,0.1,100,"bu","13:03:36",3530500
26.9,0.1,1200,"bu","13:03:32",3530400
26.85,0.05,600,"sd","13:03:31",3529200
26.85,0.05,2000,"sd","13:03:28",3528600
26.85,0.05,100,"sd","13:03:23",3526600
26.9,0.1,2000,"bu","13:03:18",3526500
26.9,0.1,100,"bu","13:02:57",3524500
26.9,0.1,2500,"bu","13:02:36",3524400
26.85,0.05,1000,"sd","13:02:29",3521900
26.9,0.1,500,"bu","13:02:24",3520900
26.9,0.1,100,"bu","13:02:13",3520400
26.85,0.05,400,"sd","13:02:08",3520300
26.9,0.1,100,"bu","13:02:04",3519900
26.85,0.05,3800,"sd","13:01:54",3519800
26.9,0.1,600,"bu","13:01:53",3516000
26.85,0.05,200,"sd","13:01:29",3515400
26.9,0.1,200,"bu","13:01:29",3515200
26.9,0.1,600,"sd","13:01:24",3515000
26.9,0.1,2200,"bu","13:01:13",3514400
26.9,0.1,7800,"sd","13:01:10",3512200
26.9,0.1,1000,"sd","13:01:05",3504400
26.9,0.1,100,"sd","13:00:46",3503400
26.9,0.1,10000,"sd","13:00:44",3503300
26.9,0.1,100,"sd","13:00:27",3493300
26.9,0.1,20000,"sd","13:00:26",3493200
26.95,0.15,200,"bu","13:00:26",3473200
26.9,0.1,3000,"sd","13:00:22",3473000
26.95,0.15,500,"bu","13:00:16",3470000
26.95,0.15,1100,"sd","13:00:14",3469500
26.95,0.15,300,"sd","13:00:08",3468400
26.95,0.15,6500,"bu","13:00:07",3468100
26.95,0.15,300,"bu","13:00:05",3461600
26.95,0.15,200,"bu","13:00:04",3461300
26.9,0.1,1000,"sd","13:00:03",3461100
26.95,0.15,200,"bu","13:00:02",3460100
27,0.2,100,"bu","13:00:00",3459900
26.95,0.15,900,"bu","13:00:00",3459800
26.95,0.15,19100,"sd","11:29:38",3458900
27,0.2,400,"bu","11:29:16",3439800
26.95,0.15,5000,"sd","11:29:04",3439400
26.95,0.15,5000,"sd","11:28:34",3434400
27,0.2,100,"bu","11:27:12",3429400
26.95,0.15,500,"sd","11:27:05",3429300
26.95,0.15,1200,"sd","11:26:11",3428800
26.95,0.15,4900,"bu","11:25:40",3427600
26.95,0.15,4000,"bu","11:25:23",3422600
26.9,0.1,1500,"sd","11:25:06",3418600
26.95,0.15,1000,"bu","11:24:59",3417100
26.95,0.15,1000,"bu","11:24:52",3416100
26.95,0.15,500,"bu","11:24:34",3415100
26.95,0.15,1000,"bu","11:23:37",3414600
26.95,0.15,1000,"bu","11:23:16",3413600
26.95,0.15,100,"bu","11:22:49",3412600
26.9,0.1,1700,"sd","11:22:41",3412500
26.95,0.15,500,"bu","11:22:24",3410800
26.95,0.15,1000,"bu","11:22:12",3410300
26.95,0.15,100,"bu","11:22:02",3409300
26.95,0.15,100,"bu","11:21:52",3409200
26.95,0.15,200,"bu","11:21:50",3409100
26.9,0.1,200,"sd","11:21:46",3408900
26.95,0.15,500,"bu","11:21:45",3408700
26.95,0.15,100,"bu","11:21:23",3408200
26.9,0.1,800,"sd","11:21:22",3408100
26.9,0.1,5000,"sd","11:21:10",3407300
26.95,0.15,100,"bu","11:20:08",3402300
26.9,0.1,5000,"sd","11:19:59",3402200
26.95,0.15,100,"bu","11:16:52",3397200
26.9,0.1,3000,"sd","11:16:51",3397100
26.9,0.1,800,"sd","11:16:45",3394100
26.9,0.1,1500,"sd","11:15:50",3393300
26.9,0.1,3000,"sd","11:15:00",3391800
26.95,0.15,500,"bu","11:14:46",3388800
26.95,0.15,500,"bu","11:14:35",3388300
26.95,0.15,1600,"bu","11:13:21",3387800
26.95,0.15,100,"bu","11:13:05",3386200
26.95,0.15,300,"bu","11:13:00",3386100
26.95,0.15,500,"bu","11:12:56",3385800
26.95,0.15,100,"bu","11:12:31",3385300
26.95,0.15,3500,"sd","11:11:40",3385200
26.95,0.15,5000,"sd","11:11:36",3381700
27,0.2,100,"bu","11:11:28",3376700
27,0.2,800,"bu","11:11:27",3376600
26.95,0.15,10000,"sd","11:11:21",3375800
27,0.2,300,"bu","11:11:08",3365800
27,0.2,2200,"bu","11:10:59",3365500
27,0.2,500,"bu","11:10:39",3363300
27,0.2,1300,"bu","11:10:26",3362800
27,0.2,100,"bu","11:10:25",3361500
27,0.2,100,"bu","11:10:09",3361400
27,0.2,9900,"bu","11:09:52",3361300
27,0.2,400,"bu","11:09:28",3351400
27,0.2,400,"bu","11:09:12",3351000
27,0.2,1300,"bu","11:08:39",3350600
27,0.2,3700,"bu","11:08:39",3349300
27,0.2,6000,"bu","11:08:14",3345600
27,0.2,1000,"bu","11:07:43",3339600
26.95,0.15,100,"sd","11:06:48",3338600
27,0.2,100,"bu","11:06:46",3338500
27,0.2,1800,"bu","11:06:27",3338400
27,0.2,100,"bu","11:05:44",3336600
26.95,0.15,100,"sd","11:05:36",3336500
26.95,0.15,100,"sd","11:05:32",3336400
26.95,0.15,5000,"bu","11:05:17",3336300
26.95,0.15,3000,"bu","11:05:11",3331300
26.95,0.15,1300,"bu","11:04:55",3328300
26.95,0.15,700,"bu","11:04:50",3327000
26.95,0.15,100,"bu","11:04:46",3326300
26.95,0.15,2000,"bu","11:04:39",3326200
26.95,0.15,1000,"bu","11:03:06",3324200
26.95,0.15,500,"bu","11:02:54",3323200
26.95,0.15,100,"bu","11:01:59",3322700
26.9,0.1,10000,"sd","11:01:58",3322600
26.9,0.1,10000,"sd","11:01:52",3312600
26.95,0.15,100,"bu","11:01:31",3302600
26.95,0.15,1000,"bu","11:01:03",3302500
26.95,0.15,200,"bu","11:00:44",3301500
26.95,0.15,100,"bu","11:00:11",3301300
26.95,0.15,500,"bu","10:59:58",3301200
26.95,0.15,5000,"bu","10:59:49",3300700
26.95,0.15,1000,"bu","10:59:49",3295700
26.95,0.15,100,"bu","10:59:30",3294700
26.9,0.1,1000,"sd","10:59:23",3294600
26.9,0.1,100,"sd","10:59:01",3293600
26.95,0.15,2000,"bu","10:58:50",3293500
26.95,0.15,100,"bu","10:58:16",3291500
26.95,0.15,900,"sd","10:57:53",3291400
26.95,0.15,29000,"sd","10:57:49",3290500
26.95,0.15,500,"sd","10:57:41",3261500
26.95,0.15,500,"sd","10:56:23",3261000
26.95,0.15,1100,"sd","10:55:49",3260500
26.95,0.15,500,"sd","10:55:30",3259400
26.95,0.15,19400,"bu","10:54:52",3258900
26.95,0.15,100,"bu","10:54:50",3239500
26.95,0.15,1600,"bu","10:54:43",3239400
26.95,0.15,200,"bu","10:54:18",3237800
26.95,0.15,14300,"bu","10:54:00",3237600
26.95,0.15,18700,"bu","10:54:00",3223300
26.9,0.1,1800,"bu","10:52:16",3204600
26.9,0.1,100,"bu","10:52:12",3202800
26.9,0.1,100,"bu","10:52:09",3202700
26.9,0.1,2000,"bu","10:52:08",3202600
26.9,0.1,500,"bu","10:52:06",3200600
26.9,0.1,100,"bu","10:52:02",3200100
26.9,0.1,20000,"bu","10:52:00",3200000
26.9,0.1,2000,"bu","10:51:55",3180000
26.9,0.1,100,"bu","10:51:51",3178000
26.9,0.1,100,"bu","10:51:46",3177900
26.85,0.05,100,"sd","10:51:43",3177800
26.85,0.05,2000,"sd","10:51:42",3177700
26.9,0.1,500,"bu","10:51:41",3175700
26.9,0.1,100,"bu","10:51:31",3175200
26.9,0.1,200,"bu","10:51:23",3175100
26.9,0.1,100,"bu","10:50:58",3174900
26.85,0.05,2000,"sd","10:50:34",3174800
26.9,0.1,100,"bu","10:50:30",3172800
26.85,0.05,500,"sd","10:50:18",3172700
26.9,0.1,100,"bu","10:50:09",3172200
26.9,0.1,300,"bu","10:49:53",3172100
26.9,0.1,100,"bu","10:49:52",3171800
26.9,0.1,100,"bu","10:49:42",3171700
26.85,0.05,2100,"sd","10:49:36",3171600
26.9,0.1,4900,"sd","10:49:36",3169500
26.95,0.15,100,"bu","10:49:32",3164600
26.9,0.1,3000,"sd","10:49:31",3164500
26.9,0.1,5000,"sd","10:49:26",3161500
26.9,0.1,5000,"sd","10:49:23",3156500
26.9,0.1,20000,"sd","10:49:19",3151500
26.95,0.15,1000,"bu","10:49:18",3131500
26.9,0.1,500,"sd","10:49:10",3130500
26.9,0.1,500,"sd","10:49:07",3130000
26.9,0.1,100,"sd","10:49:05",3129500
26.9,0.1,1000,"sd","10:49:00",3129400
26.95,0.15,10000,"bu","10:48:56",3128400
26.9,0.1,1000,"sd","10:48:53",3118400
26.9,0.1,500,"sd","10:48:28",3117400
26.95,0.15,1000,"bu","10:48:24",3116900
26.95,0.15,100,"bu","10:47:26",3115900
26.95,0.15,100,"sd","10:47:19",3115800
26.95,0.15,500,"sd","10:47:17",3115700
26.95,0.15,20000,"sd","10:47:16",3115200
26.95,0.15,200,"sd","10:47:15",3095200
26.95,0.15,10000,"sd","10:47:13",3095000
27,0.2,400,"bu","10:47:13",3085000
26.95,0.15,2500,"sd","10:47:01",3084600
26.95,0.15,20000,"sd","10:46:58",3082100
26.95,0.15,10000,"sd","10:46:56",3062100
26.95,0.15,5000,"sd","10:46:08",3052100
27,0.2,400,"bu","10:45:41",3047100
26.95,0.15,3000,"sd","10:45:21",3046700
27,0.2,900,"bu","10:45:21",3043700
27,0.2,8000,"bu","10:45:03",3042800
27,0.2,100,"bu","10:44:34",3034800
26.95,0.15,500,"sd","10:44:24",3034700
27,0.2,100,"bu","10:44:22",3034200
27,0.2,1100,"bu","10:44:06",3034100
27,0.2,4000,"bu","10:43:51",3033000
27,0.2,500,"bu","10:43:46",3029000
27,0.2,100,"bu","10:43:34",3028500
27,0.2,500,"bu","10:43:02",3028400
27,0.2,100,"bu","10:42:37",3027900
26.95,0.15,400,"sd","10:42:20",3027800
27,0.2,100,"bu","10:42:00",3027400
26.95,0.15,3000,"sd","10:41:56",3027300
27,0.2,100,"bu","10:41:45",3024300
26.95,0.15,5000,"sd","10:41:27",3024200
27,0.2,900,"sd","10:41:14",3019200
27,0.2,20000,"sd","10:41:13",3018300
27,0.2,5700,"sd","10:40:56",2998300
27.05,0.25,1700,"bu","10:40:52",2992600
27,0.2,10000,"sd","10:40:41",2990900
27,0.2,3100,"sd","10:40:35",2980900
27,0.2,600,"sd","10:40:29",2977800
27.05,0.25,500,"bu","10:40:22",2977200
27,0.2,25000,"sd","10:40:08",2976700
27.05,0.25,100,"bu","10:38:28",2951700
27.05,0.25,1300,"sd","10:38:16",2951600
27.05,0.25,1000,"sd","10:38:13",2950300
27.05,0.25,2500,"sd","10:38:02",2949300
27.1,0.3,1000,"bu","10:37:51",2946800
27.05,0.25,200,"bu","10:37:44",2945800
27.05,0.25,100,"bu","10:37:27",2945600
27.05,0.25,98800,"sd","10:37:18",2945500
27.05,0.25,900,"sd","10:37:17",2846700
27.05,0.25,1000,"sd","10:36:37",2845800
27.1,0.3,200,"bu","10:36:25",2844800
27.1,0.3,100,"bu","10:36:06",2844600
27.1,0.3,400,"bu","10:35:53",2844500
27.05,0.25,1000,"sd","10:35:46",2844100
27.05,0.25,100,"sd","10:35:17",2843100
27.05,0.25,100,"sd","10:35:08",2843000
27.05,0.25,5000,"sd","10:34:33",2842900
27.05,0.25,4500,"sd","10:33:57",2837900
27.05,0.25,2000,"sd","10:33:28",2833400
27.05,0.25,20000,"sd","10:33:00",2831400
27.05,0.25,1100,"sd","10:32:39",2811400
27.05,0.25,3600,"sd","10:32:33",2810300
27.1,0.3,200,"bu","10:32:09",2806700
27.1,0.3,3000,"bu","10:32:01",2806500
27.1,0.3,4000,"bu","10:31:55",2803500
27.1,0.3,100,"bu","10:31:50",2799500
27.1,0.3,200,"bu","10:31:39",2799400
27.1,0.3,5800,"bu","10:31:24",2799200
27.1,0.3,500,"sd","10:31:17",2793400
27.1,0.3,100,"sd","10:30:46",2792900
27.1,0.3,2500,"bu","10:30:38",2792800
27.1,0.3,500,"bu","10:30:30",2790300
27.1,0.3,100,"bu","10:30:25",2789800
27.1,0.3,100,"bu","10:30:14",2789700
27.1,0.3,100,"bu","10:30:08",2789600
27.1,0.3,1000,"bu","10:30:02",2789500
27.1,0.3,28000,"bu","10:29:52",2788500
27.05,0.25,100,"sd","10:29:27",2760500
27.1,0.3,200,"bu","10:29:25",2760400
27.1,0.3,300,"bu","10:29:19",2760200
27.1,0.3,200,"bu","10:29:18",2759900
27.1,0.3,200,"bu","10:28:55",2759700
27.05,0.25,1000,"sd","10:28:48",2759500
27.05,0.25,100,"sd","10:28:32",2758500
27.1,0.3,300,"bu","10:27:31",2758400
27.1,0.3,500,"bu","10:27:28",2758100
27.05,0.25,7000,"sd","10:27:24",2757600
27.1,0.3,2000,"bu","10:27:22",2750600
27.1,0.3,500,"bu","10:27:15",2748600
27.1,0.3,3200,"bu","10:27:06",2748100
27.1,0.3,200,"bu","10:27:03",2744900
27.1,0.3,600,"bu","10:26:48",2744700
27.1,0.3,5000,"bu","10:26:48",2744100
27.1,0.3,2000,"bu","10:26:26",2739100
27.1,0.3,100,"bu","10:26:22",2737100
27.1,0.3,100,"bu","10:25:48",2737000
27.05,0.25,100,"sd","10:25:32",2736900
27.05,0.25,3000,"sd","10:25:28",2736800
27.05,0.25,5000,"sd","10:23:31",2733800
27.05,0.25,1100,"sd","10:23:22",2728800
27.05,0.25,27200,"sd","10:22:33",2727700
27.05,0.25,2200,"bu","10:21:56",2700500
27.05,0.25,5000,"bu","10:21:51",2698300
27.05,0.25,500,"bu","10:21:43",2693300
27.05,0.25,3600,"bu","10:21:36",2692800
27.05,0.25,6000,"bu","10:20:57",2689200
27,0.2,8600,"bu","10:20:57",2683200
27,0.2,200,"bu","10:20:54",2674600
27,0.2,500,"bu","10:20:44",2674400
27,0.2,5000,"bu","10:20:43",2673900
27,0.2,8600,"bu","10:20:42",2668900
27,0.2,500,"bu","10:20:36",2660300
27,0.2,27200,"sd","10:20:34",2659800
27,0.2,300,"sd","10:20:11",2632600
27,0.2,2000,"sd","10:20:10",2632300
27,0.2,600,"sd","10:19:23",2630300
27.05,0.25,2000,"bu","10:19:15",2629700
27,0.2,20000,"sd","10:19:12",2627700
27,0.2,5000,"sd","10:18:29",2607700
27,0.2,4200,"bu","10:18:14",2602700
26.95,0.15,200,"sd","10:18:10",2598500
27,0.2,900,"sd","10:18:05",2598300
27,0.2,100,"sd","10:18:02",2597400
27,0.2,1900,"bu","10:17:57",2597300
27,0.2,1600,"bu","10:17:45",2595400
27,0.2,500,"bu","10:17:36",2593800
27,0.2,600,"bu","10:17:35",2593300
27,0.2,1500,"sd","10:17:27",2592700
27,0.2,100,"sd","10:17:26",2591200
27,0.2,500,"bu","10:17:25",2591100
27,0.2,5000,"bu","10:17:22",2590600
27,0.2,500,"bu","10:17:10",2585600
27,0.2,4000,"sd","10:17:07",2585100
27,0.2,11600,"sd","10:16:56",2581100
27,0.2,35400,"sd","10:16:56",2569500
27.05,0.25,100,"bu","10:16:48",2534100
27,0.2,100,"sd","10:16:36",2534000
27.05,0.25,100,"bu","10:16:33",2533900
27,0.2,500,"sd","10:16:33",2533800
27.05,0.25,400,"bu","10:16:30",2533300
27,0.2,100,"sd","10:16:26",2532900
27,0.2,800,"sd","10:15:33",2532800
27,0.2,1000,"bu","10:15:20",2532000
27,0.2,800,"bu","10:15:19",2531000
27,0.2,1200,"bu","10:15:14",2530200
27,0.2,1300,"bu","10:15:13",2529000
27,0.2,500,"bu","10:15:10",2527700
27,0.2,2000,"sd","10:15:06",2527200
27,0.2,600,"bu","10:14:54",2525200
27,0.2,500,"bu","10:14:51",2524600
27,0.2,100,"bu","10:14:49",2524100
27,0.2,200,"bu","10:14:46",2524000
27,0.2,100,"bu","10:14:36",2523800
27,0.2,1000,"bu","10:14:29",2523700
27,0.2,200,"bu","10:14:25",2522700
27,0.2,200,"bu","10:14:15",2522500
27,0.2,1000,"bu","10:14:08",2522300
27,0.2,1700,"bu","10:14:00",2521300
27,0.2,1900,"bu","10:13:54",2519600
27,0.2,700,"bu","10:13:52",2517700
27,0.2,500,"bu","10:13:51",2517000
27,0.2,500,"bu","10:13:41",2516500
26.95,0.15,100,"sd","10:13:37",2516000
27,0.2,11000,"sd","10:13:25",2515900
27,0.2,3000,"sd","10:13:09",2504900
27,0.2,100,"sd","10:12:49",2501900
27.05,0.25,5000,"bu","10:12:46",2501800
27,0.2,12200,"sd","10:12:43",2496800
27.05,0.25,300,"bu","10:12:38",2484600
27,0.2,100,"sd","10:12:38",2484300
27,0.2,6000,"sd","10:12:33",2484200
27.05,0.25,5000,"bu","10:12:29",2478200
27,0.2,69700,"sd","10:12:25",2473200
27.05,0.25,100,"bu","10:12:09",2403500
27.05,0.25,16200,"sd","10:12:06",2403400
27.1,0.3,10000,"bu","10:12:02",2387200
27.05,0.25,15000,"sd","10:12:01",2377200
27.1,0.3,100,"bu","10:11:58",2362200
27.1,0.3,3900,"sd","10:11:28",2362100
27.1,0.3,10000,"sd","10:11:26",2358200
27.1,0.3,400,"sd","10:11:20",2348200
27.1,0.3,1700,"sd","10:10:54",2347800
27.1,0.3,10000,"sd","10:10:53",2346100
27.15,0.35,10000,"bu","10:10:50",2336100
27.1,0.3,2000,"sd","10:10:19",2326100
27.1,0.3,600,"sd","10:09:53",2324100
27.1,0.3,10000,"sd","10:09:39",2323500
27.1,0.3,50000,"sd","10:09:33",2313500
27.15,0.35,600,"bu","10:09:26",2263500
27.15,0.35,3800,"sd","10:09:21",2262900
27.15,0.35,500,"sd","10:09:10",2259100
27.15,0.35,500,"sd","10:09:07",2258600
27.15,0.35,10000,"sd","10:09:00",2258100
27.15,0.35,1400,"sd","10:08:59",2248100
27.15,0.35,1100,"sd","10:08:24",2246700
27.15,0.35,400,"sd","10:07:42",2245600
27.15,0.35,1000,"sd","10:07:21",2245200
27.2,0.4,4000,"bu","10:07:14",2244200
27.2,0.4,500,"bu","10:06:31",2240200
27.2,0.4,500,"bu","10:06:30",2239700
27.15,0.35,100,"sd","10:06:30",2239200
27.15,0.35,20000,"sd","10:06:27",2239100
27.2,0.4,25300,"sd","10:06:17",2219100
27.2,0.4,20000,"sd","10:06:08",2193800
27.2,0.4,20000,"sd","10:06:07",2173800
27.2,0.4,1000,"sd","10:06:06",2153800
27.2,0.4,1000,"sd","10:05:59",2152800
27.2,0.4,36700,"bu","10:05:49",2151800
27.2,0.4,1000,"bu","10:05:40",2115100
27.2,0.4,10000,"bu","10:05:20",2114100
27.15,0.35,2300,"sd","10:05:16",2104100
27.2,0.4,200,"bu","10:05:12",2101800
27.2,0.4,2000,"bu","10:03:56",2101600
27.2,0.4,100,"bu","10:03:52",2099600
27.15,0.35,500,"sd","10:03:45",2099500
27.15,0.35,3000,"sd","10:03:37",2099000
27.2,0.4,1300,"bu","10:03:36",2096000
27.2,0.4,3900,"bu","10:03:31",2094700
27.2,0.4,1100,"bu","10:03:25",2090800
27.2,0.4,500,"bu","10:03:24",2089700
27.2,0.4,10000,"bu","10:03:17",2089200
27.2,0.4,200,"bu","10:03:10",2079200
27.2,0.4,500,"bu","10:02:55",2079000
27.15,0.35,15000,"sd","10:02:52",2078500
27.2,0.4,100,"bu","10:02:43",2063500
27.15,0.35,500,"sd","10:02:40",2063400
27.15,0.35,100,"sd","10:02:38",2062900
27.15,0.35,2000,"sd","10:02:00",2062800
27.2,0.4,900,"bu","10:02:00",2060800
27.2,0.4,100,"bu","10:01:49",2059900
27.2,0.4,50000,"bu","10:01:44",2059800
27.15,0.35,20000,"sd","10:01:42",2009800
27.2,0.4,500,"bu","10:01:05",1989800
27.2,0.4,600,"bu","10:01:02",1989300
27.2,0.4,1500,"bu","10:00:22",1988700
27.2,0.4,500,"bu","10:00:12",1987200
27.2,0.4,3000,"bu","10:00:11",1986700
27.2,0.4,500,"bu","10:00:09",1983700
27.2,0.4,1000,"bu","10:00:07",1983200
27.2,0.4,300,"bu","09:59:57",1982200
27.15,0.35,500,"sd","09:59:52",1981900
27.2,0.4,25000,"bu","09:59:44",1981400
27.15,0.35,200,"sd","09:58:55",1956400
27.15,0.35,100,"sd","09:58:38",1956200
27.15,0.35,1100,"sd","09:58:18",1956100
27.15,0.35,100,"sd","09:57:36",1955000
27.15,0.35,500,"sd","09:57:25",1954900
27.15,0.35,400,"sd","09:57:20",1954400
27.15,0.35,5000,"sd","09:57:19",1954000
27.15,0.35,500,"sd","09:57:08",1949000
27.15,0.35,500,"sd","09:57:06",1948500
27.15,0.35,4000,"sd","09:57:04",1948000
27.15,0.35,300,"sd","09:56:58",1944000
27.15,0.35,100,"sd","09:56:37",1943700
27.15,0.35,500,"sd","09:56:29",1943600
27.15,0.35,300,"sd","09:56:06",1943100
27.15,0.35,19000,"bu","09:56:03",1942800
27.15,0.35,500,"bu","09:55:45",1923800
27.15,0.35,500,"bu","09:55:38",1923300
27.15,0.35,400,"bu","09:55:35",1922800
27.15,0.35,100,"bu","09:55:33",1922400
27.15,0.35,1700,"bu","09:55:32",1922300
27.15,0.35,3300,"sd","09:55:26",1920600
27.15,0.35,300,"sd","09:55:19",1917300
27.15,0.35,400,"bu","09:55:11",1917000
27.15,0.35,1000,"bu","09:55:07",1916600
27.15,0.35,500,"bu","09:55:04",1915600
27.15,0.35,10000,"bu","09:55:00",1915100
27.15,0.35,5000,"bu","09:54:58",1905100
27.15,0.35,500,"bu","09:54:50",1900100
27.15,0.35,200,"bu","09:54:47",1899600
27.15,0.35,500,"bu","09:54:43",1899400
27.15,0.35,3000,"bu","09:54:38",1898900
27.15,0.35,5000,"bu","09:54:36",1895900
27.15,0.35,24900,"sd","09:54:29",1890900
27.2,0.4,500,"bu","09:54:22",1866000
27.15,0.35,5900,"bu","09:53:54",1865500
27.15,0.35,10000,"bu","09:53:52",1859600
27.15,0.35,200,"bu","09:53:50",1849600
27.15,0.35,500,"bu","09:53:46",1849400
27.15,0.35,500,"bu","09:53:41",1848900
27.15,0.35,500,"bu","09:53:39",1848400
27.15,0.35,900,"bu","09:53:36",1847900
27.15,0.35,10000,"bu","09:53:32",1847000
27.15,0.35,1000,"bu","09:53:31",1837000
27.15,0.35,1200,"bu","09:53:30",1836000
27.15,0.35,9700,"bu","09:53:25",1834800
27.15,0.35,10300,"bu","09:53:24",1825100
27.15,0.35,300,"bu","09:53:22",1814800
27.15,0.35,400,"bu","09:53:12",1814500
27.1,0.3,1000,"sd","09:53:11",1814100
27.15,0.35,500,"bu","09:52:58",1813100
27.15,0.35,1500,"bu","09:52:57",1812600
27.15,0.35,2000,"bu","09:52:48",1811100
27.1,0.3,1100,"sd","09:52:45",1809100
27.15,0.35,500,"bu","09:52:34",1808000
27.15,0.35,5000,"bu","09:52:33",1807500
27.15,0.35,2800,"bu","09:52:32",1802500
27.15,0.35,500,"bu","09:52:19",1799700
27.15,0.35,200,"bu","09:52:13",1799200
27.15,0.35,2000,"bu","09:52:08",1799000
27.15,0.35,100,"bu","09:52:00",1797000
27.1,0.3,1800,"sd","09:51:54",1796900
27.15,0.35,4000,"bu","09:51:52",1795100
27.15,0.35,700,"bu","09:51:39",1791100
27.15,0.35,3000,"bu","09:51:30",1790400
27.15,0.35,5000,"bu","09:51:28",1787400
27.15,0.35,100,"bu","09:51:27",1782400
27.1,0.3,3000,"sd","09:51:26",1782300
27.15,0.35,1800,"bu","09:51:25",1779300
27.15,0.35,200,"bu","09:51:17",1777500
27.15,0.35,1000,"bu","09:51:04",1777300
27.15,0.35,35000,"sd","09:51:03",1776300
27.15,0.35,2500,"sd","09:50:55",1741300
27.2,0.4,300,"bu","09:50:42",1738800
27.15,0.35,5300,"sd","09:50:38",1738500
27.2,0.4,300,"bu","09:50:15",1733200
27.15,0.35,1000,"sd","09:50:13",1732900
27.2,0.4,200,"bu","09:50:10",1731900
27.2,0.4,2000,"bu","09:49:50",1731700
27.15,0.35,3800,"bu","09:49:03",1729700
27.15,0.35,1900,"sd","09:48:52",1725900
27.15,0.35,2400,"sd","09:48:51",1724000
27.15,0.35,100,"sd","09:48:49",1721600
27.15,0.35,5000,"bu","09:48:44",1721500
27.15,0.35,200,"bu","09:48:44",1716500
27.15,0.35,5000,"bu","09:48:41",1716300
27.15,0.35,100,"bu","09:48:37",1711300
27.15,0.35,200,"bu","09:48:35",1711200
27.15,0.35,50000,"bu","09:48:34",1711000
27.15,0.35,800,"bu","09:48:23",1661000
27.1,0.3,200,"sd","09:48:20",1660200
27.15,0.35,300,"bu","09:48:18",1660000
27.15,0.35,500,"bu","09:48:15",1659700
27.15,0.35,2000,"bu","09:48:14",1659200
27.15,0.35,200,"bu","09:48:13",1657200
27.15,0.35,15000,"bu","09:48:08",1657000
27.15,0.35,200,"bu","09:47:51",1642000
27.1,0.3,100,"bu","09:47:46",1641800
27.1,0.3,100,"bu","09:47:45",1641700
27.1,0.3,5000,"bu","09:47:41",1641600
27.1,0.3,4900,"sd","09:47:35",1636600
27.1,0.3,100,"sd","09:47:34",1631700
27.1,0.3,200,"sd","09:47:31",1631600
27.1,0.3,500,"bu","09:47:27",1631400
27.1,0.3,200,"bu","09:47:26",1630900
27.1,0.3,1600,"sd","09:47:24",1630700
27.1,0.3,2200,"bu","09:47:16",1629100
27.1,0.3,5000,"bu","09:47:16",1626900
27.1,0.3,1000,"bu","09:47:15",1621900
27.1,0.3,1000,"bu","09:47:13",1620900
27.05,0.25,100,"sd","09:47:10",1619900
27.05,0.25,100,"sd","09:47:10",1619800
27.1,0.3,500,"bu","09:46:59",1611100
27.1,0.3,1000,"bu","09:46:54",1610600
27.1,0.3,1900,"bu","09:46:40",1609600
27.1,0.3,4200,"sd","09:46:38",1607700
27.1,0.3,4000,"sd","09:46:32",1603500
27.1,0.3,300,"sd","09:46:28",1599500
27.1,0.3,3000,"sd","09:46:25",1599200
27.1,0.3,3000,"sd","09:46:19",1596200
27.15,0.35,2000,"bu","09:46:16",1593200
27.1,0.3,4200,"sd","09:46:13",1591200
27.15,0.35,1000,"bu","09:46:07",1587000
27.15,0.35,3000,"bu","09:46:06",1586000
27.15,0.35,24500,"sd","09:46:01",1583000
27.15,0.35,2000,"sd","09:45:59",1558500
27.2,0.4,1500,"bu","09:45:59",1556500
27.2,0.4,500,"bu","09:45:50",1555000
27.2,0.4,3000,"bu","09:45:49",1554500
27.2,0.4,1000,"bu","09:45:48",1551500
27.2,0.4,2000,"bu","09:45:44",1550500
27.15,0.35,1100,"sd","09:45:44",1548500
27.2,0.4,13400,"bu","09:45:42",1547400
27.2,0.4,1000,"bu","09:45:38",1534000
27.2,0.4,18500,"sd","09:45:32",1533000
27.2,0.4,1000,"sd","09:45:30",1514500
27.2,0.4,500,"sd","09:45:29",1513500
27.2,0.4,500,"sd","09:45:27",1513000
27.2,0.4,5000,"sd","09:45:26",1512500
27.2,0.4,100,"sd","09:45:23",1507500
27.2,0.4,5000,"sd","09:45:22",1507400
27.2,0.4,1200,"sd","09:45:12",1502400
27.2,0.4,3000,"sd","09:45:11",1501200
27.2,0.4,100,"sd","09:45:10",1498200
27.2,0.4,300,"sd","09:45:05",1498100
27.2,0.4,2000,"sd","09:45:02",1497800
27.25,0.45,4300,"bu","09:44:58",1495800
27.25,0.45,300,"bu","09:44:54",1491500
27.25,0.45,100,"bu","09:44:53",1491200
27.25,0.45,200,"bu","09:44:50",1491100
27.25,0.45,3000,"bu","09:44:46",1490900
27.25,0.45,1300,"bu","09:44:45",1487900
27.25,0.45,1000,"bu","09:44:44",1486600
27.2,0.4,1000,"sd","09:44:44",1485600
27.25,0.45,1000,"bu","09:44:37",1484600
27.25,0.45,100,"bu","09:44:36",1483600
27.25,0.45,300,"bu","09:44:35",1483500
27.25,0.45,500,"bu","09:44:31",1483200
27.25,0.45,800,"bu","09:44:29",1482700
27.25,0.45,3000,"bu","09:44:26",1481900
27.25,0.45,1500,"bu","09:44:25",1478900
27.25,0.45,1500,"sd","09:44:24",1477400
27.25,0.45,800,"sd","09:44:23",1475900
27.25,0.45,800,"sd","09:44:15",1475100
27.25,0.45,2000,"sd","09:44:14",1474300
27.25,0.45,1900,"bu","09:44:08",1472300
27.25,0.45,200,"bu","09:44:05",1470400
27.25,0.45,1200,"bu","09:44:04",1470200
27.25,0.45,100,"bu","09:44:03",1469000
27.25,0.45,500,"bu","09:44:02",1468900
27.25,0.45,100,"bu","09:44:01",1468400
27.25,0.45,1000,"sd","09:44:00",1468300
27.25,0.45,7000,"bu","09:43:59",1467300
27.25,0.45,2500,"bu","09:43:59",1460300
27.25,0.45,300,"bu","09:43:57",1457800
27.2,0.4,100,"sd","09:43:54",1457500
27.25,0.45,500,"bu","09:43:54",1457400
27.2,0.4,46800,"bu","09:43:51",1456900
27.2,0.4,800,"bu","09:43:50",1410100
27.15,0.35,30000,"sd","09:43:49",1409300
27.2,0.4,53900,"bu","09:43:47",1379300
27.2,0.4,300,"bu","09:43:45",1325400
27.15,0.35,500,"sd","09:43:45",1325100
27.2,0.4,1000,"bu","09:43:44",1324600
27.2,0.4,500,"bu","09:43:41",1323600
27.2,0.4,20000,"bu","09:43:41",1323100
27.2,0.4,2000,"bu","09:43:38",1303100
27.15,0.35,600,"sd","09:43:34",1301100
27.15,0.35,36400,"bu","09:43:24",1300500
27.15,0.35,4000,"bu","09:43:22",1264100
27.15,0.35,3000,"bu","09:43:21",1260100
27.15,0.35,500,"bu","09:43:20",1257100
27.15,0.35,900,"bu","09:43:19",1256600
27.15,0.35,2000,"bu","09:43:18",1255700
27.15,0.35,4300,"bu","09:42:59",1253700
27.1,0.3,300,"sd","09:42:55",1249400
27.1,0.3,51900,"bu","09:42:51",1249100
27.1,0.3,1000,"bu","09:42:49",1197200
27.1,0.3,2000,"bu","09:42:43",1196200
27.1,0.3,500,"bu","09:42:39",1194200
27.1,0.3,5000,"bu","09:42:36",1193700
27.1,0.3,100,"bu","09:42:31",1188700
27.05,0.25,9300,"bu","09:42:16",1188600
27.05,0.25,100,"bu","09:42:14",1179300
27.05,0.25,2500,"sd","09:42:12",1179200
27.05,0.25,8100,"sd","09:42:11",1176700
27.05,0.25,2000,"sd","09:42:11",1168600
27.1,0.3,900,"bu","09:42:09",1166600
27.1,0.3,10000,"bu","09:42:02",1165700
27.05,0.25,2300,"bu","09:41:59",1155700
27,0.2,31400,"bu","09:41:53",1153400
27,0.2,3000,"bu","09:41:52",1122000
27,0.2,100,"bu","09:41:51",1119000
27,0.2,2500,"bu","09:41:48",1118900
27,0.2,33500,"sd","09:41:45",1116400
27.05,0.25,29500,"sd","09:41:45",1082900
27.05,0.25,2200,"bu","09:41:39",1053400
27.05,0.25,100,"bu","09:41:39",1051200
27.05,0.25,2000,"bu","09:41:29",1051100
27.05,0.25,100,"bu","09:41:28",1049100
27,0.2,10000,"sd","09:41:19",1049000
27.05,0.25,500,"bu","09:41:18",1039000
27.05,0.25,2100,"sd","09:41:16",1038500
27.1,0.3,3000,"bu","09:41:11",1036400
27,0.2,17500,"sd","09:40:51",1033400
27,0.2,2500,"sd","09:40:41",1015900
27,0.2,31100,"bu","09:40:39",1013400
27,0.2,100,"bu","09:40:35",982300
27,0.2,4000,"bu","09:40:33",982200
27,0.2,2000,"bu","09:40:31",978200
27,0.2,300,"bu","09:40:28",976200
27,0.2,1000,"bu","09:40:27",975900
27,0.2,300,"bu","09:40:22",974900
27,0.2,700,"bu","09:40:21",974600
27,0.2,100,"bu","09:40:18",973900
27,0.2,100,"bu","09:40:08",973800
27,0.2,100,"bu","09:39:59",973700
27,0.2,5900,"bu","09:39:58",973600
27,0.2,158900,"sd","09:39:54",967700
27.05,0.25,52700,"sd","09:39:54",808800
27.1,0.3,800,"bu","09:39:39",756100
27.1,0.3,200,"bu","09:39:36",755300
27.1,0.3,1000,"bu","09:39:28",755100
27.1,0.3,1000,"bu","09:39:14",754100
27.1,0.3,5000,"bu","09:39:06",753100
27.1,0.3,200,"bu","09:39:05",748100
27.1,0.3,200,"bu","09:39:03",747900
27.1,0.3,200,"bu","09:38:38",747700
27.1,0.3,200,"bu","09:38:34",747500
27.05,0.25,200,"sd","09:38:28",747300
27.05,0.25,1500,"sd","09:38:13",747100
27.1,0.3,200,"bu","09:38:03",745600
27.05,0.25,17900,"bu","09:37:43",745400
27.05,0.25,12100,"sd","09:37:40",727500
27.1,0.3,100,"bu","09:37:36",715400
27.1,0.3,200,"bu","09:37:33",715300
27.1,0.3,500,"bu","09:37:23",715100
27.1,0.3,300,"bu","09:37:23",714600
27.1,0.3,200,"bu","09:37:02",714300
27.1,0.3,1000,"bu","09:36:50",714100
27.1,0.3,500,"bu","09:36:49",713100
27.05,0.25,500,"sd","09:36:46",712600
27.05,0.25,3100,"sd","09:36:39",712100
27.05,0.25,1900,"sd","09:36:38",709000
27.05,0.25,2000,"sd","09:36:36",707100
27.1,0.3,10000,"bu","09:36:35",705100
27.1,0.3,200,"bu","09:36:31",695100
27.05,0.25,2000,"sd","09:36:11",694900
27.05,0.25,500,"sd","09:36:05",692900
27.1,0.3,200,"bu","09:36:00",692400
27.05,0.25,300,"sd","09:35:51",692200
27.05,0.25,1500,"sd","09:35:42",691900
27.05,0.25,300,"sd","09:35:39",690400
27.05,0.25,1000,"sd","09:35:38",690100
27.05,0.25,1200,"bu","09:35:30",689100
27.05,0.25,1100,"bu","09:35:30",687900
27.05,0.25,2800,"sd","09:35:23",686800
27.1,0.3,20000,"bu","09:35:21",684000
27.05,0.25,200,"bu","09:35:21",664000
27.05,0.25,2800,"sd","09:35:09",663800
27.1,0.3,10000,"bu","09:35:04",661000
27.05,0.25,10000,"sd","09:35:03",651000
27.1,0.3,5000,"bu","09:35:00",641000
27.1,0.3,200,"bu","09:34:59",636000
27.05,0.25,1000,"sd","09:34:51",635800
27.05,0.25,5900,"sd","09:34:48",634800
27.05,0.25,1000,"sd","09:34:25",628900
27.05,0.25,2000,"sd","09:34:22",627900
27.1,0.3,10000,"bu","09:34:19",625900
27.05,0.25,500,"sd","09:34:17",615900
27.05,0.25,200,"sd","09:34:13",615400
27.05,0.25,300,"sd","09:34:10",615200
27.05,0.25,200,"sd","09:34:05",614900
27.05,0.25,5900,"bu","09:33:57",614700
27.05,0.25,2100,"bu","09:33:55",608800
27.05,0.25,2100,"sd","09:33:54",606700
27.05,0.25,1200,"sd","09:33:48",604600
27.05,0.25,500,"sd","09:33:46",603400
27.05,0.25,2600,"bu","09:33:28",602900
27.05,0.25,900,"bu","09:33:27",600300
27.05,0.25,500,"bu","09:33:24",599400
27.05,0.25,1000,"bu","09:33:23",598900
27.05,0.25,3000,"bu","09:33:17",597900
27.05,0.25,10000,"bu","09:33:15",594900
27.05,0.25,5000,"bu","09:33:10",584900
27.05,0.25,6200,"sd","09:33:01",579900
27.05,0.25,100,"sd","09:33:00",573700
27.05,0.25,2800,"bu","09:32:57",573600
27.05,0.25,800,"bu","09:32:56",570800
27.05,0.25,500,"bu","09:32:50",570000
27.05,0.25,200,"bu","09:32:47",569500
27.05,0.25,2000,"sd","09:32:36",569300
27.05,0.25,12800,"sd","09:32:36",567300
27.05,0.25,2800,"sd","09:32:35",554500
27.05,0.25,100,"sd","09:32:04",551700
27.05,0.25,4500,"bu","09:31:50",551600
27.05,0.25,600,"sd","09:31:49",547100
27.1,0.3,2000,"bu","09:31:47",546500
27.1,0.3,500,"bu","09:31:38",544500
27.1,0.3,2900,"bu","09:31:28",544000
27.05,0.25,2800,"bu","09:31:26",541100
27,0.2,200,"sd","09:31:24",538300
27.05,0.25,4000,"bu","09:31:23",538100
27,0.2,1600,"bu","09:31:19",534100
27,0.2,100,"bu","09:31:17",532500
27,0.2,1500,"bu","09:31:15",532400
27,0.2,100,"bu","09:31:14",530900
27,0.2,2100,"bu","09:31:13",530800
27,0.2,500,"bu","09:31:10",528700
27,0.2,41000,"bu","09:31:08",528200
27,0.2,100,"bu","09:31:01",487200
26.95,0.15,29100,"bu","09:30:58",487100
26.95,0.15,100,"bu","09:30:55",458000
26.95,0.15,400,"bu","09:30:53",457900
26.95,0.15,100,"bu","09:30:49",457500
26.9,0.1,2300,"bu","09:30:37",457400
26.9,0.1,100,"bu","09:30:36",455100
26.9,0.1,100,"bu","09:30:33",455000
26.9,0.1,400,"bu","09:30:30",454900
26.9,0.1,2000,"bu","09:30:29",454500
26.9,0.1,2000,"bu","09:30:21",452500
26.9,0.1,200,"bu","09:30:21",450500
26.9,0.1,100,"bu","09:30:20",450300
26.9,0.1,200,"bu","09:30:04",450200
26.9,0.1,100,"bu","09:29:51",450000
26.9,0.1,200,"bu","09:29:42",449900
26.9,0.1,100,"bu","09:29:39",449700
26.9,0.1,30000,"bu","09:29:33",449600
26.85,0.05,1400,"bu","09:29:00",419600
26.85,0.05,200,"bu","09:28:52",418200
26.85,0.05,10000,"bu","09:28:50",418000
26.85,0.05,4000,"bu","09:28:49",408000
26.85,0.05,500,"bu","09:28:46",404000
26.85,0.05,3000,"bu","09:28:43",403500
26.85,0.05,1000,"bu","09:28:35",400500
26.8,0,500,"sd","09:28:24",399500
26.8,0,49200,"bu","09:28:17",399000
26.75,-0.05,100,"sd","09:28:13",349800
26.75,-0.05,800,"sd","09:28:06",349700
26.8,0,3000,"bu","09:28:05",348900
26.75,-0.05,300,"bu","09:28:05",345900
26.75,-0.05,100,"bu","09:27:58",345600
26.75,-0.05,1600,"sd","09:27:56",345500
26.8,0,2000,"bu","09:27:56",343900
26.75,-0.05,3000,"bu","09:27:45",341900
26.75,-0.05,17000,"sd","09:27:37",338900
26.75,-0.05,600,"bu","09:27:34",321900
26.75,-0.05,100,"bu","09:27:33",321300
26.75,-0.05,100,"bu","09:27:26",321200
26.75,-0.05,3000,"bu","09:27:25",321100
26.75,-0.05,100,"bu","09:27:24",318100
26.75,-0.05,100,"bu","09:27:23",318000
26.75,-0.05,15000,"bu","09:27:20",317900
26.75,-0.05,200,"bu","09:27:18",302900
26.75,-0.05,3000,"bu","09:26:59",302700
26.75,-0.05,100,"bu","09:26:58",299700
26.75,-0.05,100,"bu","09:26:52",299600
26.7,-0.1,300,"bu","09:26:45",299500
26.7,-0.1,29700,"sd","09:26:42",299200
26.75,-0.05,4000,"bu","09:26:40",269500
26.75,-0.05,5000,"bu","09:26:34",265500
26.75,-0.05,3000,"bu","09:26:31",260500
26.7,-0.1,3600,"sd","09:26:26",257500
26.7,-0.1,2900,"sd","09:26:26",253900
26.7,-0.1,2000,"sd","09:26:25",251000
26.75,-0.05,100,"bu","09:26:24",249000
26.75,-0.05,200,"bu","09:26:12",248900
26.75,-0.05,4000,"bu","09:26:11",248700
26.75,-0.05,1000,"bu","09:26:01",244700
26.75,-0.05,20900,"sd","09:26:00",243700
26.75,-0.05,6000,"sd","09:25:36",222800
26.8,0,500,"bu","09:25:26",216800
26.8,0,3000,"bu","09:25:23",216300
26.8,0,100,"bu","09:24:46",213300
26.8,0,400,"bu","09:24:37",213200
26.75,-0.05,3000,"sd","09:24:35",212800
26.75,-0.05,1000,"sd","09:24:28",209800
26.8,0,100,"bu","09:24:06",208800
26.75,-0.05,13000,"sd","09:24:06",208700
26.8,0,200,"bu","09:23:56",195700
26.8,0,7300,"sd","09:23:33",195500
26.8,0,10000,"sd","09:23:19",188200
26.8,0,500,"sd","09:23:07",178200
26.8,0,1000,"sd","09:22:56",177700
26.8,0,100,"sd","09:22:41",176700
26.8,0,17700,"bu","09:22:30",176600
26.8,0,500,"bu","09:22:09",158900
26.8,0,700,"bu","09:21:34",158400
26.8,0,100,"bu","09:21:24",157700
26.8,0,15500,"sd","09:21:00",157600
26.8,0,500,"sd","09:20:52",142100
26.8,0,1500,"sd","09:20:41",141600
26.8,0,500,"sd","09:20:28",140100
26.8,0,6300,"bu","09:20:25",139600
26.8,0,30000,"bu","09:20:13",133300
26.8,0,500,"bu","09:19:46",103300
26.75,-0.05,3500,"bu","09:19:17",102800
26.75,-0.05,100,"bu","09:19:06",99300
26.75,-0.05,5400,"sd","09:18:58",99200
26.8,0,100,"bu","09:18:55",93800
26.8,0,4500,"bu","09:18:29",93700
26.8,0,6300,"sd","09:17:52",89200
26.8,0,3900,"bu","09:17:49",82900
26.8,0,7500,"bu","09:17:47",79000
26.8,0,8600,"sd","09:17:46",71500
26.8,0,200,"sd","09:17:45",62900
26.8,0,2000,"sd","09:17:40",62700
26.85,0.05,100,"bu","09:17:37",60700
26.8,0,9500,"bu","09:17:31",60600
26.75,-0.05,1100,"sd","09:17:30",51100
26.8,0,100,"bu","09:17:28",50000
26.8,0,3000,"bu","09:17:06",49900
26.8,0,10400,"sd","09:17:00",46900
26.8,0,400,"sd","09:16:51",36500
26.85,0.05,100,"bu","09:16:51",36100
26.8,0,5000,"sd","09:16:45",36000
26.8,0,100,"sd","09:16:42",31000
26.85,0.05,100,"bu","09:16:41",30900
26.8,0,400,"sd","09:16:33",30800
26.8,0,1000,"sd","09:16:23",30400
26.85,0.05,29400,"","09:15:02",29400
