"price","change","match_qtty","side","time","total_vol"
27.8,-0.4,1007500,"","14:45:03",12589600
27.9,-0.3,100,"bu","14:29:56",11582100
27.9,-0.3,1400,"bu","14:29:53",11582000
27.9,-0.3,1000,"bu","14:29:51",11580600
27.9,-0.3,5000,"bu","14:29:50",11579600
27.9,-0.3,200,"bu","14:29:47",11574600
27.9,-0.3,2400,"bu","14:29:44",11574400
27.9,-0.3,100,"bu","14:29:42",11572000
27.9,-0.3,100,"bu","14:29:38",11571900
27.9,-0.3,400,"bu","14:29:37",11571800
27.9,-0.3,100,"bu","14:29:33",11571400
27.85,-0.35,3800,"sd","14:29:31",11571300
27.85,-0.35,2000,"sd","14:29:29",11567500
27.85,-0.35,1000,"sd","14:29:27",11565500
27.9,-0.3,100,"bu","14:29:27",11564500
27.85,-0.35,10300,"sd","14:29:26",11564400
27.85,-0.35,17800,"sd","14:29:26",11554100
27.85,-0.35,17800,"sd","14:29:23",11536300
27.85,-0.35,5000,"sd","14:29:22",11518500
27.85,-0.35,5000,"sd","14:29:17",11513500
27.85,-0.35,3000,"sd","14:29:14",11508500
27.85,-0.35,300,"sd","14:29:12",11505500
27.9,-0.3,5300,"bu","14:29:09",11505200
27.9,-0.3,2400,"bu","14:29:06",11499900
27.9,-0.3,1100,"bu","14:29:05",11497500
27.85,-0.35,1000,"sd","14:29:03",11496400
27.9,-0.3,900,"bu","14:28:59",11495400
27.85,-0.35,109000,"sd","14:28:56",11494500
27.85,-0.35,4100,"sd","14:28:47",11385500
27.9,-0.3,300,"bu","14:28:46",11381400
27.85,-0.35,500,"sd","14:28:46",11381100
27.85,-0.35,2000,"sd","14:28:45",11380600
27.9,-0.3,100,"bu","14:28:41",11378600
27.85,-0.35,8000,"sd","14:28:31",11378500
27.85,-0.35,2000,"sd","14:28:30",11370500
27.9,-0.3,100,"bu","14:28:28",11368500
27.9,-0.3,500,"bu","14:28:24",11368400
27.9,-0.3,500,"bu","14:28:23",11367900
27.9,-0.3,4000,"bu","14:28:21",11367400
27.9,-0.3,1000,"bu","14:28:20",11363400
27.9,-0.3,20000,"bu","14:28:16",11362400
27.9,-0.3,1000,"bu","14:28:10",11342400
27.9,-0.3,7000,"bu","14:28:07",11341400
27.85,-0.35,3100,"sd","14:28:07",11334400
27.9,-0.3,1000,"bu","14:28:06",11331300
27.9,-0.3,300,"bu","14:28:03",11330300
27.85,-0.35,3100,"sd","14:28:02",11330000
27.9,-0.3,300,"bu","14:28:01",11326900
27.9,-0.3,13100,"sd","14:28:00",11326600
27.9,-0.3,2000,"sd","14:27:56",11313500
27.9,-0.3,10000,"sd","14:27:55",11311500
27.9,-0.3,2000,"sd","14:27:41",11301500
27.9,-0.3,2700,"bu","14:27:37",11299500
27.9,-0.3,2300,"sd","14:27:35",11296800
27.9,-0.3,500,"bu","14:27:31",11294500
27.9,-0.3,1000,"bu","14:27:29",11294000
27.9,-0.3,1500,"bu","14:27:27",11293000
27.9,-0.3,1000,"bu","14:27:25",11291500
27.9,-0.3,100,"bu","14:27:22",11290500
27.9,-0.3,500,"bu","14:27:21",11290400
27.9,-0.3,1600,"sd","14:27:19",11289900
27.9,-0.3,4900,"bu","14:27:16",11288300
27.9,-0.3,500,"bu","14:27:15",11283400
27.9,-0.3,5100,"sd","14:27:14",11282900
27.9,-0.3,1200,"sd","14:27:13",11277800
27.9,-0.3,500,"sd","14:27:08",11276600
27.9,-0.3,8900,"sd","14:26:59",11276100
27.9,-0.3,900,"sd","14:26:58",11267200
27.9,-0.3,500,"sd","14:26:56",11266300
27.9,-0.3,100,"sd","14:26:56",11265800
27.9,-0.3,3000,"sd","14:26:53",11265700
27.9,-0.3,1000,"sd","14:26:52",11262700
27.9,-0.3,3700,"sd","14:26:50",11261700
27.9,-0.3,50000,"sd","14:26:48",11258000
27.9,-0.3,10500,"sd","14:26:48",11208000
27.9,-0.3,1000,"sd","14:26:38",11197500
27.9,-0.3,17800,"sd","14:26:37",11196500
27.9,-0.3,20000,"sd","14:26:32",11178700
27.95,-0.25,2000,"bu","14:26:15",11158700
27.95,-0.25,100,"bu","14:25:59",11156700
27.95,-0.25,100,"bu","14:25:56",11156600
27.9,-0.3,2000,"sd","14:25:54",11156500
27.95,-0.25,100,"bu","14:25:50",11154500
27.95,-0.25,3000,"bu","14:25:49",11154400
27.95,-0.25,1000,"bu","14:25:43",11151400
27.95,-0.25,100,"bu","14:25:24",11150400
27.95,-0.25,100,"bu","14:25:17",11150300
27.95,-0.25,5000,"bu","14:25:11",11150200
27.95,-0.25,500,"bu","14:25:04",11145200
27.95,-0.25,1000,"bu","14:24:57",11144700
27.9,-0.3,10000,"sd","14:24:46",11143700
27.95,-0.25,1000,"bu","14:24:40",11133700
27.95,-0.25,100,"bu","14:24:23",11132700
27.95,-0.25,100,"bu","14:24:17",11132600
27.9,-0.3,1500,"sd","14:24:10",11132500
27.95,-0.25,3100,"bu","14:24:06",11131000
27.95,-0.25,2000,"bu","14:23:57",11127900
27.9,-0.3,5000,"sd","14:23:54",11125900
27.95,-0.25,200,"bu","14:23:52",11120900
27.9,-0.3,12000,"sd","14:23:45",11120700
27.9,-0.3,500,"sd","14:23:41",11108700
27.95,-0.25,100,"bu","14:23:32",11108200
27.95,-0.25,100,"bu","14:23:17",11108100
27.95,-0.25,500,"bu","14:23:09",11108000
27.95,-0.25,5000,"bu","14:22:58",11107500
27.95,-0.25,1000,"bu","14:22:57",11102500
27.95,-0.25,3000,"bu","14:22:51",11101500
27.95,-0.25,100,"bu","14:22:47",11098500
27.95,-0.25,17400,"bu","14:22:41",11098400
27.9,-0.3,2000,"sd","14:22:40",11081000
27.9,-0.3,8000,"sd","14:22:39",11079000
27.9,-0.3,17100,"sd","14:22:30",11071000
27.9,-0.3,2700,"sd","14:22:15",11053900
27.95,-0.25,400,"sd","14:22:15",11051200
27.95,-0.25,1400,"bu","14:22:14",11050800
27.95,-0.25,500,"bu","14:22:08",11049400
27.95,-0.25,5000,"bu","14:22:01",11048900
27.95,-0.25,500,"bu","14:22:00",11043900
27.9,-0.3,10000,"sd","14:21:56",11043400
27.9,-0.3,3100,"sd","14:21:52",11033400
27.9,-0.3,3000,"sd","14:21:49",11030300
27.95,-0.25,5000,"bu","14:21:48",11027300
27.95,-0.25,5000,"bu","14:21:45",11022300
27.95,-0.25,1500,"bu","14:21:42",11017300
27.9,-0.3,3100,"sd","14:21:36",11015800
27.9,-0.3,19300,"sd","14:21:27",11012700
27.9,-0.3,100,"sd","14:21:22",10993400
27.95,-0.25,5800,"sd","14:21:22",10993300
28,-0.2,100,"bu","14:21:11",10987500
27.95,-0.25,200,"bu","14:21:08",10987400
27.95,-0.25,300,"sd","14:21:08",10987200
27.9,-0.3,800,"sd","14:20:57",10986900
27.95,-0.25,2300,"sd","14:20:57",10986100
27.95,-0.25,3700,"bu","14:20:55",10983800
27.95,-0.25,600,"bu","14:20:47",10980100
27.9,-0.3,3100,"sd","14:20:34",10979500
27.95,-0.25,200,"bu","14:20:33",10976400
27.9,-0.3,1000,"sd","14:20:32",10976200
27.95,-0.25,1700,"sd","14:20:31",10975200
27.95,-0.25,800,"sd","14:20:30",10973500
27.95,-0.25,10000,"sd","14:20:29",10972700
27.95,-0.25,1000,"bu","14:20:19",10962700
27.9,-0.3,1800,"sd","14:20:18",10961700
27.95,-0.25,7500,"sd","14:20:18",10959900
27.9,-0.3,5100,"sd","14:20:12",10952400
27.95,-0.25,4200,"sd","14:20:12",10947300
27.95,-0.25,6200,"sd","14:20:10",10943100
27.95,-0.25,17800,"sd","14:20:08",10936900
28,-0.2,100,"bu","14:20:07",10919100
27.95,-0.25,3700,"sd","14:20:05",10919000
27.95,-0.25,8100,"sd","14:20:01",10915300
27.95,-0.25,10000,"sd","14:19:54",10907200
27.95,-0.25,5000,"sd","14:19:49",10897200
28,-0.2,500,"bu","14:19:40",10892200
28,-0.2,100,"bu","14:19:39",10891700
28,-0.2,100,"bu","14:19:35",10891600
28,-0.2,2500,"bu","14:19:34",10891500
28,-0.2,3000,"bu","14:19:31",10889000
27.95,-0.25,300,"sd","14:19:31",10886000
28,-0.2,5100,"bu","14:19:27",10885700
28,-0.2,1000,"bu","14:19:26",10880600
28,-0.2,3700,"bu","14:19:23",10879600
28,-0.2,1200,"bu","14:19:21",10875900
28,-0.2,800,"bu","14:19:20",10874700
27.95,-0.25,500,"sd","14:19:20",10873900
28,-0.2,45000,"bu","14:19:11",10873400
28,-0.2,100,"bu","14:19:00",10828400
28,-0.2,10200,"bu","14:18:53",10828300
28,-0.2,100,"bu","14:18:34",10818100
27.95,-0.25,4200,"sd","14:18:32",10818000
28,-0.2,500,"bu","14:18:24",10813800
28,-0.2,5000,"bu","14:18:21",10813300
28,-0.2,1000,"bu","14:18:11",10808300
28,-0.2,100,"bu","14:17:59",10807300
27.95,-0.25,4000,"sd","14:17:52",10807200
28,-0.2,7000,"bu","14:17:51",10803200
28,-0.2,400,"bu","14:17:30",10796200
27.95,-0.25,10000,"sd","14:17:14",10795800
27.95,-0.25,600,"sd","14:17:08",10785800
28,-0.2,3100,"bu","14:16:41",10785200
27.95,-0.25,1000,"sd","14:16:40",10782100
27.95,-0.25,1700,"sd","14:16:32",10781100
28,-0.2,100,"bu","14:16:23",10779400
28,-0.2,5000,"bu","14:16:17",10779300
28,-0.2,500,"bu","14:16:00",10774300
28,-0.2,6200,"bu","14:15:55",10773800
28,-0.2,9300,"bu","14:15:48",10767600
27.95,-0.25,500,"sd","14:15:33",10758300
27.95,-0.25,100,"sd","14:15:31",10757800
27.95,-0.25,1300,"sd","14:15:28",10757700
27.95,-0.25,8500,"bu","14:15:23",10756400
27.95,-0.25,22900,"sd","14:15:17",10747900
27.95,-0.25,1100,"sd","14:15:15",10725000
28,-0.2,500,"bu","14:15:11",10723900
27.95,-0.25,10000,"sd","14:15:05",10723400
27.95,-0.25,1000,"sd","14:15:03",10713400
27.95,-0.25,1100,"sd","14:14:54",10712400
28,-0.2,100,"bu","14:14:46",10711300
27.95,-0.25,900,"sd","14:14:42",10711200
27.95,-0.25,100,"sd","14:14:37",10710300
27.95,-0.25,500,"sd","14:14:35",10710200
27.95,-0.25,900,"sd","14:14:33",10709700
27.95,-0.25,500,"sd","14:14:32",10708800
27.95,-0.25,500,"sd","14:14:24",10708300
27.95,-0.25,1300,"sd","14:14:23",10707800
27.95,-0.25,500,"sd","14:14:19",10706500
27.95,-0.25,1700,"sd","14:14:16",10706000
27.95,-0.25,1300,"sd","14:14:09",10704300
27.95,-0.25,500,"sd","14:14:08",10703000
27.95,-0.25,500,"sd","14:13:59",10702500
27.95,-0.25,1000,"sd","14:13:56",10702000
27.95,-0.25,1200,"sd","14:13:45",10701000
27.95,-0.25,17800,"sd","14:13:45",10699800
28,-0.2,1000,"bu","14:13:44",10682000
27.95,-0.25,100,"sd","14:13:39",10681000
27.95,-0.25,500,"sd","14:13:37",10680900
27.95,-0.25,500,"sd","14:13:35",10680400
27.95,-0.25,600,"sd","14:13:34",10679900
28,-0.2,2400,"sd","14:13:34",10679300
28,-0.2,1300,"sd","14:13:33",10676900
28,-0.2,500,"sd","14:13:27",10675600
28,-0.2,32900,"bu","14:13:26",10675100
27.95,-0.25,500,"sd","14:13:22",10642200
27.95,-0.25,900,"sd","14:13:20",10641700
27.95,-0.25,900,"sd","14:13:11",10640800
28,-0.2,100,"bu","14:13:10",10639900
27.95,-0.25,500,"sd","14:13:09",10639800
27.95,-0.25,1100,"sd","14:13:01",10639300
27.95,-0.25,500,"sd","14:13:00",10638200
28,-0.2,20000,"bu","14:12:59",10637700
27.95,-0.25,1000,"sd","14:12:50",10617700
27.95,-0.25,1200,"sd","14:12:40",10616700
27.95,-0.25,100,"sd","14:12:37",10615500
27.95,-0.25,500,"sd","14:12:35",10615400
27.95,-0.25,800,"sd","14:12:33",10614900
27.95,-0.25,500,"sd","14:12:32",10614100
27.9,-0.3,200,"sd","14:12:29",10613600
27.95,-0.25,1000,"sd","14:12:29",10613400
27.95,-0.25,500,"sd","14:12:25",10612400
27.95,-0.25,500,"sd","14:12:19",10611900
27.9,-0.3,2000,"sd","14:12:17",10611400
27.9,-0.3,1100,"sd","14:12:15",10609400
28,-0.2,1500,"bu","14:12:09",10608300
27.95,-0.25,500,"bu","14:12:09",10606800
27.9,-0.3,500,"sd","14:12:09",10606300
27.9,-0.3,700,"sd","14:12:02",10605800
27.95,-0.25,500,"sd","14:12:02",10605100
27.95,-0.25,500,"sd","14:12:00",10604600
28,-0.2,50000,"bu","14:11:58",10604100
27.95,-0.25,16100,"sd","14:11:57",10554100
27.95,-0.25,2000,"sd","14:11:51",10538000
27.95,-0.25,800,"sd","14:11:45",10536000
27.9,-0.3,19900,"sd","14:11:37",10535200
27.95,-0.25,10200,"sd","14:11:37",10515300
27.95,-0.25,500,"sd","14:11:35",10505100
28,-0.2,6200,"bu","14:11:35",10504600
27.95,-0.25,2000,"sd","14:11:34",10498400
28,-0.2,100,"bu","14:11:34",10496400
27.95,-0.25,4800,"bu","14:11:33",10496300
27.9,-0.3,500,"sd","14:11:33",10491500
27.9,-0.3,500,"sd","14:11:25",10491000
27.95,-0.25,6200,"bu","14:11:25",10490500
27.95,-0.25,10000,"bu","14:11:24",10484300
27.95,-0.25,200,"bu","14:11:20",10474300
27.95,-0.25,500,"bu","14:11:19",10474100
27.9,-0.3,500,"sd","14:11:19",10473600
27.9,-0.3,1600,"sd","14:11:13",10473100
27.95,-0.25,200,"bu","14:11:08",10471500
27.9,-0.3,500,"sd","14:11:08",10471300
27.95,-0.25,1000,"bu","14:11:00",10470800
27.9,-0.3,500,"sd","14:10:59",10469800
27.95,-0.25,1000,"sd","14:10:52",10469300
27.95,-0.25,5000,"sd","14:10:47",10468300
27.95,-0.25,1400,"bu","14:10:45",10463300
27.95,-0.25,1000,"bu","14:10:40",10461900
27.9,-0.3,100,"sd","14:10:40",10460900
27.95,-0.25,2000,"bu","14:10:38",10460800
27.9,-0.3,500,"sd","14:10:38",10458800
27.95,-0.25,13800,"sd","14:10:36",10458300
27.95,-0.25,500,"sd","14:10:35",10444500
27.95,-0.25,700,"sd","14:10:32",10444000
27.95,-0.25,500,"sd","14:10:31",10443300
27.95,-0.25,500,"sd","14:10:28",10442800
27.9,-0.3,500,"sd","14:10:22",10442300
27.9,-0.3,400,"sd","14:10:20",10441800
27.95,-0.25,900,"sd","14:10:20",10441400
28,-0.2,1000,"bu","14:10:14",10440500
27.95,-0.25,500,"sd","14:10:10",10439500
27.95,-0.25,10000,"sd","14:10:09",10439000
27.95,-0.25,2600,"sd","14:10:05",10429000
27.95,-0.25,500,"sd","14:10:02",10426400
28,-0.2,100,"bu","14:09:58",10425900
27.95,-0.25,10000,"sd","14:09:55",10425800
27.95,-0.25,100,"sd","14:09:42",10415800
27.95,-0.25,500,"sd","14:09:40",10415700
27.95,-0.25,500,"sd","14:09:37",10415200
27.95,-0.25,5000,"sd","14:09:32",10414700
27.95,-0.25,18300,"sd","14:09:30",10409700
28,-0.2,100,"bu","14:09:29",10391400
27.95,-0.25,500,"sd","14:09:24",10391300
28,-0.2,1500,"bu","14:09:23",10390800
28,-0.2,300,"bu","14:09:15",10389300
27.95,-0.25,500,"sd","14:09:13",10389000
28,-0.2,2500,"bu","14:09:12",10388500
28,-0.2,500,"bu","14:09:11",10386000
27.95,-0.25,500,"sd","14:09:05",10385500
27.95,-0.25,500,"sd","14:08:59",10385000
28,-0.2,500,"bu","14:08:53",10384500
28,-0.2,115000,"bu","14:08:50",10384000
27.95,-0.25,4400,"sd","14:08:45",10269000
27.95,-0.25,5000,"sd","14:08:32",10264600
27.95,-0.25,100,"sd","14:08:30",10259600
27.95,-0.25,600,"sd","14:08:28",10259500
27.95,-0.25,500,"sd","14:08:25",10258900
27.95,-0.25,1200,"sd","14:08:24",10258400
28,-0.2,100,"bu","14:08:22",10257200
27.95,-0.25,500,"sd","14:08:17",10257100
27.95,-0.25,1300,"sd","14:08:15",10256600
27.95,-0.25,500,"sd","14:08:12",10255300
27.95,-0.25,500,"sd","14:08:01",10254800
27.95,-0.25,1800,"sd","14:08:00",10254300
27.95,-0.25,1000,"sd","14:07:53",10252500
27.95,-0.25,500,"sd","14:07:52",10251500
27.95,-0.25,200,"sd","14:07:51",10251000
27.95,-0.25,5000,"sd","14:07:42",10250800
27.95,-0.25,3000,"sd","14:07:41",10245800
27.95,-0.25,500,"sd","14:07:40",10242800
27.95,-0.25,100,"sd","14:07:33",10242300
27.95,-0.25,500,"sd","14:07:31",10242200
27.95,-0.25,500,"sd","14:07:30",10241700
27.95,-0.25,500,"sd","14:07:29",10241200
27.95,-0.25,97900,"bu","14:07:28",10240700
27.9,-0.3,100,"sd","14:07:25",10142800
27.9,-0.3,1000,"sd","14:07:25",10142700
27.9,-0.3,500,"sd","14:07:21",10141700
27.9,-0.3,400,"sd","14:07:20",10141200
27.9,-0.3,500,"sd","14:07:15",10140800
27.9,-0.3,1000,"sd","14:07:13",10140300
27.9,-0.3,500,"sd","14:07:04",10139300
27.9,-0.3,5500,"sd","14:06:56",10138800
27.9,-0.3,7500,"sd","14:06:51",10133300
27.95,-0.25,100,"bu","14:06:46",10125800
27.9,-0.3,600,"sd","14:06:44",10125700
27.9,-0.3,200,"sd","14:06:41",10125100
27.9,-0.3,4000,"sd","14:06:38",10124900
27.9,-0.3,1000,"sd","14:06:35",10120900
27.95,-0.25,1300,"bu","14:06:34",10119900
27.9,-0.3,100,"sd","14:06:34",10118600
27.9,-0.3,3000,"sd","14:06:34",10118500
27.9,-0.3,500,"sd","14:06:32",10115500
27.9,-0.3,600,"bu","14:06:31",10115000
27.85,-0.35,500,"sd","14:06:30",10114400
27.9,-0.3,10500,"bu","14:06:29",10113900
27.9,-0.3,2500,"bu","14:06:26",10103400
27.9,-0.3,1000,"bu","14:06:25",10100900
27.9,-0.3,107200,"bu","14:06:24",10099900
27.85,-0.35,500,"sd","14:06:22",9992700
27.9,-0.3,1300,"bu","14:06:21",9992200
27.9,-0.3,300,"bu","14:06:20",9990900
27.85,-0.35,3200,"sd","14:06:18",9990600
27.9,-0.3,50000,"bu","14:06:18",9987400
27.85,-0.35,500,"sd","14:06:16",9937400
27.9,-0.3,3000,"bu","14:06:15",9936900
27.85,-0.35,500,"sd","14:06:05",9933900
27.9,-0.3,1000,"bu","14:06:05",9933400
27.9,-0.3,5600,"bu","14:06:04",9932400
27.85,-0.35,1000,"sd","14:06:02",9926800
27.9,-0.3,50700,"bu","14:06:00",9925800
27.85,-0.35,1000,"sd","14:05:58",9875100
27.9,-0.3,2000,"bu","14:05:57",9874100
27.85,-0.35,500,"sd","14:05:56",9872100
27.85,-0.35,1000,"sd","14:05:54",9871600
27.85,-0.35,4100,"sd","14:05:51",9870600
27.85,-0.35,2000,"sd","14:05:48",9866500
27.85,-0.35,900,"sd","14:05:45",9864500
27.85,-0.35,3000,"sd","14:05:38",9863600
27.85,-0.35,1700,"sd","14:05:36",9860600
27.9,-0.3,3100,"bu","14:05:26",9858900
27.85,-0.35,100,"sd","14:05:26",9855800
27.85,-0.35,3500,"sd","14:05:24",9855700
27.85,-0.35,500,"sd","14:05:24",9852200
27.9,-0.3,1400,"bu","14:05:23",9851700
27.85,-0.35,500,"sd","14:05:22",9850300
27.85,-0.35,1900,"sd","14:05:18",9849800
27.85,-0.35,3000,"sd","14:05:18",9847900
27.85,-0.35,2000,"sd","14:05:16",9844900
27.85,-0.35,500,"sd","14:05:14",9842900
27.85,-0.35,1000,"sd","14:05:11",9842400
27.9,-0.3,100,"bu","14:05:10",9841400
27.85,-0.35,500,"sd","14:05:08",9841300
27.85,-0.35,4000,"sd","14:05:03",9840800
27.85,-0.35,1400,"sd","14:04:59",9836800
27.85,-0.35,500,"sd","14:04:57",9835400
27.85,-0.35,1000,"sd","14:04:56",9834900
27.85,-0.35,1000,"sd","14:04:54",9833900
27.85,-0.35,1000,"sd","14:04:52",9832900
27.85,-0.35,500,"sd","14:04:50",9831900
27.85,-0.35,3500,"sd","14:04:48",9831400
27.85,-0.35,3900,"sd","14:04:47",9827900
27.85,-0.35,1300,"sd","14:04:45",9824000
27.85,-0.35,1000,"sd","14:04:44",9822700
27.85,-0.35,1000,"sd","14:04:34",9821700
27.85,-0.35,1500,"sd","14:04:31",9820700
27.85,-0.35,2300,"sd","14:04:30",9819200
27.85,-0.35,12300,"sd","14:04:29",9816900
27.85,-0.35,100,"sd","14:04:28",9804600
27.85,-0.35,2200,"sd","14:04:26",9804500
27.85,-0.35,500,"sd","14:04:24",9802300
27.85,-0.35,4500,"sd","14:04:19",9801800
27.85,-0.35,15000,"sd","14:04:16",9797300
27.85,-0.35,500,"sd","14:04:16",9782300
27.9,-0.3,200,"bu","14:04:16",9781800
27.85,-0.35,3700,"sd","14:04:15",9781600
27.85,-0.35,3000,"sd","14:04:13",9777900
27.85,-0.35,100,"sd","14:04:12",9774900
27.85,-0.35,500,"sd","14:04:11",9774800
27.85,-0.35,2000,"sd","14:04:05",9774300
27.85,-0.35,500,"sd","14:04:03",9772300
27.85,-0.35,500,"sd","14:04:00",9771800
27.85,-0.35,500,"sd","14:03:51",9771300
27.85,-0.35,1000,"sd","14:03:45",9770800
27.85,-0.35,1000,"sd","14:03:45",9769800
27.85,-0.35,1500,"sd","14:03:37",9768800
27.85,-0.35,2000,"sd","14:03:36",9767300
27.85,-0.35,6000,"sd","14:03:36",9765300
27.9,-0.3,100,"bu","14:03:34",9759300
27.85,-0.35,8000,"sd","14:03:34",9759200
27.85,-0.35,100,"sd","14:03:32",9751200
27.85,-0.35,500,"sd","14:03:31",9751100
27.85,-0.35,1000,"sd","14:03:30",9750600
27.85,-0.35,500,"sd","14:03:29",9749600
27.85,-0.35,2000,"sd","14:03:24",9749100
27.85,-0.35,2000,"sd","14:03:21",9747100
27.85,-0.35,1400,"sd","14:03:21",9744600
27.85,-0.35,500,"sd","14:03:21",9743200
27.85,-0.35,2000,"sd","14:03:19",9742700
27.85,-0.35,500,"sd","14:03:15",9740700
27.85,-0.35,2700,"sd","14:03:14",9740200
27.85,-0.35,1000,"sd","14:03:12",9737500
27.85,-0.35,6000,"sd","14:03:09",9736500
27.85,-0.35,1300,"sd","14:03:07",9730500
27.85,-0.35,500,"sd","14:03:05",9729200
27.85,-0.35,1000,"sd","14:02:58",9728700
27.85,-0.35,500,"sd","14:02:56",9727700
27.85,-0.35,4500,"sd","14:02:53",9727200
27.85,-0.35,1000,"sd","14:02:47",9722700
27.85,-0.35,3800,"sd","14:02:39",9721700
27.9,-0.3,5000,"bu","14:02:37",9717900
27.85,-0.35,3100,"sd","14:02:33",9712900
27.85,-0.35,7000,"sd","14:02:29",9709800
27.9,-0.3,100,"bu","14:02:27",9702800
27.85,-0.35,3100,"sd","14:02:26",9702700
27.85,-0.35,1500,"sd","14:02:25",9699600
27.85,-0.35,100,"sd","14:02:23",9698100
27.85,-0.35,500,"sd","14:02:20",9698000
27.85,-0.35,4600,"sd","14:02:19",9697500
27.85,-0.35,500,"sd","14:02:19",9692900
27.85,-0.35,500,"sd","14:02:17",9692400
27.85,-0.35,5000,"sd","14:02:15",9691900
27.85,-0.35,3100,"sd","14:02:13",9686900
27.85,-0.35,1000,"sd","14:02:13",9683800
27.85,-0.35,1500,"sd","14:02:10",9682800
27.85,-0.35,1000,"sd","14:02:08",9681300
27.85,-0.35,500,"sd","14:02:04",9680300
27.9,-0.3,1000,"bu","14:02:04",9679800
27.9,-0.3,100,"bu","14:02:02",9678800
27.85,-0.35,1000,"sd","14:02:00",9678700
27.85,-0.35,1400,"sd","14:01:59",9677700
27.9,-0.3,100,"bu","14:01:58",9676300
27.85,-0.35,500,"sd","14:01:56",9676200
27.9,-0.3,104800,"sd","14:01:49",9675700
27.9,-0.3,5000,"sd","14:01:48",9570900
27.9,-0.3,10100,"sd","14:01:47",9565900
27.9,-0.3,2700,"sd","14:01:44",9555800
27.9,-0.3,1500,"sd","14:01:43",9553100
27.95,-0.25,200,"bu","14:01:42",9551600
27.9,-0.3,5000,"sd","14:01:40",9551400
27.9,-0.3,500,"sd","14:01:39",9546400
27.9,-0.3,3100,"sd","14:01:38",9545900
27.9,-0.3,1000,"sd","14:01:37",9542800
27.9,-0.3,6200,"sd","14:01:36",9541800
27.9,-0.3,3100,"sd","14:01:33",9535600
27.9,-0.3,3000,"sd","14:01:32",9532500
27.9,-0.3,1500,"sd","14:01:30",9529500
27.9,-0.3,1400,"sd","14:01:27",9528000
27.9,-0.3,500,"sd","14:01:25",9526600
27.9,-0.3,1000,"sd","14:01:24",9526100
27.95,-0.25,2000,"bu","14:01:23",9525100
27.9,-0.3,6200,"sd","14:01:21",9523100
27.9,-0.3,900,"sd","14:01:16",9516900
27.9,-0.3,100,"sd","14:01:15",9516000
27.9,-0.3,1300,"sd","14:01:13",9515900
27.9,-0.3,17800,"sd","14:01:08",9514600
27.9,-0.3,3200,"sd","14:01:07",9496800
27.9,-0.3,6200,"sd","14:01:04",9493600
27.95,-0.25,300,"bu","14:01:02",9487400
27.9,-0.3,3400,"sd","14:00:59",9487100
27.9,-0.3,1500,"sd","14:00:55",9483700
27.9,-0.3,17800,"sd","14:00:54",9482200
27.9,-0.3,10800,"sd","14:00:51",9464400
27.9,-0.3,5000,"sd","14:00:50",9453600
27.9,-0.3,6200,"sd","14:00:48",9448600
27.95,-0.25,200,"bu","14:00:47",9442400
27.9,-0.3,1500,"sd","14:00:47",9442200
27.9,-0.3,500,"sd","14:00:46",9440700
27.95,-0.25,1000,"bu","14:00:44",9440200
27.9,-0.3,1500,"sd","14:00:41",9439200
27.9,-0.3,6200,"sd","14:00:39",9437700
27.95,-0.25,46800,"sd","14:00:37",9431500
27.95,-0.25,5000,"sd","14:00:35",9384700
27.95,-0.25,1500,"sd","14:00:34",9379700
27.95,-0.25,17800,"sd","14:00:31",9378200
27.95,-0.25,1100,"sd","14:00:24",9360400
28,-0.2,100,"bu","14:00:22",9359300
27.95,-0.25,100,"sd","14:00:21",9359200
27.95,-0.25,1000,"sd","14:00:13",9359100
27.95,-0.25,3300,"sd","14:00:01",9358100
27.95,-0.25,600,"sd","13:59:37",9354800
27.95,-0.25,19900,"sd","13:59:27",9354200
27.95,-0.25,600,"sd","13:59:10",9334300
27.95,-0.25,29800,"sd","13:59:06",9333700
28,-0.2,300,"bu","13:59:05",9303900
27.95,-0.25,700,"sd","13:59:00",9303600
27.95,-0.25,4000,"sd","13:58:59",9302900
28,-0.2,10000,"bu","13:58:59",9298900
28,-0.2,300,"bu","13:58:53",9288900
28,-0.2,100,"bu","13:58:46",9288600
27.95,-0.25,50000,"sd","13:58:43",9288500
27.95,-0.25,5400,"sd","13:58:16",9238500
28,-0.2,200,"bu","13:58:13",9233100
27.95,-0.25,100,"sd","13:58:00",9232900
28,-0.2,8000,"bu","13:57:49",9232800
28,-0.2,1000,"bu","13:57:22",9224800
27.95,-0.25,1000,"sd","13:57:21",9223800
28,-0.2,100,"bu","13:57:12",9222800
28,-0.2,100,"bu","13:57:10",9222700
27.95,-0.25,1600,"sd","13:57:10",9222600
28,-0.2,100,"bu","13:57:04",9221000
27.95,-0.25,2400,"sd","13:56:53",9220900
27.95,-0.25,3200,"sd","13:56:28",9218500
28,-0.2,200,"bu","13:56:19",9215300
28,-0.2,100,"bu","13:56:17",9215100
28,-0.2,100,"bu","13:56:07",9215000
28,-0.2,100,"bu","13:56:05",9214900
28,-0.2,2000,"bu","13:56:03",9214800
28,-0.2,6200,"bu","13:56:01",9212800
27.95,-0.25,2300,"sd","13:55:55",9206600
28,-0.2,3100,"bu","13:55:46",9204300
27.95,-0.25,100,"sd","13:55:35",9201200
28,-0.2,100,"bu","13:55:33",9201100
27.95,-0.25,2100,"sd","13:55:31",9201000
28,-0.2,1000,"bu","13:55:18",9198900
27.95,-0.25,1500,"sd","13:55:17",9197900
27.95,-0.25,3000,"sd","13:55:10",9196400
28,-0.2,3000,"bu","13:55:08",9193400
27.95,-0.25,5000,"sd","13:55:04",9190400
27.95,-0.25,3000,"sd","13:55:00",9185400
27.95,-0.25,1500,"sd","13:54:43",9182400
27.95,-0.25,2000,"sd","13:54:38",9180900
27.95,-0.25,10000,"sd","13:54:20",9178900
27.95,-0.25,2000,"sd","13:54:18",9168900
27.95,-0.25,400,"sd","13:54:02",9166900
27.95,-0.25,2200,"sd","13:53:57",9166500
28,-0.2,100,"bu","13:53:57",9164300
28,-0.2,500,"bu","13:53:51",9164200
28,-0.2,100,"bu","13:53:47",9163700
28,-0.2,1500,"bu","13:53:47",9163600
28,-0.2,1000,"bu","13:53:30",9162100
28,-0.2,1000,"bu","13:53:26",9161100
27.95,-0.25,1000,"sd","13:53:19",9160100
27.95,-0.25,500,"sd","13:53:14",9159100
27.95,-0.25,100,"sd","13:53:12",9158600
27.95,-0.25,100,"sd","13:53:06",9158500
27.95,-0.25,100,"sd","13:53:03",9158400
28,-0.2,100,"bu","13:53:02",9158300
27.95,-0.25,5000,"sd","13:52:51",9158200
27.95,-0.25,3800,"sd","13:52:42",9153200
27.95,-0.25,5000,"sd","13:52:40",9149400
28,-0.2,200000,"bu","13:52:36",9144400
27.95,-0.25,200,"sd","13:52:34",8944400
27.95,-0.25,100,"sd","13:52:33",8944200
27.9,-0.3,1000,"sd","13:52:30",8944100
27.95,-0.25,30000,"bu","13:52:30",8943100
27.95,-0.25,2000,"bu","13:52:29",8913100
27.95,-0.25,6200,"bu","13:52:27",8911100
27.95,-0.25,100,"bu","13:52:21",8904900
27.9,-0.3,1000,"sd","13:52:21",8904800
27.95,-0.25,6200,"bu","13:52:20",8903800
27.95,-0.25,300,"bu","13:52:13",8897600
27.95,-0.25,16200,"bu","13:52:13",8897300
27.95,-0.25,2000,"bu","13:52:11",8881100
27.95,-0.25,2000,"bu","13:52:10",8879100
27.9,-0.3,900,"sd","13:52:10",8877100
27.95,-0.25,1000,"bu","13:52:10",8876200
27.9,-0.3,200,"sd","13:52:09",8875200
27.95,-0.25,100,"bu","13:52:09",8875000
27.95,-0.25,10000,"bu","13:52:08",8874900
27.9,-0.3,4000,"sd","13:52:07",8864900
27.95,-0.25,6200,"bu","13:52:03",8860900
27.9,-0.3,900,"sd","13:52:01",8854700
27.95,-0.25,6200,"bu","13:51:58",8853800
27.9,-0.3,1000,"sd","13:51:51",8847600
27.95,-0.25,100,"bu","13:51:47",8846600
27.9,-0.3,800,"sd","13:51:47",8846500
27.9,-0.3,900,"sd","13:51:41",8845700
27.9,-0.3,4000,"sd","13:51:40",8844800
27.9,-0.3,10000,"sd","13:51:34",8840800
27.9,-0.3,900,"sd","13:51:32",8830800
27.9,-0.3,500,"sd","13:51:28",8829900
27.9,-0.3,1200,"sd","13:51:22",8829400
27.9,-0.3,100,"sd","13:51:12",8828200
27.95,-0.25,6200,"bu","13:51:12",8828100
27.9,-0.3,1200,"sd","13:51:10",8821900
27.95,-0.25,1000,"bu","13:51:02",8820700
27.9,-0.3,1000,"sd","13:50:57",8819700
27.9,-0.3,6800,"sd","13:50:51",8818700
27.9,-0.3,3200,"sd","13:50:50",8811900
27.95,-0.25,300,"bu","13:50:49",8808700
27.9,-0.3,400,"sd","13:50:48",8808400
27.9,-0.3,1200,"sd","13:50:47",8808000
27.95,-0.25,100,"bu","13:50:45",8806800
27.9,-0.3,7700,"sd","13:50:42",8806700
27.95,-0.25,400,"bu","13:50:39",8799000
27.9,-0.3,1100,"sd","13:50:35",8798600
27.9,-0.3,2000,"sd","13:50:27",8797500
27.9,-0.3,1000,"sd","13:50:25",8795500
27.9,-0.3,400,"sd","13:50:18",8794500
27.9,-0.3,1000,"sd","13:50:14",8794100
27.9,-0.3,100,"sd","13:50:10",8793100
27.9,-0.3,600,"sd","13:50:08",8793000
27.9,-0.3,1100,"sd","13:50:04",8792400
27.95,-0.25,1000,"bu","13:49:53",8791300
27.95,-0.25,100,"bu","13:49:52",8790300
27.9,-0.3,1300,"sd","13:49:52",8790200
27.95,-0.25,3500,"sd","13:49:49",8788900
27.95,-0.25,8900,"sd","13:49:47",8785400
27.95,-0.25,10000,"sd","13:49:45",8776500
27.95,-0.25,3300,"sd","13:49:43",8766500
27.95,-0.25,1300,"sd","13:49:38",8763200
27.95,-0.25,200,"sd","13:49:36",8761900
27.95,-0.25,2000,"sd","13:49:35",8761700
27.95,-0.25,3000,"sd","13:49:34",8759700
27.95,-0.25,1200,"sd","13:49:24",8756700
27.95,-0.25,5000,"sd","13:49:19",8755500
27.95,-0.25,1000,"sd","13:49:13",8750500
27.95,-0.25,100,"sd","13:49:12",8749500
27.95,-0.25,1500,"sd","13:49:12",8749400
28,-0.2,100,"bu","13:49:09",8747900
27.95,-0.25,3600,"sd","13:49:05",8747800
27.95,-0.25,500,"sd","13:49:03",8744200
27.95,-0.25,1200,"sd","13:49:02",8743700
27.95,-0.25,1000,"sd","13:49:01",8742500
27.95,-0.25,500,"sd","13:48:58",8741500
27.95,-0.25,1300,"sd","13:48:50",8741000
27.95,-0.25,1000,"sd","13:48:48",8739700
27.95,-0.25,2300,"sd","13:48:43",8738700
27.95,-0.25,1200,"sd","13:48:36",8736400
27.95,-0.25,18000,"bu","13:48:32",8735200
27.95,-0.25,5500,"sd","13:48:28",8717200
27.95,-0.25,7500,"sd","13:48:27",8711700
27.95,-0.25,1100,"sd","13:48:24",8704200
27.95,-0.25,1000,"sd","13:48:19",8703100
27.95,-0.25,4000,"sd","13:48:18",8702100
27.95,-0.25,300,"sd","13:48:17",8698100
27.95,-0.25,1100,"sd","13:48:13",8697800
27.95,-0.25,2000,"sd","13:48:10",8696700
27.95,-0.25,1000,"sd","13:48:08",8694700
27.95,-0.25,5000,"sd","13:48:01",8693700
27.95,-0.25,1000,"sd","13:48:00",8688700
27.95,-0.25,500,"sd","13:47:59",8687700
27.95,-0.25,26100,"bu","13:47:58",8687200
27.9,-0.3,6200,"sd","13:47:56",8661100
27.95,-0.25,100,"bu","13:47:53",8654900
27.9,-0.3,900,"sd","13:47:51",8654800
27.95,-0.25,200,"bu","13:47:48",8653900
27.9,-0.3,1000,"sd","13:47:46",8653700
27.95,-0.25,200,"bu","13:47:42",8652700
27.9,-0.3,1200,"sd","13:47:41",8652500
27.95,-0.25,100,"bu","13:47:33",8651300
27.9,-0.3,1000,"sd","13:47:29",8651200
27.95,-0.25,500,"bu","13:47:28",8650200
27.95,-0.25,8900,"sd","13:47:24",8649700
27.95,-0.25,1100,"sd","13:47:19",8640800
27.9,-0.3,300,"sd","13:47:15",8639700
27.9,-0.3,6200,"sd","13:47:08",8639400
27.9,-0.3,900,"sd","13:47:07",8633200
27.9,-0.3,79300,"sd","13:46:59",8632300
27.95,-0.25,20700,"sd","13:46:59",8553000
27.95,-0.25,1200,"sd","13:46:58",8532300
27.95,-0.25,900,"sd","13:46:55",8531100
27.95,-0.25,5000,"sd","13:46:51",8530200
27.95,-0.25,1000,"sd","13:46:50",8525200
27.95,-0.25,17800,"sd","13:46:49",8524200
27.95,-0.25,1300,"sd","13:46:45",8506400
27.95,-0.25,1000,"sd","13:46:42",8505100
27.95,-0.25,200,"sd","13:46:40",8504100
27.95,-0.25,10000,"sd","13:46:36",8503900
27.95,-0.25,17800,"sd","13:46:34",8493900
27.95,-0.25,1000,"sd","13:46:31",8476100
27.95,-0.25,1000,"sd","13:46:25",8475100
27.95,-0.25,1100,"sd","13:46:22",8474100
27.95,-0.25,1000,"sd","13:46:10",8473000
27.95,-0.25,900,"sd","13:46:00",8472000
28,-0.2,100,"bu","13:45:57",8471100
27.95,-0.25,1000,"sd","13:45:55",8471000
27.95,-0.25,300,"sd","13:45:51",8470000
27.95,-0.25,1100,"sd","13:45:50",8469700
27.95,-0.25,4000,"sd","13:45:47",8468600
27.95,-0.25,5000,"sd","13:45:42",8464600
27.95,-0.25,1000,"sd","13:45:39",8459600
27.95,-0.25,1200,"sd","13:45:29",8458600
27.95,-0.25,20000,"sd","13:45:19",8457400
27.95,-0.25,1100,"sd","13:45:16",8437400
27.95,-0.25,10000,"sd","13:45:08",8436300
27.95,-0.25,1100,"sd","13:45:05",8426300
27.95,-0.25,1000,"sd","13:44:57",8425200
27.95,-0.25,1200,"sd","13:44:53",8424200
27.95,-0.25,200,"sd","13:44:48",8423000
27.95,-0.25,1500,"sd","13:44:41",8422800
27.95,-0.25,2400,"sd","13:44:40",8421300
27.95,-0.25,900,"sd","13:44:26",8418900
28,-0.2,100,"bu","13:44:21",8418000
27.95,-0.25,1300,"sd","13:44:16",8417900
27.95,-0.25,2000,"sd","13:44:15",8416600
27.95,-0.25,500,"sd","13:44:09",8414600
27.95,-0.25,2000,"sd","13:44:03",8414100
27.95,-0.25,1900,"sd","13:44:03",8412100
27.95,-0.25,300,"sd","13:43:50",8410200
27.95,-0.25,6000,"sd","13:43:44",8409900
27.95,-0.25,1000,"sd","13:43:42",8403900
27.95,-0.25,1600,"sd","13:43:32",8402900
27.95,-0.25,2300,"sd","13:43:25",8401300
27.95,-0.25,400,"sd","13:43:20",8399000
27.95,-0.25,1000,"sd","13:43:18",8398600
27.95,-0.25,1900,"sd","13:43:16",8397600
27.95,-0.25,7700,"sd","13:43:13",8395700
27.95,-0.25,10000,"sd","13:43:08",8388000
27.95,-0.25,1000,"sd","13:42:58",8378000
27.95,-0.25,1000,"sd","13:42:56",8377000
27.95,-0.25,14000,"sd","13:42:50",8376000
28,-0.2,300,"bu","13:42:50",8362000
27.95,-0.25,31800,"sd","13:42:46",8361700
28,-0.2,100,"bu","13:42:45",8329900
27.95,-0.25,15000,"sd","13:42:43",8329800
27.95,-0.25,1000,"sd","13:42:34",8314800
27.95,-0.25,10000,"sd","13:42:33",8313800
27.95,-0.25,1000,"sd","13:42:33",8303800
27.95,-0.25,500,"sd","13:42:32",8302800
27.95,-0.25,1800,"sd","13:42:31",8302300
27.95,-0.25,2000,"sd","13:42:29",8300500
27.95,-0.25,1500,"sd","13:42:26",8298500
27.95,-0.25,47600,"sd","13:42:23",8297000
27.95,-0.25,25000,"sd","13:42:21",8249400
27.95,-0.25,500,"sd","13:42:20",8224400
27.95,-0.25,2000,"sd","13:42:17",8223900
27.95,-0.25,6200,"sd","13:42:13",8221900
28,-0.2,400,"bu","13:42:13",8215700
27.95,-0.25,7300,"sd","13:42:11",8215300
27.95,-0.25,100,"sd","13:42:08",8208000
27.95,-0.25,1000,"sd","13:42:00",8207900
27.95,-0.25,500,"sd","13:41:58",8206900
27.95,-0.25,1100,"sd","13:41:49",8206400
27.95,-0.25,17800,"sd","13:41:45",8205300
27.95,-0.25,1000,"sd","13:41:41",8187500
28,-0.2,100,"bu","13:41:39",8186500
27.95,-0.25,1100,"sd","13:41:38",8186400
28,-0.2,200,"bu","13:41:36",8185300
27.95,-0.25,2000,"sd","13:41:28",8185100
27.95,-0.25,3000,"sd","13:41:27",8183100
27.95,-0.25,1100,"sd","13:41:26",8180100
27.95,-0.25,1100,"sd","13:41:15",8179000
27.95,-0.25,3000,"sd","13:41:12",8177900
28,-0.2,100,"bu","13:41:09",8174900
28,-0.2,12000,"bu","13:41:04",8174800
27.95,-0.25,900,"sd","13:41:03",8162800
28,-0.2,1000,"bu","13:41:02",8161900
27.95,-0.25,1000,"sd","13:40:58",8160900
28,-0.2,200,"bu","13:40:57",8159900
28,-0.2,500,"bu","13:40:47",8159700
28,-0.2,15500,"sd","13:40:44",8159200
28,-0.2,3700,"sd","13:40:43",8143700
28,-0.2,20300,"sd","13:40:43",8140000
28,-0.2,5000,"sd","13:40:42",8119700
28,-0.2,200,"sd","13:40:41",8114700
28,-0.2,5500,"sd","13:40:40",8114500
28,-0.2,500,"sd","13:40:37",8109000
28,-0.2,2900,"sd","13:40:33",8108500
28,-0.2,600,"sd","13:40:33",8105600
28,-0.2,1100,"sd","13:40:29",8105000
28,-0.2,10000,"sd","13:40:29",8103900
28,-0.2,200,"sd","13:40:26",8093900
28,-0.2,400,"sd","13:40:22",8093700
28,-0.2,1600,"sd","13:40:21",8093300
28,-0.2,10000,"sd","13:40:20",8091700
28,-0.2,400,"sd","13:40:17",8081700
28,-0.2,500,"sd","13:40:16",8081300
28,-0.2,2000,"sd","13:40:15",8080800
28,-0.2,130000,"sd","13:40:11",8078800
28,-0.2,17800,"sd","13:40:00",7948800
28,-0.2,800,"sd","13:39:53",7931000
28,-0.2,300,"sd","13:39:50",7930200
28,-0.2,20000,"sd","13:39:48",7929900
28,-0.2,1000,"sd","13:39:46",7909900
28,-0.2,5500,"sd","13:39:43",7908900
28.05,-0.15,7900,"bu","13:39:41",7903400
28.05,-0.15,100,"bu","13:39:33",7895500
28.05,-0.15,1000,"bu","13:39:31",7895400
28.05,-0.15,300,"bu","13:39:27",7894400
28,-0.2,500,"sd","13:39:27",7894100
28,-0.2,16000,"sd","13:39:24",7893600
28,-0.2,1500,"sd","13:39:18",7877600
28.05,-0.15,2000,"bu","13:39:08",7876100
28.05,-0.15,200,"bu","13:39:00",7874100
28,-0.2,500,"sd","13:38:53",7873900
28,-0.2,10000,"sd","13:38:50",7873400
28,-0.2,6000,"sd","13:38:40",7863400
28.05,-0.15,100,"bu","13:37:57",7857400
28.05,-0.15,100,"bu","13:37:50",7857300
28.05,-0.15,800,"bu","13:37:34",7857200
28.05,-0.15,100,"bu","13:37:22",7856400
28,-0.2,100,"sd","13:37:03",7856300
28.05,-0.15,5000,"bu","13:36:53",7856200
28,-0.2,13000,"sd","13:36:52",7851200
28.05,-0.15,1000,"bu","13:36:38",7838200
28.05,-0.15,3500,"bu","13:36:32",7837200
28.05,-0.15,1000,"bu","13:36:25",7833700
28.05,-0.15,100,"bu","13:36:20",7832700
28,-0.2,200,"sd","13:36:20",7832600
28.05,-0.15,20000,"bu","13:36:09",7832400
28,-0.2,500,"sd","13:35:56",7812400
28,-0.2,3600,"sd","13:35:52",7811900
28.05,-0.15,300,"bu","13:35:49",7808300
28,-0.2,800,"sd","13:35:42",7808000
28.05,-0.15,300,"bu","13:35:36",7807200
28.05,-0.15,5000,"bu","13:35:24",7806900
28,-0.2,10200,"sd","13:35:19",7801900
28,-0.2,100,"sd","13:35:19",7791700
28,-0.2,400,"sd","13:35:08",7791600
28.05,-0.15,2000,"bu","13:35:08",7791200
28,-0.2,8100,"sd","13:35:08",7789200
28,-0.2,11900,"sd","13:35:07",7781100
28.05,-0.15,27000,"sd","13:34:50",7769200
28.05,-0.15,2000,"sd","13:34:48",7742200
28.1,-0.1,100,"bu","13:34:44",7740200
28.05,-0.15,1000,"sd","13:34:39",7740100
28.05,-0.15,500,"sd","13:34:29",7739100
28.05,-0.15,1000,"sd","13:34:25",7738600
28.05,-0.15,60000,"sd","13:34:10",7737600
28.05,-0.15,500,"sd","13:34:07",7677600
28.05,-0.15,17800,"sd","13:34:06",7677100
28.05,-0.15,400,"sd","13:34:02",7659300
28.05,-0.15,500,"sd","13:34:00",7658900
28.05,-0.15,1100,"sd","13:33:50",7658400
28.1,-0.1,100,"bu","13:33:42",7657300
28.1,-0.1,500,"bu","13:33:41",7657200
28.1,-0.1,100,"bu","13:33:15",7656700
28.05,-0.15,200,"sd","13:33:14",7656600
28.1,-0.1,100,"bu","13:33:08",7656400
28.05,-0.15,100,"sd","13:33:06",7656300
28.05,-0.15,700,"sd","13:32:50",7656200
28.05,-0.15,16200,"bu","13:32:38",7655500
28.05,-0.15,2600,"sd","13:32:31",7639300
28.05,-0.15,500,"sd","13:32:26",7636700
28.05,-0.15,100,"sd","13:32:21",7636200
28.05,-0.15,500,"sd","13:32:19",7636100
28.05,-0.15,300,"bu","13:32:15",7635600
28.05,-0.15,700,"bu","13:32:04",7635300
28.05,-0.15,5000,"bu","13:31:58",7634600
28.05,-0.15,100,"bu","13:31:58",7629600
28.05,-0.15,4100,"sd","13:31:57",7629500
28.05,-0.15,1600,"bu","13:31:42",7625400
28.05,-0.15,1900,"sd","13:31:41",7623800
28.05,-0.15,5400,"sd","13:31:35",7621900
28.1,-0.1,100,"bu","13:31:32",7616500
28.1,-0.1,300,"bu","13:31:27",7616400
28.05,-0.15,68100,"sd","13:31:23",7616100
28.1,-0.1,2000,"bu","13:30:48",7548000
28.1,-0.1,200,"bu","13:30:24",7546000
28.05,-0.15,500,"sd","13:30:22",7545800
28.05,-0.15,16400,"sd","13:30:11",7545300
28.1,-0.1,2000,"bu","13:30:06",7528900
28.1,-0.1,100,"bu","13:29:56",7526900
28.1,-0.1,1400,"bu","13:29:43",7526800
28.05,-0.15,300,"sd","13:29:40",7525400
28.1,-0.1,800,"bu","13:29:36",7525100
28.05,-0.15,20000,"sd","13:29:28",7524300
28.1,-0.1,15000,"bu","13:29:27",7504300
28.05,-0.15,700,"sd","13:29:10",7489300
28.05,-0.15,3000,"sd","13:29:06",7488600
28.1,-0.1,5000,"bu","13:28:46",7485600
28.05,-0.15,5000,"sd","13:28:36",7480600
28.05,-0.15,500,"sd","13:28:31",7475600
28.05,-0.15,1000,"sd","13:28:29",7475100
28.1,-0.1,100,"bu","13:28:20",7474100
28.1,-0.1,1000,"bu","13:28:17",7474000
28.05,-0.15,15800,"bu","13:28:10",7473000
28.05,-0.15,200,"bu","13:28:06",7457200
28.05,-0.15,2900,"bu","13:28:03",7457000
28.05,-0.15,200,"bu","13:28:01",7454100
28.05,-0.15,100,"bu","13:28:00",7453900
28.05,-0.15,5000,"bu","13:27:59",7453800
28.05,-0.15,100,"bu","13:27:56",7448800
28.05,-0.15,500,"bu","13:27:55",7448700
28.05,-0.15,3000,"bu","13:27:55",7448200
28.05,-0.15,50000,"bu","13:27:53",7445200
28.05,-0.15,1200,"bu","13:27:49",7395200
28.05,-0.15,2000,"bu","13:27:42",7394000
28.05,-0.15,2000,"bu","13:27:41",7392000
28.05,-0.15,700,"bu","13:27:39",7390000
28.05,-0.15,5000,"bu","13:27:38",7389300
28.05,-0.15,500,"bu","13:27:37",7384300
28,-0.2,9300,"sd","13:27:33",7383800
28.05,-0.15,1000,"bu","13:27:31",7374500
28.05,-0.15,500,"bu","13:27:24",7373500
28,-0.2,2000,"sd","13:27:24",7373000
28.05,-0.15,500,"bu","13:27:21",7371000
28.05,-0.15,5000,"bu","13:27:20",7370500
28.05,-0.15,100,"bu","13:27:18",7365500
28.05,-0.15,300,"bu","13:27:16",7365400
28.05,-0.15,3200,"bu","13:27:12",7365100
28.05,-0.15,2400,"bu","13:27:09",7361900
28.05,-0.15,20000,"bu","13:27:04",7359500
28.05,-0.15,10000,"bu","13:26:54",7339500
28.05,-0.15,500,"bu","13:26:53",7329500
28.05,-0.15,400,"bu","13:26:51",7329000
28.05,-0.15,100,"bu","13:26:44",7328600
28.05,-0.15,30000,"bu","13:26:42",7328500
28,-0.2,3600,"sd","13:26:33",7298500
28.05,-0.15,3000,"bu","13:26:31",7294900
28.05,-0.15,600,"bu","13:26:27",7291900
28.05,-0.15,10000,"bu","13:26:21",7291300
28.05,-0.15,1100,"bu","13:26:12",7281300
28.05,-0.15,1000,"bu","13:26:04",7280200
28,-0.2,3000,"sd","13:25:39",7279200
28,-0.2,19300,"sd","13:25:38",7276200
28,-0.2,200,"sd","13:25:31",7256900
28,-0.2,200,"sd","13:25:09",7256700
28.05,-0.15,100,"bu","13:25:08",7256500
28,-0.2,100,"sd","13:25:00",7256400
28.05,-0.15,400,"bu","13:24:47",7256300
28.05,-0.15,500,"bu","13:24:43",7255900
28,-0.2,2000,"sd","13:24:18",7255400
28,-0.2,200,"sd","13:24:05",7253400
28,-0.2,500,"sd","13:24:01",7253200
28,-0.2,1000,"sd","13:23:56",7252700
28,-0.2,200,"sd","13:23:50",7251700
28,-0.2,3000,"sd","13:23:37",7251500
28.05,-0.15,600,"bu","13:23:33",7248500
28,-0.2,2000,"sd","13:23:33",7247900
28.05,-0.15,100,"bu","13:23:32",7245900
28,-0.2,1000,"sd","13:23:20",7245800
28,-0.2,100,"sd","13:23:16",7244800
28,-0.2,100,"sd","13:23:15",7244700
28,-0.2,500,"sd","13:23:06",7244600
28,-0.2,1000,"sd","13:22:46",7244100
28,-0.2,1000,"sd","13:22:39",7243100
28.05,-0.15,500,"bu","13:22:33",7242100
28,-0.2,10000,"sd","13:22:27",7241600
28,-0.2,1000,"sd","13:22:21",7231600
28,-0.2,200,"sd","13:22:17",7230600
28,-0.2,1000,"sd","13:22:15",7230400
28,-0.2,3700,"bu","13:22:12",7229400
28,-0.2,1000,"bu","13:22:10",7225700
28,-0.2,1000,"bu","13:22:08",7224700
28,-0.2,2100,"bu","13:22:07",7223700
28,-0.2,500,"bu","13:22:03",7221600
28,-0.2,6900,"sd","13:22:01",7221100
28.05,-0.15,100,"bu","13:21:56",7214200
28,-0.2,1000,"sd","13:21:55",7214100
28,-0.2,4000,"sd","13:21:52",7213100
28,-0.2,3000,"sd","13:21:49",7209100
28.05,-0.15,6200,"bu","13:21:42",7206100
28,-0.2,4100,"bu","13:21:42",7199900
28,-0.2,100,"bu","13:21:41",7195800
28,-0.2,5000,"bu","13:21:38",7195700
28,-0.2,1300,"bu","13:21:33",7190700
28,-0.2,4000,"bu","13:21:32",7189400
28,-0.2,50000,"bu","13:21:27",7185400
28,-0.2,2000,"bu","13:21:21",7135400
28,-0.2,500,"bu","13:21:18",7133400
28,-0.2,1000,"bu","13:21:18",7132900
28,-0.2,500,"bu","13:21:05",7131900
28,-0.2,200,"bu","13:21:00",7131400
28,-0.2,200,"bu","13:20:53",7131200
28,-0.2,5000,"bu","13:20:50",7131000
28,-0.2,500,"bu","13:20:49",7126000
28,-0.2,3000,"bu","13:20:44",7125500
28,-0.2,6000,"bu","13:20:42",7122500
28,-0.2,4500,"bu","13:20:37",7116500
28,-0.2,500,"bu","13:20:36",7112000
28,-0.2,9000,"bu","13:20:36",7111500
28,-0.2,30000,"bu","13:20:32",7102500
28,-0.2,300,"bu","13:20:30",7072500
28,-0.2,500,"bu","13:20:26",7072200
28,-0.2,100,"bu","13:20:20",7071700
28,-0.2,300,"bu","13:20:14",7071600
28,-0.2,500,"bu","13:20:07",7071300
28,-0.2,300,"bu","13:20:06",7070800
28,-0.2,1000,"bu","13:20:01",7070500
28,-0.2,300,"bu","13:19:44",7069500
28,-0.2,100,"bu","13:19:44",7069200
28,-0.2,1000,"bu","13:19:35",7069100
28,-0.2,300,"bu","13:19:24",7068100
28,-0.2,3600,"bu","13:19:15",7067800
28,-0.2,100,"bu","13:19:14",7064200
28,-0.2,5000,"bu","13:19:13",7064100
28,-0.2,1000,"bu","13:19:10",7059100
28,-0.2,100,"bu","13:19:06",7058100
28,-0.2,200,"bu","13:19:02",7058000
28,-0.2,500,"bu","13:19:01",7057800
28,-0.2,100,"bu","13:18:50",7057300
28,-0.2,100,"bu","13:18:44",7057200
28,-0.2,5000,"bu","13:18:41",7057100
28,-0.2,4200,"bu","13:18:40",7052100
28,-0.2,100,"bu","13:18:38",7047900
28,-0.2,500,"bu","13:18:37",7047800
28,-0.2,1000,"bu","13:18:26",7047300
28,-0.2,1200,"sd","13:18:21",7046300
28,-0.2,100,"sd","13:18:19",7045100
28,-0.2,2700,"sd","13:18:18",7045000
28,-0.2,1000,"sd","13:18:13",7042300
28,-0.2,5300,"sd","13:18:09",7041300
28,-0.2,4900,"bu","13:18:07",7036000
27.95,-0.25,4000,"sd","13:18:07",7031100
28,-0.2,1500,"sd","13:18:06",7027100
28,-0.2,5000,"sd","13:18:02",7025600
28,-0.2,2000,"sd","13:18:01",7020600
28,-0.2,2000,"sd","13:17:56",7018600
28,-0.2,500,"sd","13:17:52",7016600
28,-0.2,200,"sd","13:17:50",7016100
28,-0.2,1000,"sd","13:17:50",7015900
28,-0.2,5000,"sd","13:17:49",7014900
28,-0.2,500,"sd","13:17:48",7009900
28,-0.2,100,"sd","13:17:47",7009400
28,-0.2,1000,"sd","13:17:38",7009300
28,-0.2,1500,"sd","13:17:38",7008300
28,-0.2,10000,"sd","13:17:33",7006800
28,-0.2,50000,"sd","13:17:24",6996800
28.05,-0.15,200,"bu","13:17:19",6946800
28,-0.2,10000,"sd","13:17:11",6946600
28.05,-0.15,100,"bu","13:17:07",6936600
28.05,-0.15,500,"bu","13:17:00",6936500
28,-0.2,69000,"sd","13:16:59",6936000
28,-0.2,400,"sd","13:16:54",6867000
28,-0.2,5000,"sd","13:16:47",6866600
28,-0.2,78300,"bu","13:16:41",6861600
28,-0.2,10000,"bu","13:16:40",6783300
28,-0.2,1500,"bu","13:16:39",6773300
28,-0.2,1000,"bu","13:16:37",6771800
28,-0.2,100,"bu","13:16:25",6770800
28,-0.2,2000,"bu","13:16:23",6770700
28,-0.2,100,"bu","13:16:05",6768700
28,-0.2,300,"bu","13:15:57",6768600
28,-0.2,2600,"bu","13:15:44",6768300
28,-0.2,100,"bu","13:15:41",6765700
28,-0.2,1000,"bu","13:15:38",6765600
28,-0.2,300,"bu","13:15:33",6764600
28,-0.2,300,"bu","13:15:32",6764300
28,-0.2,100,"bu","13:15:31",6764000
28,-0.2,2000,"bu","13:15:26",6763900
28,-0.2,100,"bu","13:15:24",6761900
28,-0.2,400,"sd","13:15:21",6761800
28,-0.2,3000,"sd","13:15:19",6761400
28,-0.2,2000,"sd","13:15:18",6758400
28,-0.2,1000,"sd","13:15:17",6756400
28,-0.2,2000,"sd","13:15:09",6755400
28,-0.2,1500,"sd","13:15:08",6753400
28,-0.2,10200,"bu","13:15:02",6751900
27.95,-0.25,500,"sd","13:14:55",6741700
28,-0.2,59000,"sd","13:14:49",6741200
28,-0.2,4100,"sd","13:14:48",6682200
28,-0.2,26000,"sd","13:14:46",6678100
28,-0.2,11500,"sd","13:14:45",6652100
28,-0.2,200,"sd","13:14:44",6640600
28,-0.2,20000,"sd","13:14:42",6640400
28,-0.2,100,"sd","13:14:40",6620400
28,-0.2,100,"sd","13:14:36",6620300
28,-0.2,500,"sd","13:14:29",6620200
28,-0.2,20000,"sd","13:14:27",6619700
28,-0.2,100000,"sd","13:14:22",6599700
28,-0.2,5000,"sd","13:14:21",6499700
28.05,-0.15,200,"bu","13:14:10",6494700
28,-0.2,3100,"sd","13:14:08",6494500
28.05,-0.15,100,"bu","13:13:55",6491400
28,-0.2,3300,"sd","13:13:48",6491300
28,-0.2,100,"sd","13:13:47",6488000
28,-0.2,1900,"sd","13:13:38",6487900
28,-0.2,500,"sd","13:13:38",6486000
28,-0.2,1600,"sd","13:13:30",6485500
28,-0.2,2100,"sd","13:13:26",6483900
28,-0.2,5000,"sd","13:13:25",6481800
28,-0.2,300,"sd","13:13:25",6476800
28,-0.2,1000,"sd","13:13:22",6476500
28,-0.2,5000,"sd","13:13:16",6475500
28,-0.2,10000,"sd","13:13:13",6470500
28,-0.2,17800,"sd","13:13:09",6460500
28,-0.2,1500,"sd","13:13:08",6442700
28,-0.2,4200,"sd","13:13:06",6441200
28,-0.2,5100,"sd","13:13:04",6437000
28,-0.2,3100,"sd","13:12:55",6431900
28,-0.2,1500,"sd","13:12:53",6428800
28,-0.2,200,"sd","13:12:48",6427300
28,-0.2,200,"sd","13:12:46",6427100
28,-0.2,300,"sd","13:12:45",6426900
28.05,-0.15,2300,"bu","13:12:41",6426600
28,-0.2,400,"sd","13:12:36",6424300
28.05,-0.15,100,"bu","13:12:33",6423900
28,-0.2,1000,"sd","13:12:33",6423800
28,-0.2,400,"sd","13:12:24",6422800
28,-0.2,300,"sd","13:12:23",6422400
28,-0.2,100,"sd","13:12:20",6422100
28.05,-0.15,100,"bu","13:12:19",6422000
28,-0.2,500,"sd","13:12:16",6421900
28,-0.2,300,"sd","13:12:01",6421400
28,-0.2,300,"sd","13:11:58",6421100
28,-0.2,200,"sd","13:11:48",6420800
28,-0.2,300,"sd","13:11:47",6420600
28,-0.2,300,"sd","13:11:46",6420300
28,-0.2,300,"sd","13:11:41",6420000
28,-0.2,1000,"sd","13:11:40",6419700
28.05,-0.15,20000,"bu","13:11:35",6418700
28,-0.2,177600,"bu","13:11:35",6398700
28,-0.2,100000,"bu","13:11:34",6221100
27.95,-0.25,400,"sd","13:11:31",6121100
28,-0.2,3000,"bu","13:11:11",6120700
27.95,-0.25,1000,"sd","13:11:04",6117700
27.95,-0.25,2600,"sd","13:11:03",6116700
28,-0.2,100,"bu","13:10:43",6114100
27.95,-0.25,100,"sd","13:10:40",6114000
27.95,-0.25,6000,"sd","13:10:37",6113900
28,-0.2,200,"bu","13:10:28",6107900
27.95,-0.25,500,"sd","13:10:21",6107700
27.95,-0.25,1000,"sd","13:10:19",6107200
27.95,-0.25,500,"sd","13:09:57",6106200
28,-0.2,5000,"bu","13:09:50",6105700
27.95,-0.25,100,"sd","13:09:48",6100700
27.95,-0.25,1200,"sd","13:09:47",6100600
28,-0.2,500,"bu","13:09:42",6099400
28,-0.2,1000,"bu","13:09:35",6098900
28,-0.2,100,"bu","13:09:30",6097900
28,-0.2,3300,"bu","13:09:27",6097800
28,-0.2,2300,"bu","13:09:17",6094500
28,-0.2,100,"bu","13:09:16",6092200
28,-0.2,100,"bu","13:09:07",6092100
28,-0.2,10000,"bu","13:09:05",6092000
28,-0.2,1000,"bu","13:09:04",6082000
28,-0.2,500,"bu","13:09:02",6081000
28,-0.2,3000,"bu","13:08:59",6080500
28,-0.2,200,"bu","13:08:58",6077500
28,-0.2,200,"bu","13:08:56",6077300
28,-0.2,300,"sd","13:08:49",6077100
28,-0.2,5000,"sd","13:08:48",6076800
28,-0.2,1500,"sd","13:08:39",6071800
28,-0.2,2700,"sd","13:08:37",6070300
28,-0.2,100,"sd","13:08:34",6067600
28,-0.2,31900,"sd","13:08:33",6067500
28,-0.2,100,"sd","13:08:25",6035600
28,-0.2,1000,"sd","13:08:20",6035500
28,-0.2,2000,"sd","13:08:05",6034500
28,-0.2,500,"sd","13:07:49",6032500
28.05,-0.15,100,"bu","13:07:46",6032000
28,-0.2,400,"sd","13:07:40",6031900
28.05,-0.15,100,"bu","13:07:31",6031500
28,-0.2,7000,"sd","13:07:15",6031400
28,-0.2,300,"sd","13:07:11",6024400
28,-0.2,900,"bu","13:07:07",6024100
28,-0.2,5000,"bu","13:07:05",6023200
28,-0.2,100,"bu","13:07:05",6018200
28,-0.2,2400,"bu","13:07:00",6018100
28,-0.2,100,"sd","13:06:56",6015700
28,-0.2,200,"sd","13:06:53",6015600
28,-0.2,1000,"sd","13:06:51",6015400
28,-0.2,5100,"bu","13:06:44",6014400
28,-0.2,5000,"bu","13:06:39",6009300
28,-0.2,200,"bu","13:06:37",6004300
28,-0.2,1100,"bu","13:06:34",6004100
28,-0.2,500,"bu","13:06:33",6003000
28,-0.2,35000,"bu","13:06:27",6002500
28,-0.2,10000,"bu","13:06:24",5967500
28,-0.2,100,"bu","13:06:23",5957500
28,-0.2,1000,"bu","13:06:19",5957400
28,-0.2,3500,"sd","13:06:14",5956400
28,-0.2,500,"sd","13:06:13",5952900
28,-0.2,5000,"sd","13:06:10",5952400
28,-0.2,20000,"sd","13:06:10",5947400
28,-0.2,10000,"sd","13:06:09",5927400
28,-0.2,100,"sd","13:06:08",5917400
28,-0.2,3300,"sd","13:06:07",5917300
28,-0.2,300,"sd","13:06:06",5914000
28,-0.2,5000,"sd","13:06:02",5913700
28.05,-0.15,20000,"bu","13:06:01",5908700
28,-0.2,2500,"sd","13:06:00",5888700
28,-0.2,200,"sd","13:05:59",5886200
28,-0.2,3000,"sd","13:05:59",5886000
28,-0.2,3000,"sd","13:05:58",5883000
28,-0.2,6000,"sd","13:05:58",5880000
28,-0.2,2300,"sd","13:05:56",5874000
28,-0.2,200,"sd","13:05:56",5871700
28,-0.2,4800,"sd","13:05:55",5871500
28,-0.2,8000,"sd","13:05:54",5866700
28,-0.2,10000,"sd","13:05:53",5858700
28,-0.2,300,"sd","13:05:51",5848700
28.05,-0.15,100,"bu","13:05:50",5848400
28,-0.2,1300,"sd","13:05:50",5848300
28,-0.2,5500,"sd","13:05:49",5847000
28,-0.2,25000,"sd","13:05:47",5841500
28.05,-0.15,1000,"bu","13:05:47",5816500
28,-0.2,5000,"sd","13:05:42",5815500
28,-0.2,13800,"sd","13:05:40",5810500
28,-0.2,100000,"sd","13:05:38",5796700
28.05,-0.15,1200,"bu","13:05:25",5696700
28,-0.2,100000,"sd","13:05:25",5695500
28.05,-0.15,500,"bu","13:05:21",5595500
28,-0.2,200,"sd","13:05:21",5595000
28.05,-0.15,4000,"bu","13:05:16",5594800
28,-0.2,5000,"sd","13:04:55",5590800
28,-0.2,300,"sd","13:04:48",5585800
28,-0.2,100,"sd","13:04:43",5585500
28.05,-0.15,200,"bu","13:04:35",5585400
28.05,-0.15,500,"bu","13:04:19",5585200
28,-0.2,1100,"sd","13:04:17",5584700
28,-0.2,13900,"sd","13:04:15",5583600
28,-0.2,1000,"sd","13:04:07",5569700
28,-0.2,100,"sd","13:03:59",5568700
28.05,-0.15,100,"bu","13:03:58",5568600
28.05,-0.15,5000,"bu","13:03:53",5568500
28,-0.2,10000,"sd","13:03:50",5563500
28,-0.2,1000,"sd","13:03:35",5553500
28.05,-0.15,600,"bu","13:03:31",5552500
28,-0.2,100,"sd","13:03:30",5551900
28,-0.2,200,"sd","13:03:23",5551800
28.05,-0.15,3000,"bu","13:03:21",5551600
28,-0.2,4000,"sd","13:03:19",5548600
28.05,-0.15,400,"bu","13:03:15",5544600
28,-0.2,200,"sd","13:03:14",5544200
28,-0.2,1000,"sd","13:03:10",5544000
28.05,-0.15,1000,"bu","13:03:10",5543000
28.05,-0.15,100,"bu","13:03:08",5542000
28,-0.2,2000,"sd","13:03:01",5541900
28.05,-0.15,500,"bu","13:02:55",5539900
28.05,-0.15,3000,"bu","13:02:39",5539400
28,-0.2,400,"sd","13:02:35",5536400
28,-0.2,5400,"sd","13:02:34",5536000
28.05,-0.15,2000,"bu","13:02:34",5530600
28,-0.2,600,"sd","13:02:29",5528600
28,-0.2,500,"sd","13:02:24",5528000
28.05,-0.15,2000,"bu","13:02:21",5527500
28.05,-0.15,500,"bu","13:02:16",5525500
28,-0.2,1000,"sd","13:02:11",5525000
28,-0.2,3300,"sd","13:02:09",5524000
28,-0.2,200,"sd","13:02:06",5520700
28,-0.2,500,"sd","13:01:48",5520500
28,-0.2,300,"sd","13:01:46",5520000
28,-0.2,4000,"sd","13:01:43",5519700
28,-0.2,100,"sd","13:01:38",5515700
28,-0.2,700,"sd","13:01:38",5515600
28,-0.2,100,"sd","13:01:19",5514900
28,-0.2,500,"sd","13:01:06",5514800
28.05,-0.15,100,"bu","13:01:04",5514300
28,-0.2,300,"sd","13:00:51",5514200
28,-0.2,500,"sd","13:00:48",5513900
28,-0.2,500,"sd","13:00:45",5513400
28,-0.2,100,"sd","13:00:42",5512900
28,-0.2,2100,"sd","13:00:24",5512800
28.05,-0.15,500,"bu","13:00:23",5510700
28,-0.2,100000,"sd","13:00:22",5510200
28.05,-0.15,10000,"bu","13:00:22",5410200
28.05,-0.15,600,"bu","13:00:21",5400200
28.05,-0.15,1000,"bu","13:00:19",5399600
28.05,-0.15,100,"bu","13:00:17",5398600
28.05,-0.15,600,"bu","13:00:15",5398500
28.05,-0.15,2700,"bu","13:00:15",5397900
28,-0.2,200,"sd","13:00:15",5395200
28.05,-0.15,100,"bu","13:00:14",5395000
28.05,-0.15,500,"bu","13:00:13",5394900
28.05,-0.15,500,"bu","13:00:10",5394400
28,-0.2,200,"sd","13:00:09",5393900
28,-0.2,1300,"sd","13:00:09",5393700
28,-0.2,50000,"sd","13:00:08",5392400
28.05,-0.15,100,"bu","13:00:08",5342400
28.05,-0.15,3000,"bu","13:00:07",5342300
28.05,-0.15,4000,"sd","13:00:07",5339300
28.05,-0.15,1000,"sd","13:00:06",5335300
28.05,-0.15,700,"sd","13:00:05",5334300
28.05,-0.15,1400,"sd","13:00:04",5333600
28.05,-0.15,6700,"sd","13:00:04",5332200
28.05,-0.15,28500,"sd","13:00:03",5325500
28.05,-0.15,300,"sd","13:00:03",5297000
28.05,-0.15,700,"sd","13:00:01",5296700
28.05,-0.15,1100,"sd","13:00:01",5296000
28.05,-0.15,8000,"sd","13:00:00",5294900
28.05,-0.15,95000,"sd","11:29:50",5286900
28.05,-0.15,200,"sd","11:29:32",5191900
28.05,-0.15,100,"sd","11:29:26",5191700
28.05,-0.15,3100,"sd","11:29:22",5191600
28.1,-0.1,1000,"bu","11:29:14",5188500
28.05,-0.15,600,"sd","11:29:09",5187500
28.05,-0.15,300,"sd","11:28:21",5186900
28.05,-0.15,3100,"sd","11:28:12",5186600
28.1,-0.1,1000,"bu","11:27:56",5183500
28.05,-0.15,3100,"sd","11:27:55",5182500
28.05,-0.15,6200,"sd","11:27:32",5179400
28.1,-0.1,100,"bu","11:27:24",5173200
28.05,-0.15,200,"sd","11:27:24",5173100
28.05,-0.15,17800,"sd","11:27:11",5172900
28.05,-0.15,100,"sd","11:27:01",5155100
28.05,-0.15,17800,"sd","11:26:38",5155000
28.05,-0.15,17800,"sd","11:26:01",5137200
28.05,-0.15,5000,"sd","11:25:59",5119400
28.05,-0.15,1000,"sd","11:25:59",5114400
28.05,-0.15,500,"sd","11:25:50",5113400
28.05,-0.15,9300,"sd","11:25:33",5112900
28.1,-0.1,100,"bu","11:25:29",5103600
28.1,-0.1,1000,"bu","11:25:16",5103500
28.1,-0.1,3000,"bu","11:25:11",5102500
28.1,-0.1,200,"bu","11:25:02",5099500
28.1,-0.1,2000,"bu","11:24:56",5099300
28.05,-0.15,6000,"sd","11:24:52",5097300
28.1,-0.1,2000,"bu","11:24:51",5091300
28.1,-0.1,700,"bu","11:24:47",5089300
28.1,-0.1,2000,"bu","11:24:41",5088600
28.1,-0.1,30000,"bu","11:24:14",5086600
28.1,-0.1,500,"bu","11:24:11",5056600
28.1,-0.1,500,"bu","11:24:02",5056100
28.1,-0.1,1500,"bu","11:24:01",5055600
28.1,-0.1,500,"bu","11:23:39",5054100
28.1,-0.1,200,"bu","11:23:38",5053600
28.1,-0.1,1000,"bu","11:23:11",5053400
28.1,-0.1,200,"bu","11:22:28",5052400
28.1,-0.1,200,"bu","11:22:04",5052200
28.1,-0.1,200,"bu","11:21:50",5052000
28.1,-0.1,7000,"bu","11:21:48",5051800
28.1,-0.1,2000,"bu","11:21:32",5044800
28.1,-0.1,200,"bu","11:21:26",5042800
28.1,-0.1,10000,"bu","11:21:19",5042600
28.1,-0.1,200,"bu","11:21:03",5032600
28.1,-0.1,200,"bu","11:20:55",5032400
28.05,-0.15,2300,"sd","11:19:45",5032200
28.05,-0.15,100,"sd","11:19:26",5029900
28.1,-0.1,7000,"bu","11:19:20",5029800
28.05,-0.15,1500,"sd","11:18:46",5022800
28.05,-0.15,3100,"sd","11:18:21",5021300
28.1,-0.1,200,"bu","11:18:04",5018200
28.05,-0.15,3100,"sd","11:18:02",5018000
28.1,-0.1,10000,"bu","11:17:41",5014900
28.1,-0.1,10000,"bu","11:17:13",5004900
28.1,-0.1,4000,"bu","11:17:10",4994900
28.1,-0.1,300,"bu","11:17:07",4990900
28.1,-0.1,100,"bu","11:16:53",4990600
28.1,-0.1,2000,"bu","11:16:34",4990500
28.1,-0.1,400,"bu","11:16:28",4988500
28.1,-0.1,20000,"bu","11:16:27",4988100
28.1,-0.1,1200,"bu","11:16:07",4968100
28.1,-0.1,300,"bu","11:15:40",4966900
28.1,-0.1,100,"bu","11:15:32",4966600
28.1,-0.1,200,"bu","11:15:15",4966500
28.1,-0.1,20000,"bu","11:15:07",4966300
28.1,-0.1,1200,"bu","11:15:06",4946300
28.1,-0.1,10000,"bu","11:15:01",4945100
28.1,-0.1,100,"bu","11:14:53",4935100
28.1,-0.1,300,"bu","11:14:41",4935000
28.1,-0.1,19700,"bu","11:14:40",4934700
28.1,-0.1,200,"bu","11:14:33",4915000
28.1,-0.1,5000,"bu","11:13:57",4914800
28.1,-0.1,15000,"bu","11:13:54",4909800
28.05,-0.15,3100,"sd","11:13:54",4894800
28.1,-0.1,500,"bu","11:13:31",4891700
28.05,-0.15,68900,"sd","11:13:25",4891200
28.05,-0.15,1100,"sd","11:13:24",4822300
28.1,-0.1,3000,"sd","11:13:14",4821200
28.1,-0.1,500,"sd","11:13:05",4818200
28.1,-0.1,2500,"sd","11:12:58",4817700
28.1,-0.1,1000,"sd","11:12:36",4815200
28.1,-0.1,5100,"bu","11:12:29",4814200
28.1,-0.1,200,"sd","11:12:21",4809100
28.1,-0.1,300,"sd","11:12:20",4808900
28.1,-0.1,1500,"sd","11:12:11",4808600
28.1,-0.1,500,"sd","11:12:10",4807100
28.1,-0.1,1600,"bu","11:12:06",4806600
28.1,-0.1,1000,"bu","11:12:03",4805000
28.05,-0.15,1500,"sd","11:12:03",4804000
28.1,-0.1,100,"bu","11:11:58",4802500
28.05,-0.15,1500,"sd","11:11:57",4802400
28.1,-0.1,600,"bu","11:11:55",4800900
28.1,-0.1,2000,"bu","11:11:49",4800300
28.1,-0.1,2900,"sd","11:11:25",4798300
28.1,-0.1,6600,"sd","11:11:11",4795400
28.1,-0.1,300,"sd","11:11:10",4788800
28.1,-0.1,1000,"sd","11:11:08",4788500
28.1,-0.1,1500,"sd","11:11:05",4787500
28.1,-0.1,17800,"sd","11:10:58",4786000
28.1,-0.1,1500,"sd","11:10:57",4768200
28.1,-0.1,1500,"sd","11:10:48",4766700
28.1,-0.1,5000,"sd","11:10:43",4765200
28.1,-0.1,500,"sd","11:10:41",4760200
28.1,-0.1,6200,"sd","11:10:34",4759700
28.1,-0.1,6200,"sd","11:10:33",4753500
28.1,-0.1,4100,"sd","11:10:32",4747300
28.1,-0.1,17800,"sd","11:10:28",4743200
28.1,-0.1,1500,"sd","11:10:11",4725400
28.1,-0.1,17800,"sd","11:10:09",4723900
28.1,-0.1,1500,"sd","11:10:07",4706100
28.1,-0.1,1500,"sd","11:10:02",4704600
28.1,-0.1,1500,"sd","11:09:56",4703100
28.1,-0.1,17800,"sd","11:09:50",4701600
28.1,-0.1,300,"sd","11:09:06",4683800
28.1,-0.1,4000,"sd","11:08:59",4683500
28.1,-0.1,1000,"sd","11:08:58",4679500
28.1,-0.1,7600,"bu","11:08:07",4678500
28.1,-0.1,7000,"bu","11:08:06",4670900
28.1,-0.1,5000,"bu","11:08:04",4663900
28.1,-0.1,100,"bu","11:07:52",4658900
28.1,-0.1,100,"bu","11:07:51",4658800
28.1,-0.1,100,"bu","11:07:49",4658700
28.1,-0.1,20000,"bu","11:07:45",4658600
28.1,-0.1,1000,"bu","11:07:35",4638600
28.1,-0.1,2000,"bu","11:07:34",4637600
28.1,-0.1,100,"bu","11:07:27",4635600
28.1,-0.1,200,"bu","11:07:20",4635500
28.1,-0.1,30000,"bu","11:07:14",4635300
28.1,-0.1,700,"bu","11:07:07",4605300
28.1,-0.1,42000,"sd","11:06:50",4604600
28.1,-0.1,600,"sd","11:06:19",4562600
28.1,-0.1,500,"sd","11:05:57",4562000
28.1,-0.1,700,"sd","11:05:33",4561500
28.1,-0.1,50300,"bu","11:05:04",4560800
28.1,-0.1,4000,"bu","11:04:53",4510500
28.1,-0.1,2000,"bu","11:04:32",4506500
28.1,-0.1,100,"bu","11:04:26",4504500
28.05,-0.15,1000,"sd","11:04:14",4504400
28.05,-0.15,300,"sd","11:03:47",4503400
28.1,-0.1,1500,"bu","11:01:49",4503100
28.1,-0.1,50600,"sd","11:01:49",4501600
28.15,-0.05,1000,"bu","11:01:25",4451000
28.1,-0.1,10000,"sd","11:01:20",4450000
28.1,-0.1,5000,"sd","11:00:35",4440000
28.1,-0.1,1000,"sd","11:00:32",4435000
28.1,-0.1,1000,"bu","11:00:01",4434000
28.1,-0.1,20000,"bu","10:59:52",4433000
28.1,-0.1,1000,"bu","10:59:50",4413000
28.1,-0.1,3000,"bu","10:59:26",4412000
28.1,-0.1,100,"bu","10:59:17",4409000
28.05,-0.15,1000,"sd","10:59:12",4408900
28.1,-0.1,700,"bu","10:59:06",4407900
28.1,-0.1,500,"bu","10:58:42",4407200
28.1,-0.1,20000,"bu","10:58:32",4406700
28.1,-0.1,1000,"bu","10:58:23",4386700
28.1,-0.1,100,"bu","10:58:16",4385700
28.1,-0.1,10000,"bu","10:58:14",4385600
28.1,-0.1,1000,"bu","10:58:11",4375600
28.1,-0.1,700,"bu","10:58:01",4374600
28.05,-0.15,2000,"sd","10:57:59",4373900
28.1,-0.1,1000,"bu","10:57:54",4371900
28.1,-0.1,11000,"bu","10:57:51",4370900
28.05,-0.15,3100,"sd","10:57:43",4359900
28.05,-0.15,3100,"sd","10:57:42",4356800
28.1,-0.1,20000,"bu","10:57:37",4353700
28.05,-0.15,1000,"sd","10:57:21",4333700
28.05,-0.15,5000,"sd","10:57:16",4332700
28.05,-0.15,26700,"sd","10:57:00",4327700
28.05,-0.15,5000,"sd","10:56:58",4301000
28.05,-0.15,26700,"sd","10:56:25",4296000
28.05,-0.15,5000,"sd","10:56:22",4269300
28.1,-0.1,200,"bu","10:56:20",4264300
28.05,-0.15,1000,"sd","10:56:17",4264100
28.1,-0.1,1700,"bu","10:56:16",4263100
28.05,-0.15,1000,"sd","10:56:00",4261400
28.05,-0.15,1500,"sd","10:55:55",4260400
28.05,-0.15,1500,"sd","10:55:49",4258900
28.1,-0.1,3000,"bu","10:55:45",4257400
28.05,-0.15,1500,"sd","10:55:40",4254400
28.1,-0.1,300,"bu","10:55:37",4252900
28.05,-0.15,1500,"sd","10:55:34",4252600
28.1,-0.1,100,"bu","10:55:33",4251100
28.1,-0.1,200,"bu","10:55:25",4251000
28.1,-0.1,200000,"bu","10:55:21",4250800
28.05,-0.15,200,"sd","10:55:19",4050800
28.05,-0.15,2000,"sd","10:55:16",4050600
28.1,-0.1,700,"bu","10:55:12",4048600
28.1,-0.1,1000,"bu","10:54:55",4047900
28.1,-0.1,800,"bu","10:54:31",4046900
28.05,-0.15,9300,"sd","10:54:12",4046100
28.1,-0.1,5000,"bu","10:53:50",4036800
28.1,-0.1,500,"bu","10:53:42",4031800
28.05,-0.15,5500,"sd","10:53:35",4031300
28.05,-0.15,5000,"sd","10:53:27",4025800
28.05,-0.15,5000,"sd","10:53:21",4020800
28.05,-0.15,700,"sd","10:53:10",4015800
28.05,-0.15,400,"sd","10:52:52",4015100
28.05,-0.15,9500,"sd","10:52:27",4014700
28.05,-0.15,600,"sd","10:52:16",4005200
28.1,-0.1,900,"bu","10:52:09",4004600
28.05,-0.15,500,"sd","10:52:06",4003700
28.05,-0.15,2000,"sd","10:52:04",4003200
28.1,-0.1,4000,"bu","10:51:57",4001200
28.1,-0.1,10000,"bu","10:51:45",3997200
28.05,-0.15,3100,"sd","10:51:35",3987200
28.05,-0.15,5000,"sd","10:51:33",3984100
28.05,-0.15,1000,"sd","10:51:18",3979100
28.1,-0.1,5000,"bu","10:51:15",3978100
28.05,-0.15,4000,"sd","10:51:06",3973100
28.05,-0.15,200,"sd","10:50:30",3969100
28.05,-0.15,8700,"sd","10:50:22",3968900
28.05,-0.15,100,"sd","10:50:12",3960200
28.05,-0.15,100,"sd","10:50:05",3960100
28.05,-0.15,1000,"sd","10:49:40",3960000
28.05,-0.15,3000,"sd","10:49:34",3959000
28.05,-0.15,100,"sd","10:49:24",3956000
28.05,-0.15,500,"sd","10:49:19",3955900
28.05,-0.15,2000,"sd","10:49:18",3955400
28.05,-0.15,3100,"sd","10:48:53",3953400
28.1,-0.1,500,"bu","10:48:44",3950300
28.1,-0.1,200,"bu","10:48:38",3949800
28.1,-0.1,1000,"bu","10:48:36",3949600
28.1,-0.1,1000,"bu","10:48:26",3948600
28.1,-0.1,500,"bu","10:48:12",3947600
28.1,-0.1,500,"bu","10:48:06",3947100
28.05,-0.15,500,"sd","10:48:00",3946600
28.05,-0.15,2100,"sd","10:47:59",3946100
28.05,-0.15,8000,"sd","10:47:59",3944000
28.1,-0.1,9800,"sd","10:47:53",3936000
28.1,-0.1,400,"sd","10:47:48",3926200
28.1,-0.1,3700,"sd","10:47:48",3925800
28.1,-0.1,15200,"sd","10:47:47",3922100
28.1,-0.1,3000,"sd","10:47:45",3906900
28.1,-0.1,9400,"sd","10:47:42",3903900
28.1,-0.1,500,"sd","10:47:29",3894500
28.1,-0.1,15000,"sd","10:47:27",3894000
28.1,-0.1,7000,"sd","10:47:26",3879000
28.1,-0.1,1000,"sd","10:47:25",3872000
28.1,-0.1,3000,"sd","10:47:18",3871000
28.1,-0.1,3100,"sd","10:47:07",3868000
28.1,-0.1,11600,"sd","10:46:55",3864900
28.1,-0.1,500,"sd","10:46:51",3853300
28.1,-0.1,1500,"sd","10:46:48",3852800
28.1,-0.1,5000,"sd","10:46:27",3851300
28.1,-0.1,12000,"sd","10:46:25",3846300
28.1,-0.1,500,"sd","10:46:23",3834300
28.1,-0.1,1000,"sd","10:46:19",3833800
28.1,-0.1,400,"sd","10:45:55",3832800
28.1,-0.1,2000,"sd","10:45:44",3832400
28.1,-0.1,100,"sd","10:45:39",3830400
28.1,-0.1,2000,"sd","10:45:36",3830300
28.1,-0.1,1500,"sd","10:45:32",3828300
28.1,-0.1,8900,"sd","10:45:16",3826800
28.1,-0.1,1800,"sd","10:45:06",3817900
28.15,-0.05,5300,"bu","10:44:58",3816100
28.1,-0.1,4000,"sd","10:44:51",3810800
28.1,-0.1,1000,"sd","10:44:47",3806800
28.1,-0.1,3100,"sd","10:44:38",3805800
28.1,-0.1,600,"sd","10:44:22",3802700
28.1,-0.1,100,"sd","10:44:00",3802100
28.15,-0.05,1000,"bu","10:43:55",3802000
28.1,-0.1,2000,"sd","10:43:53",3801000
28.1,-0.1,300,"sd","10:43:40",3799000
28.1,-0.1,200,"sd","10:43:38",3798700
28.1,-0.1,1800,"sd","10:43:28",3798500
28.1,-0.1,3000,"sd","10:43:09",3796700
28.1,-0.1,54800,"sd","10:42:30",3793700
28.1,-0.1,3000,"sd","10:42:07",3738900
28.1,-0.1,5000,"sd","10:42:04",3735900
28.1,-0.1,100,"sd","10:42:03",3730900
28.1,-0.1,2100,"sd","10:41:56",3730800
28.1,-0.1,4000,"sd","10:41:52",3728700
28.1,-0.1,11500,"sd","10:41:43",3724700
28.1,-0.1,6000,"sd","10:41:35",3713200
28.1,-0.1,3100,"sd","10:41:34",3707200
28.1,-0.1,35000,"sd","10:41:09",3704100
28.1,-0.1,1500,"sd","10:41:08",3669100
28.1,-0.1,500,"sd","10:41:02",3667600
28.1,-0.1,100,"sd","10:40:45",3667100
28.1,-0.1,8800,"sd","10:40:38",3667000
28.1,-0.1,27200,"sd","10:40:37",3658200
28.1,-0.1,3100,"sd","10:40:26",3631000
28.15,-0.05,500,"bu","10:40:04",3627900
28.15,-0.05,100,"bu","10:38:21",3627400
28.15,-0.05,100,"bu","10:38:10",3627300
28.1,-0.1,9300,"sd","10:37:41",3627200
28.15,-0.05,500,"bu","10:37:24",3617900
28.15,-0.05,200,"bu","10:37:07",3617400
28.15,-0.05,2000,"bu","10:36:42",3617200
28.15,-0.05,1000,"bu","10:36:38",3615200
28.15,-0.05,2000,"bu","10:36:18",3614200
28.1,-0.1,900,"sd","10:35:27",3612200
28.1,-0.1,20600,"sd","10:35:27",3611300
28.1,-0.1,8900,"sd","10:35:23",3590700
28.1,-0.1,8900,"sd","10:35:12",3581800
28.1,-0.1,3100,"sd","10:35:02",3572900
28.1,-0.1,6200,"sd","10:35:01",3569800
28.15,-0.05,200,"bu","10:34:49",3563600
28.15,-0.05,1000,"bu","10:34:38",3563400
28.15,-0.05,17300,"sd","10:34:27",3562400
28.15,-0.05,100,"sd","10:34:21",3545100
28.15,-0.05,100,"sd","10:34:04",3545000
28.15,-0.05,100,"sd","10:33:48",3544900
28.15,-0.05,3800,"bu","10:33:40",3544800
28.15,-0.05,200,"bu","10:33:21",3541000
28.15,-0.05,100,"bu","10:33:15",3540800
28.15,-0.05,2600,"sd","10:33:11",3540700
28.15,-0.05,15000,"sd","10:33:08",3538100
28.15,-0.05,2000,"sd","10:32:43",3523100
28.15,-0.05,13700,"sd","10:32:24",3521100
28.15,-0.05,6300,"sd","10:32:24",3507400
28.15,-0.05,100,"sd","10:32:09",3501100
28.15,-0.05,100,"sd","10:31:36",3501000
28.15,-0.05,4500,"sd","10:31:32",3500900
28.2,0,2000,"bu","10:29:49",3496400
28.15,-0.05,2400,"bu","10:29:42",3494400
28.15,-0.05,10000,"bu","10:29:42",3492000
28.15,-0.05,2600,"bu","10:29:40",3482000
28.15,-0.05,500,"bu","10:29:32",3479400
28.15,-0.05,3000,"bu","10:29:23",3478900
28.15,-0.05,1500,"bu","10:29:22",3475900
28.15,-0.05,2000,"bu","10:29:19",3474400
28.15,-0.05,1000,"bu","10:29:18",3472400
28.15,-0.05,500,"bu","10:29:13",3471400
28.15,-0.05,16000,"bu","10:28:52",3470900
28.15,-0.05,100,"bu","10:28:30",3454900
28.15,-0.05,100,"bu","10:28:27",3454800
28.15,-0.05,6000,"bu","10:27:59",3454700
28.15,-0.05,1000,"bu","10:27:57",3448700
28.15,-0.05,100,"bu","10:27:56",3447700
28.15,-0.05,500,"bu","10:27:44",3447600
28.15,-0.05,500,"bu","10:27:29",3447100
28.15,-0.05,100,"bu","10:27:27",3446600
28.15,-0.05,500,"bu","10:27:07",3446500
28.15,-0.05,2800,"bu","10:26:50",3446000
28.15,-0.05,1600,"bu","10:26:44",3443200
28.15,-0.05,10000,"bu","10:26:37",3441600
28.15,-0.05,20000,"bu","10:26:33",3431600
28.15,-0.05,1000,"bu","10:26:04",3411600
28.15,-0.05,25000,"bu","10:26:01",3410600
28.15,-0.05,900,"bu","10:25:57",3385600
28.15,-0.05,100,"bu","10:25:36",3384700
28.15,-0.05,100,"bu","10:25:35",3384600
28.1,-0.1,700,"sd","10:25:25",3384500
28.15,-0.05,10000,"bu","10:25:11",3383800
28.1,-0.1,200,"sd","10:24:50",3373800
28.15,-0.05,13200,"bu","10:24:33",3373600
28.15,-0.05,5000,"sd","10:24:25",3360400
28.15,-0.05,1000,"sd","10:24:16",3355400
28.15,-0.05,500,"sd","10:24:12",3354400
28.15,-0.05,1000,"sd","10:24:07",3353900
28.15,-0.05,20000,"sd","10:23:53",3352900
28.15,-0.05,300,"sd","10:23:49",3332900
28.15,-0.05,10000,"sd","10:23:44",3332600
28.15,-0.05,100,"sd","10:23:26",3322600
28.15,-0.05,3000,"sd","10:23:01",3322500
28.15,-0.05,1000,"sd","10:22:57",3319500
28.15,-0.05,2000,"sd","10:22:51",3318500
28.15,-0.05,100,"sd","10:22:42",3316500
28.15,-0.05,2000,"sd","10:22:35",3316400
28.15,-0.05,100,"sd","10:22:20",3314400
28.2,0,100,"bu","10:22:14",3314300
28.15,-0.05,2000,"sd","10:21:36",3314200
28.15,-0.05,3000,"sd","10:21:30",3312200
28.15,-0.05,10000,"sd","10:21:26",3309200
28.15,-0.05,5000,"sd","10:21:18",3299200
28.15,-0.05,4700,"bu","10:21:01",3294200
28.15,-0.05,100,"bu","10:20:50",3289500
28.15,-0.05,500,"bu","10:20:48",3289400
28.15,-0.05,1300,"bu","10:20:38",3288900
28.15,-0.05,200,"bu","10:20:29",3287600
28.15,-0.05,2000,"sd","10:20:27",3287400
28.15,-0.05,1000,"sd","10:20:18",3285400
28.15,-0.05,200,"sd","10:20:15",3284400
28.15,-0.05,1000,"sd","10:20:07",3284200
28.15,-0.05,900,"sd","10:19:49",3283200
28.15,-0.05,9500,"bu","10:19:46",3282300
28.15,-0.05,2400,"bu","10:19:45",3272800
28.15,-0.05,800,"bu","10:19:34",3270400
28.15,-0.05,500,"bu","10:19:28",3269600
28.15,-0.05,1000,"bu","10:19:21",3269100
28.15,-0.05,5000,"bu","10:19:04",3268100
28.15,-0.05,2000,"bu","10:18:52",3263100
28.1,-0.1,100,"sd","10:18:43",3261100
28.1,-0.1,200,"sd","10:18:19",3261000
28.2,0,15600,"bu","10:18:15",3260800
28.15,-0.05,54400,"bu","10:18:15",3245200
28.1,-0.1,100,"sd","10:18:07",3190800
28.15,-0.05,10000,"bu","10:18:03",3190700
28.1,-0.1,1000,"sd","10:18:00",3180700
28.1,-0.1,3800,"sd","10:17:53",3179700
28.1,-0.1,300,"sd","10:17:41",3175900
28.15,-0.05,3500,"bu","10:17:30",3175600
28.15,-0.05,1000,"sd","10:16:59",3172100
28.15,-0.05,4500,"sd","10:16:56",3171100
28.15,-0.05,100,"sd","10:16:55",3166600
28.15,-0.05,2000,"sd","10:16:55",3166500
28.15,-0.05,4100,"sd","10:16:51",3164500
28.15,-0.05,20000,"sd","10:16:47",3160400
28.15,-0.05,2500,"sd","10:16:46",3140400
28.15,-0.05,2000,"sd","10:16:42",3137900
28.15,-0.05,8000,"sd","10:16:38",3135900
28.15,-0.05,8000,"sd","10:16:35",3127900
28.15,-0.05,2700,"sd","10:16:31",3119900
28.15,-0.05,2500,"sd","10:16:31",3117200
28.15,-0.05,2700,"sd","10:16:28",3114700
28.15,-0.05,1000,"sd","10:16:26",3112000
28.15,-0.05,11000,"sd","10:16:24",3111000
28.15,-0.05,1000,"sd","10:16:21",3100000
28.15,-0.05,7000,"sd","10:16:15",3099000
28.15,-0.05,1900,"sd","10:16:12",3092000
28.15,-0.05,5000,"sd","10:16:11",3090100
28.15,-0.05,600,"sd","10:16:03",3085100
28.15,-0.05,60000,"sd","10:16:00",3084500
28.15,-0.05,200,"sd","10:15:56",3024500
28.15,-0.05,400,"sd","10:15:55",3024300
28.2,0,100,"bu","10:15:55",3023900
28.15,-0.05,500,"sd","10:15:55",3023800
28.15,-0.05,5000,"sd","10:15:46",3023300
28.15,-0.05,1000,"sd","10:15:45",3018300
28.15,-0.05,1000,"sd","10:15:41",3017300
28.15,-0.05,3100,"sd","10:15:34",3016300
28.15,-0.05,500,"sd","10:15:33",3013200
28.15,-0.05,3000,"sd","10:15:30",3012700
28.15,-0.05,500,"sd","10:15:25",3009700
28.15,-0.05,5000,"sd","10:15:24",3009200
28.15,-0.05,23000,"sd","10:15:21",3004200
28.15,-0.05,5000,"sd","10:15:17",2981200
28.2,0,500,"bu","10:14:58",2976200
28.15,-0.05,1000,"sd","10:14:47",2975700
28.15,-0.05,1300,"sd","10:14:40",2974700
28.15,-0.05,21000,"sd","10:14:38",2973400
28.15,-0.05,3100,"sd","10:14:25",2952400
28.15,-0.05,500,"sd","10:14:24",2949300
28.15,-0.05,10000,"sd","10:14:07",2948800
28.15,-0.05,600,"sd","10:14:05",2938800
28.15,-0.05,1500,"sd","10:13:59",2938200
28.15,-0.05,3100,"sd","10:13:51",2936700
28.15,-0.05,500,"sd","10:13:50",2933600
28.2,0,200,"bu","10:13:49",2933100
28.2,0,1000,"bu","10:13:28",2932900
28.15,-0.05,300,"sd","10:13:28",2931900
28.15,-0.05,2000,"sd","10:13:05",2931600
28.15,-0.05,100,"sd","10:12:58",2929600
28.2,0,1300,"bu","10:12:53",2929500
28.15,-0.05,2000,"sd","10:12:46",2928200
28.15,-0.05,8900,"sd","10:12:43",2926200
28.15,-0.05,20000,"sd","10:12:27",2917300
28.15,-0.05,600,"sd","10:12:23",2897300
28.2,0,100,"bu","10:12:16",2896700
28.2,0,100,"bu","10:11:50",2896600
28.15,-0.05,500,"sd","10:11:40",2896500
28.2,0,100,"bu","10:11:39",2896000
28.2,0,9100,"bu","10:11:38",2895900
28.15,-0.05,400,"sd","10:11:36",2886800
28.15,-0.05,300,"sd","10:11:23",2886400
28.15,-0.05,3100,"sd","10:11:22",2886100
28.15,-0.05,200,"sd","10:11:13",2883000
28.15,-0.05,3100,"sd","10:11:07",2882800
28.15,-0.05,200,"sd","10:10:57",2879700
28.15,-0.05,1000,"sd","10:10:31",2879500
28.15,-0.05,9300,"sd","10:10:08",2878500
28.15,-0.05,100,"sd","10:10:05",2869200
28.15,-0.05,3200,"sd","10:09:38",2869100
28.15,-0.05,4000,"sd","10:09:36",2865900
28.2,0,300,"bu","10:09:17",2861900
28.2,0,1000,"bu","10:09:14",2861600
28.15,-0.05,4000,"sd","10:09:10",2860600
28.2,0,300,"bu","10:09:01",2856600
28.15,-0.05,2000,"sd","10:08:58",2856300
28.15,-0.05,500,"sd","10:08:48",2854300
28.15,-0.05,3100,"sd","10:08:43",2853800
28.15,-0.05,500,"sd","10:08:41",2850700
28.15,-0.05,1000,"sd","10:08:25",2850200
28.15,-0.05,4600,"sd","10:08:13",2849200
28.15,-0.05,300,"sd","10:07:34",2844600
28.15,-0.05,3400,"sd","10:06:52",2844300
28.15,-0.05,2400,"sd","10:06:52",2840900
28.15,-0.05,3100,"sd","10:06:49",2838500
28.2,0,100,"bu","10:06:41",2835400
28.15,-0.05,500,"sd","10:06:23",2835300
28.15,-0.05,100,"sd","10:06:15",2834800
28.15,-0.05,300,"sd","10:05:54",2834700
28.15,-0.05,100,"sd","10:05:52",2834400
28.15,-0.05,4500,"sd","10:05:49",2834300
28.15,-0.05,500,"sd","10:05:38",2829800
28.15,-0.05,3100,"sd","10:05:18",2829300
28.15,-0.05,1300,"sd","10:05:00",2826200
28.2,0,100,"bu","10:04:37",2824900
28.15,-0.05,2000,"sd","10:04:16",2824800
28.15,-0.05,5000,"sd","10:04:11",2822800
28.15,-0.05,30000,"sd","10:03:50",2817800
28.15,-0.05,30000,"sd","10:03:41",2787800
28.15,-0.05,100,"sd","10:03:38",2757800
28.15,-0.05,34000,"sd","10:03:27",2757700
28.15,-0.05,30000,"sd","10:03:22",2723700
28.15,-0.05,3100,"sd","10:03:00",2693700
28.15,-0.05,100,"sd","10:02:57",2690600
28.2,0,2000,"bu","10:02:52",2690500
28.15,-0.05,2000,"sd","10:02:40",2688500
28.15,-0.05,14400,"bu","10:02:38",2686500
28.15,-0.05,1000,"bu","10:02:37",2672100
28.15,-0.05,5200,"bu","10:02:35",2671100
28.15,-0.05,500,"bu","10:02:19",2665900
28.15,-0.05,40000,"bu","10:02:17",2665400
28.1,-0.1,3100,"sd","10:02:10",2625400
28.1,-0.1,3100,"sd","10:02:09",2622300
28.1,-0.1,6200,"sd","10:02:09",2619200
28.1,-0.1,4900,"sd","10:02:08",2613000
28.1,-0.1,10600,"sd","10:02:08",2608100
28.1,-0.1,2200,"sd","10:02:07",2597500
28.1,-0.1,500,"sd","10:02:06",2595300
28.15,-0.05,160000,"bu","10:02:04",2594800
28.1,-0.1,4000,"sd","10:01:55",2434800
28.1,-0.1,2600,"sd","10:01:53",2430800
28.1,-0.1,1000,"sd","10:01:46",2428200
28.15,-0.05,1000,"bu","10:01:40",2427200
28.15,-0.05,1200,"bu","10:01:36",2426200
28.15,-0.05,200,"bu","10:01:33",2425000
28.15,-0.05,2000,"bu","10:01:18",2424800
28.15,-0.05,1000,"bu","10:01:12",2422800
28.15,-0.05,10000,"bu","10:01:06",2421800
28.15,-0.05,100,"bu","10:01:05",2411800
28.15,-0.05,3000,"bu","10:00:51",2411700
28.15,-0.05,1000,"bu","10:00:45",2408700
28.15,-0.05,500,"bu","10:00:40",2407700
28.1,-0.1,2000,"sd","10:00:37",2407200
28.15,-0.05,500,"bu","10:00:36",2405200
28.15,-0.05,500,"bu","10:00:34",2404700
28.15,-0.05,8000,"bu","10:00:25",2404200
28.15,-0.05,100,"bu","10:00:25",2396200
28.15,-0.05,10000,"bu","10:00:17",2396100
28.15,-0.05,3100,"sd","10:00:04",2386100
28.15,-0.05,3000,"sd","09:59:52",2383000
28.15,-0.05,100,"sd","09:59:51",2380000
28.15,-0.05,1000,"sd","09:59:38",2379900
28.15,-0.05,15000,"sd","09:59:37",2378900
28.15,-0.05,6900,"bu","09:59:23",2363900
28.1,-0.1,5200,"sd","09:59:04",2357000
28.15,-0.05,4100,"sd","09:59:04",2351800
28.15,-0.05,800,"sd","09:58:56",2347700
28.15,-0.05,20000,"sd","09:58:49",2346900
28.15,-0.05,400,"sd","09:58:48",2326900
28.15,-0.05,200,"sd","09:58:17",2326500
28.15,-0.05,5700,"bu","09:58:16",2326300
28.15,-0.05,5000,"bu","09:58:12",2320600
28.15,-0.05,10000,"bu","09:58:09",2315600
28.15,-0.05,91000,"sd","09:58:00",2305600
28.15,-0.05,3600,"sd","09:57:45",2214600
28.15,-0.05,19000,"sd","09:56:38",2211000
28.15,-0.05,2000,"sd","09:56:25",2192000
28.15,-0.05,1000,"sd","09:56:19",2190000
28.15,-0.05,20000,"sd","09:56:14",2189000
28.15,-0.05,2000,"sd","09:56:12",2169000
28.2,0,200,"bu","09:56:03",2167000
28.15,-0.05,7000,"sd","09:55:53",2166800
28.15,-0.05,5000,"sd","09:55:37",2159800
28.15,-0.05,200,"sd","09:55:36",2154800
28.15,-0.05,500,"sd","09:55:12",2154600
28.15,-0.05,5000,"sd","09:54:50",2154100
28.15,-0.05,100,"sd","09:54:26",2149100
28.15,-0.05,200,"sd","09:54:17",2149000
28.2,0,100,"bu","09:54:15",2148800
28.15,-0.05,600,"sd","09:54:05",2148700
28.2,0,300,"bu","09:54:03",2148100
28.15,-0.05,300,"sd","09:54:01",2147800
28.15,-0.05,1000,"sd","09:53:55",2147500
28.15,-0.05,500,"sd","09:53:49",2146500
28.15,-0.05,5000,"sd","09:53:26",2146000
28.15,-0.05,1200,"sd","09:53:11",2141000
28.15,-0.05,2000,"sd","09:53:10",2139800
28.15,-0.05,600,"sd","09:53:06",2137800
28.15,-0.05,5000,"sd","09:52:54",2137200
28.15,-0.05,100,"sd","09:52:50",2132200
28.15,-0.05,500,"sd","09:52:36",2132100
28.15,-0.05,200,"sd","09:52:29",2131600
28.15,-0.05,30000,"sd","09:52:23",2131400
28.15,-0.05,20000,"sd","09:52:16",2101400
28.15,-0.05,1200,"sd","09:51:57",2081400
28.2,0,1500,"bu","09:51:47",2080200
28.2,0,200,"bu","09:51:45",2078700
28.2,0,100,"bu","09:51:44",2078500
28.2,0,5800,"bu","09:51:29",2078400
28.2,0,1900,"bu","09:51:26",2072600
28.15,-0.05,10000,"sd","09:51:17",2070700
28.2,0,200,"bu","09:51:14",2060700
28.2,0,100,"bu","09:51:07",2060500
28.15,-0.05,600,"sd","09:50:59",2060400
28.15,-0.05,2000,"sd","09:50:55",2059800
28.15,-0.05,300,"sd","09:50:45",2057800
28.15,-0.05,8900,"sd","09:50:33",2057500
28.15,-0.05,1000,"sd","09:50:25",2048600
28.15,-0.05,1000,"sd","09:50:20",2047600
28.2,0,1600,"bu","09:50:18",2046600
28.15,-0.05,500,"sd","09:50:16",2045000
28.15,-0.05,2000,"sd","09:50:08",2044500
28.15,-0.05,10000,"sd","09:49:51",2042500
28.15,-0.05,5000,"sd","09:49:22",2032500
28.2,0,100,"bu","09:49:06",2027500
28.2,0,3000,"bu","09:48:31",2027400
28.15,-0.05,3000,"sd","09:48:30",2024400
28.15,-0.05,1000,"sd","09:48:29",2021400
28.15,-0.05,500,"sd","09:48:23",2020400
28.15,-0.05,1000,"sd","09:48:21",2019900
28.15,-0.05,1000,"sd","09:48:15",2018900
28.15,-0.05,1000,"sd","09:48:02",2017900
28.2,0,400,"bu","09:47:55",2016900
28.2,0,700,"bu","09:47:44",2016500
28.15,-0.05,3000,"sd","09:47:38",2015800
28.15,-0.05,1000,"sd","09:47:26",2012800
28.15,-0.05,100,"sd","09:47:19",2011800
28.15,-0.05,200,"sd","09:46:48",2011700
28.15,-0.05,2000,"sd","09:46:46",2011500
28.15,-0.05,400,"sd","09:46:08",2009500
28.2,0,2000,"bu","09:46:05",2009100
28.15,-0.05,9000,"sd","09:45:51",2007100
28.15,-0.05,600,"sd","09:45:44",1998100
28.15,-0.05,4500,"sd","09:45:43",1997500
28.15,-0.05,500,"sd","09:45:42",1993000
28.2,0,2000,"bu","09:45:42",1992500
28.15,-0.05,400,"sd","09:45:35",1990500
28.15,-0.05,10400,"sd","09:45:33",1990100
28.15,-0.05,2000,"sd","09:45:30",1979700
28.15,-0.05,100,"sd","09:45:12",1977700
28.15,-0.05,100,"sd","09:45:04",1977600
28.15,-0.05,1500,"sd","09:44:56",1977500
28.15,-0.05,10000,"sd","09:44:52",1976000
28.15,-0.05,1200,"sd","09:44:47",1966000
28.15,-0.05,300,"sd","09:44:46",1964800
28.15,-0.05,1300,"sd","09:44:40",1964500
28.15,-0.05,8800,"sd","09:44:40",1963200
28.15,-0.05,4000,"sd","09:44:38",1954400
28.15,-0.05,300,"sd","09:44:31",1950400
28.15,-0.05,200,"sd","09:44:28",1950100
28.15,-0.05,500,"sd","09:44:23",1949900
28.15,-0.05,500,"sd","09:44:14",1949400
28.15,-0.05,2000,"sd","09:44:05",1948900
28.15,-0.05,1000,"sd","09:44:00",1946900
28.15,-0.05,100,"sd","09:43:54",1945900
28.15,-0.05,1000,"sd","09:43:36",1945800
28.15,-0.05,2700,"sd","09:43:33",1944800
28.15,-0.05,3000,"sd","09:43:32",1942100
28.15,-0.05,9000,"sd","09:43:30",1939100
28.15,-0.05,5000,"sd","09:43:20",1930100
28.15,-0.05,2000,"sd","09:43:15",1925100
28.15,-0.05,6000,"sd","09:43:09",1923100
28.15,-0.05,2000,"sd","09:43:09",1917100
28.15,-0.05,11000,"sd","09:42:49",1915100
28.15,-0.05,2000,"sd","09:42:46",1904100
28.15,-0.05,4000,"sd","09:42:33",1902100
28.15,-0.05,1700,"sd","09:42:31",1898100
28.15,-0.05,10000,"sd","09:42:25",1896400
28.15,-0.05,1000,"sd","09:42:21",1886400
28.15,-0.05,2000,"sd","09:42:04",1885400
28.15,-0.05,6000,"sd","09:41:47",1883400
28.15,-0.05,1000,"sd","09:41:42",1877400
28.2,0,5000,"bu","09:41:40",1876400
28.15,-0.05,5000,"sd","09:41:30",1871400
28.15,-0.05,200,"sd","09:41:11",1866400
28.15,-0.05,500,"sd","09:40:50",1866200
28.2,0,400,"bu","09:40:46",1865700
28.2,0,20000,"bu","09:40:17",1865300
28.2,0,36000,"sd","09:40:05",1845300
28.2,0,100,"sd","09:40:04",1809300
28.2,0,1000,"sd","09:40:00",1809200
28.2,0,600,"sd","09:39:52",1808200
28.2,0,20700,"sd","09:39:45",1807600
28.2,0,15000,"sd","09:39:36",1786900
28.2,0,200,"sd","09:39:31",1771900
28.2,0,8300,"sd","09:39:14",1771700
28.2,0,41300,"bu","09:39:11",1763400
28.2,0,300,"bu","09:39:09",1722100
28.2,0,1000,"bu","09:39:03",1721800
28.2,0,10000,"bu","09:38:57",1720800
28.2,0,100,"bu","09:38:54",1710800
28.2,0,500,"sd","09:38:47",1710700
28.2,0,5000,"sd","09:38:44",1710200
28.2,0,10000,"sd","09:38:32",1705200
28.2,0,1000,"sd","09:38:30",1695200
28.2,0,85200,"sd","09:38:23",1694200
28.2,0,14800,"sd","09:38:23",1609000
28.2,0,3000,"sd","09:38:17",1594200
28.2,0,29700,"sd","09:38:16",1591200
28.2,0,4000,"sd","09:38:03",1561500
28.2,0,300,"sd","09:37:52",1557500
28.2,0,500,"sd","09:37:51",1557200
28.2,0,10000,"sd","09:37:47",1556700
28.2,0,100,"sd","09:37:40",1546700
28.2,0,200,"sd","09:37:39",1546600
28.2,0,300,"sd","09:37:20",1546400
28.2,0,100,"sd","09:37:18",1546100
28.2,0,200,"sd","09:37:14",1546000
28.2,0,500,"sd","09:37:08",1545800
28.2,0,900,"sd","09:36:49",1545300
28.2,0,100,"sd","09:36:39",1544400
28.2,0,2000,"sd","09:36:36",1544300
28.2,0,500,"sd","09:36:35",1542300
28.2,0,500,"sd","09:36:01",1541800
28.2,0,100,"sd","09:35:52",1541300
28.25,0.05,100,"bu","09:35:50",1541200
28.2,0,1000,"sd","09:35:42",1541100
28.2,0,800,"sd","09:35:40",1540100
28.2,0,7000,"sd","09:35:21",1539300
28.25,0.05,500,"bu","09:35:16",1532300
28.25,0.05,500,"bu","09:35:01",1531800
28.2,0,6200,"sd","09:34:53",1531300
28.2,0,12400,"sd","09:34:53",1525100
28.25,0.05,100,"bu","09:34:43",1512700
28.2,0,9300,"sd","09:34:36",1512600
28.25,0.05,5000,"bu","09:34:19",1503300
28.25,0.05,600,"bu","09:33:44",1498300
28.25,0.05,1000,"bu","09:33:35",1497700
28.2,0,2000,"sd","09:33:25",1496700
28.25,0.05,500,"bu","09:33:02",1494700
28.25,0.05,300,"bu","09:32:56",1494200
28.25,0.05,300,"bu","09:32:51",1493900
28.25,0.05,5000,"bu","09:32:47",1493600
28.25,0.05,200,"bu","09:32:26",1488600
28.2,0,500,"sd","09:32:23",1488400
28.25,0.05,1000,"bu","09:32:16",1487900
28.2,0,1100,"sd","09:32:05",1486900
28.2,0,5000,"sd","09:32:03",1485800
28.2,0,4200,"sd","09:32:02",1480800
28.2,0,4000,"sd","09:31:59",1476600
28.2,0,1000,"sd","09:31:37",1472600
28.2,0,25400,"sd","09:31:33",1471600
28.2,0,1400,"sd","09:31:30",1446200
28.25,0.05,100,"bu","09:31:24",1444800
28.2,0,300,"sd","09:31:21",1444700
28.2,0,200,"sd","09:31:20",1444400
28.2,0,20000,"sd","09:31:17",1444200
28.2,0,10000,"sd","09:31:11",1424200
28.2,0,10000,"sd","09:31:08",1414200
28.2,0,4200,"sd","09:31:02",1404200
28.2,0,500,"sd","09:30:59",1400000
28.2,0,18200,"bu","09:30:58",1399500
28.2,0,100,"bu","09:30:57",1381300
28.2,0,10000,"bu","09:30:51",1381200
28.2,0,1700,"sd","09:30:47",1371200
28.2,0,500,"sd","09:30:44",1369500
28.25,0.05,500,"bu","09:30:36",1369000
28.15,-0.05,2000,"sd","09:30:26",1368500
28.25,0.05,800,"bu","09:30:07",1366500
28.25,0.05,100,"sd","09:30:07",1365700
28.15,-0.05,51100,"sd","09:30:02",1365600
28.2,0,124800,"sd","09:30:02",1314500
28.25,0.05,21100,"sd","09:30:02",1189700
28.25,0.05,200,"sd","09:29:59",1168600
28.25,0.05,4000,"sd","09:29:55",1168400
28.25,0.05,1000,"sd","09:29:49",1164400
28.25,0.05,5000,"sd","09:29:45",1163400
28.3,0.1,2000,"bu","09:29:43",1158400
28.25,0.05,5800,"sd","09:29:42",1156400
28.25,0.05,2000,"sd","09:29:18",1150600
28.3,0.1,100,"bu","09:29:16",1148600
28.25,0.05,500,"sd","09:29:14",1148500
28.25,0.05,9300,"sd","09:28:54",1148000
28.25,0.05,3000,"sd","09:28:50",1138700
28.25,0.05,3300,"bu","09:28:43",1135700
28.25,0.05,10000,"bu","09:28:43",1132400
28.25,0.05,2000,"bu","09:28:42",1122400
28.25,0.05,5000,"bu","09:28:42",1120400
28.25,0.05,1000,"bu","09:28:40",1115400
28.25,0.05,100,"bu","09:28:39",1114400
28.25,0.05,3000,"bu","09:28:38",1114300
28.25,0.05,3800,"bu","09:28:38",1111300
28.25,0.05,4900,"bu","09:28:36",1107500
28.25,0.05,300,"bu","09:28:33",1102600
28.25,0.05,1900,"bu","09:28:27",1102300
28.25,0.05,1000,"bu","09:28:26",1100400
28.25,0.05,3100,"bu","09:28:24",1099400
28.25,0.05,500,"bu","09:28:23",1096300
28.25,0.05,300,"bu","09:28:21",1095800
28.25,0.05,5000,"bu","09:28:20",1095500
28.25,0.05,1000,"bu","09:28:20",1090500
28.25,0.05,5900,"bu","09:28:17",1089500
28.25,0.05,5000,"bu","09:28:16",1083600
28.25,0.05,300,"bu","09:28:15",1078600
28.25,0.05,100,"bu","09:28:06",1078300
28.25,0.05,1400,"bu","09:28:04",1078200
28.25,0.05,100,"bu","09:28:00",1076800
28.25,0.05,1200,"bu","09:27:56",1076700
28.25,0.05,4000,"bu","09:27:55",1075500
28.25,0.05,5300,"bu","09:27:52",1071500
28.2,0,10000,"sd","09:27:52",1066200
28.25,0.05,500,"bu","09:27:49",1056200
28.2,0,100,"sd","09:27:10",1055700
28.2,0,12500,"bu","09:27:09",1055600
28.2,0,231300,"bu","09:27:08",1043100
28.2,0,100,"bu","09:27:06",811800
28.2,0,5000,"bu","09:26:59",811700
28.15,-0.05,400,"sd","09:26:46",806700
28.15,-0.05,200,"sd","09:26:41",806300
28.15,-0.05,1200,"sd","09:26:03",806100
28.2,0,5000,"bu","09:26:00",804900
28.2,0,200,"bu","09:25:35",799900
28.15,-0.05,400,"sd","09:25:19",799700
28.15,-0.05,2500,"sd","09:25:16",799300
28.15,-0.05,34200,"bu","09:25:01",796800
28.15,-0.05,1900,"bu","09:25:00",762600
28.15,-0.05,200,"bu","09:24:52",760700
28.15,-0.05,200,"bu","09:24:43",760500
28.15,-0.05,100,"bu","09:24:40",760300
28.15,-0.05,100,"bu","09:24:29",760200
28.1,-0.1,500,"sd","09:24:29",760100
28.15,-0.05,100,"bu","09:24:27",759600
28.15,-0.05,100,"bu","09:24:22",759500
28.15,-0.05,12000,"bu","09:24:21",759400
28.15,-0.05,1100,"bu","09:24:13",747400
28.15,-0.05,1000,"bu","09:24:03",746300
28.15,-0.05,100,"bu","09:24:03",745300
28.15,-0.05,200,"bu","09:23:47",745200
28.15,-0.05,600,"bu","09:23:24",745000
28.15,-0.05,500,"bu","09:23:15",744400
28.15,-0.05,400,"bu","09:23:00",743900
28.15,-0.05,1000,"bu","09:22:59",743500
28.15,-0.05,1000,"bu","09:22:54",742500
28.15,-0.05,100,"bu","09:22:51",741500
28.15,-0.05,500,"bu","09:22:43",741400
28.15,-0.05,300,"bu","09:22:43",740900
28.15,-0.05,500,"bu","09:22:42",740600
28.15,-0.05,2000,"bu","09:22:38",740100
28.15,-0.05,500,"bu","09:22:33",738100
28.15,-0.05,3800,"bu","09:22:31",737600
28.15,-0.05,4700,"sd","09:22:21",733800
28.15,-0.05,100,"sd","09:22:18",729100
28.15,-0.05,200,"bu","09:22:17",729000
28.15,-0.05,300,"sd","09:22:14",728800
28.15,-0.05,3000,"bu","09:22:12",728500
28.15,-0.05,7000,"sd","09:22:11",725500
28.15,-0.05,20000,"sd","09:22:09",718500
28.15,-0.05,9200,"bu","09:22:01",698500
28.15,-0.05,500,"bu","09:21:49",689300
28.15,-0.05,20400,"sd","09:21:46",688800
28.15,-0.05,300,"sd","09:21:39",668400
28.15,-0.05,9300,"sd","09:21:33",668100
28.15,-0.05,10000,"sd","09:21:30",658800
28.2,0,100,"bu","09:21:24",648800
28.15,-0.05,500,"sd","09:21:24",648700
28.15,-0.05,200,"sd","09:21:21",648200
28.15,-0.05,5000,"sd","09:21:15",648000
28.15,-0.05,1000,"sd","09:21:11",643000
28.15,-0.05,1500,"sd","09:21:10",642000
28.2,0,100,"bu","09:21:05",640500
28.15,-0.05,2000,"sd","09:21:00",640400
28.15,-0.05,200,"sd","09:20:57",638400
28.15,-0.05,5000,"sd","09:20:53",638200
28.15,-0.05,1000,"sd","09:20:50",633200
28.15,-0.05,1000,"sd","09:20:47",632200
28.15,-0.05,500,"sd","09:20:45",631200
28.15,-0.05,1500,"sd","09:20:37",630700
28.15,-0.05,200,"sd","09:20:35",629200
28.2,0,1000,"bu","09:20:35",629000
28.15,-0.05,1000,"sd","09:20:34",628000
28.15,-0.05,6500,"sd","09:20:32",627000
28.15,-0.05,400,"sd","09:20:31",620500
28.15,-0.05,1000,"sd","09:20:30",620100
28.15,-0.05,3000,"sd","09:20:29",619100
28.15,-0.05,1000,"sd","09:20:27",616100
28.15,-0.05,3800,"bu","09:20:20",615100
28.1,-0.1,1500,"sd","09:20:14",611300
28.1,-0.1,3100,"sd","09:20:12",609800
28.15,-0.05,400,"sd","09:20:08",606700
28.15,-0.05,700,"sd","09:20:06",606300
28.1,-0.1,900,"sd","09:20:05",605600
28.15,-0.05,600,"sd","09:20:05",604700
28.2,0,18500,"bu","09:20:04",604100
28.15,-0.05,10900,"bu","09:20:04",585600
28.15,-0.05,50000,"bu","09:19:59",574700
28.15,-0.05,500,"bu","09:19:52",524700
28.15,-0.05,20000,"bu","09:19:49",524200
28.15,-0.05,500,"bu","09:19:42",504200
28.15,-0.05,100,"bu","09:19:37",503700
28.1,-0.1,3100,"sd","09:19:36",503600
28.15,-0.05,1000,"bu","09:19:36",500500
28.1,-0.1,12000,"sd","09:19:35",499500
28.15,-0.05,2000,"bu","09:19:34",487500
28.15,-0.05,35000,"bu","09:19:31",485500
28.1,-0.1,1500,"sd","09:19:29",450500
28.15,-0.05,30000,"bu","09:19:25",449000
28.1,-0.1,1100,"sd","09:19:24",419000
28.1,-0.1,1500,"sd","09:19:23",417900
28.1,-0.1,2000,"sd","09:19:19",416400
28.1,-0.1,1500,"sd","09:19:13",414400
28.1,-0.1,1000,"sd","09:19:10",412900
28.1,-0.1,1000,"sd","09:19:09",411900
28.1,-0.1,1500,"sd","09:19:08",410900
28.1,-0.1,2200,"sd","09:19:05",409400
28.1,-0.1,1500,"sd","09:19:02",407200
28.15,-0.05,10000,"bu","09:19:00",405700
28.1,-0.1,3100,"sd","09:18:51",395700
28.1,-0.1,1500,"sd","09:18:47",392600
28.1,-0.1,1500,"sd","09:18:41",391100
28.1,-0.1,300,"sd","09:18:40",389600
28.1,-0.1,1500,"sd","09:18:33",389300
28.15,-0.05,100,"bu","09:18:31",387800
28.1,-0.1,600,"sd","09:18:24",387700
28.15,-0.05,100,"bu","09:18:23",387100
28.1,-0.1,1500,"sd","09:18:16",387000
28.1,-0.1,8000,"sd","09:18:15",385500
28.1,-0.1,500,"sd","09:18:11",377500
28.1,-0.1,15000,"sd","09:18:08",377000
28.15,-0.05,100,"bu","09:18:06",362000
28.1,-0.1,3000,"sd","09:18:04",361900
28.1,-0.1,500,"sd","09:18:03",358900
28.1,-0.1,3000,"sd","09:17:54",358400
28.1,-0.1,200,"sd","09:17:47",355400
28.1,-0.1,6000,"bu","09:17:42",355200
28.1,-0.1,15200,"sd","09:17:37",349200
28.1,-0.1,1000,"sd","09:17:36",334000
28.1,-0.1,1200,"sd","09:17:35",333000
28.1,-0.1,1500,"sd","09:17:35",331800
28.1,-0.1,12000,"sd","09:17:29",330300
28.1,-0.1,10000,"sd","09:17:29",318300
28.1,-0.1,3000,"sd","09:17:27",308300
28.1,-0.1,1500,"sd","09:17:26",305300
28.1,-0.1,200,"sd","09:17:25",303800
28.1,-0.1,2000,"sd","09:17:21",303600
28.1,-0.1,10000,"sd","09:17:11",301600
28.1,-0.1,5000,"sd","09:17:09",291600
28.1,-0.1,10000,"sd","09:17:04",286600
28.1,-0.1,1000,"sd","09:17:02",276600
28.1,-0.1,2500,"sd","09:17:00",275600
28.1,-0.1,2000,"sd","09:16:59",273100
28.1,-0.1,10000,"sd","09:16:55",271100
28.1,-0.1,1000,"sd","09:16:53",261100
28.1,-0.1,10000,"sd","09:16:46",260100
28.15,-0.05,500,"bu","09:16:43",250100
28.1,-0.1,200,"sd","09:16:39",249600
28.15,-0.05,1000,"bu","09:16:32",249400
28.1,-0.1,1500,"sd","09:16:29",248400
28.15,-0.05,10000,"bu","09:16:25",246900
28.1,-0.1,1500,"sd","09:16:22",236900
28.15,-0.05,300,"bu","09:16:18",235400
28.1,-0.1,1500,"sd","09:16:15",235100
28.1,-0.1,400,"sd","09:16:10",233600
28.1,-0.1,1500,"sd","09:16:09",233200
28.1,-0.1,1500,"sd","09:16:06",231700
28.1,-0.1,1500,"sd","09:15:59",230200
28.1,-0.1,17000,"sd","09:15:55",228700
28.1,-0.1,1500,"sd","09:15:54",211700
28.15,-0.05,8600,"bu","09:15:53",210200
28.15,-0.05,3000,"bu","09:15:52",201600
28.1,-0.1,1500,"sd","09:15:49",198600
28.15,-0.05,1000,"bu","09:15:40",197100
28.1,-0.1,9300,"sd","09:15:39",196100
28.15,-0.05,200,"bu","09:15:33",186800
28.15,-0.05,3800,"sd","09:15:33",186600
28.15,-0.05,10000,"sd","09:15:32",182800
28.15,-0.05,2000,"sd","09:15:26",172800
28.15,-0.05,5000,"sd","09:15:19",170800
28.2,0,1000,"bu","09:15:18",165800
28.15,-0.05,13000,"sd","09:15:17",164800
28.2,0,100,"bu","09:15:16",151800
28.15,-0.05,100,"sd","09:15:15",151700
28.15,-0.05,151600,"","09:15:01",151600
