"price","change","match_qtty","side","time","total_vol"
41.35,0,6500,"","14:45:02",822500
41.35,0,2000,"bu","14:29:39",816000
41.35,0,9500,"bu","14:29:09",814000
41.3,-0.05,500,"bu","14:29:09",804500
41.3,-0.05,2000,"bu","14:28:58",804000
41.35,0,4000,"bu","14:28:42",802000
41.35,0,800,"bu","14:28:29",798000
41.3,-0.05,13600,"bu","14:28:29",797200
41.25,-0.1,5600,"bu","14:28:29",783600
41.25,-0.1,1000,"sd","14:27:05",778000
41.25,-0.1,11000,"bu","14:27:00",777000
41.25,-0.1,2000,"bu","14:26:22",766000
41.25,-0.1,5000,"bu","14:26:14",764000
41.25,-0.1,10000,"bu","14:24:17",759000
41.25,-0.1,1500,"bu","14:23:52",749000
41.2,-0.15,500,"bu","14:23:52",747500
41.2,-0.15,100,"sd","14:23:47",747000
41.25,-0.1,2000,"bu","14:23:47",746900
41.25,-0.1,10000,"bu","14:22:56",744900
41.25,-0.1,5000,"bu","14:22:39",734900
41.25,-0.1,3000,"bu","14:22:33",729900
41.25,-0.1,10000,"bu","14:22:26",726900
41.25,-0.1,200,"bu","14:20:44",716900
41.2,-0.15,900,"bu","14:18:33",716700
41,-0.35,6000,"sd","14:18:22",715800
41,-0.35,13000,"sd","14:18:09",709800
41.2,-0.15,100,"bu","14:15:42",696800
40.85,-0.5,1100,"bu","14:14:09",696700
40.85,-0.5,1000,"bu","14:13:58",695600
40.8,-0.55,3000,"sd","14:13:49",694600
40.8,-0.55,2000,"sd","14:13:49",691600
40.85,-0.5,2900,"sd","14:13:44",689600
40.85,-0.5,1100,"bu","14:12:36",686700
40.85,-0.5,100,"bu","14:12:33",685600
40.85,-0.5,300,"bu","14:12:19",685500
40.85,-0.5,100,"bu","14:12:16",685200
40.85,-0.5,1000,"bu","14:12:14",685100
40.85,-0.5,100,"bu","14:12:06",684100
40.8,-0.55,400,"bu","14:12:06",684000
40.8,-0.55,19600,"sd","14:12:05",683600
40.85,-0.5,5300,"sd","14:11:56",664000
40.9,-0.45,2000,"sd","14:11:56",658700
40.9,-0.45,1000,"bu","14:11:47",656700
40.9,-0.45,6500,"sd","14:11:37",655700
41.35,0,5000,"bu","14:11:06",649200
41.35,0,29000,"bu","14:10:56",644200
41.2,-0.15,1000,"bu","14:10:56",615200
41.2,-0.15,2000,"sd","14:10:55",614200
41.35,0,6600,"bu","14:09:44",612200
41.3,-0.05,13500,"bu","14:09:44",605600
41.2,-0.15,4700,"bu","14:09:44",585400
41.2,-0.15,1000,"bu","14:09:32",580700
41.2,-0.15,300,"sd","14:09:00",579700
41.2,-0.15,4700,"sd","14:08:37",579400
41.25,-0.1,3500,"bu","14:08:03",574700
41.2,-0.15,6600,"bu","14:08:03",571200
41.1,-0.25,9900,"bu","14:08:03",564600
41.1,-0.25,100,"sd","14:07:58",554700
41.2,-0.15,500,"bu","14:04:46",554600
41.2,-0.15,1000,"bu","14:04:40",554100
41.1,-0.25,200,"bu","14:04:30",553100
41.1,-0.25,1000,"bu","14:04:23",552900
41.1,-0.25,700,"bu","14:03:38",551900
41.1,-0.25,500,"bu","14:03:30",551200
41.1,-0.25,1000,"bu","14:02:27",550700
41.1,-0.25,500,"sd","14:02:13",549700
41.1,-0.25,1500,"bu","14:01:56",549200
41.1,-0.25,2000,"bu","13:59:11",547700
41.1,-0.25,100,"bu","13:57:50",545700
41.2,-0.15,1000,"bu","13:46:38",545600
40.9,-0.45,600,"bu","13:46:20",544600
40.9,-0.45,1000,"bu","13:45:11",544000
40.9,-0.45,100,"bu","13:44:53",543000
40.8,-0.55,10300,"sd","13:44:42",542900
40.9,-0.45,3100,"sd","13:44:32",532600
41.1,-0.25,200,"sd","13:44:32",529500
41.25,-0.1,3000,"bu","13:37:00",529300
41.25,-0.1,2000,"bu","13:36:51",526300
41.25,-0.1,24400,"sd","13:36:34",524300
41.25,-0.1,5600,"bu","13:36:31",499900
41.1,-0.25,100,"sd","13:35:46",494300
41.2,-0.15,2000,"bu","13:34:55",494200
41.2,-0.15,2500,"bu","13:33:46",492200
41.2,-0.15,2000,"bu","13:31:40",489700
41.2,-0.15,3000,"bu","13:30:25",487700
41.2,-0.15,200,"sd","13:29:51",484700
41.2,-0.15,1800,"bu","13:29:02",484500
41.2,-0.15,1000,"bu","13:28:51",482700
41.2,-0.15,1000,"bu","13:27:07",481700
41.2,-0.15,17200,"sd","13:26:18",480700
41.2,-0.15,2800,"bu","13:26:14",463500
41.2,-0.15,100,"bu","13:25:36",460700
41.1,-0.25,1900,"bu","13:25:36",460600
41.1,-0.25,2000,"bu","13:25:30",458700
41.1,-0.25,2000,"bu","13:23:43",456700
41.1,-0.25,900,"bu","13:23:34",454700
41.1,-0.25,1000,"bu","13:23:25",453800
41.1,-0.25,3000,"bu","13:22:03",452800
41.1,-0.25,1000,"bu","13:21:38",449800
41.1,-0.25,1000,"bu","13:21:38",448800
41.1,-0.25,700,"bu","13:21:29",447800
41.1,-0.25,500,"bu","13:21:22",447100
41.1,-0.25,1000,"bu","13:21:11",446600
41.1,-0.25,5000,"bu","13:19:32",445600
41.1,-0.25,2000,"bu","13:19:24",440600
41.1,-0.25,1000,"bu","13:18:39",438600
41.1,-0.25,2000,"bu","13:18:28",437600
41.1,-0.25,5000,"bu","13:18:21",435600
41,-0.35,800,"sd","13:17:39",430600
41.2,-0.15,500,"bu","13:17:31",429800
41.2,-0.15,100,"bu","13:16:33",429300
40.8,-0.55,5000,"sd","13:15:18",429200
41.2,-0.15,100,"bu","13:14:19",424200
40.8,-0.55,4700,"sd","13:14:10",424100
41,-0.35,300,"sd","13:14:10",419400
41,-0.35,3000,"sd","13:13:57",419100
41.25,-0.1,500,"bu","13:12:45",416100
41.25,-0.1,3000,"bu","13:12:21",415600
41.25,-0.1,1000,"bu","13:11:52",412600
41.25,-0.1,2000,"bu","13:11:36",411600
41.25,-0.1,5000,"bu","13:11:10",409600
41.25,-0.1,16400,"sd","13:11:03",404600
41.25,-0.1,7700,"bu","13:10:58",388200
41.15,-0.2,1900,"bu","13:10:58",380500
41.2,-0.15,300,"sd","13:10:31",378600
41.2,-0.15,2700,"bu","13:10:24",378300
41,-0.35,2300,"sd","13:09:47",375600
41.1,-0.25,600,"sd","13:09:47",373300
41.2,-0.15,2000,"bu","13:09:40",372700
41.2,-0.15,600,"bu","13:09:33",370700
41.15,-0.2,400,"bu","13:09:33",370100
41.1,-0.25,1000,"sd","13:09:24",369700
41.15,-0.2,1000,"bu","13:09:10",368700
41.15,-0.2,600,"sd","13:09:07",367700
41.2,-0.15,3000,"bu","13:08:55",367100
41.2,-0.15,32700,"sd","13:08:26",364100
41.2,-0.15,3400,"bu","13:08:24",331400
41.15,-0.2,100,"sd","13:07:30",326100
41.15,-0.2,1300,"bu","13:07:26",326000
41.15,-0.2,2000,"bu","13:07:20",324700
41.15,-0.2,1000,"bu","13:07:08",322700
41.15,-0.2,28700,"sd","13:06:44",321700
41.15,-0.2,1300,"bu","13:06:41",293000
41.1,-0.25,400,"bu","13:05:31",291700
41.1,-0.25,2900,"bu","13:05:25",291300
41.1,-0.25,100,"bu","13:05:22",288400
41.1,-0.25,100,"bu","13:03:01",288300
41.1,-0.25,500,"bu","13:01:44",288200
41.1,-0.25,600,"sd","13:00:16",287700
41.15,-0.2,100,"bu","13:00:04",287100
41.15,-0.2,100,"bu","13:00:03",287000
41.1,-0.25,1400,"bu","11:29:43",286900
41.1,-0.25,2000,"bu","11:29:33",285500
41.1,-0.25,100,"bu","11:26:27",283500
41.1,-0.25,2000,"bu","11:14:00",283400
41.1,-0.25,700,"bu","11:13:01",281400
41.1,-0.25,2000,"bu","11:12:46",280700
40.75,-0.6,10400,"sd","11:12:38",278700
40.8,-0.55,1600,"sd","11:12:38",268300
41.1,-0.25,2000,"bu","11:11:22",266700
41.1,-0.25,5000,"bu","11:09:03",264700
41.2,-0.15,100,"bu","11:07:35",259700
40.8,-0.55,3000,"sd","11:07:31",259600
41.2,-0.15,100,"bu","11:06:38",256600
40.9,-0.45,2000,"sd","11:05:41",256500
41.2,-0.15,100,"bu","11:04:57",254500
40.8,-0.55,9600,"sd","11:04:48",254400
41.2,-0.15,100,"bu","11:02:21",244400
40.9,-0.45,2000,"sd","11:02:13",244300
41.2,-0.15,500,"bu","10:49:57",242300
41,-0.35,100,"sd","10:49:02",241800
41.2,-0.15,500,"bu","10:39:55",241700
41.2,-0.15,1000,"bu","10:38:31",241200
41.2,-0.15,3000,"bu","10:37:37",240200
41.2,-0.15,4800,"bu","10:36:47",237200
41.1,-0.25,200,"bu","10:36:47",232400
41.1,-0.25,700,"bu","10:36:04",232200
40.8,-0.55,3000,"sd","10:35:38",231500
40.8,-0.55,1500,"sd","10:34:39",228500
40.9,-0.45,300,"sd","10:34:39",227000
41,-0.35,200,"sd","10:34:39",226700
41.1,-0.25,700,"bu","10:33:34",226500
41.1,-0.25,400,"bu","10:30:11",225800
41,-0.35,200,"bu","10:29:59",225400
41,-0.35,1000,"bu","10:28:31",225200
41,-0.35,400,"bu","10:27:41",224200
40.8,-0.55,3000,"sd","10:27:20",223800
41,-0.35,100,"bu","10:26:21",220800
41,-0.35,100,"bu","10:26:01",220700
40.8,-0.55,4000,"sd","10:25:44",220600
41,-0.35,100,"bu","10:24:37",216600
40.8,-0.55,4000,"sd","10:24:03",216500
41,-0.35,100,"bu","10:21:29",212500
40.8,-0.55,1000,"sd","10:21:29",212400
40.8,-0.55,2000,"sd","10:20:47",211400
41,-0.35,100,"bu","10:20:02",209400
40.8,-0.55,4900,"sd","10:19:21",209300
40.95,-0.4,100,"sd","10:19:21",204400
40.95,-0.4,200,"bu","10:18:53",204300
40.8,-0.55,400,"bu","10:18:23",204100
40.8,-0.55,2000,"bu","10:18:03",203700
40.8,-0.55,100,"bu","10:18:02",201700
40.8,-0.55,1000,"bu","10:17:59",201600
40.8,-0.55,500,"bu","10:17:40",200600
40.8,-0.55,700,"bu","10:17:38",200100
40.8,-0.55,600,"bu","10:17:30",199400
40.7,-0.65,500,"sd","10:17:14",198800
40.8,-0.55,2000,"bu","10:17:05",198300
40.8,-0.55,500,"bu","10:16:55",196300
40.8,-0.55,200,"bu","10:16:35",195800
40.8,-0.55,16000,"sd","10:16:35",195600
40.85,-0.5,5100,"sd","10:16:35",179600
40.9,-0.45,10900,"sd","10:16:35",174500
40.95,-0.4,100,"bu","10:16:26",163600
40.95,-0.4,500,"bu","10:16:16",163500
40.95,-0.4,100,"bu","10:16:15",163000
40.95,-0.4,100,"bu","10:14:44",162900
40.95,-0.4,500,"bu","10:12:27",162800
40.95,-0.4,100,"bu","10:12:26",162300
40.95,-0.4,100,"bu","10:12:21",162200
40.95,-0.4,8300,"sd","10:11:58",162100
41,-0.35,1200,"sd","10:11:48",153800
41,-0.35,1500,"sd","10:11:23",152600
41.1,-0.25,100,"bu","10:10:06",151100
41.1,-0.25,500,"bu","10:06:57",151000
41,-0.35,300,"bu","10:05:37",150500
41,-0.35,100,"bu","10:05:27",150200
41,-0.35,2000,"bu","10:05:16",150100
41,-0.35,1000,"bu","10:05:13",148100
41,-0.35,500,"bu","10:05:09",147100
41,-0.35,14100,"sd","10:04:46",146600
41.05,-0.3,2000,"bu","10:04:40",132500
41.05,-0.3,3000,"sd","10:04:39",130500
41.1,-0.25,1000,"bu","10:04:28",127500
41.1,-0.25,1000,"bu","10:04:19",126500
41.1,-0.25,10500,"sd","10:04:03",125500
41.2,-0.15,6100,"sd","10:03:51",115000
41.3,-0.05,100,"sd","10:03:44",108900
41.4,0.05,100,"bu","09:57:55",108800
41.4,0.05,200,"bu","09:50:38",108700
41.4,0.05,2500,"bu","09:48:28",108500
41.4,0.05,2000,"bu","09:46:25",106000
41.35,0,200,"bu","09:44:56",104000
41.35,0,1100,"bu","09:43:10",103800
41.3,-0.05,500,"sd","09:43:00",102700
41.3,-0.05,600,"sd","09:42:41",102200
41.3,-0.05,500,"sd","09:40:15",101600
41.35,0,300,"bu","09:39:25",101100
41.35,0,1000,"bu","09:38:04",100800
41.35,0,5000,"bu","09:36:53",99800
41.3,-0.05,100,"sd","09:36:52",94800
41.35,0,3000,"bu","09:33:16",94700
41.35,0,100,"bu","09:32:59",91700
41.35,0,10000,"bu","09:32:13",91600
41.35,0,100,"sd","09:31:14",81600
41.35,0,900,"bu","09:30:46",81500
41.35,0,2000,"bu","09:28:40",80600
41.35,0,500,"bu","09:28:08",78600
41.35,0,5000,"bu","09:27:44",78100
41.35,0,2000,"bu","09:26:33",73100
41.35,0,3000,"bu","09:25:03",71100
41.35,0,3100,"sd","09:24:54",68100
41.35,0,1500,"bu","09:24:36",65000
41.35,0,9000,"bu","09:24:28",63500
41.35,0,3000,"bu","09:24:19",54500
41.35,0,1500,"sd","09:24:12",51500
41.35,0,3500,"bu","09:23:51",50000
41.35,0,3000,"bu","09:23:46",46500
41.35,0,13000,"bu","09:23:42",43500
41.35,0,500,"sd","09:23:28",30500
41.35,0,5000,"sd","09:23:11",30000
41.35,0,800,"sd","09:22:41",25000
41.4,0.05,300,"bu","09:21:15",24200
41.4,0.05,500,"bu","09:21:02",23900
41.4,0.05,100,"bu","09:20:36",23400
41.4,0.05,2000,"bu","09:18:41",23300
41.4,0.05,10000,"bu","09:18:30",21300
41.4,0.05,3000,"bu","09:16:39",11300
41.4,0.05,200,"sd","09:16:33",8300
41.4,0.05,1800,"bu","09:16:19",8100
41.4,0.05,3400,"bu","09:16:07",6300
41.35,0,600,"bu","09:16:07",2900
41.35,0,700,"sd","09:16:01",2300
41.4,0.05,200,"bu","09:15:12",1600
41.35,0,100,"sd","09:15:12",1400
41.35,0,1300,"","09:15:01",1300
