"price","change","match_qtty","side","time","total_vol"
56.8,-0.6,33900,"","14:45:01",765200
56.8,-0.6,100,"bu","14:29:44",731300
56.8,-0.6,1000,"bu","14:28:45",731200
56.8,-0.6,200,"bu","14:28:32",730200
56.8,-0.6,1000,"bu","14:28:19",730000
56.8,-0.6,100,"bu","14:28:06",729000
56.8,-0.6,500,"bu","14:27:55",728900
56.7,-0.7,200,"sd","14:27:34",728400
56.7,-0.7,1000,"sd","14:27:25",728200
56.7,-0.7,100,"sd","14:27:10",727200
56.7,-0.7,3200,"sd","14:26:58",727100
56.8,-0.6,3800,"sd","14:26:58",723900
56.8,-0.6,500,"sd","14:26:42",720100
56.9,-0.5,100,"bu","14:24:36",719600
56.8,-0.6,500,"sd","14:24:19",719500
56.8,-0.6,1000,"sd","14:24:00",719000
56.8,-0.6,1000,"sd","14:23:56",718000
56.8,-0.6,1900,"bu","14:23:02",717000
56.7,-0.7,1000,"sd","14:22:58",715100
56.7,-0.7,9200,"sd","14:22:47",714100
56.7,-0.7,1500,"sd","14:22:29",704900
56.8,-0.6,2000,"bu","14:21:23",703400
56.7,-0.7,1500,"sd","14:21:16",701400
56.8,-0.6,200,"sd","14:21:06",699900
56.9,-0.5,500,"bu","14:20:33",699700
56.8,-0.6,5000,"sd","14:20:29",699200
56.9,-0.5,3000,"bu","14:20:20",694200
56.9,-0.5,100,"bu","14:19:38",691200
56.8,-0.6,1600,"sd","14:19:13",691100
56.9,-0.5,5000,"bu","14:19:12",689500
56.9,-0.5,100,"bu","14:19:07",684500
56.9,-0.5,100,"bu","14:18:55",684400
56.9,-0.5,1000,"bu","14:18:54",684300
56.9,-0.5,100,"bu","14:18:49",683300
56.8,-0.6,800,"bu","14:17:29",683200
56.8,-0.6,1000,"bu","14:17:17",682400
56.7,-0.7,100,"sd","14:16:45",681400
56.7,-0.7,300,"sd","14:15:47",681300
56.8,-0.6,400,"sd","14:15:47",681000
56.8,-0.6,1800,"bu","14:15:19",680600
56.8,-0.6,100,"bu","14:15:02",678800
56.8,-0.6,900,"bu","14:14:44",678700
56.7,-0.7,100,"bu","14:13:06",677800
56.7,-0.7,500,"bu","14:12:56",677700
56.7,-0.7,1500,"sd","14:12:55",677200
56.7,-0.7,1000,"sd","14:12:47",675700
56.7,-0.7,1300,"bu","14:11:56",674700
56.7,-0.7,2000,"bu","14:11:52",673400
56.7,-0.7,100,"bu","14:11:28",671400
56.7,-0.7,100,"bu","14:11:23",671300
56.7,-0.7,1200,"bu","14:11:12",671200
56.7,-0.7,500,"bu","14:11:11",670000
56.7,-0.7,500,"bu","14:11:09",669500
56.7,-0.7,100,"bu","14:10:46",669000
56.7,-0.7,200,"bu","14:10:30",668900
56.7,-0.7,100,"bu","14:10:21",668700
56.7,-0.7,500,"bu","14:10:13",668600
56.7,-0.7,1000,"bu","14:09:26",668100
56.6,-0.8,100,"sd","14:09:15",667100
56.6,-0.8,1000,"sd","14:08:39",667000
56.7,-0.7,100,"bu","14:08:25",666000
56.6,-0.8,300,"sd","14:07:57",665900
56.6,-0.8,100,"sd","14:07:28",665600
56.5,-0.9,1500,"sd","14:07:13",665500
56.5,-0.9,100,"sd","14:06:48",664000
56.5,-0.9,100,"sd","14:06:42",663900
56.6,-0.8,300,"bu","14:06:31",663800
56.6,-0.8,200,"sd","14:06:24",663500
56.5,-0.9,1800,"bu","14:05:28",663300
56.5,-0.9,1000,"bu","14:05:24",661500
56.5,-0.9,100,"bu","14:05:16",660500
56.5,-0.9,3900,"sd","14:05:13",660400
56.5,-0.9,1100,"sd","14:05:10",656500
56.5,-0.9,4400,"sd","14:05:07",655400
56.5,-0.9,1000,"sd","14:05:01",651000
56.5,-0.9,1500,"sd","14:04:47",650000
56.5,-0.9,1500,"sd","14:04:32",648500
56.5,-0.9,800,"sd","14:04:18",647000
56.5,-0.9,3000,"sd","14:04:15",646200
56.5,-0.9,900,"sd","14:03:39",643200
56.5,-0.9,1000,"sd","14:03:01",642300
56.5,-0.9,1000,"sd","14:02:48",641300
56.5,-0.9,1000,"sd","14:02:45",640300
56.5,-0.9,200,"sd","14:02:36",639300
56.5,-0.9,2000,"sd","14:02:19",639100
56.6,-0.8,10200,"sd","14:02:14",637100
56.6,-0.8,1500,"sd","14:02:09",626900
56.6,-0.8,100,"sd","14:01:35",625400
56.8,-0.6,1000,"bu","14:01:29",625300
56.6,-0.8,2300,"sd","14:01:26",624300
56.6,-0.8,2000,"sd","14:01:20",622000
56.6,-0.8,200,"sd","14:01:18",620000
56.6,-0.8,100,"sd","14:01:17",619800
56.7,-0.7,300,"sd","14:01:06",619700
56.8,-0.6,400,"bu","14:00:39",619400
56.8,-0.6,100,"bu","14:00:27",619000
56.8,-0.6,100,"bu","14:00:22",618900
56.8,-0.6,200,"bu","14:00:09",618800
56.8,-0.6,100,"bu","13:59:41",618600
56.8,-0.6,100,"bu","13:59:29",618500
56.8,-0.6,300,"bu","13:59:09",618400
56.8,-0.6,1700,"bu","13:59:04",618100
56.8,-0.6,100,"bu","13:58:55",616400
56.8,-0.6,200,"bu","13:58:25",616300
56.6,-0.8,400,"sd","13:54:42",616100
56.7,-0.7,2600,"sd","13:54:42",615700
56.8,-0.6,500,"bu","13:54:32",613100
56.8,-0.6,100,"bu","13:54:13",612600
56.8,-0.6,3000,"bu","13:53:40",612500
56.8,-0.6,4100,"bu","13:53:08",609500
56.8,-0.6,1000,"bu","13:53:00",605400
56.5,-0.9,3100,"sd","13:52:29",604400
56.6,-0.8,7100,"sd","13:52:29",601300
56.8,-0.6,200,"bu","13:52:16",594200
56.5,-0.9,300,"bu","13:51:35",594000
56.5,-0.9,100,"bu","13:51:34",593700
56.5,-0.9,100,"bu","13:51:32",593600
56.5,-0.9,100,"bu","13:51:29",593500
56.5,-0.9,100,"bu","13:51:24",593400
56.5,-0.9,2000,"bu","13:51:15",593300
56.4,-1,1500,"sd","13:51:11",591300
56.5,-0.9,100,"bu","13:51:10",589800
56.5,-0.9,900,"bu","13:51:08",589700
56.4,-1,400,"sd","13:51:01",588800
56.4,-1,2000,"sd","13:50:52",588400
56.4,-1,500,"sd","13:50:48",586400
56.4,-1,100,"sd","13:50:47",585900
56.5,-0.9,500,"bu","13:50:44",585800
56.5,-0.9,1000,"bu","13:50:36",585300
56.5,-0.9,1300,"bu","13:50:29",584300
56.5,-0.9,100,"bu","13:50:27",583000
56.5,-0.9,3000,"bu","13:50:20",582900
56.5,-0.9,100,"bu","13:50:19",579900
56.5,-0.9,500,"bu","13:49:37",579800
56.5,-0.9,100,"bu","13:49:36",579300
56.5,-0.9,500,"bu","13:49:32",579200
56.5,-0.9,5200,"bu","13:49:27",578700
56.5,-0.9,26700,"sd","13:49:17",573500
56.6,-0.8,11400,"sd","13:49:17",546800
56.6,-0.8,3400,"sd","13:48:28",535400
56.6,-0.8,19600,"sd","13:48:28",532000
56.7,-0.7,21400,"sd","13:48:28",512400
56.8,-0.6,1600,"sd","13:48:28",491000
56.8,-0.6,400,"sd","13:48:11",489400
56.8,-0.6,3000,"sd","13:48:03",489000
56.8,-0.6,8000,"sd","13:47:50",486000
56.8,-0.6,200,"sd","13:47:46",478000
56.8,-0.6,500,"sd","13:45:25",477800
56.8,-0.6,700,"sd","13:43:52",477300
56.8,-0.6,400,"sd","13:43:34",476600
56.8,-0.6,1000,"sd","13:43:07",476200
56.8,-0.6,1000,"sd","13:42:42",475200
56.8,-0.6,800,"sd","13:42:26",474200
56.8,-0.6,200,"sd","13:42:03",473400
56.8,-0.6,100,"sd","13:41:41",473200
56.8,-0.6,200,"sd","13:41:22",473100
56.8,-0.6,8100,"sd","13:41:18",472900
56.8,-0.6,100,"sd","13:41:02",464800
56.8,-0.6,5000,"sd","13:38:51",464700
56.8,-0.6,2600,"sd","13:38:35",459700
56.8,-0.6,8000,"sd","13:37:58",457100
56.9,-0.5,100,"bu","13:37:50",449100
56.9,-0.5,100,"bu","13:37:17",449000
56.9,-0.5,1000,"bu","13:37:01",448900
56.9,-0.5,400,"bu","13:36:58",447900
56.9,-0.5,3000,"sd","13:36:53",447500
56.9,-0.5,1000,"sd","13:36:02",444500
57,-0.4,900,"bu","13:35:22",443500
57,-0.4,1000,"bu","13:34:08",442600
57,-0.4,100,"bu","13:33:47",441600
57,-0.4,900,"sd","13:33:37",441500
57,-0.4,2000,"sd","13:33:28",440600
57,-0.4,17100,"bu","13:32:27",438600
57,-0.4,1100,"bu","13:32:18",421500
57,-0.4,100,"bu","13:32:15",420400
57,-0.4,500,"bu","13:32:12",420300
57,-0.4,1000,"bu","13:32:10",419800
57,-0.4,5000,"bu","13:31:45",418800
56.8,-0.6,500,"sd","13:31:29",413800
56.8,-0.6,400,"sd","13:30:56",413300
57,-0.4,500,"bu","13:30:01",412900
56.8,-0.6,400,"bu","13:29:46",412400
56.7,-0.7,100,"sd","13:29:28",412000
56.8,-0.6,500,"bu","13:29:19",411900
56.8,-0.6,14800,"sd","13:29:01",411400
56.9,-0.5,9300,"sd","13:29:01",396600
57,-0.4,100,"bu","13:28:48",387300
56.9,-0.5,1000,"sd","13:26:13",387200
57,-0.4,100,"bu","13:25:59",386200
56.9,-0.5,100,"bu","13:25:53",386100
56.8,-0.6,2000,"sd","13:24:30",386000
56.9,-0.5,500,"sd","13:23:51",384000
56.9,-0.5,2500,"bu","13:23:50",383500
56.7,-0.7,3100,"sd","13:23:27",381000
56.8,-0.6,1900,"sd","13:23:04",377900
56.8,-0.6,1200,"sd","13:22:58",376000
56.9,-0.5,100,"bu","13:22:33",374800
56.9,-0.5,200,"bu","13:22:03",374700
56.9,-0.5,500,"sd","13:21:55",374500
56.9,-0.5,5700,"bu","13:21:37",374000
56.9,-0.5,300,"bu","13:21:31",368300
57,-0.4,10000,"bu","13:20:43",368000
57,-0.4,2100,"bu","13:20:35",358000
56.9,-0.5,900,"bu","13:20:35",355900
56.9,-0.5,1500,"bu","13:19:58",355000
56.7,-0.7,1000,"sd","13:19:45",353500
56.9,-0.5,700,"bu","13:19:11",352500
56.7,-0.7,2900,"sd","13:18:55",351800
56.8,-0.6,300,"sd","13:18:37",348900
56.8,-0.6,200,"sd","13:18:09",348600
56.8,-0.6,300,"bu","13:17:51",348400
56.8,-0.6,1000,"bu","13:17:45",348100
56.8,-0.6,500,"bu","13:17:26",347100
56.8,-0.6,200,"bu","13:17:16",346600
56.8,-0.6,100,"bu","13:16:56",346400
56.8,-0.6,100,"bu","13:16:52",346300
56.8,-0.6,4800,"sd","13:15:49",346200
56.9,-0.5,200,"bu","13:15:49",341400
56.9,-0.5,100,"bu","13:14:36",341200
56.8,-0.6,500,"sd","13:14:02",341100
56.8,-0.6,2000,"sd","13:13:34",340600
56.8,-0.6,1200,"sd","13:12:20",338600
56.7,-0.7,3000,"sd","13:11:06",337400
56.8,-0.6,100,"bu","13:10:59",334400
56.8,-0.6,900,"sd","13:10:33",334300
56.8,-0.6,13000,"sd","13:10:27",333400
56.8,-0.6,400,"sd","13:10:13",320400
56.9,-0.5,200,"bu","13:09:20",320000
56.9,-0.5,100,"bu","13:09:18",319800
56.9,-0.5,200,"bu","13:09:07",319700
56.9,-0.5,100,"bu","13:08:59",319500
56.9,-0.5,100,"sd","13:08:47",319400
56.9,-0.5,500,"sd","13:08:16",319300
56.8,-0.6,3100,"bu","13:06:57",318800
56.7,-0.7,200,"sd","13:05:37",315700
56.8,-0.6,600,"bu","13:05:09",315500
56.7,-0.7,1000,"sd","13:05:07",314900
56.7,-0.7,500,"sd","13:04:40",313900
56.8,-0.6,1300,"sd","13:04:27",313400
56.8,-0.6,8500,"sd","13:03:41",312100
56.9,-0.5,2600,"sd","13:03:41",303600
56.9,-0.5,500,"sd","13:03:25",301000
56.9,-0.5,1000,"sd","13:03:11",300500
56.9,-0.5,200,"bu","13:02:13",299500
56.8,-0.6,100,"sd","13:01:33",299300
56.9,-0.5,1700,"sd","13:00:55",299200
56.9,-0.5,500,"sd","13:00:46",297500
56.9,-0.5,100,"sd","13:00:41",297000
56.9,-0.5,5000,"sd","13:00:27",296900
56.9,-0.5,500,"sd","13:00:24",291900
56.9,-0.5,200,"sd","13:00:23",291400
56.9,-0.5,100,"sd","13:00:22",291200
56.9,-0.5,1100,"sd","13:00:13",291100
56.9,-0.5,600,"sd","13:00:11",290000
56.9,-0.5,300,"sd","13:00:10",289400
56.9,-0.5,200,"sd","13:00:07",289100
56.9,-0.5,1800,"sd","13:00:04",288900
56.9,-0.5,200,"sd","13:00:03",287100
56.9,-0.5,100,"sd","13:00:01",286900
56.9,-0.5,500,"sd","11:29:53",286800
56.9,-0.5,500,"sd","11:26:26",286300
56.9,-0.5,2000,"sd","11:20:33",285800
56.9,-0.5,500,"sd","11:18:41",283800
56.9,-0.5,200,"sd","11:18:02",283300
56.9,-0.5,100,"sd","11:17:35",283100
56.9,-0.5,500,"sd","11:16:32",283000
56.9,-0.5,1000,"sd","11:14:52",282500
57,-0.4,3000,"bu","11:14:42",281500
57,-0.4,3300,"bu","11:14:02",278500
57,-0.4,1700,"bu","11:14:01",275200
57,-0.4,1000,"bu","11:12:34",273500
57,-0.4,100,"bu","11:10:43",272500
57,-0.4,800,"bu","11:09:31",272400
57,-0.4,100,"bu","11:09:00",271600
57,-0.4,100,"bu","11:07:44",271500
57,-0.4,800,"bu","11:07:21",271400
56.9,-0.5,200,"bu","11:05:15",270600
56.9,-0.5,800,"sd","11:03:19",270400
56.9,-0.5,100,"sd","11:03:05",269600
56.9,-0.5,8700,"bu","11:01:52",269500
56.8,-0.6,1900,"bu","11:01:13",260800
56.8,-0.6,200,"bu","11:00:56",258900
56.8,-0.6,100,"bu","11:00:42",258700
56.8,-0.6,100,"bu","11:00:32",258600
56.8,-0.6,700,"sd","10:59:53",258500
56.8,-0.6,200,"bu","10:59:45",257800
56.8,-0.6,900,"sd","10:58:57",257600
56.8,-0.6,200,"sd","10:58:45",256700
56.8,-0.6,900,"bu","10:58:34",256500
56.8,-0.6,14700,"sd","10:57:58",255600
56.9,-0.5,100,"sd","10:55:11",240900
56.9,-0.5,1200,"sd","10:55:09",240800
56.9,-0.5,700,"sd","10:55:05",239600
56.9,-0.5,5000,"sd","10:54:51",238900
56.9,-0.5,200,"sd","10:54:26",233900
56.9,-0.5,1800,"sd","10:54:16",233700
56.9,-0.5,3500,"bu","10:54:03",231900
56.9,-0.5,100,"bu","10:54:00",228400
56.9,-0.5,500,"bu","10:52:39",228300
56.9,-0.5,100,"bu","10:52:17",227800
56.9,-0.5,1000,"bu","10:51:24",227700
56.8,-0.6,200,"sd","10:51:16",226700
56.9,-0.5,600,"sd","10:48:44",226500
56.9,-0.5,2400,"bu","10:48:37",225900
56.9,-0.5,2000,"sd","10:46:28",223500
56.9,-0.5,1000,"sd","10:45:38",221500
56.9,-0.5,100,"sd","10:45:28",220500
56.9,-0.5,400,"bu","10:45:21",220400
56.8,-0.6,1600,"sd","10:45:07",220000
56.8,-0.6,200,"sd","10:45:02",218400
56.8,-0.6,500,"sd","10:44:24",218200
56.8,-0.6,1000,"sd","10:43:33",217700
56.8,-0.6,100,"sd","10:42:33",216700
56.8,-0.6,1000,"sd","10:41:54",216600
56.8,-0.6,500,"sd","10:40:58",215600
56.8,-0.6,1000,"sd","10:40:54",215100
56.8,-0.6,100,"sd","10:40:16",214100
56.9,-0.5,400,"bu","10:38:32",214000
56.9,-0.5,200,"sd","10:38:24",213600
56.9,-0.5,200,"bu","10:37:14",213400
56.9,-0.5,100,"sd","10:37:01",213200
56.9,-0.5,2500,"sd","10:36:34",213100
56.9,-0.5,3000,"sd","10:36:02",210600
56.9,-0.5,300,"sd","10:34:20",207600
56.9,-0.5,500,"sd","10:33:41",207300
57,-0.4,2000,"bu","10:33:15",206800
56.9,-0.5,100,"sd","10:33:11",204800
56.9,-0.5,1000,"sd","10:32:20",204700
57,-0.4,200,"bu","10:31:14",203700
57,-0.4,100,"bu","10:31:12",203500
57,-0.4,100,"bu","10:29:16",203400
56.8,-0.6,200,"sd","10:29:14",203300
56.9,-0.5,200,"sd","10:28:49",203100
56.8,-0.6,600,"sd","10:27:26",202900
56.9,-0.5,400,"sd","10:27:26",202300
56.9,-0.5,100,"bu","10:27:13",201900
56.8,-0.6,2000,"sd","10:27:05",201800
56.9,-0.5,4900,"sd","10:25:36",199800
56.9,-0.5,1500,"bu","10:25:02",194900
56.9,-0.5,100,"bu","10:24:24",193400
56.9,-0.5,400,"sd","10:24:03",193300
56.9,-0.5,1000,"sd","10:24:03",192900
56.9,-0.5,100,"bu","10:23:40",191900
56.9,-0.5,900,"sd","10:23:39",191800
56.9,-0.5,100,"bu","10:23:21",190900
57,-0.4,3000,"bu","10:20:54",190800
57,-0.4,200,"bu","10:19:53",187800
56.9,-0.5,200,"bu","10:19:53",187600
56.9,-0.5,300,"sd","10:19:21",187400
56.9,-0.5,200,"bu","10:18:36",187100
56.9,-0.5,200,"bu","10:17:04",186900
56.9,-0.5,100,"bu","10:16:06",186700
56.8,-0.6,200,"sd","10:15:37",186600
56.8,-0.6,3600,"sd","10:15:23",186400
56.9,-0.5,200,"bu","10:15:03",182800
56.8,-0.6,200,"sd","10:13:54",182600
56.9,-0.5,300,"bu","10:12:48",182400
56.8,-0.6,200,"sd","10:12:43",182100
56.8,-0.6,200,"sd","10:12:19",181900
56.8,-0.6,500,"sd","10:11:22",181700
56.8,-0.6,1200,"bu","10:10:46",181200
56.8,-0.6,3000,"bu","10:10:30",180000
56.8,-0.6,200,"bu","10:10:06",177000
56.8,-0.6,300,"bu","10:09:47",176800
56.8,-0.6,500,"sd","10:09:31",176500
56.8,-0.6,7400,"sd","10:08:36",176000
56.8,-0.6,500,"sd","10:08:15",168600
56.8,-0.6,500,"sd","10:08:14",168100
56.8,-0.6,100,"sd","10:08:07",167600
56.8,-0.6,200,"sd","10:07:52",167500
56.9,-0.5,3000,"bu","10:07:16",167300
56.9,-0.5,100,"bu","10:07:08",164300
56.9,-0.5,1000,"bu","10:06:30",164200
56.9,-0.5,2200,"sd","10:06:29",163200
56.9,-0.5,400,"bu","10:05:41",161000
56.9,-0.5,100,"bu","10:05:15",160600
56.9,-0.5,900,"sd","10:04:41",160500
56.9,-0.5,200,"sd","10:04:40",159600
56.9,-0.5,2200,"bu","10:03:06",159400
56.9,-0.5,200,"bu","10:02:28",157200
56.9,-0.5,2600,"sd","10:02:24",157000
56.9,-0.5,100,"sd","10:01:59",154400
57,-0.4,1200,"sd","10:00:26",154300
57,-0.4,2500,"sd","10:00:12",153100
57,-0.4,2000,"sd","10:00:10",150600
57,-0.4,100,"sd","09:59:10",148600
57,-0.4,800,"sd","09:58:43",148500
57.1,-0.3,100,"bu","09:58:21",147700
57.1,-0.3,500,"bu","09:58:05",147600
57.1,-0.3,900,"bu","09:56:41",147100
57,-0.4,500,"sd","09:55:32",146200
57,-0.4,3600,"bu","09:55:19",145700
57,-0.4,100,"bu","09:55:15",142100
57,-0.4,6000,"bu","09:55:11",142000
57,-0.4,100,"bu","09:54:22",136000
56.8,-0.6,900,"sd","09:53:38",135900
56.8,-0.6,100,"sd","09:52:46",135000
56.9,-0.5,200,"sd","09:52:46",134900
56.9,-0.5,1300,"bu","09:52:33",134700
56.8,-0.6,100,"sd","09:52:27",133400
56.8,-0.6,1100,"sd","09:51:54",133300
56.9,-0.5,600,"bu","09:51:08",132200
56.9,-0.5,100,"bu","09:49:38",131600
56.8,-0.6,400,"bu","09:48:32",131500
56.8,-0.6,6000,"sd","09:48:11",131100
56.9,-0.5,3600,"sd","09:48:11",125100
57,-0.4,200,"bu","09:47:07",121500
57,-0.4,3000,"bu","09:46:11",121300
57,-0.4,200,"bu","09:45:44",118300
56.9,-0.5,1000,"sd","09:45:39",118100
56.9,-0.5,100,"sd","09:45:38",117100
56.9,-0.5,200,"sd","09:45:21",117000
56.9,-0.5,600,"bu","09:45:06",116800
56.8,-0.6,400,"sd","09:44:58",116200
56.9,-0.5,500,"sd","09:44:32",115800
56.9,-0.5,200,"bu","09:44:08",115300
56.8,-0.6,1000,"sd","09:43:41",115100
56.8,-0.6,100,"sd","09:43:10",114100
56.8,-0.6,700,"bu","09:42:55",114000
56.8,-0.6,1000,"bu","09:42:52",113300
56.8,-0.6,2000,"bu","09:42:49",112300
56.8,-0.6,100,"bu","09:42:42",110300
56.8,-0.6,200,"bu","09:42:39",110200
56.8,-0.6,2000,"bu","09:42:31",110000
56.8,-0.6,100,"bu","09:42:30",108000
56.8,-0.6,6600,"bu","09:42:28",107900
56.8,-0.6,100,"bu","09:42:24",101300
56.8,-0.6,200,"bu","09:42:13",101200
56.8,-0.6,1500,"bu","09:42:01",101000
56.8,-0.6,100,"bu","09:41:46",99500
56.8,-0.6,500,"bu","09:41:39",99400
56.7,-0.7,200,"sd","09:41:34",98900
56.7,-0.7,800,"sd","09:40:26",98700
56.8,-0.6,500,"bu","09:40:22",97900
56.8,-0.6,100,"bu","09:39:46",97400
56.8,-0.6,2000,"bu","09:39:45",97300
56.8,-0.6,100,"bu","09:39:41",95300
56.8,-0.6,3300,"sd","09:39:19",95200
56.8,-0.6,1000,"sd","09:38:32",91900
56.8,-0.6,2900,"sd","09:38:11",90900
56.9,-0.5,2000,"bu","09:38:11",88000
56.9,-0.5,2000,"bu","09:38:06",86000
56.9,-0.5,1000,"sd","09:37:50",84000
56.9,-0.5,6000,"sd","09:37:49",83000
56.9,-0.5,1400,"sd","09:37:28",77000
57,-0.4,100,"bu","09:37:11",75600
57,-0.4,900,"sd","09:37:10",75500
57,-0.4,1000,"sd","09:36:25",74600
57,-0.4,1400,"sd","09:36:21",73600
57,-0.4,11000,"sd","09:35:24",72200
57.1,-0.3,400,"sd","09:35:24",61200
57.1,-0.3,5200,"sd","09:34:52",60800
57.2,-0.2,2800,"sd","09:34:52",55600
57.2,-0.2,100,"sd","09:34:31",52800
57.2,-0.2,1000,"sd","09:34:22",52700
57.3,-0.1,600,"bu","09:33:25",51700
57.3,-0.1,400,"sd","09:33:03",51100
57.3,-0.1,1000,"sd","09:32:57",50700
57.3,-0.1,100,"sd","09:32:53",49700
57.3,-0.1,100,"sd","09:32:43",49600
57.3,-0.1,300,"bu","09:32:06",49500
57.3,-0.1,100,"bu","09:31:51",49200
57.3,-0.1,500,"bu","09:31:39",49100
57.2,-0.2,1000,"sd","09:31:20",48600
57.2,-0.2,1000,"sd","09:30:41",47600
57.2,-0.2,800,"sd","09:30:00",46600
57.2,-0.2,800,"sd","09:29:13",45800
57.3,-0.1,200,"sd","09:29:13",45000
57.3,-0.1,100,"sd","09:29:09",44800
57.3,-0.1,200,"bu","09:28:54",44700
57.4,0,5000,"bu","09:28:31",44500
57.4,0,4200,"bu","09:27:55",39500
57.4,0,800,"bu","09:27:41",35300
57.3,-0.1,200,"bu","09:27:41",34500
57.3,-0.1,100,"bu","09:27:27",34300
57.3,-0.1,800,"sd","09:27:26",34200
57.3,-0.1,100,"sd","09:27:05",33400
57.2,-0.2,600,"bu","09:26:31",33300
57.3,-0.1,200,"sd","09:26:05",32700
57.3,-0.1,500,"bu","09:25:48",32500
57.1,-0.3,200,"sd","09:25:28",32000
57.3,-0.1,500,"bu","09:25:26",31800
57.1,-0.3,900,"sd","09:25:02",31300
57.3,-0.1,500,"bu","09:24:57",30400
56.9,-0.5,1000,"sd","09:23:20",29900
57,-0.4,1000,"sd","09:23:20",28900
56.9,-0.5,1000,"sd","09:22:36",27900
56.9,-0.5,300,"sd","09:22:35",26900
56.9,-0.5,500,"sd","09:21:56",26600
56.9,-0.5,1000,"bu","09:19:55",26100
56.9,-0.5,500,"bu","09:19:40",25100
56.7,-0.7,500,"sd","09:19:33",24600
56.7,-0.7,100,"sd","09:19:32",24100
56.7,-0.7,100,"bu","09:19:31",24000
56.7,-0.7,100,"bu","09:19:26",23900
56.7,-0.7,100,"bu","09:19:12",23800
56.6,-0.8,100,"sd","09:19:11",23700
56.9,-0.5,3000,"bu","09:18:50",23600
56.9,-0.5,200,"bu","09:18:37",20600
56.9,-0.5,200,"bu","09:18:11",20400
56.9,-0.5,1000,"bu","09:18:03",20200
56.9,-0.5,400,"bu","09:17:57",19200
56.9,-0.5,4200,"sd","09:17:29",18800
57,-0.4,300,"sd","09:17:29",14600
57.2,-0.2,200,"sd","09:17:29",14300
57.4,0,2600,"sd","09:17:01",14100
57.4,0,1000,"sd","09:16:55",11500
57.4,0,300,"sd","09:16:54",10500
57.4,0,1000,"sd","09:16:49",10200
57.4,0,500,"sd","09:16:12",9200
57.4,0,1000,"sd","09:15:40",8700
57.5,0.1,100,"bu","09:15:39",7700
57.4,0,400,"sd","09:15:12",7600
57.4,0,7200,"","09:15:01",7200
