"Stockcode","Package","TradingDate","Price","Vol","TotalVol","TotalVal","Change","IsBuy","PerChange"
"AAV",144502,"/Date(1700639100000)/",4400,23300,955123,4177920600,100,false,2.33
"AAV",142840,"/Date(1700638120000)/",4400,1700,931823,4075400600,100,false,2.33
"AAV",142827,"/Date(1700638107000)/",4400,1,930123,4067920600,100,false,2.33
"AAV",142752,"/Date(1700638072000)/",4400,500,930122,4067916100,100,false,2.33
"AAV",142630,"/Date(1700637989000)/",4400,4000,929622,4065716100,100,false,2.33
"AAV",142625,"/Date(1700637984000)/",4300,30000,925622,4048116100,0,true,0
"AAV",142621,"/Date(1700637981000)/",4400,100,895622,3919116100,100,false,2.33
"AAV",142604,"/Date(1700637963000)/",4400,900,895522,3918676100,100,false,2.33
"AAV",142600,"/Date(1700637960000)/",4400,2000,894622,3914716100,100,false,2.33
"AAV",142553,"/Date(1700637953000)/",4400,1000,892622,3905916100,100,false,2.33
"AAV",142537,"/Date(1700637936000)/",4400,100,891622,3901516100,100,false,2.33
"AAV",142503,"/Date(1700637903000)/",4400,100,891522,3901076100,100,false,2.33
"AAV",142455,"/Date(1700637895000)/",4300,100,891422,3900636100,0,true,0
"AAV",142428,"/Date(1700637867000)/",4300,30000,891322,3900206100,0,true,0
"AAV",142345,"/Date(1700637825000)/",4500,100,861322,3771206100,200,false,4.65
"AAV",142342,"/Date(1700637822000)/",4300,30000,861222,3770756100,0,true,0
"AAV",142333,"/Date(1700637813000)/",4400,100,831222,3641716100,100,true,2.33
"AAV",142317,"/Date(1700637797000)/",4300,30000,831122,3641276100,0,true,0
"AAV",142311,"/Date(1700637790000)/",4400,1000,801122,3512276100,100,false,2.33
"AAV",142305,"/Date(1700637785000)/",4300,30000,800122,3507876100,0,true,0
"AAV",142246,"/Date(1700637766000)/",4400,8000,770122,3378876100,100,false,2.33
"AAV",142225,"/Date(1700637745000)/",4400,20000,762122,3343676100,100,false,2.33
"AAV",142154,"/Date(1700637714000)/",4400,100,742122,3255676100,100,false,2.33
"AAV",142142,"/Date(1700637702000)/",4300,100,742022,3255236100,0,true,0
"AAV",142115,"/Date(1700637675000)/",4300,26500,741922,3254806100,0,true,0
"AAV",142000,"/Date(1700637600000)/",4400,500,715422,3140856100,100,false,2.33
"AAV",141915,"/Date(1700637555000)/",4400,100,714922,3138656100,100,false,2.33
"AAV",141834,"/Date(1700637514000)/",4400,100,714822,3138216100,100,false,2.33
"AAV",141824,"/Date(1700637504000)/",4300,100,714722,3137776100,0,true,0
"AAV",140237,"/Date(1700636557000)/",4300,200,714622,3137346100,0,true,0
"AAV",135449,"/Date(1700636089000)/",4300,6000,714422,3136486100,0,true,0
"AAV",135333,"/Date(1700636013000)/",4300,15000,708422,3110686100,0,true,0
"AAV",135305,"/Date(1700635985000)/",4300,30000,693422,3046186100,0,true,0
"AAV",135257,"/Date(1700635977000)/",4300,30000,663422,2917186100,0,true,0
"AAV",135245,"/Date(1700635966000)/",4300,30000,633422,2788186100,0,true,0
"AAV",135226,"/Date(1700635947000)/",4300,30000,603422,2659186100,0,true,0
"AAV",135218,"/Date(1700635937000)/",4300,30000,573422,2530186100,0,true,0
"AAV",135209,"/Date(1700635929000)/",4300,30000,543422,2401186100,0,true,0
"AAV",135200,"/Date(1700635920000)/",4300,30000,513422,2272186100,0,true,0
"AAV",135153,"/Date(1700635912000)/",4300,30000,483422,2143186100,0,true,0
"AAV",135148,"/Date(1700635907000)/",4400,300,453422,2014186100,100,false,2.33
"AAV",135145,"/Date(1700635904000)/",4300,30000,453122,2012866100,0,true,0
"AAV",135015,"/Date(1700635814000)/",4400,1500,423122,1883866100,100,false,2.33
"AAV",135011,"/Date(1700635811000)/",4400,1000,421622,1877266100,100,true,2.33
"AAV",134929,"/Date(1700635769000)/",4400,10000,420622,1872866100,100,true,2.33
"AAV",134907,"/Date(1700635747000)/",4400,20000,410622,1828866100,100,true,2.33
"AAV",133709,"/Date(1700635029000)/",4400,500,390622,1740866100,100,true,2.33
"AAV",133642,"/Date(1700635002000)/",4400,5,390122,1738666100,100,true,2.33
"AAV",133224,"/Date(1700634744000)/",4400,400,390117,1738644100,100,true,2.33
"AAV",133223,"/Date(1700634743000)/",4400,5000,389717,1736884100,100,false,2.33
"AAV",133214,"/Date(1700634734000)/",4400,1000,384717,1714884100,100,false,2.33
"AAV",133130,"/Date(1700634690000)/",4400,2000,383717,1710484100,100,false,2.33
"AAV",133044,"/Date(1700634644000)/",4400,100,381717,1701684100,100,false,2.33
"AAV",133004,"/Date(1700634604000)/",4400,2800,381617,1701244100,100,false,2.33
"AAV",132921,"/Date(1700634561000)/",4400,400,378817,1688924100,100,false,2.33
"AAV",132726,"/Date(1700634446000)/",4300,1000,378417,1687164100,0,true,0
"AAV",132700,"/Date(1700634420000)/",4400,300,377417,1682864100,100,false,2.33
"AAV",132500,"/Date(1700634300000)/",4400,10000,377117,1681544100,100,false,2.33
"AAV",131811,"/Date(1700633891000)/",4400,1,367117,1637544100,100,false,2.33
"AAV",131635,"/Date(1700633795000)/",4400,20,367116,1637539600,100,false,2.33
"AAV",131517,"/Date(1700633718000)/",4400,500,367096,1637451600,100,false,2.33
"AAV",131432,"/Date(1700633673000)/",4400,300,366596,1635251600,100,false,2.33
"AAV",131131,"/Date(1700633491000)/",4400,500,366296,1633931600,100,false,2.33
"AAV",130604,"/Date(1700633164000)/",4400,500,365796,1631731600,100,false,2.33
"AAV",130515,"/Date(1700633115000)/",4400,500,365296,1629531600,100,false,2.33
"AAV",130308,"/Date(1700632988000)/",4400,2600,364796,1627331600,100,false,2.33
"AAV",130258,"/Date(1700632978000)/",4400,2000,362196,1615891600,100,true,2.33
"AAV",130030,"/Date(1700632809000)/",4400,300,360196,1607091600,100,true,2.33
"AAV",130029,"/Date(1700632808000)/",4400,200,359896,1605771600,100,true,2.33
"AAV",130016,"/Date(1700632803000)/",4400,400,359696,1604891600,100,true,2.33
"AAV",112329,"/Date(1700627009000)/",4400,100,359296,1603131600,100,true,2.33
"AAV",111810,"/Date(1700626690000)/",4400,100,359196,1602691600,100,true,2.33
"AAV",111758,"/Date(1700626678000)/",4400,1900,359096,1602251600,100,false,2.33
"AAV",111102,"/Date(1700626262000)/",4500,300,357196,1593891600,200,false,4.65
"AAV",110751,"/Date(1700626071000)/",4400,500,356896,1592541600,100,true,2.33
"AAV",110647,"/Date(1700626007000)/",4400,1000,356396,1590341600,100,true,2.33
"AAV",110530,"/Date(1700625930000)/",4400,15000,355396,1585941600,100,true,2.33
"AAV",105811,"/Date(1700625491000)/",4400,1000,340396,1519941600,100,true,2.33
"AAV",105657,"/Date(1700625417000)/",4400,3900,339396,1515541600,100,true,2.33
"AAV",105645,"/Date(1700625405000)/",4400,1,335496,1498381600,100,true,2.33
"AAV",105639,"/Date(1700625399000)/",4400,20000,335495,1498377200,100,true,2.33
"AAV",105631,"/Date(1700625391000)/",4400,20000,315495,1410377200,100,true,2.33
"AAV",105623,"/Date(1700625383000)/",4400,20000,295495,1322377200,100,true,2.33
"AAV",104225,"/Date(1700624545000)/",4400,1000,275495,1234377200,100,true,2.33
"AAV",104014,"/Date(1700624414000)/",4400,100,274495,1229977200,100,true,2.33
"AAV",103948,"/Date(1700624388000)/",4500,4000,274395,1229537200,200,false,4.65
"AAV",103735,"/Date(1700624255000)/",4500,1000,270395,1211537200,200,true,4.65
"AAV",103716,"/Date(1700624236000)/",4500,2000,269395,1207037200,200,true,4.65
"AAV",103705,"/Date(1700624225000)/",4500,1000,267395,1198037200,200,true,4.65
"AAV",103654,"/Date(1700624214000)/",4500,19000,266395,1193537200,200,true,4.65
"AAV",103627,"/Date(1700624187000)/",4500,10000,247395,1108037200,200,true,4.65
"AAV",103608,"/Date(1700624168000)/",4500,2000,237395,1063037200,200,true,4.65
"AAV",103537,"/Date(1700624137000)/",4500,15000,235395,1054037200,200,true,4.65
"AAV",103256,"/Date(1700623976000)/",4500,2000,220395,986537200,200,true,4.65
"AAV",103038,"/Date(1700623838000)/",4500,2000,218395,977537200,200,true,4.65
"AAV",103018,"/Date(1700623818000)/",4500,17,216395,968537200,200,true,4.65
"AAV",103000,"/Date(1700623800000)/",4500,1200,216378,968460700,200,true,4.65
"AAV",102541,"/Date(1700623541000)/",4500,500,215178,963060700,200,true,4.65
"AAV",101532,"/Date(1700622933000)/",4500,10,214678,960810700,200,true,4.65
"AAV",101202,"/Date(1700622723000)/",4500,5000,214668,960765700,200,true,4.65
"AAV",101116,"/Date(1700622677000)/",4500,1000,209668,938265700,200,true,4.65
"AAV",101035,"/Date(1700622636000)/",4500,1000,208668,933765700,200,true,4.65
"AAV",101027,"/Date(1700622628000)/",4500,5000,207668,929265700,200,true,4.65
"AAV",101007,"/Date(1700622608000)/",4500,1000,202668,906765700,200,true,4.65
"AAV",100828,"/Date(1700622509000)/",4500,115,201668,902265700,200,true,4.65
"AAV",100812,"/Date(1700622493000)/",4500,3,201553,901748200,200,true,4.65
"AAV",100415,"/Date(1700622255000)/",4500,100,201550,901735000,200,true,4.65
"AAV",100324,"/Date(1700622204000)/",4500,5000,201450,901285000,200,true,4.65
"AAV",100300,"/Date(1700622180000)/",4500,100,196450,878785000,200,true,4.65
"AAV",95735,"/Date(1700621855000)/",4600,300,196350,878335000,300,false,6.98
"AAV",95703,"/Date(1700621823000)/",4500,100,196050,876955000,200,true,4.65
"AAV",95658,"/Date(1700621818000)/",4500,100,195950,876505000,200,true,4.65
"AAV",95628,"/Date(1700621788000)/",4500,5000,195850,876055000,200,true,4.65
"AAV",95619,"/Date(1700621779000)/",4500,300,190850,853555000,200,true,4.65
"AAV",95528,"/Date(1700621728000)/",4500,1000,190550,852205000,200,true,4.65
"AAV",95514,"/Date(1700621714000)/",4500,100,189550,847705000,200,true,4.65
"AAV",95453,"/Date(1700621693000)/",4500,50,189450,847255000,200,true,4.65
"AAV",95439,"/Date(1700621679000)/",4500,500,189400,847030000,200,true,4.65
"AAV",95329,"/Date(1700621609000)/",4500,2000,188900,844780000,200,true,4.65
"AAV",95240,"/Date(1700621560000)/",4500,200,186900,835780000,200,true,4.65
"AAV",95239,"/Date(1700621559000)/",4500,1000,186700,834880000,200,false,4.65
"AAV",95145,"/Date(1700621505000)/",4500,100,185700,830380000,200,false,4.65
"AAV",95123,"/Date(1700621483000)/",4500,300,185600,829930000,200,false,4.65
"AAV",95119,"/Date(1700621479000)/",4500,100,185300,828580000,200,true,4.65
"AAV",95110,"/Date(1700621470000)/",4500,500,185200,828130000,200,true,4.65
"AAV",95023,"/Date(1700621423000)/",4500,9200,184700,825880000,200,false,4.65
"AAV",95014,"/Date(1700621414000)/",4500,40000,175500,784480000,200,false,4.65
"AAV",94708,"/Date(1700621228000)/",4500,9300,135500,604480000,200,false,4.65
"AAV",94634,"/Date(1700621194000)/",4500,1000,126200,562630000,200,false,4.65
"AAV",94611,"/Date(1700621171000)/",4500,100,125200,558130000,200,false,4.65
"AAV",94603,"/Date(1700621163000)/",4500,500,125100,557680000,200,false,4.65
"AAV",94600,"/Date(1700621160000)/",4500,10000,124600,555430000,200,false,4.65
"AAV",94545,"/Date(1700621145000)/",4500,20000,114600,510430000,200,false,4.65
"AAV",93902,"/Date(1700620742000)/",4500,4200,94600,420430000,200,false,4.65
"AAV",93900,"/Date(1700620741000)/",4500,37700,90400,401530000,200,false,4.65
"AAV",93450,"/Date(1700620491000)/",4400,23400,52700,231880000,100,false,2.33
"AAV",93333,"/Date(1700620414000)/",4400,200,29300,128920000,100,false,2.33
"AAV",93125,"/Date(1700620286000)/",4400,1000,29100,128040000,100,false,2.33
"AAV",93054,"/Date(1700620254000)/",4400,10000,28100,123640000,100,false,2.33
"AAV",91744,"/Date(1700619464000)/",4400,2500,18100,79640000,100,false,2.33
"AAV",91532,"/Date(1700619332000)/",4400,1500,15600,68640000,100,false,2.33
"AAV",91527,"/Date(1700619327000)/",4400,2000,14100,62040000,100,false,2.33
"AAV",90921,"/Date(1700618962000)/",4400,100,12100,53240000,100,false,2.33
"AAV",90905,"/Date(1700618946000)/",4400,1000,12000,52800000,100,false,2.33
"AAV",90814,"/Date(1700618895000)/",4400,11000,11000,48400000,100,false,2.33
