"Stockcode","Package","TradingDate","Price","Vol","TotalVol","TotalVal","Change","IsBuy","PerChange"
"FPT",144427,"/Date(1700639104000)/",93000,201300,3271700,303189000000,1100,false,1.2
"FPT",142920,"/Date(1700638195000)/",92700,1000,3070400,284468000000,800,true,0.87
"FPT",142917,"/Date(1700638192000)/",92800,3100,3069400,284376000000,900,false,0.98
"FPT",142917,"/Date(1700638192000)/",92800,1000,3066300,284088000000,900,false,0.98
"FPT",142917,"/Date(1700638192000)/",92800,200,3065300,283995000000,900,false,0.98
"FPT",142917,"/Date(1700638192000)/",92800,100,3065100,283977000000,900,false,0.98
"FPT",142917,"/Date(1700638192000)/",92800,600,3065000,283967000000,900,false,0.98
"FPT",142917,"/Date(1700638192000)/",92700,200,3064400,283912000000,800,true,0.87
"FPT",142904,"/Date(1700638179000)/",92800,1000,3064200,283893000000,900,false,0.98
"FPT",142854,"/Date(1700638170000)/",92800,100,3063200,283800000000,900,false,0.98
"FPT",142851,"/Date(1700638168000)/",92700,100,3063100,283791000000,800,true,0.87
"FPT",142848,"/Date(1700638165000)/",92700,100,3063000,283782000000,800,true,0.87
"FPT",142848,"/Date(1700638162000)/",92800,1300,3062900,283773000000,900,false,0.98
"FPT",142848,"/Date(1700638162000)/",92800,200,3061600,283652000000,900,false,0.98
"FPT",142848,"/Date(1700638162000)/",92800,100,3061400,283633000000,900,false,0.98
"FPT",142848,"/Date(1700638162000)/",92800,1000,3061300,283624000000,900,false,0.98
"FPT",142848,"/Date(1700638162000)/",92800,100,3060300,283531000000,900,false,0.98
"FPT",142848,"/Date(1700638162000)/",92800,6300,3060200,283522000000,900,false,0.98
"FPT",142813,"/Date(1700638128000)/",92800,100,3053900,282937000000,900,false,0.98
"FPT",142810,"/Date(1700638125000)/",92700,200,3053800,282928000000,800,true,0.87
"FPT",142803,"/Date(1700638120000)/",92800,100,3053600,282910000000,900,false,0.98
"FPT",142750,"/Date(1700638107000)/",92700,800,3053500,282900000000,800,true,0.87
"FPT",142747,"/Date(1700638104000)/",92800,500,3052700,282826000000,900,false,0.98
"FPT",142725,"/Date(1700638080000)/",92800,1200,3052200,282780000000,900,false,0.98
"FPT",142702,"/Date(1700638057000)/",92800,5400,3051000,282668000000,900,false,0.98
"FPT",142653,"/Date(1700638048000)/",92800,100,3045600,282167000000,900,false,0.98
"FPT",142650,"/Date(1700638044000)/",92800,100,3045500,282158000000,900,false,0.98
"FPT",142627,"/Date(1700638023000)/",92800,5400,3045400,282149000000,900,false,0.98
"FPT",142624,"/Date(1700638018000)/",92800,100,3040000,281648000000,900,true,0.98
"FPT",142624,"/Date(1700638018000)/",92800,12400,3039900,281638000000,900,true,0.98
"FPT",142624,"/Date(1700638018000)/",92800,100,3027500,280488000000,900,true,0.98
"FPT",142624,"/Date(1700638018000)/",92800,1200,3027400,280478000000,900,true,0.98
"FPT",142614,"/Date(1700638010000)/",92800,500,3026200,280367000000,900,true,0.98
"FPT",142611,"/Date(1700638007000)/",92900,100,3025700,280321000000,1000,false,1.09
"FPT",142611,"/Date(1700638007000)/",92900,100,3025600,280311000000,1000,false,1.09
"FPT",142611,"/Date(1700638007000)/",92900,300,3025500,280302000000,1000,false,1.09
"FPT",142608,"/Date(1700638005000)/",92900,300,3025200,280274000000,1000,false,1.09
"FPT",142608,"/Date(1700638004000)/",92900,500,3024900,280246000000,1000,false,1.09
"FPT",142602,"/Date(1700637998000)/",92800,1000,3024400,280200000000,900,true,0.98
"FPT",142558,"/Date(1700637993000)/",92800,200,3023400,280107000000,900,true,0.98
"FPT",142536,"/Date(1700637973000)/",92900,3900,3023200,280088000000,1000,false,1.09
"FPT",142536,"/Date(1700637973000)/",92900,100,3019300,279726000000,1000,false,1.09
"FPT",142536,"/Date(1700637973000)/",92900,100,3019200,279717000000,1000,false,1.09
"FPT",142536,"/Date(1700637973000)/",92900,500,3019100,279708000000,1000,false,1.09
"FPT",142536,"/Date(1700637973000)/",92900,500,3018600,279661000000,1000,false,1.09
"FPT",142536,"/Date(1700637973000)/",92900,100,3018100,279615000000,1000,false,1.09
"FPT",142536,"/Date(1700637973000)/",92900,200,3018000,279605000000,1000,false,1.09
"FPT",142536,"/Date(1700637971000)/",92800,100,3017800,279587000000,900,true,0.98
"FPT",142536,"/Date(1700637971000)/",92800,500,3017700,279577000000,900,true,0.98
"FPT",142530,"/Date(1700637965000)/",92900,100,3017200,279531000000,1000,false,1.09
"FPT",142517,"/Date(1700637954000)/",92900,4200,3017100,279522000000,1000,false,1.09
"FPT",142517,"/Date(1700637953000)/",92900,500,3012900,279132000000,1000,false,1.09
"FPT",142517,"/Date(1700637953000)/",92900,100,3012400,279085000000,1000,false,1.09
"FPT",142517,"/Date(1700637953000)/",92900,4800,3012300,279076000000,1000,false,1.09
"FPT",142507,"/Date(1700637944000)/",92900,400,3007500,278630000000,1000,false,1.09
"FPT",142507,"/Date(1700637944000)/",92800,600,3007100,278593000000,900,false,0.98
"FPT",142507,"/Date(1700637943000)/",92800,400,3006500,278537000000,900,false,0.98
"FPT",142458,"/Date(1700637934000)/",92900,4800,3006100,278500000000,1000,false,1.09
"FPT",142458,"/Date(1700637934000)/",92800,500,3001300,278054000000,900,false,0.98
"FPT",142458,"/Date(1700637934000)/",92800,100,3000800,278008000000,900,false,0.98
"FPT",142451,"/Date(1700637926000)/",92800,100,3000700,277998000000,900,false,0.98
"FPT",142451,"/Date(1700637926000)/",92800,300,3000600,277989000000,900,false,0.98
"FPT",142451,"/Date(1700637926000)/",92800,100,3000300,277961000000,900,false,0.98
"FPT",142451,"/Date(1700637926000)/",92800,500,3000200,277952000000,900,false,0.98
"FPT",142445,"/Date(1700637921000)/",92800,100,2999700,277906000000,900,false,0.98
"FPT",142435,"/Date(1700637911000)/",92800,400,2999600,277896000000,900,true,0.98
"FPT",142419,"/Date(1700637895000)/",92800,100,2999200,277859000000,900,false,0.98
"FPT",142403,"/Date(1700637877000)/",92800,100,2999100,277850000000,900,false,0.98
"FPT",142354,"/Date(1700637871000)/",92800,500,2999000,277841000000,900,true,0.98
"FPT",142354,"/Date(1700637871000)/",92800,2200,2998500,277794000000,900,true,0.98
"FPT",142354,"/Date(1700637871000)/",92800,2100,2996300,277590000000,900,true,0.98
"FPT",142354,"/Date(1700637870000)/",92800,2000,2994200,277395000000,900,true,0.98
"FPT",142354,"/Date(1700637868000)/",92800,1000,2992200,277210000000,900,true,0.98
"FPT",142316,"/Date(1700637831000)/",92800,1000,2991200,277117000000,900,true,0.98
"FPT",142253,"/Date(1700637809000)/",92800,100,2990200,277024000000,900,true,0.98
"FPT",142247,"/Date(1700637803000)/",92800,1000,2990100,277015000000,900,true,0.98
"FPT",142234,"/Date(1700637790000)/",92800,100,2989100,276922000000,900,false,0.98
"FPT",142234,"/Date(1700637790000)/",92800,100,2989000,276913000000,900,false,0.98
"FPT",142234,"/Date(1700637790000)/",92800,100,2988900,276903000000,900,false,0.98
"FPT",142234,"/Date(1700637790000)/",92800,500,2988800,276894000000,900,false,0.98
"FPT",142234,"/Date(1700637790000)/",92800,1200,2988300,276848000000,900,false,0.98
"FPT",142234,"/Date(1700637790000)/",92800,100,2987100,276736000000,900,false,0.98
"FPT",142234,"/Date(1700637790000)/",92800,200,2987000,276727000000,900,false,0.98
"FPT",142234,"/Date(1700637790000)/",92800,400,2986800,276708000000,900,false,0.98
"FPT",142234,"/Date(1700637790000)/",92800,100,2986400,276671000000,900,false,0.98
"FPT",142224,"/Date(1700637780000)/",92800,100,2986300,276662000000,900,false,0.98
"FPT",142224,"/Date(1700637780000)/",92800,300,2986200,276653000000,900,false,0.98
"FPT",142224,"/Date(1700637780000)/",92800,200,2985900,276625000000,900,false,0.98
"FPT",142224,"/Date(1700637780000)/",92800,100,2985700,276606000000,900,false,0.98
"FPT",142224,"/Date(1700637780000)/",92800,100,2985600,276597000000,900,false,0.98
"FPT",142224,"/Date(1700637780000)/",92800,500,2985500,276588000000,900,false,0.98
"FPT",142224,"/Date(1700637780000)/",92800,300,2985000,276541000000,900,false,0.98
"FPT",142224,"/Date(1700637780000)/",92800,100,2984700,276514000000,900,false,0.98
"FPT",142224,"/Date(1700637780000)/",92800,1300,2984600,276504000000,900,false,0.98
"FPT",142221,"/Date(1700637775000)/",92800,7900,2983300,276384000000,900,false,0.98
"FPT",142218,"/Date(1700637775000)/",92800,200,2975400,275651000000,900,false,0.98
"FPT",142212,"/Date(1700637767000)/",92800,600,2975200,275632000000,900,false,0.98
"FPT",142208,"/Date(1700637763000)/",92800,5400,2974600,275576000000,900,false,0.98
"FPT",142159,"/Date(1700637753000)/",92800,400,2969200,275075000000,900,false,0.98
"FPT",142156,"/Date(1700637749000)/",92800,2000,2968800,275038000000,900,false,0.98
"FPT",142156,"/Date(1700637749000)/",92800,2200,2966800,274852000000,900,false,0.98
"FPT",142156,"/Date(1700637749000)/",92800,3200,2964600,274648000000,900,false,0.98
"FPT",142152,"/Date(1700637747000)/",92800,3900,2961400,274351000000,900,false,0.98
"FPT",142140,"/Date(1700637734000)/",92800,2900,2957500,273989000000,900,false,0.98
"FPT",142140,"/Date(1700637734000)/",92800,300,2954600,273720000000,900,false,0.98
"FPT",142140,"/Date(1700637734000)/",92800,100,2954300,273692000000,900,false,0.98
"FPT",142140,"/Date(1700637734000)/",92800,100,2954200,273683000000,900,false,0.98
"FPT",142140,"/Date(1700637734000)/",92800,1000,2954100,273674000000,900,false,0.98
"FPT",142140,"/Date(1700637734000)/",92800,1000,2953100,273581000000,900,false,0.98
"FPT",142127,"/Date(1700637723000)/",92800,3300,2952100,273488000000,900,false,0.98
"FPT",142127,"/Date(1700637723000)/",92800,200,2948800,273182000000,900,false,0.98
"FPT",142032,"/Date(1700637669000)/",92800,100,2948600,273163000000,900,false,0.98
"FPT",142029,"/Date(1700637663000)/",92700,500,2948500,273154000000,800,true,0.87
"FPT",142023,"/Date(1700637656000)/",92700,100,2948000,273108000000,800,true,0.87
"FPT",142010,"/Date(1700637644000)/",92700,4900,2947900,273099000000,800,true,0.87
"FPT",141948,"/Date(1700637621000)/",92700,100,2943000,272644000000,800,false,0.87
"FPT",141948,"/Date(1700637621000)/",92700,100,2942900,272635000000,800,false,0.87
"FPT",141948,"/Date(1700637621000)/",92700,1000,2942800,272626000000,800,false,0.87
"FPT",141948,"/Date(1700637621000)/",92700,1000,2941800,272533000000,800,false,0.87
"FPT",141948,"/Date(1700637621000)/",92700,100,2940800,272440000000,800,false,0.87
"FPT",141948,"/Date(1700637621000)/",92700,100,2940700,272431000000,800,false,0.87
"FPT",141948,"/Date(1700637621000)/",92700,2000,2940600,272422000000,800,false,0.87
"FPT",141948,"/Date(1700637621000)/",92700,500,2938600,272236000000,800,false,0.87
"FPT",141948,"/Date(1700637621000)/",92700,2000,2938100,272190000000,800,false,0.87
"FPT",141948,"/Date(1700637621000)/",92700,200,2936100,272005000000,800,false,0.87
"FPT",141948,"/Date(1700637621000)/",92700,3000,2935900,271986000000,800,false,0.87
"FPT",141948,"/Date(1700637621000)/",92700,100,2932900,271708000000,800,false,0.87
"FPT",141948,"/Date(1700637621000)/",92700,100,2932800,271699000000,800,false,0.87
"FPT",141948,"/Date(1700637621000)/",92700,5300,2932700,271690000000,800,false,0.87
"FPT",141948,"/Date(1700637621000)/",92700,9000,2927400,271198000000,800,false,0.87
"FPT",141941,"/Date(1700637616000)/",92700,1000,2918400,270364000000,800,false,0.87
"FPT",141941,"/Date(1700637616000)/",92700,10000,2917400,270271000000,800,false,0.87
"FPT",141941,"/Date(1700637616000)/",92700,10000,2907400,269344000000,800,false,0.87
"FPT",141941,"/Date(1700637616000)/",92700,6000,2897400,268417000000,800,false,0.87
"FPT",141941,"/Date(1700637616000)/",92700,100,2891400,267861000000,800,false,0.87
"FPT",141941,"/Date(1700637616000)/",92700,1000,2891300,267852000000,800,false,0.87
"FPT",141941,"/Date(1700637616000)/",92700,800,2890300,267759000000,800,false,0.87
"FPT",141941,"/Date(1700637616000)/",92600,100,2889500,267685000000,700,false,0.76
"FPT",141941,"/Date(1700637616000)/",92600,11000,2889400,267676000000,700,false,0.76
"FPT",141909,"/Date(1700637585000)/",92600,100,2878400,266657000000,700,false,0.76
"FPT",141900,"/Date(1700637574000)/",92600,400,2878300,266648000000,700,true,0.76
"FPT",141900,"/Date(1700637574000)/",92600,100,2877900,266611000000,700,true,0.76
"FPT",141900,"/Date(1700637574000)/",92600,1000,2877800,266601000000,700,true,0.76
"FPT",141900,"/Date(1700637574000)/",92600,900,2876800,266509000000,700,true,0.76
"FPT",141857,"/Date(1700637572000)/",92600,500,2875900,266426000000,700,true,0.76
"FPT",141850,"/Date(1700637567000)/",92600,1000,2875400,266379000000,700,true,0.76
"FPT",141841,"/Date(1700637556000)/",92600,300,2874400,266287000000,700,true,0.76
"FPT",141828,"/Date(1700637541000)/",92600,800,2874100,266259000000,700,true,0.76
"FPT",141806,"/Date(1700637520000)/",92600,400,2873300,266185000000,700,true,0.76
"FPT",141753,"/Date(1700637508000)/",92600,100,2872900,266148000000,700,true,0.76
"FPT",141750,"/Date(1700637506000)/",92700,100,2872800,266138000000,800,false,0.87
"FPT",141740,"/Date(1700637495000)/",92600,100,2872700,266129000000,700,true,0.76
"FPT",141727,"/Date(1700637481000)/",92700,100,2872600,266120000000,800,false,0.87
"FPT",141714,"/Date(1700637469000)/",92600,1000,2872500,266111000000,700,true,0.76
"FPT",141714,"/Date(1700637469000)/",92600,100,2871500,266018000000,700,true,0.76
"FPT",141714,"/Date(1700637469000)/",92600,300,2871400,266009000000,700,true,0.76
"FPT",141714,"/Date(1700637469000)/",92600,500,2871100,265981000000,700,true,0.76
"FPT",141714,"/Date(1700637469000)/",92600,500,2870600,265935000000,700,true,0.76
"FPT",141714,"/Date(1700637469000)/",92600,600,2870100,265888000000,700,true,0.76
"FPT",141714,"/Date(1700637469000)/",92600,100,2869500,265833000000,700,true,0.76
"FPT",141714,"/Date(1700637469000)/",92600,100,2869400,265824000000,700,true,0.76
"FPT",141714,"/Date(1700637469000)/",92600,400,2869300,265814000000,700,true,0.76
"FPT",141714,"/Date(1700637469000)/",92600,1200,2868900,265777000000,700,true,0.76
"FPT",141714,"/Date(1700637469000)/",92600,1100,2867700,265666000000,700,true,0.76
"FPT",141711,"/Date(1700637468000)/",92600,5000,2866600,265564000000,700,false,0.76
"FPT",141711,"/Date(1700637465000)/",92600,400,2861600,265101000000,700,false,0.76
"FPT",141623,"/Date(1700637419000)/",92600,3500,2861200,265064000000,700,false,0.76
"FPT",141623,"/Date(1700637419000)/",92600,1000,2857700,264740000000,700,false,0.76
"FPT",141623,"/Date(1700637419000)/",92600,100,2856700,264648000000,700,false,0.76
"FPT",141623,"/Date(1700637419000)/",92600,400,2856600,264638000000,700,false,0.76
"FPT",141551,"/Date(1700637386000)/",92600,100,2856200,264601000000,700,false,0.76
"FPT",141525,"/Date(1700637360000)/",92500,200,2856100,264592000000,600,true,0.65
"FPT",141519,"/Date(1700637353000)/",92500,400,2855900,264574000000,600,true,0.65
"FPT",141519,"/Date(1700637353000)/",92500,100,2855500,264537000000,600,true,0.65
"FPT",141519,"/Date(1700637353000)/",92500,200,2855400,264527000000,600,true,0.65
"FPT",141519,"/Date(1700637353000)/",92500,1000,2855200,264509000000,600,true,0.65
"FPT",141519,"/Date(1700637353000)/",92500,700,2854200,264416000000,600,true,0.65
"FPT",141519,"/Date(1700637353000)/",92500,100,2853500,264352000000,600,true,0.65
"FPT",141500,"/Date(1700637336000)/",92500,100,2853400,264342000000,600,false,0.65
"FPT",141447,"/Date(1700637322000)/",92500,100,2853300,264333000000,600,false,0.65
"FPT",141434,"/Date(1700637308000)/",92500,300,2853200,264324000000,600,false,0.65
"FPT",141434,"/Date(1700637308000)/",92500,100,2852900,264296000000,600,false,0.65
"FPT",141434,"/Date(1700637308000)/",92500,100,2852800,264287000000,600,false,0.65
"FPT",141425,"/Date(1700637299000)/",92500,100,2852700,264278000000,600,false,0.65
"FPT",141418,"/Date(1700637292000)/",92500,100,2852600,264268000000,600,false,0.65
"FPT",141318,"/Date(1700637232000)/",92500,200,2852500,264259000000,600,false,0.65
"FPT",141311,"/Date(1700637227000)/",92500,2000,2852300,264241000000,600,false,0.65
"FPT",141308,"/Date(1700637224000)/",92500,200,2850300,264056000000,600,false,0.65
"FPT",141308,"/Date(1700637222000)/",92500,2000,2850100,264037000000,600,false,0.65
"FPT",141242,"/Date(1700637196000)/",92500,500,2848100,263852000000,600,false,0.65
"FPT",141145,"/Date(1700637141000)/",92500,100,2847600,263806000000,600,false,0.65
"FPT",141145,"/Date(1700637141000)/",92500,100,2847500,263797000000,600,false,0.65
"FPT",141145,"/Date(1700637141000)/",92500,100,2847400,263787000000,600,false,0.65
"FPT",141145,"/Date(1700637141000)/",92500,1000,2847300,263778000000,600,false,0.65
"FPT",141126,"/Date(1700637119000)/",92500,100,2846300,263686000000,600,false,0.65
"FPT",141022,"/Date(1700637055000)/",92500,100,2846200,263676000000,600,false,0.65
"FPT",141016,"/Date(1700637049000)/",92500,200,2846100,263667000000,600,false,0.65
"FPT",141012,"/Date(1700637046000)/",92400,200,2845900,263649000000,500,true,0.54
"FPT",141012,"/Date(1700637046000)/",92400,100,2845700,263630000000,500,true,0.54
"FPT",141012,"/Date(1700637046000)/",92400,300,2845600,263621000000,500,true,0.54
"FPT",141009,"/Date(1700637042000)/",92500,600,2845300,263593000000,600,false,0.65
"FPT",141009,"/Date(1700637042000)/",92500,400,2844700,263538000000,600,false,0.65
"FPT",140814,"/Date(1700636928000)/",92500,600,2844300,263501000000,600,false,0.65
"FPT",140814,"/Date(1700636928000)/",92500,100,2843700,263445000000,600,false,0.65
"FPT",140814,"/Date(1700636928000)/",92500,4700,2843600,263436000000,600,false,0.65
"FPT",140808,"/Date(1700636921000)/",92500,3800,2838900,263001000000,600,false,0.65
"FPT",140808,"/Date(1700636921000)/",92500,100,2835100,262650000000,600,false,0.65
"FPT",140808,"/Date(1700636921000)/",92500,2000,2835000,262640000000,600,false,0.65
"FPT",140808,"/Date(1700636921000)/",92500,3000,2833000,262455000000,600,false,0.65
"FPT",140808,"/Date(1700636921000)/",92500,100,2830000,262178000000,600,false,0.65
"FPT",140808,"/Date(1700636921000)/",92500,300,2829900,262169000000,600,false,0.65
"FPT",140755,"/Date(1700636909000)/",92400,1000,2829600,262141000000,500,false,0.54
"FPT",140755,"/Date(1700636909000)/",92400,4100,2828600,262048000000,500,false,0.54
"FPT",140745,"/Date(1700636900000)/",92400,900,2824500,261670000000,500,false,0.54
"FPT",140745,"/Date(1700636900000)/",92400,900,2823600,261586000000,500,false,0.54
"FPT",140745,"/Date(1700636900000)/",92400,100,2822700,261503000000,500,false,0.54
"FPT",140745,"/Date(1700636900000)/",92400,1800,2822600,261494000000,500,false,0.54
"FPT",140733,"/Date(1700636887000)/",92400,100,2820800,261328000000,500,false,0.54
"FPT",140723,"/Date(1700636877000)/",92400,100,2820700,261318000000,500,false,0.54
"FPT",140723,"/Date(1700636877000)/",92400,100,2820600,261309000000,500,false,0.54
"FPT",140723,"/Date(1700636877000)/",92400,100,2820500,261300000000,500,false,0.54
"FPT",140723,"/Date(1700636877000)/",92400,500,2820400,261291000000,500,false,0.54
"FPT",140723,"/Date(1700636877000)/",92400,500,2819900,261245000000,500,false,0.54
"FPT",140723,"/Date(1700636877000)/",92400,100,2819400,261198000000,500,false,0.54
"FPT",140723,"/Date(1700636877000)/",92400,300,2819300,261189000000,500,false,0.54
"FPT",140723,"/Date(1700636877000)/",92400,500,2819000,261161000000,500,false,0.54
"FPT",140723,"/Date(1700636877000)/",92400,400,2818500,261115000000,500,false,0.54
"FPT",140723,"/Date(1700636877000)/",92400,400,2818100,261078000000,500,false,0.54
"FPT",140635,"/Date(1700636830000)/",92400,2000,2817700,261041000000,500,false,0.54
"FPT",140635,"/Date(1700636830000)/",92400,100,2815700,260856000000,500,false,0.54
"FPT",140525,"/Date(1700636757000)/",92400,2500,2815600,260847000000,500,false,0.54
"FPT",140509,"/Date(1700636743000)/",92300,100,2813100,260616000000,400,false,0.44
"FPT",140509,"/Date(1700636742000)/",92300,500,2813000,260607000000,400,false,0.44
"FPT",140509,"/Date(1700636742000)/",92300,100,2812500,260561000000,400,false,0.44
"FPT",140509,"/Date(1700636742000)/",92300,300,2812400,260552000000,400,false,0.44
"FPT",140509,"/Date(1700636742000)/",92300,900,2812100,260524000000,400,false,0.44
"FPT",140453,"/Date(1700636726000)/",92300,500,2811200,260441000000,400,false,0.44
"FPT",140430,"/Date(1700636705000)/",92300,200,2810700,260395000000,400,false,0.44
"FPT",140343,"/Date(1700636658000)/",92300,500,2810500,260376000000,400,true,0.44
"FPT",140255,"/Date(1700636608000)/",92300,500,2810000,260330000000,400,true,0.44
"FPT",140255,"/Date(1700636608000)/",92300,500,2809500,260284000000,400,true,0.44
"FPT",140236,"/Date(1700636589000)/",92300,1000,2809000,260238000000,400,true,0.44
"FPT",140200,"/Date(1700636554000)/",92300,200,2808000,260146000000,400,true,0.44
"FPT",140132,"/Date(1700636526000)/",92300,100,2807800,260127000000,400,true,0.44
"FPT",140109,"/Date(1700636501000)/",92300,5400,2807700,260118000000,400,true,0.44
"FPT",140034,"/Date(1700636468000)/",92300,3000,2802300,259619000000,400,true,0.44
"FPT",140034,"/Date(1700636466000)/",92200,900,2799300,259343000000,300,true,0.33
"FPT",140034,"/Date(1700636466000)/",92200,100,2798400,259260000000,300,true,0.33
"FPT",140031,"/Date(1700636463000)/",92200,200,2798300,259250000000,300,true,0.33
"FPT",135943,"/Date(1700636417000)/",92200,100,2798100,259232000000,300,true,0.33
"FPT",135943,"/Date(1700636417000)/",92200,100,2798000,259223000000,300,true,0.33
"FPT",135943,"/Date(1700636417000)/",92200,500,2797900,259213000000,300,true,0.33
"FPT",135943,"/Date(1700636417000)/",92200,500,2797400,259167000000,300,true,0.33
"FPT",135943,"/Date(1700636417000)/",92200,800,2796900,259121000000,300,true,0.33
"FPT",135914,"/Date(1700636388000)/",92300,100,2796100,259047000000,400,true,0.44
"FPT",135823,"/Date(1700636337000)/",92300,100,2796000,259038000000,400,true,0.44
"FPT",135800,"/Date(1700636314000)/",92400,700,2795900,259029000000,500,true,0.54
"FPT",135757,"/Date(1700636310000)/",92400,1000,2795200,258964000000,500,true,0.54
"FPT",135754,"/Date(1700636307000)/",92400,100,2794200,258872000000,500,true,0.54
"FPT",135744,"/Date(1700636296000)/",92400,200,2794100,258863000000,500,true,0.54
"FPT",135744,"/Date(1700636296000)/",92400,100,2793900,258844000000,500,true,0.54
"FPT",135744,"/Date(1700636296000)/",92400,1000,2793800,258835000000,500,true,0.54
"FPT",135744,"/Date(1700636296000)/",92400,1900,2792800,258743000000,500,true,0.54
"FPT",135741,"/Date(1700636296000)/",92300,100,2790900,258567000000,400,true,0.44
"FPT",135735,"/Date(1700636287000)/",92400,1100,2790800,258558000000,500,false,0.54
"FPT",135735,"/Date(1700636287000)/",92300,400,2789700,258456000000,400,true,0.44
"FPT",135735,"/Date(1700636287000)/",92300,400,2789300,258419000000,400,true,0.44
"FPT",135735,"/Date(1700636287000)/",92300,100,2788900,258382000000,400,true,0.44
"FPT",135712,"/Date(1700636264000)/",92300,200,2788800,258373000000,400,false,0.44
"FPT",135700,"/Date(1700636253000)/",92300,100,2788600,258355000000,400,false,0.44
"FPT",135656,"/Date(1700636250000)/",92300,1500,2788500,258345000000,400,false,0.44
"FPT",135640,"/Date(1700636234000)/",92200,100,2787000,258207000000,300,true,0.33
"FPT",135640,"/Date(1700636234000)/",92200,100,2786900,258198000000,300,true,0.33
"FPT",135628,"/Date(1700636219000)/",92100,100,2786800,258188000000,200,false,0.22
"FPT",135628,"/Date(1700636219000)/",92100,100,2786700,258179000000,200,false,0.22
"FPT",135628,"/Date(1700636219000)/",92100,800,2786600,258170000000,200,false,0.22
"FPT",135628,"/Date(1700636219000)/",92100,100,2785800,258096000000,200,false,0.22
"FPT",135628,"/Date(1700636219000)/",92100,3000,2785700,258087000000,200,false,0.22
"FPT",135628,"/Date(1700636219000)/",92100,700,2782700,257811000000,200,false,0.22
"FPT",135605,"/Date(1700636197000)/",92100,1000,2782000,257746000000,200,false,0.22
"FPT",135605,"/Date(1700636197000)/",92100,200,2781000,257654000000,200,false,0.22
"FPT",135605,"/Date(1700636197000)/",92100,1800,2780800,257636000000,200,false,0.22
"FPT",135602,"/Date(1700636196000)/",92000,500,2779000,257470000000,100,true,0.11
"FPT",135549,"/Date(1700636182000)/",92000,100,2778500,257424000000,100,true,0.11
"FPT",135546,"/Date(1700636178000)/",92000,400,2778400,257415000000,100,true,0.11
"FPT",135543,"/Date(1700636177000)/",92100,2000,2778000,257378000000,200,false,0.22
"FPT",135533,"/Date(1700636168000)/",92000,2000,2776000,257194000000,100,true,0.11
"FPT",135511,"/Date(1700636144000)/",92000,5000,2774000,257010000000,100,true,0.11
"FPT",135511,"/Date(1700636144000)/",92000,1000,2769000,256550000000,100,true,0.11
"FPT",135507,"/Date(1700636141000)/",92000,1000,2768000,256458000000,100,true,0.11
"FPT",135501,"/Date(1700636134000)/",92100,5000,2767000,256366000000,200,false,0.22
"FPT",135501,"/Date(1700636133000)/",92100,100,2762000,255905000000,200,false,0.22
"FPT",135455,"/Date(1700636126000)/",92000,100,2761900,255896000000,100,true,0.11
"FPT",135432,"/Date(1700636106000)/",92000,300,2761800,255887000000,100,true,0.11
"FPT",135413,"/Date(1700636084000)/",92000,200,2761500,255859000000,100,true,0.11
"FPT",135407,"/Date(1700636079000)/",92000,200,2761300,255841000000,100,true,0.11
"FPT",135322,"/Date(1700636036000)/",92100,100,2761100,255823000000,200,false,0.22
"FPT",135322,"/Date(1700636036000)/",92000,100,2761000,255813000000,100,true,0.11
"FPT",135312,"/Date(1700636026000)/",92000,1100,2760900,255804000000,100,true,0.11
"FPT",135312,"/Date(1700636026000)/",92000,100,2759800,255703000000,100,true,0.11
"FPT",135312,"/Date(1700636026000)/",92000,100,2759700,255694000000,100,true,0.11
"FPT",135312,"/Date(1700636026000)/",92000,900,2759600,255685000000,100,true,0.11
"FPT",135312,"/Date(1700636026000)/",92000,1600,2758700,255602000000,100,true,0.11
"FPT",135256,"/Date(1700636009000)/",92000,3900,2757100,255455000000,100,true,0.11
"FPT",135253,"/Date(1700636006000)/",92000,2000,2753200,255096000000,100,true,0.11
"FPT",135253,"/Date(1700636006000)/",92100,300,2751200,254912000000,200,false,0.22
"FPT",135253,"/Date(1700636006000)/",92100,200,2750900,254884000000,200,false,0.22
"FPT",135231,"/Date(1700635984000)/",92100,100,2750700,254866000000,200,false,0.22
"FPT",135231,"/Date(1700635983000)/",92000,1200,2750600,254857000000,100,true,0.11
"FPT",135231,"/Date(1700635983000)/",92000,100,2749400,254746000000,100,true,0.11
"FPT",135231,"/Date(1700635983000)/",92000,200,2749300,254737000000,100,true,0.11
"FPT",135231,"/Date(1700635983000)/",92000,200,2749100,254719000000,100,true,0.11
"FPT",135231,"/Date(1700635983000)/",92000,200,2748900,254700000000,100,true,0.11
"FPT",135231,"/Date(1700635983000)/",92000,500,2748700,254682000000,100,true,0.11
"FPT",135208,"/Date(1700635962000)/",92000,500,2748200,254636000000,100,true,0.11
"FPT",135208,"/Date(1700635962000)/",92000,100,2747700,254590000000,100,true,0.11
"FPT",135208,"/Date(1700635962000)/",92000,3000,2747600,254581000000,100,true,0.11
"FPT",135208,"/Date(1700635962000)/",92000,1000,2744600,254305000000,100,true,0.11
"FPT",135208,"/Date(1700635962000)/",92000,100,2743600,254213000000,100,true,0.11
"FPT",135208,"/Date(1700635962000)/",92000,200,2743500,254203000000,100,true,0.11
"FPT",135208,"/Date(1700635962000)/",92000,100,2743300,254185000000,100,true,0.11
"FPT",135208,"/Date(1700635962000)/",92000,100,2743200,254176000000,100,true,0.11
"FPT",135208,"/Date(1700635962000)/",92000,300,2743100,254167000000,100,true,0.11
"FPT",135205,"/Date(1700635958000)/",92000,1700,2742800,254139000000,100,true,0.11
"FPT",135205,"/Date(1700635958000)/",92000,1000,2741100,253983000000,100,true,0.11
"FPT",135205,"/Date(1700635958000)/",92000,1000,2740100,253891000000,100,true,0.11
"FPT",135159,"/Date(1700635951000)/",92000,2000,2739100,253799000000,100,true,0.11
"FPT",135159,"/Date(1700635951000)/",92000,200,2737100,253615000000,100,true,0.11
"FPT",135159,"/Date(1700635951000)/",92000,200,2736900,253596000000,100,true,0.11
"FPT",135159,"/Date(1700635951000)/",92000,1000,2736700,253578000000,100,true,0.11
"FPT",135159,"/Date(1700635951000)/",92000,200,2735700,253486000000,100,true,0.11
"FPT",135156,"/Date(1700635947000)/",92000,500,2735500,253467000000,100,true,0.11
"FPT",135156,"/Date(1700635947000)/",92000,600,2735000,253421000000,100,true,0.11
"FPT",135156,"/Date(1700635947000)/",92000,2000,2734400,253366000000,100,true,0.11
"FPT",135156,"/Date(1700635947000)/",92100,100,2732400,253182000000,200,false,0.22
"FPT",135156,"/Date(1700635947000)/",92100,100,2732300,253173000000,200,false,0.22
"FPT",135156,"/Date(1700635947000)/",92100,1000,2732200,253164000000,200,false,0.22
"FPT",135156,"/Date(1700635947000)/",92100,100,2731200,253072000000,200,false,0.22
"FPT",135156,"/Date(1700635947000)/",92100,1000,2731100,253062000000,200,false,0.22
"FPT",135152,"/Date(1700635944000)/",92100,4000,2730100,252970000000,200,true,0.22
"FPT",135152,"/Date(1700635944000)/",92100,200,2726100,252602000000,200,true,0.22
"FPT",135152,"/Date(1700635944000)/",92100,800,2725900,252583000000,200,true,0.22
"FPT",135143,"/Date(1700635936000)/",92100,3700,2725100,252510000000,200,true,0.22
"FPT",135140,"/Date(1700635931000)/",92100,500,2721400,252169000000,200,true,0.22
"FPT",135140,"/Date(1700635931000)/",92100,1000,2720900,252123000000,200,true,0.22
"FPT",135140,"/Date(1700635931000)/",92100,200,2719900,252031000000,200,true,0.22
"FPT",135140,"/Date(1700635931000)/",92100,100,2719700,252012000000,200,true,0.22
"FPT",135140,"/Date(1700635931000)/",92100,200,2719600,252003000000,200,true,0.22
"FPT",135133,"/Date(1700635927000)/",92100,2800,2719400,251985000000,200,true,0.22
"FPT",135133,"/Date(1700635927000)/",92100,500,2716600,251727000000,200,true,0.22
"FPT",135133,"/Date(1700635927000)/",92100,2100,2716100,251681000000,200,true,0.22
"FPT",135127,"/Date(1700635919000)/",92100,3700,2714000,251487000000,200,true,0.22
"FPT",135117,"/Date(1700635909000)/",92100,3000,2710300,251147000000,200,true,0.22
"FPT",135117,"/Date(1700635909000)/",92100,1200,2707300,250870000000,200,true,0.22
"FPT",135117,"/Date(1700635909000)/",92100,2400,2706100,250760000000,200,true,0.22
"FPT",135105,"/Date(1700635898000)/",92100,3800,2703700,250539000000,200,true,0.22
"FPT",135052,"/Date(1700635885000)/",92100,1700,2699900,250189000000,200,true,0.22
"FPT",135052,"/Date(1700635885000)/",92200,500,2698200,250032000000,300,true,0.33
"FPT",135052,"/Date(1700635885000)/",92200,100,2697700,249986000000,300,true,0.33
"FPT",135052,"/Date(1700635885000)/",92200,100,2697600,249977000000,300,true,0.33
"FPT",135052,"/Date(1700635885000)/",92200,300,2697500,249968000000,300,true,0.33
"FPT",135052,"/Date(1700635885000)/",92200,100,2697200,249940000000,300,true,0.33
"FPT",134938,"/Date(1700635810000)/",92200,100,2697100,249931000000,300,true,0.33
"FPT",134938,"/Date(1700635810000)/",92200,100,2697000,249922000000,300,true,0.33
"FPT",134938,"/Date(1700635810000)/",92200,1800,2696900,249912000000,300,true,0.33
"FPT",134903,"/Date(1700635775000)/",92300,2100,2695100,249746000000,400,false,0.44
"FPT",134903,"/Date(1700635775000)/",92300,500,2693000,249553000000,400,false,0.44
"FPT",134903,"/Date(1700635775000)/",92300,3400,2692500,249507000000,400,false,0.44
"FPT",134759,"/Date(1700635710000)/",92300,100,2689100,249193000000,400,false,0.44
"FPT",134743,"/Date(1700635695000)/",92300,4000,2689000,249183000000,400,false,0.44
"FPT",134737,"/Date(1700635690000)/",92300,6400,2685000,248814000000,400,true,0.44
"FPT",134727,"/Date(1700635680000)/",92300,2000,2678600,248224000000,400,true,0.44
"FPT",134655,"/Date(1700635647000)/",92300,100,2676600,248039000000,400,true,0.44
"FPT",134649,"/Date(1700635642000)/",92300,100,2676500,248030000000,400,false,0.44
"FPT",134649,"/Date(1700635642000)/",92300,1400,2676400,248020000000,400,false,0.44
"FPT",134640,"/Date(1700635633000)/",92200,200,2675000,247891000000,300,true,0.33
"FPT",134640,"/Date(1700635633000)/",92200,300,2674800,247873000000,300,true,0.33
"FPT",134640,"/Date(1700635631000)/",92200,100,2674500,247845000000,300,true,0.33
"FPT",134545,"/Date(1700635578000)/",92200,100,2674400,247836000000,300,true,0.33
"FPT",134454,"/Date(1700635525000)/",92200,1000,2674300,247827000000,300,false,0.33
"FPT",134441,"/Date(1700635513000)/",92100,100,2673300,247735000000,200,true,0.22
"FPT",134438,"/Date(1700635510000)/",92200,500,2673200,247725000000,300,false,0.33
"FPT",134429,"/Date(1700635501000)/",92200,1000,2672700,247679000000,300,false,0.33
"FPT",134419,"/Date(1700635491000)/",92200,200,2671700,247587000000,300,false,0.33
"FPT",134419,"/Date(1700635491000)/",92200,100,2671500,247569000000,300,false,0.33
"FPT",134357,"/Date(1700635468000)/",92100,700,2671400,247559000000,200,true,0.22
"FPT",134341,"/Date(1700635453000)/",92100,200,2670700,247495000000,200,true,0.22
"FPT",134305,"/Date(1700635417000)/",92100,4100,2670500,247476000000,200,true,0.22
"FPT",134259,"/Date(1700635411000)/",92100,5400,2666400,247099000000,200,true,0.22
"FPT",134253,"/Date(1700635404000)/",92100,1600,2661000,246602000000,200,true,0.22
"FPT",134246,"/Date(1700635398000)/",92200,1100,2659400,246454000000,300,false,0.33
"FPT",134246,"/Date(1700635398000)/",92200,500,2658300,246353000000,300,false,0.33
"FPT",134246,"/Date(1700635398000)/",92200,600,2657800,246307000000,300,false,0.33
"FPT",134246,"/Date(1700635398000)/",92200,200,2657200,246251000000,300,false,0.33
"FPT",134246,"/Date(1700635398000)/",92200,1000,2657000,246233000000,300,false,0.33
"FPT",134246,"/Date(1700635398000)/",92200,100,2656000,246141000000,300,false,0.33
"FPT",134246,"/Date(1700635398000)/",92200,18000,2655900,246131000000,300,false,0.33
"FPT",134243,"/Date(1700635394000)/",92200,2100,2637900,244472000000,300,true,0.33
"FPT",134230,"/Date(1700635383000)/",92200,3700,2635800,244278000000,300,true,0.33
"FPT",134149,"/Date(1700635340000)/",92200,1200,2632100,243937000000,300,true,0.33
"FPT",134149,"/Date(1700635340000)/",92200,100,2630900,243826000000,300,true,0.33
"FPT",134149,"/Date(1700635340000)/",92200,100,2630800,243817000000,300,true,0.33
"FPT",134149,"/Date(1700635340000)/",92200,100,2630700,243808000000,300,true,0.33
"FPT",134149,"/Date(1700635340000)/",92200,500,2630600,243799000000,300,true,0.33
"FPT",134149,"/Date(1700635340000)/",92200,200,2630100,243753000000,300,true,0.33
"FPT",134149,"/Date(1700635340000)/",92200,5000,2629900,243734000000,300,true,0.33
"FPT",134149,"/Date(1700635340000)/",92200,100,2624900,243273000000,300,true,0.33
"FPT",134149,"/Date(1700635340000)/",92200,100,2624800,243264000000,300,true,0.33
"FPT",134149,"/Date(1700635340000)/",92300,1900,2624700,243255000000,400,true,0.44
"FPT",134149,"/Date(1700635340000)/",92300,100,2622800,243079000000,400,true,0.44
"FPT",134149,"/Date(1700635340000)/",92300,100,2622700,243070000000,400,true,0.44
"FPT",134149,"/Date(1700635340000)/",92300,300,2622600,243061000000,400,true,0.44
"FPT",134149,"/Date(1700635340000)/",92300,200,2622300,243033000000,400,true,0.44
"FPT",134010,"/Date(1700635240000)/",92300,100,2622100,243015000000,400,true,0.44
"FPT",134007,"/Date(1700635238000)/",92300,100,2622000,243006000000,400,true,0.44
"FPT",133944,"/Date(1700635216000)/",92300,100,2621900,242996000000,400,false,0.44
"FPT",133912,"/Date(1700635184000)/",92400,300,2621800,242987000000,500,false,0.54
"FPT",133843,"/Date(1700635156000)/",92300,100,2621500,242959000000,400,true,0.44
"FPT",133840,"/Date(1700635150000)/",92300,100,2621400,242950000000,400,true,0.44
"FPT",133759,"/Date(1700635109000)/",92300,100,2621300,242941000000,400,false,0.44
"FPT",133733,"/Date(1700635086000)/",92200,1300,2621200,242932000000,300,true,0.33
"FPT",133733,"/Date(1700635086000)/",92200,200,2619900,242812000000,300,true,0.33
"FPT",133733,"/Date(1700635086000)/",92200,300,2619700,242793000000,300,true,0.33
"FPT",133730,"/Date(1700635082000)/",92300,400,2619400,242766000000,400,true,0.44
"FPT",133701,"/Date(1700635052000)/",92300,600,2619000,242729000000,400,true,0.44
"FPT",133701,"/Date(1700635052000)/",92300,100,2618400,242673000000,400,true,0.44
"FPT",133701,"/Date(1700635052000)/",92300,300,2618300,242664000000,400,true,0.44
"FPT",133658,"/Date(1700635049000)/",92300,100,2618000,242637000000,400,true,0.44
"FPT",133636,"/Date(1700635026000)/",92300,100,2617900,242627000000,400,true,0.44
"FPT",133636,"/Date(1700635026000)/",92300,500,2617800,242618000000,400,true,0.44
"FPT",133623,"/Date(1700635013000)/",92300,3000,2617300,242572000000,400,true,0.44
"FPT",133623,"/Date(1700635013000)/",92300,100,2614300,242295000000,400,true,0.44
"FPT",133623,"/Date(1700635013000)/",92300,1900,2614200,242286000000,400,true,0.44
"FPT",133601,"/Date(1700634993000)/",92300,100,2612300,242110000000,400,true,0.44
"FPT",133503,"/Date(1700634934000)/",92300,3000,2612200,242101000000,400,true,0.44
"FPT",133503,"/Date(1700634934000)/",92300,1000,2609200,241824000000,400,true,0.44
"FPT",133441,"/Date(1700634911000)/",92400,200,2608200,241732000000,500,true,0.54
"FPT",133441,"/Date(1700634911000)/",92400,30000,2608000,241714000000,500,true,0.54
"FPT",133441,"/Date(1700634911000)/",92400,2000,2578000,238942000000,500,true,0.54
"FPT",133441,"/Date(1700634911000)/",92400,900,2576000,238757000000,500,true,0.54
"FPT",133418,"/Date(1700634888000)/",92500,200,2575100,238674000000,600,true,0.65
"FPT",133418,"/Date(1700634888000)/",92500,100,2574900,238655000000,600,true,0.65
"FPT",133418,"/Date(1700634888000)/",92500,1900,2574800,238646000000,600,true,0.65
"FPT",133409,"/Date(1700634879000)/",92500,600,2572900,238470000000,600,true,0.65
"FPT",133402,"/Date(1700634873000)/",92600,500,2572300,238415000000,700,false,0.76
"FPT",133402,"/Date(1700634873000)/",92600,1000,2571800,238368000000,700,false,0.76
"FPT",133402,"/Date(1700634873000)/",92600,300,2570800,238276000000,700,false,0.76
"FPT",133402,"/Date(1700634873000)/",92600,100,2570500,238248000000,700,false,0.76
"FPT",133402,"/Date(1700634873000)/",92600,500,2570400,238239000000,700,false,0.76
"FPT",133402,"/Date(1700634873000)/",92600,100,2569900,238192000000,700,false,0.76
"FPT",133402,"/Date(1700634873000)/",92600,500,2569800,238183000000,700,false,0.76
"FPT",133349,"/Date(1700634860000)/",92500,500,2569300,238137000000,600,true,0.65
"FPT",133349,"/Date(1700634860000)/",92500,100,2568800,238091000000,600,true,0.65
"FPT",133349,"/Date(1700634860000)/",92500,1000,2568700,238081000000,600,true,0.65
"FPT",133346,"/Date(1700634858000)/",92500,300,2567700,237989000000,600,true,0.65
"FPT",133340,"/Date(1700634851000)/",92500,500,2567400,237961000000,600,true,0.65
"FPT",133252,"/Date(1700634801000)/",92500,200,2566900,237915000000,600,true,0.65
"FPT",133249,"/Date(1700634801000)/",92500,100,2566700,237896000000,600,true,0.65
"FPT",133239,"/Date(1700634791000)/",92500,200,2566600,237887000000,600,true,0.65
"FPT",133204,"/Date(1700634755000)/",92500,200,2566400,237869000000,600,true,0.65
"FPT",133201,"/Date(1700634752000)/",92500,100,2566200,237850000000,600,false,0.65
"FPT",133201,"/Date(1700634752000)/",92500,300,2566100,237841000000,600,false,0.65
"FPT",133201,"/Date(1700634752000)/",92500,2000,2565800,237813000000,600,false,0.65
"FPT",133145,"/Date(1700634736000)/",92400,100,2563800,237628000000,500,true,0.54
"FPT",133145,"/Date(1700634736000)/",92400,1000,2563700,237619000000,500,true,0.54
"FPT",133119,"/Date(1700634711000)/",92400,500,2562700,237526000000,500,true,0.54
"FPT",133119,"/Date(1700634710000)/",92400,1000,2562200,237480000000,500,true,0.54
"FPT",133119,"/Date(1700634710000)/",92400,100,2561200,237388000000,500,true,0.54
"FPT",133119,"/Date(1700634710000)/",92400,500,2561100,237379000000,500,true,0.54
"FPT",133119,"/Date(1700634710000)/",92400,500,2560600,237332000000,500,true,0.54
"FPT",133119,"/Date(1700634710000)/",92400,100,2560100,237286000000,500,true,0.54
"FPT",133119,"/Date(1700634710000)/",92400,1300,2560000,237277000000,500,true,0.54
"FPT",133100,"/Date(1700634690000)/",92500,1000,2558700,237157000000,600,false,0.65
"FPT",133100,"/Date(1700634690000)/",92500,200,2557700,237064000000,600,false,0.65
"FPT",133100,"/Date(1700634690000)/",92500,300,2557500,237046000000,600,false,0.65
"FPT",133100,"/Date(1700634690000)/",92500,1000,2557200,237018000000,600,false,0.65
"FPT",133100,"/Date(1700634690000)/",92500,400,2556200,236926000000,600,false,0.65
"FPT",133100,"/Date(1700634690000)/",92500,100,2555800,236889000000,600,false,0.65
"FPT",133054,"/Date(1700634685000)/",92500,100,2555700,236879000000,600,false,0.65
"FPT",133051,"/Date(1700634680000)/",92400,700,2555600,236870000000,500,true,0.54
"FPT",133051,"/Date(1700634680000)/",92400,400,2554900,236805000000,500,true,0.54
"FPT",133051,"/Date(1700634680000)/",92400,900,2554500,236768000000,500,true,0.54
"FPT",133032,"/Date(1700634664000)/",92400,18000,2553600,236685000000,500,true,0.54
"FPT",132947,"/Date(1700634616000)/",92500,100,2535600,235022000000,600,false,0.65
"FPT",132931,"/Date(1700634601000)/",92500,100,2535500,235013000000,600,false,0.65
"FPT",132856,"/Date(1700634568000)/",92500,100,2535400,235004000000,600,false,0.65
"FPT",132856,"/Date(1700634568000)/",92500,400,2535300,234994000000,600,false,0.65
"FPT",132846,"/Date(1700634558000)/",92500,1000,2534900,234957000000,600,false,0.65
"FPT",132837,"/Date(1700634548000)/",92500,3500,2533900,234865000000,600,false,0.65
"FPT",132808,"/Date(1700634518000)/",92400,100,2530400,234541000000,500,false,0.54
"FPT",132808,"/Date(1700634518000)/",92400,4000,2530300,234532000000,500,false,0.54
"FPT",132808,"/Date(1700634518000)/",92400,100,2526300,234162000000,500,false,0.54
"FPT",132808,"/Date(1700634518000)/",92400,1900,2526200,234153000000,500,false,0.54
"FPT",132758,"/Date(1700634508000)/",92400,500,2524300,233977000000,500,false,0.54
"FPT",132613,"/Date(1700634405000)/",92400,600,2523800,233931000000,500,false,0.54
"FPT",132613,"/Date(1700634405000)/",92400,400,2523200,233876000000,500,false,0.54
"FPT",132509,"/Date(1700634340000)/",92400,1000,2522800,233839000000,500,true,0.54
"FPT",132509,"/Date(1700634340000)/",92400,1000,2521800,233746000000,500,true,0.54
"FPT",132509,"/Date(1700634340000)/",92400,800,2520800,233654000000,500,true,0.54
"FPT",132441,"/Date(1700634311000)/",92500,5000,2520000,233580000000,600,false,0.65
"FPT",132418,"/Date(1700634288000)/",92500,100,2515000,233118000000,600,false,0.65
"FPT",132418,"/Date(1700634288000)/",92500,100,2514900,233108000000,600,false,0.65
"FPT",132349,"/Date(1700634259000)/",92400,100,2514800,233099000000,500,false,0.54
"FPT",132349,"/Date(1700634259000)/",92400,9100,2514700,233090000000,500,false,0.54
"FPT",132324,"/Date(1700634234000)/",92400,600,2505600,232249000000,500,false,0.54
"FPT",132324,"/Date(1700634234000)/",92400,500,2505000,232194000000,500,false,0.54
"FPT",132324,"/Date(1700634234000)/",92400,2000,2504500,232147000000,500,false,0.54
"FPT",132324,"/Date(1700634234000)/",92400,1900,2502500,231963000000,500,false,0.54
"FPT",132321,"/Date(1700634232000)/",92300,100,2500600,231787000000,400,true,0.44
"FPT",132321,"/Date(1700634232000)/",92300,100,2500500,231778000000,400,true,0.44
"FPT",132321,"/Date(1700634232000)/",92300,100,2500400,231769000000,400,true,0.44
"FPT",132321,"/Date(1700634232000)/",92300,600,2500300,231759000000,400,true,0.44
"FPT",132321,"/Date(1700634230000)/",92300,1000,2499700,231704000000,400,true,0.44
"FPT",132308,"/Date(1700634219000)/",92300,500,2498700,231612000000,400,true,0.44
"FPT",132305,"/Date(1700634216000)/",92300,200,2498200,231565000000,400,true,0.44
"FPT",132246,"/Date(1700634196000)/",92300,1000,2498000,231547000000,400,true,0.44
"FPT",132246,"/Date(1700634195000)/",92400,400,2497000,231455000000,500,false,0.54
"FPT",132236,"/Date(1700634187000)/",92300,5000,2496600,231418000000,400,true,0.44
"FPT",132236,"/Date(1700634186000)/",92300,1000,2491600,230956000000,400,true,0.44
"FPT",132233,"/Date(1700634184000)/",92300,4000,2490600,230864000000,400,true,0.44
"FPT",132220,"/Date(1700634170000)/",92300,6700,2486600,230495000000,400,true,0.44
"FPT",132220,"/Date(1700634170000)/",92300,100,2479900,229876000000,400,true,0.44
"FPT",132214,"/Date(1700634163000)/",92400,100,2479800,229867000000,500,false,0.54
"FPT",132155,"/Date(1700634146000)/",92400,2000,2479700,229858000000,500,false,0.54
"FPT",132119,"/Date(1700634109000)/",92400,200,2477700,229673000000,500,false,0.54
"FPT",132012,"/Date(1700634041000)/",92400,400,2477500,229655000000,500,false,0.54
"FPT",132009,"/Date(1700634040000)/",92400,1600,2477100,229618000000,500,true,0.54
"FPT",132009,"/Date(1700634040000)/",92400,100,2475500,229470000000,500,true,0.54
"FPT",132009,"/Date(1700634040000)/",92400,2000,2475400,229461000000,500,true,0.54
"FPT",132009,"/Date(1700634040000)/",92400,6300,2473400,229276000000,500,true,0.54
"FPT",132003,"/Date(1700634031000)/",92400,20000,2467100,228694000000,500,true,0.54
"FPT",131956,"/Date(1700634027000)/",92400,10000,2447100,226846000000,500,true,0.54
"FPT",131902,"/Date(1700633972000)/",92400,400,2437100,225922000000,500,true,0.54
"FPT",131837,"/Date(1700633948000)/",92400,2000,2436700,225885000000,500,true,0.54
"FPT",131837,"/Date(1700633947000)/",92400,100,2434700,225700000000,500,true,0.54
"FPT",131830,"/Date(1700633939000)/",92400,100,2434600,225691000000,500,true,0.54
"FPT",131821,"/Date(1700633930000)/",92400,500,2434500,225681000000,500,true,0.54
"FPT",131752,"/Date(1700633901000)/",92400,100,2434000,225635000000,500,true,0.54
"FPT",131723,"/Date(1700633871000)/",92500,300,2433900,225626000000,600,false,0.65
"FPT",131714,"/Date(1700633863000)/",92500,200,2433600,225598000000,600,true,0.65
"FPT",131714,"/Date(1700633863000)/",92500,5400,2433400,225580000000,600,true,0.65
"FPT",131714,"/Date(1700633863000)/",92500,200,2428000,225080000000,600,true,0.65
"FPT",131714,"/Date(1700633863000)/",92500,3900,2427800,225062000000,600,true,0.65
"FPT",131655,"/Date(1700633845000)/",92400,500,2423900,224701000000,500,true,0.54
"FPT",131655,"/Date(1700633845000)/",92400,300,2423400,224655000000,500,true,0.54
"FPT",131655,"/Date(1700633845000)/",92400,200,2423100,224627000000,500,true,0.54
"FPT",131632,"/Date(1700633823000)/",92400,800,2422900,224609000000,500,true,0.54
"FPT",131623,"/Date(1700633812000)/",92500,1000,2422100,224535000000,600,false,0.65
"FPT",131616,"/Date(1700633805000)/",92500,2000,2421100,224442000000,600,false,0.65
"FPT",131613,"/Date(1700633802000)/",92500,700,2419100,224257000000,600,false,0.65
"FPT",131557,"/Date(1700633787000)/",92500,200,2418400,224192000000,600,false,0.65
"FPT",131551,"/Date(1700633779000)/",92500,100,2418200,224174000000,600,false,0.65
"FPT",131548,"/Date(1700633777000)/",92400,1000,2418100,224165000000,500,true,0.54
"FPT",131548,"/Date(1700633777000)/",92400,100,2417100,224072000000,500,true,0.54
"FPT",131538,"/Date(1700633767000)/",92500,100,2417000,224063000000,600,false,0.65
"FPT",131532,"/Date(1700633759000)/",92500,100,2416900,224054000000,600,false,0.65
"FPT",131516,"/Date(1700633745000)/",92500,500,2416800,224044000000,600,false,0.65
"FPT",131500,"/Date(1700633728000)/",92500,1400,2416300,223998000000,600,true,0.65
"FPT",131457,"/Date(1700633725000)/",92500,100,2414900,223869000000,600,true,0.65
"FPT",131450,"/Date(1700633719000)/",92500,500,2414800,223859000000,600,false,0.65
"FPT",131447,"/Date(1700633717000)/",92500,500,2414300,223813000000,600,true,0.65
"FPT",131447,"/Date(1700633716000)/",92500,500,2413800,223767000000,600,true,0.65
"FPT",131428,"/Date(1700633699000)/",92500,1800,2413300,223721000000,600,true,0.65
"FPT",131425,"/Date(1700633694000)/",92500,400,2411500,223554000000,600,true,0.65
"FPT",131425,"/Date(1700633694000)/",92500,100,2411100,223517000000,600,true,0.65
"FPT",131425,"/Date(1700633694000)/",92500,2000,2411000,223508000000,600,true,0.65
"FPT",131425,"/Date(1700633694000)/",92500,100,2409000,223323000000,600,true,0.65
"FPT",131425,"/Date(1700633694000)/",92500,2000,2408900,223314000000,600,true,0.65
"FPT",131425,"/Date(1700633694000)/",92500,100,2406900,223129000000,600,true,0.65
"FPT",131412,"/Date(1700633682000)/",92500,1000,2406800,223119000000,600,true,0.65
"FPT",131356,"/Date(1700633665000)/",92600,500,2405800,223027000000,700,false,0.76
"FPT",131356,"/Date(1700633665000)/",92500,300,2405300,222981000000,600,true,0.65
"FPT",131346,"/Date(1700633655000)/",92500,1000,2405000,222953000000,600,true,0.65
"FPT",131327,"/Date(1700633636000)/",92500,100,2404000,222860000000,600,true,0.65
"FPT",131311,"/Date(1700633620000)/",92500,2500,2403900,222851000000,600,true,0.65
"FPT",131311,"/Date(1700633620000)/",92500,5000,2401400,222620000000,600,true,0.65
"FPT",131311,"/Date(1700633620000)/",92500,2500,2396400,222157000000,600,true,0.65
"FPT",131223,"/Date(1700633573000)/",92500,100,2393900,221926000000,600,true,0.65
"FPT",131204,"/Date(1700633553000)/",92600,1800,2393800,221917000000,700,false,0.76
"FPT",131129,"/Date(1700633518000)/",92500,100,2392000,221750000000,600,true,0.65
"FPT",131113,"/Date(1700633501000)/",92600,200,2391900,221741000000,700,false,0.76
"FPT",131113,"/Date(1700633501000)/",92600,1000,2391700,221722000000,700,false,0.76
"FPT",131113,"/Date(1700633501000)/",92600,200,2390700,221630000000,700,false,0.76
"FPT",131113,"/Date(1700633501000)/",92600,1600,2390500,221611000000,700,false,0.76
"FPT",131028,"/Date(1700633458000)/",92600,200,2388900,221463000000,700,false,0.76
"FPT",131022,"/Date(1700633451000)/",92500,1600,2388700,221445000000,600,true,0.65
"FPT",131019,"/Date(1700633449000)/",92600,3000,2387100,221297000000,700,false,0.76
"FPT",130931,"/Date(1700633398000)/",92500,700,2384100,221019000000,600,false,0.65
"FPT",130928,"/Date(1700633396000)/",92500,4000,2383400,220954000000,600,false,0.65
"FPT",130928,"/Date(1700633396000)/",92500,100,2379400,220584000000,600,false,0.65
"FPT",130921,"/Date(1700633391000)/",92400,300,2379300,220575000000,500,true,0.54
"FPT",130921,"/Date(1700633391000)/",92400,200,2379000,220547000000,500,true,0.54
"FPT",130921,"/Date(1700633391000)/",92400,500,2378800,220529000000,500,true,0.54
"FPT",130853,"/Date(1700633361000)/",92400,100,2378300,220482000000,500,true,0.54
"FPT",130843,"/Date(1700633351000)/",92400,300,2378200,220473000000,500,true,0.54
"FPT",130837,"/Date(1700633347000)/",92400,100,2377900,220446000000,500,true,0.54
"FPT",130837,"/Date(1700633347000)/",92400,500,2377800,220436000000,500,true,0.54
"FPT",130837,"/Date(1700633347000)/",92400,100,2377300,220390000000,500,true,0.54
"FPT",130837,"/Date(1700633347000)/",92400,200,2377200,220381000000,500,true,0.54
"FPT",130837,"/Date(1700633347000)/",92400,4100,2377000,220362000000,500,true,0.54
"FPT",130824,"/Date(1700633332000)/",92500,1000,2372900,219984000000,600,false,0.65
"FPT",130824,"/Date(1700633332000)/",92500,800,2371900,219891000000,600,false,0.65
"FPT",130821,"/Date(1700633328000)/",92400,100,2371100,219817000000,500,true,0.54
"FPT",130814,"/Date(1700633323000)/",92400,100,2371000,219808000000,500,true,0.54
"FPT",130802,"/Date(1700633311000)/",92400,500,2370900,219799000000,500,true,0.54
"FPT",130749,"/Date(1700633296000)/",92400,100,2370400,219752000000,500,true,0.54
"FPT",130746,"/Date(1700633294000)/",92400,500,2370300,219743000000,500,true,0.54
"FPT",130739,"/Date(1700633289000)/",92500,200,2369800,219697000000,600,false,0.65
"FPT",130727,"/Date(1700633275000)/",92500,500,2369600,219678000000,600,true,0.65
"FPT",130727,"/Date(1700633275000)/",92500,1000,2369100,219632000000,600,true,0.65
"FPT",130727,"/Date(1700633275000)/",92500,100,2368100,219540000000,600,true,0.65
"FPT",130727,"/Date(1700633275000)/",92500,50000,2368000,219530000000,600,true,0.65
"FPT",130727,"/Date(1700633275000)/",92500,1000,2318000,214905000000,600,true,0.65
"FPT",130727,"/Date(1700633275000)/",92500,1400,2317000,214813000000,600,true,0.65
"FPT",130727,"/Date(1700633275000)/",92500,100,2315600,214683000000,600,true,0.65
"FPT",130727,"/Date(1700633275000)/",92500,1000,2315500,214674000000,600,true,0.65
"FPT",130727,"/Date(1700633275000)/",92500,200,2314500,214582000000,600,true,0.65
"FPT",130727,"/Date(1700633275000)/",92500,4700,2314300,214563000000,600,true,0.65
"FPT",130642,"/Date(1700633231000)/",92600,500,2309600,214128000000,700,false,0.76
"FPT",130613,"/Date(1700633200000)/",92600,200,2309100,214082000000,700,false,0.76
"FPT",130613,"/Date(1700633200000)/",92600,300,2308900,214064000000,700,false,0.76
"FPT",130610,"/Date(1700633198000)/",92500,5300,2308600,214036000000,600,true,0.65
"FPT",130610,"/Date(1700633198000)/",92500,100,2303300,213546000000,600,true,0.65
"FPT",130557,"/Date(1700633184000)/",92600,200,2303200,213536000000,700,false,0.76
"FPT",130557,"/Date(1700633184000)/",92600,100,2303000,213518000000,700,false,0.76
"FPT",130500,"/Date(1700633128000)/",92600,100,2302900,213509000000,700,false,0.76
"FPT",130500,"/Date(1700633127000)/",92600,100,2302800,213499000000,700,false,0.76
"FPT",130441,"/Date(1700633110000)/",92600,200,2302700,213490000000,700,true,0.76
"FPT",130434,"/Date(1700633102000)/",92600,800,2302500,213471000000,700,true,0.76
"FPT",130434,"/Date(1700633102000)/",92600,100,2301700,213397000000,700,true,0.76
"FPT",130434,"/Date(1700633102000)/",92600,100,2301600,213388000000,700,true,0.76
"FPT",130431,"/Date(1700633100000)/",92600,100,2301500,213379000000,700,true,0.76
"FPT",130428,"/Date(1700633096000)/",92600,3000,2301400,213370000000,700,true,0.76
"FPT",130425,"/Date(1700633091000)/",92600,300,2298400,213092000000,700,true,0.76
"FPT",130402,"/Date(1700633071000)/",92600,500,2298100,213064000000,700,true,0.76
"FPT",130359,"/Date(1700633068000)/",92600,2000,2297600,213018000000,700,true,0.76
"FPT",130359,"/Date(1700633066000)/",92600,500,2295600,212833000000,700,true,0.76
"FPT",130356,"/Date(1700633063000)/",92600,5000,2295100,212786000000,700,true,0.76
"FPT",130350,"/Date(1700633059000)/",92600,1500,2290100,212323000000,700,true,0.76
"FPT",130350,"/Date(1700633057000)/",92600,5400,2288600,212184000000,700,true,0.76
"FPT",130337,"/Date(1700633044000)/",92600,600,2283200,211684000000,700,true,0.76
"FPT",130334,"/Date(1700633043000)/",92600,300,2282600,211629000000,700,true,0.76
"FPT",130330,"/Date(1700633039000)/",92600,300,2282300,211601000000,700,true,0.76
"FPT",130330,"/Date(1700633038000)/",92600,2000,2282000,211573000000,700,true,0.76
"FPT",130311,"/Date(1700633019000)/",92600,5000,2280000,211388000000,700,true,0.76
"FPT",130305,"/Date(1700633014000)/",92600,8000,2275000,210925000000,700,true,0.76
"FPT",130305,"/Date(1700633014000)/",92600,5000,2267000,210184000000,700,true,0.76
"FPT",130305,"/Date(1700633013000)/",92600,500,2262000,209721000000,700,true,0.76
"FPT",130259,"/Date(1700633005000)/",92600,200,2261500,209675000000,700,true,0.76
"FPT",130252,"/Date(1700632999000)/",92600,200,2261300,209656000000,700,true,0.76
"FPT",130236,"/Date(1700632986000)/",92600,1000,2261100,209638000000,700,true,0.76
"FPT",130230,"/Date(1700632977000)/",92600,5400,2260100,209545000000,700,true,0.76
"FPT",130220,"/Date(1700632968000)/",92600,1000,2254700,209045000000,700,true,0.76
"FPT",130211,"/Date(1700632959000)/",92600,800,2253700,208953000000,700,false,0.76
"FPT",130211,"/Date(1700632959000)/",92600,1000,2252900,208879000000,700,false,0.76
"FPT",130211,"/Date(1700632959000)/",92600,500,2251900,208786000000,700,false,0.76
"FPT",130204,"/Date(1700632952000)/",92600,100,2251400,208740000000,700,false,0.76
"FPT",130148,"/Date(1700632936000)/",92600,100,2251300,208730000000,700,false,0.76
"FPT",130148,"/Date(1700632936000)/",92600,100,2251200,208721000000,700,false,0.76
"FPT",130148,"/Date(1700632936000)/",92600,200,2251100,208712000000,700,false,0.76
"FPT",130145,"/Date(1700632934000)/",92600,200,2250900,208693000000,700,true,0.76
"FPT",130145,"/Date(1700632932000)/",92600,600,2250700,208675000000,700,true,0.76
"FPT",130145,"/Date(1700632932000)/",92600,1400,2250100,208619000000,700,true,0.76
"FPT",130145,"/Date(1700632932000)/",92600,300,2248700,208490000000,700,true,0.76
"FPT",130142,"/Date(1700632930000)/",92600,200,2248400,208462000000,700,true,0.76
"FPT",130142,"/Date(1700632929000)/",92600,1600,2248200,208443000000,700,true,0.76
"FPT",130136,"/Date(1700632922000)/",92600,400,2246600,208295000000,700,true,0.76
"FPT",130120,"/Date(1700632908000)/",92600,1000,2246200,208258000000,700,true,0.76
"FPT",130120,"/Date(1700632906000)/",92600,3000,2245200,208166000000,700,true,0.76
"FPT",130113,"/Date(1700632902000)/",92600,500,2242200,207888000000,700,true,0.76
"FPT",130113,"/Date(1700632900000)/",92600,20000,2241700,207841000000,700,true,0.76
"FPT",130107,"/Date(1700632893000)/",92700,1000,2221700,205989000000,800,false,0.87
"FPT",130104,"/Date(1700632890000)/",92600,500,2220700,205897000000,700,true,0.76
"FPT",130057,"/Date(1700632883000)/",92600,4100,2220200,205850000000,700,true,0.76
"FPT",130048,"/Date(1700632875000)/",92600,500,2216100,205471000000,700,true,0.76
"FPT",130048,"/Date(1700632874000)/",92600,3900,2215600,205424000000,700,true,0.76
"FPT",130045,"/Date(1700632868000)/",92600,100,2211700,205063000000,700,true,0.76
"FPT",130045,"/Date(1700632864000)/",92600,1000,2211600,205054000000,700,true,0.76
"FPT",130045,"/Date(1700632864000)/",92600,11500,2210600,204961000000,700,true,0.76
"FPT",130045,"/Date(1700632864000)/",92600,5000,2199100,203897000000,700,true,0.76
"FPT",130045,"/Date(1700632864000)/",92600,100,2194100,203434000000,700,true,0.76
"FPT",130045,"/Date(1700632864000)/",92600,100,2194000,203424000000,700,true,0.76
"FPT",130045,"/Date(1700632864000)/",92600,100,2193900,203415000000,700,true,0.76
"FPT",130045,"/Date(1700632864000)/",92600,100,2193800,203406000000,700,true,0.76
"FPT",130045,"/Date(1700632864000)/",92600,100,2193700,203397000000,700,true,0.76
"FPT",130045,"/Date(1700632864000)/",92600,300,2193600,203387000000,700,true,0.76
"FPT",130045,"/Date(1700632864000)/",92600,100,2193300,203359000000,700,true,0.76
"FPT",130045,"/Date(1700632864000)/",92600,300,2193200,203350000000,700,true,0.76
"FPT",130045,"/Date(1700632864000)/",92600,12300,2192900,203322000000,700,true,0.76
"FPT",130045,"/Date(1700632863000)/",92600,3500,2180600,202183000000,700,true,0.76
"FPT",130041,"/Date(1700632857000)/",92600,4200,2177100,201859000000,700,true,0.76
"FPT",130041,"/Date(1700632857000)/",92600,500,2172900,201470000000,700,true,0.76
"FPT",130041,"/Date(1700632857000)/",92600,6300,2172400,201424000000,700,true,0.76
"FPT",130041,"/Date(1700632855000)/",92600,3500,2166100,200841000000,700,true,0.76
"FPT",130038,"/Date(1700632847000)/",92600,3700,2162600,200517000000,700,true,0.76
"FPT",130038,"/Date(1700632844000)/",92600,2000,2158900,200174000000,700,true,0.76
"FPT",130035,"/Date(1700632837000)/",92600,4200,2156900,199989000000,700,true,0.76
"FPT",130035,"/Date(1700632837000)/",92600,300,2152700,199600000000,700,true,0.76
"FPT",130035,"/Date(1700632832000)/",92700,100,2152400,199572000000,800,false,0.87
"FPT",130029,"/Date(1700632822000)/",92700,600,2152300,199563000000,800,false,0.87
"FPT",130025,"/Date(1700632818000)/",92700,700,2151700,199507000000,800,false,0.87
"FPT",130025,"/Date(1700632818000)/",92700,5000,2151000,199442000000,800,false,0.87
"FPT",130025,"/Date(1700632818000)/",92700,2000,2146000,198979000000,800,false,0.87
"FPT",130025,"/Date(1700632818000)/",92700,2300,2144000,198793000000,800,false,0.87
"FPT",130025,"/Date(1700632818000)/",92700,40000,2141700,198580000000,800,false,0.87
"FPT",130016,"/Date(1700632807000)/",92700,100,2101700,194872000000,800,false,0.87
"FPT",130016,"/Date(1700632806000)/",92700,100,2101600,194863000000,800,false,0.87
"FPT",130012,"/Date(1700632804000)/",92700,100,2101500,194854000000,800,false,0.87
"FPT",130003,"/Date(1700632803000)/",92700,2400,2101400,194844000000,800,true,0.87
"FPT",130003,"/Date(1700632803000)/",92700,100,2099000,194622000000,800,true,0.87
"FPT",130003,"/Date(1700632803000)/",92700,300,2098900,194613000000,800,true,0.87
"FPT",130003,"/Date(1700632803000)/",92700,100,2098600,194585000000,800,true,0.87
"FPT",130003,"/Date(1700632803000)/",92700,5000,2098500,194576000000,800,true,0.87
"FPT",130003,"/Date(1700632803000)/",92700,2000,2093500,194112000000,800,true,0.87
"FPT",130003,"/Date(1700632803000)/",92700,100,2091500,193927000000,800,true,0.87
"FPT",130003,"/Date(1700632803000)/",92700,100,2091400,193917000000,800,true,0.87
"FPT",130003,"/Date(1700632803000)/",92700,100,2091300,193908000000,800,true,0.87
"FPT",130003,"/Date(1700632803000)/",92700,100,2091200,193899000000,800,true,0.87
"FPT",130003,"/Date(1700632803000)/",92700,100,2091100,193890000000,800,true,0.87
"FPT",130003,"/Date(1700632803000)/",92700,100,2091000,193880000000,800,true,0.87
"FPT",130003,"/Date(1700632803000)/",92700,300,2090900,193871000000,800,true,0.87
"FPT",130003,"/Date(1700632803000)/",92700,3500,2090600,193843000000,800,true,0.87
"FPT",130003,"/Date(1700632803000)/",92700,100,2087100,193519000000,800,true,0.87
"FPT",130003,"/Date(1700632803000)/",92700,100,2087000,193510000000,800,true,0.87
"FPT",130003,"/Date(1700632803000)/",92700,100,2086900,193500000000,800,true,0.87
"FPT",130003,"/Date(1700632803000)/",92700,300,2086800,193491000000,800,true,0.87
"FPT",130003,"/Date(1700632803000)/",92700,44800,2086500,193463000000,800,true,0.87
"FPT",130003,"/Date(1700632803000)/",92700,200,2041700,189310000000,800,true,0.87
"FPT",130003,"/Date(1700632803000)/",92700,300,2041500,189292000000,800,true,0.87
"FPT",130003,"/Date(1700632803000)/",92700,200,2041200,189264000000,800,true,0.87
"FPT",130003,"/Date(1700632803000)/",92700,200,2041000,189245000000,800,true,0.87
"FPT",130003,"/Date(1700632803000)/",92700,500,2040800,189227000000,800,true,0.87
"FPT",130003,"/Date(1700632803000)/",92700,1000,2040300,189180000000,800,true,0.87
"FPT",130003,"/Date(1700632803000)/",92700,2000,2039300,189088000000,800,true,0.87
"FPT",130003,"/Date(1700632803000)/",92700,900,2037300,188902000000,800,true,0.87
"FPT",112933,"/Date(1700627394000)/",92700,1000,2036400,188819000000,800,true,0.87
"FPT",112933,"/Date(1700627393000)/",92700,100,2035400,188726000000,800,true,0.87
"FPT",112933,"/Date(1700627393000)/",92700,300,2035300,188717000000,800,true,0.87
"FPT",112933,"/Date(1700627393000)/",92700,100,2035000,188689000000,800,true,0.87
"FPT",112933,"/Date(1700627393000)/",92700,1000,2034900,188680000000,800,true,0.87
"FPT",112933,"/Date(1700627393000)/",92700,1000,2033900,188587000000,800,true,0.87
"FPT",112933,"/Date(1700627393000)/",92700,100,2032900,188494000000,800,true,0.87
"FPT",112933,"/Date(1700627393000)/",92700,1500,2032800,188485000000,800,true,0.87
"FPT",112933,"/Date(1700627393000)/",92700,1300,2031300,188346000000,800,true,0.87
"FPT",112930,"/Date(1700627390000)/",92700,6100,2030000,188226000000,800,true,0.87
"FPT",112920,"/Date(1700627380000)/",92700,5400,2023900,187660000000,800,true,0.87
"FPT",112917,"/Date(1700627377000)/",92700,5000,2018500,187160000000,800,true,0.87
"FPT",112904,"/Date(1700627365000)/",92700,2500,2013500,186696000000,800,true,0.87
"FPT",112901,"/Date(1700627361000)/",92700,2000,2011000,186464000000,800,true,0.87
"FPT",112855,"/Date(1700627353000)/",92700,2500,2009000,186279000000,800,true,0.87
"FPT",112852,"/Date(1700627352000)/",92700,500,2006500,186047000000,800,true,0.87
"FPT",112810,"/Date(1700627310000)/",92700,200,2006000,186001000000,800,true,0.87
"FPT",112751,"/Date(1700627289000)/",92700,1100,2005800,185982000000,800,true,0.87
"FPT",112745,"/Date(1700627283000)/",92700,100,2004700,185880000000,800,true,0.87
"FPT",112732,"/Date(1700627272000)/",92700,1500,2004600,185871000000,800,true,0.87
"FPT",112719,"/Date(1700627257000)/",92700,100,2003100,185732000000,800,true,0.87
"FPT",112716,"/Date(1700627257000)/",92700,100,2003000,185723000000,800,true,0.87
"FPT",112713,"/Date(1700627254000)/",92700,1000,2002900,185713000000,800,true,0.87
"FPT",112713,"/Date(1700627253000)/",92700,500,2001900,185621000000,800,true,0.87
"FPT",112644,"/Date(1700627224000)/",92700,100,2001400,185574000000,800,true,0.87
"FPT",112644,"/Date(1700627224000)/",92700,900,2001300,185565000000,800,true,0.87
"FPT",112618,"/Date(1700627198000)/",92700,3200,2000400,185482000000,800,true,0.87
"FPT",112618,"/Date(1700627196000)/",92700,900,1997200,185185000000,800,true,0.87
"FPT",112618,"/Date(1700627196000)/",92700,19100,1996300,185102000000,800,true,0.87
"FPT",112537,"/Date(1700627156000)/",92700,400,1977200,183331000000,800,true,0.87
"FPT",112521,"/Date(1700627139000)/",92800,2000,1976800,183294000000,900,false,0.98
"FPT",112329,"/Date(1700627027000)/",92800,3000,1974800,183108000000,900,false,0.98
"FPT",112320,"/Date(1700627017000)/",92800,1400,1971800,182830000000,900,false,0.98
"FPT",112320,"/Date(1700627017000)/",92800,500,1970400,182700000000,900,false,0.98
"FPT",112320,"/Date(1700627017000)/",92800,3100,1969900,182654000000,900,false,0.98
"FPT",112254,"/Date(1700626992000)/",92700,1000,1966800,182366000000,800,true,0.87
"FPT",112248,"/Date(1700626988000)/",92700,100,1965800,182273000000,800,true,0.87
"FPT",112100,"/Date(1700626876000)/",92700,100,1965700,182264000000,800,true,0.87
"FPT",111949,"/Date(1700626809000)/",92800,400,1965600,182255000000,900,false,0.98
"FPT",111937,"/Date(1700626795000)/",92700,300,1965200,182218000000,800,true,0.87
"FPT",111716,"/Date(1700626656000)/",92800,100,1964900,182190000000,900,false,0.98
"FPT",111710,"/Date(1700626648000)/",92800,500,1964800,182181000000,900,false,0.98
"FPT",111648,"/Date(1700626628000)/",92800,900,1964300,182134000000,900,true,0.98
"FPT",111616,"/Date(1700626594000)/",92800,400,1963400,182051000000,900,true,0.98
"FPT",111613,"/Date(1700626590000)/",92800,1500,1963000,182014000000,900,true,0.98
"FPT",111541,"/Date(1700626558000)/",92800,2000,1961500,181874000000,900,true,0.98
"FPT",111525,"/Date(1700626544000)/",92800,800,1959500,181689000000,900,true,0.98
"FPT",111503,"/Date(1700626522000)/",92800,1000,1958700,181614000000,900,true,0.98
"FPT",111440,"/Date(1700626500000)/",92800,21500,1957700,181522000000,900,true,0.98
"FPT",111408,"/Date(1700626465000)/",92800,1000,1936200,179526000000,900,true,0.98
"FPT",111324,"/Date(1700626422000)/",92800,5000,1935200,179434000000,900,true,0.98
"FPT",111324,"/Date(1700626422000)/",92800,1200,1930200,178970000000,900,true,0.98
"FPT",111324,"/Date(1700626422000)/",92800,1000,1929000,178858000000,900,true,0.98
"FPT",111324,"/Date(1700626422000)/",92800,15000,1928000,178766000000,900,true,0.98
"FPT",111255,"/Date(1700626394000)/",92800,400,1913000,177374000000,900,false,0.98
"FPT",111255,"/Date(1700626394000)/",92800,1000,1912600,177336000000,900,false,0.98
"FPT",111255,"/Date(1700626394000)/",92800,1600,1911600,177244000000,900,false,0.98
"FPT",111255,"/Date(1700626394000)/",92800,6600,1910000,177095000000,900,false,0.98
"FPT",111255,"/Date(1700626392000)/",92800,500,1903400,176483000000,900,false,0.98
"FPT",111242,"/Date(1700626380000)/",92800,100,1902900,176436000000,900,true,0.98
"FPT",111236,"/Date(1700626375000)/",92800,200,1902800,176427000000,900,true,0.98
"FPT",111227,"/Date(1700626365000)/",92800,500,1902600,176408000000,900,true,0.98
"FPT",111217,"/Date(1700626355000)/",92800,5000,1902100,176362000000,900,true,0.98
"FPT",111211,"/Date(1700626350000)/",92800,100,1897100,175898000000,900,true,0.98
"FPT",111151,"/Date(1700626330000)/",92800,10000,1897000,175889000000,900,true,0.98
"FPT",111029,"/Date(1700626247000)/",92800,500,1887000,174961000000,900,false,0.98
"FPT",111029,"/Date(1700626247000)/",92800,600,1886500,174914000000,900,false,0.98
"FPT",111029,"/Date(1700626247000)/",92800,500,1885900,174859000000,900,false,0.98
"FPT",111029,"/Date(1700626247000)/",92800,100,1885400,174812000000,900,false,0.98
"FPT",111029,"/Date(1700626247000)/",92800,500,1885300,174803000000,900,false,0.98
"FPT",111029,"/Date(1700626247000)/",92800,600,1884800,174757000000,900,false,0.98
"FPT",111029,"/Date(1700626247000)/",92800,200,1884200,174701000000,900,false,0.98
"FPT",111029,"/Date(1700626247000)/",92800,100,1884000,174682000000,900,false,0.98
"FPT",111029,"/Date(1700626247000)/",92800,3000,1883900,174673000000,900,false,0.98
"FPT",111029,"/Date(1700626247000)/",92800,10000,1880900,174395000000,900,false,0.98
"FPT",111029,"/Date(1700626247000)/",92800,100,1870900,173467000000,900,false,0.98
"FPT",111029,"/Date(1700626247000)/",92800,5000,1870800,173457000000,900,false,0.98
"FPT",111029,"/Date(1700626247000)/",92800,5000,1865800,172993000000,900,false,0.98
"FPT",111029,"/Date(1700626247000)/",92800,800,1860800,172529000000,900,false,0.98
"FPT",111019,"/Date(1700626236000)/",92700,100,1860000,172455000000,800,true,0.87
"FPT",111000,"/Date(1700626218000)/",92700,300,1859900,172446000000,800,true,0.87
"FPT",110941,"/Date(1700626199000)/",92800,100,1859600,172418000000,900,false,0.98
"FPT",110925,"/Date(1700626182000)/",92800,100,1859500,172409000000,900,false,0.98
"FPT",110912,"/Date(1700626169000)/",92800,100,1859400,172399000000,900,false,0.98
"FPT",110909,"/Date(1700626166000)/",92700,200,1859300,172390000000,800,true,0.87
"FPT",110847,"/Date(1700626144000)/",92800,300,1859100,172372000000,900,false,0.98
"FPT",110847,"/Date(1700626144000)/",92800,500,1858800,172344000000,900,false,0.98
"FPT",110847,"/Date(1700626144000)/",92800,100,1858300,172297000000,900,false,0.98
"FPT",110847,"/Date(1700626144000)/",92800,100,1858200,172288000000,900,false,0.98
"FPT",110809,"/Date(1700626107000)/",92700,100,1858100,172279000000,800,true,0.87
"FPT",110809,"/Date(1700626105000)/",92700,500,1858000,172270000000,800,true,0.87
"FPT",110740,"/Date(1700626079000)/",92700,500,1857500,172223000000,800,true,0.87
"FPT",110715,"/Date(1700626051000)/",92800,100,1857000,172177000000,900,false,0.98
"FPT",110607,"/Date(1700625986000)/",92800,100,1856900,172168000000,900,false,0.98
"FPT",110532,"/Date(1700625950000)/",92800,200,1856800,172158000000,900,false,0.98
"FPT",110454,"/Date(1700625911000)/",92800,500,1856600,172140000000,900,false,0.98
"FPT",110441,"/Date(1700625899000)/",92800,200,1856100,172093000000,900,false,0.98
"FPT",110426,"/Date(1700625882000)/",92800,1800,1855900,172075000000,900,false,0.98
"FPT",110354,"/Date(1700625851000)/",92800,100,1854100,171908000000,900,true,0.98
"FPT",110354,"/Date(1700625851000)/",92800,100,1854000,171898000000,900,true,0.98
"FPT",110354,"/Date(1700625851000)/",92800,100,1853900,171889000000,900,true,0.98
"FPT",110354,"/Date(1700625851000)/",92800,200,1853800,171880000000,900,true,0.98
"FPT",110341,"/Date(1700625839000)/",92800,200,1853600,171861000000,900,true,0.98
"FPT",110341,"/Date(1700625839000)/",92800,100,1853400,171843000000,900,true,0.98
"FPT",110319,"/Date(1700625816000)/",92800,20000,1853300,171834000000,900,true,0.98
"FPT",110315,"/Date(1700625812000)/",92800,5000,1833300,169978000000,900,true,0.98
"FPT",110303,"/Date(1700625801000)/",92800,100,1828300,169514000000,900,true,0.98
"FPT",110250,"/Date(1700625786000)/",92900,3200,1828200,169504000000,1000,false,1.09
"FPT",110250,"/Date(1700625786000)/",92900,2000,1825000,169207000000,1000,false,1.09
"FPT",110247,"/Date(1700625783000)/",92800,2700,1823000,169021000000,900,true,0.98
"FPT",105929,"/Date(1700625588000)/",92900,1000,1820300,168771000000,1000,false,1.09
"FPT",105929,"/Date(1700625585000)/",92800,300,1819300,168678000000,900,true,0.98
"FPT",105901,"/Date(1700625558000)/",92800,100,1819000,168650000000,900,true,0.98
"FPT",105851,"/Date(1700625547000)/",92800,1100,1818900,168641000000,900,true,0.98
"FPT",105851,"/Date(1700625547000)/",92800,1000,1817800,168539000000,900,true,0.98
"FPT",105851,"/Date(1700625547000)/",92800,200,1816800,168446000000,900,true,0.98
"FPT",105851,"/Date(1700625547000)/",92800,200,1816600,168427000000,900,true,0.98
"FPT",105851,"/Date(1700625547000)/",92800,1600,1816400,168409000000,900,true,0.98
"FPT",105829,"/Date(1700625526000)/",92800,400,1814800,168260000000,900,true,0.98
"FPT",105829,"/Date(1700625526000)/",92800,500,1814400,168223000000,900,true,0.98
"FPT",105829,"/Date(1700625526000)/",92800,4100,1813900,168177000000,900,true,0.98
"FPT",105823,"/Date(1700625520000)/",92800,300,1809800,167796000000,900,true,0.98
"FPT",105823,"/Date(1700625518000)/",92800,200,1809500,167768000000,900,true,0.98
"FPT",105813,"/Date(1700625509000)/",92800,200,1809300,167750000000,900,true,0.98
"FPT",105653,"/Date(1700625428000)/",92800,600,1809100,167731000000,900,false,0.98
"FPT",105650,"/Date(1700625426000)/",92800,1000,1808500,167675000000,900,false,0.98
"FPT",105647,"/Date(1700625424000)/",92800,1000,1807500,167583000000,900,false,0.98
"FPT",105641,"/Date(1700625418000)/",92800,100,1806500,167490000000,900,false,0.98
"FPT",105420,"/Date(1700625277000)/",92800,100,1806400,167481000000,900,false,0.98
"FPT",105404,"/Date(1700625259000)/",92800,700,1806300,167471000000,900,false,0.98
"FPT",105245,"/Date(1700625183000)/",92700,8200,1805600,167406000000,800,true,0.87
"FPT",105238,"/Date(1700625173000)/",92700,100,1797400,166646000000,800,true,0.87
"FPT",105109,"/Date(1700625084000)/",92700,4100,1797300,166637000000,800,true,0.87
"FPT",105106,"/Date(1700625082000)/",92800,100,1793200,166257000000,900,false,0.98
"FPT",105106,"/Date(1700625081000)/",92700,100,1793100,166248000000,800,true,0.87
"FPT",105047,"/Date(1700625062000)/",92800,200,1793000,166238000000,900,true,0.98
"FPT",105047,"/Date(1700625062000)/",92800,200,1792800,166220000000,900,true,0.98
"FPT",105047,"/Date(1700625062000)/",92800,100,1792600,166201000000,900,true,0.98
"FPT",105018,"/Date(1700625034000)/",92800,400,1792500,166192000000,900,true,0.98
"FPT",105018,"/Date(1700625034000)/",92800,4600,1792100,166155000000,900,true,0.98
"FPT",104953,"/Date(1700625010000)/",92800,400,1787500,165728000000,900,true,0.98
"FPT",104950,"/Date(1700625006000)/",92800,100,1787100,165691000000,900,true,0.98
"FPT",104950,"/Date(1700625006000)/",92800,100,1787000,165682000000,900,true,0.98
"FPT",104950,"/Date(1700625006000)/",92800,2000,1786900,165672000000,900,true,0.98
"FPT",104950,"/Date(1700625006000)/",92800,100,1784900,165487000000,900,true,0.98
"FPT",104950,"/Date(1700625006000)/",92800,100,1784800,165477000000,900,true,0.98
"FPT",104950,"/Date(1700625006000)/",92800,2600,1784700,165468000000,900,true,0.98
"FPT",104943,"/Date(1700624999000)/",92800,1000,1782100,165227000000,900,false,0.98
"FPT",104943,"/Date(1700624998000)/",92800,100,1781100,165134000000,900,false,0.98
"FPT",104846,"/Date(1700624942000)/",92800,6500,1781000,165125000000,900,false,0.98
"FPT",104758,"/Date(1700624895000)/",92800,1000,1774500,164522000000,900,false,0.98
"FPT",104743,"/Date(1700624879000)/",92700,200,1773500,164429000000,800,true,0.87
"FPT",104733,"/Date(1700624870000)/",92700,1000,1773300,164410000000,800,true,0.87
"FPT",104704,"/Date(1700624840000)/",92700,100,1772300,164317000000,800,true,0.87
"FPT",104607,"/Date(1700624783000)/",92800,5400,1772200,164308000000,900,true,0.98
"FPT",104607,"/Date(1700624783000)/",92800,2000,1766800,163807000000,900,true,0.98
"FPT",104607,"/Date(1700624783000)/",92800,100,1764800,163621000000,900,true,0.98
"FPT",104607,"/Date(1700624783000)/",92800,100,1764700,163612000000,900,true,0.98
"FPT",104607,"/Date(1700624783000)/",92800,100,1764600,163603000000,900,true,0.98
"FPT",104607,"/Date(1700624783000)/",92800,1100,1764500,163594000000,900,true,0.98
"FPT",104600,"/Date(1700624775000)/",92800,4300,1763400,163492000000,900,true,0.98
"FPT",104600,"/Date(1700624775000)/",92800,100,1759100,163093000000,900,true,0.98
"FPT",104600,"/Date(1700624775000)/",92800,500,1759000,163083000000,900,true,0.98
"FPT",104600,"/Date(1700624775000)/",92800,100,1758500,163037000000,900,true,0.98
"FPT",104600,"/Date(1700624775000)/",92800,100,1758400,163028000000,900,true,0.98
"FPT",104600,"/Date(1700624775000)/",92800,10000,1758300,163018000000,900,true,0.98
"FPT",104600,"/Date(1700624775000)/",92800,200,1748300,162090000000,900,true,0.98
"FPT",104600,"/Date(1700624775000)/",92800,2000,1748100,162072000000,900,true,0.98
"FPT",104600,"/Date(1700624775000)/",92800,200,1746100,161886000000,900,true,0.98
"FPT",104600,"/Date(1700624775000)/",92800,500,1745900,161868000000,900,true,0.98
"FPT",104600,"/Date(1700624775000)/",92800,200,1745400,161821000000,900,true,0.98
"FPT",104600,"/Date(1700624775000)/",92800,200,1745200,161803000000,900,true,0.98
"FPT",104600,"/Date(1700624775000)/",92800,1600,1745000,161784000000,900,true,0.98
"FPT",104557,"/Date(1700624774000)/",92800,200,1743400,161636000000,900,true,0.98
"FPT",104548,"/Date(1700624764000)/",92800,600,1743200,161617000000,900,true,0.98
"FPT",104525,"/Date(1700624741000)/",92800,100,1742600,161561000000,900,true,0.98
"FPT",104516,"/Date(1700624731000)/",92800,1000,1742500,161552000000,900,true,0.98
"FPT",104500,"/Date(1700624714000)/",92800,300,1741500,161459000000,900,true,0.98
"FPT",104422,"/Date(1700624679000)/",92800,100,1741200,161431000000,900,true,0.98
"FPT",104419,"/Date(1700624675000)/",92800,100,1741100,161422000000,900,true,0.98
"FPT",104356,"/Date(1700624651000)/",92800,10000,1741000,161413000000,900,true,0.98
"FPT",104344,"/Date(1700624638000)/",92800,1000,1731000,160485000000,900,true,0.98
"FPT",104337,"/Date(1700624633000)/",92800,400,1730000,160392000000,900,true,0.98
"FPT",104328,"/Date(1700624625000)/",92800,500,1729600,160355000000,900,true,0.98
"FPT",104312,"/Date(1700624606000)/",92800,4100,1729100,160309000000,900,true,0.98
"FPT",104312,"/Date(1700624606000)/",92800,2000,1725000,159928000000,900,true,0.98
"FPT",104312,"/Date(1700624606000)/",92800,3900,1723000,159742000000,900,true,0.98
"FPT",104305,"/Date(1700624602000)/",92900,100,1719100,159381000000,1000,false,1.09
"FPT",104227,"/Date(1700624563000)/",92800,1500,1719000,159371000000,900,true,0.98
"FPT",104227,"/Date(1700624563000)/",92800,3500,1717500,159232000000,900,true,0.98
"FPT",104152,"/Date(1700624526000)/",92800,200,1714000,158907000000,900,true,0.98
"FPT",104123,"/Date(1700624498000)/",92800,100,1713800,158889000000,900,true,0.98
"FPT",104104,"/Date(1700624479000)/",92800,200,1713700,158879000000,900,true,0.98
"FPT",104101,"/Date(1700624478000)/",92800,100,1713500,158861000000,900,true,0.98
"FPT",104055,"/Date(1700624471000)/",92800,300,1713400,158852000000,900,true,0.98
"FPT",104026,"/Date(1700624441000)/",92800,200,1713100,158824000000,900,true,0.98
"FPT",103954,"/Date(1700624409000)/",92800,100,1712900,158805000000,900,true,0.98
"FPT",103903,"/Date(1700624359000)/",92800,300,1712800,158796000000,900,true,0.98
"FPT",103903,"/Date(1700624359000)/",92800,1000,1712500,158768000000,900,true,0.98
"FPT",103903,"/Date(1700624359000)/",92800,1000,1711500,158675000000,900,true,0.98
"FPT",103903,"/Date(1700624359000)/",92800,100,1710500,158582000000,900,true,0.98
"FPT",103903,"/Date(1700624359000)/",92800,100,1710400,158573000000,900,true,0.98
"FPT",103903,"/Date(1700624359000)/",92800,5000,1710300,158564000000,900,true,0.98
"FPT",103903,"/Date(1700624359000)/",92800,2500,1705300,158100000000,900,true,0.98
"FPT",103903,"/Date(1700624358000)/",92900,100,1702800,157868000000,1000,false,1.09
"FPT",103800,"/Date(1700624296000)/",92900,5400,1702700,157859000000,1000,false,1.09
"FPT",103728,"/Date(1700624263000)/",92900,300,1697300,157357000000,1000,false,1.09
"FPT",103728,"/Date(1700624263000)/",92900,200,1697000,157329000000,1000,false,1.09
"FPT",103728,"/Date(1700624263000)/",92900,200,1696800,157310000000,1000,false,1.09
"FPT",103728,"/Date(1700624263000)/",92900,200,1696600,157292000000,1000,false,1.09
"FPT",103728,"/Date(1700624263000)/",92900,100,1696400,157273000000,1000,false,1.09
"FPT",103728,"/Date(1700624263000)/",92900,2900,1696300,157264000000,1000,false,1.09
"FPT",103728,"/Date(1700624263000)/",92900,100,1693400,156995000000,1000,false,1.09
"FPT",103728,"/Date(1700624263000)/",92900,100,1693300,156985000000,1000,false,1.09
"FPT",103728,"/Date(1700624263000)/",92900,500,1693200,156976000000,1000,false,1.09
"FPT",103728,"/Date(1700624263000)/",92900,200,1692700,156930000000,1000,false,1.09
"FPT",103728,"/Date(1700624263000)/",92900,100,1692500,156911000000,1000,false,1.09
"FPT",103728,"/Date(1700624263000)/",92900,100,1692400,156902000000,1000,false,1.09
"FPT",103728,"/Date(1700624263000)/",92900,1400,1692300,156892000000,1000,false,1.09
"FPT",103728,"/Date(1700624262000)/",92900,8200,1690900,156762000000,1000,false,1.09
"FPT",103718,"/Date(1700624254000)/",92900,10400,1682700,156001000000,1000,true,1.09
"FPT",103718,"/Date(1700624254000)/",92900,2000,1672300,155034000000,1000,true,1.09
"FPT",103718,"/Date(1700624254000)/",92900,2000,1670300,154849000000,1000,true,1.09
"FPT",103718,"/Date(1700624254000)/",92900,200,1668300,154663000000,1000,true,1.09
"FPT",103718,"/Date(1700624254000)/",92900,200,1668100,154644000000,1000,true,1.09
"FPT",103718,"/Date(1700624254000)/",92900,3000,1667900,154626000000,1000,true,1.09
"FPT",103718,"/Date(1700624254000)/",92900,8300,1664900,154347000000,1000,true,1.09
"FPT",103709,"/Date(1700624243000)/",93000,100,1656600,153576000000,1100,false,1.2
"FPT",103556,"/Date(1700624171000)/",93000,2200,1656500,153567000000,1100,false,1.2
"FPT",103556,"/Date(1700624171000)/",93000,200,1654300,153362000000,1100,false,1.2
"FPT",103556,"/Date(1700624171000)/",93000,100,1654100,153343000000,1100,false,1.2
"FPT",103556,"/Date(1700624171000)/",93000,500,1654000,153334000000,1100,false,1.2
"FPT",103546,"/Date(1700624162000)/",93000,300,1653500,153288000000,1100,false,1.2
"FPT",103446,"/Date(1700624101000)/",93000,100,1653200,153260000000,1100,true,1.2
"FPT",103446,"/Date(1700624101000)/",93000,100,1653100,153250000000,1100,true,1.2
"FPT",103433,"/Date(1700624089000)/",93000,100,1653000,153241000000,1100,true,1.2
"FPT",103430,"/Date(1700624085000)/",93000,200,1652900,153232000000,1100,true,1.2
"FPT",103423,"/Date(1700624078000)/",93000,400,1652700,153213000000,1100,true,1.2
"FPT",103423,"/Date(1700624078000)/",93000,200,1652300,153176000000,1100,true,1.2
"FPT",103417,"/Date(1700624071000)/",93000,300,1652100,153157000000,1100,true,1.2
"FPT",103411,"/Date(1700624066000)/",93000,100,1651800,153130000000,1100,true,1.2
"FPT",103407,"/Date(1700624061000)/",93000,400,1651700,153120000000,1100,true,1.2
"FPT",103407,"/Date(1700624061000)/",93000,300,1651300,153083000000,1100,true,1.2
"FPT",103407,"/Date(1700624061000)/",93000,200,1651000,153055000000,1100,true,1.2
"FPT",103407,"/Date(1700624061000)/",93000,100,1650800,153037000000,1100,true,1.2
"FPT",103401,"/Date(1700624057000)/",93000,300,1650700,153027000000,1100,true,1.2
"FPT",103358,"/Date(1700624053000)/",93000,200,1650400,152999000000,1100,true,1.2
"FPT",103348,"/Date(1700624043000)/",93000,200,1650200,152981000000,1100,true,1.2
"FPT",103348,"/Date(1700624042000)/",93000,100,1650000,152962000000,1100,true,1.2
"FPT",103345,"/Date(1700624041000)/",93000,500,1649900,152953000000,1100,true,1.2
"FPT",103345,"/Date(1700624039000)/",93000,100,1649400,152906000000,1100,true,1.2
"FPT",103345,"/Date(1700624038000)/",93000,100,1649300,152897000000,1100,true,1.2
"FPT",103326,"/Date(1700624021000)/",93000,200,1649200,152888000000,1100,true,1.2
"FPT",103323,"/Date(1700624018000)/",93000,300,1649000,152869000000,1100,true,1.2
"FPT",103320,"/Date(1700624015000)/",93000,100,1648700,152841000000,1100,true,1.2
"FPT",103316,"/Date(1700624010000)/",93000,100,1648600,152832000000,1100,true,1.2
"FPT",103313,"/Date(1700624008000)/",93000,100,1648500,152823000000,1100,true,1.2
"FPT",103307,"/Date(1700624001000)/",93000,300,1648400,152813000000,1100,true,1.2
"FPT",103300,"/Date(1700623994000)/",93000,100,1648100,152785000000,1100,true,1.2
"FPT",103248,"/Date(1700623981000)/",93000,100,1648000,152776000000,1100,true,1.2
"FPT",103245,"/Date(1700623980000)/",93000,200,1647900,152767000000,1100,true,1.2
"FPT",103226,"/Date(1700623958000)/",93000,1000,1647700,152748000000,1100,true,1.2
"FPT",103222,"/Date(1700623955000)/",93000,600,1646700,152655000000,1100,false,1.2
"FPT",103222,"/Date(1700623955000)/",93000,100,1646100,152599000000,1100,false,1.2
"FPT",103222,"/Date(1700623955000)/",93000,200,1646000,152590000000,1100,false,1.2
"FPT",103213,"/Date(1700623945000)/",93000,100,1645800,152572000000,1100,false,1.2
"FPT",103210,"/Date(1700623943000)/",93000,300,1645700,152562000000,1100,true,1.2
"FPT",103206,"/Date(1700623942000)/",93000,500,1645400,152534000000,1100,true,1.2
"FPT",103206,"/Date(1700623941000)/",93000,100,1644900,152488000000,1100,true,1.2
"FPT",103206,"/Date(1700623941000)/",93000,400,1644800,152479000000,1100,true,1.2
"FPT",103203,"/Date(1700623938000)/",93000,100,1644400,152441000000,1100,true,1.2
"FPT",103203,"/Date(1700623938000)/",93000,500,1644300,152432000000,1100,true,1.2
"FPT",103203,"/Date(1700623936000)/",93000,300,1643800,152386000000,1100,true,1.2
"FPT",103200,"/Date(1700623935000)/",93000,100,1643500,152358000000,1100,true,1.2
"FPT",103154,"/Date(1700623927000)/",93000,100,1643400,152348000000,1100,true,1.2
"FPT",103151,"/Date(1700623926000)/",93000,100,1643300,152339000000,1100,true,1.2
"FPT",103141,"/Date(1700623915000)/",93000,500,1643200,152330000000,1100,false,1.2
"FPT",103141,"/Date(1700623914000)/",93000,600,1642700,152283000000,1100,false,1.2
"FPT",103141,"/Date(1700623914000)/",93000,3200,1642100,152227000000,1100,false,1.2
"FPT",103131,"/Date(1700623906000)/",92900,1000,1638900,151930000000,1000,true,1.09
"FPT",103119,"/Date(1700623894000)/",93000,1800,1637900,151837000000,1100,false,1.2
"FPT",103119,"/Date(1700623894000)/",93000,100,1636100,151670000000,1100,false,1.2
"FPT",103119,"/Date(1700623894000)/",93000,3500,1636000,151660000000,1100,false,1.2
"FPT",103106,"/Date(1700623882000)/",93000,5000,1632500,151335000000,1100,false,1.2
"FPT",103040,"/Date(1700623856000)/",93000,200,1627500,150870000000,1100,false,1.2
"FPT",103037,"/Date(1700623852000)/",93000,200,1627300,150851000000,1100,false,1.2
"FPT",103037,"/Date(1700623852000)/",93000,1100,1627100,150833000000,1100,false,1.2
"FPT",103034,"/Date(1700623849000)/",93000,100,1626000,150730000000,1100,true,1.2
"FPT",103034,"/Date(1700623848000)/",93000,3000,1625900,150721000000,1100,true,1.2
"FPT",103034,"/Date(1700623848000)/",93000,1200,1622900,150442000000,1100,true,1.2
"FPT",103028,"/Date(1700623843000)/",93000,300,1621700,150330000000,1100,false,1.2
"FPT",103028,"/Date(1700623843000)/",93000,200,1621400,150302000000,1100,false,1.2
"FPT",103018,"/Date(1700623833000)/",93000,800,1621200,150284000000,1100,false,1.2
"FPT",103018,"/Date(1700623833000)/",93000,1000,1620400,150209000000,1100,false,1.2
"FPT",103018,"/Date(1700623833000)/",93000,100,1619400,150116000000,1100,false,1.2
"FPT",103018,"/Date(1700623833000)/",93000,200,1619300,150107000000,1100,false,1.2
"FPT",103018,"/Date(1700623833000)/",93000,500,1619100,150089000000,1100,false,1.2
"FPT",103018,"/Date(1700623833000)/",93000,200,1618600,150042000000,1100,false,1.2
"FPT",103018,"/Date(1700623833000)/",93000,10000,1618400,150023000000,1100,false,1.2
"FPT",103018,"/Date(1700623833000)/",93000,200,1608400,149093000000,1100,false,1.2
"FPT",103018,"/Date(1700623833000)/",93000,1000,1608200,149075000000,1100,false,1.2
"FPT",103018,"/Date(1700623833000)/",93000,100,1607200,148982000000,1100,false,1.2
"FPT",103018,"/Date(1700623833000)/",93000,1000,1607100,148973000000,1100,false,1.2
"FPT",103018,"/Date(1700623833000)/",93000,100,1606100,148880000000,1100,false,1.2
"FPT",103018,"/Date(1700623833000)/",93000,100,1606000,148870000000,1100,false,1.2
"FPT",103018,"/Date(1700623833000)/",93000,1600,1605900,148861000000,1100,false,1.2
"FPT",103018,"/Date(1700623833000)/",93000,100,1604300,148712000000,1100,false,1.2
"FPT",103002,"/Date(1700623815000)/",93000,100,1604200,148703000000,1100,false,1.2
"FPT",102918,"/Date(1700623772000)/",93000,100,1604100,148694000000,1100,false,1.2
"FPT",102918,"/Date(1700623772000)/",93000,100,1604000,148684000000,1100,false,1.2
"FPT",102859,"/Date(1700623751000)/",93000,300,1603900,148675000000,1100,false,1.2
"FPT",102855,"/Date(1700623751000)/",92900,700,1603600,148647000000,1000,true,1.09
"FPT",102855,"/Date(1700623751000)/",92900,300,1602900,148582000000,1000,true,1.09
"FPT",102811,"/Date(1700623705000)/",93000,100,1602600,148554000000,1100,true,1.2
"FPT",102811,"/Date(1700623705000)/",93000,200,1602500,148545000000,1100,true,1.2
"FPT",102811,"/Date(1700623705000)/",93000,800,1602300,148526000000,1100,true,1.2
"FPT",102811,"/Date(1700623704000)/",93000,100,1601500,148452000000,1100,true,1.2
"FPT",102805,"/Date(1700623700000)/",93000,1000,1601400,148443000000,1100,true,1.2
"FPT",102805,"/Date(1700623698000)/",93000,100,1600400,148350000000,1100,true,1.2
"FPT",102749,"/Date(1700623684000)/",93000,200,1600300,148340000000,1100,true,1.2
"FPT",102745,"/Date(1700623679000)/",93000,200,1600100,148322000000,1100,true,1.2
"FPT",102736,"/Date(1700623671000)/",93000,1000,1599900,148303000000,1100,false,1.2
"FPT",102736,"/Date(1700623671000)/",93000,100,1598900,148210000000,1100,false,1.2
"FPT",102736,"/Date(1700623671000)/",93000,1100,1598800,148201000000,1100,false,1.2
"FPT",102736,"/Date(1700623671000)/",93000,3200,1597700,148098000000,1100,false,1.2
"FPT",102736,"/Date(1700623671000)/",93000,700,1594500,147801000000,1100,false,1.2
"FPT",102736,"/Date(1700623671000)/",93000,200,1593800,147736000000,1100,false,1.2
"FPT",102736,"/Date(1700623671000)/",93000,1300,1593600,147717000000,1100,false,1.2
"FPT",102733,"/Date(1700623667000)/",93000,500,1592300,147596000000,1100,false,1.2
"FPT",102710,"/Date(1700623643000)/",93000,3200,1591800,147550000000,1100,false,1.2
"FPT",102710,"/Date(1700623643000)/",93000,2400,1588600,147252000000,1100,false,1.2
"FPT",102710,"/Date(1700623643000)/",93000,500,1586200,147029000000,1100,false,1.2
"FPT",102710,"/Date(1700623643000)/",93000,3900,1585700,146982000000,1100,false,1.2
"FPT",102638,"/Date(1700623612000)/",93000,200,1581800,146620000000,1100,false,1.2
"FPT",102638,"/Date(1700623611000)/",93000,900,1581600,146601000000,1100,false,1.2
"FPT",102638,"/Date(1700623611000)/",93000,100,1580700,146517000000,1100,false,1.2
"FPT",102632,"/Date(1700623607000)/",93000,100,1580600,146508000000,1100,false,1.2
"FPT",102622,"/Date(1700623597000)/",93000,300,1580500,146499000000,1100,false,1.2
"FPT",102622,"/Date(1700623597000)/",93000,100,1580200,146471000000,1100,false,1.2
"FPT",102619,"/Date(1700623594000)/",93000,200,1580100,146462000000,1100,false,1.2
"FPT",102616,"/Date(1700623590000)/",93000,1800,1579900,146443000000,1100,false,1.2
"FPT",102616,"/Date(1700623590000)/",93000,400,1578100,146276000000,1100,false,1.2
"FPT",102603,"/Date(1700623578000)/",93000,100,1577700,146238000000,1100,false,1.2
"FPT",102603,"/Date(1700623578000)/",93000,300,1577600,146229000000,1100,false,1.2
"FPT",102603,"/Date(1700623578000)/",93000,100,1577300,146201000000,1100,false,1.2
"FPT",102603,"/Date(1700623578000)/",93000,100,1577200,146192000000,1100,false,1.2
"FPT",102600,"/Date(1700623575000)/",93000,300,1577100,146183000000,1100,false,1.2
"FPT",102541,"/Date(1700623556000)/",93000,600,1576800,146155000000,1100,true,1.2
"FPT",102541,"/Date(1700623556000)/",93000,100,1576200,146099000000,1100,true,1.2
"FPT",102535,"/Date(1700623548000)/",93000,100,1576100,146090000000,1100,true,1.2
"FPT",102532,"/Date(1700623544000)/",93000,100,1576000,146080000000,1100,true,1.2
"FPT",102528,"/Date(1700623542000)/",93000,500,1575900,146071000000,1100,false,1.2
"FPT",102528,"/Date(1700623542000)/",93000,7300,1575400,146025000000,1100,false,1.2
"FPT",102525,"/Date(1700623539000)/",93000,100,1568100,145346000000,1100,false,1.2
"FPT",102522,"/Date(1700623534000)/",93000,1500,1568000,145336000000,1100,false,1.2
"FPT",102519,"/Date(1700623531000)/",93000,1000,1566500,145197000000,1100,true,1.2
"FPT",102519,"/Date(1700623531000)/",93000,100,1565500,145104000000,1100,true,1.2
"FPT",102509,"/Date(1700623524000)/",93000,1000,1565400,145095000000,1100,true,1.2
"FPT",102509,"/Date(1700623524000)/",93000,100,1564400,145002000000,1100,true,1.2
"FPT",102509,"/Date(1700623524000)/",93000,200,1564300,144992000000,1100,true,1.2
"FPT",102509,"/Date(1700623524000)/",93000,500,1564100,144974000000,1100,true,1.2
"FPT",102509,"/Date(1700623524000)/",93000,300,1563600,144927000000,1100,true,1.2
"FPT",102509,"/Date(1700623524000)/",93000,2900,1563300,144899000000,1100,true,1.2
"FPT",102503,"/Date(1700623517000)/",93000,600,1560400,144630000000,1100,true,1.2
"FPT",102503,"/Date(1700623517000)/",93000,200,1559800,144574000000,1100,true,1.2
"FPT",102503,"/Date(1700623517000)/",93000,200,1559600,144555000000,1100,true,1.2
"FPT",102503,"/Date(1700623517000)/",93000,100,1559400,144537000000,1100,true,1.2
"FPT",102503,"/Date(1700623517000)/",93000,1000,1559300,144527000000,1100,true,1.2
"FPT",102503,"/Date(1700623517000)/",93000,900,1558300,144434000000,1100,true,1.2
"FPT",102500,"/Date(1700623515000)/",93000,500,1557400,144351000000,1100,true,1.2
"FPT",102447,"/Date(1700623502000)/",93000,600,1556900,144304000000,1100,true,1.2
"FPT",102447,"/Date(1700623502000)/",93000,500,1556300,144248000000,1100,true,1.2
"FPT",102444,"/Date(1700623496000)/",93000,500,1555800,144202000000,1100,true,1.2
"FPT",102441,"/Date(1700623495000)/",93000,100,1555300,144155000000,1100,true,1.2
"FPT",102340,"/Date(1700623433000)/",93000,500,1555200,144146000000,1100,true,1.2
"FPT",102321,"/Date(1700623413000)/",93000,1000,1554700,144099000000,1100,true,1.2
"FPT",102314,"/Date(1700623408000)/",93000,500,1553700,144006000000,1100,true,1.2
"FPT",102314,"/Date(1700623407000)/",93000,500,1553200,143960000000,1100,true,1.2
"FPT",102305,"/Date(1700623398000)/",93000,6400,1552700,143913000000,1100,true,1.2
"FPT",102217,"/Date(1700623349000)/",93100,100,1546300,143318000000,1200,false,1.31
"FPT",102214,"/Date(1700623348000)/",93100,2000,1546200,143309000000,1200,false,1.31
"FPT",102205,"/Date(1700623336000)/",93100,200,1544200,143123000000,1200,false,1.31
"FPT",102114,"/Date(1700623286000)/",93100,600,1544000,143104000000,1200,false,1.31
"FPT",102114,"/Date(1700623286000)/",93000,2000,1543400,143048000000,1100,false,1.2
"FPT",102114,"/Date(1700623286000)/",93000,1000,1541400,142862000000,1100,false,1.2
"FPT",102114,"/Date(1700623286000)/",93000,100,1540400,142769000000,1100,false,1.2
"FPT",102114,"/Date(1700623286000)/",93000,100,1540300,142760000000,1100,false,1.2
"FPT",102114,"/Date(1700623286000)/",93000,200,1540200,142751000000,1100,false,1.2
"FPT",102114,"/Date(1700623286000)/",93000,1000,1540000,142732000000,1100,false,1.2
"FPT",102114,"/Date(1700623286000)/",93000,100,1539000,142639000000,1100,false,1.2
"FPT",102114,"/Date(1700623286000)/",93000,100,1538900,142630000000,1100,false,1.2
"FPT",102114,"/Date(1700623286000)/",93000,200,1538800,142620000000,1100,false,1.2
"FPT",102054,"/Date(1700623269000)/",93000,800,1538600,142602000000,1100,false,1.2
"FPT",102054,"/Date(1700623269000)/",93000,200,1537800,142527000000,1100,false,1.2
"FPT",102013,"/Date(1700623225000)/",93000,2000,1537600,142509000000,1100,false,1.2
"FPT",102013,"/Date(1700623225000)/",93000,100,1535600,142323000000,1100,false,1.2
"FPT",102013,"/Date(1700623225000)/",93000,200,1535500,142314000000,1100,false,1.2
"FPT",102013,"/Date(1700623225000)/",93000,200,1535300,142295000000,1100,false,1.2
"FPT",102013,"/Date(1700623225000)/",93000,100,1535100,142276000000,1100,false,1.2
"FPT",102013,"/Date(1700623225000)/",93000,2000,1535000,142267000000,1100,false,1.2
"FPT",102013,"/Date(1700623225000)/",93000,1000,1533000,142081000000,1100,false,1.2
"FPT",102013,"/Date(1700623225000)/",93000,100,1532000,141988000000,1100,false,1.2
"FPT",102013,"/Date(1700623225000)/",93000,1000,1531900,141979000000,1100,false,1.2
"FPT",102013,"/Date(1700623225000)/",93000,3100,1530900,141886000000,1100,false,1.2
"FPT",102010,"/Date(1700623222000)/",93000,200,1527800,141597000000,1100,true,1.2
"FPT",102007,"/Date(1700623220000)/",93000,200,1527600,141579000000,1100,true,1.2
"FPT",102000,"/Date(1700623214000)/",93000,100,1527400,141560000000,1100,true,1.2
"FPT",101957,"/Date(1700623211000)/",93000,500,1527300,141551000000,1100,true,1.2
"FPT",101957,"/Date(1700623211000)/",93000,100,1526800,141504000000,1100,true,1.2
"FPT",101948,"/Date(1700623199000)/",93000,200,1526700,141495000000,1100,true,1.2
"FPT",101932,"/Date(1700623186000)/",93000,1000,1526500,141477000000,1100,true,1.2
"FPT",101916,"/Date(1700623169000)/",93000,4600,1525500,141384000000,1100,true,1.2
"FPT",101916,"/Date(1700623169000)/",93000,1000,1520900,140956000000,1100,true,1.2
"FPT",101916,"/Date(1700623169000)/",93000,300,1519900,140863000000,1100,true,1.2
"FPT",101916,"/Date(1700623169000)/",93000,1000,1519600,140835000000,1100,true,1.2
"FPT",101916,"/Date(1700623169000)/",93000,1000,1518600,140742000000,1100,true,1.2
"FPT",101916,"/Date(1700623169000)/",93000,2100,1517600,140649000000,1100,true,1.2
"FPT",101916,"/Date(1700623169000)/",93100,1000,1515500,140454000000,1200,false,1.31
"FPT",101906,"/Date(1700623160000)/",93000,900,1514500,140360000000,1100,true,1.2
"FPT",101906,"/Date(1700623160000)/",93000,1100,1513600,140277000000,1100,true,1.2
"FPT",101906,"/Date(1700623158000)/",93000,500,1512500,140174000000,1100,true,1.2
"FPT",101906,"/Date(1700623158000)/",93000,100,1512000,140128000000,1100,true,1.2
"FPT",101900,"/Date(1700623151000)/",93000,500,1511900,140119000000,1100,true,1.2
"FPT",101850,"/Date(1700623144000)/",93000,100,1511400,140072000000,1100,true,1.2
"FPT",101841,"/Date(1700623133000)/",93000,300,1511300,140063000000,1100,true,1.2
"FPT",101834,"/Date(1700623127000)/",93000,100,1511000,140035000000,1100,true,1.2
"FPT",101756,"/Date(1700623090000)/",93000,100,1510900,140026000000,1100,true,1.2
"FPT",101750,"/Date(1700623082000)/",93100,300,1510800,140016000000,1200,false,1.31
"FPT",101734,"/Date(1700623067000)/",93100,1200,1510500,139988000000,1200,false,1.31
"FPT",101734,"/Date(1700623066000)/",93000,1200,1509300,139877000000,1100,true,1.2
"FPT",101727,"/Date(1700623059000)/",93000,200,1508100,139765000000,1100,true,1.2
"FPT",101711,"/Date(1700623045000)/",93000,100,1507900,139746000000,1100,true,1.2
"FPT",101711,"/Date(1700623045000)/",93000,100,1507800,139737000000,1100,true,1.2
"FPT",101711,"/Date(1700623045000)/",93000,100,1507700,139728000000,1100,true,1.2
"FPT",101711,"/Date(1700623045000)/",93000,600,1507600,139719000000,1100,true,1.2
"FPT",101711,"/Date(1700623045000)/",93000,4900,1507000,139663000000,1100,true,1.2
"FPT",101711,"/Date(1700623044000)/",93000,100,1502100,139207000000,1100,true,1.2
"FPT",101711,"/Date(1700623044000)/",93000,100,1502000,139198000000,1100,true,1.2
"FPT",101711,"/Date(1700623044000)/",93000,300,1501900,139188000000,1100,true,1.2
"FPT",101711,"/Date(1700623044000)/",93000,100,1501600,139161000000,1100,true,1.2
"FPT",101711,"/Date(1700623044000)/",93000,100,1501500,139151000000,1100,true,1.2
"FPT",101711,"/Date(1700623044000)/",93000,500,1501400,139142000000,1100,true,1.2
"FPT",101711,"/Date(1700623044000)/",93000,5000,1500900,139095000000,1100,true,1.2
"FPT",101711,"/Date(1700623044000)/",93000,1000,1495900,138630000000,1100,true,1.2
"FPT",101711,"/Date(1700623044000)/",93000,100,1494900,138537000000,1100,true,1.2
"FPT",101711,"/Date(1700623044000)/",93000,100,1494800,138528000000,1100,true,1.2
"FPT",101711,"/Date(1700623044000)/",93000,3000,1494700,138519000000,1100,true,1.2
"FPT",101711,"/Date(1700623044000)/",93000,1000,1491700,138240000000,1100,true,1.2
"FPT",101711,"/Date(1700623044000)/",93000,100,1490700,138147000000,1100,true,1.2
"FPT",101711,"/Date(1700623044000)/",93000,100,1490600,138138000000,1100,true,1.2
"FPT",101711,"/Date(1700623044000)/",93000,100,1490500,138128000000,1100,true,1.2
"FPT",101711,"/Date(1700623044000)/",93000,400,1490400,138119000000,1100,true,1.2
"FPT",101711,"/Date(1700623044000)/",93000,100,1490000,138082000000,1100,true,1.2
"FPT",101711,"/Date(1700623044000)/",93000,1000,1489900,138072000000,1100,true,1.2
"FPT",101711,"/Date(1700623044000)/",93000,100,1488900,137979000000,1100,true,1.2
"FPT",101711,"/Date(1700623044000)/",93000,1000,1488800,137970000000,1100,true,1.2
"FPT",101711,"/Date(1700623044000)/",93000,200,1487800,137877000000,1100,true,1.2
"FPT",101711,"/Date(1700623044000)/",93000,100,1487600,137859000000,1100,true,1.2
"FPT",101711,"/Date(1700623044000)/",93000,20000,1487500,137849000000,1100,true,1.2
"FPT",101711,"/Date(1700623044000)/",93000,500,1467500,135989000000,1100,true,1.2
"FPT",101711,"/Date(1700623044000)/",93000,1000,1467000,135943000000,1100,true,1.2
"FPT",101711,"/Date(1700623044000)/",93000,600,1466000,135850000000,1100,true,1.2
"FPT",101711,"/Date(1700623044000)/",93000,1300,1465400,135794000000,1100,true,1.2
"FPT",101708,"/Date(1700623040000)/",93000,1000,1464100,135673000000,1100,false,1.2
"FPT",101705,"/Date(1700623038000)/",93000,7700,1463100,135580000000,1100,false,1.2
"FPT",101705,"/Date(1700623038000)/",93000,100,1455400,134864000000,1100,false,1.2
"FPT",101705,"/Date(1700623038000)/",93000,100,1455300,134855000000,1100,false,1.2
"FPT",101705,"/Date(1700623038000)/",93000,100,1455200,134845000000,1100,false,1.2
"FPT",101705,"/Date(1700623038000)/",93000,500,1455100,134836000000,1100,false,1.2
"FPT",101705,"/Date(1700623038000)/",93000,100,1454600,134790000000,1100,false,1.2
"FPT",101705,"/Date(1700623038000)/",93000,5500,1454500,134780000000,1100,false,1.2
