"Stockcode","Package","TradingDate","Price","Vol","TotalVol","TotalVal","Change","IsBuy","PerChange"
"MBB",144431,"/Date(1700639104000)/",18050,312500,7610300,137365000000,-50,false,-0.28
"MBB",142920,"/Date(1700638196000)/",18000,39200,7297800,131725000000,-100,true,-0.55
"MBB",142920,"/Date(1700638196000)/",18050,400,7258600,131019000000,-50,true,-0.28
"MBB",142920,"/Date(1700638196000)/",18050,200,7258200,131012000000,-50,true,-0.28
"MBB",142920,"/Date(1700638196000)/",18050,200,7258000,131008000000,-50,true,-0.28
"MBB",142917,"/Date(1700638191000)/",18050,300,7257800,131005000000,-50,true,-0.28
"MBB",142904,"/Date(1700638179000)/",18050,500,7257500,130999000000,-50,true,-0.28
"MBB",142854,"/Date(1700638170000)/",18050,500,7257000,130990000000,-50,false,-0.28
"MBB",142851,"/Date(1700638168000)/",18050,900,7256500,130981000000,-50,false,-0.28
"MBB",142851,"/Date(1700638168000)/",18050,900,7255600,130965000000,-50,false,-0.28
"MBB",142851,"/Date(1700638168000)/",18050,100,7254700,130949000000,-50,false,-0.28
"MBB",142816,"/Date(1700638131000)/",18000,1000,7254600,130947000000,-100,true,-0.55
"MBB",142816,"/Date(1700638131000)/",18000,1000,7253600,130929000000,-100,true,-0.55
"MBB",142816,"/Date(1700638131000)/",18000,76000,7252600,130911000000,-100,true,-0.55
"MBB",142813,"/Date(1700638129000)/",18000,500,7176600,129543000000,-100,false,-0.55
"MBB",142813,"/Date(1700638129000)/",18000,1000,7176100,129534000000,-100,false,-0.55
"MBB",142813,"/Date(1700638128000)/",18000,1000,7175100,129516000000,-100,false,-0.55
"MBB",142813,"/Date(1700638127000)/",18000,10000,7174100,129498000000,-100,false,-0.55
"MBB",142813,"/Date(1700638127000)/",18000,6200,7164100,129318000000,-100,false,-0.55
"MBB",142810,"/Date(1700638127000)/",18000,1000,7157900,129206000000,-100,false,-0.55
"MBB",142810,"/Date(1700638124000)/",18000,100,7156900,129188000000,-100,false,-0.55
"MBB",142806,"/Date(1700638123000)/",17950,1000,7156800,129186000000,-150,true,-0.83
"MBB",142806,"/Date(1700638123000)/",17950,2000,7155800,129168000000,-150,true,-0.83
"MBB",142806,"/Date(1700638121000)/",18000,1000,7153800,129133000000,-100,false,-0.55
"MBB",142803,"/Date(1700638120000)/",18000,1000,7152800,129115000000,-100,false,-0.55
"MBB",142803,"/Date(1700638120000)/",18000,200,7151800,129097000000,-100,false,-0.55
"MBB",142803,"/Date(1700638118000)/",18000,30000,7151600,129093000000,-100,false,-0.55
"MBB",142757,"/Date(1700638113000)/",18000,2000,7121600,128553000000,-100,false,-0.55
"MBB",142757,"/Date(1700638113000)/",18000,20000,7119600,128517000000,-100,false,-0.55
"MBB",142757,"/Date(1700638113000)/",18000,300,7099600,128157000000,-100,false,-0.55
"MBB",142757,"/Date(1700638113000)/",18000,20000,7099300,128152000000,-100,false,-0.55
"MBB",142757,"/Date(1700638111000)/",18000,12000,7079300,127792000000,-100,false,-0.55
"MBB",142754,"/Date(1700638110000)/",18000,10000,7067300,127576000000,-100,false,-0.55
"MBB",142754,"/Date(1700638109000)/",18000,100,7057300,127396000000,-100,false,-0.55
"MBB",142754,"/Date(1700638109000)/",18000,500,7057200,127394000000,-100,false,-0.55
"MBB",142750,"/Date(1700638107000)/",18000,200,7056700,127385000000,-100,false,-0.55
"MBB",142750,"/Date(1700638107000)/",18000,500,7056500,127381000000,-100,false,-0.55
"MBB",142750,"/Date(1700638107000)/",18000,2000,7056000,127372000000,-100,false,-0.55
"MBB",142750,"/Date(1700638105000)/",18000,100,7054000,127336000000,-100,false,-0.55
"MBB",142750,"/Date(1700638104000)/",18000,500,7053900,127334000000,-100,false,-0.55
"MBB",142747,"/Date(1700638104000)/",18000,1000,7053400,127325000000,-100,false,-0.55
"MBB",142747,"/Date(1700638104000)/",18000,5000,7052400,127307000000,-100,false,-0.55
"MBB",142747,"/Date(1700638102000)/",18000,19000,7047400,127217000000,-100,false,-0.55
"MBB",142747,"/Date(1700638102000)/",18000,100,7028400,126875000000,-100,false,-0.55
"MBB",142744,"/Date(1700638101000)/",18000,100,7028300,126874000000,-100,false,-0.55
"MBB",142744,"/Date(1700638101000)/",18000,100,7028200,126872000000,-100,false,-0.55
"MBB",142744,"/Date(1700638100000)/",18000,200,7028100,126870000000,-100,false,-0.55
"MBB",142744,"/Date(1700638099000)/",18000,500,7027900,126866000000,-100,false,-0.55
"MBB",142741,"/Date(1700638097000)/",18000,1000,7027400,126857000000,-100,false,-0.55
"MBB",142741,"/Date(1700638097000)/",18000,100,7026400,126839000000,-100,false,-0.55
"MBB",142738,"/Date(1700638095000)/",18000,3100,7026300,126838000000,-100,false,-0.55
"MBB",142738,"/Date(1700638094000)/",18000,500,7023200,126782000000,-100,false,-0.55
"MBB",142734,"/Date(1700638091000)/",18000,2000,7022700,126773000000,-100,false,-0.55
"MBB",142734,"/Date(1700638090000)/",18000,2000,7020700,126737000000,-100,false,-0.55
"MBB",142734,"/Date(1700638090000)/",18000,100,7018700,126701000000,-100,false,-0.55
"MBB",142734,"/Date(1700638090000)/",18000,200,7018600,126699000000,-100,false,-0.55
"MBB",142734,"/Date(1700638089000)/",18000,4000,7018400,126695000000,-100,false,-0.55
"MBB",142734,"/Date(1700638089000)/",18000,2000,7014400,126623000000,-100,false,-0.55
"MBB",142734,"/Date(1700638089000)/",18000,100,7012400,126587000000,-100,false,-0.55
"MBB",142731,"/Date(1700638088000)/",18000,1000,7012300,126586000000,-100,true,-0.55
"MBB",142731,"/Date(1700638088000)/",18000,20000,7011300,126568000000,-100,true,-0.55
"MBB",142731,"/Date(1700638088000)/",18000,5000,6991300,126208000000,-100,true,-0.55
"MBB",142731,"/Date(1700638088000)/",18000,1000,6986300,126118000000,-100,true,-0.55
"MBB",142731,"/Date(1700638088000)/",18000,4700,6985300,126100000000,-100,true,-0.55
"MBB",142731,"/Date(1700638088000)/",18000,100,6980600,126015000000,-100,true,-0.55
"MBB",142731,"/Date(1700638088000)/",18000,200,6980500,126013000000,-100,true,-0.55
"MBB",142731,"/Date(1700638088000)/",18000,2000,6980300,126010000000,-100,true,-0.55
"MBB",142731,"/Date(1700638088000)/",18000,100,6978300,125974000000,-100,true,-0.55
"MBB",142731,"/Date(1700638088000)/",18000,4000,6978200,125972000000,-100,true,-0.55
"MBB",142731,"/Date(1700638088000)/",18000,100,6974200,125900000000,-100,true,-0.55
"MBB",142731,"/Date(1700638088000)/",18000,500,6974100,125898000000,-100,true,-0.55
"MBB",142731,"/Date(1700638088000)/",18000,300,6973600,125889000000,-100,true,-0.55
"MBB",142731,"/Date(1700638088000)/",18000,1200,6973300,125884000000,-100,true,-0.55
"MBB",142731,"/Date(1700638088000)/",18000,300,6972100,125862000000,-100,true,-0.55
"MBB",142731,"/Date(1700638088000)/",18000,1000,6971800,125857000000,-100,true,-0.55
"MBB",142731,"/Date(1700638088000)/",18000,2000,6970800,125839000000,-100,true,-0.55
"MBB",142731,"/Date(1700638088000)/",18000,100,6968800,125803000000,-100,true,-0.55
"MBB",142731,"/Date(1700638088000)/",18000,200,6968700,125801000000,-100,true,-0.55
"MBB",142731,"/Date(1700638088000)/",18000,600,6968500,125797000000,-100,true,-0.55
"MBB",142731,"/Date(1700638088000)/",18000,500,6967900,125786000000,-100,true,-0.55
"MBB",142731,"/Date(1700638088000)/",18000,200,6967400,125777000000,-100,true,-0.55
"MBB",142731,"/Date(1700638088000)/",18000,100,6967200,125774000000,-100,true,-0.55
"MBB",142731,"/Date(1700638088000)/",18000,300,6967100,125772000000,-100,true,-0.55
"MBB",142731,"/Date(1700638088000)/",18000,4000,6966800,125767000000,-100,true,-0.55
"MBB",142731,"/Date(1700638088000)/",18000,2000,6962800,125695000000,-100,true,-0.55
"MBB",142731,"/Date(1700638088000)/",18000,2000,6960800,125659000000,-100,true,-0.55
"MBB",142731,"/Date(1700638088000)/",18000,900,6958800,125623000000,-100,true,-0.55
"MBB",142728,"/Date(1700638084000)/",18050,1000,6957900,125606000000,-50,false,-0.28
"MBB",142718,"/Date(1700638075000)/",18050,2000,6956900,125588000000,-50,false,-0.28
"MBB",142712,"/Date(1700638069000)/",18000,100,6954900,125552000000,-100,true,-0.55
"MBB",142712,"/Date(1700638069000)/",18000,100,6954800,125550000000,-100,true,-0.55
"MBB",142712,"/Date(1700638069000)/",18000,100,6954700,125549000000,-100,true,-0.55
"MBB",142712,"/Date(1700638069000)/",18000,100,6954600,125547000000,-100,true,-0.55
"MBB",142712,"/Date(1700638069000)/",18000,1500,6954500,125545000000,-100,true,-0.55
"MBB",142712,"/Date(1700638069000)/",18000,800,6953000,125518000000,-100,true,-0.55
"MBB",142712,"/Date(1700638069000)/",18000,100,6952200,125504000000,-100,true,-0.55
"MBB",142712,"/Date(1700638069000)/",18000,1100,6952100,125502000000,-100,true,-0.55
"MBB",142712,"/Date(1700638069000)/",18000,1000,6951000,125482000000,-100,true,-0.55
"MBB",142712,"/Date(1700638069000)/",18000,10000,6950000,125464000000,-100,true,-0.55
"MBB",142712,"/Date(1700638069000)/",18000,100,6940000,125284000000,-100,true,-0.55
"MBB",142712,"/Date(1700638069000)/",18000,500,6939900,125282000000,-100,true,-0.55
"MBB",142712,"/Date(1700638069000)/",18000,400,6939400,125273000000,-100,true,-0.55
"MBB",142712,"/Date(1700638069000)/",18000,200,6939000,125266000000,-100,true,-0.55
"MBB",142712,"/Date(1700638069000)/",18000,500,6938800,125262000000,-100,true,-0.55
"MBB",142712,"/Date(1700638069000)/",18000,1800,6938300,125253000000,-100,true,-0.55
"MBB",142712,"/Date(1700638069000)/",18000,500,6936500,125221000000,-100,true,-0.55
"MBB",142712,"/Date(1700638069000)/",18000,200,6936000,125212000000,-100,true,-0.55
"MBB",142712,"/Date(1700638069000)/",18000,1000,6935800,125208000000,-100,true,-0.55
"MBB",142712,"/Date(1700638069000)/",18000,1800,6934800,125190000000,-100,true,-0.55
"MBB",142712,"/Date(1700638069000)/",18000,2000,6933000,125158000000,-100,true,-0.55
"MBB",142712,"/Date(1700638069000)/",18000,100,6931000,125122000000,-100,true,-0.55
"MBB",142712,"/Date(1700638069000)/",18000,200,6930900,125120000000,-100,true,-0.55
"MBB",142712,"/Date(1700638069000)/",18000,200,6930700,125117000000,-100,true,-0.55
"MBB",142712,"/Date(1700638069000)/",18000,1000,6930500,125113000000,-100,true,-0.55
"MBB",142712,"/Date(1700638069000)/",18000,1000,6929500,125095000000,-100,true,-0.55
"MBB",142712,"/Date(1700638069000)/",18000,1000,6928500,125077000000,-100,true,-0.55
"MBB",142712,"/Date(1700638069000)/",18000,1100,6927500,125059000000,-100,true,-0.55
"MBB",142712,"/Date(1700638069000)/",18000,2000,6926400,125039000000,-100,true,-0.55
"MBB",142712,"/Date(1700638069000)/",18000,500,6924400,125003000000,-100,true,-0.55
"MBB",142712,"/Date(1700638069000)/",18000,28600,6923900,124994000000,-100,true,-0.55
"MBB",142712,"/Date(1700638069000)/",18000,400,6895300,124479000000,-100,true,-0.55
"MBB",142712,"/Date(1700638069000)/",18000,200,6894900,124472000000,-100,true,-0.55
"MBB",142712,"/Date(1700638069000)/",18000,2000,6894700,124469000000,-100,true,-0.55
"MBB",142712,"/Date(1700638069000)/",18000,100,6892700,124433000000,-100,true,-0.55
"MBB",142712,"/Date(1700638069000)/",18000,500,6892600,124431000000,-100,true,-0.55
"MBB",142712,"/Date(1700638069000)/",18000,100,6892100,124422000000,-100,true,-0.55
"MBB",142712,"/Date(1700638069000)/",18000,1000,6892000,124420000000,-100,true,-0.55
"MBB",142712,"/Date(1700638069000)/",18000,100,6891000,124402000000,-100,true,-0.55
"MBB",142712,"/Date(1700638069000)/",18000,5000,6890900,124400000000,-100,true,-0.55
"MBB",142712,"/Date(1700638069000)/",18000,1300,6885900,124310000000,-100,true,-0.55
"MBB",142712,"/Date(1700638069000)/",18000,7700,6884600,124287000000,-100,true,-0.55
"MBB",142712,"/Date(1700638069000)/",18000,100,6876900,124148000000,-100,true,-0.55
"MBB",142712,"/Date(1700638069000)/",18000,1000,6876800,124146000000,-100,true,-0.55
"MBB",142712,"/Date(1700638069000)/",18000,100,6875800,124128000000,-100,true,-0.55
"MBB",142712,"/Date(1700638069000)/",18000,100,6875700,124127000000,-100,true,-0.55
"MBB",142712,"/Date(1700638069000)/",18000,100,6875600,124125000000,-100,true,-0.55
"MBB",142712,"/Date(1700638069000)/",18000,500,6875500,124123000000,-100,true,-0.55
"MBB",142712,"/Date(1700638069000)/",18000,5000,6875000,124114000000,-100,true,-0.55
"MBB",142712,"/Date(1700638069000)/",18000,100,6870000,124024000000,-100,true,-0.55
"MBB",142712,"/Date(1700638069000)/",18000,15000,6869900,124022000000,-100,true,-0.55
"MBB",142712,"/Date(1700638068000)/",18050,4600,6854900,123752000000,-50,false,-0.28
"MBB",142709,"/Date(1700638065000)/",18050,300,6850300,123669000000,-50,false,-0.28
"MBB",142702,"/Date(1700638057000)/",18050,14400,6850000,123664000000,-50,false,-0.28
"MBB",142656,"/Date(1700638052000)/",18050,200,6835600,123404000000,-50,false,-0.28
"MBB",142653,"/Date(1700638049000)/",18050,500,6835400,123400000000,-50,false,-0.28
"MBB",142653,"/Date(1700638049000)/",18050,100,6834900,123391000000,-50,false,-0.28
"MBB",142653,"/Date(1700638049000)/",18050,2000,6834800,123389000000,-50,false,-0.28
"MBB",142653,"/Date(1700638049000)/",18050,1000,6832800,123353000000,-50,false,-0.28
"MBB",142653,"/Date(1700638049000)/",18050,500,6831800,123335000000,-50,false,-0.28
"MBB",142653,"/Date(1700638049000)/",18050,5000,6831300,123326000000,-50,false,-0.28
"MBB",142653,"/Date(1700638049000)/",18050,300,6826300,123236000000,-50,false,-0.28
"MBB",142653,"/Date(1700638049000)/",18050,3000,6826000,123231000000,-50,false,-0.28
"MBB",142653,"/Date(1700638049000)/",18050,900,6823000,123176000000,-50,false,-0.28
"MBB",142653,"/Date(1700638049000)/",18050,1800,6822100,123160000000,-50,false,-0.28
"MBB",142653,"/Date(1700638049000)/",18050,5300,6820300,123128000000,-50,false,-0.28
"MBB",142653,"/Date(1700638049000)/",18050,100,6815000,123032000000,-50,false,-0.28
"MBB",142653,"/Date(1700638049000)/",18050,1000,6814900,123030000000,-50,false,-0.28
"MBB",142653,"/Date(1700638049000)/",18050,3600,6813900,123012000000,-50,false,-0.28
"MBB",142653,"/Date(1700638049000)/",18050,100,6810300,122947000000,-50,false,-0.28
"MBB",142653,"/Date(1700638049000)/",18050,1300,6810200,122945000000,-50,false,-0.28
"MBB",142653,"/Date(1700638049000)/",18050,3000,6808900,122922000000,-50,false,-0.28
"MBB",142653,"/Date(1700638049000)/",18050,6000,6805900,122868000000,-50,false,-0.28
"MBB",142653,"/Date(1700638049000)/",18050,300,6799900,122759000000,-50,false,-0.28
"MBB",142646,"/Date(1700638042000)/",18050,100,6799600,122754000000,-50,true,-0.28
"MBB",142640,"/Date(1700638035000)/",18100,6700,6799500,122752000000,0,false,0
"MBB",142630,"/Date(1700638025000)/",18100,2000,6792800,122631000000,0,false,0
"MBB",142627,"/Date(1700638024000)/",18100,14400,6790800,122595000000,0,false,0
"MBB",142624,"/Date(1700638020000)/",18050,2600,6776400,122334000000,-50,true,-0.28
"MBB",142624,"/Date(1700638020000)/",18050,2000,6773800,122287000000,-50,true,-0.28
"MBB",142624,"/Date(1700638020000)/",18050,100,6771800,122251000000,-50,true,-0.28
"MBB",142624,"/Date(1700638020000)/",18050,1000,6771700,122249000000,-50,true,-0.28
"MBB",142624,"/Date(1700638020000)/",18050,200,6770700,122231000000,-50,true,-0.28
"MBB",142624,"/Date(1700638020000)/",18050,10000,6770500,122228000000,-50,true,-0.28
"MBB",142624,"/Date(1700638020000)/",18050,2000,6760500,122047000000,-50,true,-0.28
"MBB",142624,"/Date(1700638020000)/",18050,100,6758500,122011000000,-50,true,-0.28
"MBB",142624,"/Date(1700638020000)/",18050,6200,6758400,122009000000,-50,true,-0.28
"MBB",142614,"/Date(1700638010000)/",18050,1000,6752200,121897000000,-50,true,-0.28
"MBB",142555,"/Date(1700637991000)/",18100,100,6751200,121879000000,0,false,0
"MBB",142552,"/Date(1700637989000)/",18100,100,6751100,121877000000,0,false,0
"MBB",142546,"/Date(1700637980000)/",18050,100,6751000,121876000000,-50,true,-0.28
"MBB",142539,"/Date(1700637976000)/",18100,100,6750900,121874000000,0,false,0
"MBB",142539,"/Date(1700637975000)/",18100,100,6750800,121872000000,0,false,0
"MBB",142536,"/Date(1700637973000)/",18100,1900,6750700,121870000000,0,false,0
"MBB",142536,"/Date(1700637973000)/",18100,200,6748800,121836000000,0,false,0
"MBB",142536,"/Date(1700637973000)/",18100,100,6748600,121832000000,0,false,0
"MBB",142536,"/Date(1700637973000)/",18100,100,6748500,121830000000,0,false,0
"MBB",142536,"/Date(1700637973000)/",18100,300,6748400,121829000000,0,false,0
"MBB",142536,"/Date(1700637973000)/",18100,800,6748100,121823000000,0,false,0
"MBB",142536,"/Date(1700637973000)/",18100,100,6747300,121809000000,0,false,0
"MBB",142536,"/Date(1700637973000)/",18100,2000,6747200,121807000000,0,false,0
"MBB",142536,"/Date(1700637973000)/",18100,3300,6745200,121771000000,0,false,0
"MBB",142536,"/Date(1700637973000)/",18100,300,6741900,121711000000,0,false,0
"MBB",142536,"/Date(1700637973000)/",18100,1000,6741600,121705000000,0,false,0
"MBB",142536,"/Date(1700637973000)/",18100,1100,6740600,121687000000,0,false,0
"MBB",142536,"/Date(1700637973000)/",18100,1000,6739500,121667000000,0,false,0
"MBB",142536,"/Date(1700637973000)/",18100,200,6738500,121649000000,0,false,0
"MBB",142536,"/Date(1700637973000)/",18100,2000,6738300,121646000000,0,false,0
"MBB",142533,"/Date(1700637968000)/",18100,400,6736300,121610000000,0,false,0
"MBB",142520,"/Date(1700637957000)/",18100,300,6735900,121602000000,0,false,0
"MBB",142520,"/Date(1700637955000)/",18100,1600,6735600,121597000000,0,false,0
"MBB",142520,"/Date(1700637955000)/",18100,700,6734000,121568000000,0,false,0
"MBB",142520,"/Date(1700637955000)/",18100,100,6733300,121555000000,0,false,0
"MBB",142520,"/Date(1700637955000)/",18100,100,6733200,121553000000,0,false,0
"MBB",142520,"/Date(1700637955000)/",18100,10200,6733100,121552000000,0,false,0
"MBB",142517,"/Date(1700637953000)/",18100,14400,6722900,121367000000,0,false,0
"MBB",142511,"/Date(1700637946000)/",18100,100,6708500,121106000000,0,false,0
"MBB",142507,"/Date(1700637944000)/",18100,2800,6708400,121105000000,0,false,0
"MBB",142458,"/Date(1700637934000)/",18100,14400,6705600,121054000000,0,false,0
"MBB",142458,"/Date(1700637933000)/",18100,2600,6691200,120793000000,0,false,0
"MBB",142451,"/Date(1700637925000)/",18050,500,6688600,120746000000,-50,true,-0.28
"MBB",142445,"/Date(1700637921000)/",18100,100,6688100,120737000000,0,false,0
"MBB",142439,"/Date(1700637915000)/",18100,100,6688000,120735000000,0,false,0
"MBB",142426,"/Date(1700637903000)/",18100,100,6687900,120734000000,0,false,0
"MBB",142403,"/Date(1700637879000)/",18050,200,6687800,120732000000,-50,true,-0.28
"MBB",142338,"/Date(1700637854000)/",18050,7600,6687600,120728000000,-50,true,-0.28
"MBB",142322,"/Date(1700637838000)/",18050,400,6680000,120591000000,-50,false,-0.28
"MBB",142322,"/Date(1700637838000)/",18050,4000,6679600,120584000000,-50,false,-0.28
"MBB",142322,"/Date(1700637836000)/",18050,5000,6675600,120512000000,-50,false,-0.28
"MBB",142319,"/Date(1700637833000)/",18050,1500,6670600,120421000000,-50,false,-0.28
"MBB",142306,"/Date(1700637820000)/",18050,1000,6669100,120394000000,-50,false,-0.28
"MBB",142300,"/Date(1700637816000)/",18050,1000,6668100,120376000000,-50,false,-0.28
"MBB",142256,"/Date(1700637812000)/",18050,3000,6667100,120358000000,-50,false,-0.28
"MBB",142256,"/Date(1700637812000)/",18050,100,6664100,120304000000,-50,false,-0.28
"MBB",142244,"/Date(1700637800000)/",18050,1000,6664000,120302000000,-50,false,-0.28
"MBB",142244,"/Date(1700637799000)/",18050,200,6663000,120284000000,-50,false,-0.28
"MBB",142244,"/Date(1700637798000)/",18050,3000,6662800,120280000000,-50,false,-0.28
"MBB",142240,"/Date(1700637794000)/",18050,1500,6659800,120226000000,-50,false,-0.28
"MBB",142237,"/Date(1700637793000)/",18050,7700,6658300,120199000000,-50,false,-0.28
"MBB",142237,"/Date(1700637793000)/",18000,100,6650600,120060000000,-100,true,-0.55
"MBB",142237,"/Date(1700637793000)/",18050,100,6650500,120058000000,-50,false,-0.28
"MBB",142237,"/Date(1700637793000)/",18050,2000,6650400,120057000000,-50,false,-0.28
"MBB",142228,"/Date(1700637784000)/",18050,100,6648400,120021000000,-50,false,-0.28
"MBB",142228,"/Date(1700637784000)/",18050,700,6648300,120019000000,-50,false,-0.28
"MBB",142228,"/Date(1700637783000)/",18050,30000,6647600,120006000000,-50,false,-0.28
"MBB",142228,"/Date(1700637783000)/",18050,2000,6617600,119465000000,-50,false,-0.28
"MBB",142224,"/Date(1700637780000)/",18050,800,6615600,119429000000,-50,false,-0.28
"MBB",142224,"/Date(1700637778000)/",18050,5000,6614800,119414000000,-50,false,-0.28
"MBB",142221,"/Date(1700637776000)/",18050,100,6609800,119324000000,-50,false,-0.28
"MBB",142218,"/Date(1700637774000)/",18050,2000,6609700,119322000000,-50,false,-0.28
"MBB",142218,"/Date(1700637774000)/",18050,200,6607700,119286000000,-50,false,-0.28
"MBB",142218,"/Date(1700637774000)/",18050,20000,6607500,119282000000,-50,false,-0.28
"MBB",142218,"/Date(1700637774000)/",18050,1000,6587500,118921000000,-50,false,-0.28
"MBB",142218,"/Date(1700637774000)/",18050,1000,6586500,118903000000,-50,false,-0.28
"MBB",142218,"/Date(1700637774000)/",18050,1000,6585500,118885000000,-50,false,-0.28
"MBB",142218,"/Date(1700637774000)/",18050,400,6584500,118867000000,-50,false,-0.28
"MBB",142218,"/Date(1700637774000)/",18050,200,6584100,118860000000,-50,false,-0.28
"MBB",142218,"/Date(1700637774000)/",18050,1000,6583900,118856000000,-50,false,-0.28
"MBB",142218,"/Date(1700637774000)/",18050,3400,6582900,118838000000,-50,false,-0.28
"MBB",142212,"/Date(1700637768000)/",18100,1700,6579500,118777000000,0,false,0
"MBB",142208,"/Date(1700637763000)/",18100,3500,6577800,118746000000,0,false,0
"MBB",142208,"/Date(1700637763000)/",18100,2000,6574300,118683000000,0,false,0
"MBB",142208,"/Date(1700637763000)/",18100,1000,6572300,118647000000,0,false,0
"MBB",142208,"/Date(1700637763000)/",18100,100,6571300,118629000000,0,false,0
"MBB",142208,"/Date(1700637763000)/",18100,2000,6571200,118627000000,0,false,0
"MBB",142208,"/Date(1700637763000)/",18100,500,6569200,118590000000,0,false,0
"MBB",142208,"/Date(1700637763000)/",18100,3200,6568700,118581000000,0,false,0
"MBB",142208,"/Date(1700637763000)/",18100,1000,6565500,118524000000,0,false,0
"MBB",142208,"/Date(1700637763000)/",18100,100,6564500,118505000000,0,false,0
"MBB",142208,"/Date(1700637763000)/",18100,1000,6564400,118504000000,0,false,0
"MBB",142159,"/Date(1700637753000)/",18050,4600,6563400,118486000000,-50,false,-0.28
"MBB",142159,"/Date(1700637753000)/",18050,400,6558800,118402000000,-50,false,-0.28
"MBB",142159,"/Date(1700637753000)/",18050,300,6558400,118395000000,-50,false,-0.28
"MBB",142159,"/Date(1700637753000)/",18050,1300,6558100,118390000000,-50,false,-0.28
"MBB",142156,"/Date(1700637751000)/",18050,1000,6556800,118366000000,-50,false,-0.28
"MBB",142156,"/Date(1700637750000)/",18050,5300,6555800,118348000000,-50,false,-0.28
"MBB",142156,"/Date(1700637749000)/",18050,14400,6550500,118253000000,-50,false,-0.28
"MBB",142156,"/Date(1700637749000)/",18050,1000,6536100,117993000000,-50,false,-0.28
"MBB",142152,"/Date(1700637748000)/",18050,300,6535100,117975000000,-50,false,-0.28
"MBB",142149,"/Date(1700637745000)/",18050,10200,6534800,117969000000,-50,false,-0.28
"MBB",142149,"/Date(1700637745000)/",18050,3000,6524600,117785000000,-50,false,-0.28
"MBB",142149,"/Date(1700637744000)/",18050,1000,6521600,117731000000,-50,false,-0.28
"MBB",142149,"/Date(1700637744000)/",18050,100,6520600,117713000000,-50,false,-0.28
"MBB",142149,"/Date(1700637744000)/",18050,200,6520500,117711000000,-50,false,-0.28
"MBB",142143,"/Date(1700637739000)/",18050,500,6520300,117708000000,-50,false,-0.28
"MBB",142143,"/Date(1700637738000)/",18050,500,6519800,117699000000,-50,false,-0.28
"MBB",142143,"/Date(1700637738000)/",18050,500,6519300,117690000000,-50,false,-0.28
"MBB",142140,"/Date(1700637734000)/",18050,14400,6518800,117680000000,-50,false,-0.28
"MBB",142133,"/Date(1700637727000)/",18050,3000,6504400,117421000000,-50,false,-0.28
"MBB",142127,"/Date(1700637723000)/",18050,200,6501400,117366000000,-50,false,-0.28
"MBB",142127,"/Date(1700637723000)/",18050,500,6501200,117363000000,-50,false,-0.28
"MBB",142124,"/Date(1700637718000)/",18050,4000,6500700,117354000000,-50,false,-0.28
"MBB",142124,"/Date(1700637718000)/",18050,8800,6496700,117282000000,-50,false,-0.28
"MBB",142117,"/Date(1700637714000)/",18050,100,6487900,117123000000,-50,false,-0.28
"MBB",142114,"/Date(1700637709000)/",18050,500,6487800,117121000000,-50,false,-0.28
"MBB",142111,"/Date(1700637705000)/",18050,8000,6487300,117112000000,-50,false,-0.28
"MBB",142104,"/Date(1700637701000)/",18050,20000,6479300,116968000000,-50,false,-0.28
"MBB",142048,"/Date(1700637685000)/",18050,1200,6459300,116607000000,-50,false,-0.28
"MBB",142036,"/Date(1700637672000)/",18050,3800,6458100,116585000000,-50,true,-0.28
"MBB",142036,"/Date(1700637672000)/",18050,1200,6454300,116516000000,-50,true,-0.28
"MBB",142023,"/Date(1700637656000)/",18050,18800,6453100,116495000000,-50,false,-0.28
"MBB",142020,"/Date(1700637656000)/",18000,4900,6434300,116155000000,-100,true,-0.55
"MBB",142020,"/Date(1700637656000)/",18000,200,6429400,116067000000,-100,true,-0.55
"MBB",142020,"/Date(1700637656000)/",18000,500,6429200,116063000000,-100,true,-0.55
"MBB",142020,"/Date(1700637656000)/",18000,2000,6428700,116054000000,-100,true,-0.55
"MBB",142020,"/Date(1700637656000)/",18000,1000,6426700,116018000000,-100,true,-0.55
"MBB",142020,"/Date(1700637656000)/",18000,2000,6425700,116000000000,-100,true,-0.55
"MBB",142020,"/Date(1700637656000)/",18000,200,6423700,115964000000,-100,true,-0.55
"MBB",142020,"/Date(1700637656000)/",18000,100,6423500,115961000000,-100,true,-0.55
"MBB",142020,"/Date(1700637656000)/",18000,100,6423400,115959000000,-100,true,-0.55
"MBB",142020,"/Date(1700637656000)/",18000,300,6423300,115957000000,-100,true,-0.55
"MBB",142020,"/Date(1700637656000)/",18000,5000,6423000,115952000000,-100,true,-0.55
"MBB",142020,"/Date(1700637656000)/",18000,10000,6418000,115862000000,-100,true,-0.55
"MBB",142020,"/Date(1700637656000)/",18000,200,6408000,115682000000,-100,true,-0.55
"MBB",142020,"/Date(1700637656000)/",18000,1000,6407800,115678000000,-100,true,-0.55
"MBB",142020,"/Date(1700637656000)/",18000,2000,6406800,115660000000,-100,true,-0.55
"MBB",142020,"/Date(1700637656000)/",18000,100,6404800,115624000000,-100,true,-0.55
"MBB",142020,"/Date(1700637656000)/",18000,100,6404700,115622000000,-100,true,-0.55
"MBB",142020,"/Date(1700637656000)/",18000,200,6404600,115621000000,-100,true,-0.55
"MBB",142020,"/Date(1700637656000)/",18000,300,6404400,115617000000,-100,true,-0.55
"MBB",142020,"/Date(1700637656000)/",18000,6000,6404100,115612000000,-100,true,-0.55
"MBB",142020,"/Date(1700637656000)/",18000,1000,6398100,115504000000,-100,true,-0.55
"MBB",142020,"/Date(1700637656000)/",18000,2000,6397100,115486000000,-100,true,-0.55
"MBB",142020,"/Date(1700637656000)/",18000,1000,6395100,115450000000,-100,true,-0.55
"MBB",142020,"/Date(1700637656000)/",18000,1000,6394100,115432000000,-100,true,-0.55
"MBB",142020,"/Date(1700637656000)/",18000,100,6393100,115414000000,-100,true,-0.55
"MBB",142020,"/Date(1700637656000)/",18000,200,6393000,115412000000,-100,true,-0.55
"MBB",142020,"/Date(1700637656000)/",18000,24000,6392800,115408000000,-100,true,-0.55
"MBB",142020,"/Date(1700637656000)/",18000,1000,6368800,114976000000,-100,true,-0.55
"MBB",142020,"/Date(1700637656000)/",18000,200,6367800,114958000000,-100,true,-0.55
"MBB",142020,"/Date(1700637656000)/",18000,100,6367600,114955000000,-100,true,-0.55
"MBB",142020,"/Date(1700637656000)/",18000,100,6367500,114953000000,-100,true,-0.55
"MBB",142020,"/Date(1700637656000)/",18000,5000,6367400,114951000000,-100,true,-0.55
"MBB",142020,"/Date(1700637656000)/",18000,300,6362400,114861000000,-100,true,-0.55
"MBB",142020,"/Date(1700637656000)/",18000,200,6362100,114856000000,-100,true,-0.55
"MBB",142020,"/Date(1700637656000)/",18000,67600,6361900,114852000000,-100,true,-0.55
"MBB",142020,"/Date(1700637656000)/",18050,5000,6294300,113635000000,-50,false,-0.28
"MBB",142020,"/Date(1700637654000)/",18050,800,6289300,113545000000,-50,false,-0.28
"MBB",142016,"/Date(1700637652000)/",18050,7000,6288500,113531000000,-50,false,-0.28
"MBB",142013,"/Date(1700637648000)/",18000,50000,6281500,113404000000,-100,true,-0.55
"MBB",142010,"/Date(1700637646000)/",18050,1000,6231500,112504000000,-50,false,-0.28
"MBB",142007,"/Date(1700637643000)/",18050,1300,6230500,112486000000,-50,false,-0.28
"MBB",142000,"/Date(1700637634000)/",18050,10000,6229200,112463000000,-50,false,-0.28
"MBB",141957,"/Date(1700637633000)/",18050,500,6219200,112282000000,-50,false,-0.28
"MBB",141954,"/Date(1700637628000)/",18050,50000,6218700,112273000000,-50,false,-0.28
"MBB",141935,"/Date(1700637611000)/",18050,400,6168700,111371000000,-50,false,-0.28
"MBB",141935,"/Date(1700637611000)/",18050,5000,6168300,111363000000,-50,false,-0.28
"MBB",141929,"/Date(1700637603000)/",18050,200,6163300,111273000000,-50,false,-0.28
"MBB",141900,"/Date(1700637576000)/",18000,7300,6163100,111270000000,-100,true,-0.55
"MBB",141900,"/Date(1700637576000)/",18050,100,6155800,111138000000,-50,true,-0.28
"MBB",141900,"/Date(1700637576000)/",18050,200,6155700,111136000000,-50,true,-0.28
"MBB",141900,"/Date(1700637576000)/",18050,300,6155500,111133000000,-50,true,-0.28
"MBB",141900,"/Date(1700637576000)/",18050,8000,6155200,111127000000,-50,true,-0.28
"MBB",141900,"/Date(1700637576000)/",18050,14100,6147200,110983000000,-50,true,-0.28
"MBB",141857,"/Date(1700637571000)/",18050,100,6133100,110728000000,-50,true,-0.28
"MBB",141847,"/Date(1700637561000)/",18050,2000,6133000,110727000000,-50,true,-0.28
"MBB",141847,"/Date(1700637561000)/",18050,2000,6131000,110691000000,-50,true,-0.28
"MBB",141847,"/Date(1700637561000)/",18050,1800,6129000,110654000000,-50,true,-0.28
"MBB",141844,"/Date(1700637559000)/",18050,30000,6127200,110622000000,-50,false,-0.28
"MBB",141837,"/Date(1700637551000)/",18050,100000,6097200,110080000000,-50,false,-0.28
"MBB",141831,"/Date(1700637547000)/",18050,100,5997200,108275000000,-50,false,-0.28
"MBB",141825,"/Date(1700637540000)/",18050,100,5997100,108274000000,-50,false,-0.28
"MBB",141821,"/Date(1700637536000)/",18050,15000,5997000,108272000000,-50,false,-0.28
"MBB",141818,"/Date(1700637534000)/",18050,100,5982000,108001000000,-50,false,-0.28
"MBB",141812,"/Date(1700637526000)/",18000,55100,5981900,107999000000,-100,true,-0.55
"MBB",141812,"/Date(1700637526000)/",18000,1000,5926800,107008000000,-100,true,-0.55
"MBB",141812,"/Date(1700637526000)/",18000,100,5925800,106990000000,-100,true,-0.55
"MBB",141812,"/Date(1700637526000)/",18000,100,5925700,106988000000,-100,true,-0.55
"MBB",141812,"/Date(1700637526000)/",18000,5000,5925600,106986000000,-100,true,-0.55
"MBB",141812,"/Date(1700637526000)/",18000,5000,5920600,106896000000,-100,true,-0.55
"MBB",141812,"/Date(1700637526000)/",18000,500,5915600,106806000000,-100,true,-0.55
"MBB",141812,"/Date(1700637526000)/",18000,1000,5915100,106797000000,-100,true,-0.55
"MBB",141812,"/Date(1700637526000)/",18000,1000,5914100,106779000000,-100,true,-0.55
"MBB",141812,"/Date(1700637526000)/",18000,500,5913100,106761000000,-100,true,-0.55
"MBB",141812,"/Date(1700637526000)/",18000,500,5912600,106752000000,-100,true,-0.55
"MBB",141812,"/Date(1700637526000)/",18000,500,5912100,106743000000,-100,true,-0.55
"MBB",141812,"/Date(1700637526000)/",18000,100,5911600,106734000000,-100,true,-0.55
"MBB",141812,"/Date(1700637526000)/",18000,100,5911500,106732000000,-100,true,-0.55
"MBB",141812,"/Date(1700637526000)/",18000,1000,5911400,106730000000,-100,true,-0.55
"MBB",141812,"/Date(1700637526000)/",18000,5000,5910400,106712000000,-100,true,-0.55
"MBB",141812,"/Date(1700637526000)/",18000,200,5905400,106622000000,-100,true,-0.55
"MBB",141812,"/Date(1700637526000)/",18000,2000,5905200,106619000000,-100,true,-0.55
"MBB",141812,"/Date(1700637526000)/",18000,4000,5903200,106583000000,-100,true,-0.55
"MBB",141812,"/Date(1700637526000)/",18000,600,5899200,106511000000,-100,true,-0.55
"MBB",141812,"/Date(1700637526000)/",18000,1000,5898600,106500000000,-100,true,-0.55
"MBB",141812,"/Date(1700637526000)/",18000,1000,5897600,106482000000,-100,true,-0.55
"MBB",141812,"/Date(1700637526000)/",18000,300,5896600,106464000000,-100,true,-0.55
"MBB",141812,"/Date(1700637526000)/",18000,2000,5896300,106459000000,-100,true,-0.55
"MBB",141812,"/Date(1700637526000)/",18000,500,5894300,106423000000,-100,true,-0.55
"MBB",141812,"/Date(1700637526000)/",18000,5000,5893800,106414000000,-100,true,-0.55
"MBB",141812,"/Date(1700637526000)/",18000,1000,5888800,106324000000,-100,true,-0.55
"MBB",141812,"/Date(1700637526000)/",18000,300,5887800,106306000000,-100,true,-0.55
"MBB",141812,"/Date(1700637526000)/",18000,24300,5887500,106300000000,-100,true,-0.55
"MBB",141812,"/Date(1700637526000)/",18000,100,5863200,105863000000,-100,true,-0.55
"MBB",141812,"/Date(1700637526000)/",18000,20000,5863100,105861000000,-100,true,-0.55
"MBB",141812,"/Date(1700637526000)/",18000,300,5843100,105501000000,-100,true,-0.55
"MBB",141812,"/Date(1700637526000)/",18000,2000,5842800,105496000000,-100,true,-0.55
"MBB",141812,"/Date(1700637526000)/",18000,8900,5840800,105460000000,-100,true,-0.55
"MBB",141812,"/Date(1700637526000)/",18050,2900,5831900,105299000000,-50,false,-0.28
"MBB",141812,"/Date(1700637526000)/",18050,1500,5829000,105247000000,-50,false,-0.28
"MBB",141812,"/Date(1700637526000)/",18050,600,5827500,105220000000,-50,false,-0.28
"MBB",141802,"/Date(1700637516000)/",18050,100,5826900,105209000000,-50,false,-0.28
"MBB",141759,"/Date(1700637513000)/",18050,400,5826800,105207000000,-50,false,-0.28
"MBB",141759,"/Date(1700637513000)/",18050,4600,5826400,105200000000,-50,false,-0.28
"MBB",141743,"/Date(1700637498000)/",18050,7800,5821800,105117000000,-50,false,-0.28
"MBB",141737,"/Date(1700637491000)/",18050,1000,5814000,104976000000,-50,false,-0.28
"MBB",141724,"/Date(1700637480000)/",18050,200,5813000,104958000000,-50,false,-0.28
"MBB",141724,"/Date(1700637480000)/",18050,1800,5812800,104955000000,-50,false,-0.28
"MBB",141718,"/Date(1700637473000)/",18050,100,5811000,104922000000,-50,false,-0.28
"MBB",141714,"/Date(1700637469000)/",18050,500,5810900,104920000000,-50,false,-0.28
"MBB",141714,"/Date(1700637468000)/",18050,1000,5810400,104911000000,-50,false,-0.28
"MBB",141711,"/Date(1700637467000)/",18050,30000,5809400,104893000000,-50,false,-0.28
"MBB",141711,"/Date(1700637465000)/",18050,3300,5779400,104352000000,-50,false,-0.28
"MBB",141711,"/Date(1700637465000)/",18050,1700,5776100,104292000000,-50,false,-0.28
"MBB",141711,"/Date(1700637464000)/",18050,2300,5774400,104261000000,-50,false,-0.28
"MBB",141711,"/Date(1700637464000)/",18050,7700,5772100,104220000000,-50,false,-0.28
"MBB",141708,"/Date(1700637463000)/",18050,500,5764400,104081000000,-50,false,-0.28
"MBB",141708,"/Date(1700637462000)/",18050,5000,5763900,104072000000,-50,false,-0.28
"MBB",141704,"/Date(1700637460000)/",18050,400,5758900,103982000000,-50,false,-0.28
"MBB",141704,"/Date(1700637460000)/",18050,1000,5758500,103974000000,-50,false,-0.28
"MBB",141701,"/Date(1700637457000)/",18050,100,5757500,103956000000,-50,false,-0.28
"MBB",141701,"/Date(1700637456000)/",18050,1000,5757400,103955000000,-50,false,-0.28
"MBB",141652,"/Date(1700637445000)/",18050,1900,5756400,103937000000,-50,false,-0.28
"MBB",141652,"/Date(1700637445000)/",18050,8100,5754500,103902000000,-50,false,-0.28
"MBB",141648,"/Date(1700637444000)/",18050,3000,5746400,103756000000,-50,false,-0.28
"MBB",141642,"/Date(1700637436000)/",18050,25600,5743400,103702000000,-50,false,-0.28
"MBB",141642,"/Date(1700637436000)/",18050,3000,5717800,103240000000,-50,false,-0.28
"MBB",141642,"/Date(1700637436000)/",18050,4000,5714800,103186000000,-50,false,-0.28
"MBB",141642,"/Date(1700637436000)/",18050,13600,5710800,103113000000,-50,false,-0.28
"MBB",141642,"/Date(1700637436000)/",18050,13800,5697200,102868000000,-50,false,-0.28
"MBB",141639,"/Date(1700637432000)/",18050,100,5683400,102619000000,-50,false,-0.28
"MBB",141639,"/Date(1700637432000)/",18000,9000,5683300,102617000000,-100,true,-0.55
"MBB",141636,"/Date(1700637431000)/",18000,2100,5674300,102455000000,-100,true,-0.55
"MBB",141636,"/Date(1700637431000)/",18000,500,5672200,102417000000,-100,true,-0.55
"MBB",141636,"/Date(1700637431000)/",18000,100,5671700,102408000000,-100,true,-0.55
"MBB",141636,"/Date(1700637431000)/",18000,500,5671600,102406000000,-100,true,-0.55
"MBB",141636,"/Date(1700637431000)/",18000,500,5671100,102397000000,-100,true,-0.55
"MBB",141636,"/Date(1700637431000)/",18000,1000,5670600,102388000000,-100,true,-0.55
"MBB",141636,"/Date(1700637431000)/",18000,300,5669600,102370000000,-100,true,-0.55
"MBB",141636,"/Date(1700637431000)/",18000,1000,5669300,102365000000,-100,true,-0.55
"MBB",141636,"/Date(1700637431000)/",18000,100,5668300,102347000000,-100,true,-0.55
"MBB",141636,"/Date(1700637431000)/",18000,300,5668200,102345000000,-100,true,-0.55
"MBB",141636,"/Date(1700637431000)/",18000,100,5667900,102340000000,-100,true,-0.55
"MBB",141636,"/Date(1700637431000)/",18000,100,5667800,102338000000,-100,true,-0.55
"MBB",141636,"/Date(1700637431000)/",18000,100,5667700,102336000000,-100,true,-0.55
"MBB",141636,"/Date(1700637431000)/",18000,200,5667600,102334000000,-100,true,-0.55
"MBB",141636,"/Date(1700637431000)/",18000,100,5667400,102331000000,-100,true,-0.55
"MBB",141636,"/Date(1700637430000)/",18050,100,5667300,102329000000,-50,false,-0.28
"MBB",141632,"/Date(1700637426000)/",18050,2000,5667200,102327000000,-50,false,-0.28
"MBB",141629,"/Date(1700637425000)/",18050,200,5665200,102291000000,-50,false,-0.28
"MBB",141623,"/Date(1700637418000)/",18050,20500,5665000,102288000000,-50,false,-0.28
"MBB",141623,"/Date(1700637418000)/",18050,3000,5644500,101918000000,-50,false,-0.28
"MBB",141623,"/Date(1700637418000)/",18050,3000,5641500,101863000000,-50,false,-0.28
"MBB",141623,"/Date(1700637418000)/",18050,5000,5638500,101809000000,-50,false,-0.28
"MBB",141623,"/Date(1700637418000)/",18050,100,5633500,101719000000,-50,false,-0.28
"MBB",141623,"/Date(1700637418000)/",18050,2000,5633400,101717000000,-50,false,-0.28
"MBB",141623,"/Date(1700637418000)/",18050,5000,5631400,101681000000,-50,false,-0.28
"MBB",141623,"/Date(1700637418000)/",18050,1800,5626400,101591000000,-50,false,-0.28
"MBB",141623,"/Date(1700637418000)/",18050,1200,5624600,101558000000,-50,false,-0.28
"MBB",141623,"/Date(1700637418000)/",18050,300,5623400,101537000000,-50,false,-0.28
"MBB",141623,"/Date(1700637418000)/",18050,600,5623100,101531000000,-50,false,-0.28
"MBB",141623,"/Date(1700637418000)/",18050,100,5622500,101520000000,-50,false,-0.28
"MBB",141623,"/Date(1700637418000)/",18050,3000,5622400,101519000000,-50,false,-0.28
"MBB",141623,"/Date(1700637418000)/",18050,20000,5619400,101464000000,-50,false,-0.28
"MBB",141623,"/Date(1700637418000)/",18050,20000,5599400,101103000000,-50,false,-0.28
"MBB",141623,"/Date(1700637418000)/",18050,20000,5579400,100742000000,-50,false,-0.28
"MBB",141623,"/Date(1700637418000)/",18050,20000,5559400,100381000000,-50,false,-0.28
"MBB",141623,"/Date(1700637418000)/",18050,20000,5539400,100020000000,-50,false,-0.28
"MBB",141623,"/Date(1700637418000)/",18050,200,5519400,99659000000,-50,false,-0.28
"MBB",141623,"/Date(1700637418000)/",18050,100,5519200,99656000000,-50,false,-0.28
"MBB",141623,"/Date(1700637418000)/",18050,23100,5519100,99654000000,-50,false,-0.28
"MBB",141620,"/Date(1700637416000)/",18050,3400,5496000,99237000000,-50,false,-0.28
"MBB",141620,"/Date(1700637416000)/",18050,200,5492600,99176000000,-50,false,-0.28
"MBB",141607,"/Date(1700637402000)/",18050,200,5492400,99172000000,-50,false,-0.28
"MBB",141541,"/Date(1700637375000)/",18000,200,5492200,99169000000,-100,true,-0.55
"MBB",141541,"/Date(1700637375000)/",18000,5000,5492000,99165000000,-100,true,-0.55
"MBB",141541,"/Date(1700637375000)/",18000,100,5487000,99075000000,-100,true,-0.55
"MBB",141541,"/Date(1700637375000)/",18000,100,5486900,99073000000,-100,true,-0.55
"MBB",141541,"/Date(1700637375000)/",18000,100,5486800,99071000000,-100,true,-0.55
"MBB",141541,"/Date(1700637375000)/",18000,1500,5486700,99070000000,-100,true,-0.55
"MBB",141541,"/Date(1700637375000)/",18000,5000,5485200,99043000000,-100,true,-0.55
"MBB",141541,"/Date(1700637375000)/",18000,500,5480200,98953000000,-100,true,-0.55
"MBB",141541,"/Date(1700637375000)/",18000,500,5479700,98944000000,-100,true,-0.55
"MBB",141541,"/Date(1700637375000)/",18000,200,5479200,98935000000,-100,true,-0.55
"MBB",141541,"/Date(1700637375000)/",18000,100,5479000,98931000000,-100,true,-0.55
"MBB",141541,"/Date(1700637375000)/",18000,300,5478900,98929000000,-100,true,-0.55
"MBB",141541,"/Date(1700637375000)/",18000,200,5478600,98924000000,-100,true,-0.55
"MBB",141541,"/Date(1700637375000)/",18000,200,5478400,98920000000,-100,true,-0.55
"MBB",141541,"/Date(1700637375000)/",18000,500,5478200,98917000000,-100,true,-0.55
"MBB",141541,"/Date(1700637375000)/",18000,14400,5477700,98908000000,-100,true,-0.55
"MBB",141541,"/Date(1700637375000)/",18000,1100,5463300,98648000000,-100,true,-0.55
"MBB",141538,"/Date(1700637373000)/",18050,200,5462200,98629000000,-50,false,-0.28
"MBB",141522,"/Date(1700637358000)/",18000,10000,5462000,98625000000,-100,true,-0.55
"MBB",141512,"/Date(1700637346000)/",18050,3000,5452000,98445000000,-50,false,-0.28
"MBB",141503,"/Date(1700637336000)/",18000,100,5449000,98391000000,-100,true,-0.55
"MBB",141457,"/Date(1700637331000)/",18050,300,5448900,98389000000,-50,false,-0.28
"MBB",141450,"/Date(1700637323000)/",18000,400,5448600,98384000000,-100,true,-0.55
"MBB",141441,"/Date(1700637317000)/",18000,8400,5448200,98376000000,-100,true,-0.55
"MBB",141441,"/Date(1700637317000)/",18000,100,5439800,98225000000,-100,true,-0.55
"MBB",141441,"/Date(1700637317000)/",18000,1500,5439700,98223000000,-100,true,-0.55
"MBB",141434,"/Date(1700637310000)/",18000,500,5438200,98196000000,-100,true,-0.55
"MBB",141428,"/Date(1700637302000)/",18000,4000,5437700,98187000000,-100,true,-0.55
"MBB",141428,"/Date(1700637302000)/",18000,5000,5433700,98115000000,-100,true,-0.55
"MBB",141428,"/Date(1700637302000)/",18000,1000,5428700,98025000000,-100,true,-0.55
"MBB",141418,"/Date(1700637294000)/",18050,300,5427700,98007000000,-50,false,-0.28
"MBB",141405,"/Date(1700637280000)/",18050,100,5427400,98002000000,-50,false,-0.28
"MBB",141402,"/Date(1700637277000)/",18050,700,5427300,98000000000,-50,false,-0.28
"MBB",141246,"/Date(1700637200000)/",18050,2700,5426600,97987000000,-50,false,-0.28
"MBB",141239,"/Date(1700637193000)/",18050,500,5423900,97939000000,-50,false,-0.28
"MBB",141204,"/Date(1700637157000)/",18050,400,5423400,97930000000,-50,false,-0.28
"MBB",141116,"/Date(1700637112000)/",18050,200,5423000,97923000000,-50,false,-0.28
"MBB",141113,"/Date(1700637107000)/",18000,1300,5422800,97919000000,-100,true,-0.55
"MBB",141057,"/Date(1700637091000)/",18000,3500,5421500,97895000000,-100,true,-0.55
"MBB",141022,"/Date(1700637055000)/",18000,1000,5418000,97832000000,-100,true,-0.55
"MBB",141012,"/Date(1700637047000)/",18000,1000,5417000,97814000000,-100,true,-0.55
"MBB",140956,"/Date(1700637030000)/",18000,6600,5416000,97796000000,-100,true,-0.55
"MBB",140956,"/Date(1700637030000)/",18000,300,5409400,97678000000,-100,true,-0.55
"MBB",140956,"/Date(1700637030000)/",18000,1000,5409100,97672000000,-100,true,-0.55
"MBB",140956,"/Date(1700637030000)/",18000,200,5408100,97654000000,-100,true,-0.55
"MBB",140956,"/Date(1700637030000)/",18000,1000,5407900,97651000000,-100,true,-0.55
"MBB",140956,"/Date(1700637030000)/",18000,500,5406900,97633000000,-100,true,-0.55
"MBB",140956,"/Date(1700637030000)/",18000,300,5406400,97624000000,-100,true,-0.55
"MBB",140956,"/Date(1700637030000)/",18000,100,5406100,97618000000,-100,true,-0.55
"MBB",140921,"/Date(1700636995000)/",18000,200,5406000,97616000000,-100,true,-0.55
"MBB",140852,"/Date(1700636962000)/",18000,300,5405800,97613000000,-100,true,-0.55
"MBB",140821,"/Date(1700636933000)/",18000,2300,5405500,97607000000,-100,true,-0.55
"MBB",140808,"/Date(1700636921000)/",18000,100,5403200,97566000000,-100,true,-0.55
"MBB",140752,"/Date(1700636905000)/",18000,2000,5403100,97564000000,-100,true,-0.55
"MBB",140752,"/Date(1700636905000)/",18000,600,5401100,97528000000,-100,true,-0.55
"MBB",140752,"/Date(1700636905000)/",18000,100,5400500,97517000000,-100,true,-0.55
"MBB",140752,"/Date(1700636905000)/",18000,300,5400400,97516000000,-100,true,-0.55
"MBB",140749,"/Date(1700636902000)/",18050,9900,5400100,97510000000,-50,false,-0.28
"MBB",140739,"/Date(1700636894000)/",18000,7200,5390200,97332000000,-100,true,-0.55
"MBB",140739,"/Date(1700636892000)/",18000,500,5383000,97202000000,-100,true,-0.55
"MBB",140707,"/Date(1700636862000)/",18000,2000,5382500,97193000000,-100,true,-0.55
"MBB",140701,"/Date(1700636854000)/",18000,800,5380500,97157000000,-100,false,-0.55
"MBB",140701,"/Date(1700636854000)/",18000,100,5379700,97143000000,-100,false,-0.55
"MBB",140701,"/Date(1700636854000)/",18000,4100,5379600,97141000000,-100,false,-0.55
"MBB",140642,"/Date(1700636836000)/",18000,200,5375500,97067000000,-100,false,-0.55
"MBB",140632,"/Date(1700636825000)/",18000,100,5375300,97063000000,-100,false,-0.55
"MBB",140629,"/Date(1700636823000)/",18000,1000,5375200,97062000000,-100,false,-0.55
"MBB",140622,"/Date(1700636816000)/",18000,10000,5374200,97044000000,-100,false,-0.55
"MBB",140622,"/Date(1700636816000)/",18000,1000,5364200,96864000000,-100,false,-0.55
"MBB",140622,"/Date(1700636816000)/",18000,100,5363200,96846000000,-100,false,-0.55
"MBB",140622,"/Date(1700636816000)/",18000,100,5363100,96844000000,-100,false,-0.55
"MBB",140622,"/Date(1700636816000)/",18000,10000,5363000,96842000000,-100,false,-0.55
"MBB",140622,"/Date(1700636816000)/",18000,300,5353000,96662000000,-100,false,-0.55
"MBB",140622,"/Date(1700636816000)/",18000,1000,5352700,96657000000,-100,false,-0.55
"MBB",140622,"/Date(1700636816000)/",18000,5000,5351700,96639000000,-100,false,-0.55
"MBB",140622,"/Date(1700636816000)/",18000,5000,5346700,96549000000,-100,false,-0.55
"MBB",140622,"/Date(1700636816000)/",18000,100,5341700,96459000000,-100,false,-0.55
"MBB",140622,"/Date(1700636816000)/",18000,300,5341600,96457000000,-100,false,-0.55
"MBB",140622,"/Date(1700636816000)/",18000,1600,5341300,96451000000,-100,false,-0.55
"MBB",140534,"/Date(1700636769000)/",18000,100,5339700,96423000000,-100,true,-0.55
"MBB",140515,"/Date(1700636749000)/",18000,5000,5339600,96421000000,-100,true,-0.55
"MBB",140450,"/Date(1700636723000)/",18000,3000,5334600,96331000000,-100,false,-0.55
"MBB",140450,"/Date(1700636723000)/",18000,3000,5331600,96277000000,-100,false,-0.55
"MBB",140450,"/Date(1700636723000)/",18000,3000,5328600,96223000000,-100,false,-0.55
"MBB",140450,"/Date(1700636723000)/",18000,300,5325600,96169000000,-100,false,-0.55
"MBB",140450,"/Date(1700636723000)/",18000,100,5325300,96163000000,-100,false,-0.55
"MBB",140450,"/Date(1700636723000)/",18000,100,5325200,96162000000,-100,false,-0.55
"MBB",140450,"/Date(1700636723000)/",18000,500,5325100,96160000000,-100,false,-0.55
"MBB",140450,"/Date(1700636723000)/",18000,3300,5324600,96151000000,-100,false,-0.55
"MBB",140443,"/Date(1700636718000)/",18000,1000,5321300,96091000000,-100,false,-0.55
"MBB",140440,"/Date(1700636714000)/",18000,100,5320300,96073000000,-100,false,-0.55
"MBB",140430,"/Date(1700636705000)/",18000,200,5320200,96072000000,-100,false,-0.55
"MBB",140427,"/Date(1700636702000)/",18000,5000,5320000,96068000000,-100,false,-0.55
"MBB",140424,"/Date(1700636698000)/",18000,1000,5315000,95978000000,-100,false,-0.55
"MBB",140424,"/Date(1700636697000)/",18000,9400,5314000,95960000000,-100,false,-0.55
"MBB",140424,"/Date(1700636697000)/",18000,600,5304600,95791000000,-100,false,-0.55
"MBB",140421,"/Date(1700636693000)/",18000,2000,5304000,95780000000,-100,false,-0.55
"MBB",140418,"/Date(1700636692000)/",18000,2400,5302000,95744000000,-100,false,-0.55
"MBB",140418,"/Date(1700636692000)/",18000,2600,5299600,95701000000,-100,false,-0.55
"MBB",140418,"/Date(1700636691000)/",18000,2900,5297000,95654000000,-100,false,-0.55
"MBB",140408,"/Date(1700636683000)/",18000,100,5294100,95602000000,-100,false,-0.55
"MBB",140408,"/Date(1700636680000)/",18000,8800,5294000,95600000000,-100,false,-0.55
"MBB",140408,"/Date(1700636680000)/",18000,1200,5285200,95442000000,-100,false,-0.55
"MBB",140405,"/Date(1700636678000)/",18000,7500,5284000,95420000000,-100,false,-0.55
"MBB",140359,"/Date(1700636672000)/",18000,3000,5276500,95285000000,-100,false,-0.55
"MBB",140359,"/Date(1700636672000)/",18000,100,5273500,95231000000,-100,false,-0.55
"MBB",140352,"/Date(1700636666000)/",18000,4000,5273400,95229000000,-100,false,-0.55
"MBB",140346,"/Date(1700636659000)/",18000,100,5269400,95157000000,-100,false,-0.55
"MBB",140339,"/Date(1700636654000)/",18000,100,5269300,95155000000,-100,false,-0.55
"MBB",140333,"/Date(1700636647000)/",18000,500,5269200,95154000000,-100,false,-0.55
"MBB",140330,"/Date(1700636644000)/",18000,300,5268700,95145000000,-100,false,-0.55
"MBB",140327,"/Date(1700636640000)/",18000,3000,5268400,95139000000,-100,false,-0.55
"MBB",140255,"/Date(1700636609000)/",18000,1600,5265400,95085000000,-100,false,-0.55
"MBB",140252,"/Date(1700636604000)/",18000,300,5263800,95056000000,-100,false,-0.55
"MBB",140242,"/Date(1700636596000)/",18000,200,5263500,95051000000,-100,false,-0.55
"MBB",140242,"/Date(1700636594000)/",18000,3000,5263300,95047000000,-100,false,-0.55
"MBB",140242,"/Date(1700636594000)/",18000,300,5260300,94993000000,-100,false,-0.55
"MBB",140239,"/Date(1700636593000)/",18000,10000,5260000,94988000000,-100,false,-0.55
"MBB",140239,"/Date(1700636591000)/",18000,1500,5250000,94808000000,-100,false,-0.55
"MBB",140239,"/Date(1700636591000)/",18000,5500,5248500,94781000000,-100,false,-0.55
"MBB",140229,"/Date(1700636583000)/",18000,4000,5243000,94682000000,-100,false,-0.55
"MBB",140229,"/Date(1700636582000)/",18000,2000,5239000,94610000000,-100,false,-0.55
"MBB",140226,"/Date(1700636580000)/",18000,700,5237000,94574000000,-100,false,-0.55
"MBB",140220,"/Date(1700636574000)/",18000,100,5236300,94561000000,-100,false,-0.55
"MBB",140207,"/Date(1700636559000)/",18000,3500,5236200,94560000000,-100,false,-0.55
"MBB",140157,"/Date(1700636550000)/",18000,1000,5232700,94497000000,-100,false,-0.55
"MBB",140151,"/Date(1700636543000)/",18000,300,5231700,94479000000,-100,false,-0.55
"MBB",140148,"/Date(1700636541000)/",18000,300,5231400,94473000000,-100,false,-0.55
"MBB",140144,"/Date(1700636538000)/",18000,1000,5231100,94468000000,-100,false,-0.55
"MBB",140141,"/Date(1700636534000)/",18000,1500,5230100,94450000000,-100,false,-0.55
"MBB",140129,"/Date(1700636521000)/",18000,100,5228600,94423000000,-100,false,-0.55
"MBB",140129,"/Date(1700636520000)/",18000,200,5228500,94421000000,-100,false,-0.55
"MBB",140122,"/Date(1700636517000)/",18000,2000,5228300,94417000000,-100,false,-0.55
"MBB",140116,"/Date(1700636509000)/",18000,400,5226300,94381000000,-100,false,-0.55
"MBB",140047,"/Date(1700636480000)/",18000,2000,5225900,94374000000,-100,false,-0.55
"MBB",140047,"/Date(1700636480000)/",18000,5000,5223900,94338000000,-100,false,-0.55
"MBB",140047,"/Date(1700636480000)/",18000,200,5218900,94248000000,-100,false,-0.55
"MBB",140047,"/Date(1700636480000)/",18000,400,5218700,94245000000,-100,false,-0.55
"MBB",140047,"/Date(1700636480000)/",18000,2000,5218300,94237000000,-100,false,-0.55
"MBB",140047,"/Date(1700636480000)/",18000,4500,5216300,94201000000,-100,false,-0.55
"MBB",140047,"/Date(1700636479000)/",18000,500,5211800,94120000000,-100,false,-0.55
"MBB",140047,"/Date(1700636479000)/",18000,200,5211300,94111000000,-100,false,-0.55
"MBB",140047,"/Date(1700636479000)/",18000,200,5211100,94108000000,-100,false,-0.55
"MBB",140047,"/Date(1700636479000)/",18000,100,5210900,94104000000,-100,false,-0.55
"MBB",140047,"/Date(1700636479000)/",18000,1500,5210800,94102000000,-100,false,-0.55
"MBB",140047,"/Date(1700636479000)/",18000,200,5209300,94075000000,-100,false,-0.55
"MBB",140047,"/Date(1700636479000)/",18000,500,5209100,94072000000,-100,false,-0.55
"MBB",140047,"/Date(1700636479000)/",18000,100,5208600,94063000000,-100,false,-0.55
"MBB",140047,"/Date(1700636479000)/",18000,1000,5208500,94061000000,-100,false,-0.55
"MBB",140047,"/Date(1700636479000)/",18000,100,5207500,94043000000,-100,false,-0.55
"MBB",140047,"/Date(1700636479000)/",18000,500,5207400,94041000000,-100,false,-0.55
"MBB",140047,"/Date(1700636479000)/",18000,100,5206900,94032000000,-100,false,-0.55
"MBB",140047,"/Date(1700636479000)/",18000,2000,5206800,94030000000,-100,false,-0.55
"MBB",140047,"/Date(1700636479000)/",18000,1000,5204800,93994000000,-100,false,-0.55
"MBB",140047,"/Date(1700636479000)/",18000,100,5203800,93976000000,-100,false,-0.55
"MBB",140047,"/Date(1700636479000)/",18000,100,5203700,93975000000,-100,false,-0.55
"MBB",140047,"/Date(1700636479000)/",18000,1000,5203600,93973000000,-100,false,-0.55
"MBB",140047,"/Date(1700636479000)/",18000,800,5202600,93955000000,-100,false,-0.55
"MBB",140044,"/Date(1700636477000)/",18000,4000,5201800,93940000000,-100,true,-0.55
"MBB",140031,"/Date(1700636465000)/",18000,15200,5197800,93868000000,-100,true,-0.55
"MBB",140031,"/Date(1700636465000)/",18000,5000,5182600,93595000000,-100,true,-0.55
"MBB",140031,"/Date(1700636465000)/",18000,1000,5177600,93505000000,-100,true,-0.55
"MBB",140031,"/Date(1700636465000)/",18000,5000,5176600,93487000000,-100,true,-0.55
"MBB",140031,"/Date(1700636465000)/",18000,400,5171600,93397000000,-100,true,-0.55
"MBB",140031,"/Date(1700636465000)/",18000,10100,5171200,93390000000,-100,true,-0.55
"MBB",140031,"/Date(1700636465000)/",18000,4000,5161100,93208000000,-100,true,-0.55
"MBB",140025,"/Date(1700636459000)/",18000,13600,5157100,93136000000,-100,true,-0.55
"MBB",140025,"/Date(1700636459000)/",18000,1000,5143500,92891000000,-100,true,-0.55
"MBB",140021,"/Date(1700636455000)/",18000,1300,5142500,92873000000,-100,true,-0.55
"MBB",140021,"/Date(1700636455000)/",18000,2700,5141200,92850000000,-100,true,-0.55
"MBB",140015,"/Date(1700636449000)/",18000,100,5138500,92801000000,-100,true,-0.55
"MBB",140015,"/Date(1700636448000)/",18000,2200,5138400,92799000000,-100,true,-0.55
"MBB",140015,"/Date(1700636448000)/",18000,3600,5136200,92760000000,-100,true,-0.55
"MBB",140015,"/Date(1700636448000)/",18000,1000,5132600,92695000000,-100,true,-0.55
"MBB",140015,"/Date(1700636448000)/",18000,1000,5131600,92677000000,-100,true,-0.55
"MBB",140015,"/Date(1700636448000)/",18000,500,5130600,92659000000,-100,true,-0.55
"MBB",140015,"/Date(1700636448000)/",18000,5300,5130100,92650000000,-100,true,-0.55
"MBB",140012,"/Date(1700636446000)/",18000,3000,5124800,92554000000,-100,true,-0.55
"MBB",140002,"/Date(1700636436000)/",18000,1700,5121800,92500000000,-100,true,-0.55
"MBB",140002,"/Date(1700636436000)/",18000,2000,5120100,92470000000,-100,true,-0.55
"MBB",140002,"/Date(1700636436000)/",18000,5000,5118100,92434000000,-100,true,-0.55
"MBB",140002,"/Date(1700636436000)/",18000,100,5113100,92344000000,-100,true,-0.55
"MBB",140002,"/Date(1700636436000)/",18000,1000,5113000,92342000000,-100,true,-0.55
"MBB",140002,"/Date(1700636436000)/",18000,100,5112000,92324000000,-100,true,-0.55
"MBB",140002,"/Date(1700636436000)/",18000,3700,5111900,92322000000,-100,true,-0.55
"MBB",140002,"/Date(1700636435000)/",18000,3000,5108200,92256000000,-100,true,-0.55
"MBB",135956,"/Date(1700636428000)/",18000,3000,5105200,92202000000,-100,true,-0.55
"MBB",135904,"/Date(1700636377000)/",18050,100,5102200,92148000000,-50,false,-0.28
"MBB",135858,"/Date(1700636372000)/",18000,1600,5102100,92146000000,-100,true,-0.55
"MBB",135855,"/Date(1700636367000)/",18000,300,5100500,92117000000,-100,true,-0.55
"MBB",135845,"/Date(1700636357000)/",18050,1500,5100200,92112000000,-50,false,-0.28
"MBB",135839,"/Date(1700636352000)/",18000,100,5098700,92085000000,-100,true,-0.55
"MBB",135816,"/Date(1700636331000)/",18000,100,5098600,92083000000,-100,true,-0.55
"MBB",135807,"/Date(1700636321000)/",18000,300,5098500,92081000000,-100,true,-0.55
"MBB",135744,"/Date(1700636299000)/",18050,500,5098200,92076000000,-50,false,-0.28
"MBB",135741,"/Date(1700636295000)/",18000,500,5097700,92066000000,-100,true,-0.55
"MBB",135732,"/Date(1700636286000)/",18050,2700,5097200,92057000000,-50,false,-0.28
"MBB",135732,"/Date(1700636286000)/",18050,500,5094500,92009000000,-50,false,-0.28
"MBB",135732,"/Date(1700636286000)/",18050,1000,5094000,92000000000,-50,false,-0.28
"MBB",135732,"/Date(1700636286000)/",18050,100,5093000,91982000000,-50,false,-0.28
"MBB",135732,"/Date(1700636286000)/",18050,1000,5092900,91980000000,-50,false,-0.28
"MBB",135725,"/Date(1700636277000)/",18000,1400,5091900,91962000000,-100,true,-0.55
"MBB",135719,"/Date(1700636271000)/",18000,500,5090500,91937000000,-100,true,-0.55
"MBB",135703,"/Date(1700636255000)/",18000,4000,5090000,91928000000,-100,true,-0.55
"MBB",135644,"/Date(1700636238000)/",18000,400,5086000,91856000000,-100,true,-0.55
"MBB",135631,"/Date(1700636225000)/",18000,1600,5085600,91848000000,-100,true,-0.55
"MBB",135624,"/Date(1700636218000)/",18000,2500,5084000,91820000000,-100,true,-0.55
"MBB",135624,"/Date(1700636218000)/",18000,500,5081500,91775000000,-100,true,-0.55
"MBB",135621,"/Date(1700636216000)/",18000,200,5081000,91766000000,-100,true,-0.55
"MBB",135608,"/Date(1700636202000)/",18000,9300,5080800,91762000000,-100,false,-0.55
"MBB",135605,"/Date(1700636199000)/",18000,8700,5071500,91595000000,-100,true,-0.55
"MBB",135602,"/Date(1700636195000)/",18000,6300,5062800,91438000000,-100,true,-0.55
"MBB",135602,"/Date(1700636195000)/",18000,1000,5056500,91325000000,-100,true,-0.55
"MBB",135602,"/Date(1700636195000)/",18000,10000,5055500,91307000000,-100,true,-0.55
"MBB",135602,"/Date(1700636195000)/",18000,100,5045500,91127000000,-100,true,-0.55
"MBB",135602,"/Date(1700636195000)/",18000,10000,5045400,91125000000,-100,true,-0.55
"MBB",135602,"/Date(1700636195000)/",18000,10000,5035400,90945000000,-100,true,-0.55
"MBB",135602,"/Date(1700636195000)/",18000,1000,5025400,90765000000,-100,true,-0.55
"MBB",135602,"/Date(1700636195000)/",18000,1600,5024400,90747000000,-100,true,-0.55
"MBB",135556,"/Date(1700636190000)/",18000,400,5022800,90718000000,-100,true,-0.55
"MBB",135556,"/Date(1700636190000)/",18000,8000,5022400,90711000000,-100,true,-0.55
"MBB",135556,"/Date(1700636190000)/",18000,200,5014400,90567000000,-100,true,-0.55
"MBB",135556,"/Date(1700636190000)/",18000,3800,5014200,90563000000,-100,true,-0.55
"MBB",135552,"/Date(1700636186000)/",18000,3200,5010400,90495000000,-100,true,-0.55
"MBB",135511,"/Date(1700636142000)/",18000,3000,5007200,90437000000,-100,true,-0.55
"MBB",135511,"/Date(1700636142000)/",18000,2000,5004200,90383000000,-100,true,-0.55
"MBB",135420,"/Date(1700636093000)/",18000,6500,5002200,90347000000,-100,true,-0.55
"MBB",135416,"/Date(1700636091000)/",18000,1500,4995700,90230000000,-100,true,-0.55
"MBB",135416,"/Date(1700636091000)/",18000,2100,4994200,90203000000,-100,true,-0.55
"MBB",135413,"/Date(1700636085000)/",18000,400,4992100,90165000000,-100,true,-0.55
"MBB",135407,"/Date(1700636079000)/",18000,17500,4991700,90158000000,-100,true,-0.55
"MBB",135407,"/Date(1700636079000)/",18000,2500,4974200,89843000000,-100,true,-0.55
"MBB",135354,"/Date(1700636066000)/",18000,500,4971700,89798000000,-100,true,-0.55
"MBB",135354,"/Date(1700636065000)/",18000,7000,4971200,89789000000,-100,true,-0.55
"MBB",135354,"/Date(1700636065000)/",18000,13000,4964200,89663000000,-100,true,-0.55
"MBB",135351,"/Date(1700636065000)/",18000,1000,4951200,89429000000,-100,true,-0.55
"MBB",135332,"/Date(1700636044000)/",18000,1000,4950200,89411000000,-100,true,-0.55
"MBB",135332,"/Date(1700636044000)/",18000,100,4949200,89393000000,-100,true,-0.55
"MBB",135319,"/Date(1700636032000)/",18000,100,4949100,89391000000,-100,false,-0.55
"MBB",135319,"/Date(1700636032000)/",18000,1800,4949000,89390000000,-100,false,-0.55
"MBB",135316,"/Date(1700636028000)/",18000,1000,4947200,89357000000,-100,true,-0.55
"MBB",135316,"/Date(1700636028000)/",18000,100,4946200,89339000000,-100,true,-0.55
"MBB",135316,"/Date(1700636028000)/",18000,300,4946100,89337000000,-100,true,-0.55
"MBB",135316,"/Date(1700636028000)/",18000,10000,4945800,89332000000,-100,true,-0.55
"MBB",135316,"/Date(1700636028000)/",18000,6800,4935800,89152000000,-100,true,-0.55
"MBB",135316,"/Date(1700636028000)/",18000,300,4929000,89030000000,-100,true,-0.55
"MBB",135312,"/Date(1700636026000)/",18000,10200,4928700,89024000000,-100,true,-0.55
"MBB",135309,"/Date(1700636023000)/",18000,200,4918500,88841000000,-100,true,-0.55
"MBB",135306,"/Date(1700636020000)/",18000,2500,4918300,88837000000,-100,true,-0.55
"MBB",135306,"/Date(1700636020000)/",18000,7500,4915800,88792000000,-100,true,-0.55
"MBB",135306,"/Date(1700636019000)/",18000,2500,4908300,88657000000,-100,true,-0.55
"MBB",135306,"/Date(1700636019000)/",18000,10000,4905800,88612000000,-100,true,-0.55
"MBB",135306,"/Date(1700636019000)/",18000,200,4895800,88432000000,-100,true,-0.55
"MBB",135306,"/Date(1700636019000)/",18000,100,4895600,88428000000,-100,true,-0.55
"MBB",135306,"/Date(1700636019000)/",18000,5000,4895500,88427000000,-100,true,-0.55
"MBB",135306,"/Date(1700636019000)/",18000,200,4890500,88337000000,-100,true,-0.55
"MBB",135306,"/Date(1700636019000)/",18000,100,4890300,88333000000,-100,true,-0.55
"MBB",135306,"/Date(1700636019000)/",18000,1900,4890200,88331000000,-100,true,-0.55
"MBB",135306,"/Date(1700636018000)/",18000,100,4888300,88297000000,-100,true,-0.55
"MBB",135303,"/Date(1700636016000)/",18000,100,4888200,88295000000,-100,true,-0.55
"MBB",135303,"/Date(1700636016000)/",18000,300,4888100,88293000000,-100,true,-0.55
"MBB",135300,"/Date(1700636013000)/",18000,200,4887800,88288000000,-100,true,-0.55
"MBB",135256,"/Date(1700636009000)/",18000,400,4887600,88284000000,-100,true,-0.55
"MBB",135256,"/Date(1700636009000)/",18000,200,4887200,88277000000,-100,true,-0.55
"MBB",135256,"/Date(1700636009000)/",18000,5000,4887000,88274000000,-100,true,-0.55
"MBB",135256,"/Date(1700636009000)/",18000,200,4882000,88184000000,-100,true,-0.55
"MBB",135256,"/Date(1700636009000)/",18000,200,4881800,88180000000,-100,true,-0.55
"MBB",135256,"/Date(1700636009000)/",18000,4800,4881600,88176000000,-100,true,-0.55
"MBB",135256,"/Date(1700636009000)/",18000,200,4876800,88090000000,-100,true,-0.55
"MBB",135256,"/Date(1700636009000)/",18000,100,4876600,88086000000,-100,true,-0.55
"MBB",135256,"/Date(1700636009000)/",18000,100,4876500,88085000000,-100,true,-0.55
"MBB",135256,"/Date(1700636009000)/",18000,100,4876400,88083000000,-100,true,-0.55
"MBB",135256,"/Date(1700636009000)/",18000,200,4876300,88081000000,-100,true,-0.55
"MBB",135256,"/Date(1700636009000)/",18000,4700,4876100,88077000000,-100,true,-0.55
"MBB",135253,"/Date(1700636007000)/",18000,300,4871400,87993000000,-100,true,-0.55
"MBB",135253,"/Date(1700636007000)/",18000,1700,4871100,87987000000,-100,true,-0.55
"MBB",135253,"/Date(1700636005000)/",18000,3600,4869400,87957000000,-100,true,-0.55
"MBB",135250,"/Date(1700636003000)/",18000,50000,4865800,87892000000,-100,true,-0.55
"MBB",135250,"/Date(1700636002000)/",18000,400,4815800,86992000000,-100,true,-0.55
"MBB",135250,"/Date(1700636002000)/",18000,200,4815400,86985000000,-100,true,-0.55
"MBB",135247,"/Date(1700635998000)/",18000,1300,4815200,86981000000,-100,true,-0.55
"MBB",135244,"/Date(1700635997000)/",18000,8000,4813900,86958000000,-100,true,-0.55
"MBB",135237,"/Date(1700635989000)/",18000,20000,4805900,86814000000,-100,true,-0.55
"MBB",135231,"/Date(1700635984000)/",18000,200,4785900,86454000000,-100,true,-0.55
"MBB",135231,"/Date(1700635983000)/",18000,4600,4785700,86450000000,-100,true,-0.55
"MBB",135231,"/Date(1700635983000)/",18000,1900,4781100,86367000000,-100,true,-0.55
"MBB",135224,"/Date(1700635976000)/",18000,3100,4779200,86333000000,-100,true,-0.55
"MBB",135224,"/Date(1700635976000)/",18000,1400,4776100,86277000000,-100,true,-0.55
"MBB",135224,"/Date(1700635976000)/",18000,500,4774700,86252000000,-100,true,-0.55
"MBB",135215,"/Date(1700635969000)/",18000,15000,4774200,86243000000,-100,true,-0.55
"MBB",135212,"/Date(1700635964000)/",18000,10000,4759200,85973000000,-100,true,-0.55
"MBB",135208,"/Date(1700635962000)/",18000,8200,4749200,85793000000,-100,true,-0.55
"MBB",135208,"/Date(1700635962000)/",18000,5000,4741000,85646000000,-100,true,-0.55
"MBB",135208,"/Date(1700635962000)/",18000,1200,4736000,85556000000,-100,true,-0.55
"MBB",135159,"/Date(1700635952000)/",18000,800,4734800,85534000000,-100,true,-0.55
"MBB",135159,"/Date(1700635952000)/",18000,100,4734000,85520000000,-100,true,-0.55
"MBB",135159,"/Date(1700635952000)/",18000,500,4733900,85518000000,-100,true,-0.55
"MBB",135159,"/Date(1700635952000)/",18000,100,4733400,85509000000,-100,true,-0.55
"MBB",135159,"/Date(1700635952000)/",18000,2600,4733300,85507000000,-100,true,-0.55
"MBB",135159,"/Date(1700635952000)/",18000,100,4730700,85460000000,-100,true,-0.55
"MBB",135159,"/Date(1700635952000)/",18000,500,4730600,85458000000,-100,true,-0.55
"MBB",135159,"/Date(1700635952000)/",18000,4600,4730100,85449000000,-100,true,-0.55
"MBB",135156,"/Date(1700635947000)/",18000,5400,4725500,85367000000,-100,true,-0.55
"MBB",135156,"/Date(1700635947000)/",18000,5000,4720100,85269000000,-100,true,-0.55
"MBB",135156,"/Date(1700635947000)/",18000,100,4715100,85179000000,-100,true,-0.55
"MBB",135156,"/Date(1700635947000)/",18000,100,4715000,85178000000,-100,true,-0.55
"MBB",135156,"/Date(1700635947000)/",18000,2000,4714900,85176000000,-100,true,-0.55
"MBB",135156,"/Date(1700635947000)/",18000,1800,4712900,85140000000,-100,true,-0.55
"MBB",135146,"/Date(1700635938000)/",18000,2000,4711100,85107000000,-100,true,-0.55
"MBB",135140,"/Date(1700635932000)/",18000,5300,4709100,85071000000,-100,true,-0.55
"MBB",135133,"/Date(1700635927000)/",18000,10900,4703800,84976000000,-100,true,-0.55
"MBB",135133,"/Date(1700635927000)/",18000,100,4692900,84780000000,-100,true,-0.55
"MBB",135133,"/Date(1700635927000)/",18000,3400,4692800,84778000000,-100,true,-0.55
"MBB",135133,"/Date(1700635926000)/",18000,6600,4689400,84717000000,-100,true,-0.55
"MBB",135133,"/Date(1700635926000)/",18000,400,4682800,84598000000,-100,true,-0.55
"MBB",135133,"/Date(1700635926000)/",18000,1000,4682400,84591000000,-100,true,-0.55
"MBB",135133,"/Date(1700635926000)/",18000,1000,4681400,84573000000,-100,true,-0.55
"MBB",135133,"/Date(1700635926000)/",18000,300,4680400,84555000000,-100,true,-0.55
"MBB",135133,"/Date(1700635926000)/",18000,600,4680100,84549000000,-100,true,-0.55
"MBB",135127,"/Date(1700635920000)/",18000,9900,4679500,84539000000,-100,true,-0.55
"MBB",135117,"/Date(1700635909000)/",18000,9400,4669600,84360000000,-100,true,-0.55
"MBB",135108,"/Date(1700635899000)/",18000,100,4660200,84191000000,-100,true,-0.55
"MBB",135108,"/Date(1700635899000)/",18000,3000,4660100,84189000000,-100,true,-0.55
"MBB",135108,"/Date(1700635899000)/",18000,500,4657100,84135000000,-100,true,-0.55
"MBB",135108,"/Date(1700635899000)/",18000,6600,4656600,84126000000,-100,true,-0.55
"MBB",135105,"/Date(1700635898000)/",18000,600,4650000,84008000000,-100,true,-0.55
"MBB",135058,"/Date(1700635891000)/",18000,300,4649400,83997000000,-100,true,-0.55
"MBB",135055,"/Date(1700635886000)/",18000,2500,4649100,83991000000,-100,true,-0.55
"MBB",135055,"/Date(1700635886000)/",18000,4900,4646600,83946000000,-100,true,-0.55
"MBB",135052,"/Date(1700635883000)/",18000,100,4641700,83858000000,-100,true,-0.55
"MBB",135045,"/Date(1700635877000)/",18050,200,4641600,83856000000,-50,false,-0.28
"MBB",135033,"/Date(1700635866000)/",18000,2000,4641400,83853000000,-100,true,-0.55
"MBB",134938,"/Date(1700635811000)/",18000,1000,4639400,83817000000,-100,true,-0.55
"MBB",134919,"/Date(1700635791000)/",18050,1200,4638400,83799000000,-50,false,-0.28
"MBB",134919,"/Date(1700635791000)/",18050,14300,4637200,83777000000,-50,false,-0.28
"MBB",134916,"/Date(1700635789000)/",18050,100,4622900,83519000000,-50,false,-0.28
"MBB",134903,"/Date(1700635776000)/",18000,2000,4622800,83517000000,-100,true,-0.55
"MBB",134900,"/Date(1700635772000)/",18000,200,4620800,83481000000,-100,true,-0.55
"MBB",134831,"/Date(1700635743000)/",18000,200,4620600,83478000000,-100,true,-0.55
"MBB",134831,"/Date(1700635743000)/",18000,200,4620400,83474000000,-100,true,-0.55
"MBB",134831,"/Date(1700635743000)/",18000,500,4620200,83470000000,-100,true,-0.55
"MBB",134831,"/Date(1700635743000)/",18000,300,4619700,83461000000,-100,true,-0.55
"MBB",134822,"/Date(1700635733000)/",18000,10000,4619400,83456000000,-100,true,-0.55
"MBB",134822,"/Date(1700635733000)/",18000,300,4609400,83276000000,-100,true,-0.55
"MBB",134822,"/Date(1700635733000)/",18000,100,4609100,83271000000,-100,true,-0.55
"MBB",134803,"/Date(1700635713000)/",18000,9900,4609000,83269000000,-100,true,-0.55
"MBB",134803,"/Date(1700635713000)/",18000,100,4599100,83091000000,-100,true,-0.55
"MBB",134750,"/Date(1700635703000)/",18000,100,4599000,83089000000,-100,true,-0.55
"MBB",134750,"/Date(1700635703000)/",18000,1000,4598900,83087000000,-100,true,-0.55
"MBB",134750,"/Date(1700635703000)/",18000,1900,4597900,83069000000,-100,true,-0.55
"MBB",134724,"/Date(1700635677000)/",18000,500,4596000,83035000000,-100,true,-0.55
"MBB",134721,"/Date(1700635673000)/",18000,2600,4595500,83026000000,-100,true,-0.55
"MBB",134721,"/Date(1700635673000)/",18000,200,4592900,82979000000,-100,true,-0.55
"MBB",134721,"/Date(1700635673000)/",18000,100,4592700,82975000000,-100,true,-0.55
"MBB",134721,"/Date(1700635673000)/",18000,500,4592600,82974000000,-100,true,-0.55
"MBB",134721,"/Date(1700635673000)/",18000,1000,4592100,82965000000,-100,true,-0.55
"MBB",134721,"/Date(1700635673000)/",18000,1000,4591100,82947000000,-100,true,-0.55
"MBB",134721,"/Date(1700635673000)/",18000,1500,4590100,82929000000,-100,true,-0.55
"MBB",134721,"/Date(1700635673000)/",18000,2000,4588600,82902000000,-100,true,-0.55
"MBB",134721,"/Date(1700635673000)/",18000,100,4586600,82866000000,-100,true,-0.55
"MBB",134721,"/Date(1700635673000)/",18000,200,4586500,82864000000,-100,true,-0.55
"MBB",134721,"/Date(1700635673000)/",18000,5000,4586300,82860000000,-100,true,-0.55
"MBB",134721,"/Date(1700635673000)/",18000,500,4581300,82770000000,-100,true,-0.55
"MBB",134721,"/Date(1700635673000)/",18000,1000,4580800,82761000000,-100,true,-0.55
"MBB",134721,"/Date(1700635673000)/",18000,200,4579800,82743000000,-100,true,-0.55
"MBB",134721,"/Date(1700635673000)/",18000,400,4579600,82740000000,-100,true,-0.55
"MBB",134721,"/Date(1700635673000)/",18000,300,4579200,82732000000,-100,true,-0.55
"MBB",134721,"/Date(1700635673000)/",18000,2000,4578900,82727000000,-100,true,-0.55
"MBB",134721,"/Date(1700635673000)/",18000,5000,4576900,82691000000,-100,true,-0.55
"MBB",134721,"/Date(1700635673000)/",18000,800,4571900,82601000000,-100,true,-0.55
"MBB",134721,"/Date(1700635673000)/",18000,1000,4571100,82587000000,-100,true,-0.55
"MBB",134721,"/Date(1700635673000)/",18000,1000,4570100,82569000000,-100,true,-0.55
"MBB",134721,"/Date(1700635673000)/",18000,200,4569100,82551000000,-100,true,-0.55
"MBB",134721,"/Date(1700635673000)/",18000,200,4568900,82547000000,-100,true,-0.55
"MBB",134721,"/Date(1700635673000)/",18000,3200,4568700,82543000000,-100,true,-0.55
"MBB",134715,"/Date(1700635668000)/",18000,1200,4565500,82486000000,-100,true,-0.55
"MBB",134715,"/Date(1700635666000)/",18000,5600,4564300,82464000000,-100,true,-0.55
"MBB",134715,"/Date(1700635666000)/",18000,500,4558700,82363000000,-100,true,-0.55
"MBB",134715,"/Date(1700635666000)/",18000,10000,4558200,82354000000,-100,true,-0.55
"MBB",134715,"/Date(1700635666000)/",18000,100,4548200,82174000000,-100,true,-0.55
"MBB",134715,"/Date(1700635666000)/",18000,100,4548100,82173000000,-100,true,-0.55
"MBB",134715,"/Date(1700635666000)/",18000,200,4548000,82171000000,-100,true,-0.55
"MBB",134715,"/Date(1700635666000)/",18000,200,4547800,82167000000,-100,true,-0.55
"MBB",134715,"/Date(1700635666000)/",18000,100,4547600,82164000000,-100,true,-0.55
"MBB",134715,"/Date(1700635666000)/",18000,200,4547500,82162000000,-100,true,-0.55
"MBB",134715,"/Date(1700635666000)/",18000,500,4547300,82158000000,-100,true,-0.55
"MBB",134715,"/Date(1700635666000)/",18000,100,4546800,82149000000,-100,true,-0.55
"MBB",134715,"/Date(1700635666000)/",18000,100,4546700,82147000000,-100,true,-0.55
"MBB",134715,"/Date(1700635666000)/",18000,200,4546600,82146000000,-100,true,-0.55
"MBB",134715,"/Date(1700635666000)/",18000,100,4546400,82142000000,-100,true,-0.55
"MBB",134715,"/Date(1700635666000)/",18000,300,4546300,82140000000,-100,true,-0.55
"MBB",134715,"/Date(1700635666000)/",18000,500,4546000,82135000000,-100,true,-0.55
"MBB",134715,"/Date(1700635666000)/",18000,100,4545500,82126000000,-100,true,-0.55
"MBB",134715,"/Date(1700635666000)/",18000,100,4545400,82124000000,-100,true,-0.55
"MBB",134715,"/Date(1700635666000)/",18000,10000,4545300,82122000000,-100,true,-0.55
"MBB",134715,"/Date(1700635666000)/",18000,200,4535300,81942000000,-100,true,-0.55
"MBB",134715,"/Date(1700635666000)/",18000,1000,4535100,81939000000,-100,true,-0.55
"MBB",134715,"/Date(1700635666000)/",18000,100,4534100,81921000000,-100,true,-0.55
"MBB",134715,"/Date(1700635666000)/",18000,300,4534000,81919000000,-100,true,-0.55
"MBB",134715,"/Date(1700635666000)/",18000,100,4533700,81913000000,-100,true,-0.55
"MBB",134715,"/Date(1700635666000)/",18000,20000,4533600,81912000000,-100,true,-0.55
"MBB",134715,"/Date(1700635666000)/",18000,500,4513600,81552000000,-100,true,-0.55
"MBB",134715,"/Date(1700635666000)/",18000,500,4513100,81543000000,-100,true,-0.55
"MBB",134715,"/Date(1700635666000)/",18000,1000,4512600,81534000000,-100,true,-0.55
"MBB",134715,"/Date(1700635666000)/",18000,100,4511600,81516000000,-100,true,-0.55
"MBB",134715,"/Date(1700635666000)/",18000,100,4511500,81514000000,-100,true,-0.55
"MBB",134715,"/Date(1700635666000)/",18000,1000,4511400,81512000000,-100,true,-0.55
"MBB",134715,"/Date(1700635666000)/",18000,300,4510400,81494000000,-100,true,-0.55
"MBB",134715,"/Date(1700635666000)/",18000,1000,4510100,81489000000,-100,true,-0.55
"MBB",134715,"/Date(1700635666000)/",18000,20000,4509100,81471000000,-100,true,-0.55
"MBB",134715,"/Date(1700635666000)/",18000,1900,4489100,81111000000,-100,true,-0.55
"MBB",134715,"/Date(1700635666000)/",18000,500,4487200,81076000000,-100,true,-0.55
"MBB",134715,"/Date(1700635666000)/",18000,500,4486700,81067000000,-100,true,-0.55
"MBB",134715,"/Date(1700635666000)/",18000,500,4486200,81058000000,-100,true,-0.55
"MBB",134715,"/Date(1700635666000)/",18000,100,4485700,81049000000,-100,true,-0.55
"MBB",134715,"/Date(1700635666000)/",18000,1000,4485600,81048000000,-100,true,-0.55
"MBB",134715,"/Date(1700635666000)/",18000,200,4484600,81030000000,-100,true,-0.55
"MBB",134715,"/Date(1700635666000)/",18000,100,4484400,81026000000,-100,true,-0.55
"MBB",134715,"/Date(1700635666000)/",18000,400,4484300,81024000000,-100,true,-0.55
"MBB",134715,"/Date(1700635666000)/",18000,500,4483900,81017000000,-100,true,-0.55
"MBB",134715,"/Date(1700635666000)/",18000,500,4483400,81008000000,-100,true,-0.55
"MBB",134715,"/Date(1700635666000)/",18000,500,4482900,80999000000,-100,true,-0.55
"MBB",134715,"/Date(1700635666000)/",18000,5000,4482400,80990000000,-100,true,-0.55
"MBB",134715,"/Date(1700635666000)/",18000,1000,4477400,80900000000,-100,true,-0.55
"MBB",134715,"/Date(1700635666000)/",18000,500,4476400,80882000000,-100,true,-0.55
"MBB",134715,"/Date(1700635666000)/",18000,5000,4475900,80873000000,-100,true,-0.55
"MBB",134715,"/Date(1700635666000)/",18000,500,4470900,80783000000,-100,true,-0.55
"MBB",134715,"/Date(1700635666000)/",18000,5000,4470400,80774000000,-100,true,-0.55
"MBB",134715,"/Date(1700635666000)/",18000,300,4465400,80684000000,-100,true,-0.55
"MBB",134715,"/Date(1700635666000)/",18000,100,4465100,80679000000,-100,true,-0.55
"MBB",134715,"/Date(1700635666000)/",18000,5000,4465000,80677000000,-100,true,-0.55
"MBB",134715,"/Date(1700635666000)/",18000,500,4460000,80587000000,-100,true,-0.55
"MBB",134715,"/Date(1700635666000)/",18000,500,4459500,80578000000,-100,true,-0.55
"MBB",134715,"/Date(1700635666000)/",18000,1000,4459000,80569000000,-100,true,-0.55
"MBB",134715,"/Date(1700635666000)/",18000,20000,4458000,80551000000,-100,true,-0.55
"MBB",134715,"/Date(1700635666000)/",18000,500,4438000,80191000000,-100,true,-0.55
"MBB",134715,"/Date(1700635666000)/",18000,1000,4437500,80182000000,-100,true,-0.55
"MBB",134715,"/Date(1700635666000)/",18000,100,4436500,80164000000,-100,true,-0.55
"MBB",134715,"/Date(1700635666000)/",18000,500,4436400,80162000000,-100,true,-0.55
"MBB",134715,"/Date(1700635666000)/",18000,200,4435900,80153000000,-100,true,-0.55
"MBB",134715,"/Date(1700635666000)/",18000,1000,4435700,80149000000,-100,true,-0.55
"MBB",134715,"/Date(1700635666000)/",18000,500,4434700,80131000000,-100,true,-0.55
"MBB",134715,"/Date(1700635666000)/",18000,100,4434200,80122000000,-100,true,-0.55
"MBB",134715,"/Date(1700635666000)/",18000,500,4434100,80121000000,-100,true,-0.55
"MBB",134715,"/Date(1700635666000)/",18000,100,4433600,80112000000,-100,true,-0.55
"MBB",134715,"/Date(1700635666000)/",18000,500,4433500,80110000000,-100,true,-0.55
"MBB",134715,"/Date(1700635666000)/",18000,1000,4433000,80101000000,-100,true,-0.55
"MBB",134715,"/Date(1700635666000)/",18000,3000,4432000,80083000000,-100,true,-0.55
"MBB",134715,"/Date(1700635666000)/",18000,10000,4429000,80029000000,-100,true,-0.55
"MBB",134715,"/Date(1700635666000)/",18000,4700,4419000,79849000000,-100,true,-0.55
"MBB",134708,"/Date(1700635659000)/",18000,100,4414300,79764000000,-100,true,-0.55
"MBB",134702,"/Date(1700635654000)/",18050,100,4414200,79762000000,-50,false,-0.28
"MBB",134643,"/Date(1700635635000)/",18000,2000,4414100,79761000000,-100,true,-0.55
"MBB",134601,"/Date(1700635593000)/",18000,200,4412100,79725000000,-100,true,-0.55
"MBB",134545,"/Date(1700635577000)/",18050,300,4411900,79721000000,-50,false,-0.28
"MBB",134542,"/Date(1700635575000)/",18050,100,4411600,79716000000,-50,false,-0.28
"MBB",134504,"/Date(1700635534000)/",18050,100,4411500,79714000000,-50,false,-0.28
"MBB",134501,"/Date(1700635533000)/",18050,1000,4411400,79712000000,-50,false,-0.28
"MBB",134441,"/Date(1700635513000)/",18050,200,4410400,79694000000,-50,false,-0.28
"MBB",134435,"/Date(1700635507000)/",18050,1500,4410200,79690000000,-50,false,-0.28
"MBB",134429,"/Date(1700635501000)/",18050,100,4408700,79663000000,-50,false,-0.28
"MBB",134403,"/Date(1700635473000)/",18000,200,4408600,79661000000,-100,true,-0.55
"MBB",134400,"/Date(1700635471000)/",18000,2800,4408400,79658000000,-100,true,-0.55
"MBB",134400,"/Date(1700635471000)/",18000,3000,4405600,79607000000,-100,true,-0.55
"MBB",134400,"/Date(1700635471000)/",18000,200,4402600,79553000000,-100,true,-0.55
"MBB",134400,"/Date(1700635471000)/",18000,500,4402400,79550000000,-100,true,-0.55
"MBB",134400,"/Date(1700635471000)/",18000,100,4401900,79541000000,-100,true,-0.55
"MBB",134400,"/Date(1700635471000)/",18000,100,4401800,79539000000,-100,true,-0.55
"MBB",134400,"/Date(1700635471000)/",18000,1000,4401700,79537000000,-100,true,-0.55
"MBB",134400,"/Date(1700635471000)/",18000,1000,4400700,79519000000,-100,true,-0.55
"MBB",134400,"/Date(1700635471000)/",18000,500,4399700,79501000000,-100,true,-0.55
"MBB",134400,"/Date(1700635471000)/",18000,3000,4399200,79492000000,-100,true,-0.55
"MBB",134400,"/Date(1700635471000)/",18000,100,4396200,79438000000,-100,true,-0.55
"MBB",134400,"/Date(1700635471000)/",18000,100,4396100,79436000000,-100,true,-0.55
"MBB",134400,"/Date(1700635471000)/",18000,100,4396000,79435000000,-100,true,-0.55
"MBB",134400,"/Date(1700635471000)/",18000,500,4395900,79433000000,-100,true,-0.55
"MBB",134400,"/Date(1700635471000)/",18000,5000,4395400,79424000000,-100,true,-0.55
"MBB",134400,"/Date(1700635471000)/",18000,800,4390400,79334000000,-100,true,-0.55
"MBB",134400,"/Date(1700635471000)/",18000,300,4389600,79319000000,-100,true,-0.55
"MBB",134400,"/Date(1700635471000)/",18000,5000,4389300,79314000000,-100,true,-0.55
"MBB",134400,"/Date(1700635471000)/",18000,3000,4384300,79224000000,-100,true,-0.55
"MBB",134400,"/Date(1700635471000)/",18000,200,4381300,79170000000,-100,true,-0.55
"MBB",134400,"/Date(1700635471000)/",18000,1000,4381100,79166000000,-100,true,-0.55
"MBB",134400,"/Date(1700635471000)/",18000,500,4380100,79148000000,-100,true,-0.55
"MBB",134400,"/Date(1700635471000)/",18000,500,4379600,79139000000,-100,true,-0.55
"MBB",134400,"/Date(1700635471000)/",18000,100,4379100,79130000000,-100,true,-0.55
"MBB",134400,"/Date(1700635471000)/",18000,5000,4379000,79129000000,-100,true,-0.55
"MBB",134400,"/Date(1700635471000)/",18000,200,4374000,79039000000,-100,true,-0.55
"MBB",134400,"/Date(1700635471000)/",18000,500,4373800,79035000000,-100,true,-0.55
"MBB",134400,"/Date(1700635471000)/",18000,1000,4373300,79026000000,-100,true,-0.55
"MBB",134400,"/Date(1700635471000)/",18000,100,4372300,79008000000,-100,true,-0.55
"MBB",134400,"/Date(1700635471000)/",18000,100,4372200,79006000000,-100,true,-0.55
"MBB",134400,"/Date(1700635471000)/",18000,100,4372100,79004000000,-100,true,-0.55
"MBB",134400,"/Date(1700635471000)/",18000,100,4372000,79003000000,-100,true,-0.55
"MBB",134400,"/Date(1700635471000)/",18000,200,4371900,79001000000,-100,true,-0.55
"MBB",134400,"/Date(1700635471000)/",18000,2000,4371700,78997000000,-100,true,-0.55
"MBB",134400,"/Date(1700635471000)/",18000,10000,4369700,78961000000,-100,true,-0.55
"MBB",134400,"/Date(1700635471000)/",18000,1300,4359700,78781000000,-100,true,-0.55
"MBB",134318,"/Date(1700635429000)/",18000,3700,4358400,78758000000,-100,true,-0.55
"MBB",134318,"/Date(1700635429000)/",18000,5000,4354700,78691000000,-100,true,-0.55
"MBB",134318,"/Date(1700635429000)/",18000,100,4349700,78601000000,-100,true,-0.55
"MBB",134318,"/Date(1700635429000)/",18000,100,4349600,78599000000,-100,true,-0.55
"MBB",134318,"/Date(1700635429000)/",18000,1000,4349500,78598000000,-100,true,-0.55
"MBB",134318,"/Date(1700635429000)/",18000,200,4348500,78580000000,-100,true,-0.55
"MBB",134318,"/Date(1700635429000)/",18000,1000,4348300,78576000000,-100,true,-0.55
"MBB",134318,"/Date(1700635429000)/",18000,500,4347300,78558000000,-100,true,-0.55
"MBB",134318,"/Date(1700635429000)/",18000,100,4346800,78549000000,-100,true,-0.55
"MBB",134318,"/Date(1700635429000)/",18000,500,4346700,78547000000,-100,true,-0.55
"MBB",134318,"/Date(1700635429000)/",18000,100,4346200,78538000000,-100,true,-0.55
"MBB",134318,"/Date(1700635429000)/",18000,100,4346100,78536000000,-100,true,-0.55
"MBB",134318,"/Date(1700635429000)/",18000,200,4346000,78535000000,-100,true,-0.55
"MBB",134318,"/Date(1700635429000)/",18000,300,4345800,78531000000,-100,true,-0.55
"MBB",134318,"/Date(1700635429000)/",18000,600,4345500,78526000000,-100,true,-0.55
"MBB",134318,"/Date(1700635429000)/",18000,5000,4344900,78515000000,-100,true,-0.55
"MBB",134318,"/Date(1700635429000)/",18000,200,4339900,78425000000,-100,true,-0.55
"MBB",134318,"/Date(1700635429000)/",18000,11300,4339700,78421000000,-100,true,-0.55
"MBB",134315,"/Date(1700635425000)/",18000,6700,4328400,78218000000,-100,true,-0.55
"MBB",134315,"/Date(1700635425000)/",18000,5000,4321700,78097000000,-100,true,-0.55
"MBB",134315,"/Date(1700635425000)/",18000,1000,4316700,78007000000,-100,true,-0.55
"MBB",134315,"/Date(1700635425000)/",18000,100,4315700,77989000000,-100,true,-0.55
"MBB",134315,"/Date(1700635425000)/",18000,200,4315600,77987000000,-100,true,-0.55
"MBB",134315,"/Date(1700635425000)/",18000,5700,4315400,77984000000,-100,true,-0.55
"MBB",134315,"/Date(1700635425000)/",18000,1000,4309700,77881000000,-100,true,-0.55
"MBB",134315,"/Date(1700635425000)/",18000,300,4308700,77863000000,-100,true,-0.55
"MBB",134305,"/Date(1700635417000)/",18000,500,4308400,77858000000,-100,true,-0.55
"MBB",134305,"/Date(1700635417000)/",18000,200,4307900,77849000000,-100,true,-0.55
"MBB",134305,"/Date(1700635417000)/",18000,500,4307700,77845000000,-100,true,-0.55
"MBB",134305,"/Date(1700635417000)/",18000,1000,4307200,77836000000,-100,true,-0.55
"MBB",134305,"/Date(1700635417000)/",18000,1000,4306200,77818000000,-100,true,-0.55
"MBB",134305,"/Date(1700635417000)/",18000,1000,4305200,77800000000,-100,true,-0.55
"MBB",134305,"/Date(1700635417000)/",18000,3000,4304200,77782000000,-100,true,-0.55
"MBB",134305,"/Date(1700635417000)/",18000,800,4301200,77728000000,-100,true,-0.55
"MBB",134305,"/Date(1700635417000)/",18000,500,4300400,77714000000,-100,true,-0.55
"MBB",134305,"/Date(1700635417000)/",18000,100,4299900,77705000000,-100,true,-0.55
"MBB",134305,"/Date(1700635417000)/",18000,1000,4299800,77703000000,-100,true,-0.55
"MBB",134305,"/Date(1700635417000)/",18000,200,4298800,77685000000,-100,true,-0.55
"MBB",134305,"/Date(1700635417000)/",18000,1200,4298600,77681000000,-100,true,-0.55
"MBB",134259,"/Date(1700635411000)/",18000,13800,4297400,77660000000,-100,true,-0.55
"MBB",134259,"/Date(1700635411000)/",18000,600,4283600,77411000000,-100,true,-0.55
"MBB",134253,"/Date(1700635405000)/",18000,4300,4283000,77401000000,-100,true,-0.55
"MBB",134243,"/Date(1700635394000)/",18000,100,4278700,77323000000,-100,true,-0.55
"MBB",134243,"/Date(1700635394000)/",18000,300,4278600,77321000000,-100,true,-0.55
"MBB",134243,"/Date(1700635394000)/",18000,3000,4278300,77316000000,-100,true,-0.55
"MBB",134243,"/Date(1700635394000)/",18000,100,4275300,77262000000,-100,true,-0.55
"MBB",134243,"/Date(1700635394000)/",18000,100,4275200,77260000000,-100,true,-0.55
"MBB",134243,"/Date(1700635394000)/",18000,100,4275100,77258000000,-100,true,-0.55
"MBB",134243,"/Date(1700635394000)/",18000,1000,4275000,77257000000,-100,true,-0.55
"MBB",134243,"/Date(1700635394000)/",18000,500,4274000,77239000000,-100,true,-0.55
"MBB",134243,"/Date(1700635394000)/",18000,200,4273500,77230000000,-100,true,-0.55
"MBB",134230,"/Date(1700635383000)/",18000,300,4273300,77226000000,-100,true,-0.55
"MBB",134230,"/Date(1700635383000)/",18000,100,4273000,77221000000,-100,true,-0.55
"MBB",134230,"/Date(1700635383000)/",18000,100,4272900,77219000000,-100,true,-0.55
"MBB",134230,"/Date(1700635383000)/",18000,500,4272800,77217000000,-100,true,-0.55
"MBB",134230,"/Date(1700635383000)/",18000,1000,4272300,77208000000,-100,true,-0.55
"MBB",134230,"/Date(1700635383000)/",18000,100,4271300,77190000000,-100,true,-0.55
"MBB",134230,"/Date(1700635383000)/",18000,600,4271200,77188000000,-100,true,-0.55
"MBB",134230,"/Date(1700635383000)/",18000,1000,4270600,77177000000,-100,true,-0.55
"MBB",134230,"/Date(1700635383000)/",18000,100,4269600,77159000000,-100,true,-0.55
"MBB",134230,"/Date(1700635383000)/",18000,3000,4269500,77158000000,-100,true,-0.55
"MBB",134230,"/Date(1700635383000)/",18000,3100,4266500,77104000000,-100,true,-0.55
"MBB",134158,"/Date(1700635350000)/",18050,5000,4263400,77048000000,-50,false,-0.28
"MBB",134155,"/Date(1700635348000)/",18050,1000,4258400,76958000000,-50,false,-0.28
"MBB",134120,"/Date(1700635312000)/",18050,500,4257400,76940000000,-50,false,-0.28
"MBB",134101,"/Date(1700635292000)/",18050,100,4256900,76931000000,-50,false,-0.28
"MBB",134101,"/Date(1700635292000)/",18050,1000,4256800,76929000000,-50,false,-0.28
"MBB",134101,"/Date(1700635292000)/",18050,100,4255800,76911000000,-50,false,-0.28
"MBB",134101,"/Date(1700635292000)/",18050,5000,4255700,76909000000,-50,false,-0.28
"MBB",134101,"/Date(1700635292000)/",18050,100,4250700,76819000000,-50,false,-0.28
"MBB",134101,"/Date(1700635292000)/",18050,100,4250600,76817000000,-50,false,-0.28
"MBB",134101,"/Date(1700635292000)/",18050,200,4250500,76815000000,-50,false,-0.28
"MBB",134026,"/Date(1700635257000)/",18050,100,4250300,76811000000,-50,false,-0.28
"MBB",134026,"/Date(1700635257000)/",18050,200,4250200,76810000000,-50,false,-0.28
"MBB",134013,"/Date(1700635245000)/",18050,100,4250000,76806000000,-50,true,-0.28
"MBB",134013,"/Date(1700635245000)/",18050,100,4249900,76804000000,-50,true,-0.28
"MBB",134013,"/Date(1700635245000)/",18050,300,4249800,76802000000,-50,true,-0.28
"MBB",134013,"/Date(1700635245000)/",18050,5000,4249500,76797000000,-50,true,-0.28
"MBB",134013,"/Date(1700635245000)/",18050,2000,4244500,76707000000,-50,true,-0.28
"MBB",134013,"/Date(1700635245000)/",18050,100,4242500,76671000000,-50,true,-0.28
"MBB",134013,"/Date(1700635245000)/",18050,2000,4242400,76669000000,-50,true,-0.28
"MBB",134013,"/Date(1700635245000)/",18050,600,4240400,76633000000,-50,true,-0.28
"MBB",134013,"/Date(1700635244000)/",18050,400,4239800,76622000000,-50,true,-0.28
"MBB",134013,"/Date(1700635244000)/",18050,800,4239400,76615000000,-50,true,-0.28
"MBB",133954,"/Date(1700635224000)/",18050,4200,4238600,76600000000,-50,true,-0.28
"MBB",133954,"/Date(1700635224000)/",18050,800,4234400,76524000000,-50,true,-0.28
"MBB",133919,"/Date(1700635190000)/",18050,1000,4233600,76510000000,-50,true,-0.28
"MBB",133853,"/Date(1700635164000)/",18050,5000,4232600,76492000000,-50,true,-0.28
"MBB",133843,"/Date(1700635156000)/",18050,2000,4227600,76402000000,-50,true,-0.28
"MBB",133843,"/Date(1700635155000)/",18050,100,4225600,76366000000,-50,true,-0.28
"MBB",133840,"/Date(1700635153000)/",18050,100,4225500,76364000000,-50,true,-0.28
"MBB",133834,"/Date(1700635145000)/",18050,1000,4225400,76362000000,-50,true,-0.28
"MBB",133746,"/Date(1700635097000)/",18050,1000,4224400,76344000000,-50,false,-0.28
"MBB",133746,"/Date(1700635097000)/",18050,5000,4223400,76326000000,-50,false,-0.28
"MBB",133746,"/Date(1700635097000)/",18050,4000,4218400,76236000000,-50,false,-0.28
"MBB",133733,"/Date(1700635086000)/",18050,200,4214400,76163000000,-50,false,-0.28
"MBB",133720,"/Date(1700635071000)/",18050,800,4214200,76160000000,-50,false,-0.28
"MBB",133720,"/Date(1700635071000)/",18050,100,4213400,76145000000,-50,false,-0.28
"MBB",133714,"/Date(1700635066000)/",18050,2000,4213300,76144000000,-50,false,-0.28
"MBB",133714,"/Date(1700635065000)/",18050,2900,4211300,76107000000,-50,false,-0.28
"MBB",133714,"/Date(1700635065000)/",18050,300,4208400,76055000000,-50,false,-0.28
"MBB",133714,"/Date(1700635065000)/",18050,1800,4208100,76050000000,-50,false,-0.28
"MBB",133704,"/Date(1700635057000)/",18050,100,4206300,76017000000,-50,false,-0.28
"MBB",133645,"/Date(1700635036000)/",18050,100,4206200,76015000000,-50,false,-0.28
"MBB",133642,"/Date(1700635033000)/",18050,700,4206100,76014000000,-50,false,-0.28
"MBB",133639,"/Date(1700635031000)/",18050,3900,4205400,76001000000,-50,true,-0.28
"MBB",133639,"/Date(1700635031000)/",18050,2600,4201500,75931000000,-50,true,-0.28
"MBB",133636,"/Date(1700635028000)/",18050,2400,4198900,75884000000,-50,true,-0.28
"MBB",133636,"/Date(1700635028000)/",18050,2600,4196500,75840000000,-50,true,-0.28
"MBB",133629,"/Date(1700635022000)/",18050,400,4193900,75793000000,-50,true,-0.28
"MBB",133601,"/Date(1700634992000)/",18050,200,4193500,75786000000,-50,true,-0.28
"MBB",133601,"/Date(1700634992000)/",18050,1000,4193300,75783000000,-50,true,-0.28
"MBB",133601,"/Date(1700634992000)/",18050,300,4192300,75765000000,-50,true,-0.28
"MBB",133601,"/Date(1700634992000)/",18050,500,4192000,75759000000,-50,true,-0.28
"MBB",133601,"/Date(1700634992000)/",18000,500,4191500,75750000000,-100,true,-0.55
"MBB",133513,"/Date(1700634944000)/",18000,200,4191000,75741000000,-100,true,-0.55
"MBB",133503,"/Date(1700634935000)/",18050,500,4190800,75737000000,-50,false,-0.28
"MBB",133457,"/Date(1700634928000)/",18050,200,4190300,75728000000,-50,false,-0.28
"MBB",133453,"/Date(1700634923000)/",18050,800,4190100,75725000000,-50,false,-0.28
"MBB",133453,"/Date(1700634923000)/",18050,4200,4189300,75710000000,-50,false,-0.28
"MBB",133450,"/Date(1700634923000)/",18050,200,4185100,75635000000,-50,false,-0.28
"MBB",133447,"/Date(1700634920000)/",18050,3000,4184900,75631000000,-50,false,-0.28
"MBB",133447,"/Date(1700634918000)/",18050,500,4181900,75577000000,-50,false,-0.28
"MBB",133447,"/Date(1700634917000)/",18050,500,4181400,75568000000,-50,false,-0.28
"MBB",133441,"/Date(1700634913000)/",18050,5000,4180900,75559000000,-50,false,-0.28
"MBB",133437,"/Date(1700634909000)/",18050,300,4175900,75469000000,-50,false,-0.28
"MBB",133415,"/Date(1700634886000)/",18000,1200,4175600,75463000000,-100,true,-0.55
"MBB",133415,"/Date(1700634886000)/",18000,3800,4174400,75442000000,-100,true,-0.55
"MBB",133340,"/Date(1700634851000)/",18050,200,4170600,75373000000,-50,false,-0.28
"MBB",133321,"/Date(1700634830000)/",18050,200,4170400,75370000000,-50,false,-0.28
"MBB",133311,"/Date(1700634821000)/",18050,500,4170200,75366000000,-50,false,-0.28
"MBB",133305,"/Date(1700634816000)/",18050,100,4169700,75357000000,-50,false,-0.28
"MBB",133302,"/Date(1700634813000)/",18050,2000,4169600,75355000000,-50,false,-0.28
"MBB",133249,"/Date(1700634799000)/",18050,500,4167600,75319000000,-50,false,-0.28
"MBB",133246,"/Date(1700634796000)/",18050,2800,4167100,75310000000,-50,false,-0.28
"MBB",133246,"/Date(1700634796000)/",18050,1500,4164300,75259000000,-50,false,-0.28
"MBB",133233,"/Date(1700634785000)/",18000,200,4162800,75232000000,-100,true,-0.55
"MBB",133230,"/Date(1700634781000)/",18050,20000,4162600,75229000000,-50,false,-0.28
"MBB",133230,"/Date(1700634781000)/",18050,200,4142600,74868000000,-50,false,-0.28
"MBB",133230,"/Date(1700634781000)/",18050,1700,4142400,74864000000,-50,false,-0.28
"MBB",133230,"/Date(1700634781000)/",18050,100,4140700,74833000000,-50,false,-0.28
"MBB",133230,"/Date(1700634781000)/",18050,1000,4140600,74832000000,-50,false,-0.28
"MBB",133230,"/Date(1700634781000)/",18050,100,4139600,74814000000,-50,false,-0.28
"MBB",133230,"/Date(1700634781000)/",18050,5000,4139500,74812000000,-50,false,-0.28
"MBB",133230,"/Date(1700634781000)/",18050,5000,4134500,74722000000,-50,false,-0.28
"MBB",133230,"/Date(1700634781000)/",18050,1000,4129500,74631000000,-50,false,-0.28
"MBB",133230,"/Date(1700634781000)/",18050,500,4128500,74613000000,-50,false,-0.28
"MBB",133230,"/Date(1700634781000)/",18050,5000,4128000,74604000000,-50,false,-0.28
"MBB",133230,"/Date(1700634781000)/",18050,5000,4123000,74514000000,-50,false,-0.28
"MBB",133230,"/Date(1700634781000)/",18050,3900,4118000,74424000000,-50,false,-0.28
"MBB",133227,"/Date(1700634778000)/",18100,300,4114100,74353000000,0,false,0
"MBB",133207,"/Date(1700634759000)/",18050,100,4113800,74348000000,-50,true,-0.28
"MBB",133135,"/Date(1700634727000)/",18050,12000,4113700,74346000000,-50,true,-0.28
"MBB",133135,"/Date(1700634727000)/",18050,500,4101700,74129000000,-50,true,-0.28
"MBB",133135,"/Date(1700634727000)/",18050,15000,4101200,74120000000,-50,true,-0.28
"MBB",133135,"/Date(1700634727000)/",18050,1000,4086200,73850000000,-50,true,-0.28
"MBB",133135,"/Date(1700634727000)/",18050,200,4085200,73832000000,-50,true,-0.28
"MBB",133135,"/Date(1700634727000)/",18050,100,4085000,73828000000,-50,true,-0.28
"MBB",133135,"/Date(1700634727000)/",18050,10000,4084900,73826000000,-50,true,-0.28
"MBB",133135,"/Date(1700634727000)/",18050,5000,4074900,73646000000,-50,true,-0.28
"MBB",133135,"/Date(1700634727000)/",18050,400,4069900,73555000000,-50,true,-0.28
"MBB",133135,"/Date(1700634727000)/",18050,100,4069500,73548000000,-50,true,-0.28
"MBB",133135,"/Date(1700634727000)/",18050,1700,4069400,73546000000,-50,true,-0.28
"MBB",133135,"/Date(1700634727000)/",18050,500,4067700,73516000000,-50,true,-0.28
"MBB",133135,"/Date(1700634727000)/",18050,500,4067200,73507000000,-50,true,-0.28
"MBB",133135,"/Date(1700634727000)/",18050,3000,4066700,73498000000,-50,true,-0.28
"MBB",133126,"/Date(1700634715000)/",18100,1000,4063700,73444000000,0,false,0
"MBB",133110,"/Date(1700634699000)/",18050,7000,4062700,73425000000,-50,true,-0.28
"MBB",133110,"/Date(1700634699000)/",18050,10000,4055700,73299000000,-50,true,-0.28
"MBB",133110,"/Date(1700634699000)/",18050,2000,4045700,73119000000,-50,true,-0.28
"MBB",133110,"/Date(1700634699000)/",18050,500,4043700,73083000000,-50,true,-0.28
"MBB",133110,"/Date(1700634699000)/",18050,500,4043200,73073000000,-50,true,-0.28
"MBB",132944,"/Date(1700634613000)/",18100,500,4042700,73064000000,0,false,0
"MBB",132931,"/Date(1700634603000)/",18050,800,4042200,73055000000,-50,true,-0.28
"MBB",132925,"/Date(1700634596000)/",18100,600,4041400,73041000000,0,false,0
"MBB",132925,"/Date(1700634595000)/",18050,600,4040800,73030000000,-50,true,-0.28
"MBB",132915,"/Date(1700634587000)/",18050,200,4040200,73019000000,-50,true,-0.28
"MBB",132843,"/Date(1700634552000)/",18050,100,4040000,73016000000,-50,true,-0.28
"MBB",132840,"/Date(1700634551000)/",18050,300,4039900,73014000000,-50,false,-0.28
"MBB",132840,"/Date(1700634551000)/",18050,100,4039600,73008000000,-50,false,-0.28
"MBB",132840,"/Date(1700634551000)/",18050,1000,4039500,73007000000,-50,false,-0.28
"MBB",132840,"/Date(1700634551000)/",18050,1400,4038500,72989000000,-50,false,-0.28
"MBB",132837,"/Date(1700634547000)/",18050,500,4037100,72963000000,-50,false,-0.28
"MBB",132833,"/Date(1700634545000)/",18050,1000,4036600,72954000000,-50,false,-0.28
"MBB",132833,"/Date(1700634544000)/",18050,12100,4035600,72936000000,-50,false,-0.28
"MBB",132833,"/Date(1700634544000)/",18050,2900,4023500,72718000000,-50,false,-0.28
"MBB",132830,"/Date(1700634541000)/",18050,500,4020600,72666000000,-50,false,-0.28
"MBB",132827,"/Date(1700634537000)/",18050,4500,4020100,72656000000,-50,false,-0.28
"MBB",132827,"/Date(1700634537000)/",18050,5000,4015600,72575000000,-50,false,-0.28
"MBB",132824,"/Date(1700634533000)/",18050,24000,4010600,72485000000,-50,false,-0.28
"MBB",132814,"/Date(1700634525000)/",18050,4500,3986600,72052000000,-50,false,-0.28
"MBB",132808,"/Date(1700634518000)/",18050,100,3982100,71971000000,-50,false,-0.28
"MBB",132805,"/Date(1700634517000)/",18050,200,3982000,71969000000,-50,false,-0.28
"MBB",132752,"/Date(1700634503000)/",18050,1000,3981800,71965000000,-50,false,-0.28
"MBB",132739,"/Date(1700634490000)/",18050,3000,3980800,71947000000,-50,false,-0.28
"MBB",132736,"/Date(1700634486000)/",18050,100,3977800,71893000000,-50,false,-0.28
"MBB",132723,"/Date(1700634474000)/",18050,1000,3977700,71891000000,-50,false,-0.28
"MBB",132723,"/Date(1700634472000)/",18050,300,3976700,71873000000,-50,false,-0.28
"MBB",132720,"/Date(1700634467000)/",18000,500,3976400,71868000000,-100,true,-0.55
"MBB",132714,"/Date(1700634464000)/",18050,100,3975900,71859000000,-50,false,-0.28
"MBB",132704,"/Date(1700634456000)/",18000,300,3975800,71857000000,-100,true,-0.55
"MBB",132704,"/Date(1700634456000)/",18000,200,3975500,71851000000,-100,true,-0.55
"MBB",132704,"/Date(1700634456000)/",18000,500,3975300,71848000000,-100,true,-0.55
"MBB",132704,"/Date(1700634456000)/",18000,100,3974800,71839000000,-100,true,-0.55
"MBB",132704,"/Date(1700634456000)/",18000,2000,3974700,71837000000,-100,true,-0.55
"MBB",132704,"/Date(1700634456000)/",18000,100,3972700,71801000000,-100,true,-0.55
"MBB",132704,"/Date(1700634456000)/",18000,100,3972600,71799000000,-100,true,-0.55
"MBB",132704,"/Date(1700634456000)/",18000,3000,3972500,71797000000,-100,true,-0.55
"MBB",132704,"/Date(1700634456000)/",18000,10000,3969500,71743000000,-100,true,-0.55
"MBB",132704,"/Date(1700634456000)/",18000,100,3959500,71563000000,-100,true,-0.55
"MBB",132704,"/Date(1700634456000)/",18000,200,3959400,71562000000,-100,true,-0.55
"MBB",132704,"/Date(1700634456000)/",18000,100,3959200,71558000000,-100,true,-0.55
"MBB",132704,"/Date(1700634456000)/",18000,5000,3959100,71556000000,-100,true,-0.55
"MBB",132704,"/Date(1700634456000)/",18000,500,3954100,71466000000,-100,true,-0.55
"MBB",132704,"/Date(1700634456000)/",18000,500,3953600,71457000000,-100,true,-0.55
"MBB",132704,"/Date(1700634456000)/",18000,100,3953100,71448000000,-100,true,-0.55
"MBB",132704,"/Date(1700634456000)/",18000,100,3953000,71446000000,-100,true,-0.55
"MBB",132704,"/Date(1700634456000)/",18000,5000,3952900,71445000000,-100,true,-0.55
"MBB",132704,"/Date(1700634456000)/",18000,500,3947900,71355000000,-100,true,-0.55
"MBB",132704,"/Date(1700634456000)/",18000,1000,3947400,71346000000,-100,true,-0.55
"MBB",132704,"/Date(1700634456000)/",18000,100,3946400,71328000000,-100,true,-0.55
"MBB",132704,"/Date(1700634456000)/",18000,100,3946300,71326000000,-100,true,-0.55
"MBB",132704,"/Date(1700634456000)/",18000,1000,3946200,71324000000,-100,true,-0.55
"MBB",132704,"/Date(1700634456000)/",18000,5000,3945200,71306000000,-100,true,-0.55
"MBB",132704,"/Date(1700634456000)/",18000,300,3940200,71216000000,-100,true,-0.55
"MBB",132704,"/Date(1700634456000)/",18000,200,3939900,71211000000,-100,true,-0.55
"MBB",132704,"/Date(1700634456000)/",18000,1000,3939700,71207000000,-100,true,-0.55
"MBB",132704,"/Date(1700634456000)/",18000,100,3938700,71189000000,-100,true,-0.55
"MBB",132704,"/Date(1700634456000)/",18000,200,3938600,71187000000,-100,true,-0.55
"MBB",132704,"/Date(1700634456000)/",18000,200,3938400,71184000000,-100,true,-0.55
"MBB",132704,"/Date(1700634456000)/",18000,100,3938200,71180000000,-100,true,-0.55
