"Stockcode","Package","TradingDate","Price","Vol","TotalVol","TotalVal","Change","IsBuy","PerChange"
"PVC",144514,"/Date(1700639101000)/",15200,37100,1141929,17196843000,0,false,0
"PVC",142949,"/Date(1700638189000)/",15000,1500,1104829,16632923000,-200,true,-1.32
"PVC",142949,"/Date(1700638187000)/",15100,2000,1103329,16610323000,-100,false,-0.66
"PVC",142946,"/Date(1700638186000)/",15100,3500,1101329,16580123000,-100,false,-0.66
"PVC",142938,"/Date(1700638178000)/",15100,20000,1097829,16527273000,-100,false,-0.66
"PVC",142930,"/Date(1700638170000)/",15100,3500,1077829,16225273000,-100,false,-0.66
"PVC",142914,"/Date(1700638154000)/",15100,2100,1074329,16172423000,-100,false,-0.66
"PVC",142911,"/Date(1700638151000)/",15100,500,1072229,16140713000,-100,true,-0.66
"PVC",142847,"/Date(1700638127000)/",15100,100,1071729,16133163000,-100,true,-0.66
"PVC",142844,"/Date(1700638124000)/",15100,1000,1071629,16131653000,-100,true,-0.66
"PVC",142842,"/Date(1700638122000)/",15100,5000,1070629,16116553000,-100,true,-0.66
"PVC",142836,"/Date(1700638116000)/",15100,3500,1065629,16041053000,-100,true,-0.66
"PVC",142835,"/Date(1700638115000)/",15100,100,1062129,15988203000,-100,true,-0.66
"PVC",142828,"/Date(1700638108000)/",15100,500,1062029,15986693000,-100,true,-0.66
"PVC",142817,"/Date(1700638097000)/",15100,1000,1061529,15979143000,-100,true,-0.66
"PVC",142749,"/Date(1700638069000)/",15200,1000,1060529,15964043000,0,false,0
"PVC",142734,"/Date(1700638054000)/",15100,400,1059529,15948843000,-100,true,-0.66
"PVC",142726,"/Date(1700638046000)/",15200,2,1059129,15942803000,0,false,0
"PVC",142629,"/Date(1700637989000)/",15200,700,1059127,15942772800,0,false,0
"PVC",142549,"/Date(1700637949000)/",15200,100,1058427,15932132800,0,false,0
"PVC",142515,"/Date(1700637915000)/",15100,900,1058327,15930612800,-100,true,-0.66
"PVC",142450,"/Date(1700637890000)/",15100,4000,1057427,15917022800,-100,true,-0.66
"PVC",142444,"/Date(1700637884000)/",15100,2900,1053427,15856622800,-100,true,-0.66
"PVC",142434,"/Date(1700637874000)/",15100,300,1050527,15812832800,-100,false,-0.66
"PVC",142431,"/Date(1700637871000)/",15100,1000,1050227,15808302800,-100,false,-0.66
"PVC",142430,"/Date(1700637870000)/",15100,2100,1049227,15793202800,-100,false,-0.66
"PVC",142416,"/Date(1700637856000)/",15100,100,1047127,15761492800,-100,true,-0.66
"PVC",142412,"/Date(1700637852000)/",15100,800,1047027,15759982800,-100,true,-0.66
"PVC",142356,"/Date(1700637836000)/",15100,500,1046227,15747902800,-100,true,-0.66
"PVC",142355,"/Date(1700637835000)/",15100,10000,1045727,15740352800,-100,true,-0.66
"PVC",142354,"/Date(1700637834000)/",15100,400,1035727,15589352800,-100,false,-0.66
"PVC",142337,"/Date(1700637817000)/",15100,4000,1035327,15583312800,-100,false,-0.66
"PVC",142336,"/Date(1700637816000)/",15100,12000,1031327,15522912800,-100,false,-0.66
"PVC",142323,"/Date(1700637803000)/",15100,200,1019327,15341712800,-100,false,-0.66
"PVC",142305,"/Date(1700637785000)/",15100,500,1019127,15338692800,-100,false,-0.66
"PVC",142251,"/Date(1700637771000)/",15100,1200,1018627,15331142800,-100,false,-0.66
"PVC",142248,"/Date(1700637768000)/",15000,3500,1017427,15313022800,-200,true,-1.32
"PVC",142240,"/Date(1700637760000)/",15100,500,1013927,15260522800,-100,false,-0.66
"PVC",142236,"/Date(1700637756000)/",15100,500,1013427,15252972800,-100,false,-0.66
"PVC",142233,"/Date(1700637753000)/",15100,1800,1012927,15245422800,-100,false,-0.66
"PVC",142222,"/Date(1700637742000)/",15100,500,1011127,15218242800,-100,false,-0.66
"PVC",142209,"/Date(1700637729000)/",15100,200,1010627,15210692800,-100,false,-0.66
"PVC",142159,"/Date(1700637719000)/",15100,100,1010427,15207672800,-100,false,-0.66
"PVC",142155,"/Date(1700637715000)/",15100,1200,1010327,15206162800,-100,false,-0.66
"PVC",142149,"/Date(1700637709000)/",15000,1000,1009127,15188042800,-200,true,-1.32
"PVC",142147,"/Date(1700637707000)/",15100,19800,1008127,15173042800,-100,false,-0.66
"PVC",142143,"/Date(1700637703000)/",15000,2700,988327,14874062800,-200,true,-1.32
"PVC",142133,"/Date(1700637693000)/",15100,1000,985627,14833562800,-100,false,-0.66
"PVC",142043,"/Date(1700637643000)/",15100,10000,984627,14818462800,-100,false,-0.66
"PVC",142015,"/Date(1700637615000)/",15100,900,974627,14667462800,-100,false,-0.66
"PVC",141811,"/Date(1700637491000)/",15000,1000,973727,14653872800,-200,true,-1.32
"PVC",141801,"/Date(1700637481000)/",15000,28,972727,14638872800,-200,true,-1.32
"PVC",141729,"/Date(1700637449000)/",15000,200,972699,14638452800,-200,true,-1.32
"PVC",141710,"/Date(1700637429000)/",15000,500,972499,14635452800,-200,true,-1.32
"PVC",141621,"/Date(1700637381000)/",15000,1500,971999,14627952800,-200,true,-1.32
"PVC",141612,"/Date(1700637372000)/",15100,1500,970499,14605452800,-100,false,-0.66
"PVC",141544,"/Date(1700637344000)/",15100,1000,968999,14582802800,-100,false,-0.66
"PVC",141524,"/Date(1700637324000)/",15100,3000,967999,14567702800,-100,false,-0.66
"PVC",141515,"/Date(1700637314000)/",15100,100,964999,14522402800,-100,false,-0.66
"PVC",141436,"/Date(1700637276000)/",15000,62,964899,14520892800,-200,true,-1.32
"PVC",141403,"/Date(1700637243000)/",15000,600,964837,14519962800,-200,true,-1.32
"PVC",141400,"/Date(1700637240000)/",15000,100,964237,14510962800,-200,true,-1.32
"PVC",141304,"/Date(1700637184000)/",15000,500,964137,14509462800,-200,true,-1.32
"PVC",141215,"/Date(1700637135000)/",15000,1000,963637,14501962800,-200,true,-1.32
"PVC",141156,"/Date(1700637116000)/",15000,100,962637,14486962800,-200,true,-1.32
"PVC",141115,"/Date(1700637075000)/",15000,200,962537,14485462800,-200,true,-1.32
"PVC",141006,"/Date(1700637006000)/",15000,200,962337,14482462800,-200,true,-1.32
"PVC",140936,"/Date(1700636976000)/",15000,1000,962137,14479462800,-200,true,-1.32
"PVC",140917,"/Date(1700636957000)/",15000,1000,961137,14464462800,-200,true,-1.32
"PVC",140848,"/Date(1700636928000)/",15000,15800,960137,14449462800,-200,true,-1.32
"PVC",140731,"/Date(1700636851000)/",15100,1000,944337,14212462800,-100,false,-0.66
"PVC",140723,"/Date(1700636843000)/",15000,14900,943337,14197362800,-200,false,-1.32
"PVC",140549,"/Date(1700636749000)/",15000,100,928437,13973862800,-200,false,-1.32
"PVC",140519,"/Date(1700636719000)/",15000,100,928337,13972362800,-200,false,-1.32
"PVC",140421,"/Date(1700636661000)/",14900,1000,928237,13970862800,-300,true,-1.97
"PVC",140332,"/Date(1700636612000)/",14900,4000,927237,13955962800,-300,true,-1.97
"PVC",140257,"/Date(1700636577000)/",15000,1000,923237,13896362800,-200,false,-1.32
"PVC",140256,"/Date(1700636576000)/",15000,1000,922237,13881362800,-200,false,-1.32
"PVC",140251,"/Date(1700636571000)/",15000,100,921237,13866362800,-200,false,-1.32
"PVC",140216,"/Date(1700636536000)/",15000,100,921137,13864862800,-200,false,-1.32
"PVC",140209,"/Date(1700636529000)/",15000,5000,921037,13863362800,-200,false,-1.32
"PVC",140141,"/Date(1700636501000)/",15000,300,916037,13788362800,-200,false,-1.32
"PVC",140034,"/Date(1700636434000)/",15000,100,915737,13783862800,-200,false,-1.32
"PVC",140017,"/Date(1700636417000)/",14900,41,915637,13782362800,-300,true,-1.97
"PVC",140016,"/Date(1700636416000)/",14900,500,915596,13781747800,-300,true,-1.97
"PVC",135802,"/Date(1700636282000)/",14900,800,915096,13774297800,-300,true,-1.97
"PVC",135757,"/Date(1700636277000)/",14900,10000,914296,13762377800,-300,true,-1.97
"PVC",135640,"/Date(1700636200000)/",14900,300,904296,13613377800,-300,true,-1.97
"PVC",135634,"/Date(1700636194000)/",14900,4700,903996,13608907800,-300,true,-1.97
"PVC",135557,"/Date(1700636157000)/",14900,1700,899296,13538877800,-300,true,-1.97
"PVC",135539,"/Date(1700636139000)/",14900,3900,897596,13513547800,-300,true,-1.97
"PVC",135521,"/Date(1700636121000)/",14900,5000,893696,13455437800,-300,false,-1.97
"PVC",135515,"/Date(1700636115000)/",14900,5000,888696,13380937800,-300,false,-1.97
"PVC",135453,"/Date(1700636093000)/",14900,2100,883696,13306437800,-300,false,-1.97
"PVC",135439,"/Date(1700636079000)/",14900,4000,881596,13275147800,-300,true,-1.97
"PVC",135437,"/Date(1700636077000)/",14900,34200,877596,13215547800,-300,true,-1.97
"PVC",135434,"/Date(1700636074000)/",14900,500,843396,12705967800,-300,true,-1.97
"PVC",135430,"/Date(1700636070000)/",14900,17000,842896,12698517800,-300,true,-1.97
"PVC",135417,"/Date(1700636057000)/",14900,700,825896,12445217800,-300,true,-1.97
"PVC",135352,"/Date(1700636032000)/",14900,3100,825196,12434787800,-300,true,-1.97
"PVC",135318,"/Date(1700635998000)/",14900,500,822096,12388597800,-300,true,-1.97
"PVC",135314,"/Date(1700635994000)/",14900,9100,821596,12381147800,-300,true,-1.97
"PVC",135242,"/Date(1700635962000)/",14900,100,812496,12245557800,-300,true,-1.97
"PVC",135228,"/Date(1700635948000)/",14900,15000,812396,12244067800,-300,true,-1.97
"PVC",134814,"/Date(1700635694000)/",14900,500,797396,12020567800,-300,true,-1.97
"PVC",134711,"/Date(1700635631000)/",14900,300,796896,12013117800,-300,true,-1.97
"PVC",134649,"/Date(1700635609000)/",14900,2200,796596,12008647800,-300,true,-1.97
"PVC",134543,"/Date(1700635543000)/",14900,300,794396,11975867800,-300,true,-1.97
"PVC",134530,"/Date(1700635530000)/",15000,100,794096,11971397800,-200,false,-1.32
"PVC",134401,"/Date(1700635441000)/",15000,1800,793996,11969897800,-200,false,-1.32
"PVC",134353,"/Date(1700635433000)/",15000,30000,792196,11942897800,-200,true,-1.32
"PVC",134352,"/Date(1700635432000)/",15000,5000,762196,11492897800,-200,true,-1.32
"PVC",134333,"/Date(1700635413000)/",15000,200,757196,11417897800,-200,true,-1.32
"PVC",134331,"/Date(1700635411000)/",15000,8000,756996,11414897800,-200,true,-1.32
"PVC",134252,"/Date(1700635372000)/",15000,1000,748996,11294897800,-200,true,-1.32
"PVC",134209,"/Date(1700635329000)/",15000,200,747996,11279897800,-200,true,-1.32
"PVC",134204,"/Date(1700635324000)/",15000,5100,747796,11276897800,-200,true,-1.32
"PVC",134159,"/Date(1700635319000)/",15000,400,742696,11200397800,-200,true,-1.32
"PVC",134053,"/Date(1700635253000)/",15100,300,742296,11194397800,-100,false,-0.66
"PVC",134028,"/Date(1700635228000)/",15000,500,741996,11189867800,-200,true,-1.32
"PVC",134010,"/Date(1700635210000)/",15100,100,741496,11182367800,-100,false,-0.66
"PVC",133951,"/Date(1700635191000)/",15000,500,741396,11180857800,-200,true,-1.32
"PVC",133936,"/Date(1700635177000)/",15000,5900,740896,11173357800,-200,true,-1.32
"PVC",133916,"/Date(1700635156000)/",15000,200,734996,11084857800,-200,true,-1.32
"PVC",133907,"/Date(1700635147000)/",15000,1500,734796,11081857800,-200,true,-1.32
"PVC",133845,"/Date(1700635125000)/",15000,5000,733296,11059357800,-200,true,-1.32
"PVC",133743,"/Date(1700635063000)/",15000,86,728296,10984357800,-200,true,-1.32
"PVC",133738,"/Date(1700635058000)/",15000,1000,728210,10983059200,-200,true,-1.32
"PVC",133703,"/Date(1700635023000)/",15000,4400,727210,10968059200,-200,true,-1.32
"PVC",133643,"/Date(1700635002000)/",15000,200,722810,10902059200,-200,true,-1.32
"PVC",133620,"/Date(1700634980000)/",15100,700,722610,10899059200,-100,false,-0.66
"PVC",133427,"/Date(1700634867000)/",15100,35000,721910,10888489200,-100,false,-0.66
"PVC",133412,"/Date(1700634852000)/",15100,100,686910,10359989200,-100,false,-0.66
"PVC",133347,"/Date(1700634827000)/",15100,100,686810,10358479200,-100,false,-0.66
"PVC",133314,"/Date(1700634794000)/",15000,3000,686710,10356969200,-200,true,-1.32
"PVC",133311,"/Date(1700634791000)/",15000,1000,683710,10311969200,-200,true,-1.32
"PVC",133250,"/Date(1700634770000)/",15000,5000,682710,10296969200,-200,true,-1.32
"PVC",133059,"/Date(1700634659000)/",15000,1300,677710,10221969200,-200,true,-1.32
"PVC",133012,"/Date(1700634612000)/",15000,17500,676410,10202469200,-200,false,-1.32
"PVC",133004,"/Date(1700634604000)/",15000,1500,658910,9939969200,-200,false,-1.32
"PVC",132916,"/Date(1700634556000)/",15000,2000,657410,9917469200,-200,false,-1.32
"PVC",132859,"/Date(1700634539000)/",15000,200,655410,9887469200,-200,false,-1.32
"PVC",132855,"/Date(1700634535000)/",15000,300,655210,9884469200,-200,false,-1.32
"PVC",132842,"/Date(1700634522000)/",15000,5000,654910,9879969200,-200,false,-1.32
"PVC",132839,"/Date(1700634519000)/",15000,200,649910,9804969200,-200,false,-1.32
"PVC",132837,"/Date(1700634517000)/",15000,1000,649710,9801969200,-200,false,-1.32
"PVC",132825,"/Date(1700634505000)/",15000,2000,648710,9786969200,-200,false,-1.32
"PVC",132803,"/Date(1700634483000)/",15000,100,646710,9756969200,-200,false,-1.32
"PVC",132757,"/Date(1700634477000)/",15000,3000,646610,9755469200,-200,false,-1.32
"PVC",132742,"/Date(1700634462000)/",15000,10,643610,9710469200,-200,false,-1.32
"PVC",132735,"/Date(1700634455000)/",15000,8,643600,9710319200,-200,false,-1.32
"PVC",132602,"/Date(1700634362000)/",15000,1000,643592,9710199200,-200,false,-1.32
"PVC",132537,"/Date(1700634337000)/",15000,500,642592,9695199200,-200,false,-1.32
"PVC",132531,"/Date(1700634331000)/",15000,2000,642092,9687699200,-200,false,-1.32
"PVC",132513,"/Date(1700634313000)/",15000,1000,640092,9657699200,-200,false,-1.32
"PVC",132231,"/Date(1700634151000)/",15000,500,639092,9642699200,-200,false,-1.32
"PVC",132101,"/Date(1700634061000)/",14900,200,638592,9635199200,-300,true,-1.97
"PVC",132040,"/Date(1700634040000)/",14900,3300,638392,9632219200,-300,true,-1.97
"PVC",132025,"/Date(1700634025000)/",14900,1000,635092,9583049200,-300,true,-1.97
"PVC",132002,"/Date(1700634002000)/",14900,20,634092,9568149200,-300,true,-1.97
"PVC",131931,"/Date(1700633971000)/",14900,1300,634072,9567847200,-300,true,-1.97
"PVC",131707,"/Date(1700633827000)/",14900,100,632772,9548477200,-300,true,-1.97
"PVC",131704,"/Date(1700633824000)/",14900,4700,632672,9546987200,-300,true,-1.97
"PVC",131653,"/Date(1700633813000)/",14900,3900,627972,9476957200,-300,true,-1.97
"PVC",131637,"/Date(1700633797000)/",15000,100,624072,9418847200,-200,false,-1.32
"PVC",131538,"/Date(1700633738000)/",15000,300,623972,9417347200,-200,false,-1.32
"PVC",131525,"/Date(1700633725000)/",15000,400,623672,9412847200,-200,false,-1.32
"PVC",131429,"/Date(1700633669000)/",15000,100,623272,9406847200,-200,false,-1.32
"PVC",131311,"/Date(1700633591000)/",14900,15000,623172,9405347200,-300,true,-1.97
"PVC",131202,"/Date(1700633522000)/",15000,200,608172,9181847200,-200,false,-1.32
"PVC",131146,"/Date(1700633506000)/",15000,300,607972,9178847200,-200,false,-1.32
"PVC",131142,"/Date(1700633502000)/",15000,400,607672,9174347200,-200,false,-1.32
"PVC",131129,"/Date(1700633489000)/",15000,5000,607272,9168347200,-200,false,-1.32
"PVC",131124,"/Date(1700633484000)/",15000,2000,602272,9093347200,-200,false,-1.32
"PVC",131111,"/Date(1700633471000)/",15000,500,600272,9063347200,-200,false,-1.32
"PVC",131052,"/Date(1700633452000)/",14900,3000,599772,9055847200,-300,true,-1.97
"PVC",131002,"/Date(1700633402000)/",14900,500,596772,9011147200,-300,true,-1.97
"PVC",130959,"/Date(1700633399000)/",14900,300,596272,9003697200,-300,true,-1.97
"PVC",130919,"/Date(1700633359000)/",14900,5000,595972,8999227200,-300,true,-1.97
"PVC",130841,"/Date(1700633321000)/",14900,800,590972,8924727200,-300,true,-1.97
"PVC",130833,"/Date(1700633313000)/",14900,7000,590172,8912807200,-300,true,-1.97
"PVC",130826,"/Date(1700633306000)/",14900,200,583172,8808507200,-300,true,-1.97
"PVC",130818,"/Date(1700633298000)/",15000,200,582972,8805527200,-200,false,-1.32
"PVC",130816,"/Date(1700633296000)/",14900,100,582772,8802527200,-300,true,-1.97
"PVC",130813,"/Date(1700633293000)/",14900,200,582672,8801037200,-300,true,-1.97
"PVC",130747,"/Date(1700633267000)/",14900,100,582472,8798057200,-300,true,-1.97
"PVC",130646,"/Date(1700633206000)/",14900,300,582372,8796567200,-300,true,-1.97
"PVC",130610,"/Date(1700633170000)/",14900,200,582072,8792097200,-300,true,-1.97
"PVC",130542,"/Date(1700633142000)/",15000,100,581872,8789117200,-200,false,-1.32
"PVC",130355,"/Date(1700633035000)/",14900,100,581772,8787617200,-300,true,-1.97
"PVC",130334,"/Date(1700633014000)/",15000,200,581672,8786127200,-200,false,-1.32
"PVC",130256,"/Date(1700632976000)/",15000,200,581472,8783127200,-200,false,-1.32
"PVC",130231,"/Date(1700632951000)/",14900,200,581272,8780127200,-300,true,-1.97
"PVC",130219,"/Date(1700632939000)/",15000,9600,581072,8777147200,-200,false,-1.32
"PVC",130216,"/Date(1700632936000)/",15000,27500,571472,8633147200,-200,true,-1.32
"PVC",130214,"/Date(1700632934000)/",15000,200,543972,8220647200,-200,true,-1.32
"PVC",130208,"/Date(1700632928000)/",15000,16100,543772,8217647200,-200,true,-1.32
"PVC",130203,"/Date(1700632923000)/",15000,5000,527672,7976147200,-200,true,-1.32
"PVC",130157,"/Date(1700632917000)/",15000,6600,522672,7901147200,-200,true,-1.32
"PVC",130112,"/Date(1700632873000)/",15000,200,516072,7802147200,-200,true,-1.32
"PVC",130032,"/Date(1700632815000)/",15000,8000,515872,7799147200,-200,true,-1.32
"PVC",130031,"/Date(1700632811000)/",15100,100,507872,7679147200,-100,false,-0.66
"PVC",130028,"/Date(1700632808000)/",15000,4500,507772,7677637200,-200,true,-1.32
"PVC",130026,"/Date(1700632806000)/",15000,7000,503272,7610137200,-200,true,-1.32
"PVC",130023,"/Date(1700632805000)/",15000,14400,496272,7505137200,-200,true,-1.32
"PVC",130013,"/Date(1700632803000)/",15000,11700,481872,7289137200,-200,true,-1.32
"PVC",130008,"/Date(1700632802000)/",15000,7000,470172,7113637200,-200,true,-1.32
"PVC",112953,"/Date(1700627393000)/",15000,100,463172,7008637200,-200,true,-1.32
"PVC",112945,"/Date(1700627385000)/",15000,1900,463072,7007137200,-200,true,-1.32
"PVC",112934,"/Date(1700627374000)/",15000,600,461172,6978637200,-200,true,-1.32
"PVC",112927,"/Date(1700627367000)/",15000,200,460572,6969637200,-200,true,-1.32
"PVC",112852,"/Date(1700627332000)/",15000,4000,460372,6966637200,-200,true,-1.32
"PVC",112807,"/Date(1700627287000)/",15000,1000,456372,6906637200,-200,true,-1.32
"PVC",112435,"/Date(1700627075000)/",15100,6,455372,6891637200,-100,false,-0.66
"PVC",112214,"/Date(1700626934000)/",15100,1000,455366,6891549000,-100,false,-0.66
"PVC",112212,"/Date(1700626932000)/",15100,64,454366,6876449000,-100,false,-0.66
"PVC",112118,"/Date(1700626878000)/",15100,500,454302,6875487300,-100,false,-0.66
"PVC",112029,"/Date(1700626829000)/",15100,1900,453802,6867937300,-100,false,-0.66
"PVC",111827,"/Date(1700626707000)/",15100,50,451902,6839247300,-100,false,-0.66
"PVC",111200,"/Date(1700626320000)/",15100,100,451852,6838492300,-100,false,-0.66
"PVC",110851,"/Date(1700626131000)/",15100,100,451752,6836982300,-100,false,-0.66
"PVC",110708,"/Date(1700626029000)/",15100,1700,451652,6835472300,-100,true,-0.66
"PVC",110703,"/Date(1700626024000)/",15100,1400,449952,6809802300,-100,true,-0.66
"PVC",110531,"/Date(1700625931000)/",15100,3000,448552,6788662300,-100,true,-0.66
"PVC",110428,"/Date(1700625869000)/",15100,1000,445552,6743362300,-100,true,-0.66
"PVC",110316,"/Date(1700625796000)/",15100,500,444552,6728262300,-100,true,-0.66
"PVC",110301,"/Date(1700625782000)/",15100,3700,444052,6720712300,-100,true,-0.66
"PVC",110249,"/Date(1700625770000)/",15100,3000,440352,6664842300,-100,true,-0.66
"PVC",110225,"/Date(1700625745000)/",15100,3000,437352,6619542300,-100,true,-0.66
"PVC",110012,"/Date(1700625613000)/",15100,500,434352,6574242300,-100,true,-0.66
"PVC",110005,"/Date(1700625606000)/",15100,4000,433852,6566692300,-100,true,-0.66
"PVC",105909,"/Date(1700625550000)/",15100,100,429852,6506292300,-100,true,-0.66
"PVC",105739,"/Date(1700625459000)/",15100,6100,429752,6504782300,-100,false,-0.66
"PVC",105630,"/Date(1700625390000)/",15100,300,423652,6412672300,-100,false,-0.66
"PVC",105611,"/Date(1700625371000)/",15100,500,423352,6408142300,-100,true,-0.66
"PVC",105432,"/Date(1700625272000)/",15100,5100,422852,6400592300,-100,true,-0.66
"PVC",105423,"/Date(1700625263000)/",15100,4000,417752,6323582300,-100,true,-0.66
"PVC",105404,"/Date(1700625244000)/",15100,200,413752,6263182300,-100,true,-0.66
"PVC",105339,"/Date(1700625219000)/",15100,2000,413552,6260162300,-100,true,-0.66
"PVC",105157,"/Date(1700625117000)/",15100,200,411552,6229962300,-100,true,-0.66
"PVC",105132,"/Date(1700625092000)/",15100,1300,411352,6226942300,-100,true,-0.66
"PVC",105102,"/Date(1700625062000)/",15100,8000,410052,6207312300,-100,true,-0.66
"PVC",104948,"/Date(1700624988000)/",15100,10000,402052,6086512300,-100,true,-0.66
"PVC",104926,"/Date(1700624966000)/",15100,500,392052,5935512300,-100,true,-0.66
"PVC",104853,"/Date(1700624933000)/",15100,10000,391552,5927962300,-100,false,-0.66
"PVC",104824,"/Date(1700624904000)/",15100,100,381552,5776962300,-100,false,-0.66
"PVC",104714,"/Date(1700624834000)/",15100,700,381452,5775452300,-100,false,-0.66
"PVC",104526,"/Date(1700624726000)/",15100,400,380752,5764882300,-100,false,-0.66
"PVC",104411,"/Date(1700624651000)/",15100,400,380352,5758842300,-100,false,-0.66
"PVC",104410,"/Date(1700624650000)/",15100,200,379952,5752802300,-100,false,-0.66
"PVC",104123,"/Date(1700624483000)/",15100,3000,379752,5749782300,-100,false,-0.66
"PVC",104054,"/Date(1700624454000)/",15100,10,376752,5704482300,-100,false,-0.66
"PVC",103850,"/Date(1700624330000)/",15100,600,376742,5704331300,-100,false,-0.66
"PVC",103752,"/Date(1700624272000)/",15100,500,376142,5695271300,-100,false,-0.66
"PVC",103729,"/Date(1700624249000)/",15100,2100,375642,5687721300,-100,true,-0.66
"PVC",103549,"/Date(1700624149000)/",15200,100,373542,5656011300,0,false,0
"PVC",103504,"/Date(1700624104000)/",15200,100,373442,5654491300,0,false,0
"PVC",103458,"/Date(1700624098000)/",15100,500,373342,5652971300,-100,true,-0.66
"PVC",103416,"/Date(1700624056000)/",15100,1800,372842,5645421300,-100,false,-0.66
"PVC",103400,"/Date(1700624040000)/",15100,1000,371042,5618241300,-100,false,-0.66
"PVC",103338,"/Date(1700624018000)/",15100,10000,370042,5603141300,-100,false,-0.66
"PVC",103251,"/Date(1700623971000)/",15100,900,360042,5452141300,-100,false,-0.66
"PVC",103024,"/Date(1700623824000)/",15100,1100,359142,5438551300,-100,false,-0.66
"PVC",102945,"/Date(1700623785000)/",15100,14000,358042,5421941300,-100,false,-0.66
"PVC",102938,"/Date(1700623778000)/",15100,100,344042,5210541300,-100,false,-0.66
"PVC",102933,"/Date(1700623773000)/",15100,1200,343942,5209031300,-100,false,-0.66
"PVC",102845,"/Date(1700623725000)/",15100,3300,342742,5190911300,-100,false,-0.66
"PVC",102813,"/Date(1700623693000)/",15100,100,339442,5141081300,-100,true,-0.66
"PVC",102803,"/Date(1700623683000)/",15100,100,339342,5139571300,-100,true,-0.66
"PVC",102659,"/Date(1700623619000)/",15100,3000,339242,5138061300,-100,true,-0.66
"PVC",102607,"/Date(1700623567000)/",15100,500,336242,5092761300,-100,true,-0.66
"PVC",102543,"/Date(1700623543000)/",15100,800,335742,5085211300,-100,true,-0.66
"PVC",102521,"/Date(1700623522000)/",15100,2200,334942,5073131300,-100,true,-0.66
"PVC",102427,"/Date(1700623467000)/",15100,100,332742,5039911300,-100,true,-0.66
"PVC",102345,"/Date(1700623425000)/",15100,200,332642,5038401300,-100,true,-0.66
"PVC",102322,"/Date(1700623403000)/",15100,200,332442,5035381300,-100,true,-0.66
"PVC",102247,"/Date(1700623368000)/",15200,600,332242,5032361300,0,false,0
"PVC",102149,"/Date(1700623310000)/",15100,900,331642,5023241300,-100,true,-0.66
"PVC",102113,"/Date(1700623274000)/",15200,100,330742,5009651300,0,false,0
"PVC",102107,"/Date(1700623267000)/",15200,100,330642,5008131300,0,false,0
"PVC",102043,"/Date(1700623244000)/",15100,3400,330542,5006611300,-100,true,-0.66
"PVC",102039,"/Date(1700623240000)/",15100,500,327142,4955271300,-100,true,-0.66
"PVC",102023,"/Date(1700623224000)/",15100,600,326642,4947721300,-100,true,-0.66
"PVC",101725,"/Date(1700623046000)/",15100,800,326042,4938661300,-100,true,-0.66
"PVC",101643,"/Date(1700623004000)/",15100,100,325242,4926581300,-100,false,-0.66
"PVC",101638,"/Date(1700622999000)/",15100,1800,325142,4925071300,-100,true,-0.66
"PVC",101636,"/Date(1700622997000)/",15100,2000,323342,4897891300,-100,true,-0.66
"PVC",101440,"/Date(1700622881000)/",15100,200,321342,4867691300,-100,true,-0.66
"PVC",101249,"/Date(1700622769000)/",15000,9000,321142,4864671300,-200,true,-1.32
"PVC",101241,"/Date(1700622761000)/",15100,100,312142,4728861300,-100,true,-0.66
"PVC",101224,"/Date(1700622744000)/",15100,100,312042,4727351300,-100,true,-0.66
"PVC",101053,"/Date(1700622653000)/",15100,100,311942,4725841300,-100,true,-0.66
"PVC",101037,"/Date(1700622637000)/",15100,1600,311842,4724331300,-100,false,-0.66
"PVC",101007,"/Date(1700622607000)/",15100,400,310242,4700171300,-100,false,-0.66
"PVC",100802,"/Date(1700622482000)/",15100,3,309842,4694131300,-100,false,-0.66
"PVC",100639,"/Date(1700622399000)/",15100,400,309839,4694086000,-100,false,-0.66
"PVC",100506,"/Date(1700622306000)/",15100,1600,309439,4688046000,-100,true,-0.66
"PVC",100433,"/Date(1700622273000)/",15100,20,307839,4663886000,-100,true,-0.66
"PVC",100429,"/Date(1700622269000)/",15100,200,307819,4663584000,-100,true,-0.66
"PVC",100329,"/Date(1700622209000)/",15100,5000,307619,4660564000,-100,false,-0.66
"PVC",100150,"/Date(1700622110000)/",15100,100,302619,4585064000,-100,false,-0.66
"PVC",100025,"/Date(1700622025000)/",15000,1200,302519,4583554000,-200,true,-1.32
"PVC",95946,"/Date(1700621986000)/",15000,10200,301319,4565544000,-200,true,-1.32
"PVC",95941,"/Date(1700621981000)/",15100,7600,291119,4412414000,-100,true,-0.66
"PVC",95901,"/Date(1700621941000)/",15100,200,283519,4297654000,-100,false,-0.66
"PVC",95859,"/Date(1700621939000)/",15100,4000,283319,4294634000,-100,false,-0.66
"PVC",95834,"/Date(1700621914000)/",15100,5000,279319,4234234000,-100,true,-0.66
"PVC",95750,"/Date(1700621870000)/",15100,3500,274319,4158734000,-100,true,-0.66
"PVC",95717,"/Date(1700621837000)/",15100,12800,270819,4105884000,-100,true,-0.66
"PVC",95635,"/Date(1700621795000)/",15100,3000,258019,3912604000,-100,true,-0.66
"PVC",95623,"/Date(1700621783000)/",15100,500,255019,3867304000,-100,true,-0.66
"PVC",95543,"/Date(1700621743000)/",15100,69,254519,3859754000,-100,true,-0.66
"PVC",95516,"/Date(1700621716000)/",15100,7700,254450,3858711500,-100,true,-0.66
"PVC",95502,"/Date(1700621702000)/",15100,20000,246750,3742441500,-100,false,-0.66
"PVC",95501,"/Date(1700621701000)/",15100,100,226750,3440441500,-100,false,-0.66
"PVC",95439,"/Date(1700621679000)/",15100,1100,226650,3438931500,-100,false,-0.66
"PVC",95354,"/Date(1700621634000)/",15100,100,225550,3422321500,-100,false,-0.66
"PVC",95324,"/Date(1700621604000)/",15100,100,225450,3420811500,-100,false,-0.66
"PVC",95308,"/Date(1700621588000)/",15100,600,225350,3419301500,-100,false,-0.66
"PVC",95154,"/Date(1700621514000)/",15000,77,224750,3410241500,-200,true,-1.32
"PVC",95054,"/Date(1700621454000)/",15000,200,224673,3409071100,-200,true,-1.32
"PVC",95043,"/Date(1700621443000)/",15000,500,224473,3406071100,-200,true,-1.32
"PVC",95026,"/Date(1700621426000)/",15000,5000,223973,3398571100,-200,true,-1.32
"PVC",94904,"/Date(1700621344000)/",15000,400,218973,3323571100,-200,true,-1.32
"PVC",94746,"/Date(1700621266000)/",15000,300,218573,3317571100,-200,true,-1.32
"PVC",94650,"/Date(1700621210000)/",15000,100,218273,3313071100,-200,true,-1.32
"PVC",94530,"/Date(1700621131000)/",15000,500,218173,3311571100,-200,true,-1.32
"PVC",94413,"/Date(1700621054000)/",15100,2000,217673,3304071100,-100,false,-0.66
"PVC",94358,"/Date(1700621039000)/",15100,10000,215673,3273871100,-100,false,-0.66
"PVC",94137,"/Date(1700620898000)/",15100,200,205673,3122871100,-100,false,-0.66
"PVC",94107,"/Date(1700620868000)/",15100,1000,205473,3119851100,-100,false,-0.66
"PVC",94028,"/Date(1700620829000)/",15100,4,204473,3104751100,-100,false,-0.66
"PVC",94026,"/Date(1700620827000)/",15100,2300,204469,3104690700,-100,true,-0.66
"PVC",94000,"/Date(1700620801000)/",15100,400,202169,3069960700,-100,true,-0.66
"PVC",93941,"/Date(1700620782000)/",15100,100,201769,3063920700,-100,true,-0.66
"PVC",93932,"/Date(1700620773000)/",15100,16,201669,3062410700,-100,true,-0.66
"PVC",93910,"/Date(1700620751000)/",15100,100,201653,3062169100,-100,true,-0.66
"PVC",93902,"/Date(1700620743000)/",15100,200,201553,3060659100,-100,true,-0.66
"PVC",93855,"/Date(1700620736000)/",15100,1400,201353,3057639100,-100,true,-0.66
"PVC",93849,"/Date(1700620730000)/",15100,1500,199953,3036499100,-100,false,-0.66
"PVC",93842,"/Date(1700620723000)/",15100,2100,198453,3013849100,-100,true,-0.66
"PVC",93806,"/Date(1700620687000)/",15100,400,196353,2982139100,-100,false,-0.66
"PVC",93754,"/Date(1700620675000)/",15100,800,195953,2976099100,-100,true,-0.66
"PVC",93729,"/Date(1700620650000)/",15100,5000,195153,2964019100,-100,true,-0.66
"PVC",93726,"/Date(1700620647000)/",15100,1000,190153,2888519100,-100,true,-0.66
"PVC",93613,"/Date(1700620574000)/",15100,3000,189153,2873419100,-100,true,-0.66
"PVC",93543,"/Date(1700620544000)/",15100,10000,186153,2828119100,-100,true,-0.66
"PVC",93454,"/Date(1700620495000)/",15100,100,176153,2677119100,-100,true,-0.66
"PVC",93441,"/Date(1700620482000)/",15100,200,176053,2675609100,-100,true,-0.66
"PVC",93423,"/Date(1700620464000)/",15100,1,175853,2672589100,-100,true,-0.66
"PVC",93418,"/Date(1700620459000)/",15100,200,175852,2672573900,-100,true,-0.66
"PVC",93359,"/Date(1700620440000)/",15100,100,175652,2669553900,-100,true,-0.66
"PVC",93352,"/Date(1700620433000)/",15200,1000,175552,2668043900,0,false,0
"PVC",93319,"/Date(1700620399000)/",15200,1,174552,2652843900,0,false,0
"PVC",93304,"/Date(1700620384000)/",15200,31,174551,2652828700,0,false,0
"PVC",93238,"/Date(1700620358000)/",15200,100,174520,2652357500,0,false,0
"PVC",93029,"/Date(1700620229000)/",15200,5000,174420,2650837500,0,false,0
"PVC",93012,"/Date(1700620212000)/",15200,700,169420,2574837500,0,false,0
"PVC",92916,"/Date(1700620156000)/",15100,100,168720,2564197500,-100,true,-0.66
"PVC",92838,"/Date(1700620118000)/",15100,400,168620,2562687500,-100,false,-0.66
"PVC",92819,"/Date(1700620099000)/",15100,2000,168220,2556647500,-100,false,-0.66
"PVC",92808,"/Date(1700620088000)/",15100,800,166220,2526447500,-100,false,-0.66
"PVC",92800,"/Date(1700620080000)/",15100,5800,165420,2514367500,-100,false,-0.66
"PVC",92731,"/Date(1700620051000)/",15100,100,159620,2426787500,-100,false,-0.66
"PVC",92703,"/Date(1700620023000)/",15100,1000,159520,2425277500,-100,false,-0.66
"PVC",92657,"/Date(1700620017000)/",15100,500,158520,2410177500,-100,false,-0.66
"PVC",92634,"/Date(1700619994000)/",15100,500,158020,2402627500,-100,false,-0.66
"PVC",92559,"/Date(1700619959000)/",15100,1000,157520,2395077500,-100,false,-0.66
"PVC",92442,"/Date(1700619882000)/",15100,1000,156520,2379977500,-100,false,-0.66
"PVC",92348,"/Date(1700619828000)/",15100,1200,155520,2364877500,-100,false,-0.66
"PVC",92329,"/Date(1700619809000)/",15100,5000,154320,2346757500,-100,true,-0.66
"PVC",92309,"/Date(1700619789000)/",15100,5000,149320,2271257500,-100,true,-0.66
"PVC",92131,"/Date(1700619691000)/",15100,100,144320,2195757500,-100,true,-0.66
"PVC",92029,"/Date(1700619629000)/",15100,100,144220,2194247500,-100,true,-0.66
"PVC",92023,"/Date(1700619623000)/",15100,1000,144120,2192737500,-100,true,-0.66
"PVC",92007,"/Date(1700619607000)/",15100,100,143120,2177637500,-100,true,-0.66
"PVC",91934,"/Date(1700619574000)/",15100,2700,143020,2176127500,-100,true,-0.66
"PVC",91919,"/Date(1700619559000)/",15100,500,140320,2135357500,-100,true,-0.66
"PVC",91600,"/Date(1700619360000)/",15100,7000,139820,2127807500,-100,true,-0.66
"PVC",91239,"/Date(1700619160000)/",15100,10000,132820,2022107500,-100,true,-0.66
"PVC",91238,"/Date(1700619159000)/",15100,1400,122820,1871107500,-100,true,-0.66
"PVC",91209,"/Date(1700619130000)/",15200,5000,121420,1849967500,0,false,0
"PVC",90952,"/Date(1700618993000)/",15200,10000,116420,1773967500,0,false,0
"PVC",90936,"/Date(1700618977000)/",15200,500,106420,1621967500,0,false,0
"PVC",90920,"/Date(1700618961000)/",15200,2800,105920,1614367500,0,true,0
"PVC",90914,"/Date(1700618955000)/",15200,3015,103120,1571807500,0,true,0
"PVC",90911,"/Date(1700618952000)/",15200,300,100105,1525976500,0,true,0
"PVC",90909,"/Date(1700618950000)/",15200,4000,99805,1521416500,0,true,0
"PVC",90858,"/Date(1700618939000)/",15200,20000,95805,1460616500,0,true,0
"PVC",90849,"/Date(1700618930000)/",15200,5000,75805,1156616500,0,true,0
"PVC",90824,"/Date(1700618905000)/",15200,10000,70805,1080616500,0,true,0
"PVC",90803,"/Date(1700618884000)/",15200,10000,60805,928616500,0,true,0
"PVC",90738,"/Date(1700618859000)/",15200,10000,50805,776616500,0,true,0
"PVC",90654,"/Date(1700618815000)/",15300,2000,40805,624616500,100,false,0.66
"PVC",90605,"/Date(1700618766000)/",15300,1300,38805,594016500,100,false,0.66
"PVC",90532,"/Date(1700618733000)/",15300,600,37505,574126500,100,false,0.66
"PVC",90503,"/Date(1700618704000)/",15300,200,36905,564946500,100,false,0.66
"PVC",90347,"/Date(1700618628000)/",15300,200,36705,561886500,100,false,0.66
"PVC",90323,"/Date(1700618604000)/",15300,500,36505,558826500,100,false,0.66
"PVC",90314,"/Date(1700618595000)/",15300,300,36005,551176500,100,false,0.66
"PVC",90254,"/Date(1700618575000)/",15300,2000,35705,546586500,100,false,0.66
"PVC",90253,"/Date(1700618574000)/",15300,5,33705,515986500,100,false,0.66
"PVC",90216,"/Date(1700618537000)/",15300,2000,33700,515910000,100,false,0.66
"PVC",90140,"/Date(1700618501000)/",15300,900,31700,485310000,100,true,0.66
"PVC",90135,"/Date(1700618496000)/",15300,700,30800,471540000,100,true,0.66
"PVC",90132,"/Date(1700618486000)/",15300,1000,30100,460830000,100,true,0.66
"PVC",90131,"/Date(1700618485000)/",15300,200,29100,445530000,100,true,0.66
"PVC",90125,"/Date(1700618458000)/",15300,1000,28900,442470000,100,true,0.66
"PVC",90124,"/Date(1700618455000)/",15300,100,27900,427170000,100,true,0.66
"PVC",90123,"/Date(1700618453000)/",15300,100,27800,425640000,100,true,0.66
"PVC",90119,"/Date(1700618440000)/",15300,200,27700,424110000,100,false,0.66
"PVC",90119,"/Date(1700618439000)/",15300,6300,27500,421050000,100,false,0.66
"PVC",90108,"/Date(1700618425000)/",15300,1700,21200,324660000,100,true,0.66
"PVC",90057,"/Date(1700618417000)/",15400,9300,19500,298650000,200,false,1.32
"PVC",90031,"/Date(1700618407000)/",15300,100,10200,156060000,100,false,0.66
"PVC",90024,"/Date(1700618405000)/",15300,800,10100,154530000,100,true,0.66
"PVC",90019,"/Date(1700618404000)/",15300,9300,9300,142290000,100,true,0.66
