"Stockcode","Package","TradingDate","Price","Vol","TotalVol","TotalVal","Change","IsBuy","PerChange"
"STB",144431,"/Date(1700639104000)/",29100,1153400,19080700,553966000000,-200,false,-0.68
"STB",142923,"/Date(1700638198000)/",29000,400,17927300,520403000000,-300,true,-1.02
"STB",142923,"/Date(1700638198000)/",29000,1100,17926900,520391000000,-300,true,-1.02
"STB",142920,"/Date(1700638197000)/",29000,900,17925800,520359000000,-300,true,-1.02
"STB",142920,"/Date(1700638197000)/",29000,300,17924900,520333000000,-300,true,-1.02
"STB",142920,"/Date(1700638197000)/",29000,1800,17924600,520324000000,-300,true,-1.02
"STB",142917,"/Date(1700638194000)/",29000,500,17922800,520272000000,-300,true,-1.02
"STB",142917,"/Date(1700638191000)/",29000,2000,17922300,520258000000,-300,true,-1.02
"STB",142910,"/Date(1700638187000)/",29000,2000,17920300,520200000000,-300,true,-1.02
"STB",142910,"/Date(1700638187000)/",29000,1000,17918300,520142000000,-300,true,-1.02
"STB",142910,"/Date(1700638186000)/",29000,2400,17917300,520113000000,-300,true,-1.02
"STB",142907,"/Date(1700638184000)/",29000,300,17914900,520043000000,-300,false,-1.02
"STB",142907,"/Date(1700638184000)/",29000,600,17914600,520034000000,-300,false,-1.02
"STB",142907,"/Date(1700638183000)/",29000,2000,17914000,520017000000,-300,false,-1.02
"STB",142904,"/Date(1700638181000)/",29000,100,17912000,519959000000,-300,false,-1.02
"STB",142904,"/Date(1700638179000)/",29000,100,17911900,519956000000,-300,false,-1.02
"STB",142904,"/Date(1700638179000)/",29000,900,17911800,519953000000,-300,false,-1.02
"STB",142904,"/Date(1700638179000)/",29000,2000,17910900,519927000000,-300,false,-1.02
"STB",142904,"/Date(1700638179000)/",29000,5500,17908900,519869000000,-300,false,-1.02
"STB",142904,"/Date(1700638179000)/",29000,10000,17903400,519709000000,-300,false,-1.02
"STB",142901,"/Date(1700638178000)/",29000,1000,17893400,519419000000,-300,false,-1.02
"STB",142854,"/Date(1700638170000)/",29000,4600,17892400,519390000000,-300,false,-1.02
"STB",142854,"/Date(1700638170000)/",29000,14400,17887800,519257000000,-300,false,-1.02
"STB",142854,"/Date(1700638170000)/",29000,1200,17873400,518839000000,-300,false,-1.02
"STB",142848,"/Date(1700638165000)/",29000,500,17872200,518805000000,-300,true,-1.02
"STB",142848,"/Date(1700638163000)/",29000,900,17871700,518790000000,-300,true,-1.02
"STB",142848,"/Date(1700638163000)/",29000,2000,17870800,518764000000,-300,true,-1.02
"STB",142848,"/Date(1700638163000)/",29000,1400,17868800,518706000000,-300,true,-1.02
"STB",142848,"/Date(1700638163000)/",29000,25000,17867400,518665000000,-300,true,-1.02
"STB",142845,"/Date(1700638160000)/",28950,500,17842400,517940000000,-350,false,-1.19
"STB",142845,"/Date(1700638160000)/",28950,2000,17841900,517926000000,-350,false,-1.19
"STB",142845,"/Date(1700638160000)/",28950,1500,17839900,517868000000,-350,false,-1.19
"STB",142845,"/Date(1700638160000)/",28950,3100,17838400,517825000000,-350,false,-1.19
"STB",142845,"/Date(1700638159000)/",28950,1000,17835300,517735000000,-350,false,-1.19
"STB",142845,"/Date(1700638159000)/",28950,100,17834300,517706000000,-350,false,-1.19
"STB",142842,"/Date(1700638158000)/",28950,1000,17834200,517703000000,-350,false,-1.19
"STB",142842,"/Date(1700638157000)/",28900,1600,17833200,517674000000,-400,true,-1.37
"STB",142842,"/Date(1700638157000)/",28900,1000,17831600,517628000000,-400,true,-1.37
"STB",142842,"/Date(1700638157000)/",28900,500,17830600,517599000000,-400,true,-1.37
"STB",142842,"/Date(1700638157000)/",28900,500,17830100,517584000000,-400,true,-1.37
"STB",142842,"/Date(1700638157000)/",28900,1000,17829600,517570000000,-400,true,-1.37
"STB",142842,"/Date(1700638157000)/",28900,3200,17828600,517541000000,-400,true,-1.37
"STB",142842,"/Date(1700638157000)/",28950,500,17825400,517449000000,-350,false,-1.19
"STB",142838,"/Date(1700638153000)/",28950,1700,17824900,517434000000,-350,false,-1.19
"STB",142835,"/Date(1700638152000)/",28950,500,17823200,517385000000,-350,false,-1.19
"STB",142835,"/Date(1700638151000)/",28950,600,17822700,517371000000,-350,false,-1.19
"STB",142835,"/Date(1700638151000)/",28950,800,17822100,517353000000,-350,false,-1.19
"STB",142832,"/Date(1700638148000)/",28950,1000,17821300,517330000000,-350,false,-1.19
"STB",142829,"/Date(1700638145000)/",28950,100,17820300,517301000000,-350,false,-1.19
"STB",142829,"/Date(1700638145000)/",28950,500,17820200,517298000000,-350,false,-1.19
"STB",142829,"/Date(1700638144000)/",28950,200,17819700,517284000000,-350,false,-1.19
"STB",142826,"/Date(1700638142000)/",28950,100,17819500,517278000000,-350,false,-1.19
"STB",142826,"/Date(1700638141000)/",28950,100,17819400,517275000000,-350,false,-1.19
"STB",142826,"/Date(1700638141000)/",28950,200,17819300,517272000000,-350,false,-1.19
"STB",142826,"/Date(1700638140000)/",29000,500,17819100,517266000000,-300,false,-1.02
"STB",142822,"/Date(1700638137000)/",28900,1800,17818600,517252000000,-400,true,-1.37
"STB",142822,"/Date(1700638137000)/",28900,700,17816800,517200000000,-400,true,-1.37
"STB",142822,"/Date(1700638137000)/",28900,2000,17816100,517180000000,-400,true,-1.37
"STB",142822,"/Date(1700638137000)/",28900,200,17814100,517122000000,-400,true,-1.37
"STB",142822,"/Date(1700638137000)/",28900,100,17813900,517116000000,-400,true,-1.37
"STB",142822,"/Date(1700638137000)/",28900,200,17813800,517113000000,-400,true,-1.37
"STB",142822,"/Date(1700638137000)/",28900,1000,17813600,517107000000,-400,true,-1.37
"STB",142822,"/Date(1700638137000)/",28900,700,17812600,517078000000,-400,true,-1.37
"STB",142822,"/Date(1700638137000)/",28900,1500,17811900,517058000000,-400,true,-1.37
"STB",142822,"/Date(1700638137000)/",28900,50000,17810400,517015000000,-400,true,-1.37
"STB",142822,"/Date(1700638137000)/",28900,100,17760400,515570000000,-400,true,-1.37
"STB",142822,"/Date(1700638137000)/",28900,1000,17760300,515567000000,-400,true,-1.37
"STB",142822,"/Date(1700638137000)/",28900,100,17759300,515538000000,-400,true,-1.37
"STB",142822,"/Date(1700638137000)/",28900,200,17759200,515535000000,-400,true,-1.37
"STB",142822,"/Date(1700638137000)/",28900,400,17759000,515529000000,-400,true,-1.37
"STB",142822,"/Date(1700638137000)/",28900,200,17758600,515518000000,-400,true,-1.37
"STB",142822,"/Date(1700638137000)/",28900,1000,17758400,515512000000,-400,true,-1.37
"STB",142822,"/Date(1700638137000)/",28900,600,17757400,515483000000,-400,true,-1.37
"STB",142822,"/Date(1700638137000)/",28900,100,17756800,515466000000,-400,true,-1.37
"STB",142822,"/Date(1700638137000)/",28900,200,17756700,515463000000,-400,true,-1.37
"STB",142822,"/Date(1700638137000)/",28900,200,17756500,515457000000,-400,true,-1.37
"STB",142822,"/Date(1700638137000)/",28900,200,17756300,515451000000,-400,true,-1.37
"STB",142822,"/Date(1700638137000)/",28900,300,17756100,515446000000,-400,true,-1.37
"STB",142822,"/Date(1700638137000)/",28900,100,17755800,515437000000,-400,true,-1.37
"STB",142822,"/Date(1700638137000)/",28900,500,17755700,515434000000,-400,true,-1.37
"STB",142822,"/Date(1700638137000)/",28900,300,17755200,515420000000,-400,true,-1.37
"STB",142822,"/Date(1700638137000)/",28900,5000,17754900,515411000000,-400,true,-1.37
"STB",142822,"/Date(1700638137000)/",28900,100,17749900,515266000000,-400,true,-1.37
"STB",142822,"/Date(1700638137000)/",28900,500,17749800,515263000000,-400,true,-1.37
"STB",142822,"/Date(1700638137000)/",28900,500,17749300,515249000000,-400,true,-1.37
"STB",142822,"/Date(1700638137000)/",28900,500,17748800,515235000000,-400,true,-1.37
"STB",142822,"/Date(1700638137000)/",28900,100,17748300,515220000000,-400,true,-1.37
"STB",142822,"/Date(1700638137000)/",28900,100,17748200,515217000000,-400,true,-1.37
"STB",142822,"/Date(1700638137000)/",28900,1000,17748100,515214000000,-400,true,-1.37
"STB",142822,"/Date(1700638137000)/",28900,100,17747100,515185000000,-400,true,-1.37
"STB",142822,"/Date(1700638137000)/",28900,200,17747000,515183000000,-400,true,-1.37
"STB",142822,"/Date(1700638137000)/",28900,100,17746800,515177000000,-400,true,-1.37
"STB",142822,"/Date(1700638137000)/",28900,300,17746700,515174000000,-400,true,-1.37
"STB",142822,"/Date(1700638137000)/",28900,100,17746400,515165000000,-400,true,-1.37
"STB",142822,"/Date(1700638137000)/",28900,9000,17746300,515162000000,-400,true,-1.37
"STB",142822,"/Date(1700638137000)/",28900,2000,17737300,514902000000,-400,true,-1.37
"STB",142822,"/Date(1700638137000)/",28900,500,17735300,514844000000,-400,true,-1.37
"STB",142822,"/Date(1700638137000)/",28900,1000,17734800,514830000000,-400,true,-1.37
"STB",142822,"/Date(1700638137000)/",28900,5000,17733800,514801000000,-400,true,-1.37
"STB",142822,"/Date(1700638137000)/",28900,100,17728800,514657000000,-400,true,-1.37
"STB",142822,"/Date(1700638137000)/",28900,5000,17728700,514654000000,-400,true,-1.37
"STB",142822,"/Date(1700638137000)/",28900,700,17723700,514509000000,-400,true,-1.37
"STB",142822,"/Date(1700638137000)/",28900,500,17723000,514489000000,-400,true,-1.37
"STB",142822,"/Date(1700638137000)/",28900,100,17722500,514474000000,-400,true,-1.37
"STB",142822,"/Date(1700638137000)/",28900,1000,17722400,514472000000,-400,true,-1.37
"STB",142822,"/Date(1700638137000)/",28900,500,17721400,514443000000,-400,true,-1.37
"STB",142822,"/Date(1700638137000)/",28900,5000,17720900,514428000000,-400,true,-1.37
"STB",142822,"/Date(1700638137000)/",28900,2000,17715900,514284000000,-400,true,-1.37
"STB",142822,"/Date(1700638137000)/",28900,500,17713900,514226000000,-400,true,-1.37
"STB",142822,"/Date(1700638137000)/",28900,1200,17713400,514212000000,-400,true,-1.37
"STB",142822,"/Date(1700638137000)/",28900,300,17712200,514177000000,-400,true,-1.37
"STB",142822,"/Date(1700638137000)/",28900,2200,17711900,514168000000,-400,true,-1.37
"STB",142822,"/Date(1700638137000)/",28900,600,17709700,514105000000,-400,true,-1.37
"STB",142822,"/Date(1700638137000)/",28900,500,17709100,514087000000,-400,true,-1.37
"STB",142822,"/Date(1700638137000)/",28900,1000,17708600,514073000000,-400,true,-1.37
"STB",142822,"/Date(1700638137000)/",28900,300,17707600,514044000000,-400,true,-1.37
"STB",142822,"/Date(1700638137000)/",28900,100,17707300,514035000000,-400,true,-1.37
"STB",142822,"/Date(1700638137000)/",28900,100,17707200,514032000000,-400,true,-1.37
"STB",142822,"/Date(1700638137000)/",28900,200,17707100,514029000000,-400,true,-1.37
"STB",142822,"/Date(1700638137000)/",28900,2000,17706900,514024000000,-400,true,-1.37
"STB",142822,"/Date(1700638137000)/",28900,400,17704900,513966000000,-400,true,-1.37
"STB",142822,"/Date(1700638137000)/",28900,100,17704500,513954000000,-400,true,-1.37
"STB",142822,"/Date(1700638137000)/",28900,1000,17704400,513951000000,-400,true,-1.37
"STB",142822,"/Date(1700638137000)/",28900,2500,17703400,513923000000,-400,true,-1.37
"STB",142822,"/Date(1700638137000)/",28900,2900,17700900,513850000000,-400,true,-1.37
"STB",142822,"/Date(1700638137000)/",28900,100,17698000,513766000000,-400,true,-1.37
"STB",142822,"/Date(1700638137000)/",28900,500,17697900,513764000000,-400,true,-1.37
"STB",142822,"/Date(1700638137000)/",28900,100,17697400,513749000000,-400,true,-1.37
"STB",142822,"/Date(1700638137000)/",28900,300,17697300,513746000000,-400,true,-1.37
"STB",142822,"/Date(1700638137000)/",28900,1000,17697000,513738000000,-400,true,-1.37
"STB",142822,"/Date(1700638137000)/",28900,600,17696000,513709000000,-400,true,-1.37
"STB",142822,"/Date(1700638137000)/",28900,200,17695400,513691000000,-400,true,-1.37
"STB",142822,"/Date(1700638137000)/",28900,300,17695200,513686000000,-400,true,-1.37
"STB",142822,"/Date(1700638137000)/",28900,2000,17694900,513677000000,-400,true,-1.37
"STB",142822,"/Date(1700638137000)/",28900,94000,17692900,513619000000,-400,true,-1.37
"STB",142822,"/Date(1700638137000)/",28950,200,17598900,510902000000,-350,true,-1.19
"STB",142822,"/Date(1700638137000)/",28950,5000,17598700,510897000000,-350,true,-1.19
"STB",142822,"/Date(1700638137000)/",28950,2400,17593700,510752000000,-350,true,-1.19
"STB",142822,"/Date(1700638137000)/",28950,100,17591300,510682000000,-350,true,-1.19
"STB",142822,"/Date(1700638137000)/",28950,100,17591200,510680000000,-350,true,-1.19
"STB",142822,"/Date(1700638137000)/",28950,1500,17591100,510677000000,-350,true,-1.19
"STB",142822,"/Date(1700638137000)/",28950,100,17589600,510633000000,-350,true,-1.19
"STB",142822,"/Date(1700638137000)/",28950,5000,17589500,510630000000,-350,true,-1.19
"STB",142822,"/Date(1700638137000)/",28950,400,17584500,510486000000,-350,true,-1.19
"STB",142822,"/Date(1700638137000)/",28950,2000,17584100,510474000000,-350,true,-1.19
"STB",142822,"/Date(1700638137000)/",28950,1000,17582100,510416000000,-350,true,-1.19
"STB",142822,"/Date(1700638137000)/",28950,100,17581100,510387000000,-350,true,-1.19
"STB",142822,"/Date(1700638137000)/",28950,500,17581000,510384000000,-350,true,-1.19
"STB",142822,"/Date(1700638137000)/",28950,900,17580500,510370000000,-350,true,-1.19
"STB",142822,"/Date(1700638137000)/",28950,2000,17579600,510344000000,-350,true,-1.19
"STB",142822,"/Date(1700638137000)/",28950,100,17577600,510286000000,-350,true,-1.19
"STB",142822,"/Date(1700638137000)/",28950,5000,17577500,510283000000,-350,true,-1.19
"STB",142822,"/Date(1700638137000)/",28950,100,17572500,510138000000,-350,true,-1.19
"STB",142822,"/Date(1700638137000)/",28950,2000,17572400,510135000000,-350,true,-1.19
"STB",142822,"/Date(1700638137000)/",28950,2000,17570400,510077000000,-350,true,-1.19
"STB",142822,"/Date(1700638137000)/",28950,1000,17568400,510019000000,-350,true,-1.19
"STB",142822,"/Date(1700638137000)/",28950,1000,17567400,509991000000,-350,true,-1.19
"STB",142822,"/Date(1700638137000)/",28950,1000,17566400,509962000000,-350,true,-1.19
"STB",142822,"/Date(1700638137000)/",28950,100,17565400,509933000000,-350,true,-1.19
"STB",142822,"/Date(1700638137000)/",28950,1000,17565300,509930000000,-350,true,-1.19
"STB",142822,"/Date(1700638137000)/",28950,1600,17564300,509901000000,-350,true,-1.19
"STB",142822,"/Date(1700638137000)/",28950,1000,17562700,509854000000,-350,true,-1.19
"STB",142822,"/Date(1700638137000)/",28950,500,17561700,509826000000,-350,true,-1.19
"STB",142822,"/Date(1700638137000)/",28950,300,17561200,509811000000,-350,true,-1.19
"STB",142822,"/Date(1700638137000)/",28950,500,17560900,509802000000,-350,true,-1.19
"STB",142822,"/Date(1700638137000)/",28950,200,17560400,509788000000,-350,true,-1.19
"STB",142822,"/Date(1700638137000)/",28950,1000,17560200,509782000000,-350,true,-1.19
"STB",142822,"/Date(1700638137000)/",28950,300,17559200,509753000000,-350,true,-1.19
"STB",142822,"/Date(1700638137000)/",28950,700,17558900,509744000000,-350,true,-1.19
"STB",142822,"/Date(1700638137000)/",28950,96100,17558200,509724000000,-350,true,-1.19
"STB",142822,"/Date(1700638137000)/",29000,43500,17462100,506942000000,-300,false,-1.02
"STB",142819,"/Date(1700638137000)/",29000,1000,17418600,505681000000,-300,false,-1.02
"STB",142819,"/Date(1700638137000)/",29000,1300,17417600,505652000000,-300,false,-1.02
"STB",142819,"/Date(1700638137000)/",29000,20000,17416300,505614000000,-300,false,-1.02
"STB",142819,"/Date(1700638137000)/",29000,34200,17396300,505034000000,-300,false,-1.02
"STB",142816,"/Date(1700638130000)/",29000,1000,17362100,504042000000,-300,false,-1.02
"STB",142810,"/Date(1700638124000)/",28950,100,17361100,504013000000,-350,true,-1.19
"STB",142803,"/Date(1700638118000)/",29000,100,17361000,504010000000,-300,false,-1.02
"STB",142800,"/Date(1700638117000)/",29000,1000,17360900,504007000000,-300,false,-1.02
"STB",142800,"/Date(1700638117000)/",29000,3100,17359900,503978000000,-300,false,-1.02
"STB",142800,"/Date(1700638116000)/",29000,1000,17356800,503888000000,-300,false,-1.02
"STB",142800,"/Date(1700638115000)/",29000,1000,17355800,503859000000,-300,false,-1.02
"STB",142800,"/Date(1700638115000)/",29000,300,17354800,503830000000,-300,false,-1.02
"STB",142754,"/Date(1700638111000)/",29000,2400,17354500,503822000000,-300,true,-1.02
"STB",142754,"/Date(1700638110000)/",29000,2300,17352100,503752000000,-300,true,-1.02
"STB",142754,"/Date(1700638109000)/",29000,400,17349800,503685000000,-300,true,-1.02
"STB",142754,"/Date(1700638109000)/",29000,100,17349400,503674000000,-300,true,-1.02
"STB",142754,"/Date(1700638109000)/",29000,100,17349300,503671000000,-300,true,-1.02
"STB",142754,"/Date(1700638109000)/",29000,100,17349200,503668000000,-300,true,-1.02
"STB",142754,"/Date(1700638109000)/",29000,200,17349100,503665000000,-300,true,-1.02
"STB",142754,"/Date(1700638109000)/",29000,500,17348900,503659000000,-300,true,-1.02
"STB",142754,"/Date(1700638109000)/",29000,5000,17348400,503645000000,-300,true,-1.02
"STB",142754,"/Date(1700638109000)/",29000,400,17343400,503500000000,-300,true,-1.02
"STB",142754,"/Date(1700638109000)/",29000,15800,17343000,503488000000,-300,true,-1.02
"STB",142747,"/Date(1700638104000)/",29050,3100,17327200,503030000000,-250,false,-0.85
"STB",142744,"/Date(1700638099000)/",29000,20000,17324100,502940000000,-300,true,-1.02
"STB",142741,"/Date(1700638097000)/",29000,500,17304100,502360000000,-300,true,-1.02
"STB",142741,"/Date(1700638097000)/",29000,4800,17303600,502345000000,-300,true,-1.02
"STB",142741,"/Date(1700638096000)/",29000,500,17298800,502206000000,-300,true,-1.02
"STB",142741,"/Date(1700638096000)/",29000,5000,17298300,502192000000,-300,true,-1.02
"STB",142741,"/Date(1700638096000)/",29000,500,17293300,502047000000,-300,true,-1.02
"STB",142741,"/Date(1700638096000)/",29000,2900,17292800,502032000000,-300,true,-1.02
"STB",142738,"/Date(1700638094000)/",29000,1100,17289900,501948000000,-300,false,-1.02
"STB",142738,"/Date(1700638094000)/",29000,200,17288800,501916000000,-300,false,-1.02
"STB",142734,"/Date(1700638090000)/",29000,1000,17288600,501910000000,-300,false,-1.02
"STB",142734,"/Date(1700638090000)/",29000,1000,17287600,501881000000,-300,false,-1.02
"STB",142734,"/Date(1700638090000)/",29000,200,17286600,501852000000,-300,false,-1.02
"STB",142731,"/Date(1700638089000)/",29000,1000,17286400,501847000000,-300,false,-1.02
"STB",142731,"/Date(1700638088000)/",29000,1000,17285400,501818000000,-300,false,-1.02
"STB",142728,"/Date(1700638084000)/",29000,1000,17284400,501789000000,-300,true,-1.02
"STB",142728,"/Date(1700638084000)/",29000,3000,17283400,501760000000,-300,true,-1.02
"STB",142728,"/Date(1700638084000)/",29000,3000,17280400,501673000000,-300,true,-1.02
"STB",142728,"/Date(1700638084000)/",29000,100,17277400,501586000000,-300,true,-1.02
"STB",142728,"/Date(1700638084000)/",29000,1000,17277300,501583000000,-300,true,-1.02
"STB",142728,"/Date(1700638084000)/",29000,10700,17276300,501554000000,-300,true,-1.02
"STB",142725,"/Date(1700638081000)/",29000,500,17265600,501243000000,-300,true,-1.02
"STB",142718,"/Date(1700638075000)/",29000,2000,17265100,501229000000,-300,true,-1.02
"STB",142718,"/Date(1700638075000)/",29000,2200,17263100,501171000000,-300,true,-1.02
"STB",142718,"/Date(1700638073000)/",29000,34600,17260900,501107000000,-300,true,-1.02
"STB",142718,"/Date(1700638073000)/",29000,500,17226300,500104000000,-300,true,-1.02
"STB",142718,"/Date(1700638073000)/",29000,100,17225800,500089000000,-300,true,-1.02
"STB",142718,"/Date(1700638073000)/",29000,1000,17225700,500086000000,-300,true,-1.02
"STB",142718,"/Date(1700638073000)/",29000,100,17224700,500057000000,-300,true,-1.02
"STB",142718,"/Date(1700638073000)/",29000,5000,17224600,500054000000,-300,true,-1.02
"STB",142718,"/Date(1700638073000)/",29000,5000,17219600,499909000000,-300,true,-1.02
"STB",142718,"/Date(1700638073000)/",29000,600,17214600,499764000000,-300,true,-1.02
"STB",142718,"/Date(1700638073000)/",29000,3100,17214000,499747000000,-300,true,-1.02
"STB",142712,"/Date(1700638068000)/",29050,200,17210900,499657000000,-250,false,-0.85
"STB",142702,"/Date(1700638058000)/",29000,1000,17210700,499651000000,-300,true,-1.02
"STB",142702,"/Date(1700638058000)/",29000,5200,17209700,499622000000,-300,true,-1.02
"STB",142659,"/Date(1700638056000)/",29000,10000,17204500,499472000000,-300,false,-1.02
"STB",142659,"/Date(1700638056000)/",28950,500,17194500,499182000000,-350,true,-1.19
"STB",142659,"/Date(1700638056000)/",29000,100000,17194000,499167000000,-300,false,-1.02
"STB",142659,"/Date(1700638056000)/",29000,2000,17094000,496267000000,-300,false,-1.02
"STB",142659,"/Date(1700638054000)/",28950,3300,17092000,496209000000,-350,true,-1.19
"STB",142659,"/Date(1700638054000)/",28950,100,17088700,496114000000,-350,true,-1.19
"STB",142659,"/Date(1700638054000)/",28950,200,17088600,496111000000,-350,true,-1.19
"STB",142659,"/Date(1700638054000)/",28950,300,17088400,496105000000,-350,true,-1.19
"STB",142659,"/Date(1700638054000)/",28950,500,17088100,496096000000,-350,true,-1.19
"STB",142659,"/Date(1700638054000)/",28950,100,17087600,496082000000,-350,true,-1.19
"STB",142659,"/Date(1700638054000)/",28950,100,17087500,496079000000,-350,true,-1.19
"STB",142659,"/Date(1700638054000)/",28950,2000,17087400,496076000000,-350,true,-1.19
"STB",142656,"/Date(1700638053000)/",29000,1700,17085400,496018000000,-300,false,-1.02
"STB",142656,"/Date(1700638053000)/",29000,1700,17083700,495969000000,-300,false,-1.02
"STB",142656,"/Date(1700638052000)/",29000,200,17082000,495919000000,-300,false,-1.02
"STB",142656,"/Date(1700638052000)/",29000,700,17081800,495914000000,-300,false,-1.02
"STB",142653,"/Date(1700638047000)/",28950,500,17081100,495893000000,-350,true,-1.19
"STB",142650,"/Date(1700638047000)/",28950,100,17080600,495879000000,-350,true,-1.19
"STB",142650,"/Date(1700638046000)/",29000,3100,17080500,495876000000,-300,false,-1.02
"STB",142650,"/Date(1700638046000)/",29000,400,17077400,495786000000,-300,false,-1.02
"STB",142650,"/Date(1700638046000)/",29000,100,17077000,495774000000,-300,false,-1.02
"STB",142650,"/Date(1700638045000)/",29000,9700,17076900,495772000000,-300,false,-1.02
"STB",142646,"/Date(1700638043000)/",29000,500,17067200,495490000000,-300,false,-1.02
"STB",142646,"/Date(1700638041000)/",29000,300,17066700,495476000000,-300,false,-1.02
"STB",142643,"/Date(1700638040000)/",29000,15900,17066400,495467000000,-300,false,-1.02
"STB",142643,"/Date(1700638040000)/",29000,11100,17050500,495006000000,-300,false,-1.02
"STB",142640,"/Date(1700638034000)/",29000,1000,17039400,494684000000,-300,false,-1.02
"STB",142637,"/Date(1700638033000)/",29000,100,17038400,494655000000,-300,false,-1.02
"STB",142637,"/Date(1700638032000)/",29000,200,17038300,494652000000,-300,false,-1.02
"STB",142634,"/Date(1700638031000)/",29000,500,17038100,494646000000,-300,true,-1.02
"STB",142634,"/Date(1700638031000)/",29000,13000,17037600,494632000000,-300,true,-1.02
"STB",142634,"/Date(1700638031000)/",29000,100,17024600,494255000000,-300,true,-1.02
"STB",142634,"/Date(1700638031000)/",29000,100,17024500,494252000000,-300,true,-1.02
"STB",142634,"/Date(1700638031000)/",29000,18000,17024400,494249000000,-300,true,-1.02
"STB",142634,"/Date(1700638031000)/",29000,1000,17006400,493727000000,-300,true,-1.02
"STB",142634,"/Date(1700638031000)/",29000,500,17005400,493698000000,-300,true,-1.02
"STB",142634,"/Date(1700638031000)/",29000,3000,17004900,493684000000,-300,true,-1.02
"STB",142634,"/Date(1700638031000)/",29000,20000,17001900,493597000000,-300,true,-1.02
"STB",142634,"/Date(1700638031000)/",29000,50000,16981900,493017000000,-300,true,-1.02
"STB",142634,"/Date(1700638031000)/",29000,500,16931900,491567000000,-300,true,-1.02
"STB",142634,"/Date(1700638031000)/",29000,6000,16931400,491552000000,-300,true,-1.02
"STB",142634,"/Date(1700638031000)/",29000,500,16925400,491378000000,-300,true,-1.02
"STB",142634,"/Date(1700638031000)/",29000,22900,16924900,491364000000,-300,true,-1.02
"STB",142630,"/Date(1700638027000)/",29050,1900,16902000,490699000000,-250,false,-0.85
"STB",142630,"/Date(1700638027000)/",29050,3100,16900100,490644000000,-250,false,-0.85
"STB",142630,"/Date(1700638026000)/",29050,15900,16897000,490554000000,-250,false,-0.85
"STB",142630,"/Date(1700638026000)/",29050,1000,16881100,490092000000,-250,false,-0.85
"STB",142630,"/Date(1700638026000)/",29050,300,16880100,490063000000,-250,false,-0.85
"STB",142630,"/Date(1700638026000)/",29050,5000,16879800,490055000000,-250,false,-0.85
"STB",142630,"/Date(1700638026000)/",29050,27800,16874800,489909000000,-250,false,-0.85
"STB",142627,"/Date(1700638024000)/",29050,6200,16847000,489102000000,-250,false,-0.85
"STB",142627,"/Date(1700638023000)/",29050,9300,16840800,488922000000,-250,false,-0.85
"STB",142624,"/Date(1700638019000)/",29050,500,16831500,488651000000,-250,false,-0.85
"STB",142621,"/Date(1700638016000)/",29000,1000,16831000,488637000000,-300,true,-1.02
"STB",142618,"/Date(1700638014000)/",29050,3300,16830000,488608000000,-250,false,-0.85
"STB",142618,"/Date(1700638013000)/",29000,1000,16826700,488512000000,-300,true,-1.02
"STB",142614,"/Date(1700638010000)/",29000,1000,16825700,488483000000,-300,true,-1.02
"STB",142611,"/Date(1700638007000)/",29000,100,16824700,488454000000,-300,true,-1.02
"STB",142611,"/Date(1700638007000)/",29000,900,16824600,488451000000,-300,true,-1.02
"STB",142611,"/Date(1700638006000)/",29000,200,16823700,488425000000,-300,true,-1.02
"STB",142611,"/Date(1700638006000)/",29000,500,16823500,488419000000,-300,true,-1.02
"STB",142611,"/Date(1700638006000)/",29000,200,16823000,488405000000,-300,true,-1.02
"STB",142611,"/Date(1700638006000)/",29000,100,16822800,488399000000,-300,true,-1.02
"STB",142608,"/Date(1700638004000)/",29000,900,16822700,488396000000,-300,true,-1.02
"STB",142608,"/Date(1700638004000)/",29000,100,16821800,488370000000,-300,true,-1.02
"STB",142605,"/Date(1700638002000)/",29000,500,16821700,488367000000,-300,true,-1.02
"STB",142605,"/Date(1700637999000)/",29000,500,16821200,488353000000,-300,true,-1.02
"STB",142605,"/Date(1700637999000)/",29000,900,16820700,488338000000,-300,true,-1.02
"STB",142605,"/Date(1700637999000)/",29000,100,16819800,488312000000,-300,true,-1.02
"STB",142605,"/Date(1700637999000)/",29000,500,16819700,488309000000,-300,true,-1.02
"STB",142605,"/Date(1700637999000)/",29000,1500,16819200,488295000000,-300,true,-1.02
"STB",142558,"/Date(1700637994000)/",29050,100,16817700,488251000000,-250,false,-0.85
"STB",142558,"/Date(1700637993000)/",29000,500,16817600,488248000000,-300,true,-1.02
"STB",142558,"/Date(1700637993000)/",29000,2000,16817100,488234000000,-300,true,-1.02
"STB",142558,"/Date(1700637993000)/",29050,1800,16815100,488176000000,-250,false,-0.85
"STB",142552,"/Date(1700637986000)/",28950,147400,16813300,488123000000,-350,true,-1.19
"STB",142552,"/Date(1700637986000)/",28950,500,16665900,483856000000,-350,true,-1.19
"STB",142552,"/Date(1700637986000)/",28950,2000,16665400,483842000000,-350,true,-1.19
"STB",142552,"/Date(1700637986000)/",28950,1000,16663400,483784000000,-350,true,-1.19
"STB",142552,"/Date(1700637986000)/",28950,400,16662400,483755000000,-350,true,-1.19
"STB",142552,"/Date(1700637986000)/",28950,100,16662000,483743000000,-350,true,-1.19
"STB",142552,"/Date(1700637986000)/",28950,500,16661900,483740000000,-350,true,-1.19
"STB",142552,"/Date(1700637986000)/",28950,5000,16661400,483726000000,-350,true,-1.19
"STB",142552,"/Date(1700637986000)/",28950,8000,16656400,483581000000,-350,true,-1.19
"STB",142552,"/Date(1700637986000)/",28950,100,16648400,483349000000,-350,true,-1.19
"STB",142552,"/Date(1700637986000)/",28950,200,16648300,483347000000,-350,true,-1.19
"STB",142552,"/Date(1700637986000)/",28950,200,16648100,483341000000,-350,true,-1.19
"STB",142552,"/Date(1700637986000)/",28950,500,16647900,483335000000,-350,true,-1.19
"STB",142549,"/Date(1700637986000)/",28950,100,16647400,483321000000,-350,true,-1.19
"STB",142549,"/Date(1700637986000)/",28950,10000,16647300,483318000000,-350,true,-1.19
"STB",142549,"/Date(1700637986000)/",28950,500,16637300,483028000000,-350,true,-1.19
"STB",142549,"/Date(1700637986000)/",28950,200,16636800,483014000000,-350,true,-1.19
"STB",142549,"/Date(1700637986000)/",28950,100,16636600,483008000000,-350,true,-1.19
"STB",142549,"/Date(1700637986000)/",28950,50000,16636500,483005000000,-350,true,-1.19
"STB",142549,"/Date(1700637986000)/",28950,33000,16586500,481557000000,-350,true,-1.19
"STB",142549,"/Date(1700637986000)/",29000,6000,16553500,480602000000,-300,true,-1.02
"STB",142549,"/Date(1700637986000)/",29000,100,16547500,480428000000,-300,true,-1.02
"STB",142549,"/Date(1700637986000)/",29000,500,16547400,480425000000,-300,true,-1.02
"STB",142549,"/Date(1700637986000)/",29000,1100,16546900,480411000000,-300,true,-1.02
"STB",142549,"/Date(1700637986000)/",29000,10000,16545800,480379000000,-300,true,-1.02
"STB",142549,"/Date(1700637986000)/",29000,1000,16535800,480089000000,-300,true,-1.02
"STB",142549,"/Date(1700637986000)/",29000,5000,16534800,480060000000,-300,true,-1.02
"STB",142549,"/Date(1700637986000)/",29000,1000,16529800,479915000000,-300,true,-1.02
"STB",142549,"/Date(1700637986000)/",29000,300,16528800,479886000000,-300,true,-1.02
"STB",142549,"/Date(1700637986000)/",29000,2000,16528500,479877000000,-300,true,-1.02
"STB",142549,"/Date(1700637986000)/",29000,10000,16526500,479819000000,-300,true,-1.02
"STB",142549,"/Date(1700637986000)/",29000,3200,16516500,479529000000,-300,true,-1.02
"STB",142542,"/Date(1700637978000)/",29000,1800,16513300,479436000000,-300,true,-1.02
"STB",142542,"/Date(1700637978000)/",29000,1000,16511500,479384000000,-300,true,-1.02
"STB",142542,"/Date(1700637978000)/",29000,1000,16510500,479355000000,-300,true,-1.02
"STB",142542,"/Date(1700637978000)/",29000,200,16509500,479326000000,-300,true,-1.02
"STB",142536,"/Date(1700637973000)/",29050,9300,16509300,479320000000,-250,false,-0.85
"STB",142533,"/Date(1700637968000)/",29050,300,16500000,479050000000,-250,false,-0.85
"STB",142533,"/Date(1700637967000)/",29000,3300,16499700,479041000000,-300,true,-1.02
"STB",142530,"/Date(1700637966000)/",29050,6200,16496400,478946000000,-250,false,-0.85
"STB",142520,"/Date(1700637957000)/",29050,5000,16490200,478766000000,-250,false,-0.85
"STB",142517,"/Date(1700637954000)/",29050,300,16485200,478620000000,-250,false,-0.85
"STB",142517,"/Date(1700637953000)/",29050,8800,16484900,478612000000,-250,false,-0.85
"STB",142517,"/Date(1700637953000)/",29050,500,16476100,478356000000,-250,false,-0.85
"STB",142517,"/Date(1700637953000)/",29050,7300,16475600,478341000000,-250,false,-0.85
"STB",142517,"/Date(1700637951000)/",29050,1000,16468300,478129000000,-250,false,-0.85
"STB",142514,"/Date(1700637948000)/",29000,36500,16467300,478100000000,-300,false,-1.02
"STB",142511,"/Date(1700637947000)/",29000,300,16430800,477042000000,-300,false,-1.02
"STB",142511,"/Date(1700637945000)/",29000,500,16430500,477033000000,-300,false,-1.02
"STB",142511,"/Date(1700637945000)/",29000,1900,16430000,477019000000,-300,false,-1.02
"STB",142507,"/Date(1700637942000)/",29000,200,16428100,476964000000,-300,false,-1.02
"STB",142504,"/Date(1700637941000)/",29000,1000,16427900,476958000000,-300,false,-1.02
"STB",142501,"/Date(1700637935000)/",29000,10000,16426900,476929000000,-300,false,-1.02
"STB",142458,"/Date(1700637935000)/",29000,3000,16416900,476639000000,-300,false,-1.02
"STB",142458,"/Date(1700637934000)/",29000,9300,16413900,476552000000,-300,false,-1.02
"STB",142455,"/Date(1700637931000)/",29000,1600,16404600,476282000000,-300,true,-1.02
"STB",142455,"/Date(1700637931000)/",29000,300,16403000,476236000000,-300,true,-1.02
"STB",142455,"/Date(1700637931000)/",29000,1000,16402700,476227000000,-300,true,-1.02
"STB",142455,"/Date(1700637931000)/",29000,500,16401700,476198000000,-300,true,-1.02
"STB",142455,"/Date(1700637931000)/",29000,5000,16401200,476183000000,-300,true,-1.02
"STB",142455,"/Date(1700637931000)/",29000,100,16396200,476038000000,-300,true,-1.02
"STB",142455,"/Date(1700637931000)/",29000,500,16396100,476036000000,-300,true,-1.02
"STB",142455,"/Date(1700637931000)/",29000,6900,16395600,476021000000,-300,true,-1.02
"STB",142455,"/Date(1700637931000)/",29000,400,16388700,475821000000,-300,true,-1.02
"STB",142455,"/Date(1700637931000)/",29000,200,16388300,475809000000,-300,true,-1.02
"STB",142455,"/Date(1700637931000)/",29000,200,16388100,475804000000,-300,true,-1.02
"STB",142455,"/Date(1700637931000)/",29000,3500,16387900,475798000000,-300,true,-1.02
"STB",142455,"/Date(1700637931000)/",29000,10000,16384400,475696000000,-300,true,-1.02
"STB",142455,"/Date(1700637931000)/",29000,19000,16374400,475406000000,-300,true,-1.02
"STB",142455,"/Date(1700637931000)/",29000,200,16355400,474855000000,-300,true,-1.02
"STB",142455,"/Date(1700637931000)/",29000,100,16355200,474849000000,-300,true,-1.02
"STB",142455,"/Date(1700637931000)/",29000,1000,16355100,474847000000,-300,true,-1.02
"STB",142455,"/Date(1700637931000)/",29000,500,16354100,474818000000,-300,true,-1.02
"STB",142455,"/Date(1700637931000)/",29000,10000,16353600,474803000000,-300,true,-1.02
"STB",142455,"/Date(1700637931000)/",29000,10000,16343600,474513000000,-300,true,-1.02
"STB",142455,"/Date(1700637931000)/",29000,100,16333600,474223000000,-300,true,-1.02
"STB",142455,"/Date(1700637931000)/",29000,500,16333500,474220000000,-300,true,-1.02
"STB",142455,"/Date(1700637931000)/",29000,100,16333000,474206000000,-300,true,-1.02
"STB",142455,"/Date(1700637931000)/",29000,3000,16332900,474203000000,-300,true,-1.02
"STB",142455,"/Date(1700637931000)/",29000,1000,16329900,474116000000,-300,true,-1.02
"STB",142455,"/Date(1700637931000)/",29000,100,16328900,474087000000,-300,true,-1.02
"STB",142455,"/Date(1700637931000)/",29000,8000,16328800,474084000000,-300,true,-1.02
"STB",142455,"/Date(1700637931000)/",29000,500,16320800,473852000000,-300,true,-1.02
"STB",142455,"/Date(1700637931000)/",29000,500,16320300,473837000000,-300,true,-1.02
"STB",142455,"/Date(1700637931000)/",29000,21000,16319800,473823000000,-300,true,-1.02
"STB",142455,"/Date(1700637931000)/",29000,400,16298800,473214000000,-300,true,-1.02
"STB",142455,"/Date(1700637931000)/",29000,1000,16298400,473202000000,-300,true,-1.02
"STB",142455,"/Date(1700637931000)/",29000,100,16297400,473173000000,-300,true,-1.02
"STB",142455,"/Date(1700637931000)/",29000,4000,16297300,473170000000,-300,true,-1.02
"STB",142455,"/Date(1700637931000)/",29000,700,16293300,473054000000,-300,true,-1.02
"STB",142455,"/Date(1700637931000)/",29000,100,16292600,473034000000,-300,true,-1.02
"STB",142455,"/Date(1700637931000)/",29000,1000,16292500,473031000000,-300,true,-1.02
"STB",142455,"/Date(1700637931000)/",29000,100,16291500,473002000000,-300,true,-1.02
"STB",142455,"/Date(1700637931000)/",29000,10200,16291400,472999000000,-300,true,-1.02
"STB",142455,"/Date(1700637931000)/",29000,100,16281200,472703000000,-300,true,-1.02
"STB",142455,"/Date(1700637931000)/",29000,500,16281100,472701000000,-300,true,-1.02
"STB",142455,"/Date(1700637931000)/",29000,1000,16280600,472686000000,-300,true,-1.02
"STB",142455,"/Date(1700637931000)/",29000,5900,16279600,472657000000,-300,true,-1.02
"STB",142455,"/Date(1700637931000)/",29050,300,16273700,472486000000,-250,true,-0.85
"STB",142455,"/Date(1700637931000)/",29050,4000,16273400,472477000000,-250,true,-0.85
"STB",142455,"/Date(1700637931000)/",29050,2100,16269400,472361000000,-250,true,-0.85
"STB",142455,"/Date(1700637929000)/",29100,6200,16267300,472300000000,-200,false,-0.68
"STB",142451,"/Date(1700637925000)/",29050,1900,16261100,472120000000,-250,false,-0.85
"STB",142448,"/Date(1700637925000)/",29050,100,16259200,472064000000,-250,true,-0.85
"STB",142448,"/Date(1700637924000)/",29050,2000,16259100,472062000000,-250,true,-0.85
"STB",142448,"/Date(1700637924000)/",29050,5000,16257100,472003000000,-250,true,-0.85
"STB",142445,"/Date(1700637920000)/",29050,2500,16252100,471858000000,-250,true,-0.85
"STB",142445,"/Date(1700637920000)/",29050,500,16249600,471786000000,-250,true,-0.85
"STB",142445,"/Date(1700637920000)/",29050,3700,16249100,471771000000,-250,true,-0.85
"STB",142445,"/Date(1700637920000)/",29050,8300,16245400,471664000000,-250,true,-0.85
"STB",142435,"/Date(1700637911000)/",29050,1000,16237100,471422000000,-250,true,-0.85
"STB",142435,"/Date(1700637911000)/",29050,200,16236100,471393000000,-250,true,-0.85
"STB",142429,"/Date(1700637906000)/",29100,400,16235900,471388000000,-200,false,-0.68
"STB",142429,"/Date(1700637905000)/",29050,5000,16235500,471376000000,-250,false,-0.85
"STB",142429,"/Date(1700637905000)/",29050,500,16230500,471231000000,-250,false,-0.85
"STB",142429,"/Date(1700637905000)/",29050,100,16230000,471216000000,-250,false,-0.85
"STB",142429,"/Date(1700637905000)/",29050,1000,16229900,471213000000,-250,false,-0.85
"STB",142429,"/Date(1700637905000)/",29050,5000,16228900,471184000000,-250,false,-0.85
"STB",142429,"/Date(1700637905000)/",29050,23000,16223900,471039000000,-250,false,-0.85
"STB",142429,"/Date(1700637905000)/",29050,5900,16200900,470371000000,-250,false,-0.85
"STB",142429,"/Date(1700637903000)/",29050,1500,16195000,470199000000,-250,false,-0.85
"STB",142426,"/Date(1700637901000)/",29050,3600,16193500,470156000000,-250,false,-0.85
"STB",142426,"/Date(1700637900000)/",29050,500,16189900,470051000000,-250,false,-0.85
"STB",142423,"/Date(1700637897000)/",29050,300,16189400,470037000000,-250,false,-0.85
"STB",142423,"/Date(1700637897000)/",29050,7600,16189100,470028000000,-250,false,-0.85
"STB",142419,"/Date(1700637894000)/",29050,300,16181500,469807000000,-250,false,-0.85
"STB",142419,"/Date(1700637893000)/",29050,1000,16181200,469799000000,-250,false,-0.85
"STB",142416,"/Date(1700637892000)/",29050,1000,16180200,469769000000,-250,false,-0.85
"STB",142416,"/Date(1700637891000)/",29050,1000,16179200,469740000000,-250,false,-0.85
"STB",142413,"/Date(1700637889000)/",29050,1000,16178200,469711000000,-250,false,-0.85
"STB",142413,"/Date(1700637888000)/",29050,500,16177200,469682000000,-250,false,-0.85
"STB",142400,"/Date(1700637875000)/",29050,1000,16176700,469668000000,-250,false,-0.85
"STB",142347,"/Date(1700637862000)/",29050,100,16175700,469639000000,-250,false,-0.85
"STB",142344,"/Date(1700637859000)/",29050,1000,16175600,469636000000,-250,false,-0.85
"STB",142341,"/Date(1700637858000)/",29050,100,16174600,469607000000,-250,false,-0.85
"STB",142341,"/Date(1700637858000)/",29050,100,16174500,469604000000,-250,false,-0.85
"STB",142341,"/Date(1700637858000)/",29050,5000,16174400,469601000000,-250,false,-0.85
"STB",142341,"/Date(1700637858000)/",29050,18500,16169400,469456000000,-250,false,-0.85
"STB",142331,"/Date(1700637846000)/",29050,500,16150900,468918000000,-250,true,-0.85
"STB",142331,"/Date(1700637846000)/",29050,1000,16150400,468904000000,-250,true,-0.85
"STB",142325,"/Date(1700637841000)/",29100,12800,16149400,468875000000,-200,false,-0.68
"STB",142325,"/Date(1700637841000)/",29050,5000,16136600,468502000000,-250,false,-0.85
"STB",142325,"/Date(1700637841000)/",29050,200,16131600,468357000000,-250,false,-0.85
"STB",142312,"/Date(1700637829000)/",29000,100,16131400,468351000000,-300,true,-1.02
"STB",142312,"/Date(1700637829000)/",29000,200,16131300,468348000000,-300,true,-1.02
"STB",142312,"/Date(1700637829000)/",29000,500,16131100,468342000000,-300,true,-1.02
"STB",142312,"/Date(1700637829000)/",29000,100,16130600,468328000000,-300,true,-1.02
"STB",142312,"/Date(1700637829000)/",29000,100,16130500,468325000000,-300,true,-1.02
"STB",142309,"/Date(1700637824000)/",29100,300,16130400,468322000000,-200,false,-0.68
"STB",142309,"/Date(1700637824000)/",29050,400,16130100,468313000000,-250,false,-0.85
"STB",142303,"/Date(1700637819000)/",29050,100,16129700,468302000000,-250,false,-0.85
"STB",142303,"/Date(1700637819000)/",29050,1000,16129600,468299000000,-250,false,-0.85
"STB",142303,"/Date(1700637819000)/",29050,600,16128600,468270000000,-250,false,-0.85
"STB",142303,"/Date(1700637819000)/",29050,500,16128000,468252000000,-250,false,-0.85
"STB",142303,"/Date(1700637819000)/",29050,200,16127500,468238000000,-250,false,-0.85
"STB",142303,"/Date(1700637819000)/",29050,1700,16127300,468232000000,-250,false,-0.85
"STB",142303,"/Date(1700637819000)/",29050,200,16125600,468183000000,-250,false,-0.85
"STB",142303,"/Date(1700637819000)/",29050,500,16125400,468177000000,-250,false,-0.85
"STB",142303,"/Date(1700637819000)/",29050,700,16124900,468162000000,-250,false,-0.85
"STB",142303,"/Date(1700637819000)/",29050,300,16124200,468142000000,-250,false,-0.85
"STB",142303,"/Date(1700637819000)/",29050,500,16123900,468133000000,-250,false,-0.85
"STB",142303,"/Date(1700637819000)/",29050,2000,16123400,468119000000,-250,false,-0.85
"STB",142303,"/Date(1700637819000)/",29050,1000,16121400,468061000000,-250,false,-0.85
"STB",142303,"/Date(1700637819000)/",29050,500,16120400,468032000000,-250,false,-0.85
"STB",142303,"/Date(1700637819000)/",29050,5500,16119900,468017000000,-250,false,-0.85
"STB",142303,"/Date(1700637819000)/",29050,42300,16114400,467857000000,-250,false,-0.85
"STB",142300,"/Date(1700637814000)/",29050,500,16072100,466629000000,-250,true,-0.85
"STB",142256,"/Date(1700637811000)/",29100,1000,16071600,466614000000,-200,false,-0.68
"STB",142253,"/Date(1700637807000)/",29100,1500,16070600,466585000000,-200,false,-0.68
"STB",142237,"/Date(1700637793000)/",29100,2000,16069100,466541000000,-200,false,-0.68
"STB",142237,"/Date(1700637793000)/",29050,2000,16067100,466483000000,-250,true,-0.85
"STB",142231,"/Date(1700637786000)/",29050,1100,16065100,466425000000,-250,true,-0.85
"STB",142228,"/Date(1700637782000)/",29100,200,16064000,466393000000,-200,false,-0.68
"STB",142228,"/Date(1700637782000)/",29100,5000,16063800,466387000000,-200,false,-0.68
"STB",142228,"/Date(1700637782000)/",29100,1000,16058800,466242000000,-200,false,-0.68
"STB",142228,"/Date(1700637781000)/",29100,1000,16057800,466213000000,-200,false,-0.68
"STB",142218,"/Date(1700637774000)/",29100,200,16056800,466183000000,-200,false,-0.68
"STB",142215,"/Date(1700637771000)/",29100,200,16056600,466178000000,-200,false,-0.68
"STB",142215,"/Date(1700637770000)/",29100,500,16056400,466172000000,-200,false,-0.68
"STB",142215,"/Date(1700637770000)/",29100,1200,16055900,466157000000,-200,false,-0.68
"STB",142215,"/Date(1700637770000)/",29100,2000,16054700,466122000000,-200,false,-0.68
"STB",142208,"/Date(1700637763000)/",29100,9300,16052700,466064000000,-200,false,-0.68
"STB",142208,"/Date(1700637763000)/",29100,500,16043400,465794000000,-200,false,-0.68
"STB",142208,"/Date(1700637762000)/",29100,500,16042900,465779000000,-200,false,-0.68
"STB",142205,"/Date(1700637762000)/",29100,3400,16042400,465764000000,-200,false,-0.68
"STB",142205,"/Date(1700637762000)/",29100,500,16039000,465666000000,-200,false,-0.68
"STB",142205,"/Date(1700637762000)/",29100,600,16038500,465651000000,-200,false,-0.68
"STB",142205,"/Date(1700637762000)/",29100,200,16037900,465634000000,-200,false,-0.68
"STB",142205,"/Date(1700637762000)/",29100,100,16037700,465628000000,-200,false,-0.68
"STB",142205,"/Date(1700637762000)/",29100,500,16037600,465625000000,-200,false,-0.68
"STB",142205,"/Date(1700637762000)/",29100,900,16037100,465610000000,-200,false,-0.68
"STB",142205,"/Date(1700637762000)/",29100,1000,16036200,465584000000,-200,false,-0.68
"STB",142205,"/Date(1700637761000)/",29100,100,16035200,465555000000,-200,false,-0.68
"STB",142159,"/Date(1700637755000)/",29100,1000,16035100,465552000000,-200,false,-0.68
"STB",142159,"/Date(1700637755000)/",29100,1900,16034100,465523000000,-200,false,-0.68
"STB",142159,"/Date(1700637755000)/",29100,3000,16032200,465468000000,-200,false,-0.68
"STB",142159,"/Date(1700637755000)/",29100,300,16029200,465380000000,-200,false,-0.68
"STB",142159,"/Date(1700637754000)/",29100,100,16028900,465372000000,-200,false,-0.68
"STB",142159,"/Date(1700637754000)/",29100,1000,16028800,465369000000,-200,false,-0.68
"STB",142159,"/Date(1700637754000)/",29100,700,16027800,465340000000,-200,false,-0.68
"STB",142159,"/Date(1700637754000)/",29100,200,16027100,465319000000,-200,false,-0.68
"STB",142159,"/Date(1700637754000)/",29100,200,16026900,465313000000,-200,false,-0.68
"STB",142159,"/Date(1700637754000)/",29100,100,16026700,465308000000,-200,false,-0.68
"STB",142159,"/Date(1700637754000)/",29100,100,16026600,465305000000,-200,false,-0.68
"STB",142159,"/Date(1700637754000)/",29100,2900,16026500,465302000000,-200,false,-0.68
"STB",142156,"/Date(1700637751000)/",29100,3500,16023600,465217000000,-200,false,-0.68
"STB",142156,"/Date(1700637749000)/",29100,9300,16020100,465116000000,-200,false,-0.68
"STB",142152,"/Date(1700637747000)/",29050,3000,16010800,464845000000,-250,true,-0.85
"STB",142152,"/Date(1700637747000)/",29050,100,16007800,464758000000,-250,true,-0.85
"STB",142152,"/Date(1700637747000)/",29050,500,16007700,464755000000,-250,true,-0.85
"STB",142152,"/Date(1700637747000)/",29050,50500,16007200,464740000000,-250,true,-0.85
"STB",142152,"/Date(1700637746000)/",29050,6200,15956700,463273000000,-250,true,-0.85
"STB",142149,"/Date(1700637746000)/",29050,6700,15950500,463093000000,-250,false,-0.85
"STB",142149,"/Date(1700637744000)/",29000,500,15943800,462899000000,-300,true,-1.02
"STB",142146,"/Date(1700637741000)/",29000,500,15943300,462884000000,-300,true,-1.02
"STB",142146,"/Date(1700637740000)/",29050,300,15942800,462870000000,-250,false,-0.85
"STB",142143,"/Date(1700637739000)/",29050,6200,15942500,462861000000,-250,false,-0.85
"STB",142140,"/Date(1700637734000)/",29050,9300,15936300,462681000000,-250,false,-0.85
"STB",142136,"/Date(1700637732000)/",29050,6200,15927000,462411000000,-250,false,-0.85
"STB",142136,"/Date(1700637731000)/",29050,2000,15920800,462230000000,-250,false,-0.85
"STB",142136,"/Date(1700637730000)/",29050,1000,15918800,462172000000,-250,false,-0.85
"STB",142133,"/Date(1700637728000)/",29050,100,15917800,462143000000,-250,false,-0.85
"STB",142133,"/Date(1700637728000)/",29000,900,15917700,462140000000,-300,true,-1.02
"STB",142133,"/Date(1700637728000)/",29000,10000,15916800,462114000000,-300,true,-1.02
"STB",142133,"/Date(1700637728000)/",29000,100,15906800,461824000000,-300,true,-1.02
"STB",142133,"/Date(1700637728000)/",29000,1000,15906700,461821000000,-300,true,-1.02
"STB",142133,"/Date(1700637728000)/",29000,1600,15905700,461792000000,-300,true,-1.02
"STB",142133,"/Date(1700637728000)/",29000,2200,15904100,461746000000,-300,true,-1.02
"STB",142133,"/Date(1700637728000)/",29000,100,15901900,461682000000,-300,true,-1.02
"STB",142133,"/Date(1700637728000)/",29000,5000,15901800,461679000000,-300,true,-1.02
"STB",142133,"/Date(1700637728000)/",29000,1000,15896800,461534000000,-300,true,-1.02
"STB",142133,"/Date(1700637728000)/",29000,1000,15895800,461505000000,-300,true,-1.02
"STB",142133,"/Date(1700637728000)/",29000,3000,15894800,461476000000,-300,true,-1.02
"STB",142133,"/Date(1700637728000)/",29000,500,15891800,461389000000,-300,true,-1.02
"STB",142133,"/Date(1700637728000)/",29000,100,15891300,461375000000,-300,true,-1.02
"STB",142133,"/Date(1700637728000)/",29000,3500,15891200,461372000000,-300,true,-1.02
"STB",142130,"/Date(1700637725000)/",29050,500,15887700,461270000000,-250,false,-0.85
"STB",142130,"/Date(1700637725000)/",29050,6200,15887200,461256000000,-250,false,-0.85
"STB",142130,"/Date(1700637724000)/",29050,100,15881000,461076000000,-250,false,-0.85
"STB",142127,"/Date(1700637721000)/",29050,5700,15880900,461073000000,-250,false,-0.85
"STB",142124,"/Date(1700637718000)/",29050,100,15875200,460907000000,-250,false,-0.85
"STB",142120,"/Date(1700637717000)/",29050,500,15875100,460904000000,-250,false,-0.85
"STB",142111,"/Date(1700637707000)/",29000,600,15874600,460890000000,-300,true,-1.02
"STB",142111,"/Date(1700637705000)/",29050,5000,15874000,460872000000,-250,false,-0.85
"STB",142111,"/Date(1700637704000)/",29000,900,15869000,460727000000,-300,true,-1.02
"STB",142111,"/Date(1700637704000)/",29000,100,15868100,460701000000,-300,true,-1.02
"STB",142108,"/Date(1700637704000)/",29050,100,15868000,460698000000,-250,false,-0.85
"STB",142104,"/Date(1700637699000)/",29050,1200,15867900,460695000000,-250,false,-0.85
"STB",142104,"/Date(1700637698000)/",29050,4700,15866700,460660000000,-250,false,-0.85
"STB",142055,"/Date(1700637689000)/",29000,100,15862000,460524000000,-300,true,-1.02
"STB",142055,"/Date(1700637689000)/",29000,100,15861900,460521000000,-300,true,-1.02
"STB",142055,"/Date(1700637689000)/",29000,800,15861800,460518000000,-300,true,-1.02
"STB",142048,"/Date(1700637685000)/",29050,13000,15861000,460495000000,-250,false,-0.85
"STB",142039,"/Date(1700637673000)/",29000,700,15848000,460117000000,-300,true,-1.02
"STB",142039,"/Date(1700637673000)/",29000,100,15847300,460097000000,-300,true,-1.02
"STB",142039,"/Date(1700637673000)/",29000,200,15847200,460094000000,-300,true,-1.02
"STB",142039,"/Date(1700637673000)/",29000,400,15847000,460088000000,-300,true,-1.02
"STB",142036,"/Date(1700637672000)/",29050,3000,15846600,460077000000,-250,true,-0.85
"STB",142036,"/Date(1700637672000)/",29050,71400,15843600,459989000000,-250,true,-0.85
"STB",142036,"/Date(1700637670000)/",29050,500,15772200,457915000000,-250,true,-0.85
"STB",142032,"/Date(1700637669000)/",29050,500,15771700,457901000000,-250,true,-0.85
"STB",142023,"/Date(1700637659000)/",29050,2500,15771200,457886000000,-250,false,-0.85
"STB",142023,"/Date(1700637659000)/",29050,5000,15768700,457814000000,-250,false,-0.85
"STB",142023,"/Date(1700637659000)/",29050,100,15763700,457668000000,-250,false,-0.85
"STB",142023,"/Date(1700637659000)/",29050,1100,15763600,457665000000,-250,false,-0.85
"STB",142023,"/Date(1700637659000)/",29050,200,15762500,457634000000,-250,false,-0.85
"STB",142023,"/Date(1700637659000)/",29050,20000,15762300,457628000000,-250,false,-0.85
"STB",142023,"/Date(1700637659000)/",29050,50000,15742300,457047000000,-250,false,-0.85
"STB",142023,"/Date(1700637659000)/",29050,18000,15692300,455594000000,-250,false,-0.85
"STB",142023,"/Date(1700637659000)/",29050,20000,15674300,455071000000,-250,false,-0.85
"STB",142023,"/Date(1700637659000)/",29050,100,15654300,454490000000,-250,false,-0.85
"STB",142023,"/Date(1700637659000)/",29050,10000,15654200,454487000000,-250,false,-0.85
"STB",142023,"/Date(1700637659000)/",29050,600,15644200,454197000000,-250,false,-0.85
"STB",142023,"/Date(1700637657000)/",29000,200,15643600,454179000000,-300,true,-1.02
"STB",142020,"/Date(1700637655000)/",29000,200,15643400,454174000000,-300,false,-1.02
"STB",142020,"/Date(1700637655000)/",29000,200,15643200,454168000000,-300,false,-1.02
"STB",142016,"/Date(1700637652000)/",29000,300,15643000,454162000000,-300,false,-1.02
"STB",142016,"/Date(1700637652000)/",29000,200,15642700,454153000000,-300,false,-1.02
"STB",142013,"/Date(1700637648000)/",29000,200,15642500,454148000000,-300,false,-1.02
"STB",142010,"/Date(1700637646000)/",29000,2000,15642300,454142000000,-300,false,-1.02
"STB",142010,"/Date(1700637644000)/",29000,500,15640300,454084000000,-300,false,-1.02
"STB",142007,"/Date(1700637643000)/",29000,300,15639800,454069000000,-300,false,-1.02
"STB",142007,"/Date(1700637642000)/",29000,100,15639500,454061000000,-300,false,-1.02
"STB",142007,"/Date(1700637642000)/",29000,200,15639400,454058000000,-300,false,-1.02
"STB",142000,"/Date(1700637636000)/",29000,100,15639200,454052000000,-300,false,-1.02
"STB",142000,"/Date(1700637636000)/",29000,1000,15639100,454049000000,-300,false,-1.02
"STB",142000,"/Date(1700637635000)/",29000,1000,15638100,454020000000,-300,false,-1.02
"STB",141957,"/Date(1700637633000)/",29000,500,15637100,453991000000,-300,false,-1.02
"STB",141957,"/Date(1700637633000)/",29000,1000,15636600,453976000000,-300,false,-1.02
"STB",141954,"/Date(1700637630000)/",28950,10000,15635600,453947000000,-350,true,-1.19
"STB",141951,"/Date(1700637627000)/",29000,100,15625600,453658000000,-300,false,-1.02
"STB",141948,"/Date(1700637624000)/",29000,300,15625500,453655000000,-300,false,-1.02
"STB",141948,"/Date(1700637623000)/",28950,1000,15625200,453646000000,-350,true,-1.19
"STB",141948,"/Date(1700637623000)/",29000,200,15624200,453617000000,-300,false,-1.02
"STB",141948,"/Date(1700637623000)/",29000,1000,15624000,453612000000,-300,false,-1.02
"STB",141948,"/Date(1700637623000)/",29000,500,15623000,453583000000,-300,false,-1.02
"STB",141948,"/Date(1700637623000)/",29000,200,15622500,453568000000,-300,false,-1.02
"STB",141948,"/Date(1700637623000)/",29000,100,15622300,453562000000,-300,false,-1.02
"STB",141945,"/Date(1700637621000)/",29000,900,15622200,453559000000,-300,false,-1.02
"STB",141945,"/Date(1700637621000)/",29000,1000,15621300,453533000000,-300,false,-1.02
"STB",141945,"/Date(1700637621000)/",29000,300,15620300,453504000000,-300,false,-1.02
"STB",141945,"/Date(1700637621000)/",29000,100,15620000,453496000000,-300,false,-1.02
"STB",141945,"/Date(1700637621000)/",29000,100,15619900,453493000000,-300,false,-1.02
"STB",141945,"/Date(1700637621000)/",29000,100,15619800,453490000000,-300,false,-1.02
"STB",141945,"/Date(1700637621000)/",29000,500,15619700,453487000000,-300,false,-1.02
"STB",141945,"/Date(1700637621000)/",29000,5000,15619200,453472000000,-300,false,-1.02
"STB",141945,"/Date(1700637621000)/",29000,3500,15614200,453327000000,-300,false,-1.02
"STB",141945,"/Date(1700637621000)/",29000,18500,15610700,453226000000,-300,false,-1.02
"STB",141941,"/Date(1700637617000)/",29000,1500,15592200,452689000000,-300,false,-1.02
"STB",141941,"/Date(1700637617000)/",29000,1500,15590700,452646000000,-300,false,-1.02
"STB",141941,"/Date(1700637617000)/",28950,500,15589200,452602000000,-350,true,-1.19
"STB",141941,"/Date(1700637615000)/",29000,500,15588700,452588000000,-300,false,-1.02
"STB",141941,"/Date(1700637615000)/",29000,400,15588200,452573000000,-300,false,-1.02
"STB",141932,"/Date(1700637606000)/",28950,200,15587800,452562000000,-350,true,-1.19
"STB",141932,"/Date(1700637606000)/",28950,45300,15587600,452556000000,-350,true,-1.19
"STB",141929,"/Date(1700637605000)/",28950,300,15542300,451245000000,-350,false,-1.19
"STB",141929,"/Date(1700637604000)/",28950,100,15542000,451236000000,-350,false,-1.19
"STB",141929,"/Date(1700637604000)/",28950,900,15541900,451233000000,-350,false,-1.19
"STB",141929,"/Date(1700637603000)/",28950,400,15541000,451207000000,-350,false,-1.19
"STB",141925,"/Date(1700637602000)/",28950,200,15540600,451195000000,-350,false,-1.19
"STB",141925,"/Date(1700637600000)/",28950,10000,15540400,451190000000,-350,false,-1.19
"STB",141925,"/Date(1700637599000)/",28950,3000,15530400,450900000000,-350,false,-1.19
"STB",141925,"/Date(1700637599000)/",28950,1000,15527400,450813000000,-350,false,-1.19
"STB",141922,"/Date(1700637598000)/",28950,200,15526400,450784000000,-350,false,-1.19
"STB",141922,"/Date(1700637597000)/",28950,6200,15526200,450779000000,-350,false,-1.19
"STB",141922,"/Date(1700637596000)/",28950,500,15520000,450599000000,-350,false,-1.19
"STB",141913,"/Date(1700637588000)/",28950,5000,15519500,450585000000,-350,false,-1.19
"STB",141913,"/Date(1700637588000)/",28950,100,15514500,450440000000,-350,false,-1.19
"STB",141913,"/Date(1700637587000)/",28950,300,15514400,450437000000,-350,false,-1.19
"STB",141909,"/Date(1700637585000)/",28950,6200,15514100,450428000000,-350,false,-1.19
"STB",141909,"/Date(1700637585000)/",28950,100,15507900,450249000000,-350,false,-1.19
"STB",141909,"/Date(1700637584000)/",28950,100,15507800,450246000000,-350,false,-1.19
"STB",141909,"/Date(1700637583000)/",28950,3000,15507700,450243000000,-350,false,-1.19
"STB",141909,"/Date(1700637583000)/",28950,500,15504700,450156000000,-350,false,-1.19
"STB",141906,"/Date(1700637583000)/",28950,1000,15504200,450142000000,-350,false,-1.19
"STB",141906,"/Date(1700637582000)/",28950,100,15503200,450113000000,-350,false,-1.19
"STB",141906,"/Date(1700637580000)/",28950,50000,15503100,450110000000,-350,false,-1.19
"STB",141903,"/Date(1700637579000)/",28950,5000,15453100,448662000000,-350,false,-1.19
"STB",141903,"/Date(1700637578000)/",28950,100,15448100,448518000000,-350,false,-1.19
"STB",141903,"/Date(1700637577000)/",28950,1000,15448000,448515000000,-350,false,-1.19
"STB",141903,"/Date(1700637577000)/",28950,5000,15447000,448486000000,-350,false,-1.19
"STB",141900,"/Date(1700637574000)/",28950,100,15442000,448341000000,-350,false,-1.19
"STB",141857,"/Date(1700637573000)/",28950,30000,15441900,448338000000,-350,true,-1.19
"STB",141857,"/Date(1700637572000)/",28950,12000,15411900,447470000000,-350,true,-1.19
"STB",141857,"/Date(1700637572000)/",28950,100,15399900,447122000000,-350,true,-1.19
"STB",141857,"/Date(1700637572000)/",28950,2000,15399800,447119000000,-350,true,-1.19
"STB",141857,"/Date(1700637572000)/",28950,1000,15397800,447061000000,-350,true,-1.19
"STB",141857,"/Date(1700637572000)/",28950,500,15396800,447032000000,-350,true,-1.19
"STB",141857,"/Date(1700637572000)/",28950,100,15396300,447018000000,-350,true,-1.19
"STB",141857,"/Date(1700637572000)/",28950,8600,15396200,447015000000,-350,true,-1.19
"STB",141857,"/Date(1700637571000)/",29000,200,15387600,446766000000,-300,false,-1.02
"STB",141857,"/Date(1700637570000)/",29000,400,15387400,446760000000,-300,false,-1.02
"STB",141844,"/Date(1700637560000)/",29000,1000,15387000,446749000000,-300,false,-1.02
"STB",141841,"/Date(1700637556000)/",28950,200,15386000,446720000000,-350,true,-1.19
"STB",141841,"/Date(1700637556000)/",28950,100,15385800,446714000000,-350,true,-1.19
"STB",141841,"/Date(1700637556000)/",28950,2000,15385700,446711000000,-350,true,-1.19
"STB",141841,"/Date(1700637556000)/",28950,39100,15383700,446653000000,-350,true,-1.19
"STB",141841,"/Date(1700637555000)/",28950,100,15344600,445521000000,-350,true,-1.19
"STB",141837,"/Date(1700637553000)/",28950,900,15344500,445518000000,-350,false,-1.19
"STB",141837,"/Date(1700637553000)/",28950,100,15343600,445492000000,-350,false,-1.19
"STB",141834,"/Date(1700637550000)/",28950,5000,15343500,445489000000,-350,false,-1.19
"STB",141834,"/Date(1700637548000)/",28950,5000,15338500,445345000000,-350,false,-1.19
"STB",141831,"/Date(1700637545000)/",28950,1000,15333500,445200000000,-350,false,-1.19
"STB",141831,"/Date(1700637545000)/",28950,4000,15332500,445171000000,-350,false,-1.19
"STB",141828,"/Date(1700637542000)/",28950,1000,15328500,445055000000,-350,false,-1.19
"STB",141825,"/Date(1700637540000)/",28950,2600,15327500,445026000000,-350,false,-1.19
"STB",141825,"/Date(1700637539000)/",28950,1000,15324900,444951000000,-350,false,-1.19
"STB",141821,"/Date(1700637537000)/",28950,100,15323900,444922000000,-350,false,-1.19
"STB",141821,"/Date(1700637537000)/",28950,5000,15323800,444919000000,-350,false,-1.19
"STB",141818,"/Date(1700637533000)/",28950,3000,15318800,444774000000,-350,false,-1.19
"STB",141818,"/Date(1700637532000)/",28950,100,15315800,444687000000,-350,false,-1.19
"STB",141815,"/Date(1700637530000)/",28950,2000,15315700,444684000000,-350,false,-1.19
"STB",141809,"/Date(1700637523000)/",28950,100,15313700,444627000000,-350,false,-1.19
"STB",141806,"/Date(1700637522000)/",28950,2000,15313600,444624000000,-350,false,-1.19
"STB",141806,"/Date(1700637520000)/",28950,1000,15311600,444566000000,-350,false,-1.19
"STB",141806,"/Date(1700637520000)/",28950,3000,15310600,444537000000,-350,false,-1.19
"STB",141806,"/Date(1700637520000)/",28950,500,15307600,444450000000,-350,false,-1.19
"STB",141759,"/Date(1700637515000)/",28950,4000,15307100,444436000000,-350,false,-1.19
"STB",141756,"/Date(1700637510000)/",28950,5000,15303100,444320000000,-350,false,-1.19
"STB",141756,"/Date(1700637509000)/",28950,1000,15298100,444175000000,-350,false,-1.19
"STB",141753,"/Date(1700637508000)/",28950,1200,15297100,444146000000,-350,false,-1.19
"STB",141753,"/Date(1700637507000)/",28950,800,15295900,444111000000,-350,false,-1.19
"STB",141753,"/Date(1700637506000)/",28950,500,15295100,444088000000,-350,false,-1.19
"STB",141746,"/Date(1700637501000)/",28950,5000,15294600,444074000000,-350,false,-1.19
"STB",141746,"/Date(1700637500000)/",28900,1000,15289600,443929000000,-400,true,-1.37
"STB",141746,"/Date(1700637500000)/",28950,3000,15288600,443900000000,-350,false,-1.19
"STB",141743,"/Date(1700637498000)/",28950,200,15285600,443813000000,-350,false,-1.19
"STB",141743,"/Date(1700637497000)/",28950,5000,15285400,443807000000,-350,false,-1.19
"STB",141743,"/Date(1700637496000)/",28950,1000,15280400,443663000000,-350,false,-1.19
"STB",141740,"/Date(1700637496000)/",28950,500,15279400,443634000000,-350,false,-1.19
"STB",141740,"/Date(1700637495000)/",28900,5000,15278900,443619000000,-400,true,-1.37
"STB",141740,"/Date(1700637495000)/",28900,100,15273900,443475000000,-400,true,-1.37
"STB",141740,"/Date(1700637495000)/",28900,200,15273800,443472000000,-400,true,-1.37
"STB",141740,"/Date(1700637495000)/",28900,1000,15273600,443466000000,-400,true,-1.37
"STB",141740,"/Date(1700637495000)/",28900,500,15272600,443437000000,-400,true,-1.37
"STB",141737,"/Date(1700637492000)/",28950,1000,15272100,443423000000,-350,false,-1.19
"STB",141737,"/Date(1700637490000)/",28950,600,15271100,443394000000,-350,false,-1.19
"STB",141734,"/Date(1700637488000)/",28950,200,15270500,443376000000,-350,false,-1.19
"STB",141734,"/Date(1700637487000)/",28950,100,15270300,443371000000,-350,false,-1.19
"STB",141730,"/Date(1700637485000)/",28950,1900,15270200,443368000000,-350,false,-1.19
"STB",141730,"/Date(1700637484000)/",28950,100,15268300,443313000000,-350,false,-1.19
"STB",141727,"/Date(1700637483000)/",28950,1000,15268200,443310000000,-350,false,-1.19
"STB",141727,"/Date(1700637482000)/",28950,500,15267200,443281000000,-350,false,-1.19
"STB",141727,"/Date(1700637481000)/",28950,1000,15266700,443266000000,-350,false,-1.19
"STB",141727,"/Date(1700637481000)/",28950,1000,15265700,443237000000,-350,false,-1.19
"STB",141724,"/Date(1700637480000)/",28950,500,15264700,443208000000,-350,false,-1.19
"STB",141724,"/Date(1700637480000)/",28950,1000,15264200,443194000000,-350,false,-1.19
"STB",141721,"/Date(1700637476000)/",28950,10000,15263200,443165000000,-350,false,-1.19
"STB",141711,"/Date(1700637467000)/",28950,13400,15253200,442876000000,-350,false,-1.19
"STB",141708,"/Date(1700637464000)/",28950,400,15239800,442488000000,-350,false,-1.19
"STB",141708,"/Date(1700637464000)/",28950,1000,15239400,442476000000,-350,false,-1.19
"STB",141708,"/Date(1700637464000)/",28950,600,15238400,442447000000,-350,false,-1.19
"STB",141708,"/Date(1700637464000)/",28950,1000,15237800,442430000000,-350,false,-1.19
"STB",141708,"/Date(1700637464000)/",28950,100,15236800,442401000000,-350,false,-1.19
"STB",141708,"/Date(1700637464000)/",28950,500,15236700,442398000000,-350,false,-1.19
"STB",141708,"/Date(1700637464000)/",28950,500,15236200,442383000000,-350,false,-1.19
"STB",141708,"/Date(1700637464000)/",28950,100,15235700,442369000000,-350,false,-1.19
"STB",141708,"/Date(1700637464000)/",28950,5000,15235600,442366000000,-350,false,-1.19
"STB",141708,"/Date(1700637464000)/",28950,50000,15230600,442221000000,-350,false,-1.19
"STB",141708,"/Date(1700637464000)/",28950,2000,15180600,440774000000,-350,false,-1.19
"STB",141708,"/Date(1700637464000)/",28950,2700,15178600,440716000000,-350,false,-1.19
"STB",141652,"/Date(1700637447000)/",28950,1000,15175900,440638000000,-350,false,-1.19
"STB",141652,"/Date(1700637447000)/",28950,4000,15174900,440609000000,-350,false,-1.19
"STB",141652,"/Date(1700637447000)/",28950,12300,15170900,440493000000,-350,false,-1.19
"STB",141652,"/Date(1700637446000)/",28950,100,15158600,440137000000,-350,false,-1.19
"STB",141652,"/Date(1700637445000)/",28950,1000,15158500,440134000000,-350,false,-1.19
"STB",141652,"/Date(1700637445000)/",28950,11600,15157500,440105000000,-350,false,-1.19
"STB",141648,"/Date(1700637444000)/",28950,1000,15145900,439769000000,-350,false,-1.19
"STB",141648,"/Date(1700637444000)/",28950,5000,15144900,439740000000,-350,false,-1.19
"STB",141645,"/Date(1700637441000)/",28950,1000,15139900,439595000000,-350,false,-1.19
"STB",141642,"/Date(1700637437000)/",28950,500,15138900,439567000000,-350,false,-1.19
"STB",141642,"/Date(1700637437000)/",28950,500,15138400,439552000000,-350,false,-1.19
"STB",141642,"/Date(1700637437000)/",28950,4000,15137900,439538000000,-350,false,-1.19
"STB",141642,"/Date(1700637436000)/",28950,100,15133900,439422000000,-350,false,-1.19
"STB",141642,"/Date(1700637436000)/",28950,10000,15133800,439419000000,-350,false,-1.19
"STB",141639,"/Date(1700637434000)/",28950,400,15123800,439129000000,-350,false,-1.19
"STB",141639,"/Date(1700637434000)/",28950,300,15123400,439118000000,-350,false,-1.19
"STB",141639,"/Date(1700637434000)/",28950,1000,15123100,439109000000,-350,false,-1.19
"STB",141639,"/Date(1700637434000)/",28950,10000,15122100,439080000000,-350,false,-1.19
"STB",141636,"/Date(1700637429000)/",28950,100,15112100,438791000000,-350,false,-1.19
"STB",141632,"/Date(1700637427000)/",28900,200,15112000,438788000000,-400,true,-1.37
"STB",141632,"/Date(1700637426000)/",28950,500,15111800,438782000000,-350,false,-1.19
"STB",141629,"/Date(1700637426000)/",28950,100,15111300,438768000000,-350,false,-1.19
"STB",141629,"/Date(1700637422000)/",28950,500,15111200,438765000000,-350,false,-1.19
"STB",141629,"/Date(1700637422000)/",28950,2500,15110700,438750000000,-350,false,-1.19
"STB",141623,"/Date(1700637417000)/",28950,1000,15108200,438678000000,-350,false,-1.19
"STB",141620,"/Date(1700637415000)/",28950,1000,15107200,438649000000,-350,false,-1.19
"STB",141620,"/Date(1700637415000)/",28950,1000,15106200,438620000000,-350,false,-1.19
"STB",141616,"/Date(1700637413000)/",28950,4500,15105200,438591000000,-350,false,-1.19
"STB",141616,"/Date(1700637413000)/",28950,5500,15100700,438461000000,-350,false,-1.19
"STB",141616,"/Date(1700637412000)/",28950,500,15095200,438301000000,-350,false,-1.19
"STB",141616,"/Date(1700637411000)/",28950,600,15094700,438287000000,-350,false,-1.19
"STB",141616,"/Date(1700637411000)/",28950,1700,15094100,438270000000,-350,false,-1.19
"STB",141616,"/Date(1700637410000)/",28950,3500,15092400,438220000000,-350,false,-1.19
"STB",141616,"/Date(1700637410000)/",28950,10000,15088900,438119000000,-350,false,-1.19
"STB",141613,"/Date(1700637409000)/",28950,5000,15078900,437830000000,-350,false,-1.19
"STB",141613,"/Date(1700637407000)/",28950,5000,15073900,437685000000,-350,false,-1.19
"STB",141610,"/Date(1700637406000)/",28950,1000,15068900,437540000000,-350,false,-1.19
"STB",141610,"/Date(1700637405000)/",28950,500,15067900,437511000000,-350,false,-1.19
"STB",141607,"/Date(1700637403000)/",28950,2800,15067400,437497000000,-350,false,-1.19
"STB",141604,"/Date(1700637398000)/",28950,1000,15064600,437416000000,-350,false,-1.19
"STB",141604,"/Date(1700637397000)/",28950,1300,15063600,437387000000,-350,false,-1.19
"STB",141557,"/Date(1700637391000)/",28950,500,15062300,437349000000,-350,false,-1.19
"STB",141554,"/Date(1700637388000)/",28950,2000,15061800,437334000000,-350,false,-1.19
"STB",141551,"/Date(1700637384000)/",28950,100,15059800,437277000000,-350,false,-1.19
"STB",141548,"/Date(1700637383000)/",28950,3000,15059700,437274000000,-350,false,-1.19
"STB",141548,"/Date(1700637381000)/",28950,200,15056700,437187000000,-350,false,-1.19
"STB",141545,"/Date(1700637380000)/",28950,1000,15056500,437181000000,-350,false,-1.19
"STB",141541,"/Date(1700637377000)/",28950,300,15055500,437152000000,-350,false,-1.19
"STB",141529,"/Date(1700637363000)/",28900,10000,15055200,437143000000,-400,true,-1.37
"STB",141519,"/Date(1700637354000)/",28900,4000,15045200,436854000000,-400,true,-1.37
"STB",141519,"/Date(1700637354000)/",28900,400,15041200,436739000000,-400,true,-1.37
"STB",141519,"/Date(1700637354000)/",28900,24500,15040800,436727000000,-400,true,-1.37
"STB",141519,"/Date(1700637354000)/",28900,2000,15016300,436019000000,-400,true,-1.37
"STB",141519,"/Date(1700637352000)/",28850,1200,15014300,435961000000,-450,true,-1.54
"STB",141516,"/Date(1700637352000)/",28900,20000,15013100,435927000000,-400,false,-1.37
"STB",141516,"/Date(1700637351000)/",28900,300,14993100,435349000000,-400,false,-1.37
"STB",141516,"/Date(1700637349000)/",28900,200,14992800,435340000000,-400,false,-1.37
"STB",141512,"/Date(1700637348000)/",28900,6200,14992600,435334000000,-400,false,-1.37
"STB",141512,"/Date(1700637348000)/",28900,1500,14986400,435155000000,-400,false,-1.37
"STB",141512,"/Date(1700637347000)/",28900,1600,14984900,435112000000,-400,false,-1.37
"STB",141509,"/Date(1700637345000)/",28900,100,14983300,435066000000,-400,false,-1.37
"STB",141509,"/Date(1700637342000)/",28900,3800,14983200,435063000000,-400,false,-1.37
"STB",141506,"/Date(1700637340000)/",28900,10000,14979400,434953000000,-400,false,-1.37
"STB",141503,"/Date(1700637338000)/",28900,1000,14969400,434664000000,-400,false,-1.37
"STB",141503,"/Date(1700637337000)/",28900,100,14968400,434635000000,-400,false,-1.37
"STB",141500,"/Date(1700637334000)/",28900,300,14968300,434632000000,-400,false,-1.37
"STB",141500,"/Date(1700637334000)/",28900,600,14968000,434623000000,-400,false,-1.37
"STB",141500,"/Date(1700637333000)/",28900,5000,14967400,434606000000,-400,false,-1.37
"STB",141457,"/Date(1700637332000)/",28900,3000,14962400,434462000000,-400,false,-1.37
"STB",141453,"/Date(1700637328000)/",28900,7500,14959400,434375000000,-400,false,-1.37
"STB",141453,"/Date(1700637327000)/",28900,500,14951900,434158000000,-400,false,-1.37
"STB",141453,"/Date(1700637327000)/",28900,3000,14951400,434144000000,-400,false,-1.37
"STB",141450,"/Date(1700637325000)/",28900,6200,14948400,434057000000,-400,false,-1.37
"STB",141447,"/Date(1700637320000)/",28900,1000,14942200,433878000000,-400,false,-1.37
"STB",141444,"/Date(1700637320000)/",28900,100,14941200,433849000000,-400,false,-1.37
"STB",141441,"/Date(1700637316000)/",28900,200,14941100,433846000000,-400,false,-1.37
"STB",141441,"/Date(1700637315000)/",28900,6200,14940900,433840000000,-400,false,-1.37
"STB",141441,"/Date(1700637314000)/",28900,500,14934700,433661000000,-400,false,-1.37
"STB",141437,"/Date(1700637313000)/",28900,2000,14934200,433647000000,-400,false,-1.37
"STB",141437,"/Date(1700637313000)/",28900,5000,14932200,433589000000,-400,false,-1.37
"STB",141437,"/Date(1700637312000)/",28900,500,14927200,433444000000,-400,false,-1.37
"STB",141437,"/Date(1700637311000)/",28900,6200,14926700,433430000000,-400,false,-1.37
"STB",141434,"/Date(1700637310000)/",28900,200,14920500,433251000000,-400,false,-1.37
"STB",141434,"/Date(1700637308000)/",28850,3000,14920300,433245000000,-450,true,-1.54
"STB",141431,"/Date(1700637306000)/",28900,1000,14917300,433158000000,-400,false,-1.37
"STB",141425,"/Date(1700637299000)/",28900,100,14916300,433129000000,-400,false,-1.37
"STB",141425,"/Date(1700637299000)/",28900,500,14916200,433127000000,-400,false,-1.37
"STB",141425,"/Date(1700637298000)/",28900,28600,14915700,433112000000,-400,false,-1.37
"STB",141421,"/Date(1700637296000)/",28900,100,14887100,432286000000,-400,false,-1.37
"STB",141418,"/Date(1700637293000)/",28900,100,14887000,432283000000,-400,false,-1.37
"STB",141412,"/Date(1700637286000)/",28900,2000,14886900,432280000000,-400,false,-1.37
"STB",141409,"/Date(1700637282000)/",28900,1200,14884900,432222000000,-400,false,-1.37
"STB",141409,"/Date(1700637282000)/",28900,1000,14883700,432187000000,-400,false,-1.37
"STB",141405,"/Date(1700637280000)/",28900,1000,14882700,432158000000,-400,false,-1.37
"STB",141402,"/Date(1700637278000)/",28900,1500,14881700,432129000000,-400,true,-1.37
"STB",141402,"/Date(1700637278000)/",28900,1000,14880200,432086000000,-400,true,-1.37
"STB",141402,"/Date(1700637278000)/",28900,1000,14879200,432057000000,-400,true,-1.37
"STB",141402,"/Date(1700637278000)/",28900,1000,14878200,432028000000,-400,true,-1.37
"STB",141402,"/Date(1700637278000)/",28900,1000,14877200,431999000000,-400,true,-1.37
"STB",141402,"/Date(1700637278000)/",28900,400,14876200,431971000000,-400,true,-1.37
"STB",141402,"/Date(1700637278000)/",28900,500,14875800,431959000000,-400,true,-1.37
"STB",141402,"/Date(1700637278000)/",28900,3000,14875300,431945000000,-400,true,-1.37
"STB",141402,"/Date(1700637278000)/",28900,500,14872300,431858000000,-400,true,-1.37
"STB",141402,"/Date(1700637278000)/",28900,1400,14871800,431843000000,-400,true,-1.37
"STB",141402,"/Date(1700637278000)/",28900,1000,14870400,431803000000,-400,true,-1.37
"STB",141402,"/Date(1700637278000)/",28900,5000,14869400,431774000000,-400,true,-1.37
"STB",141402,"/Date(1700637278000)/",28900,300,14864400,431630000000,-400,true,-1.37
"STB",141402,"/Date(1700637278000)/",28900,500,14864100,431621000000,-400,true,-1.37
"STB",141402,"/Date(1700637278000)/",28900,100,14863600,431606000000,-400,true,-1.37
"STB",141402,"/Date(1700637278000)/",28900,200,14863500,431603000000,-400,true,-1.37
"STB",141402,"/Date(1700637278000)/",28900,300,14863300,431598000000,-400,true,-1.37
"STB",141402,"/Date(1700637278000)/",28900,2000,14863000,431589000000,-400,true,-1.37
"STB",141402,"/Date(1700637278000)/",28900,200,14861000,431531000000,-400,true,-1.37
"STB",141402,"/Date(1700637278000)/",28900,200,14860800,431525000000,-400,true,-1.37
"STB",141402,"/Date(1700637278000)/",28900,100,14860600,431520000000,-400,true,-1.37
"STB",141402,"/Date(1700637278000)/",28900,100,14860500,431517000000,-400,true,-1.37
"STB",141402,"/Date(1700637278000)/",28900,100,14860400,431514000000,-400,true,-1.37
"STB",141402,"/Date(1700637278000)/",28900,100,14860300,431511000000,-400,true,-1.37
"STB",141402,"/Date(1700637278000)/",28900,100,14860200,431508000000,-400,true,-1.37
"STB",141402,"/Date(1700637278000)/",28900,2000,14860100,431505000000,-400,true,-1.37
"STB",141402,"/Date(1700637278000)/",28900,20000,14858100,431447000000,-400,true,-1.37
"STB",141402,"/Date(1700637278000)/",28900,1000,14838100,430869000000,-400,true,-1.37
"STB",141402,"/Date(1700637278000)/",28900,500,14837100,430841000000,-400,true,-1.37
"STB",141359,"/Date(1700637274000)/",28900,1000,14836600,430826000000,-400,true,-1.37
"STB",141353,"/Date(1700637267000)/",28950,10000,14835600,430797000000,-350,false,-1.19
"STB",141353,"/Date(1700637267000)/",28900,1500,14825600,430508000000,-400,true,-1.37
"STB",141353,"/Date(1700637267000)/",28900,1000,14824100,430464000000,-400,true,-1.37
"STB",141353,"/Date(1700637267000)/",28900,100,14823100,430435000000,-400,true,-1.37
"STB",141353,"/Date(1700637267000)/",28900,15000,14823000,430433000000,-400,true,-1.37
"STB",141353,"/Date(1700637267000)/",28900,200,14808000,429999000000,-400,true,-1.37
"STB",141353,"/Date(1700637267000)/",28900,500,14807800,429993000000,-400,true,-1.37
"STB",141353,"/Date(1700637267000)/",28900,1700,14807300,429979000000,-400,true,-1.37
"STB",141349,"/Date(1700637264000)/",28950,200,14805600,429930000000,-350,false,-1.19
"STB",141346,"/Date(1700637262000)/",28950,8100,14805400,429924000000,-350,false,-1.19
"STB",141346,"/Date(1700637261000)/",28950,300,14797300,429689000000,-350,false,-1.19
"STB",141327,"/Date(1700637240000)/",28950,900,14797000,429681000000,-350,false,-1.19
"STB",141327,"/Date(1700637240000)/",28950,100,14796100,429655000000,-350,false,-1.19
"STB",141324,"/Date(1700637240000)/",28900,300,14796000,429652000000,-400,true,-1.37
"STB",141324,"/Date(1700637240000)/",28900,1000,14795700,429643000000,-400,true,-1.37
"STB",141324,"/Date(1700637240000)/",28900,100,14794700,429614000000,-400,true,-1.37
"STB",141324,"/Date(1700637240000)/",28900,500,14794600,429611000000,-400,true,-1.37
"STB",141324,"/Date(1700637240000)/",28900,100,14794100,429597000000,-400,true,-1.37
"STB",141314,"/Date(1700637227000)/",28900,100,14794000,429594000000,-400,true,-1.37
"STB",141311,"/Date(1700637225000)/",28900,100,14793900,429591000000,-400,true,-1.37
"STB",141305,"/Date(1700637219000)/",28900,1800,14793800,429588000000,-400,true,-1.37
"STB",141305,"/Date(1700637219000)/",28900,200,14792000,429536000000,-400,true,-1.37
"STB",141302,"/Date(1700637214000)/",28900,400,14791800,429530000000,-400,true,-1.37
"STB",141302,"/Date(1700637214000)/",28900,100,14791400,429519000000,-400,true,-1.37
"STB",141302,"/Date(1700637214000)/",28900,2500,14791300,429516000000,-400,true,-1.37
"STB",141258,"/Date(1700637214000)/",28900,200,14788800,429444000000,-400,true,-1.37
"STB",141252,"/Date(1700637205000)/",28900,1300,14788600,429438000000,-400,true,-1.37
"STB",141252,"/Date(1700637205000)/",28900,200,14787300,429400000000,-400,true,-1.37
"STB",141252,"/Date(1700637205000)/",28900,500,14787100,429395000000,-400,true,-1.37
"STB",141242,"/Date(1700637196000)/",28900,1000,14786600,429380000000,-400,true,-1.37
"STB",141242,"/Date(1700637196000)/",28900,500,14785600,429351000000,-400,true,-1.37
"STB",141242,"/Date(1700637196000)/",28900,5000,14785100,429337000000,-400,true,-1.37
"STB",141242,"/Date(1700637196000)/",28900,2000,14780100,429192000000,-400,true,-1.37
"STB",141242,"/Date(1700637196000)/",28900,2700,14778100,429134000000,-400,true,-1.37
"STB",141236,"/Date(1700637189000)/",28900,200,14775400,429056000000,-400,true,-1.37
"STB",141236,"/Date(1700637189000)/",28900,500,14775200,429051000000,-400,true,-1.37
"STB",141236,"/Date(1700637189000)/",28900,2000,14774700,429036000000,-400,true,-1.37
"STB",141236,"/Date(1700637189000)/",28900,500,14772700,428978000000,-400,true,-1.37
"STB",141236,"/Date(1700637189000)/",28900,4100,14772200,428964000000,-400,true,-1.37
"STB",141236,"/Date(1700637189000)/",28900,6200,14768100,428845000000,-400,true,-1.37
"STB",141236,"/Date(1700637189000)/",28900,1000,14761900,428666000000,-400,true,-1.37
"STB",141236,"/Date(1700637189000)/",28900,1000,14760900,428637000000,-400,true,-1.37
"STB",141236,"/Date(1700637189000)/",28900,3000,14759900,428608000000,-400,true,-1.37
"STB",141236,"/Date(1700637189000)/",28900,8800,14756900,428522000000,-400,true,-1.37
"STB",141236,"/Date(1700637189000)/",28850,1000,14748100,428267000000,-450,true,-1.54
"STB",141233,"/Date(1700637189000)/",28900,1000,14747100,428239000000,-400,false,-1.37
"STB",141233,"/Date(1700637187000)/",28900,200,14746100,428210000000,-400,false,-1.37
"STB",141233,"/Date(1700637187000)/",28900,800,14745900,428204000000,-400,false,-1.37
"STB",141233,"/Date(1700637187000)/",28900,100,14745100,428181000000,-400,false,-1.37
"STB",141233,"/Date(1700637187000)/",28900,800,14745000,428178000000,-400,false,-1.37
"STB",141230,"/Date(1700637185000)/",28900,300,14744200,428155000000,-400,false,-1.37
"STB",141230,"/Date(1700637185000)/",28900,3500,14743900,428146000000,-400,false,-1.37
"STB",141230,"/Date(1700637185000)/",28900,1000,14740400,428045000000,-400,false,-1.37
"STB",141230,"/Date(1700637185000)/",28900,5200,14739400,428016000000,-400,false,-1.37
"STB",141230,"/Date(1700637185000)/",28900,5000,14734200,427866000000,-400,false,-1.37
"STB",141230,"/Date(1700637184000)/",28900,2000,14729200,427721000000,-400,false,-1.37
"STB",141226,"/Date(1700637180000)/",28900,100,14727200,427663000000,-400,false,-1.37
"STB",141223,"/Date(1700637178000)/",28900,8000,14727100,427661000000,-400,false,-1.37
"STB",141220,"/Date(1700637175000)/",28900,100,14719100,427429000000,-400,false,-1.37
"STB",141220,"/Date(1700637175000)/",28900,300,14719000,427427000000,-400,false,-1.37
"STB",141217,"/Date(1700637172000)/",28900,5000,14718700,427418000000,-400,false,-1.37
"STB",141210,"/Date(1700637165000)/",28900,2300,14713700,427273000000,-400,false,-1.37
"STB",141210,"/Date(1700637165000)/",28900,500,14711400,427207000000,-400,false,-1.37
"STB",141210,"/Date(1700637165000)/",28900,2200,14710900,427192000000,-400,false,-1.37
"STB",141207,"/Date(1700637162000)/",28900,100,14708700,427129000000,-400,false,-1.37
"STB",141201,"/Date(1700637156000)/",28850,200,14708600,427126000000,-450,true,-1.54
"STB",141201,"/Date(1700637156000)/",28900,100,14708400,427120000000,-400,false,-1.37
"STB",141201,"/Date(1700637154000)/",28900,500,14708300,427117000000,-400,false,-1.37
"STB",141158,"/Date(1700637151000)/",28900,5000,14707800,427103000000,-400,false,-1.37
"STB",141155,"/Date(1700637149000)/",28850,1200,14702800,426958000000,-450,true,-1.54
"STB",141155,"/Date(1700637148000)/",28900,100,14701600,426924000000,-400,false,-1.37
"STB",141155,"/Date(1700637148000)/",28900,500,14701500,426921000000,-400,false,-1.37
"STB",141151,"/Date(1700637145000)/",28900,300,14701000,426906000000,-400,false,-1.37
"STB",141142,"/Date(1700637137000)/",28900,1900,14700700,426898000000,-400,false,-1.37
"STB",141139,"/Date(1700637133000)/",28900,500,14698800,426843000000,-400,false,-1.37
"STB",141139,"/Date(1700637132000)/",28850,1000,14698300,426828000000,-450,true,-1.54
"STB",141132,"/Date(1700637128000)/",28900,1000,14697300,426800000000,-400,false,-1.37
"STB",141132,"/Date(1700637127000)/",28900,4700,14696300,426771000000,-400,false,-1.37
"STB",141119,"/Date(1700637115000)/",28900,200,14691600,426635000000,-400,false,-1.37
"STB",141103,"/Date(1700637097000)/",28850,300,14691400,426629000000,-450,true,-1.54
"STB",141057,"/Date(1700637092000)/",28900,2000,14691100,426620000000,-400,false,-1.37
"STB",141044,"/Date(1700637078000)/",28900,5000,14689100,426563000000,-400,false,-1.37
"STB",141044,"/Date(1700637077000)/",28900,500,14684100,426418000000,-400,false,-1.37
"STB",141038,"/Date(1700637073000)/",28850,100,14683600,426404000000,-450,true,-1.54
"STB",141038,"/Date(1700637073000)/",28850,1000,14683500,426401000000,-450,true,-1.54
"STB",141038,"/Date(1700637073000)/",28850,100,14682500,426372000000,-450,true,-1.54
"STB",141038,"/Date(1700637073000)/",28850,2800,14682400,426369000000,-450,true,-1.54
"STB",141038,"/Date(1700637072000)/",28850,300,14679600,426288000000,-450,true,-1.54
"STB",141035,"/Date(1700637070000)/",28850,500,14679300,426280000000,-450,true,-1.54
"STB",141035,"/Date(1700637070000)/",28900,100,14678800,426265000000,-400,false,-1.37
"STB",141032,"/Date(1700637065000)/",28900,100,14678700,426262000000,-400,false,-1.37
"STB",141022,"/Date(1700637055000)/",28900,19000,14678600,426259000000,-400,false,-1.37
"STB",141019,"/Date(1700637053000)/",28850,3000,14659600,425710000000,-450,true,-1.54
"STB",141000,"/Date(1700637032000)/",28850,700,14656600,425624000000,-450,true,-1.54
"STB",140956,"/Date(1700637032000)/",28850,2700,14655900,425603000000,-450,true,-1.54
"STB",140956,"/Date(1700637032000)/",28850,9100,14653200,425526000000,-450,true,-1.54
"STB",140956,"/Date(1700637032000)/",28850,200,14644100,425263000000,-450,true,-1.54
"STB",140953,"/Date(1700637026000)/",28900,1000,14643900,425257000000,-400,false,-1.37
"STB",140950,"/Date(1700637024000)/",28900,200,14642900,425228000000,-400,false,-1.37
"STB",140944,"/Date(1700637019000)/",28850,200,14642700,425223000000,-450,false,-1.54
"STB",140944,"/Date(1700637016000)/",28850,200,14642500,425217000000,-450,false,-1.54
"STB",140944,"/Date(1700637016000)/",28850,400,14642300,425211000000,-450,false,-1.54
"STB",140940,"/Date(1700637014000)/",28850,100,14641900,425200000000,-450,false,-1.54
"STB",140937,"/Date(1700637011000)/",28850,300,14641800,425197000000,-450,false,-1.54
"STB",140934,"/Date(1700637009000)/",28850,300,14641500,425188000000,-450,false,-1.54
"STB",140934,"/Date(1700637009000)/",28850,6200,14641200,425179000000,-450,false,-1.54
"STB",140928,"/Date(1700637002000)/",28850,100,14635000,425000000000,-450,false,-1.54
"STB",140924,"/Date(1700637000000)/",28850,200,14634900,424998000000,-450,false,-1.54
"STB",140924,"/Date(1700636999000)/",28850,1000,14634700,424992000000,-450,false,-1.54
"STB",140924,"/Date(1700636998000)/",28850,200,14633700,424963000000,-450,false,-1.54
"STB",140921,"/Date(1700636996000)/",28850,200,14633500,424957000000,-450,false,-1.54
"STB",140918,"/Date(1700636992000)/",28850,100,14633300,424951000000,-450,false,-1.54
"STB",140918,"/Date(1700636991000)/",28850,400,14633200,424949000000,-450,false,-1.54
"STB",140915,"/Date(1700636988000)/",28850,5000,14632800,424937000000,-450,false,-1.54
"STB",140908,"/Date(1700636984000)/",28850,100,14627800,424793000000,-450,false,-1.54
"STB",140908,"/Date(1700636982000)/",28850,200,14627700,424790000000,-450,false,-1.54
"STB",140908,"/Date(1700636981000)/",28850,100,14627500,424784000000,-450,false,-1.54
"STB",140902,"/Date(1700636977000)/",28850,1000,14627400,424781000000,-450,true,-1.54
"STB",140902,"/Date(1700636977000)/",28850,1000,14626400,424752000000,-450,true,-1.54
"STB",140902,"/Date(1700636977000)/",28850,100,14625400,424723000000,-450,true,-1.54
"STB",140902,"/Date(1700636977000)/",28850,2000,14625300,424721000000,-450,true,-1.54
"STB",140902,"/Date(1700636977000)/",28850,500,14623300,424663000000,-450,true,-1.54
"STB",140902,"/Date(1700636977000)/",28850,2100,14622800,424648000000,-450,true,-1.54
"STB",140852,"/Date(1700636967000)/",28850,2900,14620700,424588000000,-450,true,-1.54
"STB",140852,"/Date(1700636966000)/",28850,1000,14617800,424504000000,-450,true,-1.54
"STB",140852,"/Date(1700636966000)/",28850,10000,14616800,424475000000,-450,true,-1.54
"STB",140852,"/Date(1700636966000)/",28850,3000,14606800,424187000000,-450,true,-1.54
"STB",140852,"/Date(1700636966000)/",28850,10000,14603800,424100000000,-450,true,-1.54
"STB",140852,"/Date(1700636966000)/",28850,9100,14593800,423812000000,-450,true,-1.54
"STB",140852,"/Date(1700636966000)/",28850,900,14584700,423549000000,-450,true,-1.54
"STB",140852,"/Date(1700636966000)/",28850,100,14583800,423523000000,-450,true,-1.54
"STB",140846,"/Date(1700636959000)/",28850,5000,14583700,423520000000,-450,false,-1.54
"STB",140846,"/Date(1700636958000)/",28850,500,14578700,423376000000,-450,false,-1.54
"STB",140843,"/Date(1700636958000)/",28850,500,14578200,423362000000,-450,false,-1.54
"STB",140843,"/Date(1700636958000)/",28850,2000,14577700,423347000000,-450,false,-1.54
"STB",140843,"/Date(1700636956000)/",28850,100,14575700,423290000000,-450,false,-1.54
"STB",140840,"/Date(1700636953000)/",28850,500,14575600,423287000000,-450,false,-1.54
"STB",140840,"/Date(1700636952000)/",28850,1800,14575100,423272000000,-450,false,-1.54
"STB",140840,"/Date(1700636952000)/",28850,200,14573300,423220000000,-450,false,-1.54
"STB",140837,"/Date(1700636951000)/",28850,2000,14573100,423215000000,-450,false,-1.54
"STB",140833,"/Date(1700636948000)/",28850,500,14571100,423157000000,-450,false,-1.54
"STB",140833,"/Date(1700636948000)/",28850,500,14570600,423143000000,-450,false,-1.54
"STB",140833,"/Date(1700636948000)/",28850,800,14570100,423128000000,-450,false,-1.54
"STB",140833,"/Date(1700636948000)/",28850,1000,14569300,423105000000,-450,false,-1.54
"STB",140833,"/Date(1700636948000)/",28850,4400,14568300,423076000000,-450,false,-1.54
"STB",140830,"/Date(1700636946000)/",28800,1700,14563900,422949000000,-500,true,-1.71
"STB",140830,"/Date(1700636946000)/",28800,100,14562200,422900000000,-500,true,-1.71
"STB",140827,"/Date(1700636942000)/",28850,600,14562100,422897000000,-450,false,-1.54
"STB",140827,"/Date(1700636942000)/",28850,400,14561500,422880000000,-450,false,-1.54
"STB",140824,"/Date(1700636939000)/",28850,2000,14561100,422869000000,-450,false,-1.54
"STB",140817,"/Date(1700636933000)/",28800,500,14559100,422811000000,-500,false,-1.71
"STB",140817,"/Date(1700636932000)/",28800,500,14558600,422796000000,-500,false,-1.71
"STB",140817,"/Date(1700636932000)/",28800,100,14558100,422782000000,-500,false,-1.71
"STB",140817,"/Date(1700636931000)/",28800,100,14558000,422779000000,-500,false,-1.71
"STB",140817,"/Date(1700636931000)/",28800,100,14557900,422776000000,-500,false,-1.71
"STB",140817,"/Date(1700636931000)/",28800,100,14557800,422773000000,-500,false,-1.71
"STB",140817,"/Date(1700636931000)/",28800,2000,14557700,422771000000,-500,false,-1.71
"STB",140817,"/Date(1700636931000)/",28800,15300,14555700,422713000000,-500,false,-1.71
"STB",140817,"/Date(1700636931000)/",28800,4700,14540400,422272000000,-500,false,-1.71
"STB",140817,"/Date(1700636930000)/",28800,300,14535700,422137000000,-500,false,-1.71
"STB",140817,"/Date(1700636930000)/",28800,1700,14535400,422128000000,-500,false,-1.71
"STB",140814,"/Date(1700636929000)/",28800,2000,14533700,422079000000,-500,false,-1.71
"STB",140814,"/Date(1700636929000)/",28800,4300,14531700,422022000000,-500,false,-1.71
"STB",140814,"/Date(1700636929000)/",28800,1000,14527400,421898000000,-500,false,-1.71
"STB",140814,"/Date(1700636928000)/",28800,200,14526400,421869000000,-500,false,-1.71
"STB",140814,"/Date(1700636928000)/",28800,300,14526200,421863000000,-500,false,-1.71
"STB",140814,"/Date(1700636928000)/",28800,9300,14525900,421855000000,-500,false,-1.71
"STB",140811,"/Date(1700636926000)/",28800,20000,14516600,421587000000,-500,false,-1.71
"STB",140811,"/Date(1700636926000)/",28800,10000,14496600,421011000000,-500,false,-1.71
"STB",140811,"/Date(1700636925000)/",28800,500,14486600,420723000000,-500,false,-1.71
"STB",140811,"/Date(1700636925000)/",28800,8000,14486100,420708000000,-500,false,-1.71
"STB",140811,"/Date(1700636925000)/",28800,4000,14478100,420478000000,-500,false,-1.71
"STB",140811,"/Date(1700636925000)/",28800,100,14474100,420363000000,-500,false,-1.71
"STB",140811,"/Date(1700636923000)/",28800,200,14474000,420360000000,-500,false,-1.71
"STB",140808,"/Date(1700636923000)/",28800,500,14473800,420354000000,-500,false,-1.71
"STB",140808,"/Date(1700636922000)/",28800,100,14473300,420340000000,-500,false,-1.71
"STB",140808,"/Date(1700636922000)/",28800,2000,14473200,420337000000,-500,false,-1.71
"STB",140808,"/Date(1700636921000)/",28800,2000,14471200,420279000000,-500,false,-1.71
"STB",140805,"/Date(1700636919000)/",28800,5000,14469200,420222000000,-500,false,-1.71
"STB",140801,"/Date(1700636917000)/",28800,900,14464200,420078000000,-500,false,-1.71
"STB",140801,"/Date(1700636916000)/",28800,10000,14463300,420052000000,-500,false,-1.71
"STB",140801,"/Date(1700636915000)/",28800,100,14453300,419764000000,-500,false,-1.71
"STB",140801,"/Date(1700636915000)/",28800,20000,14453200,419761000000,-500,false,-1.71
"STB",140758,"/Date(1700636912000)/",28800,4000,14433200,419185000000,-500,false,-1.71
"STB",140758,"/Date(1700636911000)/",28750,1900,14429200,419070000000,-550,true,-1.88
"STB",140758,"/Date(1700636911000)/",28750,2000,14427300,419015000000,-550,true,-1.88
"STB",140758,"/Date(1700636911000)/",28750,1100,14425300,418958000000,-550,true,-1.88
"STB",140758,"/Date(1700636911000)/",28750,3900,14424200,418926000000,-550,true,-1.88
"STB",140758,"/Date(1700636911000)/",28750,200,14420300,418814000000,-550,true,-1.88
"STB",140758,"/Date(1700636911000)/",28750,200,14420100,418808000000,-550,true,-1.88
"STB",140758,"/Date(1700636911000)/",28750,1000,14419900,418802000000,-550,true,-1.88
"STB",140758,"/Date(1700636911000)/",28750,300,14418900,418774000000,-550,true,-1.88
"STB",140758,"/Date(1700636911000)/",28750,200,14418600,418765000000,-550,true,-1.88
"STB",140758,"/Date(1700636911000)/",28750,1000,14418400,418759000000,-550,true,-1.88
"STB",140758,"/Date(1700636911000)/",28750,1000,14417400,418730000000,-550,true,-1.88
"STB",140758,"/Date(1700636911000)/",28750,1000,14416400,418702000000,-550,true,-1.88
"STB",140758,"/Date(1700636911000)/",28750,300,14415400,418673000000,-550,true,-1.88
"STB",140758,"/Date(1700636911000)/",28750,200,14415100,418664000000,-550,true,-1.88
"STB",140758,"/Date(1700636911000)/",28750,2000,14414900,418659000000,-550,true,-1.88
"STB",140758,"/Date(1700636911000)/",28750,600,14412900,418601000000,-550,true,-1.88
"STB",140758,"/Date(1700636911000)/",28750,1000,14412300,418584000000,-550,true,-1.88
"STB",140758,"/Date(1700636911000)/",28750,300,14411300,418555000000,-550,true,-1.88
"STB",140758,"/Date(1700636911000)/",28750,1000,14411000,418546000000,-550,true,-1.88
"STB",140758,"/Date(1700636911000)/",28750,1000,14410000,418518000000,-550,true,-1.88
"STB",140758,"/Date(1700636911000)/",28750,1000,14409000,418489000000,-550,true,-1.88
"STB",140758,"/Date(1700636911000)/",28750,3800,14408000,418460000000,-550,true,-1.88
"STB",140755,"/Date(1700636910000)/",28750,6200,14404200,418351000000,-550,true,-1.88
"STB",140755,"/Date(1700636910000)/",28750,1000,14398000,418173000000,-550,true,-1.88
"STB",140755,"/Date(1700636910000)/",28750,200,14397000,418144000000,-550,true,-1.88
"STB",140755,"/Date(1700636910000)/",28750,200,14396800,418138000000,-550,true,-1.88
"STB",140755,"/Date(1700636910000)/",28750,600,14396600,418132000000,-550,true,-1.88
"STB",140755,"/Date(1700636910000)/",28750,1000,14396000,418115000000,-550,true,-1.88
"STB",140755,"/Date(1700636910000)/",28750,200,14395000,418086000000,-550,true,-1.88
"STB",140755,"/Date(1700636910000)/",28750,100,14394800,418081000000,-550,true,-1.88
"STB",140755,"/Date(1700636910000)/",28750,500,14394700,418078000000,-550,true,-1.88
"STB",140755,"/Date(1700636910000)/",28800,2000,14394200,418063000000,-500,false,-1.71
"STB",140755,"/Date(1700636909000)/",28800,200,14392200,418006000000,-500,false,-1.71
"STB",140755,"/Date(1700636909000)/",28800,9300,14392000,418000000000,-500,false,-1.71
"STB",140755,"/Date(1700636909000)/",28800,10000,14382700,417732000000,-500,false,-1.71
"STB",140752,"/Date(1700636906000)/",28800,2000,14372700,417444000000,-500,false,-1.71
"STB",140752,"/Date(1700636906000)/",28800,5000,14370700,417387000000,-500,false,-1.71
"STB",140752,"/Date(1700636905000)/",28800,500,14365700,417243000000,-500,false,-1.71
"STB",140749,"/Date(1700636903000)/",28800,6600,14365200,417228000000,-500,false,-1.71
"STB",140749,"/Date(1700636903000)/",28800,500,14358600,417038000000,-500,false,-1.71
"STB",140749,"/Date(1700636901000)/",28800,300,14358100,417024000000,-500,false,-1.71
"STB",140742,"/Date(1700636896000)/",28800,100,14357800,417015000000,-500,false,-1.71
"STB",140742,"/Date(1700636895000)/",28800,1000,14357700,417012000000,-500,false,-1.71
"STB",140742,"/Date(1700636894000)/",28800,30000,14356700,416983000000,-500,false,-1.71
"STB",140739,"/Date(1700636894000)/",28800,5800,14326700,416119000000,-500,false,-1.71
"STB",140739,"/Date(1700636893000)/",28800,100,14320900,415952000000,-500,false,-1.71
"STB",140739,"/Date(1700636893000)/",28800,2000,14320800,415950000000,-500,false,-1.71
"STB",140739,"/Date(1700636893000)/",28800,500,14318800,415892000000,-500,false,-1.71
"STB",140739,"/Date(1700636893000)/",28800,1000,14318300,415878000000,-500,false,-1.71
"STB",140739,"/Date(1700636893000)/",28800,500,14317300,415849000000,-500,false,-1.71
"STB",140739,"/Date(1700636893000)/",28800,500,14316800,415834000000,-500,false,-1.71
"STB",140739,"/Date(1700636893000)/",28800,1000,14316300,415820000000,-500,false,-1.71
"STB",140739,"/Date(1700636893000)/",28800,3000,14315300,415791000000,-500,false,-1.71
"STB",140739,"/Date(1700636893000)/",28800,10000,14312300,415705000000,-500,false,-1.71
"STB",140739,"/Date(1700636893000)/",28800,1900,14302300,415417000000,-500,false,-1.71
"STB",140739,"/Date(1700636893000)/",28800,8100,14300400,415362000000,-500,false,-1.71
"STB",140739,"/Date(1700636893000)/",28800,1000,14292300,415129000000,-500,false,-1.71
"STB",140739,"/Date(1700636893000)/",28800,100,14291300,415100000000,-500,false,-1.71
"STB",140739,"/Date(1700636893000)/",28800,100,14291200,415097000000,-500,false,-1.71
"STB",140739,"/Date(1700636893000)/",28800,1000,14291100,415094000000,-500,false,-1.71
"STB",140739,"/Date(1700636893000)/",28800,300,14290100,415065000000,-500,false,-1.71
"STB",140739,"/Date(1700636893000)/",28800,100,14289800,415057000000,-500,false,-1.71
"STB",140739,"/Date(1700636893000)/",28800,100,14289700,415054000000,-500,false,-1.71
"STB",140739,"/Date(1700636893000)/",28800,600,14289600,415051000000,-500,false,-1.71
"STB",140739,"/Date(1700636893000)/",28800,200,14289000,415034000000,-500,false,-1.71
"STB",140739,"/Date(1700636893000)/",28800,1000,14288800,415028000000,-500,false,-1.71
"STB",140739,"/Date(1700636893000)/",28800,1400,14287800,414999000000,-500,false,-1.71
"STB",140739,"/Date(1700636893000)/",28800,100,14286400,414959000000,-500,false,-1.71
"STB",140739,"/Date(1700636893000)/",28800,500,14286300,414956000000,-500,false,-1.71
"STB",140739,"/Date(1700636893000)/",28800,500,14285800,414942000000,-500,false,-1.71
"STB",140739,"/Date(1700636893000)/",28800,500,14285300,414927000000,-500,false,-1.71
"STB",140739,"/Date(1700636893000)/",28800,100,14284800,414913000000,-500,false,-1.71
"STB",140739,"/Date(1700636893000)/",28800,10000,14284700,414910000000,-500,false,-1.71
"STB",140739,"/Date(1700636893000)/",28800,500,14274700,414622000000,-500,false,-1.71
"STB",140739,"/Date(1700636893000)/",28800,100,14274200,414607000000,-500,false,-1.71
"STB",140739,"/Date(1700636893000)/",28800,5000,14274100,414605000000,-500,false,-1.71
"STB",140739,"/Date(1700636893000)/",28800,2000,14269100,414461000000,-500,false,-1.71
"STB",140739,"/Date(1700636893000)/",28800,200,14267100,414403000000,-500,false,-1.71
"STB",140739,"/Date(1700636893000)/",28800,600,14266900,414397000000,-500,false,-1.71
"STB",140739,"/Date(1700636893000)/",28800,100000,14266300,414380000000,-500,false,-1.71
"STB",140739,"/Date(1700636893000)/",28800,3000,14166300,411500000000,-500,false,-1.71
"STB",140739,"/Date(1700636893000)/",28800,500,14163300,411414000000,-500,false,-1.71
"STB",140739,"/Date(1700636893000)/",28800,100,14162800,411399000000,-500,false,-1.71
"STB",140739,"/Date(1700636893000)/",28800,1500,14162700,411396000000,-500,false,-1.71
"STB",140739,"/Date(1700636893000)/",28800,500,14161200,411353000000,-500,false,-1.71
"STB",140739,"/Date(1700636893000)/",28800,10000,14160700,411339000000,-500,false,-1.71
"STB",140739,"/Date(1700636893000)/",28800,100,14150700,411051000000,-500,false,-1.71
"STB",140739,"/Date(1700636893000)/",28800,500,14150600,411048000000,-500,false,-1.71
"STB",140739,"/Date(1700636893000)/",28800,200,14150100,411033000000,-500,false,-1.71
"STB",140739,"/Date(1700636893000)/",28800,100,14149900,411028000000,-500,false,-1.71
"STB",140739,"/Date(1700636893000)/",28800,100,14149800,411025000000,-500,false,-1.71
"STB",140739,"/Date(1700636893000)/",28800,1000,14149700,411022000000,-500,false,-1.71
"STB",140739,"/Date(1700636893000)/",28800,2000,14148700,410993000000,-500,false,-1.71
"STB",140739,"/Date(1700636893000)/",28800,1000,14146700,410935000000,-500,false,-1.71
"STB",140739,"/Date(1700636893000)/",28800,1000,14145700,410907000000,-500,false,-1.71
"STB",140739,"/Date(1700636893000)/",28800,500,14144700,410878000000,-500,false,-1.71
"STB",140739,"/Date(1700636893000)/",28800,100,14144200,410863000000,-500,false,-1.71
"STB",140739,"/Date(1700636893000)/",28800,1000,14144100,410861000000,-500,false,-1.71
"STB",140739,"/Date(1700636893000)/",28800,100,14143100,410832000000,-500,false,-1.71
"STB",140739,"/Date(1700636893000)/",28800,5000,14143000,410829000000,-500,false,-1.71
"STB",140739,"/Date(1700636893000)/",28800,100,14138000,410685000000,-500,false,-1.71
"STB",140739,"/Date(1700636893000)/",28800,1000,14137900,410682000000,-500,false,-1.71
"STB",140739,"/Date(1700636893000)/",28800,100,14136900,410653000000,-500,false,-1.71
"STB",140739,"/Date(1700636893000)/",28800,300,14136800,410650000000,-500,false,-1.71
"STB",140739,"/Date(1700636893000)/",28800,1000,14136500,410642000000,-500,false,-1.71
"STB",140739,"/Date(1700636893000)/",28800,300,14135500,410613000000,-500,false,-1.71
"STB",140739,"/Date(1700636893000)/",28800,1000,14135200,410604000000,-500,false,-1.71
"STB",140739,"/Date(1700636893000)/",28800,400,14134200,410575000000,-500,false,-1.71
"STB",140739,"/Date(1700636893000)/",28800,400,14133800,410564000000,-500,false,-1.71
"STB",140739,"/Date(1700636893000)/",28800,300,14133400,410552000000,-500,false,-1.71
"STB",140739,"/Date(1700636893000)/",28800,900,14133100,410544000000,-500,false,-1.71
"STB",140739,"/Date(1700636893000)/",28800,10000,14132200,410518000000,-500,false,-1.71
"STB",140739,"/Date(1700636893000)/",28800,500,14122200,410230000000,-500,false,-1.71
"STB",140739,"/Date(1700636893000)/",28800,100,14121700,410215000000,-500,false,-1.71
"STB",140739,"/Date(1700636893000)/",28800,5000,14121600,410213000000,-500,false,-1.71
"STB",140739,"/Date(1700636893000)/",28800,500,14116600,410069000000,-500,false,-1.71
"STB",140739,"/Date(1700636893000)/",28800,2000,14116100,410054000000,-500,false,-1.71
"STB",140739,"/Date(1700636893000)/",28800,2000,14114100,409997000000,-500,false,-1.71
"STB",140739,"/Date(1700636893000)/",28800,1500,14112100,409939000000,-500,false,-1.71
"STB",140739,"/Date(1700636893000)/",28800,1000,14110600,409896000000,-500,false,-1.71
"STB",140739,"/Date(1700636893000)/",28800,5000,14109600,409867000000,-500,false,-1.71
"STB",140739,"/Date(1700636893000)/",28800,2000,14104600,409723000000,-500,false,-1.71
"STB",140739,"/Date(1700636893000)/",28800,100,14102600,409665000000,-500,false,-1.71
"STB",140739,"/Date(1700636893000)/",28800,100,14102500,409663000000,-500,false,-1.71
"STB",140739,"/Date(1700636893000)/",28800,1000,14102400,409660000000,-500,false,-1.71
