"id","symbol","truncTime","matchType","matchVol","matchPrice","accumulatedVolume","createdAt","updatedAt"
155516614,"DDV","1701849576","b","2500","10100","759200","2023-12-06T07:59:38.459Z","2023-12-06T07:59:38.459Z"
155516562,"DDV","1701849546","b","5000","10100","756700","2023-12-06T07:59:07.464Z","2023-12-06T07:59:07.464Z"
155516512,"DDV","1701849512","b","40000","10100","751700","2023-12-06T07:58:33.464Z","2023-12-06T07:58:33.464Z"
155516511,"DDV","1701849508","b","5000","10100","711700","2023-12-06T07:58:29.463Z","2023-12-06T07:58:29.463Z"
155516482,"DDV","1701849491","b","10000","10100","706700","2023-12-06T07:58:12.466Z","2023-12-06T07:58:12.466Z"
155516471,"DDV","1701849477","b","3000","10100","696700","2023-12-06T07:57:58.467Z","2023-12-06T07:57:58.467Z"
155516298,"DDV","1701849291","b","5000","10100","693700","2023-12-06T07:54:52.485Z","2023-12-06T07:54:52.485Z"
155516279,"DDV","1701849271","b","10000","10100","688700","2023-12-06T07:54:32.490Z","2023-12-06T07:54:32.490Z"
155516262,"DDV","1701849251","b","10000","10100","678700","2023-12-06T07:54:12.491Z","2023-12-06T07:54:12.491Z"
155516110,"DDV","1701849047","b","5000","10100","668700","2023-12-06T07:50:48.522Z","2023-12-06T07:50:48.522Z"
155515945,"DDV","1701848880","b","3000","10100","663700","2023-12-06T07:48:01.531Z","2023-12-06T07:48:01.531Z"
155515873,"DDV","1701848823","b","6000","10100","660700","2023-12-06T07:47:05.531Z","2023-12-06T07:47:05.531Z"
155515078,"DDV","1701848505","b","10000","10100","654700","2023-12-06T07:41:46.518Z","2023-12-06T07:41:46.518Z"
155515040,"DDV","1701848464","b","1000","10100","644700","2023-12-06T07:41:04.523Z","2023-12-06T07:41:04.523Z"
155514888,"DDV","1701848249","s","1000","10000","643700","2023-12-06T07:37:31.506Z","2023-12-06T07:37:31.506Z"
155514670,"DDV","1701847962","s","100","10000","642700","2023-12-06T07:32:43.494Z","2023-12-06T07:32:43.494Z"
155514645,"DDV","1701847931","s","2200","10000","642600","2023-12-06T07:32:13.492Z","2023-12-06T07:32:13.492Z"
155514594,"DDV","1701847884","s","2000","10000","640400","2023-12-06T07:31:26.489Z","2023-12-06T07:31:26.489Z"
155514592,"DDV","1701847882","s","2000","10000","638400","2023-12-06T07:31:24.490Z","2023-12-06T07:31:24.490Z"
155507704,"DDV","1701847697","s","4500","10000","636400","2023-12-06T07:28:19.526Z","2023-12-06T07:28:19.526Z"
155507449,"DDV","1701847693","s","600","10000","631900","2023-12-06T07:28:15.516Z","2023-12-06T07:28:15.516Z"
155503643,"DDV","1701847635","s","1000","10000","631300","2023-12-06T07:27:17.554Z","2023-12-06T07:27:17.554Z"
155496015,"DDV","1701847506","b","1000","10100","630300","2023-12-06T07:25:08.491Z","2023-12-06T07:25:08.491Z"
155491574,"DDV","1701847444","s","300","10000","629300","2023-12-06T07:24:06.480Z","2023-12-06T07:24:06.480Z"
155472824,"DDV","1701847238","s","1000","10000","629000","2023-12-06T07:20:40.505Z","2023-12-06T07:20:40.505Z"
155467342,"DDV","1701847132","s","1000","10000","628000","2023-12-06T07:18:53.458Z","2023-12-06T07:18:53.458Z"
155466946,"DDV","1701847119","s","2000","10000","627000","2023-12-06T07:18:40.466Z","2023-12-06T07:18:40.466Z"
155462540,"DDV","1701847002","s","1000","10000","625000","2023-12-06T07:16:43.451Z","2023-12-06T07:16:43.451Z"
155458649,"DDV","1701846882","s","5000","10000","624000","2023-12-06T07:14:43.445Z","2023-12-06T07:14:43.445Z"
155453529,"DDV","1701846722","b","700","10000","619000","2023-12-06T07:12:03.449Z","2023-12-06T07:12:03.449Z"
155453180,"DDV","1701846710","b","5000","10000","618300","2023-12-06T07:11:51.433Z","2023-12-06T07:11:51.433Z"
155448817,"DDV","1701846587","s","700","10000","613300","2023-12-06T07:09:49.437Z","2023-12-06T07:09:49.437Z"
155446393,"DDV","1701846511","s","10000","10000","612600","2023-12-06T07:08:32.434Z","2023-12-06T07:08:32.434Z"
155445588,"DDV","1701846485","s","3000","10000","602600","2023-12-06T07:08:06.425Z","2023-12-06T07:08:06.425Z"
155445530,"DDV","1701846484","s","500","10000","599600","2023-12-06T07:08:04.430Z","2023-12-06T07:08:04.430Z"
155445180,"DDV","1701846473","s","10000","10000","599100","2023-12-06T07:07:54.425Z","2023-12-06T07:07:54.425Z"
155444911,"DDV","1701846465","s","1000","10000","589100","2023-12-06T07:07:46.423Z","2023-12-06T07:07:46.423Z"
155444606,"DDV","1701846456","s","1000","10000","588100","2023-12-06T07:07:37.428Z","2023-12-06T07:07:37.428Z"
155442442,"DDV","1701846391","s","1700","10000","587100","2023-12-06T07:06:32.432Z","2023-12-06T07:06:32.432Z"
155442229,"DDV","1701846384","b","1300","10000","585400","2023-12-06T07:06:24.432Z","2023-12-06T07:06:24.432Z"
155440977,"DDV","1701846342","b","700","10000","584100","2023-12-06T07:05:43.417Z","2023-12-06T07:05:43.417Z"
155440569,"DDV","1701846329","s","4300","10000","583400","2023-12-06T07:05:29.441Z","2023-12-06T07:05:29.441Z"
155438369,"DDV","1701846261","s","10000","10000","579100","2023-12-06T07:04:22.419Z","2023-12-06T07:04:22.419Z"
155437786,"DDV","1701846244","b","1000","10100","569100","2023-12-06T07:04:05.446Z","2023-12-06T07:04:05.446Z"
155437349,"DDV","1701846230","s","100","10000","568100","2023-12-06T07:03:51.426Z","2023-12-06T07:03:51.426Z"
155435536,"DDV","1701846172","s","1100","10000","568000","2023-12-06T07:02:53.426Z","2023-12-06T07:02:53.426Z"
155429897,"DDV","1701846013","s","100","10000","566900","2023-12-06T07:00:15.437Z","2023-12-06T07:00:15.437Z"
155429587,"DDV","1701846004","b","1000","10100","566800","2023-12-06T07:00:06.443Z","2023-12-06T07:00:06.443Z"
155428822,"DDV","1701845986","b","2000","10100","565800","2023-12-06T06:59:47.471Z","2023-12-06T06:59:47.471Z"
155427028,"DDV","1701845946","s","13800","10000","563800","2023-12-06T06:59:07.464Z","2023-12-06T06:59:07.464Z"
155406990,"DDV","1701845612","s","1000","10000","550000","2023-12-06T06:53:34.435Z","2023-12-06T06:53:34.435Z"
155404980,"DDV","1701845585","s","10000","10000","549000","2023-12-06T06:53:07.420Z","2023-12-06T06:53:07.420Z"
155395098,"DDV","1701845272","s","100","10000","539000","2023-12-06T06:47:54.432Z","2023-12-06T06:47:54.432Z"
155390158,"DDV","1701845149","s","100","10000","538900","2023-12-06T06:45:50.491Z","2023-12-06T06:45:50.491Z"
155388249,"DDV","1701845101","s","20000","10000","538800","2023-12-06T06:45:02.438Z","2023-12-06T06:45:02.438Z"
155386173,"DDV","1701845046","s","6000","10000","518800","2023-12-06T06:44:07.450Z","2023-12-06T06:44:07.450Z"
155384355,"DDV","1701845000","s","2700","10000","512800","2023-12-06T06:43:21.471Z","2023-12-06T06:43:21.471Z"
155382862,"DDV","1701844961","b","100","10000","510100","2023-12-06T06:42:42.496Z","2023-12-06T06:42:42.496Z"
155382643,"DDV","1701844957","s","4000","9900","510000","2023-12-06T06:42:38.510Z","2023-12-06T06:42:38.510Z"
155380157,"DDV","1701844893","b","700","10000","506000","2023-12-06T06:41:34.478Z","2023-12-06T06:41:34.478Z"
155376654,"DDV","1701844797","s","2100","10000","505300","2023-12-06T06:39:58.476Z","2023-12-06T06:39:58.476Z"
155376561,"DDV","1701844794","s","500","10000","503200","2023-12-06T06:39:55.461Z","2023-12-06T06:39:55.461Z"
155375711,"DDV","1701844774","s","500","10000","502700","2023-12-06T06:39:35.494Z","2023-12-06T06:39:35.494Z"
155371147,"DDV","1701844660","s","1000","10000","502200","2023-12-06T06:37:41.482Z","2023-12-06T06:37:41.482Z"
155370225,"DDV","1701844640","s","500","10000","501200","2023-12-06T06:37:21.477Z","2023-12-06T06:37:21.477Z"
155369084,"DDV","1701844616","s","100","10000","500700","2023-12-06T06:36:57.460Z","2023-12-06T06:36:57.460Z"
155368085,"DDV","1701844588","s","500","10000","500600","2023-12-06T06:36:30.456Z","2023-12-06T06:36:30.456Z"
155367598,"DDV","1701844576","s","300","10000","500100","2023-12-06T06:36:17.498Z","2023-12-06T06:36:17.498Z"
155366956,"DDV","1701844558","s","300","10000","499800","2023-12-06T06:35:59.462Z","2023-12-06T06:35:59.462Z"
155363912,"DDV","1701844472","unknown","200","10000","499500","2023-12-06T06:34:33.445Z","2023-12-06T06:34:33.445Z"
155363725,"DDV","1701844463","b","1800","10000","499300","2023-12-06T06:34:24.496Z","2023-12-06T06:34:24.496Z"
155363651,"DDV","1701844462","b","2200","10000","497500","2023-12-06T06:34:23.443Z","2023-12-06T06:34:23.443Z"
155362652,"DDV","1701844429","b","2300","10000","495300","2023-12-06T06:33:50.444Z","2023-12-06T06:33:50.444Z"
155360409,"DDV","1701844337","b","10000","10000","493000","2023-12-06T06:32:18.437Z","2023-12-06T06:32:18.437Z"
155358889,"DDV","1701844276","b","200","10000","483000","2023-12-06T06:31:17.466Z","2023-12-06T06:31:17.466Z"
155358156,"DDV","1701844247","b","200","10000","482800","2023-12-06T06:30:47.445Z","2023-12-06T06:30:47.445Z"
155355002,"DDV","1701844121","b","8000","10000","482600","2023-12-06T06:28:43.449Z","2023-12-06T06:28:43.449Z"
155354785,"DDV","1701844112","s","600","9900","474600","2023-12-06T06:28:34.455Z","2023-12-06T06:28:34.455Z"
155354213,"DDV","1701844090","b","19000","10000","474000","2023-12-06T06:28:11.459Z","2023-12-06T06:28:11.459Z"
155335897,"DDV","1701843506","b","500","10000","455000","2023-12-06T06:18:28.412Z","2023-12-06T06:18:28.412Z"
155335027,"DDV","1701843490","b","100","10000","454500","2023-12-06T06:18:12.454Z","2023-12-06T06:18:12.454Z"
155330990,"DDV","1701843376","b","100","10000","454400","2023-12-06T06:16:18.407Z","2023-12-06T06:16:18.407Z"
155324163,"DDV","1701843155","s","4000","9900","454300","2023-12-06T06:12:36.429Z","2023-12-06T06:12:36.429Z"
155323187,"DDV","1701843118","b","3000","10000","450300","2023-12-06T06:11:59.419Z","2023-12-06T06:11:59.419Z"
155315701,"DDV","1701842858","b","200","10000","447300","2023-12-06T06:07:39.415Z","2023-12-06T06:07:39.415Z"
155300278,"DDV","1701842416","b","2000","10000","447100","2023-12-06T06:00:18.506Z","2023-12-06T06:00:18.506Z"
155299988,"DDV","1701842414","s","1000","9900","445100","2023-12-06T06:00:17.427Z","2023-12-06T06:00:17.427Z"
155299069,"DDV","1701842408","b","100","10000","444100","2023-12-06T06:00:11.673Z","2023-12-06T06:00:11.673Z"
155291596,"DDV","1701836819","b","200","10000","444000","2023-12-06T04:27:00.323Z","2023-12-06T04:27:00.323Z"
155291286,"DDV","1701836806","b","100","10000","443800","2023-12-06T04:26:48.325Z","2023-12-06T04:26:48.325Z"
155291105,"DDV","1701836798","b","1300","10000","443700","2023-12-06T04:26:40.334Z","2023-12-06T04:26:40.334Z"
155287949,"DDV","1701836657","b","1200","10000","442400","2023-12-06T04:24:18.321Z","2023-12-06T04:24:18.321Z"
155287338,"DDV","1701836636","s","900","10000","441200","2023-12-06T04:23:58.309Z","2023-12-06T04:23:58.309Z"
155285773,"DDV","1701836575","s","5000","10000","440300","2023-12-06T04:22:56.305Z","2023-12-06T04:22:56.305Z"
155285724,"DDV","1701836572","s","3000","10000","435300","2023-12-06T04:22:54.306Z","2023-12-06T04:22:54.306Z"
155276042,"DDV","1701836135","s","1000","10000","432300","2023-12-06T04:15:36.298Z","2023-12-06T04:15:36.298Z"
155270840,"DDV","1701835854","s","2500","10000","431300","2023-12-06T04:10:55.305Z","2023-12-06T04:10:55.305Z"
155270636,"DDV","1701835846","s","500","10000","428800","2023-12-06T04:10:47.294Z","2023-12-06T04:10:47.294Z"
155270096,"DDV","1701835812","s","100","10000","428300","2023-12-06T04:10:13.298Z","2023-12-06T04:10:13.298Z"
155268475,"DDV","1701835716","s","400","10000","428200","2023-12-06T04:08:37.288Z","2023-12-06T04:08:37.288Z"
