"id","symbol","truncTime","matchType","matchVol","matchPrice","accumulatedVolume","createdAt","updatedAt"
155516631,"SBS","1701849584","b","1100","7800","2604800","2023-12-06T07:59:46.458Z","2023-12-06T07:59:46.458Z"
155516625,"SBS","1701849581","b","500","7800","2603700","2023-12-06T07:59:43.459Z","2023-12-06T07:59:43.459Z"
155516623,"SBS","1701849580","b","30000","7800","2603200","2023-12-06T07:59:42.460Z","2023-12-06T07:59:42.460Z"
155516599,"SBS","1701849564","b","20000","7800","2573200","2023-12-06T07:59:26.461Z","2023-12-06T07:59:26.461Z"
155516530,"SBS","1701849522","s","200","7700","2553200","2023-12-06T07:58:43.464Z","2023-12-06T07:58:43.464Z"
155516433,"SBS","1701849448","s","2000","7700","2553000","2023-12-06T07:57:29.470Z","2023-12-06T07:57:29.470Z"
155516382,"SBS","1701849382","s","100","7700","2551000","2023-12-06T07:56:23.478Z","2023-12-06T07:56:23.478Z"
155516269,"SBS","1701849259","s","5000","7700","2550900","2023-12-06T07:54:21.492Z","2023-12-06T07:54:21.492Z"
155516231,"SBS","1701849205","s","100","7700","2545900","2023-12-06T07:53:27.496Z","2023-12-06T07:53:27.496Z"
155516206,"SBS","1701849177","s","100","7700","2545800","2023-12-06T07:52:59.500Z","2023-12-06T07:52:59.500Z"
155516182,"SBS","1701849134","s","5000","7700","2545700","2023-12-06T07:52:15.507Z","2023-12-06T07:52:15.507Z"
155516140,"SBS","1701849091","s","500","7700","2540700","2023-12-06T07:51:32.516Z","2023-12-06T07:51:32.516Z"
155516128,"SBS","1701849075","b","11000","7800","2540200","2023-12-06T07:51:16.518Z","2023-12-06T07:51:16.518Z"
155516074,"SBS","1701849000","b","100","7800","2529200","2023-12-06T07:50:01.532Z","2023-12-06T07:50:01.532Z"
155516066,"SBS","1701848995","s","2000","7700","2529100","2023-12-06T07:49:56.533Z","2023-12-06T07:49:56.533Z"
155516030,"SBS","1701848946","b","100","7800","2527100","2023-12-06T07:49:07.532Z","2023-12-06T07:49:07.532Z"
155516024,"SBS","1701848937","s","500","7700","2527000","2023-12-06T07:48:58.534Z","2023-12-06T07:48:58.534Z"
155516022,"SBS","1701848936","s","4900","7700","2526500","2023-12-06T07:48:57.533Z","2023-12-06T07:48:57.533Z"
155516017,"SBS","1701848928","s","8000","7700","2521600","2023-12-06T07:48:49.533Z","2023-12-06T07:48:49.533Z"
155516009,"SBS","1701848917","s","6800","7700","2513600","2023-12-06T07:48:38.533Z","2023-12-06T07:48:38.533Z"
155516008,"SBS","1701848916","b","10000","7700","2506800","2023-12-06T07:48:37.534Z","2023-12-06T07:48:37.534Z"
155516006,"SBS","1701848915","b","20000","7700","2496800","2023-12-06T07:48:36.533Z","2023-12-06T07:48:36.533Z"
155516005,"SBS","1701848914","b","1000","7700","2476800","2023-12-06T07:48:35.533Z","2023-12-06T07:48:35.533Z"
155516003,"SBS","1701848913","b","4000","7700","2475800","2023-12-06T07:48:34.534Z","2023-12-06T07:48:34.534Z"
155515996,"SBS","1701848910","b","50000","7700","2471800","2023-12-06T07:48:31.536Z","2023-12-06T07:48:31.536Z"
155515987,"SBS","1701848905","b","200","7700","2421800","2023-12-06T07:48:26.533Z","2023-12-06T07:48:26.533Z"
155515984,"SBS","1701848904","b","200","7700","2421600","2023-12-06T07:48:25.533Z","2023-12-06T07:48:25.533Z"
155515982,"SBS","1701848903","b","3000","7700","2421400","2023-12-06T07:48:24.533Z","2023-12-06T07:48:24.533Z"
155515978,"SBS","1701848901","b","10000","7700","2418400","2023-12-06T07:48:22.532Z","2023-12-06T07:48:22.532Z"
155515976,"SBS","1701848899","b","10000","7700","2408400","2023-12-06T07:48:20.532Z","2023-12-06T07:48:20.532Z"
155515973,"SBS","1701848897","b","10000","7700","2398400","2023-12-06T07:48:18.531Z","2023-12-06T07:48:18.531Z"
155515970,"SBS","1701848895","b","100","7700","2388400","2023-12-06T07:48:16.535Z","2023-12-06T07:48:16.535Z"
155515968,"SBS","1701848894","b","500","7700","2388300","2023-12-06T07:48:15.533Z","2023-12-06T07:48:15.533Z"
155515964,"SBS","1701848891","b","1600","7700","2387800","2023-12-06T07:48:12.533Z","2023-12-06T07:48:12.533Z"
155515955,"SBS","1701848885","b","150000","7700","2386200","2023-12-06T07:48:06.535Z","2023-12-06T07:48:06.535Z"
155515947,"SBS","1701848881","b","1000","7700","2236200","2023-12-06T07:48:02.531Z","2023-12-06T07:48:02.531Z"
155515916,"SBS","1701848860","b","2000","7700","2235200","2023-12-06T07:47:41.532Z","2023-12-06T07:47:41.532Z"
155515913,"SBS","1701848859","b","100","7700","2233200","2023-12-06T07:47:40.530Z","2023-12-06T07:47:40.530Z"
155515903,"SBS","1701848853","b","1000","7700","2233100","2023-12-06T07:47:34.530Z","2023-12-06T07:47:34.530Z"
155515848,"SBS","1701848809","b","100000","7700","2232100","2023-12-06T07:46:51.536Z","2023-12-06T07:46:51.536Z"
155515812,"SBS","1701848771","b","100","7700","2132100","2023-12-06T07:46:12.535Z","2023-12-06T07:46:12.535Z"
155515215,"SBS","1701848691","b","200","7700","2132000","2023-12-06T07:44:52.542Z","2023-12-06T07:44:52.542Z"
155515210,"SBS","1701848681","b","3000","7700","2131800","2023-12-06T07:44:42.524Z","2023-12-06T07:44:42.524Z"
155515166,"SBS","1701848631","b","300","7700","2128800","2023-12-06T07:43:52.521Z","2023-12-06T07:43:52.521Z"
155515138,"SBS","1701848586","b","1000","7700","2128500","2023-12-06T07:43:07.523Z","2023-12-06T07:43:07.523Z"
155515137,"SBS","1701848582","s","3500","7600","2127500","2023-12-06T07:43:04.518Z","2023-12-06T07:43:04.518Z"
155515120,"SBS","1701848557","b","500","7700","2124000","2023-12-06T07:42:38.518Z","2023-12-06T07:42:38.518Z"
155515119,"SBS","1701848555","b","5500","7700","2123500","2023-12-06T07:42:36.518Z","2023-12-06T07:42:36.518Z"
155515076,"SBS","1701848503","b","4500","7700","2118000","2023-12-06T07:41:45.531Z","2023-12-06T07:41:45.531Z"
155515018,"SBS","1701848438","b","10000","7700","2113500","2023-12-06T07:40:39.520Z","2023-12-06T07:40:39.520Z"
155515001,"SBS","1701848415","b","700","7700","2103500","2023-12-06T07:40:16.513Z","2023-12-06T07:40:16.513Z"
155514967,"SBS","1701848362","b","10000","7700","2102800","2023-12-06T07:39:24.513Z","2023-12-06T07:39:24.513Z"
155514936,"SBS","1701848318","b","1000","7700","2092800","2023-12-06T07:38:40.510Z","2023-12-06T07:38:40.510Z"
155514893,"SBS","1701848253","b","300","7700","2091800","2023-12-06T07:37:35.507Z","2023-12-06T07:37:35.507Z"
155514746,"SBS","1701848064","b","100","7700","2091500","2023-12-06T07:34:26.506Z","2023-12-06T07:34:26.506Z"
155514699,"SBS","1701848009","b","3000","7700","2091400","2023-12-06T07:33:31.496Z","2023-12-06T07:33:31.496Z"
155514692,"SBS","1701848002","b","600","7700","2088400","2023-12-06T07:33:23.494Z","2023-12-06T07:33:23.494Z"
155514640,"SBS","1701847927","s","5000","7600","2087800","2023-12-06T07:32:09.492Z","2023-12-06T07:32:09.492Z"
155514574,"SBS","1701847863","b","100","7700","2082800","2023-12-06T07:31:05.497Z","2023-12-06T07:31:05.497Z"
155514201,"SBS","1701847796","b","200","7700","2082700","2023-12-06T07:29:58.508Z","2023-12-06T07:29:58.508Z"
155513633,"SBS","1701847785","b","1000","7700","2082500","2023-12-06T07:29:47.547Z","2023-12-06T07:29:47.547Z"
155513358,"SBS","1701847782","b","50000","7700","2081500","2023-12-06T07:29:44.545Z","2023-12-06T07:29:44.545Z"
155512441,"SBS","1701847769","b","1000","7700","2031500","2023-12-06T07:29:31.502Z","2023-12-06T07:29:31.502Z"
155510826,"SBS","1701847745","b","400","7700","2030500","2023-12-06T07:29:07.507Z","2023-12-06T07:29:07.507Z"
155510065,"SBS","1701847735","b","500","7700","2030100","2023-12-06T07:28:57.522Z","2023-12-06T07:28:57.522Z"
155509728,"SBS","1701847730","b","1500","7700","2029600","2023-12-06T07:28:52.505Z","2023-12-06T07:28:52.505Z"
155509562,"SBS","1701847728","b","100","7700","2028100","2023-12-06T07:28:50.502Z","2023-12-06T07:28:50.502Z"
155509066,"SBS","1701847721","b","100","7700","2028000","2023-12-06T07:28:43.503Z","2023-12-06T07:28:43.503Z"
155508650,"SBS","1701847712","b","50000","7700","2027900","2023-12-06T07:28:34.498Z","2023-12-06T07:28:34.498Z"
155508595,"SBS","1701847711","b","100","7700","1977900","2023-12-06T07:28:33.497Z","2023-12-06T07:28:33.497Z"
155508306,"SBS","1701847707","b","500","7700","1977800","2023-12-06T07:28:29.507Z","2023-12-06T07:28:29.507Z"
155507442,"SBS","1701847693","b","4000","7700","1977300","2023-12-06T07:28:15.516Z","2023-12-06T07:28:15.516Z"
155507387,"SBS","1701847692","b","100","7700","1973300","2023-12-06T07:28:14.498Z","2023-12-06T07:28:14.498Z"
155505495,"SBS","1701847666","b","500","7700","1973200","2023-12-06T07:27:48.492Z","2023-12-06T07:27:48.492Z"
155504628,"SBS","1701847651","b","600","7700","1972700","2023-12-06T07:27:33.488Z","2023-12-06T07:27:33.488Z"
155504278,"SBS","1701847644","b","400","7700","1972100","2023-12-06T07:27:26.507Z","2023-12-06T07:27:26.507Z"
155503939,"SBS","1701847640","s","1800","7600","1971700","2023-12-06T07:27:22.577Z","2023-12-06T07:27:22.577Z"
155502598,"SBS","1701847615","b","2000","7700","1969900","2023-12-06T07:26:57.504Z","2023-12-06T07:26:57.504Z"
155501553,"SBS","1701847596","b","400","7700","1967900","2023-12-06T07:26:38.478Z","2023-12-06T07:26:38.478Z"
155500956,"SBS","1701847584","b","5000","7700","1967500","2023-12-06T07:26:27.525Z","2023-12-06T07:26:27.525Z"
155499916,"SBS","1701847568","b","5100","7700","1962500","2023-12-06T07:26:10.547Z","2023-12-06T07:26:10.547Z"
155499332,"SBS","1701847559","b","1000","7700","1957400","2023-12-06T07:26:01.516Z","2023-12-06T07:26:01.516Z"
155499242,"SBS","1701847557","b","1000","7700","1956400","2023-12-06T07:25:59.527Z","2023-12-06T07:25:59.527Z"
155498507,"SBS","1701847547","b","5000","7700","1955400","2023-12-06T07:25:49.500Z","2023-12-06T07:25:49.500Z"
155497292,"SBS","1701847525","b","400","7700","1950400","2023-12-06T07:25:27.500Z","2023-12-06T07:25:27.500Z"
155494666,"SBS","1701847484","b","1500","7700","1950000","2023-12-06T07:24:46.506Z","2023-12-06T07:24:46.506Z"
155493528,"SBS","1701847467","b","10000","7700","1948500","2023-12-06T07:24:28.511Z","2023-12-06T07:24:28.511Z"
155490553,"SBS","1701847431","b","5100","7700","1938500","2023-12-06T07:23:53.505Z","2023-12-06T07:23:53.505Z"
155490484,"SBS","1701847430","b","500","7700","1933400","2023-12-06T07:23:52.478Z","2023-12-06T07:23:52.478Z"
155490304,"SBS","1701847428","b","3700","7700","1932900","2023-12-06T07:23:50.535Z","2023-12-06T07:23:50.535Z"
155488302,"SBS","1701847407","b","34200","7700","1929200","2023-12-06T07:23:29.519Z","2023-12-06T07:23:29.519Z"
155486220,"SBS","1701847387","b","1000","7700","1895000","2023-12-06T07:23:08.492Z","2023-12-06T07:23:08.492Z"
155485884,"SBS","1701847382","b","600","7700","1894000","2023-12-06T07:23:03.479Z","2023-12-06T07:23:03.479Z"
155484170,"SBS","1701847360","b","17000","7700","1893400","2023-12-06T07:22:41.541Z","2023-12-06T07:22:41.541Z"
155484085,"SBS","1701847359","b","100","7700","1876400","2023-12-06T07:22:40.509Z","2023-12-06T07:22:40.509Z"
155483353,"SBS","1701847350","b","500","7700","1876300","2023-12-06T07:22:31.478Z","2023-12-06T07:22:31.478Z"
155483235,"SBS","1701847348","b","1000","7700","1875800","2023-12-06T07:22:30.494Z","2023-12-06T07:22:30.494Z"
155481113,"SBS","1701847329","b","3000","7700","1874800","2023-12-06T07:22:10.488Z","2023-12-06T07:22:10.488Z"
155476197,"SBS","1701847275","s","200","7600","1871800","2023-12-06T07:21:16.491Z","2023-12-06T07:21:16.491Z"
155475508,"SBS","1701847267","s","500","7600","1871600","2023-12-06T07:21:09.493Z","2023-12-06T07:21:09.493Z"
