"price","change","match_qtty","side","time","total_vol"
11000,-100,200,"sd","13:00:33",200
11000,-100,3100,"sd","13:00:38",3300
11250,150,20000,"bu","13:02:13",23300
11000,-100,4200,"bu","13:04:16",27500
11000,-100,200,"sd","13:04:41",27700
11150,50,4500,"bu","13:06:50",32200
11150,50,1000,"bu","13:08:06",33200
11150,50,700,"bu","13:08:19",33900
11150,50,10000,"sd","13:09:25",43900
11150,50,100,"sd","13:09:35",44000
11150,50,20000,"bu","13:10:39",64000
11150,50,300,"sd","13:10:40",64300
11150,50,400,"bu","13:10:51",64700
11150,50,100,"bu","13:11:23",64800
11150,50,4400,"sd","13:14:01",69200
11150,50,800,"bu","13:14:17",70000
11150,50,4700,"sd","13:15:25",74700
11150,50,500,"sd","13:16:34",75200
11150,50,2100,"sd","13:16:54",77300
11150,50,200,"bu","13:19:04",77500
11150,50,100,"sd","13:19:09",77600
11150,50,2000,"bu","13:20:59",79600
11150,50,300,"sd","13:22:39",79900
11150,50,500,"sd","13:24:02",80400
11200,100,100,"bu","13:24:18",80500
11200,100,200,"sd","13:25:01",80700
11200,100,1200,"sd","13:25:06",81900
11200,100,10000,"bu","13:25:33",91900
11200,100,200,"bu","13:25:48",92100
11200,100,100,"bu","13:26:22",92200
11200,100,700,"bu","13:26:24",92900
11200,100,9800,"bu","13:26:27",102700
11250,150,50000,"bu","13:27:40",152700
11250,150,3200,"bu","13:28:02",155900
11300,200,200,"sd","13:28:21",156100
11300,200,10000,"bu","13:28:32",166100
11300,200,1000,"sd","13:28:52",167100
11300,200,5000,"sd","13:29:14",172100
11300,200,1000,"sd","13:29:30",173100
11300,200,500,"bu","13:30:05",173600
11300,200,2500,"bu","13:30:39",176100
11300,200,4700,"bu","13:30:43",180800
11300,200,900,"bu","13:30:46",181700
11300,200,1000,"bu","13:31:01",182700
11300,200,1400,"bu","13:31:28",184100
11300,200,2800,"bu","13:31:43",186900
11300,200,700,"bu","13:31:46",187600
11300,200,1500,"sd","13:32:12",189100
11300,200,500,"bu","13:32:25",189600
11300,200,200,"sd","13:32:37",189800
11300,200,2000,"bu","13:32:46",191800
11300,200,4200,"bu","13:32:50",196000
11300,200,900,"bu","13:33:19",196900
11300,200,100,"sd","13:33:30",197000
11300,200,200,"sd","13:34:42",197200
11300,200,300,"bu","13:35:37",197500
11300,200,600,"sd","13:37:36",198100
11250,150,500,"bu","13:37:55",198600
11250,150,1000,"bu","13:38:09",199600
11250,150,1600,"sd","13:38:11",201200
11250,150,100,"bu","13:39:27",201300
11200,100,200,"bu","13:39:42",201500
11200,100,100,"bu","13:40:59",201600
11200,100,4000,"sd","13:41:48",205600
11200,100,1000,"sd","13:42:00",206600
11200,100,3000,"bu","13:42:36",209600
11250,150,5000,"bu","13:43:47",214600
11200,100,200,"bu","13:44:02",214800
11250,150,6700,"sd","13:44:58",221500
11250,150,500,"bu","13:45:20",222000
11250,150,200,"bu","13:45:26",222200
11300,200,100,"sd","13:45:38",222300
11300,200,200,"bu","13:46:00",222500
11300,200,12800,"sd","13:46:03",235300
11300,200,2000,"sd","13:46:15",237300
11300,200,1000,"bu","13:46:33",238300
11300,200,2000,"sd","13:46:45",240300
11300,200,400,"bu","13:46:59",240700
11350,250,17400,"bu","13:47:27",258100
11350,250,5000,"sd","13:47:53",263100
11350,250,100,"sd","13:48:26",263200
11350,250,6300,"bu","13:49:00",269500
11400,300,5000,"bu","13:49:02",274500
11400,300,5200,"bu","13:49:08",279700
11400,300,2300,"sd","13:49:15",282000
11400,300,2700,"bu","13:49:17",284700
11400,300,100,"sd","13:49:25",284800
11500,400,50200,"sd","13:49:40",335000
11400,300,500,"sd","13:49:46",335500
11400,300,2100,"bu","13:49:56",337600
11450,350,200,"sd","13:49:58",337800
11450,350,100,"sd","13:50:13",337900
11500,400,1200,"sd","13:50:19",339100
11500,400,10000,"sd","13:50:25",349100
11450,350,900,"sd","13:50:27",350000
11500,400,500,"bu","13:50:44",350500
11500,400,300,"sd","13:51:01",350800
11500,400,3000,"bu","13:51:07",353800
11500,400,2600,"sd","13:51:15",356400
11500,400,900,"bu","13:51:25",357300
11500,400,2000,"bu","13:52:00",359300
11500,400,100,"bu","13:52:19",359400
11550,450,3000,"sd","13:52:41",362400
11550,450,3200,"sd","13:52:48",365600
11550,450,200,"sd","13:53:06",365800
11500,400,600,"sd","13:53:17",366400
11550,450,10000,"sd","13:53:19",376400
11500,400,100,"sd","13:53:31",376500
11500,400,200,"sd","13:54:01",376700
11500,400,4400,"bu","13:54:04",381100
11500,400,100,"bu","13:54:40",381200
11500,400,2100,"bu","13:55:18",383300
11500,400,300,"sd","13:55:20",383600
11500,400,900,"bu","13:55:53",384500
11500,400,100,"bu","13:56:08",384600
11500,400,2000,"sd","13:56:17",386600
11500,400,200,"sd","13:56:26",386800
11450,350,100,"bu","13:56:40",386900
11450,350,1000,"bu","13:56:48",387900
11450,350,26200,"sd","13:56:56",414100
11450,350,4000,"bu","13:57:05",418100
11450,350,500,"bu","13:57:12",418600
11450,350,100,"bu","13:57:44",418700
11450,350,700,"bu","13:58:49",419400
11400,300,2000,"sd","13:59:39",421400
11450,350,500,"sd","14:00:05",421900
11450,350,100,"sd","14:00:09",422000
11450,350,3300,"bu","14:01:14",425300
11450,350,100,"sd","14:01:42",425400
11400,300,900,"sd","14:02:45",426300
11400,300,100,"bu","14:03:22",426400
11450,350,4000,"sd","14:03:52",430400
11400,300,100,"sd","14:03:55",430500
11500,400,8000,"bu","14:04:14",438500
11500,400,300,"bu","14:04:48",438800
11500,400,100,"bu","14:04:55",438900
11500,400,300,"bu","14:04:58",439200
11500,400,3000,"sd","14:05:39",442200
11500,400,200,"bu","14:05:54",442400
11500,400,1200,"bu","14:06:35",443600
11400,300,200,"sd","14:06:42",443800
11400,300,1500,"bu","14:07:58",445300
11400,300,2900,"sd","14:10:51",448200
11400,300,200,"bu","14:11:36",448400
11400,300,300,"sd","14:11:48",448700
11400,300,3200,"bu","14:12:41",451900
11400,300,2000,"sd","14:12:48",453900
11400,300,2000,"sd","14:12:51",455900
11400,300,1000,"bu","14:14:09",456900
11400,300,400,"bu","14:14:26",457300
11400,300,1000,"bu","14:14:31",458300
11400,300,400,"sd","14:14:41",458700
11400,300,100,"sd","14:15:20",458800
11450,350,6600,"sd","14:15:25",465400
11350,250,1000,"sd","14:15:35",466400
11350,250,3000,"sd","14:16:40",469400
11400,300,200,"sd","14:17:18",469600
11400,300,100,"sd","14:17:21",469700
11400,300,5100,"sd","14:18:06",474800
11400,300,1200,"bu","14:18:11",476000
11400,300,2200,"bu","14:18:45",478200
11400,300,7300,"sd","14:19:27",485500
11450,350,500,"bu","14:20:30",486000
11450,350,2700,"bu","14:20:41",488700
11400,300,1000,"sd","14:23:29",489700
11400,300,100,"bu","14:23:38",489800
11400,300,900,"sd","14:24:19",490700
11350,250,1000,"sd","14:24:26",491700
11400,300,200,"sd","14:25:29",491900
11350,250,2000,"sd","14:26:26",493900
11350,250,6000,"sd","14:27:04",499900
11350,250,11300,"bu","14:28:04",511200
11300,200,100,"bu","14:28:23",511300
11300,200,2000,"bu","14:28:33",513300
11300,200,2100,"sd","14:29:00",515400
11300,200,1000,"sd","14:29:56",516400
11300,200,3000,"sd","14:30:10",519400
11300,200,4400,"bu","14:30:39",523800
11350,250,1100,"sd","14:30:45",524900
11300,200,46400,"sd","14:45:20",571300
