"price","change","match_qtty","side","time","total_vol"
32500,200,33400,"bu","09:15:07",33400
32500,200,100,"sd","09:15:34",33500
32500,200,2000,"bu","09:15:35",35500
32500,200,100,"sd","09:15:46",35600
32500,200,1400,"sd","09:15:55",37000
32500,200,600,"bu","09:16:14",37600
32500,200,600,"bu","09:16:59",38200
32549.999999999996,250,5000,"bu","09:17:03",43200
32549.999999999996,250,400,"sd","09:17:04",43600
32549.999999999996,250,2800,"bu","09:17:12",46400
32549.999999999996,250,200,"sd","09:17:13",46600
32549.999999999996,250,1000,"bu","09:17:33",47600
32500,200,1700,"sd","09:17:40",49300
32549.999999999996,250,5400,"bu","09:17:51",54700
32500,200,2000,"bu","09:17:57",56700
32500,200,1000,"sd","09:18:13",57700
32500,200,100,"bu","09:18:16",57800
32500,200,2000,"sd","09:18:19",59800
32500,200,600,"sd","09:18:22",60400
32500,200,4900,"bu","09:18:29",65300
32450.000000000004,150,600,"bu","09:19:04",65900
32500,200,5000,"bu","09:19:27",70900
32500,200,500,"bu","09:19:43",71400
32500,200,600,"bu","09:19:46",72000
32500,200,700,"bu","09:19:49",72700
32500,200,100,"bu","09:20:01",72800
32500,200,600,"bu","09:20:29",73400
32500,200,3000,"sd","09:20:36",76400
32500,200,5000,"bu","09:21:50",81400
32500,200,300,"bu","09:21:50",81700
32450.000000000004,150,600,"sd","09:21:51",82300
32450.000000000004,150,1000,"sd","09:21:54",83300
32500,200,500,"bu","09:21:58",83800
32450.000000000004,150,700,"bu","09:22:41",84500
32500,200,500,"sd","09:22:42",85000
32450.000000000004,150,800,"bu","09:23:27",85800
32450.000000000004,150,500,"sd","09:23:40",86300
32450.000000000004,150,100,"sd","09:23:45",86400
32500,200,5000,"bu","09:23:51",91400
32450.000000000004,150,5000,"bu","09:23:52",96400
32450.000000000004,150,2400,"bu","09:23:57",98800
32450.000000000004,150,3300,"bu","09:24:01",102100
32450.000000000004,150,500,"sd","09:24:02",102600
32450.000000000004,150,200,"bu","09:24:21",102800
32400,100,600,"bu","09:24:51",103400
32400,100,600,"sd","09:25:33",104000
32400,100,10000,"sd","09:25:34",114000
32400,100,100,"sd","09:26:09",114100
32350,50,600,"sd","09:26:15",114700
32350,50,5000,"sd","09:26:40",119700
32350,50,700,"sd","09:26:57",120400
32350,50,5000,"bu","09:27:18",125400
32350,50,600,"bu","09:27:38",126000
32400,100,1800,"sd","09:27:50",127800
32400,100,400,"bu","09:27:50",128200
32450.000000000004,150,4100,"sd","09:28:22",132300
32400,100,500,"bu","09:28:22",132800
32400,100,700,"bu","09:28:24",133500
32400,100,300,"bu","09:28:40",133800
32450.000000000004,150,200,"bu","09:29:00",134000
32400,100,600,"bu","09:29:06",134600
32500,200,500,"bu","09:29:12",135100
32500,200,30000,"sd","09:29:15",165100
32450.000000000004,150,200,"sd","09:29:16",165300
32500,200,5000,"sd","09:29:28",170300
32500,200,1500,"sd","09:30:20",171800
32500,200,900,"bu","09:30:31",172700
32549.999999999996,250,5000,"sd","09:30:34",177700
32549.999999999996,250,5500,"bu","09:30:35",183200
32549.999999999996,250,1200,"bu","09:31:38",184400
32549.999999999996,250,200,"bu","09:31:52",184600
32549.999999999996,250,100,"sd","09:31:53",184700
32549.999999999996,250,600,"bu","09:31:54",185300
32600,300,20000,"bu","09:31:58",205300
32600,300,1900,"bu","09:31:58",207200
32600,300,2000,"bu","09:32:12",209200
32600,300,800,"bu","09:32:14",210000
32600,300,3800,"sd","09:32:17",213800
32600,300,300,"sd","09:32:24",214100
32600,300,700,"sd","09:32:40",214800
32600,300,300,"sd","09:32:44",215100
32600,300,900,"bu","09:33:22",216000
32600,300,10000,"sd","09:33:27",226000
32600,300,200,"sd","09:33:36",226200
32650,350,11200,"bu","09:33:53",237400
32650,350,1300,"bu","09:33:58",238700
32650,350,600,"sd","09:34:03",239300
32650,350,100,"bu","09:34:18",239400
32650,350,600,"bu","09:34:46",240000
32700.000000000004,400,12700,"sd","09:34:52",252700
32700.000000000004,400,1000,"sd","09:34:56",253700
32650,350,500,"sd","09:34:58",254200
32700.000000000004,400,2500,"sd","09:35:01",256700
32700.000000000004,400,1000,"sd","09:35:05",257700
32700.000000000004,400,500,"bu","09:35:06",258200
32700.000000000004,400,4200,"sd","09:35:16",262400
32700.000000000004,400,3100,"bu","09:35:17",265500
32700.000000000004,400,700,"bu","09:35:27",266200
32700.000000000004,400,200,"sd","09:35:59",266400
32700.000000000004,400,800,"sd","09:36:08",267200
32750,450,500,"sd","09:36:13",267700
32700.000000000004,400,2000,"sd","09:36:27",269700
32700.000000000004,400,600,"bu","09:36:49",270300
32700.000000000004,400,400,"sd","09:36:55",270700
32700.000000000004,400,100,"sd","09:37:04",270800
32750,450,400,"bu","09:37:19",271200
32700.000000000004,400,1500,"bu","09:37:21",272700
32700.000000000004,400,700,"bu","09:37:34",273400
32700.000000000004,400,100,"bu","09:37:49",273500
32700.000000000004,400,5000,"sd","09:38:09",278500
32700.000000000004,400,100,"bu","09:38:12",278600
32700.000000000004,400,600,"bu","09:38:16",279200
32700.000000000004,400,4500,"bu","09:38:39",283700
32700.000000000004,400,100,"bu","09:38:45",283800
32700.000000000004,400,1600,"bu","09:38:58",285400
32700.000000000004,400,1100,"sd","09:39:42",286500
32650,350,700,"sd","09:39:43",287200
32700.000000000004,400,2000,"bu","09:40:07",289200
32650,350,600,"bu","09:40:24",289800
32700.000000000004,400,10000,"bu","09:40:51",299800
32650,350,5000,"bu","09:40:59",304800
32650,350,8100,"sd","09:41:01",312900
32650,350,5000,"bu","09:41:13",317900
32650,350,8000,"sd","09:41:37",325900
32650,350,500,"sd","09:41:41",326400
32600,300,600,"bu","09:41:48",327000
32650,350,2500,"bu","09:41:50",329500
32650,350,100,"sd","09:41:50",329600
32650,350,1400,"bu","09:42:04",331000
32650,350,200,"bu","09:42:16",331200
32650,350,2000,"sd","09:42:22",333200
32650,350,3700,"bu","09:42:32",336900
32650,350,100,"sd","09:42:58",337000
32650,350,2300,"sd","09:43:09",339300
32650,350,100,"bu","09:43:10",339400
32600,300,600,"bu","09:43:11",340000
32650,350,400,"bu","09:43:28",340400
32650,350,100,"sd","09:43:40",340500
32600,300,2100,"sd","09:43:51",342600
32600,300,600,"bu","09:43:55",343200
32600,300,700,"sd","09:44:37",343900
32600,300,5000,"sd","09:44:45",348900
32600,300,600,"bu","09:45:19",349500
32600,300,5000,"sd","09:45:31",354500
32600,300,20000,"sd","09:45:34",374500
32650,350,2000,"sd","09:45:37",376500
32600,300,10000,"bu","09:45:38",386500
32600,300,1000,"sd","09:45:40",387500
32600,300,200,"sd","09:45:47",387700
32549.999999999996,250,600,"bu","09:46:00",388300
32600,300,3000,"sd","09:46:40",391300
32549.999999999996,250,200,"bu","09:46:58",391500
32549.999999999996,250,700,"bu","09:47:00",392200
32549.999999999996,250,1000,"sd","09:47:38",393200
32549.999999999996,250,100,"sd","09:47:45",393300
32549.999999999996,250,600,"sd","09:48:05",393900
32549.999999999996,250,400,"sd","09:48:31",394300
32549.999999999996,250,600,"bu","09:48:47",394900
32549.999999999996,250,800,"sd","09:48:49",395700
32549.999999999996,250,3000,"sd","09:49:08",398700
32549.999999999996,250,5000,"sd","09:49:09",403700
32549.999999999996,250,5000,"bu","09:49:14",408700
32549.999999999996,250,800,"sd","09:49:17",409500
32549.999999999996,250,500,"bu","09:49:24",410000
32500,200,600,"sd","09:49:30",410600
32500,200,2000,"sd","09:49:49",412600
32500,200,700,"sd","09:50:11",413300
32500,200,3600,"bu","09:50:53",416900
32450.000000000004,150,600,"bu","09:50:55",417500
32500,200,2000,"sd","09:51:11",419500
32500,200,4000,"sd","09:51:25",423500
32500,200,1000,"bu","09:51:28",424500
32450.000000000004,150,600,"sd","09:51:37",425100
32450.000000000004,150,700,"bu","09:52:20",425800
32500,200,500,"sd","09:52:47",426300
32500,200,100,"bu","09:52:57",426400
32500,200,1000,"bu","09:53:01",427400
32500,200,100,"bu","09:53:07",427500
32500,200,800,"bu","09:53:08",428300
32500,200,100,"sd","09:53:20",428400
32549.999999999996,250,9000,"bu","09:53:33",437400
32500,200,600,"sd","09:53:44",438000
32500,200,1500,"sd","09:53:52",439500
32500,200,600,"bu","09:54:26",440100
32500,200,900,"bu","09:54:47",441000
32500,200,100,"bu","09:54:50",441100
32500,200,4000,"sd","09:55:04",445100
32500,200,700,"bu","09:55:07",445800
32500,200,1000,"sd","09:55:32",446800
32500,200,600,"bu","09:55:49",447400
32500,200,2200,"bu","09:56:26",449600
32500,200,900,"sd","09:56:27",450500
32500,200,2500,"bu","09:56:37",453000
32500,200,700,"sd","09:57:51",453700
32500,200,800,"sd","09:58:01",454500
32500,200,400,"sd","09:58:10",454900
32500,200,700,"sd","09:58:42",455600
32549.999999999996,250,300,"bu","09:58:43",455900
32549.999999999996,250,1000,"sd","09:58:56",456900
32500,200,600,"bu","09:59:23",457500
32549.999999999996,250,3000,"bu","09:59:26",460500
32549.999999999996,250,1000,"bu","09:59:34",461500
32549.999999999996,250,3900,"sd","09:59:50",465400
32549.999999999996,250,600,"bu","10:00:04",466000
32549.999999999996,250,600,"bu","10:00:45",466600
32500,200,2000,"sd","10:02:52",468600
32500,200,600,"bu","10:03:34",469200
32500,200,5000,"bu","10:03:56",474200
32500,200,100,"bu","10:04:21",474300
32500,200,200,"sd","10:04:22",474500
32549.999999999996,250,1200,"bu","10:04:56",475700
32500,200,700,"bu","10:04:59",476400
32500,200,7600,"bu","10:05:43",484000
32500,200,5000,"sd","10:05:54",489000
32500,200,600,"sd","10:06:17",489600
32500,200,700,"bu","10:06:25",490300
32500,200,100,"sd","10:06:58",490400
32450.000000000004,150,1300,"sd","10:08:32",491700
32450.000000000004,150,2600,"bu","10:09:13",494300
32450.000000000004,150,3900,"bu","10:09:17",498200
32400,100,600,"sd","10:09:54",498800
32450.000000000004,150,1000,"bu","10:10:09",499800
32450.000000000004,150,3200,"sd","10:10:12",503000
32400,100,600,"bu","10:10:36",503600
32400,100,700,"bu","10:11:20",504300
32400,100,600,"sd","10:12:01",504900
32400,100,1600,"bu","10:13:03",506500
32450.000000000004,150,3000,"bu","10:13:07",509500
32350,50,10000,"sd","10:13:32",519500
32350,50,600,"sd","10:14:07",520100
32350,50,500,"sd","10:14:40",520600
32350,50,2300,"sd","10:15:30",522900
32400,100,200,"bu","10:16:01",523100
32400,100,600,"bu","10:16:57",523700
32400,100,600,"bu","10:17:41",524300
32400,100,700,"sd","10:18:24",525000
32400,100,200,"bu","10:18:36",525200
32450.000000000004,150,1000,"sd","10:18:45",526200
32450.000000000004,150,1500,"bu","10:19:02",527700
32400,100,600,"bu","10:19:07",528300
32450.000000000004,150,700,"bu","10:19:50",529000
32450.000000000004,150,600,"bu","10:20:32",529600
32400,100,600,"bu","10:21:14",530200
32400,100,7500,"sd","10:21:27",537700
32400,100,1000,"sd","10:21:48",538700
32450.000000000004,150,800,"sd","10:21:59",539500
32450.000000000004,150,100,"sd","10:22:24",539600
32400,100,5200,"sd","10:23:01",544800
32400,100,2000,"sd","10:23:35",546800
32400,100,1100,"bu","10:24:08",547900
32450.000000000004,150,700,"bu","10:24:38",548600
32400,100,600,"sd","10:24:42",549200
32400,100,700,"bu","10:25:27",549900
32400,100,600,"sd","10:26:09",550500
32450.000000000004,150,300,"sd","10:26:28",550800
32400,100,600,"sd","10:26:51",551400
32400,100,100,"bu","10:27:38",551500
32400,100,600,"bu","10:28:14",552100
32450.000000000004,150,100,"bu","10:28:29",552200
32400,100,600,"sd","10:28:57",552800
32400,100,1300,"sd","10:30:19",554100
32400,100,600,"bu","10:31:06",554700
32400,100,1000,"sd","10:31:18",555700
32400,100,500,"sd","10:31:45",556200
32400,100,700,"bu","10:31:51",556900
32400,100,1000,"sd","10:32:31",557900
32400,100,700,"sd","10:32:34",558600
32400,100,600,"sd","10:33:19",559200
32450.000000000004,150,1500,"bu","10:33:26",560700
32450.000000000004,150,100,"bu","10:34:25",560800
32400,100,1800,"sd","10:34:32",562600
32400,100,700,"bu","10:34:45",563300
32400,100,600,"bu","10:35:28",563900
32400,100,200,"sd","10:35:32",564100
32400,100,700,"sd","10:36:13",564800
32400,100,500,"sd","10:36:49",565300
32400,100,700,"bu","10:36:57",566000
32450.000000000004,150,100,"bu","10:37:15",566100
32400,100,600,"bu","10:37:40",566700
32400,100,1300,"bu","10:39:04",568000
32400,100,600,"sd","10:39:45",568600
32450.000000000004,150,100,"bu","10:40:23",568700
32400,100,600,"sd","10:40:26",569300
32450.000000000004,150,1100,"bu","10:41:35",570400
32450.000000000004,150,1100,"sd","10:41:41",571500
32400,100,600,"sd","10:41:49",572100
32400,100,700,"sd","10:42:31",572800
32400,100,600,"sd","10:43:13",573400
32400,100,600,"bu","10:43:54",574000
32400,100,100,"bu","10:44:12",574100
32400,100,600,"bu","10:44:35",574700
32450.000000000004,150,1200,"bu","10:45:58",575900
32500,200,3000,"bu","10:46:07",578900
32549.999999999996,250,22800,"sd","10:46:33",601700
32450.000000000004,150,700,"sd","10:46:41",602400
32450.000000000004,150,600,"sd","10:48:06",603000
32500,200,1000,"sd","10:48:21",604000
32450.000000000004,150,600,"bu","10:48:46",604600
32500,200,800,"sd","10:49:27",605400
32549.999999999996,250,900,"sd","10:49:28",606300
32549.999999999996,250,2000,"sd","10:49:34",608300
32549.999999999996,250,1300,"bu","10:50:10",609600
32549.999999999996,250,5000,"sd","10:50:23",614600
32549.999999999996,250,3000,"bu","10:50:26",617600
32549.999999999996,250,500,"bu","10:50:51",618100
32500,200,600,"bu","10:50:52",618700
32500,200,1300,"sd","10:52:14",620000
32500,200,600,"sd","10:52:57",620600
32549.999999999996,250,200,"sd","10:53:02",620800
32549.999999999996,250,1000,"sd","10:53:19",621800
32500,200,600,"bu","10:53:37",622400
32549.999999999996,250,300,"sd","10:53:39",622700
32500,200,600,"bu","10:54:18",623300
32500,200,4400,"sd","10:55:00",627700
32500,200,2000,"bu","10:55:07",629700
32500,200,100,"sd","10:55:11",629800
32500,200,3500,"sd","10:55:17",633300
32450.000000000004,150,100,"bu","10:55:21",633400
32450.000000000004,150,600,"sd","10:55:40",634000
32450.000000000004,150,3600,"bu","10:55:44",637600
32450.000000000004,150,200,"bu","10:55:51",637800
32450.000000000004,150,2200,"bu","10:56:07",640000
32450.000000000004,150,100,"bu","10:56:09",640100
32450.000000000004,150,700,"sd","10:56:23",640800
32450.000000000004,150,2200,"sd","10:56:24",643000
32450.000000000004,150,100,"bu","10:56:31",643100
32450.000000000004,150,1000,"bu","10:56:54",644100
32450.000000000004,150,600,"bu","10:57:05",644700
32450.000000000004,150,600,"sd","10:57:47",645300
32450.000000000004,150,900,"bu","10:58:52",646200
32450.000000000004,150,500,"bu","10:59:18",646700
32400,100,600,"sd","10:59:52",647300
32400,100,600,"bu","11:00:33",647900
32400,100,600,"bu","11:01:14",648500
32400,100,800,"sd","11:01:58",649300
32400,100,500,"bu","11:02:27",649800
32400,100,600,"bu","11:02:41",650400
32400,100,1100,"bu","11:03:25",651500
32400,100,700,"sd","11:04:06",652200
32400,100,600,"bu","11:04:47",652800
32400,100,200,"bu","11:05:17",653000
32400,100,600,"bu","11:05:28",653600
32400,100,700,"sd","11:06:12",654300
32400,100,600,"bu","11:06:55",654900
32400,100,1000,"sd","11:06:58",655900
32400,100,600,"bu","11:07:35",656500
32450.000000000004,150,600,"bu","11:07:55",657100
32400,100,600,"bu","11:08:18",657700
32450.000000000004,150,3100,"bu","11:09:27",660800
32400,100,100,"sd","11:09:33",660900
32400,100,800,"sd","11:09:48",661700
32400,100,2200,"bu","11:10:20",663900
32450.000000000004,150,700,"bu","11:10:32",664600
32400,100,2200,"bu","11:11:09",666800
32450.000000000004,150,5000,"sd","11:11:12",671800
32400,100,800,"sd","11:11:13",672600
32400,100,2200,"bu","11:11:37",674800
32400,100,700,"sd","11:11:54",675500
32400,100,2200,"sd","11:12:01",677700
32450.000000000004,150,2800,"sd","11:12:04",680500
32450.000000000004,150,100,"sd","11:12:13",680600
32450.000000000004,150,200,"sd","11:12:35",680800
32450.000000000004,150,400,"bu","11:12:36",681200
32450.000000000004,150,2300,"bu","11:13:06",683500
32400,100,600,"bu","11:14:01",684100
32400,100,2200,"bu","11:14:07",686300
32400,100,600,"bu","11:14:41",686900
32400,100,200,"sd","11:15:12",687100
32400,100,700,"sd","11:15:23",687800
32450.000000000004,150,100,"bu","11:15:48",687900
32400,100,600,"sd","11:16:05",688500
32400,100,2200,"sd","11:16:19",690700
32400,100,600,"sd","11:16:47",691300
32400,100,500,"bu","11:17:02",691800
32400,100,700,"bu","11:17:30",692500
32400,100,1000,"sd","11:17:34",693500
32400,100,600,"bu","11:18:12",694100
32400,100,2000,"bu","11:20:08",696100
32350,50,900,"bu","11:20:21",697000
32350,50,600,"sd","11:21:02",697600
32350,50,500,"sd","11:21:31",698100
32350,50,700,"bu","11:21:44",698800
32350,50,600,"bu","11:22:25",699400
32350,50,100,"sd","11:22:32",699500
32350,50,600,"sd","11:23:06",700100
32400,100,2000,"sd","11:23:22",702100
32400,100,100,"bu","11:23:37",702200
32350,50,600,"bu","11:24:32",702800
32400,100,2000,"bu","11:24:37",704800
32350,50,700,"sd","11:25:13",705500
32350,50,600,"sd","11:25:55",706100
32400,100,100,"sd","11:26:12",706200
32350,50,1000,"bu","11:26:54",707200
32350,50,700,"sd","11:27:19",707900
32350,50,100,"bu","11:27:21",708000
32400,100,600,"bu","11:27:34",708600
32400,100,100,"bu","11:27:40",708700
32400,100,1600,"sd","11:27:54",710300
32400,100,1000,"sd","11:28:14",711300
32400,100,1100,"bu","11:28:39",712400
32400,100,100,"sd","11:28:46",712500
32350,50,600,"sd","11:29:24",713100
32400,100,100,"sd","11:29:45",713200
32400,100,1000,"sd","13:00:24",714200
32400,100,200,"bu","13:00:43",714400
32350,50,1100,"bu","13:01:02",715500
32350,50,600,"sd","13:01:17",716100
32350,50,100,"sd","13:01:46",716200
32350,50,700,"sd","13:02:05",716900
32400,100,1000,"sd","13:02:42",717900
32350,50,100,"sd","13:02:44",718000
32350,50,600,"sd","13:02:49",718600
32400,100,10000,"sd","13:03:29",728600
32350,50,800,"sd","13:03:30",729400
32350,50,400,"sd","13:03:34",729800
32400,100,100,"sd","13:04:47",729900
32350,50,600,"sd","13:04:57",730500
32350,50,700,"bu","13:05:38",731200
32350,50,100,"bu","13:05:52",731300
32350,50,600,"sd","13:06:20",731900
32350,50,300,"bu","13:06:50",732200
32350,50,19400,"bu","13:07:01",751600
32350,50,1500,"sd","13:07:03",753100
32299.999999999996,0,800,"sd","13:07:05",753900
32299.999999999996,0,1800,"bu","13:07:41",755700
32299.999999999996,0,13200,"bu","13:07:52",768900
32299.999999999996,0,500,"bu","13:07:54",769400
32299.999999999996,0,6400,"bu","13:08:00",775800
32299.999999999996,0,200,"sd","13:08:06",776000
32299.999999999996,0,100,"sd","13:08:09",776100
32299.999999999996,0,700,"bu","13:08:35",776800
32299.999999999996,0,200,"sd","13:08:40",777000
32299.999999999996,0,500,"sd","13:09:05",777500
32299.999999999996,0,900,"sd","13:09:17",778400
32299.999999999996,0,600,"sd","13:09:57",779000
32299.999999999996,0,2300,"bu","13:10:36",781300
32299.999999999996,0,2700,"bu","13:10:37",784000
32250,-50,700,"bu","13:10:40",784700
32250,-50,200,"bu","13:10:43",784900
32299.999999999996,0,800,"sd","13:11:01",785700
32299.999999999996,0,600,"sd","13:11:23",786300
32350,50,1000,"sd","13:11:47",787300
32299.999999999996,0,600,"sd","13:12:03",787900
32299.999999999996,0,700,"bu","13:12:47",788600
32299.999999999996,0,100,"sd","13:12:55",788700
32299.999999999996,0,600,"bu","13:13:28",789300
32350,50,500,"bu","13:14:00",789800
32299.999999999996,0,600,"bu","13:14:09",790400
32299.999999999996,0,800,"bu","13:15:02",791200
32350,50,400,"sd","13:15:06",791600
32350,50,600,"bu","13:15:09",792200
32299.999999999996,0,600,"bu","13:15:33",792800
32299.999999999996,0,100,"sd","13:15:48",792900
32299.999999999996,0,200,"sd","13:15:53",793100
32350,50,100,"bu","13:16:06",793200
32299.999999999996,0,700,"sd","13:16:14",793900
32350,50,900,"sd","13:16:57",794800
32350,50,800,"bu","13:17:06",795600
32350,50,4900,"bu","13:17:17",800500
32350,50,100,"bu","13:17:24",800600
32350,50,300,"sd","13:17:32",800900
32350,50,700,"bu","13:18:22",801600
32350,50,600,"sd","13:19:04",802200
32400,100,800,"bu","13:19:35",803000
32350,50,600,"sd","13:19:44",803600
32400,100,500,"bu","13:19:54",804100
32350,50,100,"bu","13:19:56",804200
32350,50,600,"bu","13:20:24",804800
32350,50,600,"sd","13:21:07",805400
32400,100,2000,"sd","13:21:46",807400
32350,50,700,"sd","13:21:49",808100
32350,50,100,"sd","13:21:54",808200
32400,100,13500,"bu","13:22:15",821700
32400,100,2300,"sd","13:22:31",824000
32450.000000000004,150,1000,"sd","13:23:07",825000
32400,100,600,"bu","13:23:13",825600
32400,100,200,"sd","13:23:54",825800
32400,100,600,"sd","13:23:56",826400
32450.000000000004,150,300,"bu","13:24:04",826700
32450.000000000004,150,1000,"sd","13:24:09",827700
32450.000000000004,150,5100,"sd","13:24:18",832800
32400,100,18100,"bu","13:24:20",850900
32400,100,900,"sd","13:24:23",851800
32400,100,1300,"sd","13:24:28",853100
32400,100,500,"bu","13:24:49",853600
32400,100,900,"bu","13:24:59",854500
32400,100,600,"bu","13:25:22",855100
32400,100,2200,"bu","13:25:26",857300
32400,100,900,"bu","13:26:03",858200
32350,50,6100,"bu","13:26:05",864300
32350,50,200,"sd","13:26:13",864500
32400,100,500,"bu","13:26:50",865000
32400,100,500,"bu","13:26:55",865500
32400,100,500,"bu","13:26:59",866000
32400,100,600,"bu","13:27:34",866600
32400,100,600,"sd","13:28:15",867200
32400,100,100,"sd","13:28:39",867300
32400,100,1000,"bu","13:28:48",868300
32400,100,300,"sd","13:28:54",868600
32400,100,600,"sd","13:28:57",869200
32400,100,5000,"bu","13:29:32",874200
32400,100,200,"sd","13:29:33",874400
32400,100,1300,"bu","13:30:20",875700
32400,100,5800,"sd","13:30:50",881500
32400,100,200,"sd","13:30:55",881700
32450.000000000004,150,500,"bu","13:30:59",882200
32400,100,600,"sd","13:31:01",882800
32450.000000000004,150,1500,"sd","13:31:07",884300
32450.000000000004,150,500,"bu","13:31:32",884800
32400,100,600,"sd","13:31:44",885400
32450.000000000004,150,2100,"sd","13:31:58",887500
32450.000000000004,150,2500,"sd","13:32:11",890000
32400,100,100,"sd","13:32:14",890100
32400,100,800,"sd","13:32:27",890900
32450.000000000004,150,400,"sd","13:33:02",891300
32400,100,700,"bu","13:33:53",892000
32400,100,600,"sd","13:34:11",892600
32400,100,1200,"sd","13:34:34",893800
32400,100,700,"sd","13:35:15",894500
32450.000000000004,150,500,"sd","13:35:22",895000
32400,100,600,"bu","13:36:00",895600
32400,100,9200,"bu","13:36:53",904800
32350,50,300,"bu","13:36:55",905100
32400,100,2100,"sd","13:36:57",907200
32400,100,900,"sd","13:37:24",908100
32450.000000000004,150,200,"bu","13:37:49",908300
32400,100,500,"bu","13:37:51",908800
32400,100,200,"bu","13:38:01",909000
32400,100,700,"bu","13:38:36",909700
32350,50,600,"bu","13:38:49",910300
32350,50,1800,"sd","13:39:12",912100
32350,50,700,"sd","13:39:31",912800
32350,50,1800,"bu","13:39:38",914600
32350,50,600,"sd","13:39:40",915200
32350,50,600,"bu","13:40:12",915800
32350,50,600,"sd","13:40:55",916400
32350,50,1000,"sd","13:41:12",917400
32350,50,700,"bu","13:41:39",918100
32350,50,1000,"sd","13:41:44",919100
32350,50,100,"bu","13:41:50",919200
32350,50,700,"bu","13:42:19",919900
32350,50,1000,"bu","13:42:27",920900
32350,50,500,"bu","13:42:36",921400
32350,50,400,"bu","13:42:46",921800
32299.999999999996,0,600,"sd","13:43:03",922400
32350,50,700,"bu","13:43:08",923100
32350,50,600,"bu","13:43:43",923700
32350,50,1300,"bu","13:45:08",925000
32350,50,5900,"sd","13:45:42",930900
32299.999999999996,0,200,"sd","13:45:44",931100
32299.999999999996,0,600,"sd","13:45:50",931700
32350,50,500,"bu","13:46:11",932200
32299.999999999996,0,1200,"bu","13:46:31",933400
32350,50,10000,"bu","13:46:39",943400
32299.999999999996,0,400,"bu","13:46:45",943800
32350,50,6600,"bu","13:47:01",950400
32350,50,200,"sd","13:47:05",950600
32350,50,600,"bu","13:47:13",951200
32350,50,1300,"sd","13:48:40",952500
32299.999999999996,0,2000,"bu","13:49:04",954500
32299.999999999996,0,600,"bu","13:49:21",955100
32299.999999999996,0,600,"sd","13:50:02",955700
32299.999999999996,0,28600,"sd","13:50:12",984300
32250,-50,1700,"sd","13:50:13",986000
32250,-50,700,"bu","13:50:44",986700
32250,-50,1000,"sd","13:50:53",987700
32299.999999999996,0,500,"sd","13:51:15",988200
32250,-50,600,"bu","13:51:23",988800
32299.999999999996,0,1000,"bu","13:51:33",989800
32299.999999999996,0,2000,"bu","13:51:54",991800
32250,-50,600,"bu","13:52:06",992400
32299.999999999996,0,4700,"sd","13:52:30",997100
32299.999999999996,0,100,"sd","13:52:34",997200
32299.999999999996,0,700,"sd","13:52:48",997900
32299.999999999996,0,1100,"bu","13:53:29",999000
32350,50,1000,"bu","13:54:07",1000000
32250,-50,600,"bu","13:54:08",1000600
32299.999999999996,0,600,"bu","13:54:52",1001200
32299.999999999996,0,500,"bu","13:55:04",1001700
32299.999999999996,0,2400,"sd","13:56:48",1004100
32250,-50,600,"sd","13:57:02",1004700
32250,-50,1800,"sd","13:57:10",1006500
32250,-50,1800,"sd","13:57:21",1008300
32250,-50,1800,"sd","13:57:40",1010100
32250,-50,800,"bu","13:57:44",1010900
32299.999999999996,0,1000,"bu","13:57:51",1011900
32299.999999999996,0,700,"bu","13:57:53",1012600
32250,-50,1100,"sd","13:58:00",1013700
32299.999999999996,0,100,"sd","13:58:14",1013800
32250,-50,900,"sd","13:58:15",1014700
32299.999999999996,0,1000,"sd","13:58:18",1015700
32250,-50,700,"sd","13:58:33",1016400
32299.999999999996,0,1600,"bu","13:59:05",1018000
32250,-50,2000,"sd","13:59:09",1020000
32250,-50,100,"bu","13:59:15",1020100
32250,-50,700,"bu","13:59:57",1020800
32250,-50,1000,"sd","14:00:24",1021800
32250,-50,500,"sd","14:00:28",1022300
32250,-50,700,"bu","14:00:50",1023000
32250,-50,5000,"sd","14:00:57",1028000
32250,-50,5000,"sd","14:01:02",1033000
32250,-50,400,"sd","14:01:04",1033400
32250,-50,700,"sd","14:01:32",1034100
32250,-50,500,"bu","14:01:37",1034600
32250,-50,600,"sd","14:02:14",1035200
32250,-50,1000,"bu","14:02:16",1036200
32250,-50,5200,"bu","14:02:30",1041400
32250,-50,5000,"bu","14:02:32",1046400
32250,-50,400,"bu","14:02:34",1046800
32250,-50,1800,"sd","14:02:36",1048600
32250,-50,2000,"bu","14:02:38",1050600
32250,-50,600,"bu","14:02:46",1051200
32250,-50,600,"bu","14:02:54",1051800
32250,-50,300,"sd","14:03:05",1052100
32250,-50,700,"bu","14:03:37",1052800
32250,-50,2700,"bu","14:04:23",1055500
32299.999999999996,0,800,"sd","14:04:35",1056300
32299.999999999996,0,600,"sd","14:05:07",1056900
32299.999999999996,0,500,"sd","14:05:44",1057400
32299.999999999996,0,600,"sd","14:05:50",1058000
32299.999999999996,0,700,"sd","14:06:30",1058700
32299.999999999996,0,700,"bu","14:07:15",1059400
32299.999999999996,0,600,"sd","14:07:56",1060000
32299.999999999996,0,700,"sd","14:08:40",1060700
32250,-50,6700,"bu","14:08:54",1067400
32299.999999999996,0,1600,"sd","14:09:22",1069000
32250,-50,100,"sd","14:09:28",1069100
32250,-50,600,"bu","14:10:04",1069700
32250,-50,6700,"sd","14:11:48",1076400
32250,-50,500,"sd","14:11:56",1076900
32150,-150,26800,"bu","14:12:12",1103700
32150,-150,100,"bu","14:12:19",1103800
32150,-150,9500,"bu","14:12:48",1113300
32100,-200,1300,"sd","14:12:57",1114600
32000,-300,5500,"bu","14:13:03",1120100
32000,-300,400,"bu","14:13:11",1120500
32000,-300,3200,"bu","14:13:31",1123700
32000,-300,200,"sd","14:13:33",1123900
32100,-200,800,"bu","14:13:44",1124700
32200.000000000004,-100,200,"sd","14:13:53",1124900
32100,-200,400,"sd","14:13:56",1125300
32100,-200,1400,"sd","14:14:06",1126700
32049.999999999996,-250,100,"sd","14:14:11",1126800
32100,-200,1000,"sd","14:14:18",1127800
32000,-300,1600,"bu","14:14:21",1129400
32000,-300,200,"bu","14:14:23",1129600
32100,-200,57500,"sd","14:14:36",1187100
32100,-200,2500,"sd","14:14:39",1189600
32000,-300,6200,"bu","14:14:56",1195800
31950,-350,3700,"sd","14:15:04",1199500
32000,-300,900,"bu","14:15:28",1200400
31950,-350,500,"bu","14:15:30",1200900
31950,-350,900,"sd","14:15:41",1201800
32000,-300,100,"sd","14:15:43",1201900
32000,-300,300,"bu","14:15:46",1202200
32000,-300,300,"sd","14:15:49",1202500
32000,-300,1200,"sd","14:15:57",1203700
32000,-300,600,"bu","14:16:02",1204300
31950,-350,1000,"sd","14:16:04",1205300
32000,-300,100,"bu","14:16:06",1205400
31950,-350,6900,"bu","14:16:20",1212300
31950,-350,2700,"sd","14:16:37",1215000
31950,-350,100,"bu","14:16:40",1215100
31900,-400,13900,"bu","14:16:43",1229000
31900,-400,2400,"bu","14:16:53",1231400
31900,-400,3800,"sd","14:16:56",1235200
31850,-450,20000,"bu","14:17:02",1255200
31900,-400,1500,"sd","14:17:13",1256700
31900,-400,500,"sd","14:17:29",1257200
31950,-350,21600,"sd","14:17:48",1278800
31900,-400,700,"sd","14:17:51",1279500
31950,-350,200,"bu","14:18:01",1279700
31950,-350,500,"sd","14:18:09",1280200
32000,-300,2800,"bu","14:18:18",1283000
31950,-350,21100,"bu","14:18:20",1304100
31950,-350,700,"sd","14:18:22",1304800
31950,-350,100,"sd","14:18:25",1304900
31950,-350,2100,"sd","14:18:32",1307000
31950,-350,23300,"sd","14:18:35",1330300
31950,-350,1000,"sd","14:18:45",1331300
31850,-450,19900,"bu","14:18:47",1351200
31850,-450,6000,"bu","14:18:49",1357200
31850,-450,2000,"bu","14:18:56",1359200
31850,-450,2100,"bu","14:18:58",1361300
31850,-450,600,"bu","14:19:15",1361900
31950,-350,1000,"bu","14:19:48",1362900
31950,-350,1900,"sd","14:19:54",1364800
32000,-300,1500,"bu","14:20:05",1366300
32000,-300,600,"bu","14:20:38",1366900
32049.999999999996,-250,2000,"sd","14:20:53",1368900
32200.000000000004,-100,200,"sd","14:20:56",1369100
32000,-300,3000,"bu","14:21:01",1372100
32049.999999999996,-250,1000,"bu","14:21:34",1373100
32000,-300,700,"sd","14:22:05",1373800
32000,-300,2000,"bu","14:22:15",1375800
32000,-300,600,"bu","14:22:50",1376400
32000,-300,4000,"bu","14:23:23",1380400
32000,-300,600,"bu","14:23:32",1381000
32000,-300,1800,"bu","14:23:43",1382800
32000,-300,1100,"bu","14:24:11",1383900
31950,-350,2700,"sd","14:24:15",1386600
31950,-350,2700,"sd","14:24:32",1389300
31900,-400,8600,"sd","14:25:01",1397900
31850,-450,700,"bu","14:25:20",1398600
31850,-450,9000,"sd","14:25:26",1407600
31900,-400,600,"bu","14:25:29",1408200
31850,-450,5000,"sd","14:25:42",1413200
31850,-450,3000,"sd","14:25:49",1416200
31850,-450,18700,"bu","14:25:55",1434900
31850,-450,2000,"sd","14:25:58",1436900
31800,-500,3400,"sd","14:26:08",1440300
31800,-500,600,"bu","14:26:14",1440900
31800,-500,4000,"bu","14:26:16",1444900
31850,-450,100,"sd","14:26:34",1445000
31800,-500,200,"sd","14:26:39",1445200
31850,-450,5000,"sd","14:27:00",1450200
31850,-450,1300,"sd","14:27:07",1451500
31850,-450,2700,"bu","14:27:13",1454200
31850,-450,4000,"sd","14:27:16",1458200
31850,-450,3500,"bu","14:27:45",1461700
31850,-450,500,"sd","14:27:51",1462200
31850,-450,3200,"sd","14:27:54",1465400
31800,-500,600,"bu","14:28:08",1466000
31850,-450,500,"bu","14:28:20",1466500
31750,-550,31000,"bu","14:28:23",1497500
31750,-550,900,"sd","14:28:39",1498400
31750,-550,6700,"sd","14:28:46",1505100
31750,-550,3300,"sd","14:28:55",1508400
31750,-550,1800,"bu","14:29:17",1510200
31750,-550,12000,"sd","14:29:19",1522200
31750,-550,600,"sd","14:29:25",1522800
31750,-550,3100,"bu","14:29:46",1525900
31700,-600,1400,"sd","14:30:19",1527300
31750,-550,2000,"bu","14:30:29",1529300
31750,-550,7000,"bu","14:30:39",1536300
31750,-550,500,"sd","14:30:48",1536800
31750,-550,2500,"bu","14:30:54",1539300
31700,-600,1000,"bu","14:31:00",1540300
31750,-550,500,"sd","14:31:03",1540800
31650,-650,5000,"bu","14:31:28",1545800
31700,-600,1000,"bu","14:31:41",1546800
31700,-600,2000,"sd","14:31:45",1548800
31300,-1000,273600,"bu","14:45:16",1822400
