"price","change","match_qtty","side","time","total_vol"
6760,30,1100,"bu","09:15:06",1100
6760,30,1100,"sd","09:15:16",2200
6740,10,3000,"bu","09:15:28",5200
6770,40,2800,"bu","09:16:27",8000
6770,40,2000,"sd","09:17:22",10000
6770,40,400,"bu","09:17:48",10400
6770,40,500,"sd","09:18:27",10900
6750,20,5000,"sd","09:19:11",15900
6740,10,100,"sd","09:20:11",16000
6750,20,500,"bu","09:21:05",16500
6750,20,1000,"sd","09:21:41",17500
6750,20,1100,"bu","09:22:28",18600
6740,10,1000,"sd","09:22:30",19600
6730,0,900,"bu","09:22:47",20500
6700,-30,1400,"sd","09:23:43",21900
6700,-30,15000,"sd","09:24:49",36900
6700,-30,13200,"bu","09:26:46",50100
6700,-30,1800,"bu","09:26:56",51900
6730,0,2000,"sd","09:28:20",53900
6730,0,100,"bu","09:29:53",54000
6730,0,200,"sd","09:30:04",54200
6730,0,500,"sd","09:31:34",54700
6730,0,200,"sd","09:31:48",54900
6720,-10,1000,"bu","09:31:48",55900
6720,-10,2300,"bu","09:32:33",58200
6700,-30,32000,"sd","09:33:24",90200
6740,10,2500,"sd","09:34:01",92700
6730,0,3000,"sd","09:35:50",95700
6730,0,100,"sd","09:37:27",95800
6720,-10,600,"sd","09:38:59",96400
6720,-10,100,"bu","09:39:05",96500
6700,-30,34900,"bu","09:39:19",131400
6700,-30,100,"sd","09:39:31",131500
6700,-30,400,"bu","09:39:44",131900
6700,-30,500,"bu","09:39:49",132400
6700,-30,200,"sd","09:39:50",132600
6700,-30,2000,"bu","09:39:54",134600
6710,-20,24200,"bu","09:41:23",158800
6730,0,100,"sd","09:41:48",158900
6730,0,400,"sd","09:44:24",159300
6700,-30,20000,"bu","09:46:30",179300
6720,-10,100,"sd","09:47:29",179400
6720,-10,700,"bu","09:48:17",180100
6710,-20,20000,"bu","09:48:19",200100
6710,-20,18500,"bu","09:49:46",218600
6710,-20,1500,"bu","09:49:47",220100
6720,-10,5300,"sd","09:50:29",225400
6720,-10,1000,"sd","09:50:34",226400
6730,0,600,"sd","09:51:34",227000
6720,-10,7000,"sd","09:52:44",234000
6720,-10,200,"sd","09:52:58",234200
6720,-10,500,"bu","09:53:12",234700
6720,-10,100,"sd","09:54:08",234800
6720,-10,300,"bu","09:55:15",235100
6710,-20,8200,"bu","09:57:20",243300
6710,-20,1000,"sd","09:57:46",244300
6710,-20,100,"bu","09:57:48",244400
6710,-20,1100,"bu","09:57:55",245500
6730,0,100,"sd","09:58:59",245600
6720,-10,1100,"sd","10:00:48",246700
6720,-10,4000,"bu","10:01:20",250700
6730,0,1000,"bu","10:01:27",251700
6720,-10,100,"bu","10:01:55",251800
6720,-10,200,"sd","10:02:50",252000
6720,-10,400,"sd","10:03:05",252400
6720,-10,200,"sd","10:04:17",252600
6710,-20,4000,"bu","10:04:57",256600
6720,-10,1000,"bu","10:04:58",257600
6720,-10,200,"sd","10:05:04",257800
6730,0,2200,"bu","10:05:38",260000
6730,0,600,"sd","10:08:48",260600
6720,-10,200,"bu","10:09:28",260800
6730,0,300,"sd","10:09:33",261100
6710,-20,14200,"sd","10:09:58",275300
6710,-20,800,"sd","10:10:10",276100
6700,-30,35000,"sd","10:10:54",311100
6710,-20,1000,"sd","10:11:16",312100
6710,-20,500,"sd","10:11:23",312600
6710,-20,20000,"sd","10:12:25",332600
6710,-20,1100,"sd","10:12:35",333700
6710,-20,200,"bu","10:14:27",333900
6710,-20,1600,"sd","10:16:22",335500
6710,-20,400,"bu","10:16:59",335900
6720,-10,100,"sd","10:17:22",336000
6720,-10,1000,"sd","10:23:52",337000
6720,-10,300,"sd","10:24:09",337300
6720,-10,2000,"sd","10:24:19",339300
6720,-10,7000,"sd","10:24:39",346300
6720,-10,1000,"sd","10:24:49",347300
6720,-10,100,"sd","10:24:52",347400
6710,-20,1400,"sd","10:25:49",348800
6710,-20,200,"bu","10:27:18",349000
6720,-10,1900,"bu","10:27:19",350900
6720,-10,100,"sd","10:30:43",351000
6720,-10,200,"sd","10:31:22",351200
6720,-10,600,"sd","10:35:10",351800
6720,-10,1100,"bu","10:35:25",352900
6720,-10,100,"bu","10:39:02",353000
6710,-20,10000,"bu","10:39:15",363000
6720,-10,1000,"sd","10:39:16",364000
6720,-10,5000,"bu","10:41:04",369000
6720,-10,4000,"bu","10:41:16",373000
6730,0,1000,"bu","10:44:45",374000
6730,0,1000,"sd","10:45:37",375000
6730,0,8900,"sd","10:45:53",383900
6730,0,4000,"bu","10:45:55",387900
6730,0,2000,"sd","10:46:03",389900
6700,-30,20000,"bu","10:49:17",409900
6720,-10,200,"sd","10:49:57",410100
6730,0,1000,"sd","10:50:48",411100
6740,10,100,"sd","10:55:28",411200
6730,0,400,"sd","10:57:30",411600
6720,-10,2000,"sd","10:59:03",413600
6720,-10,4600,"bu","10:59:42",418200
6720,-10,6000,"bu","11:00:38",424200
6720,-10,6100,"sd","11:01:27",430300
6720,-10,1100,"sd","11:01:51",431400
6720,-10,7000,"sd","11:03:39",438400
6720,-10,500,"bu","11:04:21",438900
6720,-10,6000,"bu","11:04:52",444900
6720,-10,100,"sd","11:05:04",445000
6720,-10,1000,"sd","11:05:28",446000
6720,-10,900,"sd","11:05:32",446900
6730,0,500,"sd","11:06:55",447400
6730,0,2000,"bu","11:11:12",449400
6730,0,1000,"sd","11:12:51",450400
6730,0,1400,"bu","11:13:03",451800
6720,-10,400,"bu","11:14:18",452200
6720,-10,2000,"bu","11:14:43",454200
6720,-10,400,"sd","11:15:44",454600
6710,-20,3600,"bu","11:18:09",458200
6720,-10,100,"bu","11:18:36",458300
6720,-10,1300,"sd","11:26:33",459600
6720,-10,200,"sd","11:27:22",459800
6730,0,100,"bu","11:27:30",459900
6730,0,3000,"sd","11:27:40",462900
6730,0,5200,"sd","13:00:16",468100
6720,-10,200,"bu","13:00:28",468300
6720,-10,1300,"sd","13:01:08",469600
6710,-20,2000,"sd","13:01:45",471600
6710,-20,200,"sd","13:03:23",471800
6710,-20,2900,"bu","13:03:40",474700
6710,-20,1000,"bu","13:04:29",475700
6710,-20,4500,"sd","13:04:48",480200
6710,-20,2200,"bu","13:05:12",482400
6720,-10,1100,"sd","13:06:28",483500
6710,-20,3600,"sd","13:07:57",487100
6730,0,300,"bu","13:08:27",487400
6730,0,2000,"sd","13:12:08",489400
6720,-10,200,"bu","13:14:19",489600
6720,-10,1100,"sd","13:15:11",490700
6730,0,10000,"sd","13:19:56",500700
6740,10,2000,"bu","13:20:40",502700
6740,10,400,"sd","13:20:51",503100
6730,0,500,"sd","13:21:49",503600
6730,0,8900,"bu","13:22:20",512500
6720,-10,1200,"sd","13:23:20",513700
6720,-10,800,"sd","13:23:43",514500
6720,-10,500,"sd","13:26:42",515000
6710,-20,15000,"bu","13:27:10",530000
6710,-20,200,"sd","13:28:21",530200
6700,-30,4500,"bu","13:28:36",534700
6700,-30,1000,"sd","13:28:43",535700
6710,-20,1000,"sd","13:29:01",536700
6700,-30,5000,"bu","13:29:39",541700
6700,-30,30000,"sd","13:29:48",571700
6710,-20,500,"bu","13:29:52",572200
6700,-30,1500,"bu","13:30:59",573700
6700,-30,100,"sd","13:31:15",573800
6700,-30,200,"sd","13:31:23",574000
6700,-30,1000,"bu","13:31:34",575000
6700,-30,800,"sd","13:31:58",575800
6690,-40,22500,"bu","13:32:41",598300
6690,-40,400,"bu","13:32:44",598700
6690,-40,200,"sd","13:32:51",598900
6680,-50,21000,"bu","13:33:04",619900
6690,-40,3200,"sd","13:33:05",623100
6690,-40,600,"sd","13:33:11",623700
6700,-30,8600,"sd","13:33:19",632300
6700,-30,600,"bu","13:34:13",632900
6700,-30,2500,"sd","13:34:26",635400
6700,-30,100,"bu","13:34:49",635500
6720,-10,600,"bu","13:35:20",636100
6700,-30,10000,"bu","13:38:55",646100
6720,-10,3500,"bu","13:40:04",649600
6720,-10,3700,"bu","13:40:21",653300
6720,-10,700,"sd","13:40:35",654000
6720,-10,1000,"sd","13:40:46",655000
6720,-10,2300,"sd","13:42:10",657300
6700,-30,100,"sd","13:42:48",657400
6700,-30,9000,"sd","13:43:37",666400
6700,-30,700,"sd","13:48:16",667100
6700,-30,200,"sd","13:49:19",667300
6700,-30,20000,"sd","13:49:52",687300
6700,-30,7000,"sd","13:53:33",694300
6700,-30,8000,"sd","13:54:44",702300
6700,-30,8600,"bu","13:58:05",710900
6700,-30,200,"bu","13:58:31",711100
6690,-40,100,"sd","13:59:43",711200
6700,-30,200,"sd","14:00:07",711400
6700,-30,100,"bu","14:01:25",711500
6690,-40,800,"bu","14:01:32",712300
6690,-40,15700,"bu","14:01:40",728000
6690,-40,500,"bu","14:01:42",728500
6690,-40,1400,"sd","14:02:23",729900
6690,-40,100,"sd","14:02:25",730000
6690,-40,300,"bu","14:02:42",730300
6690,-40,400,"bu","14:02:59",730700
6690,-40,2700,"sd","14:03:05",733400
6690,-40,1700,"sd","14:03:07",735100
6690,-40,4000,"sd","14:03:44",739100
6700,-30,200,"sd","14:04:53",739300
6690,-40,6400,"bu","14:05:03",745700
6700,-30,300,"bu","14:05:10",746000
6700,-30,600,"bu","14:05:42",746600
6700,-30,500,"sd","14:06:15",747100
6700,-30,2000,"sd","14:07:22",749100
6700,-30,1500,"bu","14:08:26",750600
6690,-40,300,"sd","14:08:54",750900
6700,-30,100,"bu","14:10:20",751000
6690,-40,2400,"bu","14:10:23",753400
6690,-40,3900,"bu","14:11:28",757300
6690,-40,2000,"bu","14:11:54",759300
6690,-40,100,"bu","14:12:04",759400
6690,-40,4700,"bu","14:13:25",764100
6690,-40,4000,"bu","14:13:28",768100
6710,-20,100,"sd","14:13:36",768200
6690,-40,3000,"bu","14:14:04",771200
6690,-40,11600,"sd","14:14:06",782800
6690,-40,9900,"bu","14:14:31",792700
6690,-40,3000,"sd","14:14:33",795700
6710,-20,500,"sd","14:14:49",796200
6690,-40,4000,"sd","14:15:04",800200
6690,-40,1000,"sd","14:15:49",801200
6690,-40,5000,"bu","14:16:51",806200
6720,-10,8100,"sd","14:18:04",814300
6710,-20,100,"sd","14:18:51",814400
6710,-20,10800,"sd","14:20:13",825200
6720,-10,500,"bu","14:21:01",825700
6710,-20,8900,"sd","14:22:01",834600
6690,-40,5000,"bu","14:23:29",839600
6680,-50,10300,"sd","14:24:11",849900
6680,-50,6000,"sd","14:25:04",855900
6720,-10,100,"sd","14:25:33",856000
6720,-10,300,"sd","14:26:10",856300
6680,-50,400,"bu","14:26:42",856700
6680,-50,4200,"sd","14:28:36",860900
6680,-50,100,"bu","14:28:50",861000
6680,-50,300,"sd","14:28:57",861300
6680,-50,10000,"bu","14:29:07",871300
6680,-50,4200,"sd","14:29:46",875500
6700,-30,100,"bu","14:29:56",875600
6680,-50,1000,"sd","14:30:10",876600
6680,-50,2600,"sd","14:30:19",879200
6660,-70,24000,"bu","14:30:29",903200
6660,-70,2000,"sd","14:30:39",905200
6660,-70,7400,"bu","14:31:13",912600
6660,-70,10000,"sd","14:31:28",922600
6670,-60,68500,"sd","14:45:16",991100
