"symbol","time","price","change","vol","total","side"
"AAA","14:45:03",9.4,0.1,63300,2172000,
"AAA","14:29:54",9.4,0.1,100,2108700,"S"
"AAA","14:29:53",9.38,0.08,500,2108600,"B"
"AAA","14:29:50",9.4,0.1,100,2108100,"S"
"AAA","14:29:30",9.4,0.1,500,2108000,"S"
"AAA","14:29:30",9.4,0.1,200,2107500,"S"
"AAA","14:29:09",9.38,0.08,5000,2107300,"B"
"AAA","14:28:41",9.38,0.08,800,2102300,"S"
"AAA","14:28:32",9.38,0.08,200,2101500,"S"
"AAA","14:28:26",9.38,0.08,400,2101300,"S"
"AAA","14:28:13",9.38,0.08,1600,2100900,"B"
"AAA","14:28:00",9.39,0.09,2000,2099300,"S"
"AAA","14:27:33",9.37,0.07,200,2097300,"B"
"AAA","14:27:33",9.37,0.07,1000,2097100,"B"
"AAA","14:27:22",9.4,0.1,4000,2096100,"S"
"AAA","14:27:06",9.4,0.1,100,2092100,"S"
"AAA","14:26:49",9.37,0.07,900,2092000,"B"
"AAA","14:26:17",9.4,0.1,400,2091100,"S"
"AAA","14:26:05",9.38,0.08,5000,2090700,"B"
"AAA","14:25:20",9.4,0.1,100,2085700,"S"
"AAA","14:25:17",9.4,0.1,1000,2085600,"S"
"AAA","14:25:13",9.4,0.1,400,2084600,"S"
"AAA","14:25:04",9.39,0.09,3000,2084200,"B"
"AAA","14:24:41",9.4,0.1,200,2081200,"S"
"AAA","14:24:13",9.38,0.08,10000,2081000,"B"
"AAA","14:24:09",9.4,0.1,400,2071000,"S"
"AAA","14:23:45",9.38,0.08,9000,2070600,"B"
"AAA","14:23:45",9.4,0.1,1000,2061600,"B"
"AAA","14:23:05",9.42,0.12,400,2060600,"S"
"AAA","14:22:17",9.42,0.12,200,2060200,"S"
"AAA","14:22:02",9.42,0.12,200,2060000,"S"
"AAA","14:22:01",9.42,0.12,6600,2059800,"S"
"AAA","14:22:01",9.41,0.11,3800,2053200,"S"
"AAA","14:22:01",9.4,0.1,9600,2049400,"S"
"AAA","14:22:00",9.4,0.1,400,2039800,"S"
"AAA","14:21:37",9.4,0.1,6000,2039400,"S"
"AAA","14:21:34",9.38,0.08,10000,2029400,"B"
"AAA","14:21:33",9.39,0.09,6000,2019400,"B"
"AAA","14:21:29",9.39,0.09,3500,2013400,"S"
"AAA","14:21:14",9.39,0.09,3500,2009900,"B"
"AAA","14:20:56",9.39,0.09,1500,2006400,"S"
"AAA","14:20:56",9.39,0.09,500,2004900,"S"
"AAA","14:20:50",9.39,0.09,3000,2004400,"S"
"AAA","14:20:06",9.38,0.08,3000,2001400,"S"
"AAA","14:19:52",9.38,0.08,400,1998400,"S"
"AAA","14:19:49",9.38,0.08,200,1998000,"S"
"AAA","14:18:00",9.38,0.08,3800,1997800,"B"
"AAA","14:17:53",9.38,0.08,1200,1994000,"S"
"AAA","14:17:41",9.38,0.08,5000,1992800,"S"
"AAA","14:17:37",9.38,0.08,2700,1987800,"S"
"AAA","14:17:11",9.38,0.08,1000,1985100,"S"
"AAA","14:16:55",9.38,0.08,27400,1984100,"S"
"AAA","14:16:55",9.37,0.07,12600,1956700,"S"
"AAA","14:16:34",9.37,0.07,1500,1944100,"B"
"AAA","14:16:33",9.37,0.07,5000,1942600,"B"
"AAA","14:16:05",9.37,0.07,500,1937600,"S"
"AAA","14:15:42",9.36,0.06,500,1937100,"B"
"AAA","14:15:27",9.36,0.06,3000,1936600,"B"
"AAA","14:14:21",9.36,0.06,100,1933600,"B"
"AAA","14:14:20",9.36,0.06,1400,1933500,"S"
"AAA","14:13:55",9.35,0.05,5000,1932100,"B"
"AAA","14:13:47",9.36,0.06,1500,1927100,"S"
"AAA","14:12:04",9.35,0.05,200,1925600,"B"
"AAA","14:11:40",9.35,0.05,1500,1925400,"S"
"AAA","14:11:17",9.35,0.05,1000,1923900,"S"
"AAA","14:10:38",9.35,0.05,200,1922900,"S"
"AAA","14:10:37",9.35,0.05,11800,1922700,"B"
"AAA","14:10:22",9.35,0.05,28200,1910900,"S"
"AAA","14:10:14",9.34,0.04,100,1882700,"B"
"AAA","14:08:54",9.34,0.04,500,1882600,"S"
"AAA","14:08:46",9.34,0.04,6000,1882100,"S"
"AAA","14:08:11",9.34,0.04,500,1876100,"S"
"AAA","14:07:42",9.34,0.04,2700,1875600,"S"
"AAA","14:07:38",9.34,0.04,2000,1872900,"S"
"AAA","14:07:24",9.34,0.04,600,1870900,"S"
"AAA","14:07:24",9.33,0.03,5500,1870300,"B"
"AAA","14:06:48",9.34,0.04,100,1864800,"S"
"AAA","14:06:44",9.34,0.04,1100,1864700,"S"
"AAA","14:06:19",9.34,0.04,1000,1863600,"B"
"AAA","14:06:15",9.34,0.04,300,1862600,"B"
"AAA","14:05:51",9.34,0.04,600,1862300,"B"
"AAA","14:05:47",9.34,0.04,1000,1861700,"B"
"AAA","14:05:42",9.34,0.04,200,1860700,"B"
"AAA","14:05:29",9.34,0.04,200,1860500,"B"
"AAA","14:05:15",9.34,0.04,100,1860300,"B"
"AAA","14:05:13",9.34,0.04,100,1860200,"B"
"AAA","14:04:14",9.34,0.04,100,1860100,"S"
"AAA","14:03:34",9.34,0.04,5000,1860000,"B"
"AAA","14:03:22",9.35,0.05,100,1855000,"S"
"AAA","14:02:50",9.35,0.05,1000,1854900,"S"
"AAA","14:02:21",9.35,0.05,500,1853900,"S"
"AAA","14:02:11",9.35,0.05,100,1853400,"S"
"AAA","14:02:10",9.35,0.05,1000,1853300,"S"
"AAA","14:02:08",9.35,0.05,200,1852300,"S"
"AAA","14:01:43",9.35,0.05,100,1852100,"S"
"AAA","14:01:16",9.35,0.05,200,1852000,"S"
"AAA","14:00:51",9.35,0.05,1500,1851800,"B"
"AAA","14:00:41",9.35,0.05,500,1850300,"S"
"AAA","14:00:21",9.34,0.04,1000,1849800,"B"
"AAA","14:00:18",9.36,0.06,400,1848800,"S"
"AAA","13:59:46",9.36,0.06,500,1848400,"S"
"AAA","13:59:28",9.36,0.06,500,1847900,"S"
"AAA","13:59:01",9.36,0.06,1000,1847400,"S"
"AAA","13:58:40",9.36,0.06,900,1846400,"S"
"AAA","13:58:40",9.35,0.05,100,1845500,"S"
"AAA","13:58:16",9.35,0.05,1000,1845400,"S"
"AAA","13:57:29",9.33,0.03,7000,1844400,"S"
"AAA","13:57:26",9.33,0.03,200,1837400,"S"
"AAA","13:57:21",9.33,0.03,2000,1837200,"S"
"AAA","13:56:45",9.33,0.03,1000,1835200,"S"
"AAA","13:56:32",9.32,0.02,500,1834200,"S"
"AAA","13:56:29",9.32,0.02,100,1833700,"S"
"AAA","13:56:20",9.32,0.02,400,1833600,"B"
"AAA","13:56:10",9.33,0.03,1000,1833200,"S"
"AAA","13:56:08",9.33,0.03,8900,1832200,"B"
"AAA","13:56:08",9.35,0.05,100,1823300,"B"
"AAA","13:55:54",9.33,0.03,5100,1823200,"S"
"AAA","13:55:54",9.32,0.02,1400,1818100,"B"
"AAA","13:55:53",9.32,0.02,15000,1816700,"B"
"AAA","13:55:53",9.33,0.03,100,1801700,"S"
"AAA","13:55:43",9.33,0.03,3000,1801600,"S"
"AAA","13:55:39",9.33,0.03,30000,1798600,"S"
"AAA","13:55:38",9.33,0.03,1000,1768600,"S"
"AAA","13:55:24",9.32,0.02,300,1767600,"B"
"AAA","13:54:45",9.31,0.01,2200,1767300,"B"
"AAA","13:54:45",9.32,0.02,2300,1765100,"B"
"AAA","13:54:31",9.32,0.02,3100,1762800,"B"
"AAA","13:54:27",9.33,0.03,30500,1759700,"B"
"AAA","13:54:11",9.33,0.03,1600,1729200,"B"
"AAA","13:53:36",9.34,0.04,6100,1727600,"B"
"AAA","13:53:36",9.35,0.05,100,1721500,"B"
"AAA","13:53:35",9.35,0.05,100,1721400,"B"
"AAA","13:52:27",9.34,0.04,4000,1721300,"B"
"AAA","13:52:27",9.35,0.05,1000,1717300,"B"
"AAA","13:52:17",9.35,0.05,2000,1716300,"S"
"AAA","13:52:11",9.34,0.04,3000,1714300,"B"
"AAA","13:51:55",9.35,0.05,1000,1711300,"S"
"AAA","13:51:40",9.35,0.05,9400,1710300,"B"
"AAA","13:51:19",9.36,0.06,3000,1700900,"S"
"AAA","13:51:18",9.36,0.06,200,1697900,"S"
"AAA","13:51:08",9.36,0.06,300,1697700,"S"
"AAA","13:50:57",9.36,0.06,2000,1697400,"S"
"AAA","13:49:52",9.36,0.06,500,1695400,"S"
"AAA","13:49:38",9.36,0.06,1000,1694900,"S"
"AAA","13:49:24",9.35,0.05,500,1693900,"B"
"AAA","13:48:31",9.36,0.06,900,1693400,"S"
"AAA","13:47:52",9.36,0.06,100,1692500,"B"
"AAA","13:47:47",9.36,0.06,200,1692400,"B"
"AAA","13:47:26",9.36,0.06,700,1692200,"B"
"AAA","13:45:31",9.36,0.06,5000,1691500,"S"
"AAA","13:45:30",9.35,0.05,300,1686500,"B"
"AAA","13:45:15",9.35,0.05,4100,1686200,"B"
"AAA","13:44:55",9.35,0.05,2000,1682100,"B"
"AAA","13:44:20",9.35,0.05,500,1680100,"B"
"AAA","13:44:20",9.36,0.06,200,1679600,"B"
"AAA","13:44:10",9.36,0.06,300,1679400,"S"
"AAA","13:44:07",9.36,0.06,800,1679100,"B"
"AAA","13:44:02",9.36,0.06,2500,1678300,"B"
"AAA","13:43:48",9.36,0.06,2500,1675800,"B"
"AAA","13:42:19",9.38,0.08,3200,1673300,"B"
"AAA","13:41:31",9.38,0.08,100,1670100,"B"
"AAA","13:40:45",9.38,0.08,600,1670000,"B"
"AAA","13:40:31",9.39,0.09,4000,1669400,"S"
"AAA","13:39:57",9.38,0.08,400,1665400,"S"
"AAA","13:39:49",9.38,0.08,1400,1665000,"S"
"AAA","13:39:34",9.36,0.06,700,1663600,"B"
"AAA","13:38:58",9.36,0.06,200,1662900,"B"
"AAA","13:38:51",9.38,0.08,6300,1662700,"S"
"AAA","13:37:15",9.38,0.08,20900,1656400,"B"
"AAA","13:35:41",9.38,0.08,5000,1635500,"B"
"AAA","13:35:10",9.4,0.1,200,1630500,"B"
"AAA","13:35:07",9.4,0.1,1000,1630300,"B"
"AAA","13:34:42",9.4,0.1,10000,1629300,"B"
"AAA","13:34:16",9.4,0.1,10000,1619300,"B"
"AAA","13:33:40",9.4,0.1,5400,1609300,"S"
"AAA","13:33:02",9.4,0.1,900,1603900,"S"
"AAA","13:32:54",9.4,0.1,200,1603000,"S"
"AAA","13:32:07",9.4,0.1,5000,1602800,"S"
"AAA","13:31:33",9.4,0.1,600,1597800,"S"
"AAA","13:31:10",9.4,0.1,6000,1597200,"S"
"AAA","13:31:06",9.4,0.1,2000,1591200,"S"
"AAA","13:30:54",9.39,0.09,1300,1589200,"S"
"AAA","13:30:51",9.39,0.09,10000,1587900,"S"
"AAA","13:30:50",9.39,0.09,1500,1577900,"S"
"AAA","13:30:29",9.39,0.09,1000,1576400,"S"
"AAA","13:30:18",9.39,0.09,1100,1575400,"S"
"AAA","13:30:05",9.39,0.09,5000,1574300,"S"
"AAA","13:29:51",9.38,0.08,1200,1569300,"S"
"AAA","13:29:48",9.38,0.08,400,1568100,"S"
"AAA","13:29:35",9.38,0.08,4100,1567700,"S"
"AAA","13:28:25",9.39,0.09,500,1563600,"S"
"AAA","13:28:01",9.39,0.09,100,1563100,"S"
"AAA","13:28:01",9.38,0.08,200,1563000,"S"
"AAA","13:27:20",9.35,0.05,7900,1562800,"S"
"AAA","13:27:05",9.35,0.05,3000,1554900,"S"
"AAA","13:26:46",9.35,0.05,2000,1551900,"S"
"AAA","13:26:29",9.34,0.04,100,1549900,"B"
"AAA","13:26:01",9.34,0.04,100,1549800,"B"
"AAA","13:25:54",9.34,0.04,300,1549700,"S"
"AAA","13:25:44",9.34,0.04,900,1549400,"S"
"AAA","13:25:42",9.34,0.04,1000,1548500,"S"
"AAA","13:25:37",9.34,0.04,5000,1547500,"S"
"AAA","13:25:30",9.34,0.04,700,1542500,"S"
"AAA","13:25:20",9.34,0.04,100,1541800,"S"
"AAA","13:25:18",9.33,0.03,800,1541700,"B"
"AAA","13:25:08",9.34,0.04,2000,1540900,"B"
"AAA","13:24:23",9.35,0.05,100,1538900,"S"
"AAA","13:24:23",9.33,0.03,600,1538800,"B"
"AAA","13:23:44",9.33,0.03,10000,1538200,"B"
"AAA","13:22:34",9.32,0.02,900,1528200,"B"
"AAA","13:22:34",9.33,0.03,20100,1527300,"B"
"AAA","13:21:41",9.33,0.03,100,1507200,"S"
"AAA","13:21:32",9.33,0.03,9200,1507100,"B"
"AAA","13:19:06",9.33,0.03,3800,1497900,"B"
"AAA","13:19:06",9.34,0.04,2800,1494100,"B"
"AAA","13:19:06",9.37,0.07,3400,1491300,"B"
"AAA","13:18:12",9.37,0.07,800,1487900,"S"
"AAA","13:18:12",9.34,0.04,900,1487100,"S"
"AAA","13:18:05",9.34,0.04,100,1486200,"S"
"AAA","13:17:40",9.34,0.04,500,1486100,"S"
"AAA","13:17:30",9.34,0.04,11200,1485600,"B"
"AAA","13:17:30",9.35,0.05,1600,1474400,"B"
"AAA","13:17:30",9.36,0.06,4900,1472800,"B"
"AAA","13:17:30",9.37,0.07,3000,1467900,"B"
"AAA","13:16:25",9.37,0.07,2100,1464900,"S"
"AAA","13:16:19",9.37,0.07,300,1462800,"S"
"AAA","13:15:55",9.38,0.08,100,1462500,"B"
"AAA","13:14:59",9.37,0.07,100,1462400,"S"
"AAA","13:14:41",9.37,0.07,400,1462300,"B"
"AAA","13:13:28",9.39,0.09,100,1461900,"S"
"AAA","13:13:01",9.39,0.09,100,1461800,"S"
"AAA","13:12:04",9.39,0.09,1000,1461700,"S"
"AAA","13:11:26",9.39,0.09,100,1460700,"S"
"AAA","13:10:26",9.38,0.08,400,1460600,"S"
"AAA","13:10:14",9.37,0.07,100,1460200,"S"
"AAA","13:08:42",9.37,0.07,400,1460100,"B"
"AAA","13:07:40",9.37,0.07,600,1459700,"B"
"AAA","13:06:54",9.36,0.06,300,1459100,"B"
"AAA","13:06:46",9.36,0.06,200,1458800,"B"
"AAA","13:06:37",9.36,0.06,400,1458600,"B"
"AAA","13:06:23",9.36,0.06,2300,1458200,"S"
"AAA","13:06:09",9.36,0.06,1500,1455900,"S"
"AAA","13:05:57",9.36,0.06,1000,1454400,"S"
"AAA","13:05:15",9.36,0.06,100,1453400,"S"
"AAA","13:05:07",9.35,0.05,3000,1453300,"S"
"AAA","13:05:05",9.34,0.04,300,1450300,"B"
"AAA","13:04:49",9.35,0.05,20000,1450000,"S"
"AAA","13:04:44",9.34,0.04,1000,1430000,"B"
"AAA","13:03:56",9.34,0.04,300,1429000,"S"
"AAA","13:03:42",9.34,0.04,500,1428700,"S"
"AAA","13:03:15",9.34,0.04,1000,1428200,"B"
"AAA","13:03:05",9.34,0.04,1500,1427200,"S"
"AAA","13:02:58",9.34,0.04,900,1425700,"S"
"AAA","13:01:56",9.34,0.04,200,1424800,"S"
"AAA","13:01:15",9.33,0.03,4200,1424600,"B"
"AAA","13:00:23",9.34,0.04,3000,1420400,"S"
"AAA","13:00:15",9.34,0.04,600,1417400,"S"
"AAA","13:00:13",9.34,0.04,5000,1416800,"S"
"AAA","13:00:11",9.33,0.03,2500,1411800,"B"
"AAA","13:00:07",9.33,0.03,100,1409300,"B"
"AAA","13:00:07",9.34,0.04,100,1409200,"S"
"AAA","13:00:07",9.33,0.03,800,1409100,"B"
"AAA","13:00:06",9.34,0.04,200,1408300,"S"
"AAA","13:00:03",9.35,0.05,100,1408100,"S"
"AAA","13:00:03",9.34,0.04,1100,1408000,"B"
"AAA","13:00:03",9.35,0.05,100,1406900,"S"
"AAA","13:00:03",9.34,0.04,700,1406800,"B"
"AAA","13:00:03",9.35,0.05,300,1406100,"S"
"AAA","13:00:03",9.34,0.04,100,1405800,"B"
"AAA","11:29:48",9.35,0.05,100,1405700,"S"
"AAA","11:29:23",9.34,0.04,1000,1405600,"B"
"AAA","11:28:48",9.34,0.04,1000,1404600,"B"
"AAA","11:28:39",9.35,0.05,100,1403600,"S"
"AAA","11:28:30",9.35,0.05,100,1403500,"S"
"AAA","11:28:25",9.35,0.05,1000,1403400,"S"
"AAA","11:28:09",9.35,0.05,500,1402400,"S"
"AAA","11:28:06",9.35,0.05,300,1401900,"S"
"AAA","11:27:59",9.35,0.05,1800,1401600,"S"
"AAA","11:27:19",9.35,0.05,58800,1399800,"B"
"AAA","11:27:10",9.36,0.06,5300,1341000,"B"
"AAA","11:25:44",9.36,0.06,200,1335700,"S"
"AAA","11:25:41",9.36,0.06,300,1335500,"S"
"AAA","11:25:32",9.36,0.06,800,1335200,"S"
"AAA","11:25:00",9.36,0.06,200,1334400,"S"
"AAA","11:24:58",9.36,0.06,21000,1334200,"B"
"AAA","11:24:58",9.36,0.06,100,1313200,"B"
"AAA","11:24:58",9.37,0.07,22900,1313100,"B"
"AAA","11:24:58",9.38,0.08,4500,1290200,"B"
"AAA","11:23:07",9.38,0.08,3000,1285700,"B"
"AAA","11:22:26",9.38,0.08,5000,1282700,"B"
"AAA","11:22:05",9.38,0.08,1000,1277700,"B"
"AAA","11:21:16",9.38,0.08,200,1276700,"B"
"AAA","11:20:34",9.39,0.09,18900,1276500,"B"
"AAA","11:20:26",9.39,0.09,1100,1257600,"S"
"AAA","11:19:59",9.39,0.09,100,1256500,"S"
"AAA","11:19:18",9.39,0.09,1000,1256400,"S"
"AAA","11:17:35",9.39,0.09,100,1255400,"S"
"AAA","11:17:13",9.39,0.09,100,1255300,"S"
"AAA","11:16:53",9.39,0.09,200,1255200,"B"
"AAA","11:16:26",9.38,0.08,1200,1255000,"B"
"AAA","11:15:58",9.39,0.09,800,1253800,"B"
"AAA","11:14:45",9.39,0.09,200,1253000,"S"
"AAA","11:12:19",9.39,0.09,1000,1252800,"B"
"AAA","11:10:28",9.39,0.09,1000,1251800,"S"
"AAA","11:10:27",9.39,0.09,200,1250800,"S"
"AAA","11:10:12",9.39,0.09,1000,1250600,"S"
"AAA","11:09:33",9.39,0.09,500,1249600,"S"
"AAA","11:08:52",9.38,0.08,6000,1249100,"B"
"AAA","11:08:35",9.38,0.08,6000,1243100,"B"
"AAA","11:07:36",9.39,0.09,900,1237100,"S"
"AAA","11:07:09",9.39,0.09,200,1236200,"S"
"AAA","11:06:16",9.39,0.09,200,1236000,"S"
"AAA","11:05:40",9.39,0.09,14700,1235800,"B"
"AAA","11:05:30",9.39,0.09,1000,1221100,"B"
"AAA","11:04:54",9.39,0.09,2900,1220100,"B"
"AAA","11:03:35",9.4,0.1,1000,1217200,"S"
"AAA","11:03:03",9.39,0.09,3000,1216200,"B"
"AAA","11:02:55",9.39,0.09,400,1213200,"B"
"AAA","10:59:13",9.39,0.09,28000,1212800,"B"
"AAA","10:58:16",9.4,0.1,2000,1184800,"S"
"AAA","10:56:38",9.4,0.1,200,1182800,"B"
"AAA","10:56:37",9.4,0.1,7200,1182600,"B"
"AAA","10:56:10",9.4,0.1,15000,1175400,"B"
"AAA","10:56:09",9.4,0.1,400,1160400,"B"
"AAA","10:56:03",9.4,0.1,28000,1160000,"S"
"AAA","10:55:44",9.38,0.08,100,1131800,"B"
"AAA","10:55:11",9.39,0.09,1000,1131700,"S"
"AAA","10:55:02",9.39,0.09,200,1130700,"B"
"AAA","10:54:50",9.39,0.09,1200,1130500,"B"
"AAA","10:54:21",9.39,0.09,100,1129300,"S"
"AAA","10:54:02",9.39,0.09,100,1129200,"S"
"AAA","10:53:16",9.38,0.08,8600,1129100,"B"
"AAA","10:53:16",9.39,0.09,11400,1120500,"B"
"AAA","10:52:35",9.39,0.09,4000,1109100,"B"
"AAA","10:51:54",9.39,0.09,10700,1105100,"B"
"AAA","10:51:02",9.39,0.09,100,1094400,"B"
"AAA","10:50:50",9.39,0.09,3200,1094300,"S"
"AAA","10:50:38",9.39,0.09,1700,1091100,"S"
"AAA","10:50:03",9.39,0.09,15500,1089400,"B"
"AAA","10:49:01",9.4,0.1,100,1073900,"S"
"AAA","10:48:44",9.4,0.1,100,1073800,"S"
"AAA","10:48:39",9.4,0.1,100,1073700,"S"
"AAA","10:48:20",9.39,0.09,15000,1073600,"B"
"AAA","10:48:17",9.4,0.1,5000,1058600,"S"
"AAA","10:48:02",9.39,0.09,6000,1053600,"B"
"AAA","10:47:40",9.4,0.1,100,1047600,"S"
"AAA","10:47:31",9.4,0.1,200,1047500,"S"
"AAA","10:47:25",9.4,0.1,1000,1047300,"S"
"AAA","10:47:10",9.4,0.1,200,1046300,"S"
"AAA","10:46:23",9.4,0.1,100,1046100,"S"
"AAA","10:44:32",9.4,0.1,1000,1046000,"S"
"AAA","10:43:20",9.4,0.1,1500,1045000,"S"
"AAA","10:43:13",9.4,0.1,1500,1043500,"S"
"AAA","10:43:09",9.4,0.1,5000,1042000,"S"
"AAA","10:42:53",9.4,0.1,1000,1037000,"S"
"AAA","10:42:00",9.4,0.1,500,1036000,"S"
"AAA","10:41:59",9.4,0.1,8500,1035500,"B"
"AAA","10:41:58",9.4,0.1,16400,1027000,"B"
"AAA","10:41:58",9.41,0.11,7100,1010600,"B"
"AAA","10:40:56",9.41,0.11,6000,1003500,"B"
"AAA","10:40:07",9.42,0.12,500,997500,"S"
"AAA","10:38:35",9.42,0.12,300,997000,"S"
"AAA","10:38:13",9.41,0.11,500,996700,"B"
"AAA","10:38:08",9.41,0.11,1000,996200,"B"
"AAA","10:37:58",9.41,0.11,5000,995200,"B"
"AAA","10:37:53",9.41,0.11,5000,990200,"B"
"AAA","10:37:41",9.41,0.11,700,985200,"B"
"AAA","10:35:41",9.41,0.11,1800,984500,"S"
"AAA","10:35:28",9.41,0.11,9900,982700,"B"
"AAA","10:33:46",9.43,0.13,1000,972800,"S"
"AAA","10:33:42",9.43,0.13,900,971800,"S"
"AAA","10:33:01",9.43,0.13,100,970900,"S"
"AAA","10:32:45",9.42,0.12,100,970800,"S"
"AAA","10:32:36",9.41,0.11,1700,970700,"S"
"AAA","10:32:05",9.41,0.11,100,969000,"S"
"AAA","10:31:56",9.4,0.1,1400,968900,"S"
"AAA","10:31:49",9.4,0.1,100,967500,"S"
"AAA","10:31:43",9.4,0.1,5000,967400,"S"
"AAA","10:31:40",9.4,0.1,500,962400,"S"
"AAA","10:31:25",9.4,0.1,100,961900,"S"
"AAA","10:30:51",9.39,0.09,200,961800,"B"
"AAA","10:30:36",9.4,0.1,42900,961600,"B"
"AAA","10:30:13",9.41,0.11,8200,918700,"B"
"AAA","10:29:16",9.41,0.11,19100,910500,"B"
"AAA","10:29:16",9.42,0.12,7000,891400,"B"
"AAA","10:29:16",9.43,0.13,900,884400,"B"
"AAA","10:29:12",9.43,0.13,600,883500,"S"
"AAA","10:29:04",9.43,0.13,200,882900,"S"
"AAA","10:28:50",9.43,0.13,3300,882700,"S"
"AAA","10:28:48",9.42,0.12,3000,879400,"B"
"AAA","10:28:37",9.43,0.13,100,876400,"S"
"AAA","10:28:31",9.43,0.13,100,876300,"S"
"AAA","10:27:50",9.43,0.13,700,876200,"B"
"AAA","10:27:25",9.43,0.13,100,875500,"B"
"AAA","10:27:23",9.43,0.13,500,875400,"B"
"AAA","10:27:17",9.43,0.13,4600,874900,"B"
"AAA","10:27:01",9.43,0.13,1000,870300,"B"
"AAA","10:26:28",9.43,0.13,2500,869300,"B"
"AAA","10:26:07",9.43,0.13,100,866800,"B"
"AAA","10:25:17",9.43,0.13,500,866700,"B"
"AAA","10:23:37",9.43,0.13,100,866200,"B"
"AAA","10:23:23",9.43,0.13,500,866100,"B"
"AAA","10:21:28",9.45,0.15,500,865600,"S"
"AAA","10:21:01",9.45,0.15,300,865100,"S"
"AAA","10:21:01",9.43,0.13,300,864800,"B"
"AAA","10:20:55",9.45,0.15,1400,864500,"S"
"AAA","10:20:55",9.43,0.13,1600,863100,"S"
"AAA","10:20:24",9.43,0.13,1200,861500,"B"
"AAA","10:20:24",9.43,0.13,200,860300,"B"
"AAA","10:20:20",9.43,0.13,4800,860100,"S"
"AAA","10:20:06",9.43,0.13,900,855300,"S"
"AAA","10:20:05",9.43,0.13,2900,854400,"S"
"AAA","10:19:59",9.43,0.13,100,851500,"S"
"AAA","10:19:57",9.43,0.13,10300,851400,"B"
"AAA","10:19:26",9.44,0.14,100,841100,"B"
"AAA","10:19:19",9.44,0.14,800,841000,"S"
"AAA","10:18:29",9.44,0.14,2000,840200,"S"
"AAA","10:18:24",9.44,0.14,1000,838200,"S"
"AAA","10:17:36",9.44,0.14,200,837200,"S"
"AAA","10:17:18",9.44,0.14,300,837000,"S"
"AAA","10:16:30",9.44,0.14,5000,836700,"S"
"AAA","10:15:10",9.43,0.13,100,831700,"S"
"AAA","10:14:16",9.43,0.13,1000,831600,"S"
"AAA","10:14:09",9.42,0.12,1900,830600,"B"
"AAA","10:11:23",9.44,0.14,1200,828700,"B"
"AAA","10:11:06",9.44,0.14,1000,827500,"B"
"AAA","10:10:53",9.44,0.14,2000,826500,"B"
"AAA","10:10:41",9.44,0.14,2400,824500,"S"
"AAA","10:10:41",9.43,0.13,5400,822100,"S"
"AAA","10:10:24",9.43,0.13,7000,816700,"S"
"AAA","10:10:00",9.43,0.13,1000,809700,"S"
"AAA","10:09:26",9.42,0.12,200,808700,"B"
"AAA","10:09:23",9.43,0.13,100,808500,"S"
"AAA","10:08:59",9.42,0.12,200,808400,"B"
"AAA","10:08:16",9.42,0.12,300,808200,"S"
"AAA","10:07:50",9.41,0.11,100,807900,"B"
"AAA","10:07:19",9.41,0.11,200,807800,"B"
"AAA","10:07:09",9.41,0.11,10000,807600,"B"
"AAA","10:07:03",9.42,0.12,200,797600,"S"
"AAA","10:06:57",9.42,0.12,100,797400,"B"
"AAA","10:06:51",9.43,0.13,3200,797300,"S"
"AAA","10:06:26",9.43,0.13,900,794100,"S"
"AAA","10:06:07",9.43,0.13,100,793200,"S"
"AAA","10:05:51",9.43,0.13,5900,793100,"S"
"AAA","10:05:51",9.42,0.12,100,787200,"S"
"AAA","10:05:35",9.42,0.12,300,787100,"B"
"AAA","10:05:11",9.43,0.13,2000,786800,"S"
"AAA","10:04:17",9.42,0.12,27700,784800,"B"
"AAA","10:03:31",9.43,0.13,100,757100,"S"
"AAA","10:03:06",9.43,0.13,200,757000,"S"
"AAA","10:02:46",9.43,0.13,36000,756800,"B"
"AAA","10:02:46",9.44,0.14,200,720800,"B"
"AAA","10:02:37",9.44,0.14,2000,720600,"B"
"AAA","10:00:29",9.44,0.14,1000,718600,"S"
"AAA","09:59:54",9.44,0.14,600,717600,"B"
"AAA","09:59:27",9.45,0.15,500,717000,"S"
"AAA","09:58:42",9.45,0.15,7500,716500,"B"
"AAA","09:57:52",9.45,0.15,200,709000,"B"
"AAA","09:57:43",9.46,0.16,1000,708800,"S"
"AAA","09:57:35",9.45,0.15,3000,707800,"B"
"AAA","09:57:27",9.45,0.15,1500,704800,"B"
"AAA","09:57:26",9.45,0.15,1000,703300,"S"
"AAA","09:57:19",9.45,0.15,1000,702300,"S"
"AAA","09:57:16",9.45,0.15,10000,701300,"S"
"AAA","09:57:13",9.45,0.15,3500,691300,"S"
"AAA","09:57:12",9.45,0.15,600,687800,"S"
"AAA","09:57:11",9.44,0.14,500,687200,"B"
"AAA","09:57:09",9.45,0.15,10000,686700,"S"
"AAA","09:56:52",9.45,0.15,1000,676700,"S"
"AAA","09:56:31",9.45,0.15,400,675700,"S"
"AAA","09:56:18",9.45,0.15,500,675300,"S"
"AAA","09:55:53",9.45,0.15,1400,674800,"S"
"AAA","09:55:45",9.44,0.14,12400,673400,"S"
"AAA","09:55:17",9.44,0.14,100,661000,"S"
"AAA","09:55:12",9.44,0.14,100,660900,"S"
"AAA","09:54:53",9.44,0.14,300,660800,"B"
"AAA","09:54:49",9.44,0.14,4000,660500,"B"
"AAA","09:54:47",9.44,0.14,500,656500,"B"
"AAA","09:54:23",9.44,0.14,1000,656000,"B"
"AAA","09:53:59",9.45,0.15,20000,655000,"S"
"AAA","09:53:57",9.44,0.14,100,635000,"B"
"AAA","09:53:54",9.44,0.14,500,634900,"B"
"AAA","09:53:40",9.44,0.14,200,634400,"B"
"AAA","09:53:27",9.44,0.14,100,634200,"B"
"AAA","09:53:17",9.44,0.14,400,634100,"B"
"AAA","09:53:14",9.44,0.14,10000,633700,"B"
"AAA","09:53:07",9.44,0.14,300,623700,"B"
"AAA","09:52:59",9.44,0.14,100,623400,"B"
"AAA","09:52:47",9.45,0.15,900,623300,"S"
"AAA","09:52:24",9.45,0.15,8800,622400,"S"
"AAA","09:52:09",9.44,0.14,400,613600,"S"
"AAA","09:52:09",9.44,0.14,1000,613200,"S"
"AAA","09:52:06",9.44,0.14,300,612200,"S"
"AAA","09:51:42",9.44,0.14,500,611900,"S"
"AAA","09:51:33",9.43,0.13,200,611400,"B"
"AAA","09:51:25",9.44,0.14,200,611200,"S"
"AAA","09:51:09",9.43,0.13,100,611000,"B"
"AAA","09:51:09",9.44,0.14,400,610900,"B"
"AAA","09:51:08",9.44,0.14,100,610500,"S"
"AAA","09:51:04",9.44,0.14,100,610400,"S"
"AAA","09:50:44",9.45,0.15,10000,610300,"S"
"AAA","09:50:30",9.43,0.13,200,600300,"B"
"AAA","09:50:04",9.43,0.13,1000,600100,"S"
"AAA","09:49:58",9.43,0.13,3000,599100,"S"
"AAA","09:49:49",9.43,0.13,1000,596100,"S"
"AAA","09:49:33",9.42,0.12,3300,595100,"S"
"AAA","09:49:26",9.42,0.12,2000,591800,"S"
"AAA","09:49:24",9.42,0.12,31500,589800,"S"
"AAA","09:49:20",9.42,0.12,500,558300,"S"
"AAA","09:49:00",9.42,0.12,10000,557800,"S"
"AAA","09:48:54",9.4,0.1,300,547800,"B"
"AAA","09:48:39",9.4,0.1,2700,547500,"B"
"AAA","09:48:27",9.4,0.1,100,544800,"B"
"AAA","09:48:13",9.4,0.1,9900,544700,"S"
"AAA","09:47:55",9.39,0.09,5000,534800,"B"
"AAA","09:47:35",9.39,0.09,200,529800,"B"
"AAA","09:47:26",9.39,0.09,5500,529600,"S"
"AAA","09:46:43",9.38,0.08,200,524100,"B"
"AAA","09:46:28",9.39,0.09,1000,523900,"S"
"AAA","09:46:17",9.39,0.09,100,522900,"S"
"AAA","09:46:09",9.39,0.09,2000,522800,"S"
"AAA","09:45:35",9.39,0.09,2000,520800,"S"
"AAA","09:45:26",9.39,0.09,10900,518800,"B"
"AAA","09:45:25",9.4,0.1,30100,507900,"S"
"AAA","09:45:01",9.39,0.09,1000,477800,"B"
"AAA","09:45:00",9.39,0.09,1000,476800,"B"
"AAA","09:44:41",9.39,0.09,1000,475800,"B"
"AAA","09:44:33",9.39,0.09,100,474800,"B"
"AAA","09:44:25",9.39,0.09,1000,474700,"B"
"AAA","09:44:11",9.39,0.09,7800,473700,"B"
"AAA","09:44:04",9.39,0.09,100,465900,"B"
"AAA","09:43:37",9.39,0.09,200,465800,"B"
"AAA","09:43:26",9.4,0.1,200,465600,"S"
"AAA","09:43:23",9.4,0.1,200,465400,"S"
"AAA","09:42:55",9.4,0.1,42800,465200,"B"
"AAA","09:42:55",9.41,0.11,3500,422400,"B"
"AAA","09:42:25",9.42,0.12,100,418900,"S"
"AAA","09:42:19",9.41,0.11,3000,418800,"B"
"AAA","09:41:33",9.42,0.12,100,415800,"S"
"AAA","09:41:26",9.42,0.12,900,415700,"S"
"AAA","09:40:43",9.42,0.12,1900,414800,"B"
"AAA","09:40:37",9.42,0.12,1000,412900,"B"
"AAA","09:40:07",9.42,0.12,10000,411900,"B"
"AAA","09:39:42",9.45,0.15,100,401900,"S"
"AAA","09:39:29",9.42,0.12,1000,401800,"S"
"AAA","09:39:22",9.45,0.15,300,400800,"S"
"AAA","09:38:58",9.41,0.11,500,400500,"B"
"AAA","09:38:57",9.41,0.11,100,400000,"B"
"AAA","09:38:47",9.41,0.11,100,399900,"B"
"AAA","09:38:45",9.41,0.11,3300,399800,"S"
"AAA","09:38:41",9.41,0.11,300,396500,"S"
"AAA","09:38:37",9.41,0.11,5000,396200,"S"
"AAA","09:38:33",9.41,0.11,400,391200,"S"
"AAA","09:38:32",9.41,0.11,10000,390800,"S"
"AAA","09:38:26",9.41,0.11,6000,380800,"S"
"AAA","09:38:15",9.41,0.11,400,374800,"S"
"AAA","09:38:05",9.41,0.11,200,374400,"S"
"AAA","09:37:59",9.41,0.11,2000,374200,"S"
"AAA","09:37:57",9.4,0.1,200,372200,"B"
"AAA","09:37:46",9.4,0.1,10000,372000,"B"
"AAA","09:37:45",9.41,0.11,500,362000,"S"
"AAA","09:37:38",9.41,0.11,500,361500,"S"
"AAA","09:37:37",9.41,0.11,2100,361000,"S"
"AAA","09:37:33",9.4,0.1,500,358900,"B"
"AAA","09:37:27",9.41,0.11,200,358400,"S"
"AAA","09:37:19",9.41,0.11,6100,358200,"B"
"AAA","09:37:19",9.42,0.12,9000,352100,"B"
"AAA","09:37:19",9.43,0.13,4000,343100,"B"
"AAA","09:37:18",9.43,0.13,2200,339100,"B"
"AAA","09:37:18",9.44,0.14,800,336900,"B"
"AAA","09:37:09",9.45,0.15,3900,336100,"S"
"AAA","09:37:05",9.43,0.13,200,332200,"B"
"AAA","09:36:31",9.45,0.15,3900,332000,"S"
"AAA","09:36:21",9.45,0.15,100,328100,"S"
"AAA","09:36:14",9.45,0.15,3300,328000,"B"
"AAA","09:36:09",9.47,0.17,6400,324700,"S"
"AAA","09:36:09",9.46,0.16,1300,318300,"S"
"AAA","09:36:09",9.45,0.15,200,317000,"S"
"AAA","09:36:03",9.45,0.15,5000,316800,"S"
"AAA","09:35:57",9.45,0.15,200,311800,"S"
"AAA","09:35:50",9.45,0.15,2300,311600,"S"
"AAA","09:35:48",9.45,0.15,10000,309300,"S"
"AAA","09:35:26",9.45,0.15,500,299300,"S"
"AAA","09:35:21",9.45,0.15,2000,298800,"B"
"AAA","09:35:19",9.45,0.15,200,296800,"B"
"AAA","09:35:17",9.45,0.15,2800,296600,"S"
"AAA","09:35:11",9.45,0.15,100,293800,"S"
"AAA","09:35:09",9.45,0.15,8000,293700,"S"
"AAA","09:34:49",9.45,0.15,1500,285700,"S"
"AAA","09:34:37",9.45,0.15,2500,284200,"S"
"AAA","09:34:33",9.45,0.15,800,281700,"S"
"AAA","09:34:29",9.45,0.15,77800,280700,"S"
"AAA","09:34:29",9.44,0.14,7300,202900,"S"
"AAA","09:34:00",9.44,0.14,1000,195600,"S"
"AAA","09:33:42",9.44,0.14,10000,194600,"S"
"AAA","09:33:41",9.42,0.12,200,184600,"B"
"AAA","09:33:31",9.43,0.13,1100,184400,"S"
"AAA","09:33:14",9.42,0.12,1000,183300,"B"
"AAA","09:33:11",9.43,0.13,100,182300,"S"
"AAA","09:33:08",9.42,0.12,100,182200,"B"
"AAA","09:32:46",9.42,0.12,100,182100,"B"
"AAA","09:32:42",9.42,0.12,100,182000,"B"
"AAA","09:32:41",9.42,0.12,100,181900,"B"
"AAA","09:32:39",9.43,0.13,100,181800,"S"
"AAA","09:32:33",9.42,0.12,200,181700,"S"
"AAA","09:32:29",9.42,0.12,1700,181500,"S"
"AAA","09:32:24",9.42,0.12,100,179800,"B"
"AAA","09:31:56",9.42,0.12,10000,179700,"B"
"AAA","09:31:54",9.44,0.14,100,169700,"S"
"AAA","09:31:30",9.44,0.14,900,169600,"S"
"AAA","09:31:30",9.43,0.13,100,168700,"S"
"AAA","09:31:15",9.41,0.11,1000,159500,"S"
"AAA","09:31:05",9.4,0.1,5000,158500,"B"
"AAA","09:31:04",9.41,0.11,100,153500,"S"
"AAA","09:30:56",9.41,0.11,100,153400,"S"
"AAA","09:30:51",9.41,0.11,1800,153300,"B"
"AAA","09:30:47",9.41,0.11,1000,151500,"B"
"AAA","09:30:43",9.41,0.11,1100,150500,"B"
"AAA","09:30:36",9.41,0.11,100,149400,"B"
"AAA","09:30:23",9.41,0.11,1500,149300,"S"
"AAA","09:30:18",9.41,0.11,5000,147800,"S"
"AAA","09:30:15",9.4,0.1,100,142800,"B"
"AAA","09:30:09",9.41,0.11,2500,142700,"S"
"AAA","09:30:05",9.41,0.11,1000,140200,"S"
"AAA","09:29:53",9.4,0.1,17100,139200,"S"
"AAA","09:29:51",9.39,0.09,200,122100,"B"
"AAA","09:29:41",9.39,0.09,300,121900,"B"
"AAA","09:29:31",9.4,0.1,50000,121600,"S"
"AAA","09:29:31",9.39,0.09,3000,71600,"B"
"AAA","09:29:30",9.39,0.09,100,68600,"B"
"AAA","09:29:23",9.39,0.09,500,68500,"B"
"AAA","09:29:03",9.39,0.09,4200,68000,"S"
"AAA","09:28:42",9.38,0.08,1000,63800,"B"
"AAA","09:28:31",9.39,0.09,5000,62800,"S"
"AAA","09:28:30",9.39,0.09,2000,57800,"S"
"AAA","09:28:06",9.38,0.08,1200,55800,"S"
"AAA","09:27:50",9.38,0.08,5000,54600,"S"
"AAA","09:27:49",9.38,0.08,100,49600,"S"
"AAA","09:27:34",9.38,0.08,1600,49500,"S"
"AAA","09:27:34",9.37,0.07,600,47900,"S"
"AAA","09:26:29",9.37,0.07,400,47300,"B"
"AAA","09:25:27",9.37,0.07,500,46900,"S"
"AAA","09:25:09",9.37,0.07,2000,46400,"S"
"AAA","09:24:29",9.37,0.07,200,44400,"S"
"AAA","09:22:34",9.37,0.07,900,44200,"S"
"AAA","09:22:17",9.37,0.07,200,43300,"B"
"AAA","09:22:08",9.38,0.08,1700,43100,"S"
"AAA","09:22:05",9.37,0.07,400,41100,"B"
"AAA","09:21:50",9.37,0.07,600,40700,"S"
"AAA","09:21:40",9.37,0.07,6000,40100,"S"
"AAA","09:20:53",9.37,0.07,1000,34100,"S"
"AAA","09:20:42",9.37,0.07,500,33100,"B"
"AAA","09:20:08",9.37,0.07,100,32600,"B"
"AAA","09:19:58",9.33,0.03,200,32500,"B"
"AAA","09:19:57",9.34,0.04,2000,32300,"B"
"AAA","09:19:07",9.33,0.03,500,30300,"B"
"AAA","09:18:48",9.4,0.1,400,29800,"S"
"AAA","09:18:48",9.39,0.09,200,29400,"S"
"AAA","09:18:48",9.38,0.08,100,29200,"S"
"AAA","09:18:48",9.37,0.07,500,29100,"S"
"AAA","09:18:48",9.35,0.05,800,28600,"S"
"AAA","09:18:32",9.33,0.03,2000,27800,"S"
"AAA","09:18:28",9.33,0.03,1000,25800,"S"
"AAA","09:18:14",9.33,0.03,400,24800,"S"
"AAA","09:17:48",9.33,0.03,3000,24400,"S"
"AAA","09:16:32",9.33,0.03,12500,21400,"S"
"AAA","09:16:19",9.3,0,3000,8900,"B"
"AAA","09:15:03",9.3,0,5900,5900,
