"symbol","time","price","change","vol","total","side"
"C4G","14:59:44",11.9,0.3,2000,1926000,
"C4G","14:59:42",11.9,0.3,3800,1924000,
"C4G","14:59:41",11.9,0.3,200,1920200,
"C4G","14:59:39",11.9,0.3,100,1920000,
"C4G","14:59:33",11.9,0.3,800,1919900,
"C4G","14:59:21",11.9,0.3,200,1919100,
"C4G","14:59:19",11.9,0.3,700,1918900,
"C4G","14:59:18",11.9,0.3,100,1918200,
"C4G","14:59:13",11.9,0.3,50000,1918100,
"C4G","14:58:44",11.9,0.3,200,1868100,
"C4G","14:58:00",11.9,0.3,100,1867900,
"C4G","14:57:54",11.9,0.3,3000,1867800,
"C4G","14:57:49",11.8,0.2,300,1864800,
"C4G","14:57:14",11.9,0.3,100,1864500,
"C4G","14:56:55",11.9,0.3,1900,1864400,
"C4G","14:55:31",11.9,0.3,100,1862500,
"C4G","14:55:29",11.9,0.3,400,1862400,
"C4G","14:55:08",11.8,0.2,300,1862000,
"C4G","14:55:03",11.8,0.2,100,1861700,
"C4G","14:55:00",11.8,0.2,100,1861600,
"C4G","14:54:38",11.8,0.2,100,1861500,
"C4G","14:53:24",11.8,0.2,1100,1861400,
"C4G","14:52:11",11.8,0.2,8000,1860300,
"C4G","14:51:23",11.8,0.2,400,1852300,
"C4G","14:48:39",11.8,0.2,1100,1851900,
"C4G","14:48:38",11.8,0.2,500,1850800,
"C4G","14:48:27",11.8,0.2,100,1850300,
"C4G","14:48:19",11.8,0.2,1100,1850200,
"C4G","14:48:11",11.8,0.2,500,1849100,
"C4G","14:48:05",11.8,0.2,10000,1848600,
"C4G","14:47:54",11.8,0.2,500,1838600,
"C4G","14:47:46",11.8,0.2,100,1838100,
"C4G","14:47:45",11.8,0.2,1000,1838000,
"C4G","14:47:41",11.8,0.2,1700,1837000,
"C4G","14:47:37",11.8,0.2,6200,1835300,
"C4G","14:47:14",11.8,0.2,400,1829100,
"C4G","14:47:06",11.8,0.2,1000,1828700,
"C4G","14:46:55",11.8,0.2,1000,1827700,
"C4G","14:46:45",11.8,0.2,500,1826700,
"C4G","14:46:43",11.8,0.2,6200,1826200,
"C4G","14:46:31",11.8,0.2,20000,1820000,
"C4G","14:46:05",11.9,0.3,1200,1800000,
"C4G","14:44:59",11.9,0.3,2000,1798800,
"C4G","14:44:41",11.8,0.2,3100,1796800,
"C4G","14:44:26",11.9,0.3,200,1793700,
"C4G","14:44:20",11.8,0.2,300,1793500,
"C4G","14:42:44",11.8,0.2,700,1793200,
"C4G","14:40:45",11.8,0.2,300,1792500,
"C4G","14:40:27",11.8,0.2,1900,1792200,
"C4G","14:40:19",11.8,0.2,1000,1790300,
"C4G","14:39:55",11.8,0.2,2100,1789300,
"C4G","14:39:49",11.8,0.2,200,1787200,
"C4G","14:39:22",11.8,0.2,300,1787000,
"C4G","14:38:36",11.8,0.2,200,1786700,
"C4G","14:38:23",11.8,0.2,200,1786500,
"C4G","14:38:04",11.8,0.2,500,1786300,
"C4G","14:37:58",11.8,0.2,600,1785800,
"C4G","14:32:01",11.8,0.2,500,1785200,
"C4G","14:31:01",11.8,0.2,5000,1784700,
"C4G","14:30:22",11.8,0.2,200,1779700,
"C4G","14:30:19",11.8,0.2,1000,1779500,
"C4G","14:29:52",11.9,0.3,5000,1778500,
"C4G","14:29:48",11.8,0.2,300,1773500,
"C4G","14:28:56",11.8,0.2,100,1773200,
"C4G","14:28:36",11.8,0.2,100,1773100,
"C4G","14:27:38",11.9,0.3,300,1773000,
"C4G","14:27:34",11.8,0.2,1000,1772700,
"C4G","14:27:04",11.9,0.3,400,1771700,
"C4G","14:27:00",11.8,0.2,1300,1771300,
"C4G","14:26:48",11.8,0.2,4000,1770000,
"C4G","14:26:11",11.8,0.2,400,1766000,
"C4G","14:25:07",11.8,0.2,200,1765600,
"C4G","14:24:48",11.8,0.2,3000,1765400,
"C4G","14:24:10",11.8,0.2,100,1762400,
"C4G","14:24:00",11.8,0.2,1200,1762300,
"C4G","14:22:42",11.8,0.2,900,1761100,
"C4G","14:22:40",11.8,0.2,1000,1760200,
"C4G","14:22:35",11.8,0.2,200,1759200,
"C4G","14:22:04",11.8,0.2,1500,1759000,
"C4G","14:21:42",11.8,0.2,100,1757500,
"C4G","14:20:55",11.7,0.1,2000,1757400,
"C4G","14:20:54",11.8,0.2,700,1755400,
"C4G","14:20:42",11.8,0.2,600,1754700,
"C4G","14:20:40",11.9,0.3,1000,1754100,
"C4G","14:20:34",11.8,0.2,100,1753100,
"C4G","14:20:33",11.8,0.2,100,1753000,
"C4G","14:20:12",11.8,0.2,1000,1752900,
"C4G","14:19:59",11.8,0.2,200,1751900,
"C4G","14:19:45",11.8,0.2,800,1751700,
"C4G","14:19:36",11.8,0.2,200,1750900,
"C4G","14:19:28",11.8,0.2,1000,1750700,
"C4G","14:19:12",11.8,0.2,600,1749700,
"C4G","14:19:03",11.8,0.2,4400,1749100,
"C4G","14:18:59",11.8,0.2,300,1744700,
"C4G","14:18:57",11.8,0.2,300,1744400,
"C4G","14:18:51",11.8,0.2,2000,1744100,
"C4G","14:18:38",11.8,0.2,3200,1742100,
"C4G","14:18:37",11.8,0.2,1000,1738900,
"C4G","14:18:27",11.8,0.2,100,1737900,
"C4G","14:18:20",11.8,0.2,500,1737800,
"C4G","14:18:10",11.8,0.2,3000,1737300,
"C4G","14:18:04",11.8,0.2,20000,1734300,
"C4G","14:18:01",11.8,0.2,11100,1714300,
"C4G","14:17:47",11.8,0.2,100,1703200,
"C4G","14:17:44",11.8,0.2,2000,1703100,
"C4G","14:16:37",11.8,0.2,300,1701100,
"C4G","14:16:22",11.7,0.1,100,1700800,
"C4G","14:16:07",11.8,0.2,100,1700700,
"C4G","14:15:54",11.8,0.2,6400,1700600,
"C4G","14:15:20",11.8,0.2,3100,1694200,
"C4G","14:14:56",11.8,0.2,200,1691100,
"C4G","14:14:23",11.8,0.2,5000,1690900,
"C4G","14:14:15",11.8,0.2,100,1685900,
"C4G","14:13:51",11.8,0.2,100,1685800,
"C4G","14:12:55",11.8,0.2,500,1685700,
"C4G","14:12:49",11.8,0.2,2000,1685200,
"C4G","14:12:34",11.8,0.2,5000,1683200,
"C4G","14:12:13",11.8,0.2,5000,1678200,
"C4G","14:12:10",11.7,0.1,1000,1673200,
"C4G","14:10:21",11.7,0.1,200,1672200,
"C4G","14:10:19",11.8,0.2,100,1672000,
"C4G","14:09:33",11.7,0.1,1200,1671900,
"C4G","14:07:34",11.7,0.1,2500,1670700,
"C4G","14:06:04",11.7,0.1,700,1668200,
"C4G","14:05:59",11.7,0.1,500,1667500,
"C4G","14:05:29",11.7,0.1,100,1667000,
"C4G","14:05:26",11.7,0.1,1000,1666900,
"C4G","14:04:14",11.7,0.1,100,1665900,
"C4G","14:03:17",11.7,0.1,1000,1665800,
"C4G","14:02:42",11.8,0.2,3000,1664800,
"C4G","14:02:29",11.8,0.2,200,1661800,
"C4G","14:01:33",11.7,0.1,500,1661600,
"C4G","14:01:04",11.7,0.1,500,1661100,
"C4G","14:00:13",11.7,0.1,500,1660600,
"C4G","14:00:07",11.7,0.1,100,1660100,
"C4G","14:00:00",11.7,0.1,100,1660000,
"C4G","13:59:25",11.7,0.1,100,1659900,
"C4G","13:57:58",11.7,0.1,10000,1659800,
"C4G","13:57:43",11.7,0.1,2000,1649800,
"C4G","13:57:26",11.7,0.1,1000,1647800,
"C4G","13:57:14",11.7,0.1,600,1646800,
"C4G","13:57:07",11.7,0.1,1000,1646200,
"C4G","13:57:03",11.7,0.1,6700,1645200,
"C4G","13:56:11",11.7,0.1,500,1638500,
"C4G","13:55:57",11.7,0.1,500,1638000,
"C4G","13:55:51",11.7,0.1,5000,1637500,
"C4G","13:55:47",11.7,0.1,200,1632500,
"C4G","13:55:46",11.7,0.1,100,1632300,
"C4G","13:55:38",11.7,0.1,500,1632200,
"C4G","13:55:37",11.7,0.1,100,1631700,
"C4G","13:55:36",11.7,0.1,38000,1631600,
"C4G","13:55:34",11.7,0.1,10000,1593600,
"C4G","13:55:33",11.7,0.1,10000,1583600,
"C4G","13:55:21",11.7,0.1,1000,1573600,
"C4G","13:55:19",11.7,0.1,7000,1572600,
"C4G","13:55:15",11.7,0.1,1000,1565600,
"C4G","13:55:06",11.7,0.1,100,1564600,
"C4G","13:55:01",11.7,0.1,2000,1564500,
"C4G","13:54:58",11.7,0.1,100,1562500,
"C4G","13:54:40",11.7,0.1,15000,1562400,
"C4G","13:54:39",11.7,0.1,1000,1547400,
"C4G","13:54:28",11.7,0.1,1000,1546400,
"C4G","13:54:18",11.7,0.1,100,1545400,
"C4G","13:54:17",11.7,0.1,21400,1545300,
"C4G","13:54:07",11.7,0.1,100,1523900,
"C4G","13:53:50",11.7,0.1,5000,1523800,
"C4G","13:53:45",11.7,0.1,100,1518800,
"C4G","13:53:34",11.7,0.1,600,1518700,
"C4G","13:53:27",11.7,0.1,400,1518100,
"C4G","13:51:08",11.7,0.1,500,1517700,
"C4G","13:50:43",11.7,0.1,400,1517200,
"C4G","13:50:27",11.7,0.1,1500,1516800,
"C4G","13:50:00",11.7,0.1,1000,1515300,
"C4G","13:49:51",11.7,0.1,400,1514300,
"C4G","13:48:12",11.7,0.1,300,1513900,
"C4G","13:47:06",11.7,0.1,4700,1513600,
"C4G","13:46:54",11.8,0.2,100,1508900,
"C4G","13:44:55",11.7,0.1,200,1508800,
"C4G","13:44:49",11.7,0.1,200,1508600,
"C4G","13:43:21",11.7,0.1,100,1508400,
"C4G","13:41:34",11.7,0.1,800,1508300,
"C4G","13:41:06",11.7,0.1,600,1507500,
"C4G","13:39:59",11.7,0.1,100,1506900,
"C4G","13:38:51",11.8,0.2,5000,1506800,
"C4G","13:38:41",11.7,0.1,100,1501800,
"C4G","13:38:35",11.7,0.1,3000,1501700,
"C4G","13:38:01",11.7,0.1,1000,1498700,
"C4G","13:37:43",11.7,0.1,300,1497700,
"C4G","13:36:31",11.8,0.2,100,1497400,
"C4G","13:36:05",11.8,0.2,8000,1497300,
"C4G","13:35:29",11.8,0.2,300,1489300,
"C4G","13:35:09",11.8,0.2,2100,1489000,
"C4G","13:35:08",11.7,0.1,100,1486900,
"C4G","13:34:45",11.8,0.2,200,1486800,
"C4G","13:33:05",11.8,0.2,100,1486600,
"C4G","13:32:47",11.8,0.2,1000,1486500,
"C4G","13:32:20",11.8,0.2,1000,1485500,
"C4G","13:31:51",11.8,0.2,300,1484500,
"C4G","13:31:38",11.8,0.2,100,1484200,
"C4G","13:31:31",11.7,0.1,100,1484100,
"C4G","13:31:30",11.8,0.2,200,1484000,
"C4G","13:31:25",11.8,0.2,100,1483800,
"C4G","13:31:06",11.8,0.2,300,1483700,
"C4G","13:31:05",11.7,0.1,300,1483400,
"C4G","13:29:49",11.8,0.2,2000,1483100,
"C4G","13:29:31",11.8,0.2,1000,1481100,
"C4G","13:29:29",11.8,0.2,200,1480100,
"C4G","13:28:28",11.8,0.2,1300,1479900,
"C4G","13:27:30",11.8,0.2,5000,1478600,
"C4G","13:27:16",11.8,0.2,4200,1473600,
"C4G","13:27:03",11.8,0.2,5000,1469400,
"C4G","13:26:52",11.8,0.2,1400,1464400,
"C4G","13:26:41",11.8,0.2,1000,1463000,
"C4G","13:25:33",11.8,0.2,2000,1462000,
"C4G","13:25:11",11.8,0.2,100,1460000,
"C4G","13:25:02",11.8,0.2,200,1459900,
"C4G","13:24:23",11.7,0.1,1000,1459700,
"C4G","13:24:09",11.7,0.1,3000,1458700,
"C4G","13:23:16",11.7,0.1,100,1455700,
"C4G","13:23:10",11.8,0.2,600,1455600,
"C4G","13:23:03",11.7,0.1,6400,1455000,
"C4G","13:22:43",11.7,0.1,100,1448600,
"C4G","13:21:49",11.7,0.1,100,1448500,
"C4G","13:21:32",11.7,0.1,2100,1448400,
"C4G","13:21:28",11.7,0.1,1000,1446300,
"C4G","13:19:35",11.7,0.1,15800,1445300,
"C4G","13:17:52",11.7,0.1,1000,1429500,
"C4G","13:16:01",11.7,0.1,100,1428500,
"C4G","13:15:31",11.7,0.1,3200,1428400,
"C4G","13:15:26",11.7,0.1,100,1425200,
"C4G","13:15:17",11.8,0.2,1000,1425100,
"C4G","13:14:30",11.8,0.2,800,1424100,
"C4G","13:12:25",11.8,0.2,100,1423300,
"C4G","13:11:55",11.8,0.2,2000,1423200,
"C4G","13:11:47",11.8,0.2,600,1421200,
"C4G","13:11:30",11.8,0.2,100,1420600,
"C4G","13:11:29",11.8,0.2,100,1420500,
"C4G","13:11:10",11.8,0.2,200,1420400,
"C4G","13:10:42",11.8,0.2,1000,1420200,
"C4G","13:10:38",11.8,0.2,500,1419200,
"C4G","13:10:27",11.8,0.2,1000,1418700,
"C4G","13:10:17",11.8,0.2,1000,1417700,
"C4G","13:09:48",11.8,0.2,2000,1416700,
"C4G","13:09:34",11.8,0.2,200,1414700,
"C4G","13:09:31",11.8,0.2,1000,1414500,
"C4G","13:09:15",11.8,0.2,500,1413500,
"C4G","13:09:12",11.8,0.2,1000,1413000,
"C4G","13:08:40",11.8,0.2,500,1412000,
"C4G","13:08:30",11.8,0.2,300,1411500,
"C4G","13:08:23",11.8,0.2,100,1411200,
"C4G","13:07:03",11.8,0.2,100,1411100,
"C4G","13:07:00",11.7,0.1,1100,1411000,
"C4G","13:06:57",11.7,0.1,100,1409900,
"C4G","13:06:44",11.8,0.2,400,1409800,
"C4G","13:06:26",11.8,0.2,1000,1409400,
"C4G","13:06:04",11.8,0.2,200,1408400,
"C4G","13:05:56",11.8,0.2,500,1408200,
"C4G","13:05:45",11.8,0.2,1000,1407700,
"C4G","13:05:36",11.8,0.2,900,1406700,
"C4G","13:05:23",11.8,0.2,2000,1405800,
"C4G","13:05:18",11.8,0.2,100,1403800,
"C4G","13:04:51",11.8,0.2,2000,1403700,
"C4G","13:04:44",11.8,0.2,500,1401700,
"C4G","13:04:24",11.8,0.2,10000,1401200,
"C4G","13:04:00",11.7,0.1,2900,1391200,
"C4G","13:03:02",11.7,0.1,1000,1388300,
"C4G","13:02:32",11.7,0.1,100,1387300,
"C4G","13:01:46",11.7,0.1,100,1387200,
"C4G","13:01:22",11.7,0.1,20000,1387100,
"C4G","13:00:08",11.8,0.2,100,1367100,
"C4G","13:00:05",11.8,0.2,2000,1367000,
"C4G","13:00:04",11.8,0.2,200,1365000,
"C4G","13:00:03",11.8,0.2,10200,1364800,
"C4G","13:00:02",11.8,0.2,3700,1354600,
"C4G","13:00:01",11.8,0.2,18700,1350900,
"C4G","11:29:57",11.8,0.2,100,1332200,
"C4G","11:29:53",11.8,0.2,1100,1332100,
"C4G","11:29:50",11.8,0.2,3000,1331000,
"C4G","11:29:48",11.8,0.2,100,1328000,
"C4G","11:29:47",11.8,0.2,100,1327900,
"C4G","11:29:44",11.8,0.2,100,1327800,
"C4G","11:29:20",11.8,0.2,1000,1327700,
"C4G","11:29:13",11.8,0.2,1000,1326700,
"C4G","11:29:00",11.8,0.2,1800,1325700,
"C4G","11:28:55",11.8,0.2,400,1323900,
"C4G","11:28:47",11.8,0.2,2100,1323500,
"C4G","11:28:33",11.8,0.2,500,1321400,
"C4G","11:28:25",11.8,0.2,800,1320900,
"C4G","11:28:24",11.8,0.2,700,1320100,
"C4G","11:28:08",11.8,0.2,1000,1319400,
"C4G","11:27:55",11.8,0.2,5000,1318400,
"C4G","11:27:43",11.8,0.2,200,1313400,
"C4G","11:27:34",11.8,0.2,3000,1313200,
"C4G","11:27:20",11.8,0.2,1000,1310200,
"C4G","11:27:14",11.8,0.2,5000,1309200,
"C4G","11:27:10",11.8,0.2,5000,1304200,
"C4G","11:26:36",11.8,0.2,100,1299200,
"C4G","11:26:31",11.8,0.2,5000,1299100,
"C4G","11:26:14",11.8,0.2,1500,1294100,
"C4G","11:26:13",11.8,0.2,10000,1292600,
"C4G","11:26:12",11.8,0.2,100,1282600,
"C4G","11:26:06",11.8,0.2,1000,1282500,
"C4G","11:25:36",11.8,0.2,3000,1281500,
"C4G","11:25:26",11.8,0.2,100,1278500,
"C4G","11:25:25",11.8,0.2,300,1278400,
"C4G","11:24:47",11.8,0.2,5000,1278100,
"C4G","11:24:27",11.8,0.2,300,1273100,
"C4G","11:23:18",11.8,0.2,500,1272800,
"C4G","11:22:35",11.8,0.2,1000,1272300,
"C4G","11:22:33",11.8,0.2,3500,1271300,
"C4G","11:22:19",11.8,0.2,1000,1267800,
"C4G","11:22:01",11.8,0.2,1000,1266800,
"C4G","11:21:59",11.8,0.2,100,1265800,
"C4G","11:21:51",11.8,0.2,100,1265700,
"C4G","11:21:39",11.8,0.2,800,1265600,
"C4G","11:21:18",11.8,0.2,1000,1264800,
"C4G","11:21:11",11.8,0.2,1000,1263800,
"C4G","11:20:53",11.8,0.2,2000,1262800,
"C4G","11:19:14",11.8,0.2,1000,1260800,
"C4G","11:18:46",11.8,0.2,2000,1259800,
"C4G","11:18:30",11.8,0.2,600,1257800,
"C4G","11:16:27",11.8,0.2,100,1257200,
"C4G","11:15:58",11.8,0.2,5000,1257100,
"C4G","11:15:46",11.8,0.2,200,1252100,
"C4G","11:15:21",11.8,0.2,400,1251900,
"C4G","11:15:14",11.8,0.2,100,1251500,
"C4G","11:15:07",11.8,0.2,500,1251400,
"C4G","11:14:10",11.8,0.2,500,1250900,
"C4G","11:13:53",11.8,0.2,300,1250400,
"C4G","11:13:18",11.8,0.2,1000,1250100,
"C4G","11:11:28",11.8,0.2,500,1249100,
"C4G","11:10:56",11.8,0.2,1000,1248600,
"C4G","11:10:42",11.8,0.2,10000,1247600,
"C4G","11:10:41",11.8,0.2,1000,1237600,
"C4G","11:10:40",11.8,0.2,100,1236600,
"C4G","11:10:37",11.8,0.2,4000,1236500,
"C4G","11:08:26",11.8,0.2,100,1232500,
"C4G","11:07:30",11.8,0.2,100,1232400,
"C4G","11:07:15",11.8,0.2,100,1232300,
"C4G","11:07:05",11.8,0.2,500,1232200,
"C4G","11:06:57",11.8,0.2,200,1231700,
"C4G","11:06:36",11.8,0.2,100,1231500,
"C4G","11:05:53",11.8,0.2,100,1231400,
"C4G","11:05:46",11.9,0.3,4200,1231300,
"C4G","11:04:52",11.9,0.3,100,1227100,
"C4G","11:04:40",11.9,0.3,23000,1227000,
"C4G","11:04:15",11.9,0.3,200,1204000,
"C4G","11:04:09",11.9,0.3,500,1203800,
"C4G","11:03:33",11.9,0.3,100,1203300,
"C4G","11:03:19",11.8,0.2,600,1203200,
"C4G","11:03:12",11.8,0.2,500,1202600,
"C4G","11:02:18",11.8,0.2,600,1202100,
"C4G","11:01:38",11.9,0.3,100,1201500,
"C4G","11:00:09",11.9,0.3,500,1201400,
"C4G","11:00:01",11.8,0.2,100,1200900,
"C4G","10:58:56",11.8,0.2,200,1200800,
"C4G","10:57:50",11.9,0.3,100,1200600,
"C4G","10:55:51",11.9,0.3,5000,1200500,
"C4G","10:55:10",11.8,0.2,400,1195500,
"C4G","10:54:56",11.8,0.2,500,1195100,
"C4G","10:54:55",11.8,0.2,1500,1194600,
"C4G","10:54:10",11.8,0.2,200,1193100,
"C4G","10:53:33",11.9,0.3,500,1192900,
"C4G","10:53:15",11.9,0.3,2000,1192400,
"C4G","10:53:02",11.8,0.2,1100,1190400,
"C4G","10:48:35",11.8,0.2,300,1189300,
"C4G","10:47:28",11.8,0.2,200,1189000,
"C4G","10:46:06",11.8,0.2,200,1188800,
"C4G","10:45:53",11.8,0.2,5000,1188600,
"C4G","10:45:40",11.8,0.2,10000,1183600,
"C4G","10:45:26",11.8,0.2,100,1173600,
"C4G","10:45:14",11.8,0.2,600,1173500,
"C4G","10:45:00",11.8,0.2,5000,1172900,
"C4G","10:44:58",11.8,0.2,2000,1167900,
"C4G","10:44:48",11.8,0.2,5100,1165900,
"C4G","10:44:35",11.8,0.2,1100,1160800,
"C4G","10:43:41",11.8,0.2,19800,1159700,
"C4G","10:42:33",11.9,0.3,100,1139900,
"C4G","10:42:10",11.8,0.2,1100,1139800,
"C4G","10:40:00",11.8,0.2,300,1138700,
"C4G","10:39:23",11.8,0.2,500,1138400,
"C4G","10:39:18",11.8,0.2,100,1137900,
"C4G","10:39:14",11.8,0.2,1000,1137800,
"C4G","10:38:57",11.8,0.2,100,1136800,
"C4G","10:38:50",11.8,0.2,300,1136700,
"C4G","10:38:34",11.8,0.2,10000,1136400,
"C4G","10:37:19",11.9,0.3,100,1126400,
"C4G","10:37:00",11.9,0.3,100,1126300,
"C4G","10:36:55",11.8,0.2,600,1126200,
"C4G","10:36:42",11.8,0.2,100,1125600,
"C4G","10:36:14",11.8,0.2,1500,1125500,
"C4G","10:35:54",11.9,0.3,200,1124000,
"C4G","10:35:25",11.9,0.3,200,1123800,
"C4G","10:35:21",11.9,0.3,100,1123600,
"C4G","10:35:06",11.9,0.3,3300,1123500,
"C4G","10:35:05",11.9,0.3,500,1120200,
"C4G","10:34:38",11.9,0.3,10100,1119700,
"C4G","10:34:32",11.9,0.3,300,1109600,
"C4G","10:34:22",11.9,0.3,600,1109300,
"C4G","10:34:14",11.9,0.3,2400,1108700,
"C4G","10:34:11",11.9,0.3,200,1106300,
"C4G","10:33:54",11.9,0.3,100,1106100,
"C4G","10:33:31",11.9,0.3,10000,1106000,
"C4G","10:32:52",11.8,0.2,600,1096000,
"C4G","10:32:50",11.8,0.2,1000,1095400,
"C4G","10:31:40",11.9,0.3,100,1094400,
"C4G","10:31:35",11.8,0.2,100,1094300,
"C4G","10:30:51",11.8,0.2,200,1094200,
"C4G","10:30:47",11.9,0.3,1000,1094000,
"C4G","10:30:30",11.9,0.3,10000,1093000,
"C4G","10:29:33",11.9,0.3,300,1083000,
"C4G","10:29:28",11.9,0.3,100,1082700,
"C4G","10:29:20",11.9,0.3,100,1082600,
"C4G","10:29:11",11.8,0.2,500,1082500,
"C4G","10:28:51",11.9,0.3,200,1082000,
"C4G","10:28:08",11.9,0.3,9100,1081800,
"C4G","10:27:42",11.9,0.3,100,1072700,
"C4G","10:27:24",11.9,0.3,300,1072600,
"C4G","10:26:50",11.9,0.3,1000,1072300,
"C4G","10:26:36",11.9,0.3,11200,1071300,
"C4G","10:25:52",11.9,0.3,100,1060100,
"C4G","10:25:46",11.9,0.3,500,1060000,
"C4G","10:25:39",11.9,0.3,1000,1059500,
"C4G","10:25:26",11.9,0.3,1000,1058500,
"C4G","10:25:24",11.8,0.2,1000,1057500,
"C4G","10:25:00",11.9,0.3,5000,1056500,
"C4G","10:24:59",11.8,0.2,100,1051500,
"C4G","10:24:52",11.9,0.3,3000,1051400,
"C4G","10:24:51",11.9,0.3,300,1048400,
"C4G","10:24:15",11.9,0.3,400,1048100,
"C4G","10:24:10",11.9,0.3,200,1047700,
"C4G","10:23:29",11.9,0.3,13800,1047500,
"C4G","10:23:24",11.9,0.3,1000,1033700,
"C4G","10:22:44",11.9,0.3,1000,1032700,
"C4G","10:22:34",11.9,0.3,300,1031700,
"C4G","10:22:30",11.9,0.3,10000,1031400,
"C4G","10:22:21",11.9,0.3,500,1021400,
"C4G","10:21:49",11.9,0.3,1000,1020900,
"C4G","10:21:34",11.9,0.3,1000,1019900,
"C4G","10:21:26",11.9,0.3,5000,1018900,
"C4G","10:21:02",11.9,0.3,6300,1013900,
"C4G","10:20:22",11.9,0.3,100,1007600,
"C4G","10:19:54",11.8,0.2,4400,1007500,
"C4G","10:19:43",11.9,0.3,100,1003100,
"C4G","10:19:39",11.9,0.3,1400,1003000,
"C4G","10:19:13",11.9,0.3,1000,1001600,
"C4G","10:18:45",11.9,0.3,200,1000600,
"C4G","10:17:58",11.9,0.3,300,1000400,
"C4G","10:17:54",11.8,0.2,700,1000100,
"C4G","10:17:31",11.9,0.3,2000,999400,
"C4G","10:17:30",11.8,0.2,300,997400,
"C4G","10:17:24",11.9,0.3,200,997100,
"C4G","10:17:01",11.9,0.3,3000,996900,
"C4G","10:16:41",11.8,0.2,700,993900,
"C4G","10:15:34",11.8,0.2,5000,993200,
"C4G","10:15:23",11.8,0.2,100,988200,
"C4G","10:14:50",11.9,0.3,5000,988100,
"C4G","10:12:47",11.8,0.2,300,983100,
"C4G","10:12:37",11.8,0.2,600,982800,
"C4G","10:11:43",11.8,0.2,100,982200,
"C4G","10:11:25",11.8,0.2,200,982100,
"C4G","10:10:46",11.9,0.3,500,981900,
"C4G","10:08:42",11.9,0.3,100,981400,
"C4G","10:08:22",11.9,0.3,2900,981300,
"C4G","10:08:19",11.9,0.3,200,978400,
"C4G","10:07:22",11.9,0.3,200,978200,
"C4G","10:06:41",11.9,0.3,600,978000,
"C4G","10:06:31",11.9,0.3,100,977400,
"C4G","10:06:15",11.9,0.3,500,977300,
"C4G","10:05:24",11.8,0.2,4000,976800,
"C4G","10:05:17",11.9,0.3,500,972800,
"C4G","10:05:01",11.9,0.3,600,972300,
"C4G","10:05:00",11.9,0.3,5000,971700,
"C4G","10:04:37",11.9,0.3,200,966700,
"C4G","10:04:20",11.9,0.3,5000,966500,
"C4G","10:04:17",11.9,0.3,10000,961500,
"C4G","10:04:13",11.9,0.3,3500,951500,
"C4G","10:03:48",11.9,0.3,200,948000,
"C4G","10:03:10",11.8,0.2,300,947800,
"C4G","10:01:55",11.8,0.2,1000,947500,
"C4G","10:00:53",11.8,0.2,600,946500,
"C4G","10:00:49",11.8,0.2,300,945900,
"C4G","10:00:42",11.9,0.3,2000,945600,
"C4G","10:00:28",11.9,0.3,500,943600,
"C4G","10:00:09",11.9,0.3,7000,943100,
"C4G","09:59:58",11.9,0.3,3900,936100,
"C4G","09:59:43",11.8,0.2,300,932200,
"C4G","09:59:34",11.8,0.2,3000,931900,
"C4G","09:58:31",11.8,0.2,300,928900,
"C4G","09:57:00",11.8,0.2,100,928600,
"C4G","09:54:28",11.8,0.2,200,928500,
"C4G","09:54:20",11.8,0.2,300,928300,
"C4G","09:54:10",11.8,0.2,600,928000,
"C4G","09:53:36",11.8,0.2,100,927400,
"C4G","09:53:32",11.8,0.2,100,927300,
"C4G","09:52:06",11.8,0.2,100,927200,
"C4G","09:51:28",11.9,0.3,2000,927100,
"C4G","09:51:05",11.9,0.3,1000,925100,
"C4G","09:51:04",11.8,0.2,81000,924100,
"C4G","09:50:01",11.8,0.2,800,843100,
"C4G","09:49:58",11.8,0.2,1000,842300,
"C4G","09:49:47",11.8,0.2,200,841300,
"C4G","09:49:43",11.9,0.3,81000,841100,
"C4G","09:49:38",11.8,0.2,200,760100,
"C4G","09:49:12",11.8,0.2,1000,759900,
"C4G","09:48:25",11.8,0.2,200,758900,
"C4G","09:47:45",11.9,0.3,100,758700,
"C4G","09:47:11",11.8,0.2,1200,758600,
"C4G","09:46:56",11.8,0.2,1900,757400,
"C4G","09:46:37",11.9,0.3,200,755500,
"C4G","09:45:57",11.9,0.3,500,755300,
"C4G","09:45:51",11.9,0.3,200,754800,
"C4G","09:45:23",11.9,0.3,300,754600,
"C4G","09:44:32",11.8,0.2,100,754300,
"C4G","09:44:21",11.8,0.2,1000,754200,
"C4G","09:44:20",11.9,0.3,500,753200,
"C4G","09:43:38",11.8,0.2,500,752700,
"C4G","09:43:23",11.8,0.2,2000,752200,
"C4G","09:43:16",11.9,0.3,500,750200,
"C4G","09:42:51",11.8,0.2,1900,749700,
"C4G","09:42:45",11.8,0.2,400,747800,
"C4G","09:41:58",11.8,0.2,2000,747400,
"C4G","09:41:34",11.8,0.2,400,745400,
"C4G","09:41:17",11.9,0.3,400,745000,
"C4G","09:41:09",11.9,0.3,2000,744600,
"C4G","09:41:05",11.9,0.3,300,742600,
"C4G","09:40:46",11.9,0.3,3000,742300,
"C4G","09:40:41",11.9,0.3,1700,739300,
"C4G","09:40:34",11.9,0.3,1000,737600,
"C4G","09:40:19",11.9,0.3,78000,736600,
"C4G","09:40:05",11.9,0.3,5000,658600,
"C4G","09:39:57",11.9,0.3,500,653600,
"C4G","09:39:12",11.9,0.3,3000,653100,
"C4G","09:39:04",11.9,0.3,500,650100,
"C4G","09:38:48",11.9,0.3,43400,649600,
"C4G","09:37:40",11.9,0.3,200,606200,
"C4G","09:37:09",11.9,0.3,500,606000,
"C4G","09:37:06",11.9,0.3,200,605500,
"C4G","09:37:05",11.9,0.3,2000,605300,
"C4G","09:36:15",11.9,0.3,200,603300,
"C4G","09:36:05",11.9,0.3,500,603100,
"C4G","09:35:54",11.9,0.3,300,602600,
"C4G","09:35:43",11.9,0.3,1000,602300,
"C4G","09:35:39",11.9,0.3,200,601300,
"C4G","09:35:15",11.9,0.3,10500,601100,
"C4G","09:34:42",11.9,0.3,2600,590600,
"C4G","09:34:12",11.9,0.3,300,588000,
"C4G","09:34:02",11.9,0.3,100,587700,
"C4G","09:33:42",11.9,0.3,1400,587600,
"C4G","09:33:30",11.9,0.3,15300,586200,
"C4G","09:33:19",11.9,0.3,4000,570900,
"C4G","09:33:15",11.9,0.3,20000,566900,
"C4G","09:33:11",11.9,0.3,3500,546900,
"C4G","09:33:07",11.9,0.3,500,543400,
"C4G","09:33:06",11.9,0.3,300,542900,
"C4G","09:32:44",11.9,0.3,1000,542600,
"C4G","09:32:27",11.9,0.3,200,541600,
"C4G","09:32:23",11.9,0.3,1400,541400,
"C4G","09:32:04",11.9,0.3,39400,540000,
"C4G","09:32:00",11.9,0.3,3000,500600,
"C4G","09:31:57",11.9,0.3,4000,497600,
"C4G","09:31:40",11.9,0.3,100,493600,
"C4G","09:31:30",11.9,0.3,10000,493500,
"C4G","09:31:06",11.8,0.2,800,483500,
"C4G","09:30:58",11.9,0.3,200,482700,
"C4G","09:30:30",11.9,0.3,10000,482500,
"C4G","09:30:23",11.9,0.3,2500,472500,
"C4G","09:29:01",11.9,0.3,200,470000,
"C4G","09:28:54",11.9,0.3,100,469800,
"C4G","09:28:45",11.9,0.3,1500,469700,
"C4G","09:28:30",11.9,0.3,500,468200,
"C4G","09:28:08",11.9,0.3,200,467700,
"C4G","09:27:45",11.9,0.3,800,467500,
"C4G","09:27:34",11.9,0.3,5000,466700,
"C4G","09:27:26",11.9,0.3,300,461700,
"C4G","09:27:23",11.9,0.3,3000,461400,
"C4G","09:27:22",11.9,0.3,4300,458400,
"C4G","09:27:19",11.9,0.3,500,454100,
"C4G","09:27:16",11.9,0.3,1000,453600,
"C4G","09:27:14",11.9,0.3,2800,452600,
"C4G","09:27:10",11.9,0.3,24000,449800,
"C4G","09:27:06",12,0.4,300,425800,
"C4G","09:27:05",11.9,0.3,1000,425500,
"C4G","09:27:04",11.9,0.3,3200,424500,
"C4G","09:27:02",11.9,0.3,10000,421300,
"C4G","09:26:56",11.9,0.3,49300,411300,
"C4G","09:26:43",11.9,0.3,200,362000,
"C4G","09:26:41",12,0.4,4700,361800,
"C4G","09:26:36",11.9,0.3,200,357100,
"C4G","09:26:17",11.9,0.3,1000,356900,
"C4G","09:26:16",12,0.4,700,355900,
"C4G","09:26:12",11.9,0.3,100,355200,
"C4G","09:25:45",11.9,0.3,300,355100,
"C4G","09:25:36",11.9,0.3,200,354800,
"C4G","09:25:35",11.9,0.3,25600,354600,
"C4G","09:25:34",11.9,0.3,1400,329000,
"C4G","09:25:32",11.9,0.3,15500,327600,
"C4G","09:25:31",11.9,0.3,300,312100,
"C4G","09:25:30",11.9,0.3,100,311800,
"C4G","09:25:29",11.9,0.3,5000,311700,
"C4G","09:25:27",11.9,0.3,20100,306700,
"C4G","09:25:23",11.9,0.3,400,286600,
"C4G","09:25:22",11.9,0.3,2000,286200,
"C4G","09:25:21",11.9,0.3,500,284200,
"C4G","09:25:18",11.9,0.3,300,283700,
"C4G","09:25:15",11.9,0.3,100,283400,
"C4G","09:25:14",11.9,0.3,300,283300,
"C4G","09:25:11",11.9,0.3,100,283000,
"C4G","09:25:10",11.9,0.3,1000,282900,
"C4G","09:25:08",11.9,0.3,1000,281900,
"C4G","09:25:05",11.9,0.3,5000,280900,
"C4G","09:25:04",11.9,0.3,5100,275900,
"C4G","09:25:02",11.9,0.3,2000,270800,
"C4G","09:25:01",11.9,0.3,1000,268800,
"C4G","09:24:59",11.9,0.3,200,267800,
"C4G","09:24:55",11.9,0.3,2100,267600,
"C4G","09:24:51",11.9,0.3,5000,265500,
"C4G","09:24:48",11.9,0.3,1500,260500,
"C4G","09:24:42",11.9,0.3,10000,259000,
"C4G","09:24:40",11.9,0.3,20000,249000,
"C4G","09:24:39",11.9,0.3,10000,229000,
"C4G","09:24:34",11.9,0.3,1000,219000,
"C4G","09:24:28",11.9,0.3,100,218000,
"C4G","09:24:24",11.9,0.3,6300,217900,
"C4G","09:24:21",11.9,0.3,100,211600,
"C4G","09:24:19",11.9,0.3,100,211500,
"C4G","09:24:18",11.9,0.3,2000,211400,
"C4G","09:24:16",11.9,0.3,100,209400,
"C4G","09:24:15",11.9,0.3,200,209300,
"C4G","09:24:12",11.9,0.3,300,209100,
"C4G","09:24:10",11.9,0.3,5000,208800,
"C4G","09:24:02",11.9,0.3,5000,203800,
"C4G","09:23:59",11.9,0.3,9700,198800,
"C4G","09:23:42",11.9,0.3,2000,189100,
"C4G","09:23:21",11.9,0.3,4500,187100,
"C4G","09:23:19",11.9,0.3,200,182600,
"C4G","09:23:17",11.9,0.3,200,182400,
"C4G","09:23:14",11.9,0.3,10000,182200,
"C4G","09:23:10",11.9,0.3,10000,172200,
"C4G","09:23:05",11.9,0.3,2000,162200,
"C4G","09:22:58",11.9,0.3,100,160200,
"C4G","09:22:57",11.8,0.2,100,160100,
"C4G","09:22:52",11.9,0.3,1000,160000,
"C4G","09:22:50",11.9,0.3,100,159000,
"C4G","09:22:46",11.9,0.3,200,158900,
"C4G","09:22:43",11.9,0.3,600,158700,
"C4G","09:22:41",11.9,0.3,600,158100,
"C4G","09:22:39",11.9,0.3,500,157500,
"C4G","09:22:38",11.9,0.3,800,157000,
"C4G","09:22:27",11.9,0.3,4600,156200,
"C4G","09:22:10",11.9,0.3,200,151600,
"C4G","09:22:07",11.9,0.3,100,151400,
"C4G","09:22:04",11.9,0.3,5000,151300,
"C4G","09:22:03",11.9,0.3,600,146300,
"C4G","09:21:58",11.8,0.2,100,145700,
"C4G","09:21:56",11.9,0.3,800,145600,
"C4G","09:21:52",11.9,0.3,100,144800,
"C4G","09:21:39",11.9,0.3,5000,144700,
"C4G","09:21:28",11.9,0.3,1200,139700,
"C4G","09:21:22",11.8,0.2,1000,138500,
"C4G","09:21:20",11.9,0.3,4000,137500,
"C4G","09:21:17",11.8,0.2,100,133500,
"C4G","09:21:11",11.9,0.3,5000,133400,
"C4G","09:21:05",11.9,0.3,100,128400,
"C4G","09:20:52",11.9,0.3,1000,128300,
"C4G","09:20:51",11.9,0.3,2000,127300,
"C4G","09:20:35",11.9,0.3,2500,125300,
"C4G","09:20:27",11.8,0.2,1200,122800,
"C4G","09:20:17",11.9,0.3,100,121600,
"C4G","09:19:58",11.8,0.2,200,121500,
"C4G","09:19:55",11.8,0.2,1000,121300,
"C4G","09:19:20",11.8,0.2,4200,120300,
"C4G","09:19:15",11.8,0.2,1000,116100,
"C4G","09:19:08",11.8,0.2,100,115100,
"C4G","09:19:03",11.8,0.2,200,115000,
"C4G","09:18:59",11.8,0.2,200,114800,
"C4G","09:18:55",11.8,0.2,100,114600,
"C4G","09:18:48",11.8,0.2,100,114500,
"C4G","09:18:32",11.8,0.2,2500,114400,
"C4G","09:18:20",11.8,0.2,1200,111900,
"C4G","09:18:10",11.8,0.2,20000,110700,
"C4G","09:18:05",11.8,0.2,100,90700,
"C4G","09:17:53",11.8,0.2,2000,90600,
"C4G","09:17:41",11.8,0.2,20000,88600,
"C4G","09:17:22",11.8,0.2,3000,68600,
"C4G","09:17:06",11.8,0.2,5000,65600,
"C4G","09:16:47",11.8,0.2,1200,60600,
"C4G","09:16:25",11.8,0.2,2000,59400,
"C4G","09:15:13",11.8,0.2,4000,57400,
"C4G","09:14:57",11.8,0.2,200,53400,
"C4G","09:14:44",11.8,0.2,100,53200,
"C4G","09:13:50",11.8,0.2,4000,53100,
"C4G","09:13:46",11.7,0.1,100,49100,
"C4G","09:13:29",11.8,0.2,2700,49000,
"C4G","09:12:23",11.7,0.1,100,46300,
"C4G","09:09:00",11.7,0.1,500,46200,
"C4G","09:08:19",11.7,0.1,300,45700,
"C4G","09:08:09",11.7,0.1,100,45400,
"C4G","09:07:40",11.7,0.1,100,45300,
"C4G","09:07:27",11.7,0.1,2000,45200,
"C4G","09:06:45",11.7,0.1,400,43200,
"C4G","09:06:20",11.7,0.1,300,42800,
"C4G","09:06:18",11.8,0.2,700,42500,
"C4G","09:05:39",11.7,0.1,6100,41800,
"C4G","09:05:20",11.7,0.1,300,35700,
"C4G","09:05:00",11.7,0.1,400,35400,
"C4G","09:04:24",11.7,0.1,100,35000,
"C4G","09:03:56",11.7,0.1,300,34900,
"C4G","09:03:50",11.7,0.1,1000,34600,
"C4G","09:03:42",11.7,0.1,200,33600,
"C4G","09:03:21",11.7,0.1,600,33400,
"C4G","09:03:10",11.7,0.1,1700,32800,
"C4G","09:02:56",11.7,0.1,500,31100,
"C4G","09:02:44",11.7,0.1,100,30600,
"C4G","09:02:20",11.7,0.1,200,30500,
"C4G","09:02:12",11.7,0.1,3400,30300,
"C4G","09:02:08",11.7,0.1,1000,26900,
"C4G","09:02:02",11.7,0.1,6100,25900,
"C4G","09:01:58",11.7,0.1,1000,19800,
"C4G","09:01:30",11.7,0.1,200,18800,
"C4G","09:01:27",11.7,0.1,600,18600,
"C4G","09:00:59",11.7,0.1,100,18000,
"C4G","09:00:50",11.8,0.2,200,17900,
"C4G","09:00:35",11.8,0.2,500,17700,
"C4G","09:00:32",11.7,0.1,300,17200,
"C4G","09:00:31",11.8,0.2,5000,16900,
"C4G","09:00:26",11.7,0.1,1600,11900,
"C4G","09:00:20",11.8,0.2,1000,10300,
"C4G","09:00:18",11.7,0.1,200,9300,
"C4G","09:00:15",11.8,0.2,900,9100,
"C4G","09:00:14",11.8,0.2,2000,8200,
"C4G","09:00:12",11.8,0.2,200,6200,
"C4G","09:00:11",11.9,0.3,1600,6000,
"C4G","09:00:10",11.8,0.2,100,4400,
"C4G","09:00:09",11.8,0.2,100,4300,
"C4G","09:00:06",11.8,0.2,200,4200,
"C4G","09:00:05",11.8,0.2,100,4000,
"C4G","09:00:04",11.8,0.2,1300,3900,
"C4G","09:00:03",11.9,0.3,2600,2600,
