"symbol","time","price","change","vol","total","side"
"FIT","14:45:03",4.57,-0.03,28600,2348100,
"FIT","14:30:02",4.57,-0.03,40000,2319500,"B"
"FIT","14:29:57",4.59,-0.01,100,2279500,"S"
"FIT","14:29:50",4.57,-0.03,4300,2279400,"B"
"FIT","14:29:44",4.6,0,14500,2275100,"S"
"FIT","14:29:41",4.57,-0.03,4300,2260600,"B"
"FIT","14:29:41",4.57,-0.03,6700,2256300,"B"
"FIT","14:29:33",4.6,0,100,2249600,"S"
"FIT","14:29:05",4.57,-0.03,32200,2249500,"B"
"FIT","14:29:05",4.58,-0.02,5700,2217300,"B"
"FIT","14:29:05",4.59,-0.01,100,2211600,"B"
"FIT","14:28:44",4.6,0,400,2211500,"B"
"FIT","14:28:31",4.6,0,100,2211100,"B"
"FIT","14:28:25",4.6,0,19500,2211000,"S"
"FIT","14:28:20",4.58,-0.02,1800,2191500,"B"
"FIT","14:28:17",4.59,-0.01,100,2189700,"S"
"FIT","14:28:12",4.59,-0.01,100,2189600,"S"
"FIT","14:27:52",4.59,-0.01,1000,2189500,"B"
"FIT","14:27:42",4.57,-0.03,25600,2188500,"B"
"FIT","14:27:42",4.58,-0.02,22400,2162900,"B"
"FIT","14:27:42",4.59,-0.01,300,2140500,"B"
"FIT","14:27:42",4.6,0,1700,2140200,"B"
"FIT","14:27:35",4.61,0.01,200,2138500,"S"
"FIT","14:27:25",4.61,0.01,100,2138300,"S"
"FIT","14:27:01",4.6,0,500,2138200,"B"
"FIT","14:26:45",4.61,0.01,100,2137700,"S"
"FIT","14:26:23",4.61,0.01,2500,2137600,"S"
"FIT","14:26:23",4.6,0,2500,2135100,"S"
"FIT","14:26:21",4.6,0,500,2132600,"S"
"FIT","14:25:48",4.6,0,3000,2132100,"S"
"FIT","14:24:58",4.57,-0.03,200,2129100,"S"
"FIT","14:24:50",4.57,-0.03,700,2128900,"S"
"FIT","14:24:48",4.57,-0.03,5000,2128200,"S"
"FIT","14:24:46",4.57,-0.03,300,2123200,"S"
"FIT","14:24:37",4.57,-0.03,100,2122900,"S"
"FIT","14:24:34",4.57,-0.03,36100,2122800,"B"
"FIT","14:24:34",4.58,-0.02,8400,2086700,"B"
"FIT","14:24:25",4.6,0,5000,2077100,"S"
"FIT","14:24:00",4.6,0,15800,2072100,"B"
"FIT","14:23:39",4.6,0,100,2056300,"B"
"FIT","14:23:39",4.61,0.01,100,2056200,"S"
"FIT","14:23:29",4.6,0,4100,2056100,"S"
"FIT","14:23:15",4.6,0,1000,2052000,"S"
"FIT","14:22:59",4.58,-0.02,40900,2051000,"B"
"FIT","14:22:59",4.59,-0.01,13900,2010100,"B"
"FIT","14:22:59",4.6,0,200,1996200,"B"
"FIT","14:22:56",4.6,0,100,1996000,"S"
"FIT","14:22:49",4.6,0,100,1995900,"S"
"FIT","14:22:41",4.59,-0.01,100,1995800,"B"
"FIT","14:22:04",4.58,-0.02,6100,1995700,"S"
"FIT","14:22:03",4.58,-0.02,200,1989600,"S"
"FIT","14:22:02",4.58,-0.02,500,1989400,"S"
"FIT","14:21:48",4.58,-0.02,56300,1988900,"B"
"FIT","14:21:48",4.59,-0.01,51100,1932600,"B"
"FIT","14:21:48",4.6,0,10800,1881500,"B"
"FIT","14:21:46",4.6,0,100,1870700,"B"
"FIT","14:21:41",4.6,0,100,1870600,"B"
"FIT","14:21:37",4.6,0,2000,1870500,"B"
"FIT","14:21:29",4.6,0,18700,1868500,"S"
"FIT","14:21:16",4.6,0,1000,1849800,"S"
"FIT","14:21:16",4.6,0,1000,1848800,"S"
"FIT","14:21:08",4.59,-0.01,100,1847800,"B"
"FIT","14:20:59",4.6,0,500,1847700,"B"
"FIT","14:20:29",4.6,0,100,1847200,"B"
"FIT","14:20:24",4.6,0,100,1847100,"B"
"FIT","14:20:21",4.6,0,2000,1847000,"B"
"FIT","14:19:57",4.6,0,100,1845000,"B"
"FIT","14:19:52",4.6,0,100,1844900,"B"
"FIT","14:19:46",4.6,0,100,1844800,"B"
"FIT","14:19:42",4.6,0,100,1844700,"B"
"FIT","14:19:34",4.6,0,8700,1844600,"S"
"FIT","14:19:32",4.59,-0.01,100,1835900,"B"
"FIT","14:19:30",4.6,0,600,1835800,"S"
"FIT","14:19:29",4.6,0,700,1835200,"B"
"FIT","14:19:27",4.6,0,100,1834500,"B"
"FIT","14:19:23",4.6,0,100,1834400,"B"
"FIT","14:19:20",4.6,0,5000,1834300,"B"
"FIT","14:19:12",4.6,0,2000,1829300,"B"
"FIT","14:19:10",4.6,0,1100,1827300,"S"
"FIT","14:18:44",4.6,0,200,1826200,"S"
"FIT","14:18:41",4.59,-0.01,100,1826000,"B"
"FIT","14:18:39",4.6,0,700,1825900,"B"
"FIT","14:18:36",4.6,0,5000,1825200,"B"
"FIT","14:18:09",4.6,0,100,1820200,"B"
"FIT","14:18:03",4.6,0,100,1820100,"B"
"FIT","14:18:00",4.6,0,100,1820000,"B"
"FIT","14:17:53",4.6,0,100,1819900,"B"
"FIT","14:17:46",4.6,0,100,1819800,"B"
"FIT","14:17:42",4.6,0,100,1819700,"B"
"FIT","14:17:31",4.6,0,9000,1819600,"B"
"FIT","14:17:14",4.6,0,100,1810600,"B"
"FIT","14:17:04",4.6,0,100,1810500,"B"
"FIT","14:16:58",4.59,-0.01,100,1810400,"B"
"FIT","14:16:50",4.59,-0.01,9800,1810300,"B"
"FIT","14:16:50",4.6,0,200,1800500,"B"
"FIT","14:16:48",4.6,0,2800,1800300,"S"
"FIT","14:16:41",4.6,0,2700,1797500,"S"
"FIT","14:16:40",4.6,0,1800,1794800,"S"
"FIT","14:16:37",4.6,0,20000,1793000,"S"
"FIT","14:16:17",4.6,0,600,1773000,"S"
"FIT","14:16:00",4.6,0,1000,1772400,"S"
"FIT","14:15:57",4.6,0,500,1771400,"S"
"FIT","14:15:24",4.6,0,100,1770900,"S"
"FIT","14:15:00",4.59,-0.01,100,1770800,"B"
"FIT","14:14:59",4.6,0,100,1770700,"S"
"FIT","14:14:29",4.59,-0.01,500,1770600,"B"
"FIT","14:14:10",4.6,0,1000,1770100,"S"
"FIT","14:13:59",4.6,0,1100,1769100,"S"
"FIT","14:13:55",4.59,-0.01,1100,1768000,"B"
"FIT","14:12:56",4.59,-0.01,100,1766900,"B"
"FIT","14:12:18",4.59,-0.01,800,1766800,"S"
"FIT","14:12:14",4.59,-0.01,2500,1766000,"S"
"FIT","14:12:01",4.59,-0.01,300,1763500,"S"
"FIT","14:11:13",4.59,-0.01,1000,1763200,"S"
"FIT","14:11:03",4.59,-0.01,2500,1762200,"S"
"FIT","14:11:01",4.58,-0.02,500,1759700,"B"
"FIT","14:10:18",4.59,-0.01,2700,1759200,"S"
"FIT","14:10:10",4.59,-0.01,6900,1756500,"S"
"FIT","14:08:17",4.58,-0.02,100,1749600,"B"
"FIT","14:07:25",4.58,-0.02,5000,1749500,"B"
"FIT","14:07:04",4.58,-0.02,100,1744500,"S"
"FIT","14:06:52",4.58,-0.02,400,1744400,"B"
"FIT","14:06:36",4.59,-0.01,100,1744000,"S"
"FIT","14:06:32",4.58,-0.02,100,1743900,"B"
"FIT","14:06:18",4.58,-0.02,100,1743800,"B"
"FIT","14:06:10",4.58,-0.02,1400,1743700,"S"
"FIT","14:06:01",4.58,-0.02,100,1742300,"S"
"FIT","14:05:44",4.58,-0.02,500,1742200,"B"
"FIT","14:05:21",4.59,-0.01,3000,1741700,"S"
"FIT","14:04:48",4.59,-0.01,100,1738700,"S"
"FIT","14:04:19",4.59,-0.01,1700,1738600,"B"
"FIT","14:04:15",4.6,0,500,1736900,"S"
"FIT","14:04:07",4.59,-0.01,2000,1736400,"B"
"FIT","14:02:56",4.59,-0.01,100,1734400,"B"
"FIT","14:02:03",4.59,-0.01,100,1734300,"B"
"FIT","14:01:49",4.58,-0.02,1000,1734200,"B"
"FIT","14:01:38",4.58,-0.02,100,1733200,"B"
"FIT","14:01:29",4.59,-0.01,2000,1733100,"S"
"FIT","14:01:24",4.59,-0.01,2000,1731100,"S"
"FIT","14:01:05",4.59,-0.01,3000,1729100,"S"
"FIT","14:00:33",4.58,-0.02,100,1726100,"B"
"FIT","14:00:26",4.58,-0.02,3800,1726000,"S"
"FIT","14:00:20",4.58,-0.02,10000,1722200,"S"
"FIT","14:00:19",4.58,-0.02,1000,1712200,"S"
"FIT","14:00:07",4.58,-0.02,1800,1711200,"S"
"FIT","14:00:01",4.57,-0.03,1500,1709400,"B"
"FIT","14:00:00",4.58,-0.02,6000,1707900,"S"
"FIT","13:59:54",4.58,-0.02,50600,1701900,"S"
"FIT","13:59:53",4.57,-0.03,13000,1651300,"B"
"FIT","13:58:08",4.57,-0.03,100,1638300,"B"
"FIT","13:57:47",4.57,-0.03,10000,1638200,"B"
"FIT","13:57:17",4.57,-0.03,100,1628200,"S"
"FIT","13:57:13",4.57,-0.03,200,1628100,"S"
"FIT","13:57:10",4.57,-0.03,1500,1627900,"S"
"FIT","13:57:07",4.57,-0.03,200,1626400,"S"
"FIT","13:57:02",4.57,-0.03,3000,1626200,"S"
"FIT","13:56:59",4.57,-0.03,300,1623200,"B"
"FIT","13:56:43",4.58,-0.02,100,1622900,"S"
"FIT","13:56:41",4.57,-0.03,1000,1622800,"B"
"FIT","13:56:35",4.57,-0.03,300,1621800,"B"
"FIT","13:56:33",4.57,-0.03,100,1621500,"B"
"FIT","13:56:32",4.57,-0.03,3000,1621400,"B"
"FIT","13:56:29",4.57,-0.03,1000,1618400,"B"
"FIT","13:56:27",4.57,-0.03,1000,1617400,"B"
"FIT","13:56:23",4.57,-0.03,200,1616400,"B"
"FIT","13:56:14",4.57,-0.03,100,1616200,"B"
"FIT","13:56:11",4.57,-0.03,100,1616100,"B"
"FIT","13:55:58",4.57,-0.03,100,1616000,"B"
"FIT","13:55:53",4.57,-0.03,9300,1615900,"S"
"FIT","13:55:42",4.57,-0.03,200,1606600,"S"
"FIT","13:55:32",4.57,-0.03,600,1606400,"B"
"FIT","13:55:30",4.57,-0.03,1000,1605800,"B"
"FIT","13:55:26",4.57,-0.03,1000,1604800,"B"
"FIT","13:55:17",4.57,-0.03,5000,1603800,"B"
"FIT","13:55:02",4.57,-0.03,900,1598800,"B"
"FIT","13:54:59",4.57,-0.03,2000,1597900,"B"
"FIT","13:54:42",4.57,-0.03,4000,1595900,"B"
"FIT","13:54:41",4.57,-0.03,4500,1591900,"B"
"FIT","13:54:37",4.57,-0.03,2500,1587400,"B"
"FIT","13:54:30",4.57,-0.03,1000,1584900,"B"
"FIT","13:54:24",4.57,-0.03,16000,1583900,"B"
"FIT","13:54:15",4.57,-0.03,5000,1567900,"B"
"FIT","13:54:12",4.58,-0.02,5000,1562900,"S"
"FIT","13:54:04",4.57,-0.03,3500,1557900,"B"
"FIT","13:53:58",4.58,-0.02,100,1554400,"B"
"FIT","13:53:55",4.58,-0.02,5900,1554300,"S"
"FIT","13:53:39",4.58,-0.02,2300,1548400,"B"
"FIT","13:53:29",4.58,-0.02,10500,1546100,"S"
"FIT","13:53:27",4.58,-0.02,500,1535600,"S"
"FIT","13:52:59",4.58,-0.02,100,1535100,"S"
"FIT","13:52:54",4.58,-0.02,3000,1535000,"S"
"FIT","13:52:40",4.58,-0.02,1000,1532000,"S"
"FIT","13:51:42",4.58,-0.02,500,1531000,"S"
"FIT","13:51:38",4.58,-0.02,300,1530500,"S"
"FIT","13:51:31",4.58,-0.02,8500,1530200,"S"
"FIT","13:51:29",4.58,-0.02,600,1521700,"S"
"FIT","13:51:20",4.58,-0.02,200,1521100,"S"
"FIT","13:51:12",4.58,-0.02,200,1520900,"S"
"FIT","13:50:17",4.57,-0.03,20000,1520700,"B"
"FIT","13:50:03",4.57,-0.03,100,1500700,"B"
"FIT","13:50:02",4.57,-0.03,1200,1500600,"B"
"FIT","13:49:40",4.57,-0.03,16300,1499400,"B"
"FIT","13:49:28",4.57,-0.03,100,1483100,"B"
"FIT","13:49:06",4.58,-0.02,18900,1483000,"B"
"FIT","13:49:06",4.58,-0.02,5700,1464100,"B"
"FIT","13:48:51",4.58,-0.02,7000,1458400,"B"
"FIT","13:48:37",4.58,-0.02,200,1451400,"B"
"FIT","13:48:32",4.58,-0.02,5000,1451200,"B"
"FIT","13:48:24",4.59,-0.01,700,1446200,"S"
"FIT","13:48:18",4.59,-0.01,5400,1445500,"B"
"FIT","13:47:53",4.59,-0.01,4600,1440100,"S"
"FIT","13:47:05",4.59,-0.01,400,1435500,"B"
"FIT","13:46:40",4.59,-0.01,100,1435100,"B"
"FIT","13:46:18",4.59,-0.01,100,1435000,"B"
"FIT","13:46:12",4.59,-0.01,4000,1434900,"B"
"FIT","13:46:11",4.59,-0.01,500,1430900,"B"
"FIT","13:45:55",4.59,-0.01,4000,1430400,"B"
"FIT","13:45:49",4.59,-0.01,11800,1426400,"B"
"FIT","13:45:41",4.59,-0.01,8000,1414600,"B"
"FIT","13:45:36",4.59,-0.01,2000,1406600,"B"
"FIT","13:45:18",4.59,-0.01,10000,1404600,"B"
"FIT","13:45:09",4.59,-0.01,1000,1394600,"B"
"FIT","13:45:06",4.59,-0.01,3400,1393600,"B"
"FIT","13:44:25",4.59,-0.01,3000,1390200,"B"
"FIT","13:44:00",4.59,-0.01,5000,1387200,"B"
"FIT","13:43:51",4.59,-0.01,5200,1382200,"B"
"FIT","13:43:28",4.6,0,1300,1377000,"S"
"FIT","13:43:09",4.6,0,1000,1375700,"S"
"FIT","13:43:02",4.6,0,500,1374700,"S"
"FIT","13:41:08",4.6,0,5000,1374200,"S"
"FIT","13:41:05",4.6,0,3300,1369200,"S"
"FIT","13:40:16",4.6,0,500,1365900,"S"
"FIT","13:39:09",4.59,-0.01,100,1365400,"B"
"FIT","13:38:39",4.59,-0.01,1700,1365300,"B"
"FIT","13:37:32",4.59,-0.01,200,1363600,"B"
"FIT","13:36:33",4.6,0,2600,1363400,"B"
"FIT","13:36:25",4.6,0,100,1360800,"B"
"FIT","13:36:25",4.6,0,2000,1360700,"B"
"FIT","13:36:20",4.6,0,3000,1358700,"B"
"FIT","13:36:11",4.6,0,100,1355700,"B"
"FIT","13:35:59",4.6,0,1300,1355600,"B"
"FIT","13:35:36",4.6,0,100,1354300,"B"
"FIT","13:35:30",4.6,0,5000,1354200,"B"
"FIT","13:33:32",4.6,0,1000,1349200,"B"
"FIT","13:32:53",4.6,0,100,1348200,"B"
"FIT","13:32:32",4.6,0,7100,1348100,"S"
"FIT","13:32:17",4.59,-0.01,1000,1341000,"B"
"FIT","13:32:13",4.6,0,1000,1340000,"S"
"FIT","13:32:04",4.6,0,9300,1339000,"S"
"FIT","13:31:57",4.6,0,100,1329700,"S"
"FIT","13:31:56",4.6,0,11000,1329600,"S"
"FIT","13:31:37",4.6,0,1400,1318600,"S"
"FIT","13:30:51",4.6,0,500,1317200,"S"
"FIT","13:30:33",4.6,0,100,1316700,"S"
"FIT","13:30:33",4.6,0,2000,1316600,"S"
"FIT","13:29:34",4.6,0,300,1314600,"S"
"FIT","13:29:21",4.6,0,2500,1314300,"S"
"FIT","13:28:36",4.59,-0.01,1000,1311800,"B"
"FIT","13:28:10",4.59,-0.01,200,1310800,"B"
"FIT","13:27:01",4.59,-0.01,400,1310600,"B"
"FIT","13:25:53",4.59,-0.01,1000,1310200,"B"
"FIT","13:25:10",4.59,-0.01,100,1309200,"B"
"FIT","13:24:57",4.6,0,4000,1309100,"B"
"FIT","13:24:55",4.6,0,100,1305100,"B"
"FIT","13:24:49",4.6,0,100,1305000,"B"
"FIT","13:24:46",4.6,0,1000,1304900,"B"
"FIT","13:24:42",4.6,0,100,1303900,"B"
"FIT","13:24:35",4.6,0,100,1303800,"B"
"FIT","13:24:31",4.6,0,10000,1303700,"B"
"FIT","13:24:26",4.6,0,100,1293700,"B"
"FIT","13:24:23",4.6,0,25000,1293600,"B"
"FIT","13:24:03",4.6,0,500,1268600,"B"
"FIT","13:23:49",4.6,0,100,1268100,"B"
"FIT","13:23:44",4.6,0,2000,1268000,"B"
"FIT","13:22:12",4.6,0,200,1266000,"B"
"FIT","13:21:25",4.61,0.01,5000,1265800,"S"
"FIT","13:21:22",4.6,0,100,1260800,"B"
"FIT","13:21:10",4.6,0,600,1260700,"B"
"FIT","13:20:45",4.6,0,7900,1260100,"S"
"FIT","13:20:31",4.6,0,3700,1252200,"S"
"FIT","13:20:29",4.6,0,5000,1248500,"S"
"FIT","13:20:05",4.6,0,200,1243500,"S"
"FIT","13:19:38",4.59,-0.01,1000,1243300,"B"
"FIT","13:18:36",4.59,-0.01,3000,1242300,"B"
"FIT","13:17:33",4.6,0,700,1239300,"B"
"FIT","13:17:32",4.6,0,100,1238600,"B"
"FIT","13:17:12",4.6,0,3000,1238500,"B"
"FIT","13:17:09",4.6,0,100,1235500,"B"
"FIT","13:16:38",4.6,0,100,1235400,"B"
"FIT","13:16:31",4.6,0,400,1235300,"B"
"FIT","13:16:17",4.6,0,100,1234900,"B"
"FIT","13:16:07",4.6,0,6000,1234800,"B"
"FIT","13:16:01",4.6,0,5100,1228800,"B"
"FIT","13:15:48",4.6,0,500,1223700,"S"
"FIT","13:15:27",4.6,0,2000,1223200,"S"
"FIT","13:15:27",4.59,-0.01,500,1221200,"B"
"FIT","13:14:57",4.6,0,5000,1220700,"S"
"FIT","13:14:50",4.6,0,600,1215700,"S"
"FIT","13:13:02",4.59,-0.01,1200,1215100,"B"
"FIT","13:13:01",4.59,-0.01,700,1213900,"S"
"FIT","13:12:35",4.59,-0.01,3000,1213200,"S"
"FIT","13:12:25",4.59,-0.01,500,1210200,"S"
"FIT","13:12:23",4.59,-0.01,800,1209700,"B"
"FIT","13:12:15",4.59,-0.01,5000,1208900,"B"
"FIT","13:11:14",4.6,0,4600,1203900,"S"
"FIT","13:10:37",4.59,-0.01,400,1199300,"B"
"FIT","13:10:21",4.59,-0.01,600,1198900,"B"
"FIT","13:10:03",4.59,-0.01,8000,1198300,"B"
"FIT","13:09:37",4.6,0,1300,1190300,"S"
"FIT","13:09:36",4.6,0,2200,1189000,"S"
"FIT","13:09:20",4.59,-0.01,100,1186800,"S"
"FIT","13:09:06",4.58,-0.02,400,1185400,"B"
"FIT","13:08:34",4.58,-0.02,200,1185000,"B"
"FIT","13:08:20",4.58,-0.02,700,1184800,"S"
"FIT","13:08:07",4.58,-0.02,1300,1184100,"S"
"FIT","13:08:05",4.58,-0.02,100,1182800,"S"
"FIT","13:07:56",4.58,-0.02,200,1182700,"S"
"FIT","13:07:54",4.58,-0.02,5000,1182500,"S"
"FIT","13:07:46",4.58,-0.02,100,1177500,"S"
"FIT","13:07:42",4.58,-0.02,200,1177400,"S"
"FIT","13:07:14",4.57,-0.03,4100,1177200,"B"
"FIT","13:07:00",4.57,-0.03,3400,1173100,"S"
"FIT","13:06:56",4.57,-0.03,1000,1169700,"S"
"FIT","13:06:51",4.57,-0.03,6000,1168700,"B"
"FIT","13:06:19",4.57,-0.03,100,1162700,"S"
"FIT","13:06:11",4.57,-0.03,4000,1162600,"S"
"FIT","13:06:03",4.56,-0.04,1500,1158600,"B"
"FIT","13:05:55",4.58,-0.02,200,1157100,"S"
"FIT","13:05:52",4.56,-0.04,13300,1156900,"B"
"FIT","13:05:52",4.57,-0.03,36700,1143600,"B"
"FIT","13:05:19",4.58,-0.02,100,1106900,"S"
"FIT","13:04:43",4.58,-0.02,1600,1106800,"B"
"FIT","13:04:38",4.58,-0.02,50000,1105200,"B"
"FIT","13:04:35",4.58,-0.02,2000,1055200,"B"
"FIT","13:04:14",4.59,-0.01,300,1053200,"S"
"FIT","13:04:11",4.58,-0.02,6000,1052900,"B"
"FIT","13:03:32",4.58,-0.02,3000,1046900,"B"
"FIT","13:02:58",4.59,-0.01,1000,1043900,"S"
"FIT","13:02:03",4.59,-0.01,3500,1042900,"S"
"FIT","13:02:03",4.58,-0.02,2300,1039400,"B"
"FIT","13:00:33",4.58,-0.02,1000,1037100,"B"
"FIT","13:00:12",4.59,-0.01,2000,1036100,"S"
"FIT","13:00:07",4.59,-0.01,900,1034100,"S"
"FIT","13:00:06",4.58,-0.02,800,1033200,"B"
"FIT","13:00:06",4.59,-0.01,5000,1032400,"S"
"FIT","11:29:11",4.59,-0.01,4500,1027400,"S"
"FIT","11:28:47",4.58,-0.02,7500,1022900,"B"
"FIT","11:28:18",4.59,-0.01,4300,1015400,"B"
"FIT","11:28:09",4.59,-0.01,8800,1011100,"S"
"FIT","11:27:42",4.59,-0.01,10000,1002300,"S"
"FIT","11:27:39",4.59,-0.01,1000,992300,"S"
"FIT","11:27:29",4.59,-0.01,1200,991300,"B"
"FIT","11:27:09",4.59,-0.01,1000,990100,"B"
"FIT","11:26:43",4.59,-0.01,2000,989100,"B"
"FIT","11:25:34",4.59,-0.01,3000,987100,"B"
"FIT","11:25:18",4.59,-0.01,2800,984100,"S"
"FIT","11:25:14",4.59,-0.01,100,981300,"S"
"FIT","11:24:46",4.59,-0.01,1000,981200,"S"
"FIT","11:24:07",4.59,-0.01,1000,980200,"S"
"FIT","11:23:35",4.58,-0.02,2000,979200,"B"
"FIT","11:22:28",4.58,-0.02,10000,977200,"B"
"FIT","11:22:02",4.59,-0.01,400,967200,"B"
"FIT","11:21:27",4.59,-0.01,100,966800,"S"
"FIT","11:21:09",4.59,-0.01,100,966700,"S"
"FIT","11:20:11",4.59,-0.01,100,966600,"S"
"FIT","11:19:56",4.59,-0.01,100,966500,"S"
"FIT","11:19:46",4.58,-0.02,2000,966400,"B"
"FIT","11:19:13",4.59,-0.01,200,964400,"S"
"FIT","11:18:40",4.59,-0.01,1000,964200,"B"
"FIT","11:16:40",4.59,-0.01,20100,963200,"B"
"FIT","11:13:26",4.59,-0.01,100,943100,"B"
"FIT","11:12:44",4.6,0,100,943000,"S"
"FIT","11:12:13",4.6,0,100,942900,"S"
"FIT","11:11:52",4.6,0,100,942800,"S"
"FIT","11:10:47",4.6,0,100,942700,"S"
"FIT","11:09:32",4.6,0,100,942600,"B"
"FIT","11:09:31",4.6,0,600,942500,"B"
"FIT","11:09:18",4.6,0,1000,941900,"B"
"FIT","11:09:08",4.6,0,8300,940900,"S"
"FIT","11:07:39",4.59,-0.01,100,932600,"B"
"FIT","11:07:29",4.59,-0.01,10000,932500,"B"
"FIT","11:07:09",4.59,-0.01,10000,922500,"B"
"FIT","11:06:51",4.59,-0.01,4000,912500,"B"
"FIT","11:05:32",4.59,-0.01,100,908500,"B"
"FIT","11:05:22",4.6,0,500,908400,"S"
"FIT","11:05:11",4.6,0,5000,907900,"S"
"FIT","11:04:32",4.6,0,5000,902900,"S"
"FIT","11:02:07",4.59,-0.01,100,897900,"S"
"FIT","11:01:56",4.59,-0.01,100,897800,"S"
"FIT","11:00:54",4.59,-0.01,2100,897700,"B"
"FIT","11:00:53",4.59,-0.01,5400,895600,"B"
"FIT","11:00:35",4.59,-0.01,1000,890200,"B"
"FIT","11:00:19",4.59,-0.01,500,889200,"B"
"FIT","10:59:29",4.59,-0.01,100,888700,"B"
"FIT","10:59:13",4.59,-0.01,8700,888600,"B"
"FIT","10:59:13",4.59,-0.01,5400,879900,"B"
"FIT","10:58:07",4.59,-0.01,100,874500,"B"
"FIT","10:57:48",4.6,0,5000,874400,"S"
"FIT","10:57:44",4.59,-0.01,10000,869400,"B"
"FIT","10:56:57",4.59,-0.01,100,859400,"B"
"FIT","10:56:19",4.6,0,500,859300,"S"
"FIT","10:55:58",4.6,0,800,858800,"S"
"FIT","10:55:33",4.59,-0.01,2000,858000,"B"
"FIT","10:55:31",4.59,-0.01,5000,856000,"B"
"FIT","10:54:43",4.59,-0.01,4000,851000,"B"
"FIT","10:54:13",4.59,-0.01,1000,847000,"B"
"FIT","10:54:01",4.6,0,3000,846000,"S"
"FIT","10:53:57",4.59,-0.01,1000,843000,"B"
"FIT","10:53:34",4.6,0,100,842000,"S"
"FIT","10:52:44",4.59,-0.01,5400,841900,"B"
"FIT","10:52:28",4.59,-0.01,4000,836500,"B"
"FIT","10:51:48",4.59,-0.01,7500,832500,"B"
"FIT","10:51:11",4.6,0,1900,825000,"S"
"FIT","10:48:57",4.6,0,1000,823100,"S"
"FIT","10:46:27",4.6,0,5000,822100,"S"
"FIT","10:45:12",4.59,-0.01,300,817100,"S"
"FIT","10:45:07",4.59,-0.01,100,816800,"S"
"FIT","10:45:04",4.59,-0.01,100,816700,"B"
"FIT","10:44:48",4.58,-0.02,6300,816600,"B"
"FIT","10:44:48",4.59,-0.01,13700,810300,"B"
"FIT","10:44:34",4.59,-0.01,25000,796600,"B"
"FIT","10:43:52",4.6,0,4000,771600,"S"
"FIT","10:42:12",4.6,0,1000,767600,"B"
"FIT","10:42:11",4.6,0,13100,766600,"B"
"FIT","10:40:26",4.62,0.02,5300,753500,"S"
"FIT","10:40:26",4.61,0.01,100,748200,"S"
"FIT","10:38:58",4.62,0.02,1300,748100,"S"
"FIT","10:38:35",4.62,0.02,500,746800,"S"
"FIT","10:37:49",4.62,0.02,100,746300,"S"
"FIT","10:37:37",4.6,0,19000,746200,"B"
"FIT","10:37:37",4.61,0.01,18900,727200,"B"
"FIT","10:37:16",4.62,0.02,5100,708300,"B"
"FIT","10:37:01",4.62,0.02,100,703200,"B"
"FIT","10:36:36",4.62,0.02,1000,703100,"S"
"FIT","10:36:31",4.62,0.02,300,702100,"S"
"FIT","10:36:03",4.62,0.02,500,701800,"S"
"FIT","10:35:43",4.62,0.02,2000,701300,"S"
"FIT","10:35:16",4.62,0.02,7000,699300,"S"
"FIT","10:34:55",4.62,0.02,200,692300,"S"
"FIT","10:33:56",4.62,0.02,2000,692100,"S"
"FIT","10:32:04",4.62,0.02,2000,690100,"S"
"FIT","10:31:56",4.62,0.02,400,688100,"S"
"FIT","10:31:33",4.62,0.02,100,687700,"B"
"FIT","10:31:31",4.62,0.02,100,687600,"B"
"FIT","10:31:05",4.62,0.02,100,687500,"B"
"FIT","10:31:03",4.62,0.02,500,687400,"B"
"FIT","10:30:53",4.62,0.02,100,686900,"B"
"FIT","10:30:51",4.62,0.02,500,686800,"B"
"FIT","10:30:47",4.62,0.02,100,686300,"B"
"FIT","10:30:38",4.62,0.02,500,686200,"B"
"FIT","10:29:57",4.63,0.03,1000,685700,"S"
"FIT","10:29:56",4.63,0.03,16500,684700,"B"
"FIT","10:29:49",4.63,0.03,500,668200,"B"
"FIT","10:29:40",4.63,0.03,200,667700,"B"
"FIT","10:29:39",4.63,0.03,2000,667500,"B"
"FIT","10:28:47",4.63,0.03,300,665500,"B"
"FIT","10:28:41",4.64,0.04,10000,665200,"S"
"FIT","10:28:40",4.63,0.03,100,655200,"B"
"FIT","10:28:28",4.63,0.03,300,655100,"B"
"FIT","10:28:24",4.63,0.03,16400,654800,"S"
"FIT","10:28:24",4.62,0.02,8300,638400,"S"
"FIT","10:28:24",4.61,0.01,500,630100,"S"
"FIT","10:27:44",4.62,0.02,7400,629600,"S"
"FIT","10:27:43",4.62,0.02,41600,622200,"S"
"FIT","10:27:43",4.61,0.01,1000,580600,"S"
"FIT","10:27:13",4.6,0,100,579600,"B"
"FIT","10:26:06",4.6,0,5000,579500,"B"
"FIT","10:25:51",4.6,0,10000,574500,"B"
"FIT","10:25:48",4.6,0,7500,564500,"B"
"FIT","10:25:44",4.6,0,600,557000,"B"
"FIT","10:25:37",4.6,0,5900,556400,"B"
"FIT","10:25:16",4.6,0,1300,550500,"S"
"FIT","10:25:15",4.6,0,100,549200,"S"
"FIT","10:24:55",4.6,0,100,549100,"S"
"FIT","10:24:47",4.6,0,1900,549000,"B"
"FIT","10:24:39",4.6,0,2000,547100,"B"
"FIT","10:24:35",4.6,0,6000,545100,"B"
"FIT","10:24:32",4.6,0,6000,539100,"B"
"FIT","10:23:23",4.6,0,1000,533100,"B"
"FIT","10:23:21",4.61,0.01,4200,532100,"S"
"FIT","10:23:05",4.6,0,5000,527900,"B"
"FIT","10:22:32",4.6,0,100,522900,"B"
"FIT","10:22:17",4.6,0,20000,522800,"B"
"FIT","10:22:02",4.6,0,100,502800,"B"
"FIT","10:21:54",4.6,0,5000,502700,"B"
"FIT","10:21:44",4.61,0.01,5000,497700,"S"
"FIT","10:21:36",4.61,0.01,7400,492700,"B"
"FIT","10:21:30",4.61,0.01,5000,485300,"B"
"FIT","10:21:10",4.61,0.01,100,480300,"B"
"FIT","10:20:54",4.62,0.02,100,480200,"S"
"FIT","10:20:52",4.62,0.02,1000,480100,"S"
"FIT","10:20:49",4.61,0.01,100,479100,"B"
"FIT","10:20:28",4.62,0.02,800,479000,"S"
"FIT","10:19:29",4.62,0.02,1000,478200,"S"
"FIT","10:18:26",4.61,0.01,100,477200,"B"
"FIT","10:18:21",4.61,0.01,3200,477100,"S"
"FIT","10:17:52",4.61,0.01,5000,473900,"S"
"FIT","10:17:40",4.61,0.01,2500,468900,"S"
"FIT","10:16:23",4.6,0,1000,466400,"B"
"FIT","10:15:37",4.6,0,100,465400,"B"
"FIT","10:15:21",4.6,0,2900,465300,"S"
"FIT","10:14:36",4.6,0,1000,462400,"S"
"FIT","10:14:33",4.6,0,1100,461400,"B"
"FIT","10:14:20",4.6,0,1100,460300,"S"
"FIT","10:13:36",4.59,-0.01,100,459200,"B"
"FIT","10:13:00",4.6,0,500,459100,"S"
"FIT","10:12:44",4.6,0,4700,458600,"S"
"FIT","10:11:56",4.6,0,3800,453900,"B"
"FIT","10:11:49",4.6,0,1200,450100,"S"
"FIT","10:11:26",4.59,-0.01,2500,448900,"B"
"FIT","10:10:58",4.59,-0.01,100,446400,"B"
"FIT","10:10:43",4.6,0,2400,446300,"B"
"FIT","10:10:37",4.6,0,1000,443900,"B"
"FIT","10:09:41",4.6,0,100,442900,"B"
"FIT","10:09:37",4.6,0,2100,442800,"S"
"FIT","10:09:02",4.6,0,200,440700,"S"
"FIT","10:08:45",4.6,0,200,440500,"S"
"FIT","10:08:25",4.59,-0.01,1000,440300,"B"
"FIT","10:08:16",4.6,0,5000,439300,"S"
"FIT","10:08:13",4.6,0,1000,434300,"S"
"FIT","10:07:31",4.6,0,18500,433300,"B"
"FIT","10:06:36",4.6,0,100,414800,"B"
"FIT","10:06:35",4.6,0,500,414700,"B"
"FIT","10:06:31",4.6,0,8000,414200,"B"
"FIT","10:05:42",4.6,0,200,406200,"B"
"FIT","10:05:02",4.6,0,900,406000,"S"
"FIT","10:04:57",4.6,0,1700,405100,"S"
"FIT","10:04:54",4.6,0,5000,403400,"S"
"FIT","10:04:36",4.6,0,2500,398400,"S"
"FIT","10:04:35",4.6,0,1000,395900,"S"
"FIT","10:04:20",4.6,0,1000,394900,"S"
"FIT","10:04:14",4.6,0,400,393900,"S"
"FIT","10:04:08",4.6,0,200,393500,"S"
"FIT","10:04:00",4.6,0,100,393300,"S"
"FIT","10:03:50",4.6,0,1000,393200,"S"
"FIT","10:03:45",4.6,0,2800,392200,"S"
"FIT","10:03:39",4.6,0,600,389400,"S"
"FIT","10:03:34",4.6,0,5000,388800,"S"
"FIT","10:03:33",4.6,0,100,383800,"S"
"FIT","10:03:31",4.6,0,1000,383700,"S"
"FIT","10:03:28",4.6,0,1500,382700,"S"
"FIT","10:03:27",4.6,0,700,381200,"S"
"FIT","10:03:10",4.6,0,1000,380500,"S"
"FIT","10:02:46",4.6,0,8000,379500,"S"
"FIT","10:02:34",4.6,0,10000,371500,"S"
"FIT","10:02:12",4.6,0,4000,361500,"S"
"FIT","10:01:07",4.59,-0.01,100,357500,"B"
"FIT","09:58:59",4.59,-0.01,100,357400,"B"
"FIT","09:58:14",4.6,0,3000,357300,"S"
"FIT","09:57:14",4.59,-0.01,8800,354300,"B"
"FIT","09:56:54",4.6,0,4000,345500,"S"
"FIT","09:56:50",4.6,0,10000,341500,"S"
"FIT","09:56:18",4.6,0,100,331500,"S"
"FIT","09:55:25",4.59,-0.01,100,331400,"B"
"FIT","09:55:08",4.59,-0.01,900,331300,"B"
"FIT","09:53:31",4.59,-0.01,600,330400,"S"
"FIT","09:53:30",4.59,-0.01,3100,329800,"S"
"FIT","09:52:59",4.59,-0.01,1900,326700,"S"
"FIT","09:52:55",4.59,-0.01,100,324800,"S"
"FIT","09:52:42",4.59,-0.01,1000,324700,"S"
"FIT","09:52:36",4.59,-0.01,300,323700,"B"
"FIT","09:52:24",4.59,-0.01,100,323400,"B"
"FIT","09:52:15",4.59,-0.01,8000,323300,"B"
"FIT","09:51:37",4.59,-0.01,1000,315300,"B"
"FIT","09:51:04",4.59,-0.01,100,314300,"B"
"FIT","09:50:50",4.59,-0.01,1000,314200,"B"
"FIT","09:49:47",4.59,-0.01,900,313200,"S"
"FIT","09:49:24",4.59,-0.01,2000,312300,"S"
"FIT","09:49:08",4.58,-0.02,1000,310300,"B"
"FIT","09:48:09",4.58,-0.02,2000,309300,"B"
"FIT","09:47:18",4.58,-0.02,10700,307300,"B"
"FIT","09:47:17",4.59,-0.01,100,296600,"S"
"FIT","09:47:00",4.6,0,3000,296500,"S"
"FIT","09:46:42",4.59,-0.01,100,293500,"B"
"FIT","09:46:37",4.59,-0.01,5000,293400,"B"
"FIT","09:45:45",4.59,-0.01,100,288400,"B"
"FIT","09:45:31",4.59,-0.01,10000,288300,"B"
"FIT","09:45:09",4.59,-0.01,200,278300,"B"
"FIT","09:45:06",4.59,-0.01,10000,278100,"B"
"FIT","09:44:46",4.59,-0.01,2000,268100,"B"
"FIT","09:44:46",4.59,-0.01,500,266100,"B"
"FIT","09:44:26",4.59,-0.01,600,265600,"B"
"FIT","09:43:58",4.59,-0.01,5000,265000,"B"
"FIT","09:43:35",4.6,0,2000,260000,"S"
"FIT","09:43:25",4.59,-0.01,1400,258000,"B"
"FIT","09:42:51",4.59,-0.01,100,256600,"B"
"FIT","09:41:48",4.6,0,100,256500,"S"
"FIT","09:41:11",4.6,0,1800,256400,"B"
"FIT","09:40:33",4.6,0,500,254600,"B"
"FIT","09:40:16",4.6,0,1000,254100,"B"
"FIT","09:38:53",4.6,0,100,253100,"S"
"FIT","09:37:43",4.6,0,10000,253000,"S"
"FIT","09:36:31",4.59,-0.01,4000,243000,"B"
"FIT","09:36:04",4.59,-0.01,8000,239000,"B"
"FIT","09:35:27",4.59,-0.01,1800,231000,"B"
"FIT","09:35:27",4.6,0,200,229200,"B"
"FIT","09:35:23",4.6,0,1800,229000,"S"
"FIT","09:35:03",4.6,0,200,227200,"S"
"FIT","09:35:00",4.59,-0.01,4100,227000,"B"
"FIT","09:34:14",4.6,0,500,222900,"S"
"FIT","09:34:12",4.6,0,47500,222400,"B"
"FIT","09:34:10",4.6,0,6400,174900,"B"
"FIT","09:33:20",4.6,0,100,168500,"B"
"FIT","09:33:13",4.61,0.01,2500,168400,"S"
"FIT","09:33:06",4.61,0.01,2100,165900,"B"
"FIT","09:32:20",4.62,0.02,300,163800,"S"
"FIT","09:32:08",4.62,0.02,100,163500,"S"
"FIT","09:32:05",4.62,0.02,2900,163400,"S"
"FIT","09:31:58",4.62,0.02,500,160500,"S"
"FIT","09:31:38",4.62,0.02,4000,160000,"S"
"FIT","09:31:26",4.62,0.02,1200,156000,"S"
"FIT","09:31:05",4.61,0.01,900,154800,"S"
"FIT","09:30:49",4.61,0.01,2600,153900,"S"
"FIT","09:30:44",4.61,0.01,3200,151300,"S"
"FIT","09:30:37",4.61,0.01,2300,148100,"S"
"FIT","09:30:36",4.6,0,100,145800,"B"
"FIT","09:29:30",4.6,0,9300,145700,"S"
"FIT","09:29:21",4.6,0,2000,136400,"S"
"FIT","09:29:16",4.6,0,5000,134400,"S"
"FIT","09:29:15",4.6,0,1000,129400,"S"
"FIT","09:28:53",4.6,0,300,128400,"S"
"FIT","09:28:48",4.6,0,3000,128100,"S"
"FIT","09:28:37",4.6,0,2000,125100,"S"
"FIT","09:28:33",4.6,0,1000,123100,"S"
"FIT","09:28:19",4.6,0,2000,122100,"S"
"FIT","09:28:18",4.59,-0.01,1600,120100,"B"
"FIT","09:28:11",4.59,-0.01,3000,118500,"B"
"FIT","09:27:41",4.6,0,1000,115500,"S"
"FIT","09:27:37",4.6,0,500,114500,"S"
"FIT","09:27:21",4.6,0,9000,114000,"S"
"FIT","09:27:17",4.59,-0.01,200,105000,"B"
"FIT","09:27:07",4.59,-0.01,10000,104800,"B"
"FIT","09:27:05",4.59,-0.01,1000,94800,"B"
"FIT","09:25:38",4.59,-0.01,400,93800,"B"
"FIT","09:25:37",4.6,0,1000,93400,"S"
"FIT","09:24:37",4.6,0,500,92400,"S"
"FIT","09:24:19",4.6,0,300,91900,"S"
"FIT","09:24:12",4.59,-0.01,2000,91600,"B"
"FIT","09:23:39",4.59,-0.01,5600,89600,"S"
"FIT","09:23:35",4.58,-0.02,1000,84000,"B"
"FIT","09:22:59",4.58,-0.02,4500,83000,"B"
"FIT","09:22:55",4.59,-0.01,1000,78500,"S"
"FIT","09:21:41",4.58,-0.02,2000,77500,"B"
"FIT","09:21:05",4.58,-0.02,500,75500,"B"
"FIT","09:20:51",4.58,-0.02,3000,75000,"B"
"FIT","09:20:35",4.58,-0.02,1000,72000,"B"
"FIT","09:20:16",4.58,-0.02,500,71000,"B"
"FIT","09:20:00",4.59,-0.01,3300,70500,"B"
"FIT","09:19:53",4.59,-0.01,1000,67200,"B"
"FIT","09:19:11",4.6,0,4300,66200,"B"
"FIT","09:19:04",4.6,0,100,61900,"S"
"FIT","09:19:02",4.6,0,100,61800,"B"
"FIT","09:18:53",4.6,0,13400,61700,"B"
"FIT","09:18:12",4.6,0,100,48300,"B"
"FIT","09:17:36",4.6,0,1000,48200,"B"
"FIT","09:17:18",4.61,0.01,3000,47200,"S"
"FIT","09:17:15",4.61,0.01,3000,44200,"S"
"FIT","09:17:04",4.6,0,1000,41200,"B"
"FIT","09:16:58",4.61,0.01,3000,40200,"S"
"FIT","09:16:48",4.61,0.01,3000,37200,"S"
"FIT","09:16:42",4.61,0.01,1300,34200,"S"
"FIT","09:16:42",4.6,0,1700,32900,"S"
"FIT","09:16:34",4.6,0,100,31200,"S"
"FIT","09:16:33",4.6,0,8200,31100,"B"
"FIT","09:16:20",4.6,0,1400,22900,"B"
"FIT","09:15:04",4.6,0,21500,21500,
