"price","change","match_qtty","side","time","total_vol"
39200,0,18300,"bu","09:15:05",18300
39200,0,300,"sd","09:15:52",18600
39200,0,7000,"bu","09:15:55",25600
39200,0,100,"bu","09:15:56",25700
39500,300,5000,"bu","09:16:13",30700
39450,250,2000,"sd","09:16:39",32700
39450,250,500,"sd","09:16:56",33200
39450,250,600,"bu","09:17:20",33800
39450,250,4100,"sd","09:17:32",37900
39400,200,5100,"bu","09:17:41",43000
39400,200,1000,"bu","09:17:54",44000
39250,50,2400,"bu","09:18:13",46400
39200,0,2200,"bu","09:18:24",48600
39200,0,1800,"bu","09:18:30",50400
39200,0,5000,"bu","09:18:34",55400
39200,0,300,"sd","09:18:37",55700
39100,-100,100,"sd","09:19:06",55800
39100,-100,1300,"bu","09:19:17",57100
39000,-200,1300,"sd","09:19:31",58400
39000,-200,3000,"bu","09:19:33",61400
39000,-200,1000,"bu","09:19:36",62400
39000,-200,14700,"bu","09:19:37",77100
39000,-200,800,"bu","09:19:40",77900
39000,-200,500,"sd","09:19:57",78400
38600,-600,400,"bu","09:21:16",78800
38600,-600,100,"bu","09:21:35",78900
38600,-600,1300,"sd","09:22:00",80200
38650,-550,300,"sd","09:22:10",80500
38600,-600,400,"bu","09:22:14",80900
38650,-550,100,"sd","09:22:30",81000
38600,-600,2000,"bu","09:22:36",83000
38650,-550,800,"bu","09:22:48",83800
38600,-600,200,"bu","09:22:51",84000
38600,-600,1000,"sd","09:22:51",85000
38600,-600,2000,"bu","09:23:12",87000
38600,-600,2000,"bu","09:23:18",89000
38600,-600,100,"sd","09:23:21",89100
38650,-550,5100,"bu","09:23:43",94200
38600,-600,900,"sd","09:23:57",95100
38600,-600,500,"sd","09:24:13",95600
38600,-600,1000,"sd","09:24:23",96600
38600,-600,1000,"bu","09:24:25",97600
38600,-600,200,"bu","09:24:26",97800
38600,-600,1100,"bu","09:24:27",98900
38600,-600,400,"bu","09:24:28",99300
38600,-600,600,"bu","09:24:32",99900
38650,-550,500,"sd","09:24:32",100400
38600,-600,1000,"bu","09:24:34",101400
38650,-550,200,"sd","09:24:36",101600
38650,-550,100,"bu","09:24:39",101700
38600,-600,800,"bu","09:25:04",102500
38650,-550,500,"sd","09:25:28",103000
38650,-550,600,"bu","09:25:34",103600
38650,-550,200,"bu","09:26:02",103800
38700,-500,500,"bu","09:26:04",104300
38800,-400,200,"sd","09:26:23",104500
38800,-400,400,"bu","09:26:26",104900
38800,-400,1500,"bu","09:26:34",106400
38900,-300,5000,"bu","09:27:13",111400
38900,-300,2000,"bu","09:27:14",113400
38900,-300,900,"sd","09:27:23",114300
38900,-300,100,"bu","09:27:27",114400
38900,-300,2000,"bu","09:27:31",116400
38900,-300,6000,"sd","09:27:33",122400
38900,-300,100,"bu","09:28:11",122500
39000,-200,1200,"sd","09:28:27",123700
39000,-200,700,"sd","09:28:37",124400
39000,-200,8600,"bu","09:28:55",133000
39200,0,4100,"bu","09:29:13",137100
39200,0,1000,"bu","09:29:57",138100
39200,0,500,"sd","09:30:04",138600
39100,-100,600,"sd","09:30:30",139200
39150,-50,100,"bu","09:30:35",139300
39150,-50,500,"sd","09:30:39",139800
39150,-50,3000,"bu","09:30:59",142800
39100,-100,2200,"bu","09:31:02",145000
39100,-100,400,"bu","09:31:09",145400
39000,-200,500,"sd","09:31:11",145900
39000,-200,3100,"sd","09:31:44",149000
39000,-200,3000,"bu","09:31:54",152000
39000,-200,2400,"sd","09:31:57",154400
39000,-200,100,"bu","09:31:58",154500
39000,-200,1000,"bu","09:32:11",155500
38900,-300,1100,"sd","09:32:32",156600
38900,-300,1500,"sd","09:33:07",158100
38900,-300,400,"bu","09:33:20",158500
38900,-300,100,"bu","09:33:40",158600
38900,-300,500,"bu","09:33:52",159100
38900,-300,200,"bu","09:34:08",159300
38900,-300,2200,"sd","09:34:25",161500
38900,-300,300,"sd","09:34:33",161800
38850,-350,1200,"sd","09:34:39",163000
38800,-400,200,"sd","09:34:47",163200
38800,-400,3700,"sd","09:34:54",166900
38800,-400,200,"bu","09:34:57",167100
38800,-400,500,"bu","09:35:08",167600
38800,-400,600,"sd","09:36:54",168200
38800,-400,800,"bu","09:38:04",169000
38850,-350,400,"bu","09:38:53",169400
38850,-350,600,"bu","09:39:05",170000
38850,-350,100,"bu","09:39:18",170100
38850,-350,300,"bu","09:39:23",170400
38800,-400,2300,"bu","09:40:44",172700
38800,-400,1000,"sd","09:40:58",173700
38800,-400,3000,"bu","09:41:19",176700
38800,-400,1000,"sd","09:42:11",177700
38800,-400,100,"sd","09:42:19",177800
38800,-400,700,"sd","09:44:21",178500
38800,-400,200,"sd","09:44:24",178700
38800,-400,100,"sd","09:44:52",178800
38800,-400,2600,"sd","09:45:03",181400
38850,-350,300,"bu","09:46:50",181700
38850,-350,200,"bu","09:46:51",181900
38850,-350,2200,"sd","09:47:02",184100
38900,-300,1000,"sd","09:47:56",185100
38900,-300,300,"sd","09:48:11",185400
38900,-300,100,"sd","09:48:17",185500
38900,-300,2000,"bu","09:48:21",187500
38900,-300,500,"sd","09:48:22",188000
38900,-300,1000,"bu","09:48:53",189000
38900,-300,100,"bu","09:49:44",189100
38850,-350,4000,"sd","09:50:13",193100
38900,-300,200,"sd","09:50:16",193300
38900,-300,100,"bu","09:51:05",193400
38850,-350,5000,"sd","09:51:55",198400
38850,-350,2600,"bu","09:52:04",201000
38800,-400,3100,"sd","09:54:11",204100
38800,-400,500,"sd","09:55:08",204600
38800,-400,300,"sd","09:55:16",204900
38750,-450,2700,"bu","09:56:48",207600
38700,-500,2200,"sd","09:57:02",209800
38700,-500,2000,"bu","09:57:26",211800
38700,-500,6000,"bu","09:57:30",217800
38700,-500,3000,"sd","09:58:05",220800
38700,-500,800,"sd","09:58:49",221600
38700,-500,2300,"sd","09:58:54",223900
38750,-450,3500,"bu","10:00:40",227400
38750,-450,700,"sd","10:04:54",228100
38800,-400,400,"bu","10:04:57",228500
38800,-400,1600,"bu","10:05:45",230100
38800,-400,2600,"bu","10:06:14",232700
38800,-400,1000,"sd","10:06:27",233700
38750,-450,900,"sd","10:07:45",234600
38800,-400,600,"bu","10:07:46",235200
38800,-400,400,"sd","10:08:10",235600
38800,-400,100,"bu","10:08:32",235700
38800,-400,300,"bu","10:09:04",236000
38750,-450,5000,"sd","10:09:12",241000
38800,-400,300,"bu","10:10:35",241300
38850,-350,1200,"sd","10:11:02",242500
38800,-400,1300,"bu","10:12:00",243800
38750,-450,1300,"bu","10:13:29",245100
38700,-500,800,"bu","10:14:00",245900
38700,-500,3700,"sd","10:14:46",249600
38700,-500,4200,"bu","10:14:47",253800
38700,-500,2800,"bu","10:15:08",256600
38700,-500,500,"sd","10:15:12",257100
38650,-550,5200,"bu","10:15:43",262300
38650,-550,400,"bu","10:15:58",262700
38650,-550,100,"sd","10:16:07",262800
38650,-550,700,"bu","10:16:20",263500
38650,-550,200,"sd","10:16:36",263700
38650,-550,1100,"bu","10:17:14",264800
38600,-600,4000,"bu","10:17:46",268800
38600,-600,1100,"bu","10:17:54",269900
38650,-550,500,"bu","10:18:05",270400
38650,-550,100,"bu","10:18:21",270500
38600,-600,2500,"bu","10:18:30",273000
38600,-600,1000,"sd","10:18:43",274000
38600,-600,200,"sd","10:19:14",274200
38550,-650,500,"sd","10:19:30",274700
38550,-650,200,"sd","10:19:37",274900
38500,-700,1400,"bu","10:20:09",276300
38500,-700,3000,"bu","10:20:11",279300
38500,-700,100,"bu","10:20:37",279400
38500,-700,800,"bu","10:20:52",280200
38500,-700,4500,"sd","10:20:53",284700
38400,-800,10900,"sd","10:21:54",295600
38400,-800,500,"sd","10:22:20",296100
38400,-800,900,"bu","10:22:34",297000
38400,-800,4100,"bu","10:22:36",301100
38400,-800,1000,"sd","10:22:37",302100
38350,-850,300,"sd","10:22:39",302400
38350,-850,600,"bu","10:22:50",303000
38400,-800,200,"sd","10:23:22",303200
38350,-850,200,"sd","10:23:23",303400
38400,-800,1300,"sd","10:23:43",304700
38500,-700,2800,"bu","10:23:57",307500
38900,-300,5000,"sd","10:24:05",312500
38800,-400,1000,"bu","10:27:16",313500
38800,-400,100,"bu","10:27:51",313600
38600,-600,500,"bu","10:28:21",314100
38700,-500,1000,"bu","10:29:11",315100
38700,-500,4000,"bu","10:29:50",319100
38700,-500,9600,"bu","10:33:54",328700
38700,-500,400,"sd","10:34:05",329100
38750,-450,100,"sd","10:35:09",329200
38700,-500,900,"bu","10:35:32",330100
38700,-500,100,"sd","10:35:48",330200
38700,-500,300,"bu","10:38:38",330500
38700,-500,100,"bu","10:39:02",330600
38600,-600,6300,"bu","10:44:28",336900
38650,-550,300,"sd","10:48:19",337200
38600,-600,1000,"sd","10:49:02",338200
38600,-600,100,"bu","10:49:31",338300
38600,-600,400,"bu","10:50:41",338700
38600,-600,500,"bu","10:51:21",339200
38550,-650,400,"bu","10:51:42",339600
38500,-700,4900,"sd","10:51:56",344500
38550,-650,1100,"bu","10:51:57",345600
38550,-650,3700,"bu","10:52:03",349300
38550,-650,100,"bu","10:53:20",349400
38550,-650,200,"bu","10:53:28",349600
38500,-700,2600,"sd","10:53:56",352200
38500,-700,200,"sd","10:54:04",352400
38500,-700,600,"sd","10:54:28",353000
38500,-700,300,"sd","10:54:47",353300
38500,-700,100,"sd","10:55:02",353400
38500,-700,300,"sd","10:56:25",353700
38450,-750,3200,"bu","10:57:02",356900
38400,-800,18700,"bu","10:58:08",375600
38400,-800,1300,"sd","10:59:41",376900
38400,-800,1800,"bu","10:59:43",378700
38400,-800,1500,"sd","10:59:45",380200
38400,-800,200,"bu","11:01:33",380400
38350,-850,5000,"sd","11:02:35",385400
38350,-850,500,"bu","11:03:31",385900
38350,-850,300,"sd","11:03:40",386200
38350,-850,200,"bu","11:03:45",386400
38350,-850,900,"sd","11:04:47",387300
38350,-850,1000,"sd","11:04:53",388300
38350,-850,300,"bu","11:05:07",388600
38350,-850,600,"sd","11:05:14",389200
38350,-850,1000,"sd","11:05:16",390200
38350,-850,3800,"bu","11:05:43",394000
38400,-800,100,"bu","11:07:23",394100
38450,-750,400,"sd","11:09:05",394500
38500,-700,100,"sd","11:09:31",394600
38500,-700,800,"bu","11:11:30",395400
38500,-700,300,"sd","11:11:32",395700
38550,-650,100,"sd","11:12:14",395800
38550,-650,900,"bu","11:13:11",396700
38550,-650,1100,"bu","11:15:16",397800
38500,-700,2100,"bu","11:16:54",399900
38500,-700,1300,"sd","11:18:24",401200
38450,-750,200,"bu","11:20:51",401400
38450,-750,100,"bu","11:21:09",401500
38450,-750,1000,"sd","11:21:21",402500
38400,-800,300,"sd","11:21:43",402800
38450,-750,2000,"bu","11:23:20",404800
38450,-750,200,"bu","11:23:33",405000
38450,-750,100,"sd","11:23:39",405100
38450,-750,300,"bu","11:24:04",405400
38450,-750,300,"bu","11:24:09",405700
38500,-700,100,"bu","11:25:27",405800
38500,-700,1000,"sd","11:25:37",406800
38500,-700,300,"sd","11:25:39",407100
38500,-700,100,"bu","11:25:51",407200
38500,-700,200,"sd","11:25:53",407400
38500,-700,1000,"sd","11:26:10",408400
38500,-700,100,"bu","11:26:50",408500
38500,-700,1000,"sd","11:27:03",409500
38500,-700,2000,"sd","11:27:12",411500
38500,-700,1000,"bu","11:27:15",412500
38500,-700,1900,"sd","11:27:29",414400
38550,-650,100,"sd","11:28:09",414500
38550,-650,200,"bu","11:28:27",414700
38550,-650,100,"sd","11:28:29",414800
38600,-600,1000,"sd","11:28:32",415800
38600,-600,100,"bu","11:28:55",415900
38650,-550,700,"bu","11:29:25",416600
38700,-500,700,"sd","13:00:54",417300
38650,-550,1000,"sd","13:01:01",418300
38650,-550,2300,"bu","13:01:04",420600
38650,-550,2300,"sd","13:01:10",422900
38500,-700,2000,"bu","13:01:19",424900
38500,-700,500,"bu","13:02:24",425400
38550,-650,800,"sd","13:03:37",426200
38600,-600,600,"sd","13:04:16",426800
38500,-700,1100,"bu","13:05:03",427900
38500,-700,100,"sd","13:05:36",428000
38500,-700,2000,"sd","13:05:52",430000
38600,-600,500,"bu","13:05:54",430500
38600,-600,100,"sd","13:06:19",430600
38650,-550,500,"sd","13:07:05",431100
38650,-550,1000,"sd","13:07:38",432100
38600,-600,500,"bu","13:07:59",432600
38650,-550,100,"bu","13:08:13",432700
38600,-600,2400,"bu","13:08:23",435100
38600,-600,500,"bu","13:08:35",435600
38600,-600,100,"sd","13:08:49",435700
38600,-600,1000,"bu","13:09:24",436700
38600,-600,800,"sd","13:09:38",437500
38600,-600,100,"bu","13:09:52",437600
38600,-600,800,"bu","13:10:05",438400
38600,-600,200,"sd","13:10:16",438600
38600,-600,5000,"bu","13:10:20",443600
38600,-600,1000,"bu","13:10:43",444600
38600,-600,300,"bu","13:11:33",444900
38650,-550,100,"bu","13:13:20",445000
38600,-600,200,"bu","13:13:52",445200
38600,-600,1100,"bu","13:14:27",446300
38600,-600,2000,"bu","13:14:59",448300
38600,-600,500,"sd","13:16:09",448800
38600,-600,200,"sd","13:16:12",449000
38600,-600,300,"bu","13:16:20",449300
38600,-600,3000,"sd","13:17:00",452300
38600,-600,1500,"bu","13:17:09",453800
38650,-550,300,"sd","13:18:19",454100
38650,-550,2000,"sd","13:18:40",456100
38650,-550,200,"sd","13:18:57",456300
38650,-550,1500,"sd","13:19:05",457800
38650,-550,1300,"sd","13:19:27",459100
38700,-500,7800,"sd","13:20:10",466900
38750,-450,1100,"sd","13:20:40",468000
38800,-400,300,"sd","13:21:29",468300
38800,-400,1700,"sd","13:21:42",470000
38800,-400,300,"sd","13:21:52",470300
38800,-400,5500,"sd","13:22:46",475800
38800,-400,5000,"bu","13:23:25",480800
38800,-400,400,"bu","13:23:35",481200
38800,-400,300,"sd","13:23:39",481500
38800,-400,200,"bu","13:23:41",481700
38800,-400,5600,"bu","13:23:50",487300
38800,-400,900,"bu","13:24:02",488200
38800,-400,1000,"sd","13:24:10",489200
38800,-400,2000,"bu","13:24:14",491200
38750,-450,100,"sd","13:24:32",491300
38750,-450,1000,"bu","13:24:58",492300
38700,-500,900,"bu","13:25:12",493200
38700,-500,900,"bu","13:25:46",494100
38700,-500,1100,"bu","13:26:04",495200
38700,-500,200,"sd","13:27:02",495400
38700,-500,1000,"sd","13:27:04",496400
38700,-500,1900,"bu","13:27:12",498300
38750,-450,500,"bu","13:27:32",498800
38750,-450,1000,"bu","13:29:27",499800
38650,-550,3000,"sd","13:29:54",502800
38650,-550,100,"bu","13:32:15",502900
38650,-550,5800,"bu","13:32:19",508700
38650,-550,5000,"sd","13:32:29",513700
38650,-550,1500,"bu","13:32:40",515200
38700,-500,100,"sd","13:32:56",515300
38650,-550,400,"bu","13:33:00",515700
38650,-550,1000,"bu","13:33:07",516700
38700,-500,100,"bu","13:33:16",516800
38650,-550,7000,"bu","13:34:47",523800
38650,-550,100,"sd","13:34:49",523900
38650,-550,3000,"sd","13:34:51",526900
38650,-550,200,"sd","13:34:53",527100
38650,-550,1400,"sd","13:34:55",528500
38600,-600,8000,"sd","13:35:34",536500
38600,-600,200,"bu","13:35:43",536700
38600,-600,100,"sd","13:36:03",536800
38600,-600,1000,"bu","13:36:50",537800
38600,-600,1400,"sd","13:37:06",539200
38600,-600,2600,"bu","13:37:14",541800
38550,-650,900,"sd","13:38:35",542700
38550,-650,100,"bu","13:38:44",542800
38550,-650,300,"sd","13:38:48",543100
38550,-650,500,"bu","13:39:06",543600
38550,-650,100,"bu","13:39:42",543700
38600,-600,500,"sd","13:40:09",544200
38550,-650,2000,"bu","13:40:30",546200
38600,-600,100,"sd","13:40:34",546300
38600,-600,5000,"bu","13:40:40",551300
38550,-650,300,"bu","13:41:55",551600
38600,-600,4900,"bu","13:42:03",556500
38600,-600,2300,"sd","13:43:17",558800
38600,-600,4000,"sd","13:43:53",562800
38600,-600,900,"sd","13:44:14",563700
38550,-650,500,"sd","13:45:28",564200
38600,-600,100,"sd","13:46:12",564300
38550,-650,1200,"bu","13:47:02",565500
38550,-650,2000,"sd","13:47:11",567500
38550,-650,500,"sd","13:47:15",568000
38350,-850,15000,"sd","13:47:33",583000
38350,-850,2000,"sd","13:48:03",585000
38350,-850,100,"sd","13:48:13",585100
38350,-850,1500,"sd","13:48:54",586600
38350,-850,2000,"sd","13:49:19",588600
38350,-850,1500,"sd","13:49:34",590100
38350,-850,100,"bu","13:49:37",590200
38350,-850,300,"bu","13:50:20",590500
38350,-850,400,"bu","13:50:57",590900
38350,-850,1000,"bu","13:51:13",591900
38350,-850,1600,"sd","13:51:21",593500
38350,-850,5400,"bu","13:51:44",598900
38350,-850,100,"sd","13:52:01",599000
38350,-850,10000,"sd","13:52:11",609000
38300,-900,1000,"bu","13:52:16",610000
38350,-850,2000,"sd","13:52:38",612000
38400,-800,100,"bu","13:53:12",612100
38400,-800,700,"bu","13:53:42",612800
38400,-800,1000,"bu","13:53:55",613800
38450,-750,400,"bu","13:54:09",614200
38500,-700,1000,"bu","13:55:31",615200
38500,-700,400,"bu","13:55:35",615600
38600,-600,7400,"bu","13:56:30",623000
38600,-600,100,"bu","13:56:51",623100
38600,-600,1000,"sd","13:56:54",624100
38550,-650,500,"sd","13:56:57",624600
38600,-600,1500,"sd","13:57:38",626100
38600,-600,100,"sd","13:57:56",626200
38600,-600,500,"bu","13:58:04",626700
38600,-600,2000,"bu","13:58:21",628700
38600,-600,100,"sd","13:58:24",628800
38600,-600,1000,"bu","13:58:44",629800
38600,-600,100,"sd","13:58:49",629900
38600,-600,4000,"bu","13:58:53",633900
38600,-600,100,"sd","13:59:14",634000
38600,-600,500,"bu","13:59:17",634500
38600,-600,300,"sd","13:59:46",634800
38550,-650,100,"sd","14:00:17",634900
38550,-650,400,"sd","14:00:26",635300
38550,-650,600,"bu","14:00:43",635900
38500,-700,1400,"sd","14:01:01",637300
38500,-700,100,"bu","14:01:22",637400
38550,-650,200,"bu","14:01:30",637600
38550,-650,1500,"bu","14:02:25",639100
38400,-800,6100,"bu","14:03:06",645200
38400,-800,300,"bu","14:03:15",645500
38400,-800,500,"sd","14:03:17",646000
38400,-800,3100,"sd","14:03:20",649100
38500,-700,500,"sd","14:05:07",649600
38400,-800,5500,"bu","14:05:23",655100
38450,-750,1200,"sd","14:07:04",656300
38450,-750,300,"sd","14:07:10",656600
38400,-800,8000,"sd","14:08:22",664600
38400,-800,300,"sd","14:09:30",664900
38400,-800,3000,"bu","14:09:42",667900
38400,-800,6000,"bu","14:09:47",673900
38400,-800,2000,"bu","14:10:03",675900
38400,-800,2000,"sd","14:10:24",677900
38400,-800,300,"bu","14:10:39",678200
38500,-700,4800,"bu","14:10:53",683000
38500,-700,200,"sd","14:11:09",683200
38400,-800,1400,"sd","14:12:04",684600
38400,-800,2800,"sd","14:12:13",687400
38350,-850,2900,"bu","14:13:01",690300
38300,-900,500,"sd","14:13:04",690800
38300,-900,700,"bu","14:13:14",691500
38300,-900,1000,"sd","14:13:18",692500
38300,-900,4400,"bu","14:13:21",696900
38300,-900,6400,"bu","14:13:25",703300
38300,-900,900,"bu","14:13:27",704200
38300,-900,100,"bu","14:13:31",704300
38250,-950,6000,"bu","14:13:45",710300
38200,-1000,2600,"sd","14:13:48",712900
38200,-1000,1500,"bu","14:14:01",714400
38200,-1000,5000,"sd","14:14:05",719400
38200,-1000,3100,"bu","14:14:09",722500
38200,-1000,6100,"bu","14:14:29",728600
38200,-1000,200,"bu","14:14:54",728800
38150,-1050,1500,"bu","14:15:00",730300
38100,-1100,9700,"bu","14:15:06",740000
38100,-1100,100,"bu","14:15:10",740100
38000,-1200,3300,"sd","14:15:16",743400
38000,-1200,500,"sd","14:15:23",743900
38000,-1200,500,"bu","14:15:42",744400
38000,-1200,5500,"sd","14:15:50",749900
38000,-1200,10300,"sd","14:15:53",760200
38100,-1100,200,"bu","14:15:59",760400
38000,-1200,1000,"sd","14:16:02",761400
38000,-1200,200,"sd","14:16:14",761600
38000,-1200,2700,"sd","14:16:17",764300
38000,-1200,1600,"sd","14:16:26",765900
38000,-1200,1000,"bu","14:16:30",766900
38000,-1200,23800,"bu","14:16:51",790700
37900,-1300,600,"bu","14:16:55",791300
38000,-1200,1000,"sd","14:16:58",792300
38000,-1200,400,"bu","14:17:01",792700
37900,-1300,1000,"bu","14:17:04",793700
37900,-1300,2300,"bu","14:17:11",796000
37900,-1300,100,"bu","14:17:19",796100
37800,-1400,1400,"sd","14:17:28",797500
37800,-1400,8700,"sd","14:17:35",806200
37800,-1400,2000,"sd","14:17:52",808200
37900,-1300,1000,"sd","14:17:57",809200
37600,-1600,5200,"bu","14:18:04",814400
38000,-1200,10000,"bu","14:18:08",824400
37800,-1400,700,"bu","14:18:19",825100
37600,-1600,13400,"sd","14:18:26",838500
37650,-1550,500,"sd","14:19:19",839000
37700,-1500,500,"bu","14:19:22",839500
37700,-1500,3700,"bu","14:19:26",843200
38000,-1200,500,"bu","14:19:33",843700
37750,-1450,100,"sd","14:19:43",843800
38000,-1200,2500,"sd","14:19:46",846300
37700,-1500,5000,"sd","14:19:50",851300
37750,-1450,1500,"bu","14:20:01",852800
37750,-1450,400,"bu","14:20:08",853200
37750,-1450,1000,"sd","14:20:14",854200
37750,-1450,1800,"sd","14:20:24",856000
38000,-1200,5000,"bu","14:20:32",861000
38000,-1200,500,"sd","14:20:36",861500
37750,-1450,6700,"sd","14:20:40",868200
37750,-1450,300,"sd","14:20:47",868500
37750,-1450,1200,"sd","14:20:50",869700
37750,-1450,500,"bu","14:20:53",870200
37750,-1450,900,"bu","14:20:57",871100
38000,-1200,5100,"bu","14:21:00",876200
38000,-1200,2500,"sd","14:21:07",878700
38000,-1200,1400,"sd","14:21:10",880100
38000,-1200,1000,"sd","14:21:14",881100
38000,-1200,1500,"sd","14:21:17",882600
38000,-1200,1600,"bu","14:21:21",884200
38000,-1200,3000,"bu","14:21:24",887200
38000,-1200,3600,"sd","14:21:27",890800
37800,-1400,5000,"bu","14:21:30",895800
38000,-1200,7100,"sd","14:21:37",902900
38000,-1200,1000,"bu","14:21:44",903900
38100,-1100,300,"bu","14:21:52",904200
38100,-1100,5100,"bu","14:22:00",909300
38100,-1100,200,"sd","14:22:05",909500
38100,-1100,1000,"sd","14:22:09",910500
38100,-1100,10000,"bu","14:22:14",920500
38150,-1050,400,"bu","14:22:24",920900
38200,-1000,100,"bu","14:22:29",921000
38200,-1000,2000,"bu","14:22:36",923000
38200,-1000,1200,"bu","14:22:40",924200
38200,-1000,4300,"bu","14:22:44",928500
38300,-900,1800,"sd","14:22:55",930300
38250,-950,200,"bu","14:22:59",930500
38300,-900,100,"bu","14:23:02",930600
38400,-800,1000,"sd","14:23:10",931600
38400,-800,1100,"sd","14:23:15",932700
38400,-800,500,"sd","14:23:19",933200
38400,-800,1200,"sd","14:23:23",934400
38450,-750,300,"sd","14:23:27",934700
38450,-750,1300,"sd","14:23:38",936000
38400,-800,900,"sd","14:23:41",936900
38400,-800,12500,"sd","14:23:53",949400
38450,-750,700,"bu","14:23:58",950100
38400,-800,1900,"bu","14:24:02",952000
38400,-800,500,"sd","14:24:05",952500
38350,-850,200,"sd","14:24:20",952700
38350,-850,1300,"bu","14:24:30",954000
38400,-800,100,"sd","14:24:39",954100
38300,-900,5100,"sd","14:25:13",959200
38400,-800,1000,"sd","14:25:16",960200
38300,-900,5000,"bu","14:25:29",965200
38350,-850,100,"sd","14:25:39",965300
38350,-850,1800,"bu","14:26:05",967100
38300,-900,3000,"sd","14:26:13",970100
38400,-800,100,"sd","14:26:17",970200
38400,-800,500,"sd","14:26:37",970700
38400,-800,1100,"bu","14:26:44",971800
38400,-800,11300,"sd","14:27:11",983100
38400,-800,8400,"bu","14:27:15",991500
38400,-800,300,"sd","14:27:18",991800
38400,-800,5900,"bu","14:27:22",997700
38450,-750,100,"bu","14:27:30",997800
38500,-700,400,"sd","14:27:44",998200
38500,-700,500,"sd","14:27:52",998700
38500,-700,2800,"sd","14:27:56",1001500
38500,-700,1700,"bu","14:28:00",1003200
38600,-600,2000,"bu","14:28:04",1005200
38600,-600,900,"sd","14:28:16",1006100
38700,-500,200,"bu","14:28:34",1006300
38700,-500,1000,"bu","14:28:47",1007300
38600,-600,200,"bu","14:28:54",1007500
38700,-500,400,"bu","14:29:13",1007900
38750,-450,200,"sd","14:29:21",1008100
38750,-450,900,"bu","14:29:25",1009000
38700,-500,3400,"bu","14:29:41",1012400
38700,-500,500,"sd","14:29:54",1012900
38750,-450,100,"bu","14:30:06",1013000
38750,-450,300,"bu","14:30:10",1013300
39200,0,80900,"sd","14:45:13",1094200
