"price","change","match_qtty","side","time","total_vol"
4980,30,39900,"sd","09:15:05",39900
4980,30,1500,"sd","09:15:45",41400
4980,30,300,"bu","09:16:11",41700
4980,30,500,"sd","09:16:39",42200
4980,30,3000,"bu","09:17:13",45200
4960,10,6000,"bu","09:17:33",51200
4930,-20,10000,"bu","09:17:36",61200
4950,0,300,"bu","09:17:56",61500
4950,0,3100,"bu","09:19:54",64600
4900,-50,26400,"sd","09:20:12",91000
4890,-60,1000,"bu","09:20:30",92000
4900,-50,300,"sd","09:20:30",92300
4900,-50,2000,"bu","09:20:44",94300
4900,-50,100,"bu","09:21:31",94400
4900,-50,500,"sd","09:21:41",94900
4880,-70,500,"sd","09:21:42",95400
4880,-70,6000,"bu","09:21:57",101400
4880,-70,200,"bu","09:22:09",101600
4880,-70,100,"sd","09:22:18",101700
4880,-70,2000,"bu","09:22:23",103700
4880,-70,3000,"sd","09:22:24",106700
4880,-70,300,"sd","09:22:33",107000
4880,-70,1000,"bu","09:22:35",108000
4880,-70,100,"bu","09:22:41",108100
4870,-80,1000,"bu","09:22:45",109100
4860,-90,100,"sd","09:23:39",109200
4860,-90,2000,"bu","09:23:47",111200
4860,-90,3000,"bu","09:23:49",114200
4850,-100,1600,"sd","09:23:52",115800
4860,-90,1900,"sd","09:24:00",117700
4870,-80,100,"sd","09:24:14",117800
4860,-90,400,"bu","09:24:20",118200
4860,-90,5000,"sd","09:24:26",123200
4860,-90,4000,"bu","09:24:29",127200
4860,-90,100,"sd","09:24:30",127300
4860,-90,500,"sd","09:24:41",127800
4860,-90,200,"bu","09:24:45",128000
4870,-80,2000,"sd","09:25:02",130000
4870,-80,500,"bu","09:25:13",130500
4870,-80,300,"sd","09:25:17",130800
4870,-80,1000,"sd","09:25:20",131800
4870,-80,5500,"bu","09:25:31",137300
4870,-80,8900,"bu","09:25:45",146200
4870,-80,100,"sd","09:25:46",146300
4880,-70,300,"sd","09:26:02",146600
4880,-70,400,"sd","09:26:07",147000
4880,-70,5000,"sd","09:26:12",152000
4880,-70,200,"bu","09:26:13",152200
4880,-70,5800,"bu","09:26:15",158000
4880,-70,100,"sd","09:27:00",158100
4900,-50,5000,"bu","09:27:07",163100
4900,-50,1000,"sd","09:27:14",164100
4900,-50,10000,"sd","09:27:21",174100
4900,-50,3100,"bu","09:27:25",177200
4900,-50,3100,"bu","09:27:28",180300
4900,-50,100,"sd","09:27:31",180400
4900,-50,2000,"sd","09:27:32",182400
4900,-50,500,"bu","09:27:34",182900
4900,-50,4200,"sd","09:27:43",187100
4900,-50,4700,"bu","09:27:44",191800
4900,-50,8000,"bu","09:28:11",199800
4940,-10,500,"bu","09:28:37",200300
4940,-10,1000,"bu","09:28:38",201300
4910,-40,3000,"sd","09:28:43",204300
4940,-10,200,"sd","09:28:57",204500
4900,-50,15500,"sd","09:29:07",220000
4940,-10,1000,"sd","09:29:19",221000
4940,-10,2000,"bu","09:29:48",223000
4940,-10,1000,"bu","09:30:01",224000
4940,-10,400,"sd","09:30:18",224400
4940,-10,1300,"bu","09:31:51",225700
4940,-10,100,"sd","09:32:05",225800
4920,-30,700,"sd","09:32:07",226500
4910,-40,1000,"bu","09:32:16",227500
4920,-30,1600,"bu","09:32:33",229100
4920,-30,3500,"bu","09:33:07",232600
4920,-30,2000,"bu","09:33:14",234600
4920,-30,1000,"sd","09:33:23",235600
4920,-30,500,"sd","09:33:49",236100
4920,-30,200,"sd","09:33:57",236300
4910,-40,6300,"sd","09:34:30",242600
4900,-50,2000,"bu","09:34:39",244600
4900,-50,3000,"sd","09:35:04",247600
4910,-40,100,"bu","09:35:32",247700
4900,-50,7000,"bu","09:35:48",254700
4900,-50,6300,"bu","09:35:56",261000
4900,-50,200,"sd","09:36:12",261200
4900,-50,3900,"bu","09:36:20",265100
4900,-50,400,"sd","09:36:38",265500
4890,-60,3100,"bu","09:37:02",268600
4890,-60,200,"sd","09:37:19",268800
4890,-60,400,"bu","09:37:31",269200
4880,-70,5000,"bu","09:38:00",274200
4870,-80,10000,"sd","09:38:24",284200
4880,-70,500,"sd","09:38:41",284700
4880,-70,2500,"sd","09:39:37",287200
4900,-50,200,"sd","09:40:07",287400
4880,-70,400,"bu","09:40:14",287800
4870,-80,7300,"bu","09:41:01",295100
4880,-70,500,"sd","09:42:34",295600
4880,-70,300,"sd","09:42:53",295900
4900,-50,100,"bu","09:46:23",296000
4890,-60,1000,"sd","09:46:34",297000
4890,-60,3300,"bu","09:47:33",300300
4890,-60,3700,"bu","09:48:21",304000
4890,-60,2700,"sd","09:48:34",306700
4890,-60,3800,"sd","09:48:54",310500
4890,-60,100,"sd","09:49:03",310600
4890,-60,4900,"bu","09:49:13",315500
4890,-60,600,"bu","09:49:44",316100
4890,-60,2000,"sd","09:50:08",318100
4890,-60,100,"sd","09:50:14",318200
4890,-60,2000,"bu","09:50:25",320200
4890,-60,400,"sd","09:50:28",320600
4890,-60,5900,"sd","09:51:47",326500
4880,-70,1100,"bu","09:52:12",327600
4890,-60,300,"bu","09:52:43",327900
4890,-60,500,"bu","09:52:53",328400
4890,-60,1000,"bu","09:53:09",329400
4890,-60,300,"sd","09:53:54",329700
4890,-60,100,"sd","09:54:02",329800
4880,-70,5000,"sd","09:54:16",334800
4890,-60,1900,"bu","09:54:23",336700
4890,-60,3800,"bu","09:54:50",340500
4890,-60,2000,"bu","09:55:27",342500
4890,-60,2100,"bu","09:55:50",344600
4890,-60,500,"sd","09:56:35",345100
4880,-70,2000,"sd","09:57:43",347100
4890,-60,100,"sd","09:57:46",347200
4880,-70,29000,"sd","09:58:17",376200
4890,-60,600,"sd","09:58:37",376800
4880,-70,500,"sd","10:00:58",377300
4880,-70,4800,"bu","10:01:15",382100
4880,-70,2200,"sd","10:01:19",384300
4880,-70,1900,"sd","10:01:31",386200
4880,-70,300,"bu","10:02:20",386500
4880,-70,1000,"bu","10:02:36",387500
4880,-70,300,"bu","10:02:51",387800
4880,-70,400,"sd","10:02:55",388200
4870,-80,500,"bu","10:04:09",388700
4880,-70,100,"bu","10:04:19",388800
4880,-70,200,"sd","10:04:41",389000
4880,-70,100,"bu","10:04:57",389100
4870,-80,3900,"bu","10:07:33",393000
4870,-80,400,"bu","10:08:15",393400
4880,-70,5500,"sd","10:10:37",398900
4880,-70,1500,"sd","10:11:01",400400
4880,-70,100,"bu","10:11:13",400500
4870,-80,5000,"bu","10:11:20",405500
4870,-80,6700,"bu","10:11:39",412200
4880,-70,1000,"bu","10:11:53",413200
4880,-70,3000,"sd","10:12:09",416200
4880,-70,2000,"sd","10:12:26",418200
4890,-60,1000,"bu","10:12:39",419200
4880,-70,3000,"bu","10:12:48",422200
4880,-70,100,"bu","10:13:00",422300
4870,-80,500,"sd","10:13:23",422800
4880,-70,900,"bu","10:13:24",423700
4880,-70,200,"bu","10:14:29",423900
4880,-70,500,"bu","10:14:35",424400
4870,-80,9000,"bu","10:16:23",433400
4870,-80,2700,"sd","10:16:24",436100
4860,-90,1500,"bu","10:17:01",437600
4860,-90,1000,"bu","10:17:04",438600
4860,-90,13400,"sd","10:17:06",452000
4860,-90,6000,"sd","10:17:21",458000
4860,-90,3900,"sd","10:17:35",461900
4850,-100,17800,"sd","10:17:42",479700
4850,-100,15000,"sd","10:17:50",494700
4860,-90,500,"bu","10:19:00",495200
4850,-100,1100,"sd","10:19:28",496300
4860,-90,10000,"bu","10:19:37",506300
4850,-100,300,"bu","10:19:46",506600
4850,-100,200,"bu","10:20:09",506800
4840,-110,1300,"sd","10:20:20",508100
4840,-110,600,"bu","10:21:08",508700
4850,-100,100,"bu","10:21:11",508800
4850,-100,400,"sd","10:21:52",509200
4860,-90,100,"bu","10:21:57",509300
4860,-90,400,"sd","10:23:13",509700
4860,-90,2300,"bu","10:24:03",512000
4860,-90,900,"bu","10:24:06",512900
4860,-90,100,"bu","10:24:19",513000
4870,-80,2000,"sd","10:25:02",515000
4870,-80,1100,"sd","10:26:33",516100
4870,-80,100,"sd","10:26:46",516200
4860,-90,1500,"sd","10:27:00",517700
4850,-100,9900,"bu","10:27:11",527600
4840,-110,5100,"sd","10:27:16",532700
4810,-140,15000,"sd","10:28:13",547700
4840,-110,100,"bu","10:28:43",547800
4870,-80,2100,"bu","10:31:05",549900
4860,-90,400,"bu","10:31:17",550300
4860,-90,100,"sd","10:31:33",550400
4870,-80,200,"bu","10:32:57",550600
4870,-80,15800,"bu","10:33:36",566400
4880,-70,100,"sd","10:34:22",566500
4880,-70,1100,"bu","10:35:09",567600
4880,-70,100,"sd","10:35:48",567700
4870,-80,8700,"sd","10:35:58",576400
4880,-70,500,"sd","10:36:12",576900
4880,-70,300,"bu","10:37:38",577200
4870,-80,1000,"sd","10:38:12",578200
4880,-70,400,"bu","10:39:07",578600
4880,-70,100,"bu","10:39:17",578700
4880,-70,200,"sd","10:39:19",578900
4870,-80,500,"bu","10:40:11",579400
4870,-80,300,"bu","10:40:24",579700
4870,-80,100,"sd","10:41:37",579800
4870,-80,500,"bu","10:42:14",580300
4870,-80,400,"sd","10:43:24",580700
4860,-90,3000,"bu","10:44:28",583700
4860,-90,300,"bu","10:44:49",584000
4850,-100,5000,"sd","10:45:22",589000
4850,-100,1600,"bu","10:45:55",590600
4850,-100,900,"bu","10:46:20",591500
4850,-100,500,"sd","10:49:01",592000
4850,-100,2000,"sd","10:49:07",594000
4840,-110,7400,"sd","10:49:38",601400
4840,-110,300,"sd","10:49:58",601700
4840,-110,600,"sd","10:51:13",602300
4840,-110,100,"bu","10:51:20",602400
4830,-120,2000,"bu","10:51:23",604400
4830,-120,10200,"sd","10:51:37",614600
4830,-120,100,"sd","10:52:18",614700
4830,-120,200,"sd","10:52:42",614900
4830,-120,300,"sd","10:53:02",615200
4830,-120,500,"sd","10:53:03",615700
4830,-120,700,"bu","10:53:11",616400
4830,-120,300,"sd","10:53:16",616700
4830,-120,700,"bu","10:53:37",617400
4830,-120,300,"sd","10:54:03",617700
4830,-120,1000,"bu","10:54:21",618700
4830,-120,2000,"bu","10:54:50",620700
4830,-120,1000,"sd","10:54:53",621700
4830,-120,1000,"bu","10:55:16",622700
4820,-130,10000,"bu","10:55:48",632700
4820,-130,8000,"bu","10:56:28",640700
4820,-130,4700,"bu","10:56:43",645400
4810,-140,16000,"bu","10:56:53",661400
4810,-140,10000,"sd","10:57:10",671400
4820,-130,1000,"bu","10:57:37",672400
4820,-130,400,"bu","10:57:49",672800
4820,-130,100,"sd","10:57:51",672900
4820,-130,5000,"sd","10:57:57",677900
4820,-130,1600,"bu","10:58:38",679500
4820,-130,3600,"sd","10:59:00",683100
4810,-140,700,"bu","10:59:13",683800
4820,-130,200,"sd","10:59:14",684000
4820,-130,300,"sd","10:59:50",684300
4820,-130,400,"sd","11:00:27",684700
4820,-130,100,"bu","11:00:55",684800
4830,-120,1000,"bu","11:02:04",685800
4830,-120,1100,"bu","11:02:28",686900
4820,-130,10000,"sd","11:02:33",696900
4820,-130,200,"sd","11:03:10",697100
4820,-130,38800,"sd","11:03:24",735900
4820,-130,7900,"bu","11:03:40",743800
4820,-130,500,"sd","11:03:43",744300
4820,-130,100,"bu","11:04:16",744400
4800,-150,1000,"sd","11:04:59",745400
4810,-140,200,"bu","11:05:35",745600
4810,-140,2000,"bu","11:05:47",747600
4810,-140,3000,"sd","11:05:54",750600
4800,-150,300,"bu","11:06:15",750900
4800,-150,100,"sd","11:06:33",751000
4800,-150,1000,"bu","11:06:49",752000
4810,-140,2800,"sd","11:07:05",754800
4820,-130,100,"sd","11:07:28",754900
4820,-130,3000,"sd","11:07:45",757900
4820,-130,6500,"sd","11:08:07",764400
4830,-120,2100,"sd","11:08:33",766500
4830,-120,600,"sd","11:09:16",767100
4830,-120,1100,"sd","11:09:31",768200
4830,-120,4000,"bu","11:11:19",772200
4830,-120,1000,"sd","11:11:24",773200
4830,-120,8800,"bu","11:11:40",782000
4830,-120,1200,"bu","11:12:03",783200
4830,-120,10000,"sd","11:14:02",793200
4830,-120,100,"bu","11:14:24",793300
4830,-120,200,"sd","11:15:09",793500
4830,-120,100,"sd","11:15:16",793600
4830,-120,1800,"sd","11:15:19",795400
4820,-130,4700,"bu","11:15:27",800100
4820,-130,100,"bu","11:15:42",800200
4820,-130,1000,"sd","11:16:10",801200
4820,-130,100,"bu","11:16:22",801300
4820,-130,3000,"sd","11:16:35",804300
4820,-130,500,"sd","11:16:58",804800
4820,-130,100,"sd","11:17:20",804900
4820,-130,2000,"bu","11:17:47",806900
4800,-150,50000,"bu","11:18:08",856900
4820,-130,2000,"bu","11:18:14",858900
4820,-130,1000,"bu","11:18:39",859900
4820,-130,100,"sd","11:19:28",860000
4800,-150,20800,"sd","11:22:02",880800
4800,-150,10000,"bu","11:22:39",890800
4800,-150,3000,"sd","11:23:14",893800
4810,-140,2700,"bu","11:25:29",896500
4810,-140,2000,"bu","11:25:43",898500
4810,-140,1000,"bu","11:26:01",899500
4810,-140,1300,"bu","11:26:08",900800
4820,-130,4300,"bu","11:26:17",905100
4820,-130,5400,"bu","11:26:42",910500
4820,-130,2000,"bu","11:27:06",912500
4820,-130,600,"bu","11:27:10",913100
4820,-130,700,"sd","11:29:21",913800
4850,-100,1300,"bu","13:00:44",915100
4850,-100,300,"bu","13:00:56",915400
4820,-130,8000,"bu","13:01:06",923400
4840,-110,400,"sd","13:01:22",923800
4840,-110,5000,"bu","13:01:39",928800
4840,-110,500,"sd","13:02:40",929300
4830,-120,700,"sd","13:03:31",930000
4830,-120,400,"sd","13:03:39",930400
4840,-110,5000,"sd","13:04:05",935400
4840,-110,400,"sd","13:04:21",935800
4830,-120,100,"sd","13:05:00",935900
4830,-120,200,"bu","13:05:26",936100
4820,-130,800,"sd","13:05:38",936900
4820,-130,200,"sd","13:05:59",937100
4820,-130,1100,"bu","13:07:01",938200
4830,-120,600,"bu","13:07:11",938800
4820,-130,500,"sd","13:07:13",939300
4820,-130,400,"bu","13:07:20",939700
4820,-130,100,"sd","13:07:27",939800
4820,-130,500,"sd","13:07:50",940300
4820,-130,200,"sd","13:08:00",940500
4800,-150,30000,"sd","13:08:13",970500
4800,-150,3500,"bu","13:08:19",974000
4800,-150,1100,"bu","13:08:35",975100
4800,-150,15000,"bu","13:08:55",990100
4810,-140,100,"sd","13:08:58",990200
4820,-130,200,"sd","13:09:27",990400
4820,-130,1100,"bu","13:09:52",991500
4850,-100,9400,"sd","13:12:31",1000900
4850,-100,700,"bu","13:13:47",1001600
4850,-100,1100,"bu","13:14:10",1002700
4830,-120,2000,"sd","13:15:06",1004700
4830,-120,6300,"sd","13:16:27",1011000
4830,-120,9400,"sd","13:16:40",1020400
4830,-120,3000,"sd","13:17:13",1023400
4830,-120,5000,"sd","13:17:33",1028400
4830,-120,22500,"bu","13:17:38",1050900
4830,-120,200,"sd","13:18:51",1051100
4830,-120,5000,"bu","13:18:53",1056100
4840,-110,300,"sd","13:19:12",1056400
4860,-90,600,"sd","13:19:22",1057000
4860,-90,700,"sd","13:19:49",1057700
4870,-80,4100,"bu","13:21:38",1061800
4880,-70,200,"sd","13:22:10",1062000
4880,-70,5200,"bu","13:22:23",1067200
4880,-70,200,"sd","13:22:27",1067400
4880,-70,300,"sd","13:22:44",1067700
4880,-70,500,"bu","13:22:57",1068200
4870,-80,1000,"bu","13:23:14",1069200
4870,-80,10000,"sd","13:23:29",1079200
4880,-70,100,"bu","13:24:30",1079300
4880,-70,200,"sd","13:24:34",1079500
4880,-70,300,"sd","13:24:38",1079800
4880,-70,100,"sd","13:24:46",1079900
4890,-60,8900,"bu","13:25:02",1088800
4890,-60,1000,"bu","13:25:23",1089800
4880,-70,500,"sd","13:25:24",1090300
4870,-80,17400,"sd","13:25:29",1107700
4870,-80,4800,"sd","13:26:17",1112500
4870,-80,200,"sd","13:26:27",1112700
4870,-80,100,"bu","13:27:12",1112800
4870,-80,1000,"sd","13:28:08",1113800
4870,-80,200,"bu","13:28:19",1114000
4870,-80,3000,"sd","13:28:21",1117000
4870,-80,1000,"bu","13:28:41",1118000
4870,-80,600,"sd","13:28:47",1118600
4860,-90,600,"sd","13:29:04",1119200
4860,-90,100,"bu","13:29:57",1119300
4860,-90,200,"bu","13:30:07",1119500
4860,-90,700,"sd","13:30:53",1120200
4810,-140,30000,"bu","13:30:58",1150200
4810,-140,200,"bu","13:31:33",1150400
4850,-100,300,"sd","13:32:45",1150700
4850,-100,100,"sd","13:33:32",1150800
4850,-100,600,"sd","13:33:42",1151400
4810,-140,20000,"bu","13:35:30",1171400
4820,-130,3100,"sd","13:38:16",1174500
4850,-100,1200,"bu","13:38:19",1175700
4850,-100,600,"sd","13:40:40",1176300
4850,-100,2000,"sd","13:41:17",1178300
4850,-100,500,"sd","13:42:41",1178800
4840,-110,100,"bu","13:42:49",1178900
4840,-110,1900,"sd","13:44:45",1180800
4850,-100,100,"sd","13:45:26",1180900
4850,-100,500,"sd","13:45:40",1181400
4850,-100,200,"sd","13:45:54",1181600
4850,-100,4000,"sd","13:46:51",1185600
4850,-100,200,"bu","13:47:25",1185800
4830,-120,4700,"sd","13:48:46",1190500
4830,-120,3600,"sd","13:48:51",1194100
4830,-120,7700,"sd","13:48:54",1201800
4830,-120,5000,"sd","13:48:56",1206800
4830,-120,10400,"bu","13:49:19",1217200
4830,-120,3000,"bu","13:49:24",1220200
4830,-120,23800,"bu","13:49:32",1244000
4820,-130,1500,"sd","13:49:40",1245500
4810,-140,12800,"sd","13:49:54",1258300
4800,-150,5000,"bu","13:50:34",1263300
4800,-150,300,"sd","13:50:37",1263600
4800,-150,4300,"bu","13:50:46",1267900
4800,-150,28000,"sd","13:51:02",1295900
4800,-150,1200,"sd","13:51:18",1297100
4810,-140,12200,"bu","13:51:31",1309300
4810,-140,5300,"bu","13:51:47",1314600
4800,-150,100,"sd","13:51:52",1314700
4800,-150,10100,"bu","13:52:14",1324800
4800,-150,13000,"sd","13:52:23",1337800
4800,-150,1000,"sd","13:52:38",1338800
4800,-150,200,"sd","13:52:40",1339000
4800,-150,1700,"bu","13:53:24",1340700
4800,-150,5000,"bu","13:53:32",1345700
4800,-150,3500,"bu","13:53:42",1349200
4800,-150,300,"bu","13:54:04",1349500
4790,-160,2000,"sd","13:54:09",1351500
4800,-150,300,"sd","13:54:22",1351800
4800,-150,6900,"sd","13:54:33",1358700
4800,-150,8500,"bu","13:54:56",1367200
4810,-140,100,"bu","13:55:33",1367300
4800,-150,1000,"bu","13:55:42",1368300
4810,-140,4900,"bu","13:55:44",1373200
4840,-110,1100,"bu","13:56:36",1374300
4850,-100,500,"bu","13:57:05",1374800
4840,-110,4200,"sd","13:57:10",1379000
4840,-110,700,"sd","13:57:15",1379700
4840,-110,100,"sd","13:57:43",1379800
4840,-110,8700,"sd","13:58:11",1388500
4830,-120,2000,"bu","13:59:12",1390500
4830,-120,200,"sd","14:00:15",1390700
4820,-130,700,"sd","14:00:26",1391400
4800,-150,4200,"bu","14:00:36",1395600
4800,-150,1000,"sd","14:01:04",1396600
4830,-120,400,"sd","14:01:19",1397000
4830,-120,5200,"sd","14:01:27",1402200
4830,-120,200,"bu","14:01:35",1402400
4830,-120,100,"sd","14:01:40",1402500
4830,-120,200,"bu","14:01:42",1402700
4830,-120,300,"sd","14:02:31",1403000
4840,-110,1700,"bu","14:02:33",1404700
4840,-110,100,"sd","14:02:45",1404800
4830,-120,2000,"bu","14:03:30",1406800
4840,-110,500,"sd","14:03:36",1407300
4840,-110,100,"sd","14:03:45",1407400
4840,-110,5000,"sd","14:04:02",1412400
4840,-110,1100,"sd","14:04:08",1413500
4840,-110,200,"bu","14:04:25",1413700
4840,-110,1500,"bu","14:04:40",1415200
4840,-110,200,"bu","14:05:01",1415400
4850,-100,2500,"bu","14:05:18",1417900
4850,-100,4900,"sd","14:05:36",1422800
4850,-100,9900,"sd","14:05:50",1432700
4840,-110,100,"bu","14:06:00",1432800
4820,-130,700,"sd","14:07:22",1433500
4800,-150,10100,"sd","14:08:07",1443600
4800,-150,1200,"sd","14:08:42",1444800
4800,-150,14000,"bu","14:08:50",1458800
4790,-160,2000,"sd","14:08:59",1460800
4790,-160,200,"bu","14:09:08",1461000
4790,-160,400,"sd","14:09:20",1461400
4800,-150,100,"sd","14:09:37",1461500
4800,-150,400,"sd","14:09:42",1461900
4800,-150,300,"sd","14:10:03",1462200
4800,-150,1200,"sd","14:11:09",1463400
4800,-150,3000,"sd","14:11:12",1466400
4800,-150,2000,"sd","14:11:52",1468400
4800,-150,5000,"sd","14:12:30",1473400
4800,-150,500,"bu","14:12:33",1473900
4800,-150,5000,"bu","14:12:37",1478900
4800,-150,3000,"sd","14:12:41",1481900
4800,-150,1100,"bu","14:12:45",1483000
4790,-160,3500,"sd","14:12:57",1486500
4800,-150,100,"bu","14:13:01",1486600
4790,-160,7000,"bu","14:13:04",1493600
4790,-160,10000,"bu","14:13:25",1503600
4780,-170,4800,"bu","14:13:45",1508400
4790,-160,300,"sd","14:13:55",1508700
4780,-170,10000,"bu","14:14:12",1518700
4780,-170,1100,"sd","14:14:18",1519800
4780,-170,1200,"bu","14:14:26",1521000
4780,-170,3500,"sd","14:14:36",1524500
4780,-170,5400,"bu","14:14:44",1529900
4780,-170,1000,"sd","14:15:13",1530900
4790,-160,4200,"bu","14:15:53",1535100
4780,-170,1100,"bu","14:15:59",1536200
4780,-170,2000,"bu","14:16:23",1538200
4750,-200,22000,"sd","14:16:48",1560200
4750,-200,10000,"sd","14:16:55",1570200
4750,-200,100,"bu","14:17:31",1570300
4740,-210,700,"bu","14:18:57",1571000
4740,-210,1000,"sd","14:19:08",1572000
4740,-210,3200,"sd","14:19:33",1575200
4750,-200,1900,"sd","14:19:46",1577100
4750,-200,2700,"bu","14:20:08",1579800
4750,-200,5800,"sd","14:20:11",1585600
4750,-200,5000,"sd","14:20:47",1590600
4780,-170,400,"sd","14:20:53",1591000
4780,-170,100,"sd","14:21:00",1591100
4800,-150,500,"sd","14:21:10",1591600
4800,-150,11200,"sd","14:21:17",1602800
4800,-150,300,"bu","14:21:24",1603100
4810,-140,6000,"sd","14:21:37",1609100
4810,-140,900,"sd","14:21:44",1610000
4820,-130,200,"sd","14:21:48",1610200
4820,-130,1500,"sd","14:21:52",1611700
4840,-110,400,"sd","14:22:09",1612100
4840,-110,10000,"bu","14:22:21",1622100
4840,-110,6300,"sd","14:22:40",1628400
4840,-110,1700,"sd","14:22:55",1630100
4830,-120,200,"sd","14:23:15",1630300
4810,-140,5000,"bu","14:23:27",1635300
4830,-120,5000,"sd","14:23:41",1640300
4810,-140,1700,"sd","14:23:53",1642000
4810,-140,3300,"sd","14:24:02",1645300
4810,-140,6700,"bu","14:24:05",1652000
4810,-140,700,"sd","14:24:11",1652700
4810,-140,200,"sd","14:24:14",1652900
4800,-150,1000,"sd","14:24:23",1653900
4800,-150,600,"bu","14:24:51",1654500
4810,-140,2400,"bu","14:25:00",1656900
4840,-110,10000,"bu","14:25:22",1666900
4840,-110,1600,"sd","14:25:32",1668500
4840,-110,1700,"sd","14:25:39",1670200
4810,-140,2100,"bu","14:26:51",1672300
4810,-140,300,"sd","14:27:02",1672600
4810,-140,5600,"sd","14:27:11",1678200
4810,-140,5000,"sd","14:27:15",1683200
4840,-110,10000,"sd","14:27:34",1693200
4840,-110,5100,"bu","14:28:20",1698300
4840,-110,700,"sd","14:28:34",1699000
4810,-140,2000,"sd","14:28:47",1701000
4840,-110,200,"sd","14:28:50",1701200
4840,-110,4000,"bu","14:28:58",1705200
4840,-110,1000,"sd","14:29:05",1706200
4840,-110,300,"bu","14:29:17",1706500
4840,-110,2000,"bu","14:29:21",1708500
4840,-110,6000,"bu","14:29:25",1714500
4840,-110,1100,"bu","14:29:38",1715600
4840,-110,1600,"sd","14:29:41",1717200
4850,-100,31500,"sd","14:29:46",1748700
4860,-90,800,"sd","14:30:02",1749500
4870,-80,75200,"bu","14:45:13",1824700
