"price","change","match_qtty","side","time","total_vol"
19850,100,410300,"sd","09:15:07",410300
19900,150,1500,"bu","09:15:15",411800
19850,100,2000,"bu","09:15:15",413800
19850,100,100,"sd","09:15:15",413900
19850,100,2200,"bu","09:15:15",416100
19900,150,1500,"bu","09:15:17",417600
19900,150,100,"bu","09:15:17",417700
19900,150,200,"sd","09:15:20",417900
19900,150,800,"sd","09:15:22",418700
19900,150,400,"sd","09:15:23",419100
19900,150,100,"bu","09:15:23",419200
19900,150,800,"sd","09:15:26",420000
19900,150,1400,"sd","09:15:26",421400
19900,150,3000,"sd","09:15:27",424400
19900,150,27000,"sd","09:15:27",451400
19900,150,1000,"bu","09:15:28",452400
19900,150,100,"bu","09:15:29",452500
19900,150,1100,"bu","09:15:31",453600
19900,150,200,"sd","09:15:31",453800
19900,150,7000,"bu","09:15:32",460800
19900,150,100,"bu","09:15:33",460900
19900,150,2000,"sd","09:15:33",462900
19900,150,500,"sd","09:15:33",463400
19900,150,300,"bu","09:15:34",463700
19850,100,2000,"bu","09:15:34",465700
19900,150,900,"bu","09:15:34",466600
19900,150,600,"bu","09:15:36",467200
19900,150,2000,"bu","09:15:39",469200
19950,200,1500,"sd","09:15:42",470700
19900,150,5000,"sd","09:15:43",475700
19900,150,1500,"bu","09:15:44",477200
19950,200,1000,"sd","09:15:46",478200
19950,200,100,"sd","09:15:49",478300
19950,200,1000,"sd","09:15:57",479300
19950,200,100,"sd","09:15:57",479400
19950,200,10100,"bu","09:15:58",489500
19950,200,1000,"bu","09:15:59",490500
19950,200,10000,"bu","09:15:59",500500
19950,200,200,"bu","09:16:00",500700
19950,200,300,"sd","09:16:00",501000
19950,200,5000,"bu","09:16:00",506000
19950,200,100,"bu","09:16:01",506100
19950,200,1000,"sd","09:16:01",507100
19900,150,8500,"bu","09:16:04",515600
19950,200,500,"bu","09:16:04",516100
19950,200,18900,"bu","09:16:05",535000
19900,150,500,"bu","09:16:05",535500
19950,200,2000,"bu","09:16:07",537500
19950,200,100,"sd","09:16:10",537600
19950,200,5800,"bu","09:16:10",543400
19900,150,200,"bu","09:16:10",543600
19900,150,1000,"sd","09:16:11",544600
19900,150,100,"bu","09:16:12",544700
19950,200,700,"bu","09:16:12",545400
19950,200,600,"sd","09:16:13",546000
19950,200,2000,"bu","09:16:13",548000
19950,200,100,"bu","09:16:13",548100
19950,200,2000,"sd","09:16:15",550100
19950,200,3000,"bu","09:16:15",553100
19950,200,6000,"sd","09:16:15",559100
19900,150,14900,"bu","09:16:16",574000
19950,200,1000,"bu","09:16:16",575000
19950,200,30000,"bu","09:16:18",605000
19950,200,100,"sd","09:16:19",605100
19950,200,10200,"bu","09:16:19",615300
19950,200,22800,"bu","09:16:21",638100
19950,200,20300,"sd","09:16:21",658400
19950,200,7100,"sd","09:16:22",665500
19950,200,200,"sd","09:16:22",665700
19950,200,1000,"bu","09:16:27",666700
19950,200,100,"bu","09:16:27",666800
19950,200,24500,"sd","09:16:27",691300
19950,200,500,"bu","09:16:28",691800
19950,200,1500,"bu","09:16:29",693300
19950,200,100,"sd","09:16:29",693400
19950,200,1000,"sd","09:16:29",694400
19950,200,3000,"sd","09:16:29",697400
19950,200,800,"sd","09:16:30",698200
19950,200,2000,"sd","09:16:30",700200
19900,150,1000,"bu","09:16:30",701200
19950,200,100,"sd","09:16:31",701300
19950,200,1100,"sd","09:16:32",702400
19950,200,500,"bu","09:16:33",702900
19950,200,100,"sd","09:16:33",703000
19950,200,1000,"bu","09:16:34",704000
19950,200,2000,"sd","09:16:35",706000
19950,200,300,"sd","09:16:35",706300
19950,200,1800,"bu","09:16:37",708100
19950,200,200,"bu","09:16:40",708300
19950,200,6200,"sd","09:16:41",714500
19950,200,1000,"bu","09:16:42",715500
19950,200,500,"sd","09:16:43",716000
19900,150,200,"sd","09:16:43",716200
19900,150,2000,"sd","09:16:44",718200
19950,200,9000,"bu","09:16:45",727200
19950,200,100,"bu","09:16:45",727300
19950,200,1000,"sd","09:16:46",728300
19900,150,300,"sd","09:16:47",728600
19950,200,6000,"bu","09:16:47",734600
19950,200,500,"sd","09:16:48",735100
19950,200,5000,"sd","09:16:51",740100
19950,200,10000,"bu","09:16:51",750100
19950,200,3000,"sd","09:16:53",753100
19950,200,1000,"sd","09:16:55",754100
19950,200,100,"bu","09:16:56",754200
19900,150,5000,"sd","09:16:56",759200
19900,150,55300,"bu","09:16:57",814500
19900,150,100,"sd","09:16:57",814600
19900,150,26600,"bu","09:16:57",841200
19950,200,3700,"sd","09:16:59",844900
19950,200,4600,"bu","09:16:59",849500
19950,200,200,"bu","09:16:59",849700
19950,200,1100,"sd","09:17:01",850800
19900,150,3000,"sd","09:17:02",853800
19900,150,4500,"bu","09:17:04",858300
19900,150,400,"sd","09:17:04",858700
19950,200,3000,"sd","09:17:04",861700
19900,150,2900,"bu","09:17:05",864600
20000,250,179500,"sd","09:17:05",1044100
20000,250,35700,"sd","09:17:05",1079800
20000,250,66500,"sd","09:17:06",1146300
20000,250,100,"sd","09:17:06",1146400
20000,250,20300,"sd","09:17:09",1166700
19950,200,100,"bu","09:17:10",1166800
19950,200,5600,"bu","09:17:12",1172400
19950,200,400,"sd","09:17:12",1172800
19950,200,1400,"sd","09:17:13",1174200
19900,150,1000,"sd","09:17:14",1175200
19950,200,800,"bu","09:17:15",1176000
19950,200,4300,"sd","09:17:15",1180300
19900,150,8100,"sd","09:17:18",1188400
19950,200,100,"sd","09:17:19",1188500
19900,150,3100,"bu","09:17:22",1191600
20000,250,8500,"bu","09:17:23",1200100
20000,250,1100,"bu","09:17:23",1201200
19950,200,600,"sd","09:17:25",1201800
19950,200,100,"bu","09:17:26",1201900
19950,200,1000,"bu","09:17:27",1202900
19950,200,500,"sd","09:17:27",1203400
19950,200,100,"sd","09:17:27",1203500
19950,200,500,"sd","09:17:31",1204000
19900,150,1000,"bu","09:17:32",1205000
19950,200,6700,"sd","09:17:33",1211700
19950,200,7000,"bu","09:17:34",1218700
19900,150,33900,"sd","09:17:34",1252600
19900,150,1500,"bu","09:17:37",1254100
19900,150,200,"bu","09:17:37",1254300
19900,150,2000,"bu","09:17:39",1256300
19850,100,600,"sd","09:17:40",1256900
19900,150,10000,"sd","09:17:41",1266900
19900,150,100,"bu","09:17:41",1267000
19900,150,1700,"bu","09:17:42",1268700
19900,150,1000,"bu","09:17:42",1269700
19900,150,6000,"bu","09:17:43",1275700
19900,150,200,"sd","09:17:44",1275900
19850,100,5000,"bu","09:17:44",1280900
19900,150,400,"sd","09:17:49",1281300
19850,100,1200,"bu","09:17:49",1282500
19850,100,8000,"bu","09:17:50",1290500
19900,150,3000,"sd","09:17:54",1293500
19850,100,9200,"sd","09:17:54",1302700
19850,100,13800,"sd","09:17:54",1316500
19850,100,6000,"bu","09:17:56",1322500
19850,100,10000,"sd","09:17:57",1332500
19850,100,100,"sd","09:17:57",1332600
19850,100,3000,"sd","09:17:59",1335600
19850,100,200,"bu","09:17:59",1335800
19850,100,1500,"sd","09:18:00",1337300
19850,100,1600,"bu","09:18:01",1338900
19850,100,100,"sd","09:18:01",1339000
19850,100,5000,"sd","09:18:03",1344000
19850,100,100,"bu","09:18:03",1344100
19850,100,600,"bu","09:18:04",1344700
19800,50,1400,"sd","09:18:05",1346100
19800,50,6000,"bu","09:18:05",1352100
19850,100,2400,"sd","09:18:07",1354500
19850,100,100,"bu","09:18:08",1354600
19850,100,600,"sd","09:18:10",1355200
19850,100,16500,"bu","09:18:13",1371700
19800,50,7000,"bu","09:18:14",1378700
19850,100,100,"bu","09:18:14",1378800
19850,100,15000,"sd","09:18:15",1393800
19850,100,9000,"sd","09:18:16",1402800
19850,100,7000,"bu","09:18:16",1409800
19850,100,200,"sd","09:18:18",1410000
19850,100,2300,"sd","09:18:19",1412300
19800,50,116700,"sd","09:18:22",1529000
19800,50,5800,"sd","09:18:23",1534800
19800,50,500,"sd","09:18:24",1535300
19800,50,2500,"bu","09:18:26",1537800
19800,50,10000,"bu","09:18:26",1547800
19850,100,6400,"sd","09:18:27",1554200
19850,100,400,"bu","09:18:29",1554600
19800,50,2000,"bu","09:18:30",1556600
19850,100,200,"bu","09:18:31",1556800
19800,50,20000,"bu","09:18:36",1576800
19850,100,200,"bu","09:18:38",1577000
19850,100,20000,"sd","09:18:39",1597000
19850,100,600,"bu","09:18:39",1597600
19800,50,20000,"sd","09:18:41",1617600
19800,50,900,"sd","09:18:41",1618500
19800,50,16200,"sd","09:18:42",1634700
19800,50,3800,"sd","09:18:42",1638500
19800,50,8300,"sd","09:18:43",1646800
19800,50,16700,"bu","09:18:43",1663500
19850,100,25500,"sd","09:18:46",1689000
19800,50,12400,"sd","09:18:46",1701400
19800,50,1200,"bu","09:18:47",1702600
19800,50,300,"bu","09:18:48",1702900
19800,50,1500,"sd","09:18:49",1704400
19800,50,100,"sd","09:18:49",1704500
19800,50,200,"bu","09:18:52",1704700
19750,0,6300,"bu","09:18:57",1711000
19750,0,2200,"sd","09:18:58",1713200
19800,50,200,"bu","09:19:01",1713400
19750,0,100,"bu","09:19:01",1713500
19750,0,6800,"sd","09:19:03",1720300
19750,0,4000,"sd","09:19:05",1724300
19800,50,200,"bu","09:19:05",1724500
19750,0,3200,"bu","09:19:15",1727700
19750,0,41200,"bu","09:19:15",1768900
19750,0,600,"bu","09:19:16",1769500
19750,0,500,"sd","09:19:19",1770000
19800,50,700,"sd","09:19:19",1770700
19750,0,20000,"sd","09:19:20",1790700
19750,0,6000,"sd","09:19:21",1796700
19750,0,4000,"sd","09:19:21",1800700
19750,0,2600,"sd","09:19:22",1803300
19750,0,200,"bu","09:19:23",1803500
19750,0,1000,"bu","09:19:25",1804500
19750,0,300,"sd","09:19:28",1804800
19700,-50,5000,"bu","09:19:31",1809800
19750,0,100,"bu","09:19:35",1809900
19700,-50,11000,"sd","09:19:35",1820900
19750,0,4000,"bu","09:19:36",1824900
19700,-50,5000,"bu","09:19:36",1829900
19700,-50,900,"sd","09:19:38",1830800
19700,-50,500,"sd","09:19:39",1831300
19700,-50,21000,"sd","09:19:43",1852300
19700,-50,300,"sd","09:19:43",1852600
19700,-50,100,"sd","09:19:45",1852700
19700,-50,14500,"sd","09:19:47",1867200
19700,-50,100,"bu","09:19:48",1867300
19700,-50,500,"sd","09:19:51",1867800
19700,-50,2500,"sd","09:19:53",1870300
19700,-50,500,"bu","09:19:54",1870800
19700,-50,600,"sd","09:19:55",1871400
19700,-50,3000,"sd","09:19:57",1874400
19700,-50,200,"sd","09:19:58",1874600
19700,-50,500,"bu","09:19:59",1875100
19650,-100,5000,"sd","09:20:00",1880100
19650,-100,1100,"sd","09:20:01",1881200
19650,-100,400,"sd","09:20:01",1881600
19600,-150,4000,"bu","09:20:02",1885600
19700,-50,300,"bu","09:20:03",1885900
19650,-100,100,"sd","09:20:06",1886000
19600,-150,20000,"bu","09:20:08",1906000
19600,-150,400,"sd","09:20:10",1906400
19650,-100,100,"bu","09:20:11",1906500
19650,-100,500,"sd","09:20:12",1907000
19600,-150,1400,"sd","09:20:12",1908400
19600,-150,12500,"bu","09:20:18",1920900
19650,-100,100,"bu","09:20:19",1921000
19600,-150,2000,"bu","09:20:20",1923000
19600,-150,3000,"bu","09:20:20",1926000
19600,-150,4000,"bu","09:20:22",1930000
19600,-150,1300,"sd","09:20:27",1931300
19600,-150,100,"sd","09:20:29",1931400
19550,-200,6000,"sd","09:20:29",1937400
19550,-200,100,"bu","09:20:30",1937500
19550,-200,500,"bu","09:20:31",1938000
19600,-150,100,"sd","09:20:31",1938100
19600,-150,1000,"bu","09:20:31",1939100
19600,-150,500,"bu","09:20:33",1939600
19600,-150,1700,"sd","09:20:33",1941300
19550,-200,1100,"sd","09:20:35",1942400
19550,-200,4700,"sd","09:20:37",1947100
19600,-150,1100,"sd","09:20:37",1948200
19600,-150,300,"bu","09:20:39",1948500
19600,-150,8300,"sd","09:20:39",1956800
19600,-150,44000,"bu","09:20:41",2000800
19600,-150,6000,"bu","09:20:42",2006800
19600,-150,100,"sd","09:20:43",2006900
19600,-150,2500,"bu","09:20:44",2009400
19600,-150,5000,"bu","09:20:45",2014400
19600,-150,500,"sd","09:20:46",2014900
19600,-150,10000,"bu","09:20:46",2024900
19600,-150,1000,"sd","09:20:47",2025900
19600,-150,14000,"sd","09:20:53",2039900
19600,-150,3800,"sd","09:20:53",2043700
19600,-150,2400,"sd","09:20:54",2046100
19600,-150,100,"bu","09:20:54",2046200
19650,-100,6000,"sd","09:20:55",2052200
19650,-100,500,"sd","09:20:55",2052700
19600,-150,5000,"sd","09:20:57",2057700
19600,-150,500,"bu","09:20:59",2058200
19600,-150,1000,"bu","09:21:00",2059200
19600,-150,300,"sd","09:21:00",2059500
19600,-150,100,"bu","09:21:02",2059600
19600,-150,900,"sd","09:21:05",2060500
19650,-100,400,"sd","09:21:07",2060900
19600,-150,3000,"bu","09:21:09",2063900
19600,-150,1300,"sd","09:21:10",2065200
19650,-100,1800,"bu","09:21:12",2067000
19650,-100,100,"bu","09:21:13",2067100
19600,-150,4500,"sd","09:21:15",2071600
19600,-150,4300,"sd","09:21:17",2075900
19650,-100,300,"sd","09:21:19",2076200
19600,-150,15000,"sd","09:21:20",2091200
19650,-100,2000,"bu","09:21:22",2093200
19650,-100,500,"sd","09:21:23",2093700
19600,-150,200,"sd","09:21:25",2093900
19650,-100,500,"sd","09:21:27",2094400
19600,-150,2000,"bu","09:21:28",2096400
19650,-100,500,"bu","09:21:29",2096900
19600,-150,2000,"bu","09:21:29",2098900
19650,-100,2000,"bu","09:21:30",2100900
19650,-100,200,"bu","09:21:30",2101100
19600,-150,500,"bu","09:21:31",2101600
19600,-150,4000,"bu","09:21:31",2105600
19650,-100,700,"sd","09:21:35",2106300
19600,-150,3000,"sd","09:21:35",2109300
19650,-100,5000,"sd","09:21:37",2114300
19600,-150,200,"bu","09:21:39",2114500
19600,-150,4000,"sd","09:21:40",2118500
19600,-150,11000,"bu","09:21:40",2129500
19600,-150,7000,"bu","09:21:41",2136500
19600,-150,1000,"sd","09:21:43",2137500
19600,-150,500,"sd","09:21:45",2138000
19600,-150,400,"sd","09:21:45",2138400
19650,-100,5400,"bu","09:21:46",2143800
19650,-100,6200,"sd","09:21:47",2150000
19650,-100,2100,"sd","09:21:49",2152100
19600,-150,13600,"bu","09:21:50",2165700
19600,-150,2000,"sd","09:21:52",2167700
19650,-100,100,"bu","09:21:53",2167800
19600,-150,2000,"bu","09:21:56",2169800
19650,-100,2000,"bu","09:21:56",2171800
19600,-150,2000,"sd","09:21:57",2173800
19650,-100,100,"sd","09:21:58",2173900
19600,-150,300,"bu","09:21:58",2174200
19650,-100,2100,"bu","09:21:59",2176300
19650,-100,10000,"bu","09:21:59",2186300
19600,-150,1000,"sd","09:22:00",2187300
19650,-100,100,"sd","09:22:00",2187400
19650,-100,3000,"sd","09:22:02",2190400
19650,-100,400,"sd","09:22:03",2190800
19650,-100,2000,"bu","09:22:04",2192800
19600,-150,70000,"sd","09:22:05",2262800
19600,-150,300,"sd","09:22:05",2263100
19600,-150,1500,"sd","09:22:09",2264600
19600,-150,600,"bu","09:22:10",2265200
19650,-100,5000,"sd","09:22:16",2270200
19600,-150,7000,"bu","09:22:16",2277200
19600,-150,8200,"sd","09:22:20",2285400
19550,-200,31800,"bu","09:22:20",2317200
19600,-150,300,"bu","09:22:21",2317500
19600,-150,12000,"sd","09:22:25",2329500
19650,-100,8000,"bu","09:22:25",2337500
19600,-150,300,"bu","09:22:27",2337800
19600,-150,300,"sd","09:22:30",2338100
19600,-150,500,"sd","09:22:31",2338600
19600,-150,3000,"bu","09:22:32",2341600
19600,-150,100,"bu","09:22:33",2341700
19600,-150,5100,"bu","09:22:36",2346800
19600,-150,500,"sd","09:22:36",2347300
19600,-150,5000,"sd","09:22:37",2352300
19600,-150,7200,"bu","09:22:39",2359500
19600,-150,3300,"sd","09:22:40",2362800
19600,-150,1300,"bu","09:22:40",2364100
19600,-150,24600,"bu","09:22:43",2388700
19600,-150,400,"sd","09:22:43",2389100
19600,-150,100,"bu","09:22:44",2389200
19600,-150,4700,"sd","09:22:45",2393900
19500,-250,146100,"sd","09:22:47",2540000
19500,-250,148800,"bu","09:22:47",2688800
19450,-300,4000,"sd","09:22:48",2692800
19450,-300,8400,"bu","09:22:48",2701200
19500,-250,500,"sd","09:22:49",2701700
19400,-350,2000,"bu","09:22:50",2703700
19400,-350,900,"bu","09:22:52",2704600
19500,-250,1500,"sd","09:22:52",2706100
19500,-250,400,"bu","09:22:53",2706500
19500,-250,4800,"sd","09:22:53",2711300
19550,-200,200,"sd","09:22:56",2711500
19550,-200,300,"sd","09:22:57",2711800
19550,-200,1300,"sd","09:22:57",2713100
19550,-200,6300,"sd","09:23:05",2719400
19600,-150,5100,"bu","09:23:07",2724500
19600,-150,1000,"sd","09:23:08",2725500
19550,-200,100,"bu","09:23:08",2725600
19550,-200,200,"bu","09:23:10",2725800
19550,-200,5000,"sd","09:23:11",2730800
19550,-200,100,"bu","09:23:13",2730900
19550,-200,5000,"bu","09:23:15",2735900
19500,-250,1000,"sd","09:23:16",2736900
19500,-250,10900,"sd","09:23:21",2747800
19550,-200,3000,"sd","09:23:22",2750800
19500,-250,4600,"bu","09:23:23",2755400
19500,-250,4200,"sd","09:23:24",2759600
19550,-200,10000,"sd","09:23:26",2769600
19550,-200,100,"bu","09:23:27",2769700
19500,-250,800,"sd","09:23:29",2770500
19500,-250,4000,"sd","09:23:29",2774500
19500,-250,3100,"bu","09:23:31",2777600
19500,-250,2900,"bu","09:23:32",2780500
19550,-200,1000,"sd","09:23:32",2781500
19500,-250,1000,"bu","09:23:33",2782500
19500,-250,600,"sd","09:23:36",2783100
19500,-250,300,"sd","09:23:39",2783400
19500,-250,10000,"sd","09:23:41",2793400
19550,-200,4400,"sd","09:23:42",2797800
19550,-200,100,"bu","09:23:42",2797900
19500,-250,1000,"bu","09:23:43",2798900
19550,-200,11000,"sd","09:23:44",2809900
19550,-200,2000,"sd","09:23:45",2811900
19550,-200,300,"sd","09:23:46",2812200
19550,-200,10800,"sd","09:23:49",2823000
19550,-200,500,"bu","09:23:51",2823500
19600,-150,100,"bu","09:23:53",2823600
19550,-200,1000,"sd","09:23:55",2824600
19600,-150,500,"sd","09:23:55",2825100
19550,-200,100,"sd","09:23:57",2825200
19550,-200,1500,"bu","09:24:00",2826700
19550,-200,14200,"bu","09:24:01",2840900
19550,-200,500,"bu","09:24:04",2841400
19600,-150,10000,"bu","09:24:05",2851400
19600,-150,2500,"bu","09:24:06",2853900
19600,-150,1000,"sd","09:24:13",2854900
19600,-150,100,"sd","09:24:14",2855000
19600,-150,3000,"bu","09:24:14",2858000
19600,-150,100,"bu","09:24:14",2858100
19600,-150,800,"bu","09:24:17",2858900
19600,-150,3000,"bu","09:24:17",2861900
19600,-150,20000,"bu","09:24:18",2881900
19600,-150,500,"sd","09:24:19",2882400
19550,-200,1600,"sd","09:24:19",2884000
19600,-150,100,"bu","09:24:23",2884100
19600,-150,200,"sd","09:24:23",2884300
19550,-200,6500,"bu","09:24:24",2890800
19550,-200,1000,"bu","09:24:25",2891800
19600,-150,200,"sd","09:24:28",2892000
19600,-150,10000,"bu","09:24:31",2902000
19600,-150,1000,"sd","09:24:36",2903000
19600,-150,800,"bu","09:24:37",2903800
19600,-150,1000,"bu","09:24:38",2904800
19600,-150,20000,"bu","09:24:38",2924800
19600,-150,6000,"bu","09:24:38",2930800
19600,-150,400,"sd","09:24:40",2931200
19550,-200,2700,"bu","09:24:41",2933900
19600,-150,2700,"sd","09:24:42",2936600
19600,-150,200,"sd","09:24:43",2936800
19600,-150,8700,"sd","09:24:43",2945500
19600,-150,1000,"bu","09:24:47",2946500
19600,-150,6500,"bu","09:24:48",2953000
19650,-100,100,"bu","09:24:48",2953100
19650,-100,500,"bu","09:24:52",2953600
19600,-150,6500,"bu","09:25:01",2960100
19600,-150,3000,"sd","09:25:02",2963100
19600,-150,5000,"sd","09:25:03",2968100
19650,-100,1300,"sd","09:25:06",2969400
19650,-100,1000,"bu","09:25:07",2970400
19600,-150,3000,"bu","09:25:10",2973400
19600,-150,300,"bu","09:25:14",2973700
19600,-150,800,"bu","09:25:15",2974500
19600,-150,1400,"bu","09:25:17",2975900
19650,-100,1000,"sd","09:25:19",2976900
19650,-100,200,"sd","09:25:22",2977100
19650,-100,1500,"sd","09:25:23",2978600
19650,-100,100,"sd","09:25:24",2978700
19650,-100,20000,"sd","09:25:25",2998700
19650,-100,3000,"bu","09:25:26",3001700
19650,-100,1000,"sd","09:25:26",3002700
19650,-100,1000,"bu","09:25:27",3003700
19650,-100,2300,"sd","09:25:28",3006000
19700,-50,1900,"bu","09:25:28",3007900
19700,-50,100,"sd","09:25:34",3008000
19650,-100,2600,"bu","09:25:35",3010600
19700,-50,3000,"bu","09:25:40",3013600
19700,-50,200,"sd","09:25:42",3013800
19700,-50,200,"sd","09:25:43",3014000
19700,-50,500,"sd","09:25:44",3014500
19700,-50,1700,"sd","09:25:45",3016200
19700,-50,3100,"sd","09:25:47",3019300
19700,-50,1000,"bu","09:25:50",3020300
19700,-50,600,"bu","09:25:51",3020900
19700,-50,5100,"bu","09:25:52",3026000
19700,-50,200,"bu","09:25:52",3026200
19700,-50,1000,"sd","09:25:55",3027200
19700,-50,2000,"bu","09:25:56",3029200
19700,-50,4000,"sd","09:25:56",3033200
19750,0,100,"sd","09:26:01",3033300
19750,0,200,"bu","09:26:02",3033500
19750,0,700,"sd","09:26:10",3034200
19750,0,3000,"sd","09:26:17",3037200
19750,0,2300,"sd","09:26:18",3039500
19700,-50,4200,"sd","09:26:20",3043700
19750,0,5000,"bu","09:26:24",3048700
19750,0,3000,"sd","09:26:25",3051700
19750,0,200,"sd","09:26:27",3051900
19750,0,25000,"bu","09:26:27",3076900
19750,0,1100,"bu","09:26:28",3078000
19750,0,2500,"bu","09:26:31",3080500
19750,0,1600,"sd","09:26:35",3082100
19800,50,100,"bu","09:26:36",3082200
19800,50,6000,"bu","09:26:38",3088200
19750,0,1700,"sd","09:26:45",3089900
19800,50,500,"bu","09:26:48",3090400
19800,50,2000,"sd","09:26:53",3092400
19750,0,200,"sd","09:26:56",3092600
19800,50,2000,"bu","09:26:57",3094600
19800,50,100,"bu","09:27:00",3094700
19800,50,500,"bu","09:27:04",3095200
19800,50,1000,"sd","09:27:06",3096200
19800,50,200,"bu","09:27:08",3096400
19800,50,5000,"bu","09:27:12",3101400
19800,50,100,"bu","09:27:15",3101500
19800,50,3000,"sd","09:27:16",3104500
19800,50,1000,"bu","09:27:17",3105500
19800,50,800,"sd","09:27:20",3106300
19800,50,1000,"sd","09:27:21",3107300
19800,50,1000,"sd","09:27:21",3108300
19800,50,2500,"bu","09:27:22",3110800
19800,50,100,"sd","09:27:23",3110900
19800,50,300,"sd","09:27:25",3111200
19800,50,2500,"bu","09:27:36",3113700
19800,50,300,"sd","09:27:39",3114000
19850,100,700,"sd","09:27:41",3114700
19800,50,600,"bu","09:27:41",3115300
19800,50,10000,"bu","09:27:48",3125300
19800,50,2000,"sd","09:27:49",3127300
19850,100,1000,"sd","09:27:50",3128300
19800,50,25000,"sd","09:27:51",3153300
19800,50,1000,"sd","09:27:52",3154300
19850,100,2000,"sd","09:27:53",3156300
19850,100,500,"sd","09:27:55",3156800
19850,100,200,"bu","09:27:56",3157000
19850,100,4200,"bu","09:28:02",3161200
19850,100,2000,"bu","09:28:08",3163200
19850,100,20000,"bu","09:28:09",3183200
19850,100,2000,"bu","09:28:13",3185200
19850,100,100,"sd","09:28:14",3185300
19850,100,2000,"sd","09:28:14",3187300
19850,100,500,"sd","09:28:16",3187800
19850,100,100,"sd","09:28:17",3187900
19850,100,1000,"bu","09:28:18",3188900
19850,100,10300,"bu","09:28:22",3199200
19850,100,2000,"bu","09:28:25",3201200
19850,100,1700,"bu","09:28:29",3202900
19850,100,12000,"sd","09:28:30",3214900
19850,100,9000,"sd","09:28:31",3223900
19850,100,2000,"bu","09:28:34",3225900
19850,100,2100,"sd","09:28:36",3228000
19850,100,10000,"bu","09:28:38",3238000
19850,100,2100,"sd","09:28:39",3240100
19850,100,200,"bu","09:28:41",3240300
19850,100,5100,"sd","09:28:44",3245400
19850,100,1000,"sd","09:28:45",3246400
19850,100,1800,"sd","09:28:48",3248200
19850,100,200,"bu","09:28:56",3248400
19850,100,25500,"bu","09:29:03",3273900
19850,100,1000,"sd","09:29:04",3274900
19850,100,3300,"sd","09:29:05",3278200
19850,100,500,"bu","09:29:08",3278700
19850,100,1000,"bu","09:29:09",3279700
19850,100,4000,"sd","09:29:10",3283700
19850,100,1000,"sd","09:29:11",3284700
19850,100,14500,"bu","09:29:14",3299200
19850,100,2000,"bu","09:29:16",3301200
19850,100,31100,"bu","09:29:24",3332300
19850,100,300,"bu","09:29:25",3332600
19850,100,5000,"sd","09:29:28",3337600
19850,100,1000,"bu","09:29:31",3338600
19850,100,300,"sd","09:29:34",3338900
19850,100,2000,"sd","09:29:40",3340900
19800,50,1500,"sd","09:29:43",3342400
19850,100,3100,"bu","09:29:46",3345500
19850,100,5000,"sd","09:29:47",3350500
19850,100,100,"sd","09:29:50",3350600
19850,100,4100,"sd","09:29:56",3354700
19850,100,1000,"sd","09:29:59",3355700
19850,100,2300,"sd","09:30:01",3358000
19800,50,10800,"bu","09:30:05",3368800
19850,100,1300,"bu","09:30:05",3370100
19850,100,1000,"bu","09:30:08",3371100
19850,100,100,"sd","09:30:09",3371200
19850,100,200,"bu","09:30:10",3371400
19850,100,1000,"bu","09:30:12",3372400
19800,50,3000,"sd","09:30:13",3375400
19850,100,300,"bu","09:30:14",3375700
19850,100,100,"bu","09:30:16",3375800
19800,50,1600,"sd","09:30:17",3377400
19850,100,5300,"sd","09:30:18",3382700
19800,50,1000,"bu","09:30:20",3383700
19850,100,1500,"sd","09:30:22",3385200
19800,50,100,"bu","09:30:27",3385300
19850,100,5100,"sd","09:30:29",3390400
19850,100,100,"sd","09:30:29",3390500
19850,100,1000,"sd","09:30:32",3391500
19850,100,500,"sd","09:30:34",3392000
19850,100,300,"bu","09:30:38",3392300
19850,100,2000,"sd","09:30:39",3394300
19850,100,500,"sd","09:30:39",3394800
19800,50,100,"sd","09:30:42",3394900
19850,100,5000,"sd","09:30:43",3399900
19850,100,1100,"sd","09:30:44",3401000
19800,50,10000,"sd","09:30:45",3411000
19850,100,500,"sd","09:30:46",3411500
19850,100,200,"bu","09:30:48",3411700
19850,100,100,"sd","09:30:49",3411800
19850,100,1100,"sd","09:31:01",3412900
19850,100,900,"bu","09:31:04",3413800
19800,50,400,"sd","09:31:07",3414200
19850,100,10400,"bu","09:31:19",3424600
19850,100,2000,"bu","09:31:25",3426600
19850,100,100,"bu","09:31:27",3426700
19850,100,600,"sd","09:31:28",3427300
19800,50,1300,"bu","09:31:32",3428600
19800,50,1000,"bu","09:31:33",3429600
19850,100,2000,"bu","09:31:33",3431600
19850,100,500,"sd","09:31:37",3432100
19850,100,2000,"bu","09:31:39",3434100
19850,100,100,"sd","09:31:39",3434200
19800,50,200,"bu","09:31:43",3434400
19800,50,10000,"sd","09:31:49",3444400
19800,50,50000,"sd","09:31:54",3494400
19800,50,10000,"sd","09:31:56",3504400
19800,50,1000,"sd","09:31:57",3505400
19800,50,3000,"bu","09:31:58",3508400
19800,50,1000,"bu","09:32:00",3509400
19850,100,6800,"sd","09:32:01",3516200
19800,50,100,"sd","09:32:02",3516300
19800,50,3500,"bu","09:32:03",3519800
19800,50,500,"sd","09:32:05",3520300
19800,50,15600,"bu","09:32:07",3535900
19800,50,27000,"bu","09:32:08",3562900
19800,50,2000,"bu","09:32:10",3564900
19800,50,400,"sd","09:32:11",3565300
19800,50,10600,"bu","09:32:12",3575900
19800,50,400,"bu","09:32:16",3576300
19800,50,100,"sd","09:32:26",3576400
19750,0,600,"bu","09:32:38",3577000
19800,50,100,"sd","09:32:41",3577100
19750,0,9600,"sd","09:32:43",3586700
19750,0,10000,"bu","09:32:48",3596700
19750,0,4000,"sd","09:32:50",3600700
19800,50,2800,"bu","09:32:52",3603500
19750,0,500,"sd","09:32:54",3604000
19750,0,12900,"bu","09:32:59",3616900
19800,50,4300,"bu","09:32:59",3621200
19750,0,500,"bu","09:33:01",3621700
19750,0,6400,"sd","09:33:04",3628100
19800,50,800,"bu","09:33:05",3628900
19750,0,6000,"sd","09:33:11",3634900
19750,0,7400,"bu","09:33:16",3642300
19750,0,100,"bu","09:33:17",3642400
19750,0,300,"sd","09:33:25",3642700
19750,0,1000,"sd","09:33:27",3643700
19750,0,100,"bu","09:33:29",3643800
19750,0,1500,"sd","09:33:30",3645300
19750,0,1000,"bu","09:33:33",3646300
19750,0,100,"bu","09:33:36",3646400
19750,0,17900,"sd","09:33:41",3664300
19750,0,7200,"sd","09:33:44",3671500
19750,0,5000,"bu","09:33:45",3676500
19750,0,500,"sd","09:33:48",3677000
19750,0,100,"bu","09:33:49",3677100
19750,0,2300,"sd","09:33:52",3679400
19750,0,1000,"bu","09:33:53",3680400
19750,0,100,"sd","09:33:57",3680500
19750,0,1000,"bu","09:33:59",3681500
19800,50,5000,"bu","09:34:00",3686500
19750,0,1000,"bu","09:34:07",3687500
19750,0,2000,"sd","09:34:16",3689500
19750,0,10000,"bu","09:34:21",3699500
19750,0,100,"bu","09:34:24",3699600
19800,50,5000,"bu","09:34:32",3704600
19750,0,400,"bu","09:34:35",3705000
19800,50,200,"bu","09:34:37",3705200
19750,0,2000,"bu","09:34:39",3707200
19750,0,1000,"bu","09:34:48",3708200
19750,0,100,"bu","09:34:51",3708300
19750,0,2300,"sd","09:34:52",3710600
19750,0,200,"bu","09:34:53",3710800
19800,50,1200,"bu","09:34:56",3712000
19750,0,5000,"bu","09:34:57",3717000
19750,0,1000,"bu","09:35:01",3718000
19750,0,1100,"bu","09:35:21",3719100
19750,0,4000,"sd","09:35:21",3723100
19750,0,1000,"bu","09:35:30",3724100
19750,0,200,"sd","09:35:37",3724300
19750,0,2000,"sd","09:35:39",3726300
19750,0,1000,"sd","09:35:41",3727300
19750,0,1000,"bu","09:35:45",3728300
19750,0,2000,"bu","09:35:50",3730300
19750,0,100,"sd","09:36:01",3730400
19800,50,2000,"sd","09:36:06",3732400
19750,0,500,"bu","09:36:10",3732900
19800,50,300,"sd","09:36:15",3733200
19800,50,100,"sd","09:36:21",3733300
19750,0,2000,"sd","09:36:23",3735300
19750,0,2000,"sd","09:36:26",3737300
19800,50,200,"bu","09:36:30",3737500
19750,0,100,"bu","09:36:32",3737600
19750,0,500,"bu","09:36:35",3738100
19750,0,1300,"sd","09:36:36",3739400
19750,0,71200,"bu","09:36:37",3810600
19750,0,600,"bu","09:36:43",3811200
19750,0,8900,"bu","09:36:48",3820100
19750,0,100,"sd","09:36:52",3820200
19750,0,7500,"bu","09:36:54",3827700
19750,0,1000,"bu","09:36:57",3828700
19750,0,100,"sd","09:36:59",3828800
19750,0,2100,"sd","09:37:05",3830900
19750,0,2500,"bu","09:37:20",3833400
19750,0,13800,"sd","09:37:27",3847200
19750,0,500,"sd","09:37:29",3847700
19700,-50,50000,"bu","09:37:30",3897700
19750,0,2000,"bu","09:37:36",3899700
19750,0,10000,"sd","09:37:37",3909700
19750,0,2000,"sd","09:37:38",3911700
19750,0,20000,"sd","09:37:39",3931700
19750,0,200,"bu","09:37:41",3931900
19700,-50,10000,"bu","09:37:52",3941900
19700,-50,10000,"sd","09:38:03",3951900
19750,0,1000,"sd","09:38:04",3952900
19700,-50,300,"bu","09:38:06",3953200
19700,-50,20000,"sd","09:38:15",3973200
19700,-50,600,"bu","09:38:21",3973800
19700,-50,100,"sd","09:38:21",3973900
19750,0,2000,"bu","09:38:25",3975900
19700,-50,600,"bu","09:38:26",3976500
19700,-50,2500,"sd","09:38:33",3979000
19700,-50,5000,"sd","09:38:37",3984000
19700,-50,1000,"bu","09:38:38",3985000
19700,-50,2500,"bu","09:38:45",3987500
19700,-50,1000,"bu","09:38:47",3988500
19650,-100,1600,"bu","09:38:48",3990100
19700,-50,2500,"bu","09:38:54",3992600
19700,-50,700,"bu","09:38:59",3993300
19700,-50,3000,"bu","09:39:02",3996300
19650,-100,3100,"sd","09:39:07",3999400
19700,-50,1000,"sd","09:39:09",4000400
19700,-50,200,"bu","09:39:13",4000600
19700,-50,1000,"bu","09:39:15",4001600
19700,-50,200,"bu","09:39:18",4001800
19700,-50,1000,"bu","09:39:23",4002800
19700,-50,200,"bu","09:39:26",4003000
19700,-50,500,"bu","09:39:26",4003500
19700,-50,100,"bu","09:39:30",4003600
19700,-50,500,"bu","09:39:31",4004100
19700,-50,100,"bu","09:39:39",4004200
19700,-50,2100,"bu","09:39:41",4006300
19700,-50,1400,"bu","09:39:45",4007700
19650,-100,500,"bu","09:39:51",4008200
19700,-50,600,"sd","09:39:52",4008800
19700,-50,3000,"bu","09:39:53",4011800
19700,-50,5000,"bu","09:39:55",4016800
19700,-50,1000,"sd","09:39:56",4017800
19700,-50,400,"sd","09:39:56",4018200
19700,-50,1000,"bu","09:40:03",4019200
19700,-50,1100,"sd","09:40:08",4020300
19650,-100,500,"bu","09:40:09",4020800
19700,-50,200,"bu","09:40:10",4021000
19700,-50,500,"bu","09:40:13",4021500
19700,-50,1000,"bu","09:40:14",4022500
19700,-50,100,"sd","09:40:16",4022600
19700,-50,16900,"bu","09:40:18",4039500
19700,-50,2100,"sd","09:40:33",4041600
19700,-50,500,"sd","09:40:44",4042100
19700,-50,200,"bu","09:40:45",4042300
19700,-50,2200,"bu","09:40:51",4044500
19700,-50,1000,"sd","09:40:54",4045500
19700,-50,500,"bu","09:40:54",4046000
19750,0,1000,"bu","09:40:56",4047000
19700,-50,1400,"sd","09:41:05",4048400
19700,-50,200,"sd","09:41:12",4048600
19700,-50,500,"sd","09:41:23",4049100
19700,-50,100,"bu","09:41:28",4049200
19750,0,1000,"sd","09:41:31",4050200
19700,-50,100,"bu","09:41:32",4050300
19750,0,500,"bu","09:41:41",4050800
19750,0,100,"sd","09:41:48",4050900
19750,0,9400,"sd","09:41:52",4060300
19750,0,200,"bu","09:42:06",4060500
19700,-50,700,"sd","09:42:08",4061200
19700,-50,5000,"sd","09:42:08",4066200
19700,-50,10100,"sd","09:42:11",4076300
19700,-50,1000,"bu","09:42:19",4077300
19700,-50,200,"bu","09:42:19",4077500
19700,-50,3100,"bu","09:42:23",4080600
19700,-50,5000,"bu","09:42:24",4085600
19700,-50,600,"bu","09:42:29",4086200
19700,-50,2000,"sd","09:42:33",4088200
19700,-50,6000,"sd","09:42:36",4094200
19700,-50,300,"bu","09:42:39",4094500
19700,-50,1000,"bu","09:42:46",4095500
19700,-50,600,"bu","09:42:51",4096100
19700,-50,5400,"bu","09:42:56",4101500
19700,-50,500,"bu","09:43:01",4102000
19700,-50,600,"bu","09:43:04",4102600
19700,-50,3000,"bu","09:43:06",4105600
19700,-50,500,"sd","09:43:15",4106100
19700,-50,600,"sd","09:43:18",4106700
19700,-50,10000,"bu","09:43:20",4116700
19700,-50,1000,"bu","09:43:23",4117700
19700,-50,500,"sd","09:43:23",4118200
19700,-50,500,"sd","09:43:39",4118700
19750,0,100,"sd","09:43:59",4118800
19700,-50,500,"sd","09:44:04",4119300
19750,0,1000,"bu","09:44:12",4120300
19750,0,2300,"sd","09:44:15",4122600
19750,0,1000,"sd","09:44:18",4123600
19750,0,1500,"sd","09:44:31",4125100
19750,0,800,"sd","09:44:42",4125900
19750,0,2000,"sd","09:44:46",4127900
19750,0,3000,"sd","09:44:47",4130900
19750,0,100,"bu","09:44:53",4131000
19750,0,300,"sd","09:44:55",4131300
19700,-50,1000,"sd","09:44:57",4132300
19750,0,200,"bu","09:44:59",4132500
19750,0,500,"sd","09:45:05",4133000
19750,0,1000,"bu","09:45:05",4134000
19750,0,500,"bu","09:45:10",4134500
19750,0,200,"sd","09:45:12",4134700
19750,0,500,"sd","09:45:16",4135200
19750,0,10000,"sd","09:45:20",4145200
19750,0,30000,"sd","09:45:28",4175200
19750,0,100,"sd","09:45:29",4175300
19750,0,7000,"bu","09:45:31",4182300
19750,0,100,"sd","09:45:34",4182400
19750,0,2200,"sd","09:45:34",4184600
19700,-50,7000,"bu","09:45:36",4191600
19750,0,200,"sd","09:45:37",4191800
19700,-50,2500,"bu","09:45:43",4194300
19750,0,1500,"bu","09:45:44",4195800
19750,0,1000,"bu","09:45:46",4196800
19750,0,1100,"bu","09:45:50",4197900
19750,0,5000,"bu","09:45:51",4202900
19750,0,500,"bu","09:45:55",4203400
19750,0,1000,"bu","09:46:01",4204400
19750,0,2500,"bu","09:46:03",4206900
19750,0,1900,"bu","09:46:05",4208800
19750,0,2300,"bu","09:46:06",4211100
19750,0,3000,"sd","09:46:07",4214100
19750,0,1300,"bu","09:46:10",4215400
19750,0,500,"sd","09:46:11",4215900
19750,0,100100,"bu","09:46:13",4316000
19750,0,1100,"bu","09:46:16",4317100
19750,0,100,"bu","09:46:18",4317200
19750,0,600,"bu","09:46:22",4317800
19750,0,2700,"bu","09:46:24",4320500
19750,0,1200,"sd","09:46:27",4321700
19750,0,5300,"sd","09:46:28",4327000
19750,0,500,"bu","09:46:29",4327500
19750,0,5000,"bu","09:46:33",4332500
19750,0,600,"sd","09:46:36",4333100
19750,0,2100,"bu","09:46:38",4335200
19750,0,500,"sd","09:46:39",4335700
19750,0,100,"sd","09:46:40",4335800
19750,0,1000,"sd","09:46:40",4336800
19750,0,1100,"bu","09:46:41",4337900
19750,0,1000,"sd","09:46:42",4338900
19750,0,3200,"sd","09:46:43",4342100
19750,0,200,"sd","09:46:45",4342300
19750,0,1000,"bu","09:46:46",4343300
19750,0,2600,"sd","09:46:47",4345900
19750,0,5100,"sd","09:46:47",4351000
19750,0,3100,"sd","09:46:48",4354100
19750,0,1500,"bu","09:46:49",4355600
19750,0,2800,"sd","09:46:52",4358400
19750,0,1000,"sd","09:46:53",4359400
19750,0,1000,"bu","09:46:55",4360400
19750,0,8000,"sd","09:47:02",4368400
19750,0,2600,"sd","09:47:08",4371000
19750,0,200,"sd","09:47:10",4371200
19750,0,1000,"bu","09:47:13",4372200
19750,0,1200,"bu","09:47:14",4373400
19750,0,500,"sd","09:47:28",4373900
19800,50,100,"bu","09:47:47",4374000
19750,0,5000,"sd","09:47:49",4379000
19750,0,500,"sd","09:47:52",4379500
19750,0,5300,"sd","09:48:01",4384800
19750,0,1000,"sd","09:48:03",4385800
19800,50,2900,"bu","09:48:08",4388700
19800,50,1000,"bu","09:48:16",4389700
19800,50,300,"sd","09:48:17",4390000
19800,50,1000,"bu","09:48:34",4391000
19750,0,300,"sd","09:48:34",4391300
19750,0,600,"bu","09:48:49",4391900
19800,50,200,"sd","09:48:50",4392100
19800,50,2000,"bu","09:49:15",4394100
19800,50,200,"sd","09:49:19",4394300
19800,50,1000,"sd","09:49:22",4395300
19800,50,100,"bu","09:49:42",4395400
19800,50,1000,"bu","09:49:43",4396400
19800,50,500,"bu","09:49:47",4396900
19750,0,20000,"bu","09:49:51",4416900
19800,50,1600,"bu","09:49:57",4418500
19800,50,3000,"bu","09:50:04",4421500
19800,50,300,"sd","09:50:05",4421800
19800,50,100,"bu","09:50:11",4421900
19800,50,10000,"bu","09:50:15",4431900
19800,50,5000,"sd","09:50:23",4436900
19800,50,100,"bu","09:50:36",4437000
19800,50,2000,"sd","09:50:40",4439000
19800,50,200,"sd","09:50:40",4439200
19800,50,100,"bu","09:50:45",4439300
19750,0,15000,"sd","09:50:50",4454300
19750,0,5000,"sd","09:51:00",4459300
19750,0,20000,"bu","09:51:03",4479300
19750,0,800,"bu","09:51:14",4480100
19750,0,1000,"sd","09:51:16",4481100
19800,50,5000,"bu","09:51:20",4486100
19750,0,30200,"sd","09:51:28",4516300
19750,0,1200,"bu","09:51:30",4517500
19750,0,100,"bu","09:51:38",4517600
19750,0,1300,"bu","09:51:42",4518900
19750,0,100,"bu","09:51:46",4519000
19700,-50,200,"bu","09:51:47",4519200
19700,-50,700,"bu","09:51:48",4519900
19750,0,2100,"sd","09:51:57",4522000
19750,0,200,"sd","09:51:58",4522200
19750,0,4000,"bu","09:51:58",4526200
19750,0,10000,"sd","09:52:02",4536200
19750,0,400,"sd","09:52:14",4536600
19750,0,300,"sd","09:52:18",4536900
19750,0,7000,"bu","09:52:36",4543900
19750,0,50000,"sd","09:52:52",4593900
19750,0,200,"sd","09:52:55",4594100
19750,0,2200,"bu","09:52:59",4596300
19800,50,10800,"bu","09:53:03",4607100
19750,0,500,"sd","09:53:04",4607600
19750,0,800,"bu","09:53:09",4608400
19800,50,1000,"bu","09:53:14",4609400
19750,0,6500,"bu","09:53:27",4615900
19700,-50,3100,"bu","09:53:33",4619000
19750,0,200,"bu","09:53:48",4619200
19700,-50,100,"bu","09:54:17",4619300
19750,0,10000,"sd","09:54:32",4629300
19750,0,100,"sd","09:54:38",4629400
19750,0,1000,"sd","09:54:44",4630400
19750,0,100,"sd","09:54:52",4630500
19750,0,200,"bu","09:55:21",4630700
19700,-50,1500,"bu","09:55:27",4632200
19750,0,100,"sd","09:55:45",4632300
19750,0,2000,"sd","09:55:46",4634300
19750,0,4000,"sd","09:55:58",4638300
19750,0,100,"bu","09:56:03",4638400
19750,0,1700,"sd","09:56:32",4640100
19750,0,1000,"bu","09:56:52",4641100
19750,0,500,"bu","09:56:57",4641600
19750,0,1000,"sd","09:57:00",4642600
19750,0,1200,"bu","09:57:12",4643800
19750,0,1400,"sd","09:57:21",4645200
19750,0,200,"bu","09:57:30",4645400
19700,-50,1000,"bu","09:57:44",4646400
19700,-50,11000,"bu","09:57:48",4657400
19700,-50,100,"bu","09:58:06",4657500
19700,-50,2000,"sd","09:58:08",4659500
19700,-50,100,"bu","09:58:11",4659600
19700,-50,3000,"bu","09:58:23",4662600
19700,-50,1000,"bu","09:58:25",4663600
19700,-50,2000,"sd","09:58:33",4665600
19700,-50,15600,"bu","09:58:41",4681200
19700,-50,500,"sd","09:58:41",4681700
19700,-50,400,"sd","09:58:42",4682100
19700,-50,3000,"sd","09:58:44",4685100
19700,-50,600,"bu","09:58:51",4685700
19700,-50,11000,"bu","09:58:52",4696700
19700,-50,2000,"bu","09:58:55",4698700
19700,-50,10000,"sd","09:59:02",4708700
19700,-50,3000,"bu","09:59:04",4711700
19700,-50,3400,"bu","09:59:06",4715100
19700,-50,2000,"sd","09:59:09",4717100
19700,-50,8000,"sd","09:59:11",4725100
19700,-50,600,"sd","09:59:16",4725700
19700,-50,15000,"sd","09:59:21",4740700
19750,0,300,"sd","09:59:28",4741000
19700,-50,1000,"bu","09:59:29",4742000
19700,-50,1200,"bu","09:59:39",4743200
19750,0,1100,"sd","10:00:14",4744300
19750,0,300,"bu","10:00:19",4744600
19750,0,600,"sd","10:00:21",4745200
19750,0,1100,"bu","10:00:28",4746300
19700,-50,300,"bu","10:00:38",4746600
19700,-50,5500,"sd","10:00:48",4752100
19700,-50,400,"bu","10:00:54",4752500
19700,-50,3200,"bu","10:00:57",4755700
19750,0,300,"bu","10:00:59",4756000
19700,-50,5300,"bu","10:01:00",4761300
19700,-50,1000,"bu","10:01:09",4762300
19700,-50,20000,"bu","10:01:17",4782300
19700,-50,200,"sd","10:01:22",4782500
19700,-50,100,"sd","10:01:23",4782600
19700,-50,1500,"bu","10:01:50",4784100
19700,-50,200,"sd","10:02:04",4784300
19700,-50,100,"bu","10:02:15",4784400
19700,-50,900,"bu","10:02:23",4785300
19700,-50,400,"bu","10:02:24",4785700
19700,-50,500,"sd","10:02:54",4786200
19700,-50,2000,"sd","10:02:59",4788200
19650,-100,200,"bu","10:02:59",4788400
19650,-100,7500,"sd","10:03:06",4795900
19650,-100,300,"bu","10:03:23",4796200
19700,-50,500,"bu","10:03:24",4796700
19700,-50,300,"sd","10:03:28",4797000
19700,-50,100,"bu","10:03:33",4797100
19700,-50,2000,"sd","10:03:36",4799100
19700,-50,1000,"sd","10:03:37",4800100
19700,-50,2000,"sd","10:03:39",4802100
19700,-50,100,"bu","10:03:47",4802200
19700,-50,300,"sd","10:03:51",4802500
19700,-50,5000,"sd","10:03:58",4807500
19700,-50,800,"bu","10:04:00",4808300
19700,-50,200,"bu","10:04:02",4808500
19700,-50,2000,"sd","10:04:08",4810500
19700,-50,2400,"sd","10:04:42",4812900
19700,-50,2000,"sd","10:04:51",4814900
19650,-100,1000,"sd","10:04:56",4815900
19700,-50,400,"sd","10:05:04",4816300
19700,-50,1000,"bu","10:05:20",4817300
19700,-50,200,"sd","10:05:24",4817500
19700,-50,200,"sd","10:05:33",4817700
19700,-50,700,"bu","10:05:36",4818400
19700,-50,200,"sd","10:05:38",4818600
19700,-50,20900,"bu","10:05:46",4839500
19700,-50,20000,"sd","10:05:49",4859500
19700,-50,20000,"sd","10:05:51",4879500
19700,-50,10000,"sd","10:05:52",4889500
19700,-50,2100,"sd","10:05:53",4891600
19700,-50,600,"sd","10:05:54",4892200
19700,-50,6800,"sd","10:06:02",4899000
19700,-50,5000,"bu","10:06:13",4904000
19700,-50,3000,"bu","10:06:28",4907000
19700,-50,300,"sd","10:06:39",4907300
19700,-50,500,"sd","10:06:52",4907800
19700,-50,6500,"sd","10:06:58",4914300
19700,-50,1000,"sd","10:07:17",4915300
19700,-50,10000,"bu","10:07:18",4925300
19700,-50,400,"sd","10:07:26",4925700
19700,-50,1100,"sd","10:07:39",4926800
19700,-50,5700,"bu","10:07:44",4932500
19700,-50,2000,"bu","10:07:47",4934500
19700,-50,200,"sd","10:07:50",4934700
19700,-50,500,"sd","10:08:25",4935200
19700,-50,2500,"bu","10:08:33",4937700
19700,-50,2500,"sd","10:08:34",4940200
19750,0,3400,"sd","10:08:42",4943600
19700,-50,500,"sd","10:08:48",4944100
19750,0,500,"bu","10:08:50",4944600
19700,-50,13000,"bu","10:09:30",4957600
19700,-50,700,"bu","10:09:33",4958300
19700,-50,500,"bu","10:09:39",4958800
19700,-50,1000,"bu","10:09:47",4959800
19700,-50,3000,"bu","10:09:55",4962800
19700,-50,8100,"sd","10:10:01",4970900
19700,-50,1000,"sd","10:10:19",4971900
19700,-50,1000,"sd","10:10:21",4972900
19700,-50,1100,"sd","10:10:23",4974000
19700,-50,500,"sd","10:10:30",4974500
19700,-50,700,"sd","10:10:32",4975200
19700,-50,100,"sd","10:10:35",4975300
19700,-50,500,"sd","10:10:51",4975800
19700,-50,100,"sd","10:10:53",4975900
19700,-50,2000,"sd","10:11:00",4977900
19700,-50,100,"bu","10:11:04",4978000
19700,-50,2000,"sd","10:11:06",4980000
19700,-50,12300,"bu","10:11:08",4992300
19700,-50,900,"sd","10:11:11",4993200
19700,-50,200,"sd","10:11:22",4993400
19700,-50,100,"bu","10:11:24",4993500
19750,0,500,"sd","10:11:25",4994000
19750,0,4100,"bu","10:11:53",4998100
19700,-50,500,"bu","10:11:56",4998600
19700,-50,200,"sd","10:11:57",4998800
19700,-50,9900,"sd","10:12:09",5008700
19700,-50,2500,"sd","10:12:13",5011200
19700,-50,400,"sd","10:12:19",5011600
19700,-50,500,"bu","10:12:29",5012100
19700,-50,5500,"bu","10:12:42",5017600
19700,-50,1000,"bu","10:12:53",5018600
19700,-50,200,"sd","10:13:04",5018800
19650,-100,5000,"sd","10:13:06",5023800
19700,-50,500,"bu","10:13:13",5024300
19700,-50,300,"sd","10:13:19",5024600
19700,-50,5000,"sd","10:13:23",5029600
19650,-100,1000,"bu","10:13:27",5030600
19700,-50,3000,"sd","10:13:34",5033600
19650,-100,2000,"bu","10:13:35",5035600
19700,-50,100,"sd","10:13:51",5035700
19650,-100,2900,"bu","10:13:52",5038600
19700,-50,1600,"bu","10:13:55",5040200
19700,-50,100,"sd","10:14:06",5040300
19700,-50,5000,"sd","10:14:14",5045300
19700,-50,3600,"bu","10:14:35",5048900
19700,-50,600,"sd","10:14:36",5049500
19700,-50,200,"bu","10:14:41",5049700
19650,-100,5000,"bu","10:14:45",5054700
19650,-100,2000,"sd","10:15:02",5056700
19700,-50,500,"sd","10:15:04",5057200
19700,-50,1000,"bu","10:15:05",5058200
19650,-100,500,"sd","10:15:08",5058700
19650,-100,400,"sd","10:15:13",5059100
19650,-100,5400,"sd","10:15:20",5064500
19650,-100,500,"bu","10:15:24",5065000
19650,-100,500,"bu","10:15:30",5065500
19650,-100,8500,"sd","10:15:47",5074000
19650,-100,42000,"sd","10:15:51",5116000
19650,-100,2000,"sd","10:15:53",5118000
19650,-100,5000,"bu","10:15:54",5123000
19650,-100,9000,"bu","10:15:57",5132000
19650,-100,1600,"bu","10:16:00",5133600
19650,-100,1100,"bu","10:16:02",5134700
19650,-100,1000,"sd","10:16:03",5135700
19650,-100,30000,"sd","10:16:09",5165700
19650,-100,300,"sd","10:16:10",5166000
19650,-100,200,"sd","10:16:15",5166200
19650,-100,900,"bu","10:16:16",5167100
19650,-100,9000,"bu","10:16:21",5176100
19650,-100,1000,"bu","10:16:23",5177100
19650,-100,1000,"sd","10:16:25",5178100
19650,-100,1700,"sd","10:16:26",5179800
19650,-100,100,"sd","10:16:28",5179900
19650,-100,500,"bu","10:16:30",5180400
19650,-100,200,"bu","10:16:34",5180600
19650,-100,1000,"sd","10:16:37",5181600
19650,-100,14600,"bu","10:16:41",5196200
19550,-200,208400,"sd","10:16:51",5404600
19650,-100,107700,"sd","10:16:52",5512300
19500,-250,9200,"sd","10:16:53",5521500
19500,-250,500,"bu","10:17:01",5522000
19650,-100,100,"bu","10:17:03",5522100
19500,-250,1100,"sd","10:17:04",5523200
19650,-100,100,"bu","10:17:11",5523300
19600,-150,800,"bu","10:17:12",5524100
19600,-150,500,"sd","10:17:26",5524600
19600,-150,400,"bu","10:17:31",5525000
19550,-200,100,"bu","10:17:32",5525100
19550,-200,600,"sd","10:17:35",5525700
19500,-250,100,"bu","10:17:39",5525800
19550,-200,700,"bu","10:17:57",5526500
19550,-200,200,"sd","10:17:58",5526700
19550,-200,3000,"bu","10:18:00",5529700
19550,-200,200,"bu","10:18:02",5529900
19550,-200,1000,"sd","10:18:03",5530900
19550,-200,4800,"sd","10:18:06",5535700
19550,-200,100,"sd","10:18:08",5535800
19550,-200,1400,"bu","10:18:11",5537200
19500,-250,2200,"sd","10:18:12",5539400
19550,-200,100,"bu","10:18:13",5539500
19550,-200,1000,"sd","10:18:15",5540500
19550,-200,300,"bu","10:18:16",5540800
19500,-250,1200,"sd","10:18:18",5542000
19500,-250,500,"bu","10:18:25",5542500
19550,-200,100,"bu","10:18:32",5542600
19500,-250,1000,"sd","10:18:35",5543600
19500,-250,1000,"bu","10:18:36",5544600
19550,-200,2000,"bu","10:18:38",5546600
19500,-250,7000,"bu","10:18:40",5553600
19500,-250,1500,"sd","10:18:42",5555100
19550,-200,300,"bu","10:18:45",5555400
19550,-200,11100,"bu","10:18:49",5566500
19500,-250,5000,"bu","10:18:51",5571500
19550,-200,600,"bu","10:18:54",5572100
19500,-250,6200,"bu","10:18:56",5578300
19500,-250,50000,"bu","10:18:57",5628300
19500,-250,1000,"bu","10:19:02",5629300
19500,-250,500,"sd","10:19:05",5629800
19500,-250,300,"bu","10:19:06",5630100
19500,-250,13000,"bu","10:19:08",5643100
19500,-250,200,"sd","10:19:12",5643300
19500,-250,5500,"bu","10:19:13",5648800
19500,-250,7100,"sd","10:19:15",5655900
19500,-250,2000,"bu","10:19:18",5657900
19500,-250,3000,"bu","10:19:24",5660900
19500,-250,30000,"sd","10:19:26",5690900
19500,-250,3000,"bu","10:19:28",5693900
19500,-250,100,"bu","10:19:29",5694000
19550,-200,300,"bu","10:19:31",5694300
19500,-250,700,"sd","10:19:32",5695000
19550,-200,1000,"bu","10:19:35",5696000
19500,-250,11000,"bu","10:19:36",5707000
19500,-250,13700,"bu","10:19:41",5720700
19500,-250,300,"bu","10:19:42",5721000
19550,-200,100,"bu","10:19:43",5721100
19500,-250,6600,"bu","10:19:47",5727700
19500,-250,200,"bu","10:19:48",5727900
19550,-200,400,"bu","10:19:50",5728300
19500,-250,50000,"sd","10:19:51",5778300
19500,-250,21900,"sd","10:19:52",5800200
19500,-250,14000,"bu","10:19:54",5814200
19500,-250,9600,"bu","10:19:55",5823800
19500,-250,3000,"bu","10:19:56",5826800
19550,-200,500,"sd","10:19:58",5827300
19500,-250,43800,"bu","10:19:59",5871100
19500,-250,9200,"sd","10:20:00",5880300
19500,-250,2600,"sd","10:20:01",5882900
19500,-250,23200,"bu","10:20:08",5906100
19500,-250,2000,"sd","10:20:11",5908100
19500,-250,5500,"bu","10:20:12",5913600
19500,-250,22000,"bu","10:20:14",5935600
19500,-250,10000,"bu","10:20:20",5945600
19500,-250,1000,"bu","10:20:22",5946600
19500,-250,3700,"sd","10:20:24",5950300
19500,-250,100,"sd","10:20:25",5950400
19450,-300,400,"sd","10:20:28",5950800
19500,-250,2400,"bu","10:20:29",5953200
19500,-250,500,"sd","10:20:31",5953700
19500,-250,300,"bu","10:20:32",5954000
19500,-250,300,"bu","10:20:36",5954300
19500,-250,2000,"sd","10:20:39",5956300
19500,-250,800,"sd","10:20:43",5957100
19500,-250,600,"sd","10:20:52",5957700
19450,-300,17300,"bu","10:20:59",5975000
19500,-250,1600,"sd","10:21:00",5976600
19500,-250,2400,"bu","10:21:04",5979000
19500,-250,4500,"sd","10:21:06",5983500
19500,-250,3500,"bu","10:21:07",5987000
19500,-250,100,"bu","10:21:08",5987100
19500,-250,500,"bu","10:21:11",5987600
19500,-250,6000,"sd","10:21:17",5993600
19500,-250,11400,"sd","10:21:24",6005000
19500,-250,4500,"bu","10:21:26",6009500
19450,-300,3000,"sd","10:21:27",6012500
19500,-250,100,"sd","10:21:30",6012600
19500,-250,200,"sd","10:21:31",6012800
19500,-250,2000,"sd","10:21:35",6014800
19500,-250,6000,"bu","10:21:42",6020800
19500,-250,700,"sd","10:21:44",6021500
19450,-300,300,"bu","10:21:45",6021800
19500,-250,7200,"bu","10:21:48",6029000
19450,-300,3000,"sd","10:21:55",6032000
19500,-250,200,"bu","10:21:57",6032200
19450,-300,500,"bu","10:22:00",6032700
19450,-300,5000,"sd","10:22:05",6037700
19450,-300,100,"bu","10:22:06",6037800
19500,-250,200,"bu","10:22:08",6038000
19450,-300,3000,"sd","10:22:09",6041000
19450,-300,1000,"bu","10:22:11",6042000
19500,-250,3000,"sd","10:22:14",6045000
19500,-250,3800,"bu","10:22:15",6048800
19500,-250,1000,"bu","10:22:18",6049800
19500,-250,10000,"bu","10:22:23",6059800
19500,-250,1300,"sd","10:22:26",6061100
19500,-250,2000,"bu","10:22:27",6063100
19500,-250,100,"bu","10:22:29",6063200
19500,-250,700,"sd","10:22:36",6063900
19500,-250,1600,"sd","10:22:38",6065500
19500,-250,1100,"bu","10:22:39",6066600
19500,-250,5000,"bu","10:22:40",6071600
19500,-250,100,"sd","10:22:42",6071700
19500,-250,1500,"sd","10:22:43",6073200
19450,-300,100,"sd","10:22:44",6073300
19500,-250,4200,"sd","10:22:46",6077500
19450,-300,5100,"sd","10:22:47",6082600
19450,-300,400,"sd","10:22:52",6083000
19500,-250,1800,"sd","10:22:53",6084800
19500,-250,200,"sd","10:22:54",6085000
19500,-250,3900,"sd","10:22:59",6088900
19450,-300,2300,"sd","10:23:00",6091200
19500,-250,1000,"bu","10:23:02",6092200
19500,-250,66100,"sd","10:23:05",6158300
19500,-250,500,"bu","10:23:06",6158800
19500,-250,9500,"bu","10:23:07",6168300
19500,-250,100,"sd","10:23:09",6168400
19500,-250,3700,"sd","10:23:10",6172100
19550,-200,600,"bu","10:23:12",6172700
19500,-250,1000,"bu","10:23:13",6173700
19550,-200,4000,"bu","10:23:28",6177700
19550,-200,2200,"sd","10:23:30",6179900
19550,-200,100,"sd","10:23:32",6180000
19550,-200,6800,"sd","10:23:33",6186800
19550,-200,7200,"bu","10:23:35",6194000
19550,-200,23200,"bu","10:23:36",6217200
19600,-150,31200,"sd","10:23:46",6248400
19550,-200,1500,"sd","10:23:48",6249900
19600,-150,700,"bu","10:23:55",6250600
19600,-150,100,"bu","10:23:56",6250700
19650,-100,2000,"sd","10:24:03",6252700
19650,-100,6000,"bu","10:24:10",6258700
19650,-100,5700,"bu","10:24:12",6264400
19650,-100,4000,"sd","10:24:19",6268400
19650,-100,2600,"sd","10:24:20",6271000
19650,-100,1100,"bu","10:24:21",6272100
19650,-100,1100,"sd","10:24:24",6273200
19650,-100,500,"sd","10:24:28",6273700
19650,-100,8000,"sd","10:24:31",6281700
19650,-100,500,"bu","10:24:32",6282200
19650,-100,1100,"sd","10:24:33",6283300
19650,-100,200,"sd","10:24:36",6283500
19650,-100,1000,"sd","10:24:37",6284500
19650,-100,5700,"sd","10:24:41",6290200
19650,-100,100,"sd","10:24:42",6290300
19700,-50,2800,"bu","10:24:57",6293100
19650,-100,700,"bu","10:25:02",6293800
19700,-50,400,"bu","10:25:11",6294200
19650,-100,500,"bu","10:25:14",6294700
19700,-50,10100,"sd","10:25:45",6304800
19650,-100,2000,"bu","10:25:56",6306800
19700,-50,100,"bu","10:25:59",6306900
19700,-50,4000,"bu","10:26:02",6310900
19700,-50,3000,"sd","10:26:12",6313900
19700,-50,1000,"sd","10:26:13",6314900
19700,-50,100,"bu","10:26:15",6315000
19700,-50,4700,"bu","10:26:18",6319700
19700,-50,10100,"bu","10:26:26",6329800
19700,-50,200,"bu","10:26:27",6330000
19700,-50,1400,"bu","10:26:37",6331400
19700,-50,1000,"bu","10:26:38",6332400
19700,-50,5000,"sd","10:26:41",6337400
19700,-50,1000,"bu","10:26:46",6338400
19700,-50,2000,"bu","10:26:59",6340400
19700,-50,1000,"sd","10:27:04",6341400
19700,-50,100,"bu","10:27:06",6341500
19700,-50,200,"bu","10:27:10",6341700
19700,-50,7200,"bu","10:27:22",6348900
19700,-50,500,"sd","10:27:23",6349400
19700,-50,7800,"bu","10:27:26",6357200
19750,0,8000,"bu","10:27:27",6365200
19750,0,5100,"bu","10:27:42",6370300
19700,-50,1000,"bu","10:27:52",6371300
19750,0,400,"sd","10:27:54",6371700
19750,0,200,"sd","10:27:55",6371900
19750,0,800,"bu","10:28:07",6372700
19750,0,500,"bu","10:28:09",6373200
19750,0,100,"sd","10:28:10",6373300
19700,-50,300,"sd","10:28:23",6373600
19700,-50,300,"bu","10:28:32",6373900
19750,0,500,"sd","10:28:35",6374400
19700,-50,600,"sd","10:28:37",6375000
19750,0,1000,"bu","10:28:54",6376000
19700,-50,15000,"bu","10:28:57",6391000
19750,0,100,"bu","10:29:10",6391100
19700,-50,1000,"bu","10:29:15",6392100
19700,-50,5000,"sd","10:29:28",6397100
19700,-50,1000,"bu","10:29:29",6398100
19700,-50,600,"sd","10:29:51",6398700
19700,-50,1000,"sd","10:30:06",6399700
19700,-50,2600,"bu","10:30:12",6402300
19700,-50,700,"bu","10:30:22",6403000
19750,0,1000,"sd","10:30:29",6404000
19750,0,1300,"bu","10:30:46",6405300
19700,-50,9000,"sd","10:30:49",6414300
19700,-50,2800,"bu","10:30:53",6417100
19700,-50,500,"sd","10:30:57",6417600
19700,-50,700,"sd","10:30:59",6418300
19700,-50,500,"bu","10:31:09",6418800
19700,-50,100,"sd","10:31:11",6418900
19700,-50,25700,"sd","10:31:29",6444600
19750,0,100,"sd","10:31:39",6444700
19700,-50,10000,"bu","10:31:42",6454700
19750,0,200,"bu","10:31:46",6454900
19750,0,300,"bu","10:32:04",6455200
19700,-50,6000,"bu","10:32:30",6461200
19750,0,2000,"sd","10:32:57",6463200
19700,-50,1100,"sd","10:33:00",6464300
19700,-50,3000,"bu","10:33:02",6467300
19700,-50,3000,"bu","10:33:18",6470300
19700,-50,500,"sd","10:33:30",6470800
19700,-50,1300,"bu","10:34:22",6472100
19750,0,1300,"bu","10:34:32",6473400
19700,-50,500,"bu","10:34:46",6473900
19700,-50,13000,"sd","10:34:57",6486900
19700,-50,11400,"sd","10:35:06",6498300
19750,0,200,"bu","10:35:13",6498500
19700,-50,3000,"bu","10:35:22",6501500
19750,0,500,"sd","10:35:38",6502000
19700,-50,6000,"sd","10:35:39",6508000
19700,-50,200,"bu","10:35:51",6508200
19700,-50,100,"sd","10:35:55",6508300
19750,0,4000,"bu","10:35:58",6512300
19700,-50,2300,"bu","10:36:23",6514600
19750,0,6200,"bu","10:36:33",6520800
19700,-50,50900,"sd","10:36:40",6571700
19700,-50,10000,"bu","10:36:42",6581700
19700,-50,2000,"bu","10:36:45",6583700
19700,-50,500,"bu","10:36:53",6584200
19700,-50,1000,"sd","10:36:55",6585200
19700,-50,5100,"sd","10:37:28",6590300
19700,-50,1000,"bu","10:37:30",6591300
19700,-50,1100,"sd","10:37:40",6592400
19650,-100,1500,"sd","10:38:13",6593900
19650,-100,500,"sd","10:38:16",6594400
19650,-100,400,"sd","10:38:32",6594800
19650,-100,3900,"sd","10:38:35",6598700
19650,-100,1000,"bu","10:38:52",6599700
19650,-100,3000,"bu","10:38:55",6602700
19650,-100,1000,"bu","10:39:02",6603700
19650,-100,25000,"bu","10:39:04",6628700
19650,-100,11700,"sd","10:39:25",6640400
19650,-100,400,"bu","10:39:28",6640800
19600,-150,1200,"sd","10:39:33",6642000
19650,-100,1000,"sd","10:39:35",6643000
19650,-100,2700,"bu","10:39:42",6645700
19600,-150,900,"bu","10:39:53",6646600
19650,-100,1000,"bu","10:40:07",6647600
19650,-100,1100,"bu","10:40:08",6648700
19600,-150,1000,"bu","10:40:09",6649700
19600,-150,800,"sd","10:40:12",6650500
19650,-100,1400,"sd","10:40:14",6651900
19650,-100,1000,"bu","10:40:16",6652900
19650,-100,500,"bu","10:40:25",6653400
19650,-100,1000,"bu","10:40:27",6654400
19600,-150,900,"sd","10:40:33",6655300
19650,-100,500,"sd","10:41:23",6655800
19600,-150,800,"bu","10:41:32",6656600
19650,-100,200,"sd","10:41:34",6656800
19650,-100,1000,"bu","10:41:46",6657800
19650,-100,2000,"sd","10:41:52",6659800
19650,-100,800,"sd","10:41:53",6660600
19650,-100,2600,"bu","10:42:13",6663200
19650,-100,400,"sd","10:43:07",6663600
19650,-100,100,"bu","10:43:12",6663700
19650,-100,10000,"bu","10:43:27",6673700
19650,-100,5100,"sd","10:43:29",6678800
19650,-100,6800,"sd","10:43:33",6685600
19600,-150,700,"sd","10:43:53",6686300
19600,-150,400,"bu","10:43:59",6686700
19650,-100,10000,"bu","10:44:06",6696700
19650,-100,500,"sd","10:44:11",6697200
19600,-150,2800,"sd","10:44:12",6700000
19650,-100,2000,"bu","10:44:14",6702000
19650,-100,200,"bu","10:44:32",6702200
19600,-150,500,"bu","10:44:33",6702700
19650,-100,100,"bu","10:44:34",6702800
19650,-100,500,"bu","10:44:41",6703300
19650,-100,1000,"sd","10:44:44",6704300
19650,-100,1600,"sd","10:44:45",6705900
19650,-100,300,"sd","10:44:47",6706200
19600,-150,900,"sd","10:44:52",6707100
19650,-100,11900,"sd","10:44:58",6719000
19650,-100,2400,"bu","10:45:02",6721400
19650,-100,3600,"sd","10:45:12",6725000
19650,-100,1000,"bu","10:45:15",6726000
19650,-100,6400,"bu","10:45:24",6732400
19600,-150,100,"bu","10:45:26",6732500
19600,-150,2000,"sd","10:45:33",6734500
19650,-100,100,"bu","10:45:36",6734600
19650,-100,1200,"bu","10:45:37",6735800
19650,-100,100,"sd","10:45:45",6735900
19600,-150,400,"bu","10:45:53",6736300
19650,-100,2200,"sd","10:45:55",6738500
19650,-100,5100,"sd","10:46:08",6743600
19600,-150,2900,"bu","10:46:13",6746500
19650,-100,400,"bu","10:46:14",6746900
19650,-100,1000,"sd","10:46:18",6747900
19650,-100,900,"bu","10:46:22",6748800
19650,-100,2000,"sd","10:46:43",6750800
19650,-100,2900,"bu","10:46:52",6753700
19650,-100,500,"bu","10:46:58",6754200
19650,-100,100,"bu","10:47:07",6754300
19650,-100,800,"sd","10:47:12",6755100
19650,-100,1600,"sd","10:47:17",6756700
19650,-100,10200,"sd","10:47:22",6766900
19650,-100,900,"sd","10:47:30",6767800
19650,-100,8200,"bu","10:47:33",6776000
19650,-100,1600,"sd","10:47:36",6777600
19650,-100,4700,"bu","10:48:00",6782300
19650,-100,100,"bu","10:48:09",6782400
19600,-150,700,"bu","10:48:13",6783100
19650,-100,100,"sd","10:48:25",6783200
19650,-100,2100,"bu","10:48:39",6785300
19650,-100,500,"bu","10:48:45",6785800
19600,-150,4500,"bu","10:48:51",6790300
19650,-100,900,"bu","10:48:52",6791200
19600,-150,1800,"sd","10:48:53",6793000
19650,-100,5000,"sd","10:48:58",6798000
19600,-150,17000,"sd","10:49:05",6815000
19600,-150,5700,"sd","10:49:13",6820700
19600,-150,1700,"bu","10:49:16",6822400
19600,-150,2200,"sd","10:49:18",6824600
19600,-150,500,"bu","10:49:25",6825100
19600,-150,7000,"bu","10:49:31",6832100
19600,-150,2900,"bu","10:49:33",6835000
19600,-150,6400,"bu","10:49:42",6841400
19600,-150,1600,"bu","10:49:53",6843000
19600,-150,30000,"bu","10:49:57",6873000
19600,-150,3000,"bu","10:50:01",6876000
19650,-100,500,"bu","10:50:02",6876500
19600,-150,8300,"bu","10:50:13",6884800
19600,-150,500,"sd","10:50:28",6885300
19600,-150,200,"bu","10:50:33",6885500
19600,-150,200,"bu","10:50:34",6885700
19600,-150,500,"sd","10:50:38",6886200
19600,-150,100,"bu","10:50:51",6886300
19600,-150,200,"bu","10:50:54",6886500
19600,-150,500,"sd","10:51:01",6887000
19600,-150,300,"bu","10:51:07",6887300
19600,-150,100,"sd","10:51:09",6887400
19650,-100,4200,"bu","10:51:13",6891600
19650,-100,200,"sd","10:51:15",6891800
19600,-150,1000,"bu","10:51:24",6892800
19650,-100,20000,"bu","10:51:27",6912800
19650,-100,500,"sd","10:51:32",6913300
19600,-150,6400,"bu","10:51:33",6919700
19650,-100,1000,"bu","10:52:07",6920700
19600,-150,300,"sd","10:52:13",6921000
19600,-150,1000,"sd","10:52:34",6922000
19650,-100,300,"bu","10:52:37",6922300
19650,-100,500,"sd","10:52:44",6922800
19650,-100,200,"bu","10:52:46",6923000
19600,-150,1000,"sd","10:53:02",6924000
19600,-150,1000,"sd","10:53:08",6925000
19600,-150,32000,"sd","10:53:12",6957000
19600,-150,8400,"sd","10:53:14",6965400
19600,-150,2100,"bu","10:53:44",6967500
19600,-150,1500,"bu","10:53:45",6969000
19600,-150,800,"sd","10:53:53",6969800
19600,-150,10000,"sd","10:53:56",6979800
19600,-150,10000,"bu","10:54:05",6989800
19600,-150,5000,"sd","10:54:13",6994800
19600,-150,4800,"sd","10:54:16",6999600
19550,-200,1200,"bu","10:54:33",7000800
19550,-200,10000,"bu","10:54:56",7010800
19550,-200,2500,"bu","10:55:14",7013300
19600,-150,200,"sd","10:55:19",7013500
19600,-150,800,"bu","10:55:20",7014300
19550,-200,600,"bu","10:55:29",7014900
19550,-200,400,"sd","10:55:33",7015300
19550,-200,5300,"bu","10:55:47",7020600
19550,-200,1400,"sd","10:55:53",7022000
19550,-200,200,"bu","10:55:59",7022200
19550,-200,5900,"sd","10:56:09",7028100
19600,-150,200,"bu","10:56:12",7028300
19550,-200,1500,"bu","10:56:14",7029800
19550,-200,1000,"bu","10:56:26",7030800
19550,-200,300,"bu","10:56:33",7031100
19550,-200,500,"bu","10:56:34",7031600
19550,-200,8300,"bu","10:56:46",7039900
19550,-200,2200,"sd","10:56:54",7042100
19550,-200,500,"bu","10:57:10",7042600
19550,-200,100,"sd","10:57:14",7042700
19550,-200,1000,"bu","10:57:30",7043700
19550,-200,300,"sd","10:57:33",7044000
19550,-200,500,"sd","10:57:38",7044500
19550,-200,16000,"bu","10:57:46",7060500
19550,-200,1000,"bu","10:57:50",7061500
19550,-200,10300,"sd","10:57:53",7071800
19550,-200,7000,"bu","10:57:56",7078800
19550,-200,10000,"bu","10:57:57",7088800
19550,-200,40000,"bu","10:58:00",7128800
19550,-200,1500,"bu","10:58:01",7130300
19550,-200,200,"sd","10:58:07",7130500
19550,-200,11000,"bu","10:58:13",7141500
19550,-200,19300,"bu","10:58:14",7160800
19550,-200,1700,"bu","10:58:16",7162500
19550,-200,100,"sd","10:58:17",7162600
19550,-200,200,"sd","10:58:21",7162800
19550,-200,1900,"sd","10:58:29",7164700
19500,-250,4400,"sd","10:58:34",7169100
19550,-200,700,"sd","10:58:37",7169800
19550,-200,2500,"bu","10:58:43",7172300
19500,-250,300,"sd","10:58:52",7172600
19500,-250,900,"sd","10:58:54",7173500
19500,-250,100,"sd","10:59:07",7173600
19550,-200,400,"bu","10:59:16",7174000
19550,-200,2000,"sd","10:59:21",7176000
19550,-200,100,"sd","10:59:22",7176100
19500,-250,10100,"sd","10:59:25",7186200
19550,-200,3700,"bu","10:59:35",7189900
19550,-200,200,"sd","10:59:38",7190100
19500,-250,2200,"sd","10:59:50",7192300
19500,-250,800,"bu","10:59:53",7193100
19550,-200,200,"bu","10:59:57",7193300
19550,-200,500,"sd","11:00:07",7193800
19500,-250,200,"sd","11:00:13",7194000
19500,-250,600,"sd","11:00:18",7194600
19500,-250,20000,"sd","11:00:24",7214600
19500,-250,5000,"sd","11:00:26",7219600
19500,-250,5000,"sd","11:00:29",7224600
19500,-250,7700,"bu","11:00:33",7232300
19500,-250,300,"sd","11:00:42",7232600
19550,-200,200,"sd","11:00:45",7232800
19550,-200,100,"bu","11:00:47",7232900
19550,-200,2000,"sd","11:00:50",7234900
19500,-250,3200,"bu","11:00:55",7238100
19550,-200,3500,"sd","11:00:59",7241600
19550,-200,200,"sd","11:01:06",7241800
19550,-200,1200,"sd","11:01:09",7243000
19550,-200,2000,"sd","11:01:14",7245000
19500,-250,500,"bu","11:01:18",7245500
19500,-250,85000,"bu","11:01:21",7330500
19500,-250,1300,"sd","11:01:27",7331800
19500,-250,15000,"bu","11:01:28",7346800
19500,-250,18100,"bu","11:01:30",7364900
19500,-250,18200,"bu","11:01:33",7383100
19450,-300,34600,"sd","11:01:34",7417700
19500,-250,500,"sd","11:01:37",7418200
19500,-250,100,"sd","11:01:42",7418300
19500,-250,2000,"sd","11:01:46",7420300
19500,-250,100,"bu","11:01:48",7420400
19500,-250,20000,"sd","11:01:50",7440400
19500,-250,2000,"bu","11:01:51",7442400
19500,-250,700,"bu","11:01:53",7443100
19450,-300,26400,"sd","11:01:54",7469500
19500,-250,20000,"bu","11:01:56",7489500
19500,-250,400,"sd","11:01:59",7489900
19500,-250,1000,"bu","11:02:01",7490900
19500,-250,500,"bu","11:02:04",7491400
19450,-300,10400,"sd","11:02:13",7501800
19500,-250,3000,"bu","11:02:18",7504800
19500,-250,3500,"sd","11:02:19",7508300
19500,-250,200,"bu","11:02:30",7508500
19450,-300,1700,"bu","11:02:35",7510200
19450,-300,1000,"sd","11:02:42",7511200
19450,-300,50000,"sd","11:02:52",7561200
19450,-300,13000,"bu","11:02:54",7574200
19450,-300,1200,"bu","11:03:01",7575400
19450,-300,8800,"sd","11:03:08",7584200
19500,-250,2000,"sd","11:03:12",7586200
19450,-300,3000,"sd","11:03:14",7589200
19500,-250,20000,"sd","11:03:15",7609200
19500,-250,21000,"bu","11:03:20",7630200
19450,-300,1600,"bu","11:03:21",7631800
19500,-250,100,"bu","11:03:22",7631900
19500,-250,1100,"sd","11:03:25",7633000
19450,-300,5600,"sd","11:03:27",7638600
19500,-250,700,"sd","11:03:33",7639300
19450,-300,12500,"sd","11:03:34",7651800
19450,-300,100,"sd","11:03:37",7651900
19500,-250,20600,"sd","11:03:40",7672500
19500,-250,100,"bu","11:03:42",7672600
19450,-300,200,"sd","11:03:45",7672800
19500,-250,5000,"sd","11:03:47",7677800
19450,-300,6500,"sd","11:03:54",7684300
19500,-250,1000,"sd","11:03:57",7685300
19450,-300,1500,"bu","11:04:07",7686800
19450,-300,700,"sd","11:04:13",7687500
19500,-250,100,"sd","11:04:21",7687600
19450,-300,1000,"sd","11:04:32",7688600
19450,-300,37700,"sd","11:04:34",7726300
19500,-250,600,"sd","11:04:36",7726900
19500,-250,1100,"bu","11:04:39",7728000
19500,-250,500,"sd","11:04:41",7728500
19450,-300,2300,"sd","11:04:42",7730800
19500,-250,10300,"bu","11:04:44",7741100
19500,-250,6400,"bu","11:04:47",7747500
19500,-250,5700,"sd","11:04:49",7753200
19500,-250,200,"sd","11:04:50",7753400
19500,-250,5200,"sd","11:04:53",7758600
19500,-250,8200,"bu","11:04:55",7766800
19500,-250,2000,"sd","11:04:57",7768800
19500,-250,600,"sd","11:05:02",7769400
19500,-250,200,"bu","11:05:04",7769600
19500,-250,500,"bu","11:05:11",7770100
19450,-300,1100,"sd","11:05:14",7771200
19500,-250,1000,"sd","11:05:16",7772200
19500,-250,300,"sd","11:05:18",7772500
19500,-250,200,"sd","11:05:20",7772700
19500,-250,1000,"sd","11:05:22",7773700
19500,-250,500,"bu","11:05:25",7774200
19500,-250,700,"sd","11:05:28",7774900
19500,-250,500,"sd","11:05:31",7775400
19500,-250,1000,"sd","11:05:33",7776400
19500,-250,3300,"bu","11:05:35",7779700
19500,-250,3100,"bu","11:05:37",7782800
19500,-250,20000,"bu","11:05:42",7802800
19500,-250,1100,"bu","11:05:47",7803900
19500,-250,7800,"sd","11:05:54",7811700
19500,-250,200,"sd","11:05:59",7811900
19500,-250,2000,"bu","11:06:04",7813900
19500,-250,500,"sd","11:06:12",7814400
19500,-250,700,"sd","11:06:14",7815100
19500,-250,900,"sd","11:06:18",7816000
19500,-250,1000,"sd","11:06:23",7817000
19500,-250,3700,"sd","11:06:29",7820700
19500,-250,100,"sd","11:06:31",7820800
19500,-250,1700,"bu","11:06:35",7822500
19500,-250,2300,"sd","11:06:39",7824800
19500,-250,500,"sd","11:06:49",7825300
19500,-250,3300,"bu","11:06:50",7828600
19500,-250,1600,"sd","11:06:54",7830200
19500,-250,100,"sd","11:07:04",7830300
19550,-200,1000,"sd","11:07:08",7831300
19500,-250,300,"bu","11:07:14",7831600
19550,-200,15000,"sd","11:07:15",7846600
19500,-250,300,"sd","11:07:20",7846900
19550,-200,100,"sd","11:07:31",7847000
19500,-250,3800,"bu","11:07:34",7850800
19500,-250,600,"bu","11:07:42",7851400
19550,-200,200,"bu","11:07:44",7851600
19550,-200,10200,"sd","11:08:04",7861800
19550,-200,12500,"sd","11:08:15",7874300
19550,-200,2200,"bu","11:08:19",7876500
19550,-200,800,"sd","11:08:27",7877300
19550,-200,300,"bu","11:08:28",7877600
19500,-250,3400,"sd","11:08:35",7881000
19550,-200,1000,"sd","11:08:42",7882000
19500,-250,1500,"bu","11:08:53",7883500
19550,-200,500,"bu","11:08:55",7884000
19550,-200,100,"sd","11:09:02",7884100
19500,-250,8600,"bu","11:09:17",7892700
19550,-200,900,"sd","11:09:20",7893600
19550,-200,500,"sd","11:09:25",7894100
19500,-250,2600,"bu","11:09:34",7896700
19500,-250,2000,"sd","11:09:43",7898700
19500,-250,6500,"sd","11:09:45",7905200
19550,-200,2100,"sd","11:09:48",7907300
19500,-250,2700,"bu","11:09:54",7910000
19500,-250,4300,"sd","11:10:06",7914300
19500,-250,1000,"sd","11:10:14",7915300
19500,-250,200,"bu","11:10:19",7915500
19550,-200,2000,"sd","11:10:25",7917500
19500,-250,600,"sd","11:10:34",7918100
19550,-200,100,"bu","11:10:38",7918200
19550,-200,500,"bu","11:10:46",7918700
19500,-250,100,"sd","11:10:54",7918800
19550,-200,3000,"sd","11:11:00",7921800
19550,-200,4000,"sd","11:11:04",7925800
19500,-250,700,"sd","11:11:12",7926500
19500,-250,2000,"bu","11:11:14",7928500
19550,-200,1900,"bu","11:11:24",7930400
19550,-200,500,"bu","11:11:32",7930900
19500,-250,600,"bu","11:11:34",7931500
19550,-200,9000,"sd","11:11:39",7940500
19550,-200,300,"bu","11:11:40",7940800
19550,-200,1000,"sd","11:11:44",7941800
19550,-200,100,"sd","11:11:47",7941900
19550,-200,1100,"bu","11:11:49",7943000
19550,-200,100,"sd","11:11:50",7943100
19550,-200,1300,"bu","11:11:52",7944400
19500,-250,3200,"bu","11:11:55",7947600
19500,-250,5000,"sd","11:11:56",7952600
19550,-200,200,"sd","11:12:01",7952800
19550,-200,7000,"sd","11:12:03",7959800
19550,-200,5000,"bu","11:12:04",7964800
19550,-200,500,"bu","11:12:11",7965300
19550,-200,8000,"bu","11:12:14",7973300
19550,-200,100,"bu","11:12:16",7973400
19550,-200,200,"sd","11:12:29",7973600
19550,-200,1000,"bu","11:12:34",7974600
19600,-150,2200,"sd","11:12:46",7976800
19550,-200,500,"sd","11:12:54",7977300
19600,-150,4800,"bu","11:13:04",7982100
19550,-200,500,"sd","11:13:08",7982600
19550,-200,1400,"sd","11:13:14",7984000
19550,-200,1000,"bu","11:13:22",7985000
19550,-200,5000,"bu","11:13:30",7990000
19550,-200,1600,"sd","11:13:35",7991600
19550,-200,5000,"sd","11:14:14",7996600
19550,-200,1200,"bu","11:14:16",7997800
19600,-150,1000,"sd","11:14:27",7998800
19550,-200,1600,"sd","11:14:34",8000400
19550,-200,700,"bu","11:14:54",8001100
19600,-150,1500,"bu","11:14:58",8002600
19600,-150,2400,"bu","11:15:07",8005000
19600,-150,600,"bu","11:15:12",8005600
19600,-150,100,"bu","11:15:14",8005700
19550,-200,1100,"bu","11:15:16",8006800
19550,-200,5000,"bu","11:15:19",8011800
19550,-200,3000,"sd","11:15:28",8014800
19550,-200,300,"bu","11:15:30",8015100
19550,-200,3000,"bu","11:15:32",8018100
19550,-200,2900,"sd","11:15:35",8021000
19600,-150,300,"bu","11:15:42",8021300
19550,-200,1000,"bu","11:15:43",8022300
19550,-200,5000,"bu","11:15:48",8027300
19600,-150,1000,"sd","11:15:51",8028300
19550,-200,1800,"bu","11:15:54",8030100
19550,-200,10000,"bu","11:16:01",8040100
19550,-200,300,"sd","11:16:10",8040400
19550,-200,2600,"sd","11:16:15",8043000
19550,-200,5000,"bu","11:16:22",8048000
19550,-200,20000,"sd","11:16:24",8068000
19550,-200,5300,"sd","11:16:35",8073300
19550,-200,400,"bu","11:16:41",8073700
19550,-200,2600,"bu","11:16:44",8076300
19600,-150,3000,"sd","11:16:46",8079300
19600,-150,3100,"bu","11:16:56",8082400
19600,-150,1000,"sd","11:17:05",8083400
19550,-200,300,"bu","11:17:09",8083700
19600,-150,2600,"bu","11:17:31",8086300
19600,-150,1000,"bu","11:17:34",8087300
19550,-200,2000,"bu","11:17:49",8089300
19600,-150,20000,"bu","11:17:51",8109300
19550,-200,1200,"bu","11:18:02",8110500
19600,-150,2200,"sd","11:18:16",8112700
19550,-200,600,"bu","11:18:17",8113300
19600,-150,55000,"sd","11:18:21",8168300
19600,-150,7500,"sd","11:18:35",8175800
19600,-150,1500,"bu","11:18:41",8177300
19600,-150,100,"sd","11:18:42",8177400
19550,-200,2000,"bu","11:18:53",8179400
19550,-200,300,"sd","11:19:02",8179700
19550,-200,200,"sd","11:19:12",8179900
19550,-200,500,"bu","11:19:17",8180400
19550,-200,2100,"bu","11:19:24",8182500
19600,-150,20300,"sd","11:19:38",8202800
19550,-200,500,"sd","11:19:39",8203300
19550,-200,1000,"sd","11:19:42",8204300
19600,-150,600,"sd","11:19:50",8204900
19550,-200,10000,"bu","11:20:02",8214900
19550,-200,4700,"bu","11:20:03",8219600
19600,-150,1000,"bu","11:20:08",8220600
19600,-150,4100,"bu","11:20:29",8224700
19600,-150,2600,"bu","11:20:47",8227300
19550,-200,300,"sd","11:20:53",8227600
19600,-150,1000,"bu","11:20:55",8228600
19600,-150,3100,"sd","11:21:00",8231700
19600,-150,1000,"sd","11:21:02",8232700
19600,-150,800,"bu","11:21:08",8233500
19550,-200,1100,"bu","11:21:18",8234600
19550,-200,5000,"sd","11:21:23",8239600
19600,-150,2500,"bu","11:21:24",8242100
19550,-200,5000,"bu","11:21:29",8247100
19550,-200,5000,"bu","11:21:32",8252100
19550,-200,5000,"bu","11:21:38",8257100
19550,-200,8000,"bu","11:21:41",8265100
19550,-200,4900,"sd","11:21:43",8270000
19550,-200,10600,"bu","11:21:50",8280600
19550,-200,1000,"sd","11:21:52",8281600
19550,-200,5000,"sd","11:21:53",8286600
19600,-150,12000,"bu","11:21:59",8298600
19550,-200,5000,"sd","11:22:01",8303600
19600,-150,5000,"bu","11:22:02",8308600
19550,-200,1500,"bu","11:22:04",8310100
19550,-200,10000,"sd","11:22:11",8320100
19550,-200,1700,"bu","11:22:14",8321800
19550,-200,1900,"sd","11:22:17",8323700
19550,-200,800,"sd","11:22:25",8324500
19550,-200,700,"bu","11:22:27",8325200
19600,-150,4100,"sd","11:22:32",8329300
19550,-200,500,"bu","11:22:35",8329800
19600,-150,2400,"sd","11:22:47",8332200
19600,-150,100,"sd","11:22:51",8332300
19550,-200,5200,"bu","11:22:52",8337500
19550,-200,500,"bu","11:22:54",8338000
19550,-200,5000,"bu","11:22:56",8343000
19550,-200,6600,"bu","11:23:01",8349600
19550,-200,100,"bu","11:23:02",8349700
19550,-200,1000,"bu","11:23:13",8350700
19550,-200,1500,"sd","11:23:14",8352200
19600,-150,300,"bu","11:23:18",8352500
19550,-200,2000,"sd","11:23:21",8354500
19550,-200,1000,"bu","11:23:24",8355500
19600,-150,18500,"bu","11:23:35",8374000
19600,-150,300,"bu","11:23:54",8374300
19550,-200,900,"sd","11:24:01",8375200
19600,-150,300,"bu","11:24:05",8375500
19550,-200,200,"bu","11:24:13",8375700
19550,-200,500,"sd","11:24:23",8376200
19550,-200,600,"sd","11:24:44",8376800
19600,-150,3000,"bu","11:24:53",8379800
19600,-150,600,"sd","11:24:57",8380400
19600,-150,1000,"bu","11:25:00",8381400
19600,-150,1100,"sd","11:25:11",8382500
19550,-200,51200,"bu","11:25:15",8433700
19600,-150,100,"sd","11:25:18",8433800
19550,-200,200,"sd","11:25:26",8434000
19600,-150,5000,"sd","11:25:27",8439000
19550,-200,900,"sd","11:25:29",8439900
19600,-150,1000,"sd","11:25:31",8440900
19600,-150,200,"bu","11:25:32",8441100
19600,-150,600,"bu","11:25:39",8441700
19600,-150,5000,"sd","11:25:48",8446700
19600,-150,700,"sd","11:25:56",8447400
19600,-150,2700,"sd","11:26:05",8450100
19600,-150,2700,"bu","11:26:08",8452800
19600,-150,5300,"bu","11:26:13",8458100
19550,-200,50000,"bu","11:26:23",8508100
19600,-150,1000,"sd","11:26:25",8509100
19600,-150,100,"bu","11:26:30",8509200
19600,-150,1000,"bu","11:26:40",8510200
19550,-200,3000,"sd","11:26:47",8513200
19600,-150,2200,"bu","11:26:48",8515400
19550,-200,8200,"sd","11:27:04",8523600
19600,-150,1000,"bu","11:27:10",8524600
19600,-150,1000,"sd","11:27:12",8525600
19600,-150,4500,"sd","11:27:18",8530100
19600,-150,6400,"bu","11:27:20",8536500
19600,-150,500,"bu","11:27:25",8537000
19600,-150,100,"sd","11:27:26",8537100
19600,-150,1100,"sd","11:27:33",8538200
19550,-200,2000,"bu","11:27:39",8540200
19600,-150,100,"sd","11:27:40",8540300
19600,-150,5100,"bu","11:27:45",8545400
19600,-150,700,"sd","11:27:48",8546100
19600,-150,1000,"bu","11:27:50",8547100
19600,-150,1900,"sd","11:27:52",8549000
19600,-150,100,"sd","11:27:57",8549100
19600,-150,600,"bu","11:27:58",8549700
19600,-150,500,"sd","11:28:00",8550200
19600,-150,700,"sd","11:28:02",8550900
19600,-150,1000,"sd","11:28:04",8551900
19650,-100,52300,"bu","11:28:14",8604200
19650,-100,100,"sd","11:28:27",8604300
19650,-100,3100,"sd","11:28:32",8607400
19650,-100,500,"sd","11:28:43",8607900
19650,-100,1000,"sd","11:28:46",8608900
19650,-100,2500,"sd","11:28:59",8611400
19650,-100,3000,"bu","11:29:01",8614400
19600,-150,12800,"bu","11:29:02",8627200
19600,-150,600,"bu","11:29:19",8627800
19600,-150,2000,"bu","11:29:25",8629800
19650,-100,400,"bu","11:29:30",8630200
19600,-150,500,"bu","11:29:33",8630700
19650,-100,5000,"bu","11:29:44",8635700
19650,-100,15800,"bu","11:29:48",8651500
19650,-100,13000,"sd","11:29:52",8664500
19600,-150,11000,"bu","11:29:53",8675500
19650,-100,3000,"sd","11:29:55",8678500
19650,-100,100,"bu","11:29:57",8678600
19650,-100,3000,"sd","11:29:59",8681600
19650,-100,1200,"bu","11:30:00",8682800
19650,-100,4100,"bu","11:30:02",8686900
19650,-100,800,"bu","11:30:04",8687700
19650,-100,600,"sd","11:30:06",8688300
19600,-150,9100,"bu","13:00:35",8697400
19550,-200,60500,"sd","13:00:36",8757900
19600,-150,1100,"sd","13:00:39",8759000
19600,-150,7700,"sd","13:00:41",8766700
19650,-100,500,"bu","13:00:42",8767200
19650,-100,5100,"bu","13:00:44",8772300
19600,-150,2600,"sd","13:00:45",8774900
19600,-150,200,"sd","13:00:47",8775100
19650,-100,100,"sd","13:00:49",8775200
19600,-150,9200,"bu","13:00:54",8784400
19600,-150,6300,"bu","13:00:56",8790700
19600,-150,6400,"bu","13:01:00",8797100
19600,-150,1400,"sd","13:01:05",8798500
19600,-150,16200,"sd","13:01:06",8814700
19600,-150,22800,"sd","13:01:11",8837500
19600,-150,10000,"bu","13:01:14",8847500
19600,-150,1000,"sd","13:01:15",8848500
19600,-150,20900,"bu","13:01:19",8869400
19550,-200,300,"sd","13:01:22",8869700
19550,-200,2200,"bu","13:01:24",8871900
19550,-200,1400,"bu","13:01:27",8873300
19550,-200,5700,"bu","13:01:29",8879000
19550,-200,1000,"bu","13:01:32",8880000
19550,-200,4000,"sd","13:01:33",8884000
19550,-200,600,"bu","13:01:48",8884600
19600,-150,5000,"sd","13:01:56",8889600
19600,-150,4500,"sd","13:01:59",8894100
19550,-200,2000,"bu","13:02:05",8896100
19600,-150,1100,"bu","13:02:11",8897200
19550,-200,4000,"sd","13:02:14",8901200
19550,-200,100,"sd","13:02:24",8901300
19550,-200,8500,"sd","13:02:25",8909800
19550,-200,3300,"sd","13:02:27",8913100
19550,-200,4000,"bu","13:02:30",8917100
19550,-200,1000,"sd","13:02:34",8918100
19550,-200,100,"sd","13:02:35",8918200
19550,-200,3000,"bu","13:02:40",8921200
19550,-200,500,"bu","13:02:44",8921700
19550,-200,2500,"sd","13:02:49",8924200
19550,-200,300,"sd","13:02:50",8924500
19550,-200,3200,"bu","13:02:55",8927700
19550,-200,100,"bu","13:02:57",8927800
19550,-200,5000,"bu","13:03:02",8932800
19550,-200,100,"bu","13:03:04",8932900
19550,-200,6000,"bu","13:03:06",8938900
19550,-200,1200,"bu","13:03:19",8940100
19550,-200,500,"bu","13:03:20",8940600
19550,-200,3000,"sd","13:03:29",8943600
19550,-200,500,"bu","13:03:31",8944100
19550,-200,300,"bu","13:03:41",8944400
19550,-200,23700,"bu","13:03:54",8968100
19550,-200,1300,"bu","13:04:05",8969400
19550,-200,14500,"bu","13:04:10",8983900
19550,-200,200,"sd","13:04:16",8984100
19550,-200,2000,"bu","13:04:18",8986100
19550,-200,30700,"bu","13:04:21",9016800
19550,-200,2000,"sd","13:04:23",9018800
19550,-200,3700,"sd","13:04:29",9022500
19550,-200,14500,"bu","13:04:30",9037000
19550,-200,3600,"sd","13:04:32",9040600
19550,-200,300,"bu","13:04:39",9040900
19550,-200,8400,"bu","13:05:03",9049300
19550,-200,2000,"bu","13:05:06",9051300
19550,-200,100,"bu","13:05:08",9051400
19550,-200,31100,"bu","13:05:10",9082500
19550,-200,300,"bu","13:05:11",9082800
19550,-200,500,"bu","13:05:13",9083300
19550,-200,1000,"bu","13:05:15",9084300
19550,-200,1200,"sd","13:05:22",9085500
19550,-200,100,"sd","13:05:24",9085600
19550,-200,2000,"sd","13:05:26",9087600
19500,-250,4500,"bu","13:05:29",9092100
19550,-200,2100,"bu","13:05:31",9094200
19550,-200,100,"bu","13:05:33",9094300
19550,-200,1000,"sd","13:05:36",9095300
19550,-200,2000,"bu","13:05:38",9097300
19500,-250,200,"bu","13:05:42",9097500
19550,-200,300,"sd","13:05:43",9097800
19500,-250,1500,"sd","13:05:45",9099300
19550,-200,9500,"bu","13:05:49",9108800
19550,-200,1900,"bu","13:05:50",9110700
19550,-200,100,"sd","13:05:52",9110800
19500,-250,3000,"bu","13:05:56",9113800
19550,-200,24300,"bu","13:05:59",9138100
19550,-200,20600,"sd","13:06:06",9158700
19550,-200,12700,"sd","13:06:10",9171400
19550,-200,600,"bu","13:06:13",9172000
19550,-200,300,"bu","13:06:15",9172300
19600,-150,200,"bu","13:06:20",9172500
19550,-200,3000,"bu","13:06:22",9175500
19550,-200,1000,"bu","13:06:31",9176500
19600,-150,100,"bu","13:06:35",9176600
19550,-200,500,"bu","13:06:37",9177100
19550,-200,1500,"sd","13:06:43",9178600
19550,-200,8000,"bu","13:06:44",9186600
19550,-200,10000,"sd","13:06:48",9196600
19600,-150,3000,"sd","13:06:49",9199600
19600,-150,4400,"sd","13:06:57",9204000
19600,-150,4000,"bu","13:06:59",9208000
19600,-150,25000,"bu","13:07:07",9233000
19600,-150,1400,"sd","13:07:09",9234400
19600,-150,5000,"sd","13:07:11",9239400
19600,-150,1600,"sd","13:07:13",9241000
19600,-150,300,"sd","13:07:14",9241300
19650,-100,4900,"bu","13:07:17",9246200
19650,-100,10000,"bu","13:07:20",9256200
19650,-100,1000,"bu","13:07:23",9257200
19650,-100,300,"sd","13:07:25",9257500
19650,-100,5000,"bu","13:07:27",9262500
19650,-100,11000,"bu","13:07:29",9273500
19650,-100,8000,"sd","13:07:38",9281500
19650,-100,100,"bu","13:07:41",9281600
19650,-100,1600,"sd","13:07:43",9283200
19600,-150,6000,"sd","13:07:47",9289200
19650,-100,2200,"sd","13:07:55",9291400
19650,-100,500,"sd","13:07:57",9291900
19650,-100,2000,"sd","13:08:00",9293900
19600,-150,3000,"bu","13:08:04",9296900
19650,-100,2000,"sd","13:08:11",9298900
19600,-150,1000,"sd","13:08:16",9299900
19650,-100,3000,"sd","13:08:23",9302900
19600,-150,400,"sd","13:08:26",9303300
19650,-100,1000,"bu","13:08:28",9304300
19650,-100,100000,"sd","13:08:30",9404300
19650,-100,59700,"sd","13:08:35",9464000
19650,-100,300,"bu","13:08:39",9464300
19650,-100,3500,"bu","13:08:43",9467800
19650,-100,2000,"bu","13:08:45",9469800
19650,-100,2100,"bu","13:08:47",9471900
19650,-100,16200,"sd","13:08:50",9488100
19650,-100,10000,"bu","13:09:00",9498100
19650,-100,1200,"sd","13:09:02",9499300
19650,-100,11300,"sd","13:09:07",9510600
19650,-100,100,"sd","13:09:12",9510700
19650,-100,400,"bu","13:09:16",9511100
19650,-100,1000,"bu","13:09:18",9512100
19650,-100,600,"sd","13:09:21",9512700
19650,-100,10000,"bu","13:09:33",9522700
19650,-100,100,"sd","13:09:36",9522800
19700,-50,200,"sd","13:09:40",9523000
19700,-50,100,"bu","13:09:52",9523100
19700,-50,2000,"bu","13:09:56",9525100
19700,-50,2000,"bu","13:09:58",9527100
19700,-50,100,"sd","13:09:59",9527200
19700,-50,1000,"bu","13:10:03",9528200
19700,-50,1400,"sd","13:10:05",9529600
19700,-50,200,"bu","13:10:07",9529800
19650,-100,11700,"sd","13:10:09",9541500
19700,-50,800,"bu","13:10:13",9542300
19650,-100,90500,"bu","13:10:18",9632800
19650,-100,5000,"bu","13:10:30",9637800
19700,-50,500,"bu","13:10:35",9638300
19700,-50,3000,"sd","13:10:37",9641300
19700,-50,145100,"sd","13:10:41",9786400
19700,-50,5500,"bu","13:10:45",9791900
19650,-100,1700,"bu","13:10:50",9793600
19650,-100,3000,"bu","13:10:52",9796600
19700,-50,400,"sd","13:10:53",9797000
19700,-50,1000,"bu","13:10:55",9798000
19650,-100,100000,"sd","13:10:59",9898000
19650,-100,100,"bu","13:11:03",9898100
19650,-100,9600,"bu","13:11:04",9907700
19700,-50,10000,"sd","13:11:10",9917700
19650,-100,400,"bu","13:11:12",9918100
19700,-50,1000,"bu","13:11:14",9919100
19650,-100,500,"sd","13:11:16",9919600
19650,-100,2200,"bu","13:11:22",9921800
19650,-100,700,"bu","13:11:24",9922500
19650,-100,400,"sd","13:11:26",9922900
19650,-100,1100,"bu","13:11:31",9924000
19650,-100,1000,"bu","13:11:37",9925000
19650,-100,600,"bu","13:11:41",9925600
19700,-50,100,"sd","13:11:44",9925700
19700,-50,2000,"bu","13:11:49",9927700
19700,-50,6300,"bu","13:12:01",9934000
19650,-100,1000,"bu","13:12:04",9935000
19700,-50,4000,"sd","13:12:10",9939000
19700,-50,10000,"sd","13:12:24",9949000
19700,-50,500,"sd","13:12:33",9949500
19700,-50,2300,"bu","13:12:35",9951800
19700,-50,100,"bu","13:12:37",9951900
19700,-50,200,"bu","13:12:39",9952100
19700,-50,5000,"bu","13:12:45",9957100
19700,-50,1000,"bu","13:12:47",9958100
19700,-50,1100,"bu","13:12:48",9959200
19700,-50,5000,"sd","13:12:52",9964200
19650,-100,2100,"bu","13:12:55",9966300
19650,-100,200,"bu","13:13:03",9966500
19700,-50,100,"sd","13:13:05",9966600
19700,-50,5000,"sd","13:13:07",9971600
19650,-100,100,"bu","13:13:12",9971700
19650,-100,500,"sd","13:13:20",9972200
19650,-100,21900,"sd","13:13:25",9994100
19700,-50,300,"bu","13:13:27",9994400
19650,-100,2000,"sd","13:13:33",9996400
19650,-100,1000,"bu","13:13:38",9997400
19700,-50,100,"bu","13:13:40",9997500
19650,-100,1000,"bu","13:13:47",9998500
19650,-100,2000,"bu","13:13:57",10000500
19650,-100,2000,"bu","13:14:08",10002500
19650,-100,33300,"bu","13:14:10",10035800
19650,-100,4000,"bu","13:14:15",10039800
19650,-100,52000,"bu","13:14:20",10091800
19650,-100,5100,"bu","13:14:25",10096900
19650,-100,200,"sd","13:14:27",10097100
19650,-100,7500,"bu","13:14:44",10104600
19650,-100,10000,"bu","13:14:50",10114600
19650,-100,4000,"sd","13:15:02",10118600
19650,-100,5100,"bu","13:15:04",10123700
19650,-100,200,"sd","13:15:08",10123900
19650,-100,1200,"sd","13:15:11",10125100
19650,-100,100,"sd","13:15:15",10125200
19600,-150,1000,"sd","13:15:20",10126200
19600,-150,3100,"bu","13:15:30",10129300
19600,-150,500,"sd","13:15:35",10129800
19600,-150,5600,"bu","13:15:47",10135400
19600,-150,2000,"bu","13:15:49",10137400
19650,-100,100,"sd","13:15:51",10137500
19650,-100,900,"bu","13:15:53",10138400
19650,-100,300,"bu","13:15:57",10138700
19600,-150,2000,"sd","13:16:02",10140700
19650,-100,700,"sd","13:16:07",10141400
19600,-150,1100,"bu","13:16:16",10142500
19650,-100,300,"sd","13:16:29",10142800
19600,-150,12100,"sd","13:16:35",10154900
19650,-100,5000,"bu","13:16:43",10159900
19600,-150,10000,"sd","13:16:47",10169900
19600,-150,3800,"bu","13:16:54",10173700
19650,-100,1000,"bu","13:17:00",10174700
19650,-100,500,"bu","13:17:03",10175200
19600,-150,900,"sd","13:17:05",10176100
19650,-100,300,"sd","13:17:07",10176400
19600,-150,9000,"bu","13:17:09",10185400
19600,-150,1100,"sd","13:17:19",10186500
19650,-100,1000,"sd","13:17:21",10187500
19650,-100,1100,"sd","13:17:23",10188600
19650,-100,14400,"bu","13:17:25",10203000
19650,-100,500,"sd","13:17:29",10203500
19650,-100,5500,"sd","13:17:43",10209000
19650,-100,4200,"bu","13:17:45",10213200
19650,-100,23100,"sd","13:17:47",10236300
19650,-100,9600,"bu","13:17:49",10245900
19650,-100,51700,"sd","13:18:05",10297600
19650,-100,3500,"sd","13:18:07",10301100
19650,-100,4500,"bu","13:18:09",10305600
19650,-100,1000,"sd","13:18:11",10306600
19650,-100,800,"sd","13:18:15",10307400
19650,-100,8900,"sd","13:18:17",10316300
19650,-100,500,"bu","13:18:19",10316800
19650,-100,13000,"bu","13:18:21",10329800
19650,-100,600,"bu","13:18:23",10330400
19650,-100,27300,"bu","13:18:25",10357700
19650,-100,2000,"bu","13:18:27",10359700
19650,-100,2500,"bu","13:18:28",10362200
19650,-100,5400,"bu","13:18:30",10367600
19650,-100,18800,"sd","13:18:32",10386400
19650,-100,1500,"sd","13:18:34",10387900
19700,-50,20600,"sd","13:18:51",10408500
19700,-50,100,"bu","13:18:53",10408600
19700,-50,300,"bu","13:18:55",10408900
19700,-50,1000,"sd","13:18:57",10409900
19700,-50,9000,"bu","13:19:03",10418900
19700,-50,200,"sd","13:19:05",10419100
19700,-50,50300,"bu","13:19:09",10469400
19700,-50,1000,"bu","13:19:10",10470400
19700,-50,3000,"bu","13:19:12",10473400
19700,-50,1000,"sd","13:19:14",10474400
19700,-50,13800,"bu","13:19:16",10488200
19700,-50,15400,"bu","13:19:18",10503600
19700,-50,2100,"bu","13:19:21",10505700
19700,-50,33400,"sd","13:19:22",10539100
19700,-50,600,"bu","13:19:27",10539700
19700,-50,9500,"sd","13:19:29",10549200
19700,-50,2000,"sd","13:19:31",10551200
19700,-50,30000,"bu","13:19:33",10581200
19700,-50,11200,"bu","13:19:37",10592400
19700,-50,5200,"sd","13:19:39",10597600
19700,-50,1200,"bu","13:19:43",10598800
19700,-50,12200,"sd","13:19:47",10611000
19700,-50,10900,"sd","13:19:49",10621900
19700,-50,3000,"bu","13:19:59",10624900
19750,0,1000,"bu","13:20:16",10625900
19750,0,1500,"sd","13:20:24",10627400
19750,0,10300,"sd","13:20:26",10637700
19750,0,26000,"bu","13:20:28",10663700
19750,0,200,"bu","13:20:30",10663900
19750,0,900,"sd","13:20:38",10664800
19750,0,5300,"sd","13:20:42",10670100
19750,0,300,"sd","13:20:44",10670400
19750,0,5200,"sd","13:20:46",10675600
19750,0,100,"sd","13:20:52",10675700
19750,0,300,"sd","13:20:54",10676000
19750,0,400,"sd","13:21:02",10676400
19750,0,1100,"bu","13:21:06",10677500
19750,0,30000,"bu","13:21:16",10707500
19750,0,400,"sd","13:21:22",10707900
19750,0,300,"sd","13:21:24",10708200
19750,0,500,"bu","13:21:26",10708700
19750,0,1200,"sd","13:21:28",10709900
19750,0,1000,"bu","13:21:29",10710900
19750,0,50000,"sd","13:21:31",10760900
19750,0,4400,"bu","13:21:36",10765300
19750,0,18400,"sd","13:21:38",10783700
19750,0,6000,"bu","13:21:40",10789700
19750,0,2500,"sd","13:21:42",10792200
19750,0,2600,"bu","13:21:44",10794800
19750,0,55000,"bu","13:21:50",10849800
19750,0,5200,"bu","13:21:52",10855000
19750,0,500,"sd","13:21:54",10855500
19750,0,6300,"bu","13:21:56",10861800
19750,0,22600,"sd","13:21:58",10884400
19750,0,59800,"sd","13:22:02",10944200
19750,0,74600,"bu","13:22:04",11018800
19750,0,59700,"sd","13:22:08",11078500
19750,0,1500,"sd","13:22:10",11080000
19750,0,3700,"sd","13:22:12",11083700
19750,0,1000,"bu","13:22:14",11084700
19750,0,900,"bu","13:22:18",11085600
19750,0,2100,"sd","13:22:20",11087700
19750,0,5500,"bu","13:22:23",11093200
19750,0,23200,"sd","13:22:24",11116400
19700,-50,50000,"bu","13:22:27",11166400
19750,0,7500,"sd","13:22:28",11173900
19750,0,26200,"bu","13:22:32",11200100
19750,0,2100,"bu","13:22:34",11202200
19750,0,6100,"bu","13:22:36",11208300
19750,0,1000,"sd","13:22:38",11209300
19750,0,26000,"bu","13:22:40",11235300
19750,0,1300,"bu","13:22:42",11236600
19750,0,8500,"bu","13:22:44",11245100
19750,0,22300,"sd","13:22:49",11267400
19750,0,39600,"bu","13:22:51",11307000
19750,0,29200,"sd","13:22:53",11336200
19750,0,4500,"sd","13:22:55",11340700
19750,0,500,"sd","13:22:59",11341200
19750,0,25200,"bu","13:23:01",11366400
19750,0,1500,"sd","13:23:04",11367900
19750,0,200,"bu","13:23:05",11368100
19800,50,5300,"bu","13:23:10",11373400
19750,0,3000,"bu","13:23:12",11376400
19750,0,100100,"sd","13:23:15",11476500
19750,0,1400,"sd","13:23:18",11477900
19750,0,1000,"bu","13:23:21",11478900
19750,0,1000,"bu","13:23:27",11479900
19750,0,20400,"bu","13:23:29",11500300
19750,0,6500,"bu","13:23:31",11506800
19750,0,1500,"bu","13:23:33",11508300
19750,0,7800,"bu","13:23:35",11516100
19750,0,1000,"sd","13:23:37",11517100
19750,0,1100,"bu","13:23:39",11518200
19750,0,1600,"bu","13:23:41",11519800
19750,0,5500,"sd","13:23:45",11525300
19750,0,1000,"bu","13:23:47",11526300
19750,0,2000,"sd","13:23:49",11528300
19750,0,101500,"bu","13:23:52",11629800
19750,0,2400,"bu","13:23:54",11632200
19750,0,500,"bu","13:23:56",11632700
19700,-50,100,"sd","13:23:58",11632800
19700,-50,12000,"sd","13:24:02",11644800
19750,0,3200,"bu","13:24:06",11648000
19700,-50,15100,"sd","13:24:10",11663100
19750,0,1000,"bu","13:24:12",11664100
19700,-50,21100,"sd","13:24:16",11685200
19750,0,4000,"bu","13:24:19",11689200
19700,-50,28000,"sd","13:24:21",11717200
19750,0,1000,"bu","13:24:23",11718200
19700,-50,5600,"bu","13:24:27",11723800
19700,-50,400,"sd","13:24:32",11724200
19750,0,100,"bu","13:24:34",11724300
19700,-50,600,"sd","13:24:36",11724900
19750,0,400,"bu","13:24:38",11725300
19700,-50,50500,"bu","13:24:42",11775800
19750,0,100,"sd","13:24:44",11775900
19700,-50,500,"sd","13:24:46",11776400
19750,0,5000,"bu","13:25:02",11781400
19750,0,5000,"sd","13:25:04",11786400
19750,0,10000,"sd","13:25:10",11796400
19700,-50,900,"sd","13:25:12",11797300
19750,0,500,"bu","13:25:14",11797800
19750,0,4000,"bu","13:25:23",11801800
19750,0,200,"sd","13:25:24",11802000
19750,0,1100,"sd","13:25:27",11803100
19750,0,15000,"sd","13:25:29",11818100
19750,0,100,"sd","13:25:31",11818200
19700,-50,46500,"bu","13:25:34",11864700
19750,0,28000,"bu","13:25:36",11892700
19750,0,500,"bu","13:25:38",11893200
19750,0,5900,"sd","13:25:44",11899100
19750,0,300,"sd","13:25:50",11899400
19750,0,3500,"bu","13:25:52",11902900
19750,0,500,"sd","13:25:54",11903400
19750,0,50000,"bu","13:26:02",11953400
19750,0,400,"sd","13:26:04",11953800
19750,0,100100,"sd","13:26:08",12053900
19750,0,500,"bu","13:26:10",12054400
19750,0,7000,"sd","13:26:12",12061400
19750,0,3300,"sd","13:26:14",12064700
19750,0,11000,"bu","13:26:19",12075700
19750,0,23000,"sd","13:26:21",12098700
19750,0,3500,"bu","13:26:23",12102200
19750,0,400,"sd","13:26:25",12102600
19750,0,157000,"bu","13:26:34",12259600
19700,-50,16300,"sd","13:26:38",12275900
19750,0,11100,"sd","13:26:41",12287000
19750,0,1000,"sd","13:26:43",12288000
19750,0,6500,"sd","13:26:48",12294500
19750,0,3400,"bu","13:26:51",12297900
19750,0,5500,"sd","13:26:53",12303400
19700,-50,500,"bu","13:27:04",12303900
19750,0,400,"bu","13:27:06",12304300
19750,0,2000,"bu","13:27:08",12306300
19750,0,100,"bu","13:27:10",12306400
19750,0,5100,"bu","13:27:18",12311500
19700,-50,1000,"sd","13:27:22",12312500
19700,-50,600,"sd","13:27:34",12313100
19700,-50,4300,"sd","13:27:38",12317400
19750,0,1000,"sd","13:27:40",12318400
19750,0,400,"bu","13:27:44",12318800
19750,0,2200,"bu","13:27:46",12321000
19700,-50,20000,"bu","13:27:48",12341000
19750,0,700,"bu","13:27:50",12341700
19700,-50,1300,"bu","13:27:56",12343000
19700,-50,500,"sd","13:28:01",12343500
19700,-50,17400,"bu","13:28:04",12360900
19700,-50,100,"bu","13:28:06",12361000
19700,-50,29000,"bu","13:28:13",12390000
19750,0,4600,"sd","13:28:19",12394600
19700,-50,1500,"sd","13:28:21",12396100
19700,-50,1600,"sd","13:28:25",12397700
19700,-50,500,"bu","13:28:30",12398200
19700,-50,6100,"sd","13:28:32",12404300
19700,-50,1800,"bu","13:28:34",12406100
19700,-50,15000,"sd","13:28:39",12421100
19700,-50,17800,"bu","13:28:41",12438900
19700,-50,3700,"sd","13:28:43",12442600
19650,-100,81300,"sd","13:28:49",12523900
19700,-50,4000,"sd","13:28:51",12527900
19700,-50,500,"sd","13:28:53",12528400
19700,-50,1200,"sd","13:28:55",12529600
19650,-100,20400,"bu","13:29:00",12550000
19650,-100,22400,"bu","13:29:04",12572400
19650,-100,21800,"bu","13:29:08",12594200
19650,-100,23300,"sd","13:29:10",12617500
19650,-100,1500,"sd","13:29:12",12619000
19650,-100,32600,"bu","13:29:19",12651600
19650,-100,100,"sd","13:29:23",12651700
19650,-100,1000,"sd","13:29:27",12652700
19650,-100,700,"bu","13:29:29",12653400
19650,-100,2200,"bu","13:29:33",12655600
19600,-150,900,"sd","13:29:38",12656500
19650,-100,400,"bu","13:29:44",12656900
19600,-150,3000,"bu","13:29:46",12659900
19600,-150,300,"bu","13:29:52",12660200
19650,-100,400,"sd","13:29:54",12660600
19650,-100,19000,"sd","13:30:03",12679600
19600,-150,7000,"sd","13:30:05",12686600
19650,-100,2100,"bu","13:30:09",12688700
19650,-100,400,"bu","13:30:11",12689100
19650,-100,6000,"bu","13:30:15",12695100
19600,-150,700,"bu","13:30:26",12695800
19650,-100,100,"sd","13:30:30",12695900
19600,-150,5000,"bu","13:30:36",12700900
19650,-100,2000,"bu","13:30:38",12702900
19650,-100,1000,"bu","13:30:40",12703900
19650,-100,1900,"sd","13:30:53",12705800
19600,-150,100,"bu","13:30:55",12705900
19600,-150,800,"sd","13:31:00",12706700
19600,-150,300,"bu","13:31:02",12707000
19650,-100,1100,"sd","13:31:04",12708100
19650,-100,5000,"sd","13:31:12",12713100
19650,-100,2000,"sd","13:31:14",12715100
19600,-150,1000,"bu","13:31:16",12716100
19650,-100,200,"sd","13:31:20",12716300
19600,-150,10000,"bu","13:31:22",12726300
19650,-100,1000,"bu","13:31:24",12727300
19600,-150,11000,"bu","13:31:29",12738300
19600,-150,1000,"sd","13:31:37",12739300
19650,-100,700,"bu","13:31:41",12740000
19600,-150,5000,"bu","13:31:43",12745000
19600,-150,5000,"bu","13:31:48",12750000
19600,-150,10000,"sd","13:31:59",12760000
19600,-150,1500,"bu","13:32:01",12761500
19600,-150,1500,"sd","13:32:03",12763000
19600,-150,5500,"sd","13:32:17",12768500
19600,-150,400,"bu","13:32:19",12768900
19600,-150,2600,"sd","13:32:31",12771500
19600,-150,400,"bu","13:32:38",12771900
19650,-100,100,"bu","13:32:42",12772000
19600,-150,2000,"sd","13:32:58",12774000
19600,-150,1300,"bu","13:33:05",12775300
19650,-100,500,"sd","13:33:12",12775800
19600,-150,1800,"bu","13:33:16",12777600
19650,-100,3000,"bu","13:33:19",12780600
19600,-150,100,"sd","13:33:21",12780700
19650,-100,4000,"sd","13:33:23",12784700
19650,-100,1000,"sd","13:33:28",12785700
19600,-150,500,"sd","13:33:36",12786200
19600,-150,1000,"sd","13:33:38",12787200
19600,-150,2000,"bu","13:33:42",12789200
19600,-150,10000,"sd","13:33:50",12799200
19600,-150,2000,"sd","13:33:55",12801200
19600,-150,2500,"bu","13:34:11",12803700
19600,-150,4000,"sd","13:34:17",12807700
19600,-150,100,"bu","13:34:25",12807800
19600,-150,1200,"bu","13:34:28",12809000
19650,-100,500,"sd","13:34:32",12809500
19650,-100,5000,"sd","13:34:36",12814500
19600,-150,500,"sd","13:34:53",12815000
19600,-150,500,"bu","13:34:55",12815500
19650,-100,100,"bu","13:35:00",12815600
19650,-100,1000,"bu","13:35:02",12816600
19650,-100,1500,"bu","13:35:11",12818100
19650,-100,100,"bu","13:35:15",12818200
19600,-150,500,"sd","13:35:21",12818700
19600,-150,2500,"bu","13:35:30",12821200
19600,-150,500,"sd","13:35:39",12821700
19600,-150,700,"sd","13:35:45",12822400
19650,-100,22000,"bu","13:35:56",12844400
19650,-100,11000,"bu","13:36:03",12855400
19650,-100,1000,"bu","13:36:05",12856400
19650,-100,13600,"bu","13:36:09",12870000
19650,-100,2000,"bu","13:36:11",12872000
19650,-100,300,"sd","13:36:14",12872300
19650,-100,500,"sd","13:36:16",12872800
19650,-100,100,"sd","13:36:21",12872900
19650,-100,13000,"sd","13:36:23",12885900
19650,-100,12800,"sd","13:36:26",12898700
19650,-100,3300,"bu","13:36:28",12902000
19650,-100,3400,"bu","13:36:30",12905400
19650,-100,2100,"sd","13:36:32",12907500
19650,-100,8400,"bu","13:36:34",12915900
19650,-100,6600,"sd","13:36:46",12922500
19600,-150,5800,"sd","13:36:50",12928300
19600,-150,500,"bu","13:36:56",12928800
19650,-100,19500,"bu","13:36:58",12948300
19650,-100,500,"sd","13:37:02",12948800
19700,-50,2700,"bu","13:37:11",12951500
19700,-50,100,"sd","13:37:14",12951600
19700,-50,500,"bu","13:37:18",12952100
19650,-100,2400,"sd","13:37:35",12954500
19650,-100,10000,"bu","13:37:41",12964500
19650,-100,5000,"sd","13:37:47",12969500
19650,-100,100,"sd","13:37:49",12969600
19650,-100,5000,"sd","13:37:59",12974600
19650,-100,13000,"bu","13:38:06",12987600
19650,-100,500,"sd","13:38:10",12988100
19650,-100,7100,"bu","13:38:13",12995200
19650,-100,1100,"sd","13:38:16",12996300
19650,-100,12000,"sd","13:38:21",13008300
19650,-100,100,"bu","13:38:24",13008400
19650,-100,3100,"bu","13:38:30",13011500
19650,-100,2600,"sd","13:38:35",13014100
19650,-100,500,"bu","13:38:37",13014600
19700,-50,23000,"bu","13:38:55",13037600
19650,-100,600,"bu","13:39:03",13038200
19650,-100,1200,"sd","13:39:08",13039400
19700,-50,7300,"sd","13:39:19",13046700
19700,-50,2500,"sd","13:39:21",13049200
19700,-50,4000,"bu","13:39:23",13053200
19700,-50,100,"bu","13:39:32",13053300
19700,-50,1000,"bu","13:39:40",13054300
19700,-50,1700,"sd","13:39:54",13056000
19700,-50,300,"sd","13:39:57",13056300
19650,-100,9600,"bu","13:40:07",13065900
19700,-50,200,"sd","13:40:14",13066100
19650,-100,1300,"bu","13:40:24",13067400
19700,-50,100,"bu","13:40:26",13067500
19700,-50,2500,"bu","13:40:30",13070000
19700,-50,200,"bu","13:40:36",13070200
19700,-50,3000,"bu","13:40:40",13073200
19700,-50,500,"sd","13:40:47",13073700
19700,-50,700,"bu","13:40:53",13074400
19700,-50,500,"bu","13:40:55",13074900
19700,-50,2000,"bu","13:40:57",13076900
19700,-50,24000,"sd","13:41:08",13100900
19650,-100,400,"sd","13:41:13",13101300
19700,-50,1500,"sd","13:41:15",13102800
19700,-50,24000,"sd","13:41:19",13126800
19700,-50,100,"bu","13:41:22",13126900
19700,-50,400,"bu","13:41:29",13127300
19700,-50,1000,"bu","13:41:40",13128300
19700,-50,10000,"sd","13:41:43",13138300
19700,-50,1000,"sd","13:41:48",13139300
19700,-50,13700,"bu","13:41:50",13153000
19650,-100,400,"bu","13:41:52",13153400
19700,-50,10000,"sd","13:42:05",13163400
19650,-100,2600,"bu","13:42:07",13166000
19650,-100,500,"bu","13:42:19",13166500
19650,-100,15200,"bu","13:42:26",13181700
19650,-100,2000,"sd","13:42:43",13183700
19650,-100,600,"sd","13:42:56",13184300
19650,-100,3800,"sd","13:43:08",13188100
19700,-50,1000,"sd","13:43:10",13189100
19650,-100,200,"bu","13:43:12",13189300
19650,-100,3200,"bu","13:43:45",13192500
19650,-100,400,"bu","13:43:49",13192900
19700,-50,1700,"sd","13:44:00",13194600
19650,-100,600,"bu","13:44:05",13195200
19700,-50,18000,"bu","13:44:07",13213200
19650,-100,1600,"bu","13:44:16",13214800
19650,-100,139300,"bu","13:44:18",13354100
19650,-100,1500,"sd","13:44:21",13355600
19650,-100,100,"bu","13:44:23",13355700
19650,-100,200,"bu","13:44:25",13355900
19650,-100,600,"sd","13:44:28",13356500
19650,-100,700,"bu","13:44:30",13357200
19650,-100,11000,"sd","13:44:35",13368200
19650,-100,500,"sd","13:44:42",13368700
19650,-100,100,"bu","13:44:47",13368800
19600,-150,300,"sd","13:44:53",13369100
19600,-150,1600,"bu","13:45:03",13370700
19600,-150,2700,"bu","13:45:05",13373400
19600,-150,300,"sd","13:45:10",13373700
19650,-100,30100,"bu","13:45:15",13403800
19650,-100,1000,"bu","13:45:20",13404800
19650,-100,30000,"bu","13:45:22",13434800
19650,-100,44300,"sd","13:45:25",13479100
19650,-100,2200,"sd","13:45:26",13481300
19650,-100,200,"sd","13:45:30",13481500
19650,-100,8200,"bu","13:45:32",13489700
19650,-100,100,"bu","13:45:37",13489800
19650,-100,2000,"sd","13:45:47",13491800
19650,-100,600,"sd","13:45:49",13492400
19650,-100,20000,"bu","13:46:01",13512400
19650,-100,100,"sd","13:46:05",13512500
19600,-150,30600,"bu","13:46:19",13543100
19600,-150,500,"bu","13:46:21",13543600
19650,-100,1000,"bu","13:46:24",13544600
19600,-150,150000,"bu","13:46:29",13694600
19600,-150,33500,"sd","13:46:35",13728100
19600,-150,32800,"sd","13:46:37",13760900
19600,-150,5200,"sd","13:46:39",13766100
19600,-150,2100,"bu","13:46:42",13768200
19550,-200,50000,"bu","13:46:49",13818200
19550,-200,900,"bu","13:46:51",13819100
19550,-200,95500,"bu","13:46:54",13914600
19550,-200,700,"sd","13:46:56",13915300
19500,-250,2900,"sd","13:47:02",13918200
19500,-250,10000,"bu","13:47:04",13928200
19500,-250,100,"sd","13:47:07",13928300
19550,-200,300,"sd","13:47:09",13928600
19500,-250,5000,"sd","13:47:11",13933600
19500,-250,28000,"bu","13:47:15",13961600
19550,-200,6200,"bu","13:47:18",13967800
19500,-250,23000,"bu","13:47:20",13990800
19500,-250,200,"bu","13:47:23",13991000
19500,-250,2100,"sd","13:47:25",13993100
19550,-200,5000,"sd","13:47:28",13998100
