"price","change","match_qtty","side","time","total_vol"
16100.000000000002,100,64500,"sd","09:15:07",64500
16100.000000000002,100,600,"sd","09:15:21",65100
16050,50,600,"sd","09:15:49",65700
16050,50,300,"bu","09:16:39",66000
16050,50,5300,"bu","09:16:54",71300
16050,50,1000,"sd","09:16:55",72300
16000,0,1600,"sd","09:17:09",73900
16050,50,100,"bu","09:17:23",74000
16000,0,5000,"sd","09:17:26",79000
16000,0,5000,"bu","09:18:03",84000
16000,0,32000,"bu","09:18:29",116000
16000,0,3000,"sd","09:18:45",119000
16000,0,600,"sd","09:18:51",119600
16000,0,10000,"bu","09:18:58",129600
16000,0,3900,"sd","09:19:19",133500
16000,0,500,"sd","09:19:21",134000
16000,0,1000,"sd","09:19:32",135000
16000,0,4000,"bu","09:19:40",139000
16000,0,20000,"bu","09:19:40",159000
16000,0,1000,"bu","09:19:50",160000
16000,0,3000,"sd","09:19:51",163000
16000,0,5300,"bu","09:19:52",168300
16000,0,600,"bu","09:19:53",168900
16000,0,100,"sd","09:20:13",169000
15950,-50,500,"bu","09:21:07",169500
15950,-50,3000,"bu","09:21:24",172500
15950,-50,40000,"bu","09:21:37",212500
15950,-50,4000,"bu","09:21:44",216500
15950,-50,7500,"sd","09:21:45",224000
15950,-50,1600,"sd","09:21:50",225600
15950,-50,9000,"sd","09:21:52",234600
15950,-50,50000,"sd","09:21:54",284600
15900,-100,50000,"bu","09:22:00",334600
15900,-100,500,"sd","09:22:00",335100
15900,-100,20000,"bu","09:22:11",355100
15900,-100,600,"sd","09:22:13",355700
15900,-100,10000,"bu","09:22:19",365700
15900,-100,13100,"bu","09:22:23",378800
15900,-100,1000,"sd","09:22:28",379800
15900,-100,200,"bu","09:22:29",380000
15800,-200,14600,"bu","09:22:38",394600
15800,-200,8300,"bu","09:22:39",402900
15800,-200,500,"bu","09:22:40",403400
15800,-200,29300,"bu","09:22:47",432700
15700,-300,44500,"sd","09:22:51",477200
15650,-350,700,"bu","09:23:11",477900
15650,-350,400,"bu","09:23:21",478300
15650,-350,300,"bu","09:23:23",478600
15600,-400,28000,"bu","09:23:28",506600
15650,-350,100,"sd","09:23:41",506700
15600,-400,1000,"sd","09:23:43",507700
15600,-400,66400,"sd","09:23:45",574100
15600,-400,46000,"sd","09:23:45",620100
15600,-400,700,"bu","09:23:49",620800
15600,-400,2200,"sd","09:23:50",623000
15600,-400,600,"sd","09:24:27",623600
15600,-400,300,"sd","09:24:31",623900
15600,-400,100,"bu","09:24:34",624000
15600,-400,1000,"sd","09:24:42",625000
15550,-450,1800,"sd","09:24:46",626800
15600,-400,2000,"sd","09:24:52",628800
15550,-450,300,"sd","09:24:52",629100
15600,-400,2000,"sd","09:24:54",631100
15600,-400,100,"bu","09:24:55",631200
15550,-450,600,"sd","09:24:55",631800
15550,-450,3200,"sd","09:25:04",635000
15600,-400,2600,"sd","09:25:07",637600
15600,-400,7200,"sd","09:25:19",644800
15600,-400,1000,"bu","09:25:31",645800
15600,-400,500,"bu","09:25:35",646300
15600,-400,18500,"sd","09:25:44",664800
15600,-400,700,"sd","09:25:45",665500
15600,-400,1000,"bu","09:25:47",666500
15600,-400,800,"bu","09:25:55",667300
15600,-400,300,"sd","09:25:56",667600
15600,-400,500,"sd","09:26:01",668100
15650,-350,36500,"sd","09:26:03",704600
15650,-350,24000,"bu","09:26:05",728600
15650,-350,10000,"bu","09:26:17",738600
15650,-350,700,"bu","09:26:21",739300
15650,-350,1000,"bu","09:26:22",740300
15650,-350,4900,"sd","09:26:27",745200
15750,-250,15000,"bu","09:26:42",760200
15700,-300,600,"bu","09:26:52",760800
15750,-250,1000,"sd","09:26:53",761800
15750,-250,9700,"sd","09:26:55",771500
15750,-250,1100,"bu","09:27:14",772600
15800,-200,3000,"bu","09:27:41",775600
15800,-200,300,"sd","09:27:44",775900
15800,-200,67900,"sd","09:27:45",843800
15950,-50,300,"sd","09:28:00",844100
15950,-50,500,"bu","09:28:07",844600
15950,-50,1200,"bu","09:28:10",845800
16000,0,500,"bu","09:28:54",846300
16000,0,600,"bu","09:29:02",846900
15950,-50,500,"sd","09:29:04",847400
15950,-50,700,"sd","09:29:43",848100
16000,0,500,"sd","09:29:50",848600
16000,0,10000,"bu","09:30:03",858600
16000,0,200,"sd","09:30:18",858800
15950,-50,4000,"sd","09:30:26",862800
15950,-50,800,"bu","09:30:38",863600
15950,-50,200,"bu","09:30:51",863800
15950,-50,1500,"bu","09:30:53",865300
15950,-50,3000,"sd","09:31:04",868300
16000,0,200,"bu","09:31:09",868500
16000,0,100,"sd","09:31:37",868600
15950,-50,13900,"bu","09:32:41",882500
15950,-50,10000,"sd","09:32:55",892500
15950,-50,2000,"sd","09:33:11",894500
15950,-50,100,"sd","09:33:53",894600
15950,-50,1300,"sd","09:34:05",895900
15950,-50,1400,"bu","09:34:06",897300
15950,-50,10000,"bu","09:34:07",907300
15950,-50,1300,"bu","09:34:11",908600
15950,-50,600,"sd","09:34:14",909200
15950,-50,1400,"bu","09:34:17",910600
15950,-50,1900,"sd","09:34:26",912500
15950,-50,1000,"sd","09:34:27",913500
15950,-50,2000,"sd","09:34:32",915500
15950,-50,1300,"sd","09:34:35",916800
15950,-50,900,"bu","09:34:37",917700
15950,-50,100,"sd","09:34:39",917800
15950,-50,500,"sd","09:34:47",918300
15950,-50,7300,"sd","09:34:54",925600
15950,-50,300,"sd","09:35:01",925900
15950,-50,100,"sd","09:35:11",926000
15900,-100,800,"sd","09:35:55",926800
15900,-100,30300,"bu","09:35:58",957100
15900,-100,200,"sd","09:36:12",957300
15850,-150,15100,"bu","09:36:21",972400
15850,-150,1500,"sd","09:36:41",973900
15900,-100,200,"bu","09:36:46",974100
15850,-150,1000,"sd","09:37:05",975100
15850,-150,20000,"bu","09:37:07",995100
15900,-100,5000,"bu","09:37:13",1000100
15850,-150,75500,"sd","09:37:32",1075600
15850,-150,300,"bu","09:37:34",1075900
15850,-150,4200,"sd","09:37:44",1080100
15850,-150,30000,"sd","09:37:49",1110100
15850,-150,2000,"bu","09:37:51",1112100
15850,-150,2900,"sd","09:37:56",1115000
15850,-150,500,"sd","09:38:17",1115500
15850,-150,2800,"bu","09:38:48",1118300
15850,-150,10000,"bu","09:39:09",1128300
15850,-150,8000,"sd","09:39:18",1136300
15850,-150,1500,"sd","09:39:33",1137800
15850,-150,100,"sd","09:39:51",1137900
15850,-150,1400,"sd","09:41:26",1139300
15800,-200,6600,"sd","09:41:28",1145900
15650,-350,20000,"bu","09:41:50",1165900
15600,-400,30000,"sd","09:42:31",1195900
15600,-400,20000,"bu","09:42:37",1215900
15750,-250,100,"sd","09:43:02",1216000
15750,-250,200,"bu","09:43:13",1216200
15650,-350,500,"bu","09:43:15",1216700
15650,-350,4600,"bu","09:43:27",1221300
15650,-350,1000,"sd","09:44:29",1222300
15700,-300,1300,"sd","09:44:42",1223600
15650,-350,6600,"bu","09:44:43",1230200
15650,-350,23400,"sd","09:44:44",1253600
15650,-350,1800,"sd","09:44:47",1255400
15700,-300,100,"bu","09:45:05",1255500
15650,-350,1600,"bu","09:45:16",1257100
15700,-300,300,"sd","09:45:37",1257400
15650,-350,1100,"sd","09:45:38",1258500
15650,-350,300,"bu","09:46:16",1258800
15650,-350,2600,"bu","09:46:36",1261400
15650,-350,19400,"bu","09:46:53",1280800
15650,-350,600,"bu","09:47:15",1281400
15700,-300,600,"sd","09:48:47",1282000
15700,-300,4000,"bu","09:49:15",1286000
15700,-300,1000,"sd","09:49:17",1287000
15700,-300,10000,"bu","09:49:24",1297000
15700,-300,2000,"bu","09:49:44",1299000
15700,-300,2200,"sd","09:49:51",1301200
15650,-350,11800,"sd","09:49:53",1313000
15650,-350,1000,"sd","09:50:13",1314000
15650,-350,4000,"bu","09:50:44",1318000
15650,-350,13200,"sd","09:50:51",1331200
15700,-300,100,"sd","09:50:59",1331300
15700,-300,2100,"bu","09:51:42",1333400
15700,-300,5000,"bu","09:51:44",1338400
15700,-300,2500,"bu","09:51:53",1340900
15700,-300,1400,"sd","09:51:54",1342300
15700,-300,1500,"bu","09:52:56",1343800
15700,-300,500,"bu","09:53:55",1344300
15700,-300,15900,"sd","09:53:59",1360200
15700,-300,200,"bu","09:54:08",1360400
15700,-300,800,"bu","09:54:27",1361200
15650,-350,2100,"sd","09:54:39",1363300
15650,-350,1200,"bu","09:55:10",1364500
15700,-300,1500,"sd","09:55:16",1366000
15700,-300,300,"bu","09:55:30",1366300
15700,-300,1500,"sd","09:56:16",1367800
15700,-300,1600,"sd","09:56:30",1369400
15700,-300,400,"bu","09:57:55",1369800
15650,-350,500,"bu","09:59:17",1370300
15700,-300,4600,"bu","09:59:18",1374900
15700,-300,5000,"sd","09:59:39",1379900
15700,-300,500,"sd","10:00:11",1380400
15700,-300,1000,"sd","10:00:19",1381400
15700,-300,2000,"sd","10:01:34",1383400
15700,-300,2600,"bu","10:01:58",1386000
15750,-250,1100,"bu","10:02:03",1387100
15700,-300,6600,"sd","10:02:28",1393700
15650,-350,16400,"sd","10:02:32",1410100
15600,-400,30000,"bu","10:02:35",1440100
15600,-400,20000,"sd","10:02:38",1460100
15650,-350,500,"sd","10:03:52",1460600
15650,-350,300,"bu","10:03:59",1460900
15600,-400,2600,"bu","10:04:12",1463500
15650,-350,900,"bu","10:04:58",1464400
15650,-350,600,"sd","10:05:40",1465000
15650,-350,200,"sd","10:05:52",1465200
15600,-400,20000,"sd","10:08:13",1485200
15650,-350,1000,"bu","10:08:14",1486200
15600,-400,10000,"bu","10:08:15",1496200
15600,-400,200,"bu","10:08:40",1496400
15600,-400,1000,"bu","10:09:41",1497400
15650,-350,1000,"sd","10:10:00",1498400
15650,-350,600,"bu","10:10:14",1499000
15650,-350,1000,"sd","10:12:01",1500000
15650,-350,200,"bu","10:12:50",1500200
15600,-400,2200,"bu","10:14:10",1502400
15600,-400,3500,"sd","10:15:28",1505900
15550,-450,20000,"sd","10:15:49",1525900
15550,-450,30000,"sd","10:15:52",1555900
15500,-500,15000,"bu","10:15:56",1570900
15500,-500,20000,"bu","10:15:58",1590900
15500,-500,40000,"sd","10:16:03",1630900
15500,-500,33000,"sd","10:16:07",1663900
15500,-500,20000,"sd","10:16:10",1683900
15450,-550,3000,"sd","10:17:04",1686900
15450,-550,200,"bu","10:17:12",1687100
15500,-500,200,"bu","10:17:51",1687300
15500,-500,300,"bu","10:17:52",1687600
15600,-400,200,"sd","10:18:15",1687800
15500,-500,1000,"bu","10:18:18",1688800
15450,-550,6600,"sd","10:19:23",1695400
15500,-500,100,"sd","10:19:42",1695500
15500,-500,11100,"sd","10:21:30",1706600
15500,-500,6000,"sd","10:21:44",1712600
15500,-500,600,"bu","10:21:48",1713200
15550,-450,1000,"bu","10:22:25",1714200
15500,-500,2000,"bu","10:22:26",1716200
15550,-450,20000,"bu","10:22:36",1736200
15550,-450,500,"bu","10:23:09",1736700
15600,-400,5000,"bu","10:23:30",1741700
15550,-450,10000,"bu","10:23:32",1751700
15600,-400,12800,"sd","10:23:42",1764500
15600,-400,15000,"sd","10:24:00",1779500
15600,-400,1300,"bu","10:24:42",1780800
15650,-350,1000,"sd","10:25:04",1781800
15600,-400,55300,"bu","10:25:20",1837100
15600,-400,5700,"sd","10:25:40",1842800
15600,-400,10000,"bu","10:26:11",1852800
15600,-400,200,"sd","10:26:13",1853000
15600,-400,16100,"bu","10:26:15",1869100
15600,-400,400,"bu","10:26:26",1869500
15600,-400,1000,"sd","10:26:30",1870500
15600,-400,100,"sd","10:26:34",1870600
15600,-400,400,"sd","10:26:40",1871000
15650,-350,2500,"bu","10:27:13",1873500
15650,-350,7300,"bu","10:28:18",1880800
15700,-300,1300,"sd","10:28:56",1882100
15650,-350,300,"bu","10:29:25",1882400
15650,-350,1700,"bu","10:31:04",1884100
15650,-350,200,"bu","10:31:13",1884300
15650,-350,300,"bu","10:31:14",1884600
15700,-300,10000,"sd","10:32:16",1894600
15700,-300,7600,"bu","10:32:35",1902200
15700,-300,1000,"bu","10:32:40",1903200
15750,-250,1000,"bu","10:33:02",1904200
15750,-250,700,"sd","10:33:07",1904900
15750,-250,100,"sd","10:33:18",1905000
15750,-250,5100,"sd","10:33:50",1910100
15750,-250,500,"bu","10:34:08",1910600
15750,-250,5500,"sd","10:34:40",1916100
15700,-300,6000,"sd","10:34:48",1922100
15700,-300,600,"bu","10:36:18",1922700
15750,-250,30000,"bu","10:37:26",1952700
15750,-250,20000,"bu","10:37:36",1972700
15750,-250,600,"bu","10:37:43",1973300
15700,-300,100,"sd","10:38:00",1973400
15700,-300,2000,"bu","10:38:09",1975400
15700,-300,100,"bu","10:38:41",1975500
15700,-300,300,"sd","10:40:25",1975800
15750,-250,300,"sd","10:42:32",1976100
15750,-250,300,"sd","10:45:34",1976400
15750,-250,600,"sd","10:46:51",1977000
15750,-250,100,"sd","10:47:39",1977100
15750,-250,200,"bu","10:48:00",1977300
15750,-250,14500,"sd","10:49:28",1991800
15750,-250,300,"sd","10:50:34",1992100
15750,-250,200,"sd","10:51:05",1992300
15750,-250,600,"bu","10:51:25",1992900
15750,-250,7000,"bu","10:53:55",1999900
15700,-300,200,"bu","10:55:23",2000100
15700,-300,2300,"bu","10:57:38",2002400
15650,-350,1000,"sd","10:59:07",2003400
15650,-350,1000,"sd","11:03:34",2004400
15700,-300,1000,"bu","11:05:06",2005400
15700,-300,600,"bu","11:05:09",2006000
15650,-350,58400,"bu","11:08:47",2064400
15600,-400,1000,"bu","11:09:29",2065400
15600,-400,3000,"sd","11:09:52",2068400
15600,-400,4000,"bu","11:10:30",2072400
15600,-400,5000,"bu","11:11:17",2077400
15600,-400,13000,"sd","11:11:28",2090400
15600,-400,5000,"sd","11:11:39",2095400
15600,-400,10000,"bu","11:11:58",2105400
15600,-400,2000,"sd","11:13:33",2107400
15600,-400,700,"sd","11:14:45",2108100
15650,-350,8500,"sd","11:16:26",2116600
15600,-400,1000,"sd","11:16:28",2117600
15650,-350,3000,"bu","11:17:00",2120600
15600,-400,5800,"sd","11:17:05",2126400
15600,-400,10000,"sd","11:17:29",2136400
15600,-400,4900,"bu","11:17:44",2141300
15600,-400,100,"sd","11:17:47",2141400
15600,-400,600,"sd","11:18:53",2142000
15600,-400,100,"bu","11:19:13",2142100
15550,-450,30200,"sd","11:20:38",2172300
15550,-450,20000,"sd","11:20:51",2192300
15550,-450,6600,"sd","11:21:02",2198900
15550,-450,1100,"sd","11:21:19",2200000
15550,-450,500,"sd","11:22:02",2200500
15550,-450,100,"bu","11:22:21",2200600
15500,-500,20000,"bu","11:22:42",2220600
15500,-500,17900,"sd","11:22:49",2238500
15500,-500,300,"bu","11:23:01",2238800
15500,-500,400,"bu","11:23:20",2239200
15500,-500,600,"bu","11:23:28",2239800
15500,-500,100,"sd","11:23:49",2239900
15500,-500,1000,"bu","11:23:59",2240900
15450,-550,50000,"bu","11:24:02",2290900
15450,-550,25600,"bu","11:24:09",2316500
15400,-600,5900,"sd","11:24:18",2322400
15450,-550,1000,"bu","11:24:39",2323400
15450,-550,2000,"bu","11:25:01",2325400
15450,-550,1300,"sd","11:25:09",2326700
15500,-500,5000,"sd","11:25:31",2331700
15500,-500,100,"sd","11:26:50",2331800
15500,-500,2000,"sd","11:27:03",2333800
15500,-500,1000,"sd","11:27:04",2334800
15450,-550,43100,"bu","11:27:25",2377900
15450,-550,3100,"bu","11:27:45",2381000
15450,-550,2000,"sd","11:27:48",2383000
15450,-550,2800,"sd","11:28:02",2385800
15500,-500,100,"bu","11:28:20",2385900
15500,-500,8700,"bu","11:28:43",2394600
15500,-500,500,"sd","11:28:46",2395100
15500,-500,19600,"bu","11:29:14",2414700
15550,-450,2000,"sd","11:29:44",2416700
15550,-450,10000,"sd","11:30:00",2426700
15500,-500,500,"sd","11:30:04",2427200
15500,-500,200,"bu","13:00:35",2427400
15500,-500,100,"bu","13:00:39",2427500
15500,-500,16100,"bu","13:00:43",2443600
15500,-500,500,"sd","13:00:45",2444100
15500,-500,200,"sd","13:00:48",2444300
15450,-550,100,"sd","13:00:52",2444400
15500,-500,2500,"bu","13:00:55",2446900
15400,-600,90000,"sd","13:01:00",2536900
15500,-500,100,"sd","13:01:09",2537000
15500,-500,2000,"bu","13:01:14",2539000
15500,-500,1000,"sd","13:01:18",2540000
15500,-500,1500,"bu","13:01:19",2541500
15450,-550,100,"bu","13:01:58",2541600
15500,-500,500,"bu","13:02:13",2542100
15500,-500,700,"bu","13:02:39",2542800
15500,-500,1900,"bu","13:02:40",2544700
15500,-500,1000,"bu","13:03:31",2545700
15500,-500,100,"bu","13:03:32",2545800
15500,-500,2600,"sd","13:03:56",2548400
15450,-550,1200,"bu","13:04:01",2549600
15450,-550,1000,"bu","13:04:45",2550600
15450,-550,16800,"bu","13:05:18",2567400
15400,-600,81300,"sd","13:05:36",2648700
15450,-550,500,"sd","13:06:08",2649200
15450,-550,300,"sd","13:06:33",2649500
15450,-550,400,"bu","13:06:39",2649900
15450,-550,300,"bu","13:06:43",2650200
15400,-600,300,"sd","13:06:52",2650500
15450,-550,1000,"bu","13:06:55",2651500
15450,-550,400,"sd","13:07:01",2651900
15450,-550,900,"bu","13:07:59",2652800
15450,-550,10000,"bu","13:08:21",2662800
15450,-550,1400,"sd","13:08:38",2664200
15450,-550,600,"sd","13:08:45",2664800
15450,-550,100,"bu","13:08:52",2664900
15450,-550,2900,"bu","13:08:58",2667800
15500,-500,200,"bu","13:09:26",2668000
15500,-500,3000,"bu","13:09:50",2671000
15500,-500,5000,"bu","13:09:52",2676000
15500,-500,1000,"sd","13:09:54",2677000
15500,-500,1000,"bu","13:10:09",2678000
15500,-500,300,"sd","13:10:41",2678300
15500,-500,5100,"bu","13:12:43",2683400
15450,-550,20100,"sd","13:14:00",2703500
15500,-500,200,"sd","13:14:36",2703700
15500,-500,400,"bu","13:16:05",2704100
15500,-500,14300,"bu","13:16:12",2718400
15500,-500,100,"sd","13:16:33",2718500
15550,-450,500,"bu","13:17:25",2719000
15500,-500,14000,"bu","13:18:11",2733000
15500,-500,100,"sd","13:18:13",2733100
15500,-500,1100,"sd","13:18:36",2734200
15500,-500,1600,"sd","13:18:42",2735800
15500,-500,1000,"bu","13:19:03",2736800
15500,-500,12200,"bu","13:19:12",2749000
15500,-500,100,"sd","13:20:05",2749100
15550,-450,3900,"bu","13:21:02",2753000
15550,-450,40000,"sd","13:21:40",2793000
15550,-450,1500,"sd","13:21:44",2794500
15550,-450,1500,"sd","13:21:54",2796000
15600,-400,50000,"bu","13:22:12",2846000
15550,-450,1000,"sd","13:23:01",2847000
15600,-400,100,"bu","13:23:10",2847100
15600,-400,300,"sd","13:23:18",2847400
15600,-400,20000,"sd","13:23:25",2867400
15600,-400,2000,"sd","13:23:31",2869400
15600,-400,500,"bu","13:23:37",2869900
15550,-450,6200,"bu","13:23:39",2876100
15550,-450,1300,"sd","13:23:52",2877400
15600,-400,2500,"sd","13:24:10",2879900
15650,-350,50000,"sd","13:24:24",2929900
15650,-350,28000,"sd","13:24:27",2957900
15650,-350,1000,"bu","13:24:30",2958900
15650,-350,43800,"bu","13:24:40",3002700
15700,-300,23600,"bu","13:24:59",3026300
15750,-250,35200,"bu","13:25:14",3061500
15800,-200,75500,"bu","13:25:24",3137000
15850,-150,1000,"bu","13:25:42",3138000
15850,-150,20000,"bu","13:26:19",3158000
15850,-150,10000,"sd","13:26:32",3168000
15850,-150,100,"bu","13:26:51",3168100
15850,-150,500,"sd","13:26:53",3168600
15850,-150,200,"sd","13:27:26",3168800
15850,-150,2500,"bu","13:27:54",3171300
15850,-150,4000,"bu","13:28:04",3175300
15800,-200,30100,"bu","13:28:15",3205400
15800,-200,4300,"sd","13:28:17",3209700
15800,-200,500,"sd","13:28:51",3210200
15750,-250,600,"bu","13:28:57",3210800
15750,-250,1600,"bu","13:29:04",3212400
15750,-250,900,"bu","13:29:06",3213300
15800,-200,100,"bu","13:29:08",3213400
15800,-200,500,"bu","13:29:14",3213900
15750,-250,2700,"bu","13:29:54",3216600
15750,-250,700,"sd","13:30:05",3217300
15700,-300,100,"bu","13:30:13",3217400
15750,-250,900,"sd","13:30:26",3218300
15750,-250,400,"bu","13:31:43",3218700
15700,-300,2000,"sd","13:31:52",3220700
15750,-250,200,"sd","13:31:54",3220900
15750,-250,1000,"bu","13:31:59",3221900
15750,-250,1100,"bu","13:32:23",3223000
15700,-300,3000,"bu","13:33:12",3226000
15700,-300,900,"bu","13:34:01",3226900
15700,-300,500,"bu","13:34:21",3227400
15700,-300,2000,"sd","13:35:13",3229400
15700,-300,2300,"sd","13:35:41",3231700
15750,-250,200,"bu","13:37:18",3231900
15700,-300,11100,"bu","13:37:20",3243000
15700,-300,13800,"sd","13:38:24",3256800
15700,-300,500,"bu","13:38:42",3257300
15700,-300,2000,"bu","13:39:42",3259300
15750,-250,100,"sd","13:40:05",3259400
15750,-250,400,"sd","13:40:07",3259800
15750,-250,100,"bu","13:40:45",3259900
15750,-250,2000,"bu","13:41:26",3261900
15800,-200,3000,"sd","13:41:40",3264900
15850,-150,1000,"sd","13:41:52",3265900
15850,-150,1300,"sd","13:42:19",3267200
15850,-150,8200,"sd","13:42:52",3275400
15900,-100,30000,"sd","13:43:01",3305400
15900,-100,20000,"bu","13:43:14",3325400
15900,-100,15000,"bu","13:43:24",3340400
15900,-100,5000,"sd","13:43:31",3345400
15900,-100,11400,"bu","13:44:30",3356800
15950,-50,300,"sd","13:45:47",3357100
15900,-100,17400,"sd","13:46:01",3374500
15850,-150,22300,"sd","13:46:12",3396800
15850,-150,300,"bu","13:46:24",3397100
15800,-200,2300,"bu","13:48:06",3399400
15800,-200,1000,"sd","13:48:22",3400400
15800,-200,10000,"bu","13:48:24",3410400
15800,-200,2000,"bu","13:48:36",3412400
15800,-200,200,"sd","13:48:46",3412600
15800,-200,28600,"sd","13:49:32",3441200
15750,-250,20000,"sd","13:50:25",3461200
15750,-250,2500,"bu","13:50:37",3463700
15750,-250,1000,"bu","13:50:43",3464700
15750,-250,28500,"sd","13:50:51",3493200
15700,-300,2300,"sd","13:51:39",3495500
15700,-300,1000,"sd","13:51:49",3496500
15700,-300,200,"sd","13:51:52",3496700
15600,-400,50000,"sd","13:52:19",3546700
15600,-400,100,"sd","13:52:33",3546800
15600,-400,5000,"bu","13:52:46",3551800
15600,-400,100000,"bu","13:54:07",3651800
15600,-400,23200,"bu","13:54:11",3675000
15550,-450,2000,"sd","13:54:17",3677000
15600,-400,10500,"sd","13:54:22",3687500
15550,-450,33800,"sd","13:54:25",3721300
15550,-450,200,"bu","13:54:30",3721500
15500,-500,178500,"bu","13:54:33",3900000
15500,-500,1000,"bu","13:54:42",3901000
15500,-500,1100,"bu","13:54:54",3902100
15450,-550,2000,"bu","13:54:56",3904100
15500,-500,19300,"sd","13:55:05",3923400
15550,-450,2000,"sd","13:55:17",3925400
15550,-450,1400,"bu","13:55:24",3926800
15550,-450,100,"bu","13:55:40",3926900
15550,-450,12400,"sd","13:55:42",3939300
15550,-450,100,"sd","13:55:47",3939400
15550,-450,300,"bu","13:55:57",3939700
15550,-450,100,"bu","13:56:00",3939800
15600,-400,6000,"bu","13:56:06",3945800
15600,-400,3100,"sd","13:56:09",3948900
15600,-400,5000,"sd","13:56:11",3953900
15550,-450,50000,"bu","13:56:15",4003900
15600,-400,100,"bu","13:56:51",4004000
15600,-400,2000,"sd","13:56:54",4006000
15600,-400,4100,"sd","13:57:31",4010100
15600,-400,600,"sd","13:57:34",4010700
15600,-400,500,"bu","13:57:46",4011200
15600,-400,900,"sd","13:57:51",4012100
15600,-400,2300,"sd","13:57:59",4014400
15600,-400,700,"sd","13:58:01",4015100
15600,-400,2000,"bu","13:58:58",4017100
15600,-400,3000,"sd","14:00:20",4020100
15600,-400,400,"bu","14:00:32",4020500
15600,-400,1000,"sd","14:00:36",4021500
15600,-400,600,"bu","14:00:46",4022100
15600,-400,400,"sd","14:01:01",4022500
15650,-350,1000,"sd","14:03:17",4023500
15700,-300,15000,"sd","14:05:15",4038500
15700,-300,200,"sd","14:05:55",4038700
15700,-300,600,"bu","14:06:44",4039300
15700,-300,500,"bu","14:07:13",4039800
15600,-400,10000,"sd","14:07:54",4049800
15600,-400,8500,"sd","14:08:44",4058300
15600,-400,1000,"bu","14:08:46",4059300
15550,-450,34900,"bu","14:08:56",4094200
15550,-450,900,"sd","14:09:57",4095100
15550,-450,100,"bu","14:10:14",4095200
15550,-450,1000,"sd","14:10:21",4096200
15550,-450,700,"bu","14:10:55",4096900
15550,-450,2000,"sd","14:11:09",4098900
15500,-500,600,"sd","14:11:58",4099500
15500,-500,2000,"bu","14:12:20",4101500
15600,-400,59400,"bu","14:12:23",4160900
15600,-400,600,"bu","14:12:33",4161500
15550,-450,300,"bu","14:13:04",4161800
15500,-500,3000,"sd","14:13:36",4164800
15500,-500,2000,"sd","14:13:57",4166800
15500,-500,5000,"sd","14:15:04",4171800
15500,-500,1100,"bu","14:15:06",4172900
15500,-500,6000,"sd","14:15:16",4178900
15500,-500,5000,"sd","14:16:09",4183900
15500,-500,34500,"sd","14:16:12",4218400
15450,-550,10000,"sd","14:16:26",4228400
15450,-550,400,"bu","14:16:48",4228800
15450,-550,23200,"sd","14:17:11",4252000
15450,-550,107500,"sd","14:17:22",4359500
15450,-550,2500,"sd","14:17:31",4362000
15450,-550,500,"sd","14:17:35",4362500
15450,-550,7000,"bu","14:17:38",4369500
15350,-650,6400,"sd","14:18:33",4375900
15350,-650,2600,"bu","14:18:50",4378500
15350,-650,50000,"bu","14:18:54",4428500
15350,-650,20000,"bu","14:19:01",4448500
15300,-700,50000,"sd","14:19:04",4498500
15350,-650,300,"bu","14:19:08",4498800
15300,-700,50000,"bu","14:19:22",4548800
15300,-700,32000,"bu","14:19:26",4580800
15350,-650,1800,"bu","14:19:29",4582600
15350,-650,300,"sd","14:19:36",4582900
15350,-650,5800,"sd","14:19:43",4588700
15300,-700,20000,"bu","14:19:57",4608700
15300,-700,24200,"bu","14:20:11",4632900
15300,-700,3200,"sd","14:20:28",4636100
15300,-700,66800,"bu","14:20:36",4702900
15300,-700,5000,"bu","14:20:44",4707900
15350,-650,20000,"bu","14:20:50",4727900
15500,-500,2000,"sd","14:21:00",4729900
15500,-500,1000,"bu","14:21:03",4730900
15450,-550,3000,"bu","14:21:17",4733900
15450,-550,500,"bu","14:21:21",4734400
15450,-550,700,"bu","14:21:24",4735100
15500,-500,600,"sd","14:21:27",4735700
15500,-500,20000,"sd","14:21:33",4755700
15500,-500,500,"bu","14:21:48",4756200
15500,-500,29000,"bu","14:21:52",4785200
15500,-500,6300,"sd","14:22:00",4791500
15450,-550,2400,"bu","14:22:09",4793900
15450,-550,17200,"bu","14:22:40",4811100
15500,-500,6900,"bu","14:22:48",4818000
15500,-500,3000,"bu","14:22:55",4821000
15500,-500,4200,"sd","14:22:59",4825200
15500,-500,3000,"bu","14:23:02",4828200
15450,-550,14300,"sd","14:23:06",4842500
15500,-500,6600,"bu","14:23:10",4849100
15500,-500,30000,"sd","14:23:19",4879100
15500,-500,2000,"sd","14:23:27",4881100
15600,-400,300,"sd","14:23:31",4881400
15600,-400,30000,"bu","14:23:49",4911400
15600,-400,1000,"bu","14:24:02",4912400
15600,-400,600,"sd","14:24:14",4913000
15600,-400,2700,"sd","14:24:20",4915700
15650,-350,600,"sd","14:24:27",4916300
15650,-350,24000,"sd","14:25:04",4940300
15650,-350,600,"bu","14:25:19",4940900
15600,-400,5800,"sd","14:26:05",4946700
15600,-400,1500,"sd","14:26:13",4948200
15600,-400,1200,"sd","14:26:17",4949400
15650,-350,1000,"sd","14:26:23",4950400
15650,-350,500,"sd","14:26:37",4950900
15700,-300,4400,"bu","14:26:41",4955300
15700,-300,36600,"sd","14:26:48",4991900
15800,-200,42400,"sd","14:26:51",5034300
15800,-200,10000,"bu","14:27:15",5044300
15800,-200,20000,"bu","14:27:30",5064300
15800,-200,3000,"bu","14:27:56",5067300
15700,-300,700,"bu","14:28:00",5068000
15850,-150,58500,"sd","14:28:25",5126500
15900,-100,30700,"sd","14:28:34",5157200
15850,-150,400,"bu","14:29:09",5157600
15950,-50,1000,"bu","14:29:25",5158600
15950,-50,600,"bu","14:29:38",5159200
15950,-50,10000,"bu","14:29:50",5169200
15900,-100,214400,"sd","14:45:19",5383600
