"price","change","match_qtty","side","time","total_vol"
23750,0,9600,"bu","09:15:10",9600
24000,250,100,"sd","09:16:42",9700
23800,50,700,"sd","09:17:18",10400
23750,0,2500,"bu","09:17:19",12900
23750,0,100,"bu","09:17:54",13000
23750,0,200,"bu","09:18:12",13200
23750,0,6000,"sd","09:18:15",19200
23700,-50,400,"bu","09:18:27",19600
23700,-50,100,"sd","09:18:37",19700
23600,-150,1000,"bu","09:19:15",20700
23550,-200,700,"bu","09:19:21",21400
23550,-200,1600,"sd","09:19:37",23000
23550,-200,300,"bu","09:19:46",23300
23500,-250,8600,"bu","09:20:32",31900
23500,-250,200,"sd","09:20:38",32100
23500,-250,1000,"bu","09:20:45",33100
23500,-250,400,"bu","09:22:04",33500
23500,-250,100,"bu","09:22:16",33600
23750,0,2800,"bu","09:26:39",36400
24000,250,100,"sd","09:26:52",36500
24000,250,3000,"bu","09:27:44",39500
24000,250,100,"sd","09:27:54",39600
24000,250,2800,"sd","09:28:16",42400
24000,250,100,"sd","09:28:24",42500
24000,250,600,"sd","09:29:17",43100
24000,250,100,"sd","09:29:31",43200
23750,0,1100,"sd","09:30:23",44300
23750,0,3100,"sd","09:32:12",47400
24000,250,100,"sd","09:36:05",47500
24000,250,200,"sd","09:38:52",47700
23800,50,700,"sd","09:41:01",48400
23800,50,2500,"bu","09:45:52",50900
24000,250,100,"bu","09:47:42",51000
23800,50,900,"sd","09:53:53",51900
23750,0,2700,"bu","09:56:54",54600
23750,0,200,"sd","09:57:57",54800
23700,-50,700,"bu","09:59:25",55500
23700,-50,200,"sd","09:59:59",55700
24000,250,300,"sd","10:01:56",56000
23750,0,500,"bu","10:11:27",56500
23950,200,1500,"sd","10:11:32",58000
23950,200,500,"bu","10:13:24",58500
23750,0,1100,"sd","10:16:10",59600
23750,0,1100,"bu","10:21:53",60700
23750,0,200,"bu","10:22:52",60900
23750,0,1800,"sd","10:23:14",62700
23850,100,100,"sd","10:23:49",62800
23850,100,400,"bu","10:25:50",63200
23950,200,100,"sd","10:26:10",63300
23950,200,4100,"bu","10:27:43",67400
24000,250,100,"sd","10:28:14",67500
24000,250,3000,"sd","10:28:22",70500
24100,350,100,"sd","10:28:35",70600
24000,250,1000,"bu","10:28:47",71600
24000,250,500,"bu","10:28:58",72100
23950,200,2100,"sd","10:29:03",74200
23950,200,400,"sd","10:29:10",74600
24000,250,100,"sd","10:30:17",74700
24000,250,500,"sd","10:31:03",75200
24000,250,3000,"bu","10:31:29",78200
24100,350,700,"sd","10:34:04",78900
24050,300,600,"bu","10:38:56",79500
24000,250,1800,"bu","10:39:13",81300
24000,250,1100,"sd","10:39:29",82400
24000,250,1000,"sd","10:41:46",83400
24000,250,1200,"sd","10:55:53",84600
23950,200,400,"bu","10:57:13",85000
23950,200,200,"bu","10:59:56",85200
23950,200,1000,"bu","11:03:17",86200
23950,200,4000,"bu","11:05:55",90200
24000,250,100,"bu","11:08:15",90300
24000,250,500,"sd","11:11:53",90800
24000,250,600,"bu","11:13:47",91400
23950,200,1000,"bu","11:15:28",92400
23900,150,3000,"sd","11:15:59",95400
24000,250,100,"sd","11:18:25",95500
24100,350,3200,"bu","13:00:50",98700
24000,250,100,"sd","13:01:05",98800
24100,350,2000,"sd","13:01:11",100800
24000,250,1500,"sd","13:01:12",102300
24000,250,1000,"bu","13:02:07",103300
24000,250,2400,"sd","13:02:29",105700
24000,250,100,"sd","13:02:44",105800
24000,250,1000,"sd","13:06:55",106800
24000,250,1100,"bu","13:09:24",107900
24000,250,800,"bu","13:09:56",108700
24000,250,200,"sd","13:10:53",108900
24000,250,100,"bu","13:11:35",109000
23950,200,500,"sd","13:13:18",109500
23950,200,200,"sd","13:16:24",109700
24000,250,1500,"sd","13:20:07",111200
24000,250,1000,"bu","13:20:21",112200
24000,250,1200,"sd","13:20:32",113400
24000,250,200,"sd","13:21:16",113600
24100,350,100,"sd","13:26:23",113700
24100,350,300,"sd","13:26:36",114000
24100,350,100,"bu","13:27:02",114100
24000,250,1000,"sd","13:27:10",115100
24000,250,2100,"sd","13:27:14",117200
24000,250,2000,"bu","13:28:21",119200
24000,250,1300,"bu","13:28:41",120500
24000,250,500,"sd","13:32:42",121000
23950,200,1200,"bu","13:33:45",122200
23950,200,500,"sd","13:34:23",122700
23950,200,300,"sd","13:39:38",123000
23900,150,2000,"sd","13:39:46",125000
23900,150,200,"sd","13:42:05",125200
24000,250,1100,"sd","13:42:07",126300
24100,350,900,"bu","13:45:25",127200
23800,50,2000,"sd","13:48:03",129200
23800,50,1700,"bu","13:48:56",130900
23800,50,1100,"sd","13:49:22",132000
23800,50,1000,"bu","13:52:57",133000
23750,0,3000,"sd","13:53:20",136000
23800,50,200,"bu","13:53:22",136200
23800,50,300,"bu","13:53:35",136500
23750,0,100,"sd","13:53:37",136600
23750,0,400,"sd","13:53:42",137000
23950,200,100,"sd","13:54:27",137100
23750,0,900,"sd","13:55:15",138000
23750,0,100,"sd","13:55:29",138100
23900,150,500,"bu","13:55:49",138600
23950,200,100,"bu","13:56:15",138700
23950,200,200,"bu","13:57:03",138900
24000,250,1700,"bu","14:02:38",140600
24000,250,200,"bu","14:03:03",140800
24000,250,500,"sd","14:03:38",141300
24000,250,100,"bu","14:05:25",141400
24000,250,700,"sd","14:05:38",142100
24000,250,1200,"bu","14:06:42",143300
24000,250,100,"sd","14:07:57",143400
23900,150,300,"sd","14:11:21",143700
23750,0,1600,"bu","14:13:07",145300
23750,0,600,"bu","14:13:48",145900
23750,0,500,"bu","14:14:54",146400
23750,0,500,"bu","14:16:34",146900
23700,-50,100,"bu","14:18:12",147000
23500,-250,11400,"bu","14:19:11",158400
23500,-250,1200,"bu","14:19:33",159600
23500,-250,5000,"bu","14:20:14",164600
23700,-50,1000,"sd","14:20:36",165600
23750,0,700,"bu","14:20:40",166300
23750,0,700,"bu","14:21:10",167000
23850,100,400,"sd","14:21:21",167400
23850,100,200,"sd","14:21:33",167600
23750,0,800,"sd","14:21:37",168400
23750,0,300,"sd","14:22:14",168700
23700,-50,500,"bu","14:22:21",169200
23700,-50,600,"sd","14:22:24",169800
23700,-50,100,"bu","14:22:40",169900
23700,-50,500,"sd","14:22:44",170400
23500,-250,3200,"sd","14:22:48",173600
23500,-250,1700,"bu","14:22:51",175300
23500,-250,400,"bu","14:22:55",175700
23750,0,9000,"bu","14:23:02",184700
23750,0,600,"bu","14:23:15",185300
23950,200,1100,"sd","14:23:49",186400
24000,250,100,"bu","14:23:58",186500
24000,250,1100,"sd","14:24:05",187600
24000,250,400,"sd","14:24:08",188000
24100,350,1100,"bu","14:24:34",189100
24100,350,1100,"bu","14:24:48",190200
24200,450,400,"sd","14:24:51",190600
24200,450,600,"sd","14:25:26",191200
24200,450,100,"bu","14:25:35",191300
24500,750,5600,"sd","14:26:13",196900
24500,750,2000,"bu","14:26:26",198900
24500,750,3000,"bu","14:26:41",201900
24500,750,1800,"bu","14:26:44",203700
24500,750,3000,"bu","14:26:54",206700
24500,750,200,"bu","14:26:58",206900
24600,850,100,"bu","14:27:02",207000
24450,700,1000,"bu","14:27:18",208000
24600,850,600,"sd","14:27:27",208600
24600,850,1000,"sd","14:27:30",209600
24600,850,300,"bu","14:27:34",209900
24700,950,1500,"sd","14:28:50",211400
24800,1050,15000,"bu","14:45:24",226400
