"Stockcode","Package","TradingDate","Price","Vol","TotalVol","TotalVal","Change","IsBuy","PerChange"
"DPM",144425,"/Date(1701416701000)/",33200,152900,1680700,55534000000,250,false,0.76
"DPM",142917,"/Date(1701415794000)/",33000,1000,1527800,50458000000,50,true,0.15
"DPM",142917,"/Date(1701415794000)/",33000,3000,1526800,50425000000,50,true,0.15
"DPM",142917,"/Date(1701415794000)/",33000,600,1523800,50326000000,50,true,0.15
"DPM",142917,"/Date(1701415794000)/",33000,300,1523200,50306000000,50,true,0.15
"DPM",142911,"/Date(1701415785000)/",33000,200,1522900,50296000000,50,true,0.15
"DPM",142911,"/Date(1701415785000)/",33000,300,1522700,50289000000,50,true,0.15
"DPM",142904,"/Date(1701415779000)/",33100,500,1522400,50279000000,150,false,0.46
"DPM",142858,"/Date(1701415773000)/",33050,1000,1521900,50263000000,100,false,0.3
"DPM",142855,"/Date(1701415771000)/",33050,800,1520900,50230000000,100,true,0.3
"DPM",142855,"/Date(1701415770000)/",33050,100,1520100,50203000000,100,true,0.3
"DPM",142855,"/Date(1701415770000)/",33050,100,1520000,50200000000,100,true,0.3
"DPM",142842,"/Date(1701415757000)/",33150,4600,1519900,50197000000,200,false,0.61
"DPM",142842,"/Date(1701415757000)/",33150,100,1515300,50044000000,200,false,0.61
"DPM",142842,"/Date(1701415757000)/",33150,300,1515200,50041000000,200,false,0.61
"DPM",142833,"/Date(1701415747000)/",33000,200,1514900,50031000000,50,true,0.15
"DPM",142817,"/Date(1701415732000)/",33150,400,1514700,50024000000,200,false,0.61
"DPM",142745,"/Date(1701415700000)/",33150,300,1514300,50011000000,200,false,0.61
"DPM",142729,"/Date(1701415685000)/",33150,200,1514000,50001000000,200,true,0.61
"DPM",142719,"/Date(1701415676000)/",33200,300,1513800,49995000000,250,false,0.76
"DPM",142707,"/Date(1701415662000)/",33200,800,1513500,49985000000,250,false,0.76
"DPM",142707,"/Date(1701415662000)/",33200,3000,1512700,49958000000,250,false,0.76
"DPM",142707,"/Date(1701415662000)/",33200,1200,1509700,49858000000,250,false,0.76
"DPM",142700,"/Date(1701415656000)/",33200,500,1508500,49819000000,250,false,0.76
"DPM",142635,"/Date(1701415630000)/",33200,100,1508000,49802000000,250,false,0.76
"DPM",142628,"/Date(1701415625000)/",33200,100,1507900,49799000000,250,false,0.76
"DPM",142600,"/Date(1701415596000)/",33150,1000,1507800,49795000000,200,true,0.61
"DPM",142600,"/Date(1701415594000)/",33200,3000,1506800,49762000000,250,false,0.76
"DPM",142540,"/Date(1701415577000)/",33150,300,1503800,49663000000,200,true,0.61
"DPM",142531,"/Date(1701415567000)/",33200,100,1503500,49653000000,250,false,0.76
"DPM",142531,"/Date(1701415567000)/",33200,700,1503400,49649000000,250,false,0.76
"DPM",142524,"/Date(1701415560000)/",33150,400,1502700,49626000000,200,true,0.61
"DPM",142521,"/Date(1701415555000)/",33150,400,1502300,49613000000,200,true,0.61
"DPM",142515,"/Date(1701415551000)/",33150,1000,1501900,49600000000,200,true,0.61
"DPM",142459,"/Date(1701415535000)/",33150,200,1500900,49566000000,200,true,0.61
"DPM",142449,"/Date(1701415526000)/",33150,1000,1500700,49560000000,200,true,0.61
"DPM",142446,"/Date(1701415521000)/",33150,500,1499700,49527000000,200,true,0.61
"DPM",142443,"/Date(1701415519000)/",33150,100,1499200,49510000000,200,false,0.61
"DPM",142443,"/Date(1701415519000)/",33150,100,1499100,49507000000,200,false,0.61
"DPM",142443,"/Date(1701415519000)/",33150,200,1499000,49503000000,200,false,0.61
"DPM",142443,"/Date(1701415519000)/",33150,200,1498800,49497000000,200,false,0.61
"DPM",142443,"/Date(1701415519000)/",33150,500,1498600,49490000000,200,false,0.61
"DPM",142443,"/Date(1701415519000)/",33150,500,1498100,49474000000,200,false,0.61
"DPM",142443,"/Date(1701415519000)/",33150,100,1497600,49457000000,200,false,0.61
"DPM",142443,"/Date(1701415519000)/",33100,200,1497500,49454000000,150,false,0.46
"DPM",142443,"/Date(1701415519000)/",33100,2000,1497300,49447000000,150,false,0.46
"DPM",142443,"/Date(1701415519000)/",33100,500,1495300,49381000000,150,false,0.46
"DPM",142443,"/Date(1701415519000)/",33100,100,1494800,49364000000,150,false,0.46
"DPM",142443,"/Date(1701415519000)/",33100,1000,1494700,49361000000,150,false,0.46
"DPM",142443,"/Date(1701415519000)/",33100,10000,1493700,49328000000,150,false,0.46
"DPM",142443,"/Date(1701415519000)/",33100,1000,1483700,48997000000,150,false,0.46
"DPM",142443,"/Date(1701415519000)/",33100,3000,1482700,48964000000,150,false,0.46
"DPM",142443,"/Date(1701415519000)/",33100,200,1479700,48865000000,150,false,0.46
"DPM",142443,"/Date(1701415519000)/",33100,2000,1479500,48858000000,150,false,0.46
"DPM",142424,"/Date(1701415499000)/",33000,1600,1477500,48792000000,50,false,0.15
"DPM",142414,"/Date(1701415488000)/",33000,1000,1475900,48739000000,50,true,0.15
"DPM",142414,"/Date(1701415488000)/",33000,800,1474900,48706000000,50,true,0.15
"DPM",142414,"/Date(1701415488000)/",33000,400,1474100,48680000000,50,true,0.15
"DPM",142414,"/Date(1701415488000)/",33000,400,1473700,48666000000,50,true,0.15
"DPM",142414,"/Date(1701415488000)/",33000,100,1473300,48653000000,50,true,0.15
"DPM",142414,"/Date(1701415488000)/",33000,10000,1473200,48650000000,50,true,0.15
"DPM",142414,"/Date(1701415488000)/",33000,100,1463200,48320000000,50,true,0.15
"DPM",142414,"/Date(1701415488000)/",33000,100,1463100,48317000000,50,true,0.15
"DPM",142414,"/Date(1701415488000)/",33000,2000,1463000,48313000000,50,true,0.15
"DPM",142414,"/Date(1701415488000)/",33000,500,1461000,48247000000,50,true,0.15
"DPM",142414,"/Date(1701415488000)/",33000,2000,1460500,48231000000,50,true,0.15
"DPM",142355,"/Date(1701415469000)/",33050,900,1458500,48165000000,100,true,0.3
"DPM",142355,"/Date(1701415469000)/",33050,100,1457600,48135000000,100,true,0.3
"DPM",142339,"/Date(1701415456000)/",33050,300,1457500,48132000000,100,true,0.3
"DPM",142304,"/Date(1701415420000)/",33100,2000,1457200,48122000000,150,false,0.46
"DPM",142239,"/Date(1701415393000)/",33050,200,1455200,48056000000,100,true,0.3
"DPM",142226,"/Date(1701415382000)/",33050,400,1455000,48049000000,100,false,0.3
"DPM",142223,"/Date(1701415379000)/",33100,1000,1454600,48036000000,150,false,0.46
"DPM",142223,"/Date(1701415379000)/",33100,100,1453600,48003000000,150,false,0.46
"DPM",142216,"/Date(1701415373000)/",33050,1100,1453500,47999000000,100,true,0.3
"DPM",142157,"/Date(1701415352000)/",33050,400,1452400,47963000000,100,true,0.3
"DPM",142145,"/Date(1701415340000)/",33050,100,1452000,47950000000,100,true,0.3
"DPM",142145,"/Date(1701415340000)/",33050,100,1451900,47946000000,100,true,0.3
"DPM",142132,"/Date(1701415327000)/",33150,100,1451800,47943000000,200,false,0.61
"DPM",142132,"/Date(1701415327000)/",33100,100,1451700,47940000000,150,false,0.46
"DPM",142054,"/Date(1701415289000)/",33050,500,1451600,47937000000,100,true,0.3
"DPM",142050,"/Date(1701415285000)/",33100,100,1451100,47920000000,150,false,0.46
"DPM",142050,"/Date(1701415285000)/",33100,100,1451000,47917000000,150,false,0.46
"DPM",142050,"/Date(1701415285000)/",33100,1000,1450900,47913000000,150,false,0.46
"DPM",142050,"/Date(1701415285000)/",33100,500,1449900,47880000000,150,false,0.46
"DPM",142044,"/Date(1701415279000)/",33000,800,1449400,47864000000,50,true,0.15
"DPM",142012,"/Date(1701415248000)/",33000,400,1448600,47837000000,50,true,0.15
"DPM",142006,"/Date(1701415242000)/",33100,100,1448200,47824000000,150,false,0.46
"DPM",142006,"/Date(1701415242000)/",33100,1000,1448100,47821000000,150,false,0.46
"DPM",142006,"/Date(1701415242000)/",33100,1000,1447100,47788000000,150,false,0.46
"DPM",142006,"/Date(1701415242000)/",33100,200,1446100,47755000000,150,false,0.46
"DPM",142006,"/Date(1701415242000)/",33050,700,1445900,47748000000,100,false,0.3
"DPM",142006,"/Date(1701415241000)/",33050,200,1445200,47725000000,100,false,0.3
"DPM",141843,"/Date(1701415157000)/",33050,100,1445000,47718000000,100,false,0.3
"DPM",141836,"/Date(1701415151000)/",33100,200,1444900,47715000000,150,false,0.46
"DPM",141830,"/Date(1701415144000)/",33050,400,1444700,47708000000,100,true,0.3
"DPM",141808,"/Date(1701415121000)/",33200,300,1444300,47695000000,250,false,0.76
"DPM",141808,"/Date(1701415121000)/",33200,1000,1444000,47685000000,250,false,0.76
"DPM",141808,"/Date(1701415121000)/",33200,100,1443000,47652000000,250,false,0.76
"DPM",141808,"/Date(1701415121000)/",33200,300,1442900,47649000000,250,false,0.76
"DPM",141808,"/Date(1701415121000)/",33200,200,1442600,47639000000,250,false,0.76
"DPM",141808,"/Date(1701415121000)/",33200,200,1442400,47632000000,250,false,0.76
"DPM",141808,"/Date(1701415121000)/",33200,2000,1442200,47625000000,250,false,0.76
"DPM",141808,"/Date(1701415121000)/",33200,5000,1440200,47559000000,250,false,0.76
"DPM",141808,"/Date(1701415121000)/",33200,7000,1435200,47393000000,250,false,0.76
"DPM",141808,"/Date(1701415121000)/",33200,100,1428200,47161000000,250,false,0.76
"DPM",141808,"/Date(1701415121000)/",33200,300,1428100,47157000000,250,false,0.76
"DPM",141808,"/Date(1701415121000)/",33200,200,1427800,47147000000,250,false,0.76
"DPM",141808,"/Date(1701415121000)/",33200,1000,1427600,47141000000,250,false,0.76
"DPM",141808,"/Date(1701415121000)/",33200,500,1426600,47107000000,250,false,0.76
"DPM",141808,"/Date(1701415121000)/",33200,2000,1426100,47091000000,250,false,0.76
"DPM",141808,"/Date(1701415121000)/",33200,800,1424100,47024000000,250,false,0.76
"DPM",141808,"/Date(1701415121000)/",33200,1000,1423300,46998000000,250,false,0.76
"DPM",141808,"/Date(1701415121000)/",33200,200,1422300,46965000000,250,false,0.76
"DPM",141808,"/Date(1701415121000)/",33200,100,1422100,46958000000,250,false,0.76
"DPM",141808,"/Date(1701415121000)/",33200,200,1422000,46955000000,250,false,0.76
"DPM",141808,"/Date(1701415121000)/",33200,1000,1421800,46948000000,250,false,0.76
"DPM",141808,"/Date(1701415121000)/",33200,1000,1420800,46915000000,250,false,0.76
"DPM",141808,"/Date(1701415121000)/",33200,1300,1419800,46882000000,250,false,0.76
"DPM",141808,"/Date(1701415121000)/",33200,14900,1418500,46839000000,250,false,0.76
"DPM",141808,"/Date(1701415121000)/",33200,10000,1403600,46344000000,250,false,0.76
"DPM",141808,"/Date(1701415121000)/",33150,200,1393600,46012000000,200,false,0.61
"DPM",141808,"/Date(1701415121000)/",33150,100,1393400,46005000000,200,false,0.61
"DPM",141808,"/Date(1701415121000)/",33150,100,1393300,46002000000,200,false,0.61
"DPM",141808,"/Date(1701415121000)/",33150,100,1393200,45999000000,200,false,0.61
"DPM",141808,"/Date(1701415121000)/",33150,200,1393100,45995000000,200,false,0.61
"DPM",141808,"/Date(1701415121000)/",33150,600,1392900,45989000000,200,false,0.61
"DPM",141808,"/Date(1701415121000)/",33150,500,1392300,45969000000,200,false,0.61
"DPM",141808,"/Date(1701415121000)/",33150,500,1391800,45952000000,200,false,0.61
"DPM",141808,"/Date(1701415121000)/",33150,100,1391300,45936000000,200,false,0.61
"DPM",141808,"/Date(1701415121000)/",33150,200,1391200,45932000000,200,false,0.61
"DPM",141808,"/Date(1701415121000)/",33150,2000,1391000,45926000000,200,false,0.61
"DPM",141808,"/Date(1701415121000)/",33150,1000,1389000,45859000000,200,false,0.61
"DPM",141808,"/Date(1701415121000)/",33150,600,1388000,45826000000,200,false,0.61
"DPM",141808,"/Date(1701415121000)/",33150,400,1387400,45806000000,200,false,0.61
"DPM",141808,"/Date(1701415121000)/",33150,100,1387000,45793000000,200,false,0.61
"DPM",141808,"/Date(1701415121000)/",33150,2000,1386900,45790000000,200,false,0.61
"DPM",141808,"/Date(1701415121000)/",33100,100,1384900,45723000000,150,false,0.46
"DPM",141808,"/Date(1701415121000)/",33100,500,1384800,45720000000,150,false,0.46
"DPM",141752,"/Date(1701415106000)/",33100,500,1384300,45704000000,150,false,0.46
"DPM",141736,"/Date(1701415092000)/",33100,200,1383800,45687000000,150,true,0.46
"DPM",141723,"/Date(1701415079000)/",33100,1800,1383600,45680000000,150,false,0.46
"DPM",141717,"/Date(1701415070000)/",33100,1400,1381800,45621000000,150,false,0.46
"DPM",141717,"/Date(1701415070000)/",33100,200,1380400,45574000000,150,false,0.46
"DPM",141717,"/Date(1701415070000)/",33100,100,1380200,45568000000,150,false,0.46
"DPM",141717,"/Date(1701415070000)/",33100,100,1380100,45565000000,150,false,0.46
"DPM",141717,"/Date(1701415070000)/",33100,100,1380000,45561000000,150,false,0.46
"DPM",141717,"/Date(1701415070000)/",33100,100,1379900,45558000000,150,false,0.46
"DPM",141717,"/Date(1701415070000)/",33100,300,1379800,45555000000,150,false,0.46
"DPM",141717,"/Date(1701415070000)/",33100,100,1379500,45545000000,150,false,0.46
"DPM",141717,"/Date(1701415070000)/",33100,8600,1379400,45541000000,150,false,0.46
"DPM",141714,"/Date(1701415068000)/",33050,100,1370800,45257000000,100,true,0.3
"DPM",141645,"/Date(1701415040000)/",33050,400,1370700,45253000000,100,true,0.3
"DPM",141645,"/Date(1701415039000)/",33100,1000,1370300,45240000000,150,false,0.46
"DPM",141629,"/Date(1701415022000)/",33050,1000,1369300,45207000000,100,false,0.3
"DPM",141629,"/Date(1701415022000)/",33050,500,1368300,45174000000,100,false,0.3
"DPM",141626,"/Date(1701415021000)/",33050,1000,1367800,45158000000,100,false,0.3
"DPM",141623,"/Date(1701415018000)/",33050,1000,1366800,45124000000,100,false,0.3
"DPM",141623,"/Date(1701415016000)/",33000,100,1365800,45091000000,50,true,0.15
"DPM",141613,"/Date(1701415008000)/",33000,700,1365700,45088000000,50,false,0.15
"DPM",141613,"/Date(1701415008000)/",33000,100,1365000,45065000000,50,false,0.15
"DPM",141610,"/Date(1701415004000)/",33000,100,1364900,45062000000,50,false,0.15
"DPM",141607,"/Date(1701415003000)/",33000,2500,1364800,45058000000,50,false,0.15
"DPM",141607,"/Date(1701415001000)/",33000,300,1362300,44976000000,50,false,0.15
"DPM",141607,"/Date(1701415001000)/",33000,700,1362000,44966000000,50,false,0.15
"DPM",141607,"/Date(1701415001000)/",33000,600,1361300,44943000000,50,false,0.15
"DPM",141544,"/Date(1701414978000)/",33000,400,1360700,44923000000,50,false,0.15
"DPM",141541,"/Date(1701414976000)/",33000,600,1360300,44910000000,50,false,0.15
"DPM",141541,"/Date(1701414976000)/",33000,200,1359700,44890000000,50,false,0.15
"DPM",141541,"/Date(1701414976000)/",33000,200,1359500,44884000000,50,false,0.15
"DPM",141538,"/Date(1701414971000)/",33000,100,1359300,44877000000,50,false,0.15
"DPM",141531,"/Date(1701414967000)/",33000,700,1359200,44874000000,50,false,0.15
"DPM",141531,"/Date(1701414967000)/",33000,300,1358500,44851000000,50,false,0.15
"DPM",141522,"/Date(1701414957000)/",33000,200,1358200,44841000000,50,false,0.15
"DPM",141512,"/Date(1701414946000)/",32950,300,1358000,44834000000,0,true,0
"DPM",141503,"/Date(1701414936000)/",32950,300,1357700,44824000000,0,true,0
"DPM",141444,"/Date(1701414918000)/",32950,300,1357400,44814000000,0,false,0
"DPM",141444,"/Date(1701414918000)/",32950,1700,1357100,44804000000,0,false,0
"DPM",141434,"/Date(1701414910000)/",32950,500,1355400,44748000000,0,false,0
"DPM",141409,"/Date(1701414883000)/",32900,100,1354900,44732000000,-50,true,-0.15
"DPM",141409,"/Date(1701414883000)/",32900,500,1354800,44729000000,-50,true,-0.15
"DPM",141409,"/Date(1701414883000)/",32900,1000,1354300,44712000000,-50,true,-0.15
"DPM",141318,"/Date(1701414831000)/",32900,400,1353300,44679000000,-50,true,-0.15
"DPM",141230,"/Date(1701414785000)/",32950,200,1352900,44666000000,0,false,0
"DPM",141230,"/Date(1701414785000)/",32950,600,1352700,44660000000,0,false,0
"DPM",141230,"/Date(1701414785000)/",32950,400,1352100,44640000000,0,false,0
"DPM",141201,"/Date(1701414756000)/",32950,100,1351700,44627000000,0,false,0
"DPM",141201,"/Date(1701414756000)/",32950,200,1351600,44623000000,0,false,0
"DPM",141136,"/Date(1701414727000)/",32950,200,1351400,44617000000,0,true,0
"DPM",141107,"/Date(1701414703000)/",33000,1000,1351200,44610000000,50,true,0.15
"DPM",141107,"/Date(1701414703000)/",33000,1000,1350200,44577000000,50,true,0.15
"DPM",141107,"/Date(1701414703000)/",33000,1000,1349200,44544000000,50,true,0.15
"DPM",141107,"/Date(1701414703000)/",33000,400,1348200,44511000000,50,true,0.15
"DPM",141051,"/Date(1701414686000)/",33000,200,1347800,44498000000,50,true,0.15
"DPM",141042,"/Date(1701414676000)/",33050,800,1347600,44491000000,100,true,0.3
"DPM",141016,"/Date(1701414651000)/",33050,100,1346800,44465000000,100,true,0.3
"DPM",141016,"/Date(1701414649000)/",33050,100,1346700,44462000000,100,true,0.3
"DPM",141007,"/Date(1701414640000)/",33050,300,1346600,44458000000,100,true,0.3
"DPM",140948,"/Date(1701414623000)/",33050,400,1346300,44448000000,100,true,0.3
"DPM",140948,"/Date(1701414622000)/",33100,400,1345900,44435000000,150,false,0.46
"DPM",140948,"/Date(1701414622000)/",33100,100,1345500,44422000000,150,false,0.46
"DPM",140932,"/Date(1701414605000)/",33100,100,1345400,44419000000,150,false,0.46
"DPM",140922,"/Date(1701414596000)/",33100,500,1345300,44415000000,150,false,0.46
"DPM",140919,"/Date(1701414592000)/",33100,2000,1344800,44399000000,150,true,0.46
"DPM",140919,"/Date(1701414592000)/",33100,300,1342800,44332000000,150,true,0.46
"DPM",140919,"/Date(1701414592000)/",33100,100,1342500,44323000000,150,true,0.46
"DPM",140919,"/Date(1701414592000)/",33100,1100,1342400,44319000000,150,true,0.46
"DPM",140906,"/Date(1701414580000)/",33100,200,1341300,44283000000,150,true,0.46
"DPM",140900,"/Date(1701414573000)/",33100,100,1341100,44276000000,150,true,0.46
"DPM",140857,"/Date(1701414569000)/",33100,200,1341000,44273000000,150,true,0.46
"DPM",140850,"/Date(1701414565000)/",33100,500,1340800,44266000000,150,true,0.46
"DPM",140838,"/Date(1701414553000)/",33100,200,1340300,44250000000,150,true,0.46
"DPM",140825,"/Date(1701414538000)/",33100,200,1340100,44243000000,150,true,0.46
"DPM",140822,"/Date(1701414535000)/",33100,100,1339900,44236000000,150,true,0.46
"DPM",140806,"/Date(1701414519000)/",33100,400,1339800,44233000000,150,true,0.46
"DPM",140759,"/Date(1701414514000)/",33100,2000,1339400,44220000000,150,true,0.46
"DPM",140753,"/Date(1701414506000)/",33100,500,1337400,44154000000,150,true,0.46
"DPM",140750,"/Date(1701414505000)/",33100,600,1336900,44137000000,150,true,0.46
"DPM",140747,"/Date(1701414500000)/",33100,200,1336300,44117000000,150,true,0.46
"DPM",140734,"/Date(1701414487000)/",33100,100,1336100,44111000000,150,true,0.46
"DPM",140718,"/Date(1701414473000)/",33100,200,1336000,44107000000,150,false,0.46
"DPM",140718,"/Date(1701414473000)/",33100,200,1335800,44101000000,150,false,0.46
"DPM",140718,"/Date(1701414473000)/",33100,100,1335600,44094000000,150,false,0.46
"DPM",140715,"/Date(1701414467000)/",33100,300,1335500,44091000000,150,false,0.46
"DPM",140709,"/Date(1701414463000)/",33100,200,1335200,44081000000,150,false,0.46
"DPM",140640,"/Date(1701414434000)/",33100,100,1335000,44074000000,150,false,0.46
"DPM",140640,"/Date(1701414432000)/",33100,900,1334900,44071000000,150,false,0.46
"DPM",140637,"/Date(1701414429000)/",33050,200,1334000,44041000000,100,true,0.3
"DPM",140627,"/Date(1701414422000)/",33100,500,1333800,44035000000,150,false,0.46
"DPM",140621,"/Date(1701414415000)/",33050,100,1333300,44018000000,100,true,0.3
"DPM",140621,"/Date(1701414415000)/",33050,300,1333200,44015000000,100,true,0.3
"DPM",140618,"/Date(1701414410000)/",33050,500,1332900,44005000000,100,true,0.3
"DPM",140611,"/Date(1701414407000)/",33100,600,1332400,43988000000,150,false,0.46
"DPM",140611,"/Date(1701414407000)/",33100,100,1331800,43968000000,150,false,0.46
"DPM",140611,"/Date(1701414407000)/",33100,200,1331700,43965000000,150,false,0.46
"DPM",140611,"/Date(1701414407000)/",33100,1000,1331500,43959000000,150,false,0.46
"DPM",140611,"/Date(1701414407000)/",33100,7000,1330500,43925000000,150,false,0.46
"DPM",140611,"/Date(1701414407000)/",33100,500,1323500,43694000000,150,false,0.46
"DPM",140611,"/Date(1701414407000)/",33100,5000,1323000,43677000000,150,false,0.46
"DPM",140611,"/Date(1701414407000)/",33100,1500,1318000,43512000000,150,false,0.46
"DPM",140611,"/Date(1701414407000)/",33100,500,1316500,43462000000,150,false,0.46
"DPM",140611,"/Date(1701414407000)/",33100,3600,1316000,43445000000,150,false,0.46
"DPM",140611,"/Date(1701414403000)/",33050,100,1312400,43326000000,100,true,0.3
"DPM",140549,"/Date(1701414382000)/",33050,100,1312300,43323000000,100,true,0.3
"DPM",140508,"/Date(1701414341000)/",33050,200,1312200,43320000000,100,true,0.3
"DPM",140448,"/Date(1701414322000)/",33050,400,1312000,43313000000,100,false,0.3
"DPM",140448,"/Date(1701414322000)/",33050,500,1311600,43300000000,100,false,0.3
"DPM",140448,"/Date(1701414322000)/",33050,500,1311100,43283000000,100,false,0.3
"DPM",140448,"/Date(1701414322000)/",33050,100,1310600,43267000000,100,false,0.3
"DPM",140448,"/Date(1701414322000)/",33050,500,1310500,43264000000,100,false,0.3
"DPM",140448,"/Date(1701414322000)/",33050,1000,1310000,43247000000,100,false,0.3
"DPM",140448,"/Date(1701414322000)/",33050,1500,1309000,43214000000,100,false,0.3
"DPM",140448,"/Date(1701414322000)/",33050,100,1307500,43164000000,100,false,0.3
"DPM",140448,"/Date(1701414322000)/",33050,70000,1307400,43161000000,100,false,0.3
"DPM",140448,"/Date(1701414322000)/",33050,200,1237400,40848000000,100,false,0.3
"DPM",140448,"/Date(1701414322000)/",33050,4600,1237200,40841000000,100,false,0.3
"DPM",140448,"/Date(1701414322000)/",33000,100,1232600,40689000000,50,false,0.15
"DPM",140448,"/Date(1701414322000)/",33000,200,1232500,40686000000,50,false,0.15
"DPM",140448,"/Date(1701414322000)/",33000,100,1232300,40679000000,50,false,0.15
"DPM",140448,"/Date(1701414322000)/",33000,1000,1232200,40676000000,50,false,0.15
"DPM",140448,"/Date(1701414322000)/",33000,100,1231200,40643000000,50,false,0.15
"DPM",140448,"/Date(1701414322000)/",33000,2000,1231100,40639000000,50,false,0.15
"DPM",140448,"/Date(1701414322000)/",33000,5000,1229100,40573000000,50,false,0.15
"DPM",140448,"/Date(1701414322000)/",33000,300,1224100,40408000000,50,false,0.15
"DPM",140448,"/Date(1701414322000)/",33000,100,1223800,40399000000,50,false,0.15
"DPM",140448,"/Date(1701414322000)/",33000,500,1223700,40395000000,50,false,0.15
"DPM",140448,"/Date(1701414322000)/",33000,3000,1223200,40379000000,50,false,0.15
"DPM",140448,"/Date(1701414322000)/",33000,500,1220200,40280000000,50,false,0.15
"DPM",140448,"/Date(1701414322000)/",33000,4000,1219700,40263000000,50,false,0.15
"DPM",140448,"/Date(1701414322000)/",33000,200,1215700,40131000000,50,false,0.15
"DPM",140448,"/Date(1701414322000)/",33000,100,1215500,40125000000,50,false,0.15
"DPM",140448,"/Date(1701414322000)/",33000,500,1215400,40121000000,50,false,0.15
"DPM",140448,"/Date(1701414322000)/",33000,200,1214900,40105000000,50,false,0.15
"DPM",140448,"/Date(1701414322000)/",33000,100,1214700,40098000000,50,false,0.15
"DPM",140448,"/Date(1701414322000)/",33000,300,1214600,40095000000,50,false,0.15
"DPM",140448,"/Date(1701414322000)/",33000,2000,1214300,40085000000,50,false,0.15
"DPM",140448,"/Date(1701414322000)/",33000,200,1212300,40019000000,50,false,0.15
"DPM",140448,"/Date(1701414322000)/",33000,200,1212100,40012000000,50,false,0.15
"DPM",140448,"/Date(1701414322000)/",33000,400,1211900,40006000000,50,false,0.15
"DPM",140448,"/Date(1701414322000)/",33000,200,1211500,39993000000,50,false,0.15
"DPM",140448,"/Date(1701414322000)/",33000,200,1211300,39986000000,50,false,0.15
"DPM",140448,"/Date(1701414322000)/",33000,100,1211100,39979000000,50,false,0.15
"DPM",140448,"/Date(1701414322000)/",33000,1800,1211000,39976000000,50,false,0.15
"DPM",140448,"/Date(1701414322000)/",33000,400,1209200,39917000000,50,false,0.15
"DPM",140448,"/Date(1701414322000)/",33000,1000,1208800,39904000000,50,false,0.15
"DPM",140448,"/Date(1701414322000)/",33000,4600,1207800,39871000000,50,false,0.15
"DPM",140439,"/Date(1701414314000)/",33000,800,1203200,39719000000,50,false,0.15
"DPM",140439,"/Date(1701414311000)/",32950,400,1202400,39692000000,0,true,0
"DPM",140436,"/Date(1701414310000)/",33000,2700,1202000,39679000000,50,false,0.15
"DPM",140413,"/Date(1701414287000)/",33000,100,1199300,39590000000,50,false,0.15
"DPM",140354,"/Date(1701414267000)/",33000,800,1199200,39587000000,50,false,0.15
"DPM",140351,"/Date(1701414264000)/",32950,100,1198400,39560000000,0,false,0
"DPM",140351,"/Date(1701414264000)/",32950,500,1198300,39557000000,0,false,0
"DPM",140351,"/Date(1701414264000)/",32950,3900,1197800,39541000000,0,false,0
"DPM",140348,"/Date(1701414260000)/",32950,700,1193900,39412000000,0,false,0
"DPM",140345,"/Date(1701414259000)/",32950,400,1193200,39389000000,0,false,0
"DPM",140345,"/Date(1701414259000)/",32950,1600,1192800,39376000000,0,false,0
"DPM",140300,"/Date(1701414212000)/",32950,800,1191200,39323000000,0,false,0
"DPM",140254,"/Date(1701414207000)/",32900,400,1190400,39297000000,-50,true,-0.15
"DPM",140244,"/Date(1701414198000)/",32900,300,1190000,39284000000,-50,true,-0.15
"DPM",140228,"/Date(1701414181000)/",32900,1200,1189700,39274000000,-50,true,-0.15
"DPM",140228,"/Date(1701414180000)/",32900,100,1188500,39234000000,-50,true,-0.15
"DPM",140225,"/Date(1701414177000)/",32900,700,1188400,39231000000,-50,true,-0.15
"DPM",140222,"/Date(1701414175000)/",32900,400,1187700,39208000000,-50,true,-0.15
"DPM",140124,"/Date(1701414119000)/",32900,400,1187300,39195000000,-50,true,-0.15
"DPM",140108,"/Date(1701414103000)/",32900,400,1186900,39182000000,-50,true,-0.15
"DPM",135936,"/Date(1701414011000)/",32950,200,1186500,39168000000,0,false,0
"DPM",135933,"/Date(1701414006000)/",32950,300,1186300,39162000000,0,false,0
"DPM",135927,"/Date(1701414001000)/",32950,1000,1186000,39152000000,0,false,0
"DPM",135927,"/Date(1701414001000)/",32950,100,1185000,39119000000,0,false,0
"DPM",135927,"/Date(1701413999000)/",32900,300,1184900,39116000000,-50,true,-0.15
"DPM",135842,"/Date(1701413956000)/",32950,1000,1184600,39106000000,0,false,0
"DPM",135829,"/Date(1701413943000)/",32900,3100,1183600,39073000000,-50,true,-0.15
"DPM",135742,"/Date(1701413895000)/",32850,300,1180500,38971000000,-100,false,-0.3
"DPM",135742,"/Date(1701413895000)/",32850,100,1180200,38961000000,-100,false,-0.3
"DPM",135651,"/Date(1701413842000)/",32850,300,1180100,38958000000,-100,false,-0.3
"DPM",135635,"/Date(1701413828000)/",32850,100,1179800,38948000000,-100,true,-0.3
"DPM",135635,"/Date(1701413828000)/",32850,100,1179700,38945000000,-100,true,-0.3
"DPM",135635,"/Date(1701413828000)/",32850,500,1179600,38941000000,-100,true,-0.3
"DPM",135635,"/Date(1701413826000)/",32900,800,1179100,38925000000,-50,false,-0.15
"DPM",135628,"/Date(1701413822000)/",32900,700,1178300,38899000000,-50,false,-0.15
"DPM",135628,"/Date(1701413822000)/",32900,200,1177600,38876000000,-50,false,-0.15
"DPM",135628,"/Date(1701413822000)/",32900,100,1177400,38869000000,-50,false,-0.15
"DPM",135609,"/Date(1701413801000)/",32850,2000,1177300,38866000000,-100,false,-0.3
"DPM",135557,"/Date(1701413791000)/",32800,400,1175300,38800000000,-150,true,-0.46
"DPM",135531,"/Date(1701413765000)/",32850,100,1174900,38787000000,-100,false,-0.3
"DPM",135506,"/Date(1701413740000)/",32850,300,1174800,38784000000,-100,false,-0.3
"DPM",135453,"/Date(1701413726000)/",32850,1000,1174500,38774000000,-100,false,-0.3
"DPM",135447,"/Date(1701413718000)/",32850,800,1173500,38741000000,-100,false,-0.3
"DPM",135443,"/Date(1701413715000)/",32800,100,1172700,38715000000,-150,true,-0.46
"DPM",135443,"/Date(1701413715000)/",32800,500,1172600,38711000000,-150,true,-0.46
"DPM",135443,"/Date(1701413715000)/",32800,500,1172100,38695000000,-150,true,-0.46
"DPM",135443,"/Date(1701413715000)/",32800,500,1171600,38679000000,-150,true,-0.46
"DPM",135443,"/Date(1701413715000)/",32800,300,1171100,38662000000,-150,true,-0.46
"DPM",135443,"/Date(1701413715000)/",32800,100,1170800,38652000000,-150,true,-0.46
"DPM",135443,"/Date(1701413715000)/",32800,200,1170700,38649000000,-150,true,-0.46
"DPM",135443,"/Date(1701413715000)/",32800,100,1170500,38642000000,-150,true,-0.46
"DPM",135443,"/Date(1701413715000)/",32800,100,1170400,38639000000,-150,true,-0.46
"DPM",135443,"/Date(1701413715000)/",32800,500,1170300,38636000000,-150,true,-0.46
"DPM",135443,"/Date(1701413715000)/",32800,100,1169800,38619000000,-150,true,-0.46
"DPM",135437,"/Date(1701413709000)/",32850,800,1169700,38616000000,-100,false,-0.3
"DPM",135437,"/Date(1701413709000)/",32850,200,1168900,38590000000,-100,false,-0.3
"DPM",135437,"/Date(1701413709000)/",32850,100,1168700,38583000000,-100,false,-0.3
"DPM",135437,"/Date(1701413709000)/",32850,300,1168600,38580000000,-100,false,-0.3
"DPM",135437,"/Date(1701413709000)/",32850,600,1168300,38570000000,-100,false,-0.3
"DPM",135431,"/Date(1701413704000)/",32800,600,1167700,38550000000,-150,true,-0.46
"DPM",135418,"/Date(1701413689000)/",32850,100,1167100,38531000000,-100,false,-0.3
"DPM",135415,"/Date(1701413687000)/",32800,400,1167000,38528000000,-150,true,-0.46
"DPM",135336,"/Date(1701413649000)/",32850,400,1166600,38514000000,-100,false,-0.3
"DPM",135249,"/Date(1701413600000)/",32850,1200,1166200,38501000000,-100,false,-0.3
"DPM",135245,"/Date(1701413598000)/",32800,900,1165000,38462000000,-150,true,-0.46
"DPM",135245,"/Date(1701413598000)/",32800,600,1164100,38432000000,-150,true,-0.46
"DPM",135230,"/Date(1701413582000)/",32800,400,1163500,38413000000,-150,true,-0.46
"DPM",135214,"/Date(1701413565000)/",32800,4000,1163100,38400000000,-150,true,-0.46
"DPM",135214,"/Date(1701413565000)/",32800,200,1159100,38268000000,-150,true,-0.46
"DPM",135214,"/Date(1701413565000)/",32800,100,1158900,38262000000,-150,true,-0.46
"DPM",135214,"/Date(1701413565000)/",32800,500,1158800,38258000000,-150,true,-0.46
"DPM",135135,"/Date(1701413529000)/",32800,100,1158300,38242000000,-150,true,-0.46
"DPM",135113,"/Date(1701413506000)/",32800,400,1158200,38239000000,-150,true,-0.46
"DPM",135113,"/Date(1701413506000)/",32800,200,1157800,38226000000,-150,true,-0.46
"DPM",135113,"/Date(1701413506000)/",32800,400,1157600,38219000000,-150,true,-0.46
"DPM",135044,"/Date(1701413478000)/",32800,100,1157200,38206000000,-150,true,-0.46
"DPM",135044,"/Date(1701413478000)/",32800,300,1157100,38203000000,-150,true,-0.46
"DPM",134922,"/Date(1701413394000)/",32800,700,1156800,38193000000,-150,true,-0.46
"DPM",134922,"/Date(1701413394000)/",32800,100,1156100,38170000000,-150,true,-0.46
"DPM",134922,"/Date(1701413394000)/",32800,100,1156000,38167000000,-150,true,-0.46
"DPM",134922,"/Date(1701413394000)/",32800,100,1155900,38163000000,-150,true,-0.46
"DPM",134915,"/Date(1701413388000)/",32800,1000,1155800,38160000000,-150,true,-0.46
"DPM",134915,"/Date(1701413386000)/",32800,1900,1154800,38127000000,-150,true,-0.46
"DPM",134915,"/Date(1701413386000)/",32800,100,1152900,38065000000,-150,true,-0.46
"DPM",134915,"/Date(1701413386000)/",32800,9900,1152800,38062000000,-150,true,-0.46
"DPM",134915,"/Date(1701413386000)/",32800,3100,1142900,37737000000,-150,true,-0.46
"DPM",134902,"/Date(1701413374000)/",32800,400,1139800,37635000000,-150,true,-0.46
"DPM",134840,"/Date(1701413351000)/",32850,100,1139400,37622000000,-100,true,-0.3
"DPM",134746,"/Date(1701413300000)/",32850,500,1139300,37619000000,-100,false,-0.3
"DPM",134740,"/Date(1701413292000)/",32850,100,1138800,37602000000,-100,true,-0.3
"DPM",134740,"/Date(1701413292000)/",32850,100,1138700,37599000000,-100,true,-0.3
"DPM",134740,"/Date(1701413292000)/",32850,1800,1138600,37596000000,-100,true,-0.3
"DPM",134717,"/Date(1701413270000)/",32850,200,1136800,37537000000,-100,true,-0.3
"DPM",134717,"/Date(1701413270000)/",32850,100,1136600,37530000000,-100,true,-0.3
"DPM",134717,"/Date(1701413270000)/",32850,100,1136500,37527000000,-100,true,-0.3
"DPM",134645,"/Date(1701413239000)/",32850,100,1136400,37524000000,-100,true,-0.3
"DPM",134535,"/Date(1701413166000)/",32850,400,1136300,37520000000,-100,true,-0.3
"DPM",134520,"/Date(1701413152000)/",32950,200,1135900,37507000000,0,false,0
"DPM",134425,"/Date(1701413097000)/",32950,1400,1135700,37501000000,0,false,0
"DPM",134350,"/Date(1701413062000)/",32850,200,1134300,37454000000,-100,true,-0.3
"DPM",134350,"/Date(1701413062000)/",32850,200,1134100,37448000000,-100,true,-0.3
"DPM",134205,"/Date(1701412958000)/",32850,300,1133900,37441000000,-100,true,-0.3
"DPM",134121,"/Date(1701412913000)/",32950,5900,1133600,37431000000,0,false,0
"DPM",134121,"/Date(1701412913000)/",32950,100,1127700,37237000000,0,false,0
"DPM",134121,"/Date(1701412913000)/",32950,600,1127600,37234000000,0,false,0
"DPM",134121,"/Date(1701412913000)/",32950,100,1127000,37214000000,0,false,0
"DPM",134121,"/Date(1701412913000)/",32950,2900,1126900,37211000000,0,false,0
"DPM",134121,"/Date(1701412913000)/",32850,400,1124000,37115000000,-100,false,-0.3
"DPM",134055,"/Date(1701412887000)/",32850,300,1123600,37102000000,-100,false,-0.3
"DPM",134030,"/Date(1701412861000)/",32850,200,1123300,37092000000,-100,false,-0.3
"DPM",134030,"/Date(1701412861000)/",32850,100,1123100,37086000000,-100,false,-0.3
"DPM",134023,"/Date(1701412854000)/",32850,400,1123000,37082000000,-100,true,-0.3
"DPM",134017,"/Date(1701412848000)/",32850,100,1122600,37069000000,-100,true,-0.3
"DPM",134008,"/Date(1701412838000)/",32950,500,1122500,37066000000,0,false,0
"DPM",133907,"/Date(1701412780000)/",32950,1600,1122000,37049000000,0,false,0
"DPM",133907,"/Date(1701412780000)/",32950,1000,1120400,36997000000,0,false,0
"DPM",133907,"/Date(1701412780000)/",32950,1000,1119400,36964000000,0,false,0
"DPM",133907,"/Date(1701412780000)/",32950,1000,1118400,36931000000,0,false,0
"DPM",133907,"/Date(1701412780000)/",32950,500,1117400,36898000000,0,false,0
"DPM",133907,"/Date(1701412780000)/",32950,100,1116900,36881000000,0,false,0
"DPM",133907,"/Date(1701412780000)/",32950,1000,1116800,36878000000,0,false,0
"DPM",133907,"/Date(1701412780000)/",32950,500,1115800,36845000000,0,false,0
"DPM",133907,"/Date(1701412780000)/",32900,1700,1115300,36829000000,-50,false,-0.15
"DPM",133907,"/Date(1701412780000)/",32900,1000,1113600,36773000000,-50,false,-0.15
"DPM",133907,"/Date(1701412780000)/",32900,600,1112600,36740000000,-50,false,-0.15
"DPM",133838,"/Date(1701412750000)/",32850,200,1112000,36720000000,-100,true,-0.3
"DPM",133838,"/Date(1701412750000)/",32800,400,1111800,36713000000,-150,true,-0.46
"DPM",133728,"/Date(1701412680000)/",32800,1100,1111400,36700000000,-150,true,-0.46
"DPM",133728,"/Date(1701412680000)/",32800,100,1110300,36664000000,-150,true,-0.46
"DPM",133728,"/Date(1701412680000)/",32800,100,1110200,36661000000,-150,true,-0.46
"DPM",133728,"/Date(1701412680000)/",32800,100,1110100,36658000000,-150,true,-0.46
"DPM",133728,"/Date(1701412680000)/",32800,300,1110000,36654000000,-150,true,-0.46
"DPM",133728,"/Date(1701412680000)/",32800,100,1109700,36645000000,-150,true,-0.46
"DPM",133728,"/Date(1701412680000)/",32800,100,1109600,36641000000,-150,true,-0.46
"DPM",133728,"/Date(1701412680000)/",32800,300,1109500,36638000000,-150,true,-0.46
"DPM",133709,"/Date(1701412661000)/",32850,100,1109200,36628000000,-100,false,-0.3
"DPM",133657,"/Date(1701412646000)/",32850,100,1109100,36625000000,-100,true,-0.3
"DPM",133622,"/Date(1701412613000)/",32900,300,1109000,36622000000,-50,false,-0.15
"DPM",133606,"/Date(1701412597000)/",32900,100,1108700,36612000000,-50,false,-0.15
"DPM",133606,"/Date(1701412597000)/",32900,200,1108600,36608000000,-50,false,-0.15
"DPM",133556,"/Date(1701412587000)/",32850,100,1108400,36602000000,-100,false,-0.3
"DPM",133540,"/Date(1701412570000)/",32800,700,1108300,36599000000,-150,true,-0.46
"DPM",133540,"/Date(1701412570000)/",32800,300,1107600,36576000000,-150,true,-0.46
"DPM",133512,"/Date(1701412542000)/",32800,400,1107300,36566000000,-150,true,-0.46
"DPM",133339,"/Date(1701412452000)/",32800,2000,1106900,36553000000,-150,true,-0.46
"DPM",133327,"/Date(1701412438000)/",32800,400,1104900,36487000000,-150,true,-0.46
"DPM",133239,"/Date(1701412389000)/",32900,300,1104500,36474000000,-50,false,-0.15
"DPM",133239,"/Date(1701412389000)/",32900,1000,1104200,36464000000,-50,false,-0.15
"DPM",133239,"/Date(1701412389000)/",32900,8700,1103200,36431000000,-50,false,-0.15
"DPM",133145,"/Date(1701412337000)/",32900,1300,1094500,36145000000,-50,false,-0.15
"DPM",133142,"/Date(1701412333000)/",32900,400,1093200,36102000000,-50,true,-0.15
"DPM",133135,"/Date(1701412327000)/",32900,1300,1092800,36089000000,-50,true,-0.15
"DPM",133135,"/Date(1701412327000)/",32900,200,1091500,36046000000,-50,true,-0.15
"DPM",133135,"/Date(1701412327000)/",32900,100,1091300,36040000000,-50,true,-0.15
"DPM",133135,"/Date(1701412327000)/",32900,500,1091200,36036000000,-50,true,-0.15
"DPM",133135,"/Date(1701412327000)/",32900,100,1090700,36020000000,-50,true,-0.15
"DPM",133135,"/Date(1701412327000)/",32900,100,1090600,36017000000,-50,true,-0.15
"DPM",133135,"/Date(1701412327000)/",32900,500,1090500,36013000000,-50,true,-0.15
"DPM",133135,"/Date(1701412327000)/",32900,1500,1090000,35997000000,-50,true,-0.15
"DPM",133135,"/Date(1701412327000)/",32900,2000,1088500,35948000000,-50,true,-0.15
"DPM",133135,"/Date(1701412327000)/",32900,1000,1086500,35882000000,-50,true,-0.15
"DPM",133135,"/Date(1701412327000)/",32900,1000,1085500,35849000000,-50,true,-0.15
"DPM",133135,"/Date(1701412327000)/",32900,900,1084500,35816000000,-50,true,-0.15
"DPM",133107,"/Date(1701412299000)/",32900,500,1083600,35786000000,-50,true,-0.15
"DPM",133000,"/Date(1701412229000)/",32900,400,1083100,35770000000,-50,true,-0.15
"DPM",132815,"/Date(1701412125000)/",32900,200,1082700,35757000000,-50,true,-0.15
"DPM",132815,"/Date(1701412125000)/",32900,200,1082500,35750000000,-50,true,-0.15
"DPM",132802,"/Date(1701412111000)/",32950,1000,1082300,35744000000,0,false,0
"DPM",132743,"/Date(1701412095000)/",32950,5000,1081300,35711000000,0,true,0
"DPM",132743,"/Date(1701412095000)/",32950,500,1076300,35546000000,0,true,0
"DPM",132743,"/Date(1701412095000)/",32950,500,1075800,35529000000,0,true,0
"DPM",132743,"/Date(1701412095000)/",32950,1000,1075300,35513000000,0,true,0
"DPM",132743,"/Date(1701412095000)/",32950,500,1074300,35480000000,0,true,0
"DPM",132743,"/Date(1701412095000)/",32950,1000,1073800,35464000000,0,true,0
"DPM",132743,"/Date(1701412095000)/",32950,1300,1072800,35431000000,0,true,0
"DPM",132645,"/Date(1701412037000)/",33000,100,1071500,35388000000,50,false,0.15
"DPM",132642,"/Date(1701412033000)/",32950,300,1071400,35384000000,0,true,0
"DPM",132642,"/Date(1701412033000)/",32950,200,1071100,35375000000,0,true,0
"DPM",132629,"/Date(1701412021000)/",32950,400,1070900,35368000000,0,true,0
"DPM",132539,"/Date(1701411969000)/",32950,400,1070500,35355000000,0,true,0
"DPM",132539,"/Date(1701411969000)/",32950,100,1070100,35342000000,0,true,0
"DPM",132448,"/Date(1701411917000)/",32950,300,1070000,35338000000,0,true,0
"DPM",132422,"/Date(1701411891000)/",32950,100,1069700,35328000000,0,true,0
"DPM",132335,"/Date(1701411844000)/",32950,100,1069600,35325000000,0,true,0
"DPM",132335,"/Date(1701411844000)/",32950,900,1069500,35322000000,0,true,0
"DPM",132306,"/Date(1701411814000)/",32950,100,1068600,35292000000,0,true,0
"DPM",132306,"/Date(1701411814000)/",32950,900,1068500,35289000000,0,true,0
"DPM",132303,"/Date(1701411813000)/",32950,400,1067600,35259000000,0,true,0
"DPM",132133,"/Date(1701411722000)/",32950,100,1067200,35246000000,0,true,0
"DPM",132133,"/Date(1701411722000)/",32950,200,1067100,35243000000,0,true,0
"DPM",132133,"/Date(1701411722000)/",32950,100,1066900,35236000000,0,true,0
"DPM",132133,"/Date(1701411722000)/",32950,500,1066800,35233000000,0,true,0
"DPM",132133,"/Date(1701411722000)/",32950,100,1066300,35216000000,0,true,0
"DPM",132121,"/Date(1701411709000)/",32950,400,1066200,35213000000,0,true,0
"DPM",131936,"/Date(1701411605000)/",32950,300,1065800,35200000000,0,true,0
"DPM",131936,"/Date(1701411605000)/",32950,100,1065500,35190000000,0,true,0
"DPM",131929,"/Date(1701411599000)/",32950,400,1065400,35187000000,0,true,0
"DPM",131929,"/Date(1701411599000)/",32950,600,1065000,35174000000,0,true,0
"DPM",131858,"/Date(1701411568000)/",32950,100,1064400,35154000000,0,true,0
"DPM",131826,"/Date(1701411535000)/",32950,300,1064300,35150000000,0,true,0
"DPM",131826,"/Date(1701411535000)/",32950,200,1064000,35141000000,0,true,0
"DPM",131810,"/Date(1701411518000)/",32950,1000,1063800,35134000000,0,true,0
"DPM",131751,"/Date(1701411501000)/",32950,400,1062800,35101000000,0,true,0
"DPM",131716,"/Date(1701411464000)/",33000,900,1062400,35088000000,50,false,0.15
"DPM",131716,"/Date(1701411464000)/",33000,100,1061500,35058000000,50,false,0.15
"DPM",131631,"/Date(1701411420000)/",32950,100,1061400,35055000000,0,true,0
"DPM",131609,"/Date(1701411397000)/",32950,400,1061300,35052000000,0,true,0
"DPM",131540,"/Date(1701411370000)/",32950,600,1060900,35038000000,0,true,0
"DPM",131531,"/Date(1701411360000)/",33000,500,1060300,35019000000,50,false,0.15
"DPM",131512,"/Date(1701411341000)/",33000,1000,1059800,35002000000,50,false,0.15
"DPM",131446,"/Date(1701411316000)/",33000,1200,1058800,34969000000,50,false,0.15
"DPM",131424,"/Date(1701411293000)/",32950,400,1057600,34930000000,0,true,0
"DPM",131418,"/Date(1701411286000)/",32950,100,1057200,34916000000,0,true,0
"DPM",131352,"/Date(1701411260000)/",32950,100,1057100,34913000000,0,true,0
"DPM",131308,"/Date(1701411216000)/",32950,500,1057000,34910000000,0,true,0
"DPM",131239,"/Date(1701411189000)/",32950,400,1056500,34893000000,0,true,0
"DPM",131233,"/Date(1701411182000)/",32950,200,1056100,34880000000,0,true,0
"DPM",131145,"/Date(1701411134000)/",32950,200,1055900,34874000000,0,true,0
"DPM",131145,"/Date(1701411134000)/",32950,300,1055700,34867000000,0,true,0
"DPM",131139,"/Date(1701411127000)/",32950,200,1055400,34857000000,0,true,0
"DPM",131123,"/Date(1701411111000)/",32950,100,1055200,34850000000,0,true,0
"DPM",131120,"/Date(1701411108000)/",32950,600,1055100,34847000000,0,false,0
"DPM",131104,"/Date(1701411092000)/",32950,400,1054500,34827000000,0,false,0
"DPM",131104,"/Date(1701411092000)/",32950,300,1054100,34814000000,0,false,0
"DPM",131104,"/Date(1701411092000)/",32950,100,1053800,34804000000,0,false,0
"DPM",131104,"/Date(1701411092000)/",32950,1000,1053700,34801000000,0,false,0
"DPM",131104,"/Date(1701411092000)/",32950,2500,1052700,34768000000,0,false,0
"DPM",131104,"/Date(1701411092000)/",32950,500,1050200,34686000000,0,false,0
"DPM",131104,"/Date(1701411092000)/",32950,1000,1049700,34669000000,0,false,0
"DPM",131104,"/Date(1701411092000)/",32950,4200,1048700,34636000000,0,false,0
"DPM",131054,"/Date(1701411084000)/",32900,400,1044500,34498000000,-50,true,-0.15
"DPM",131016,"/Date(1701411043000)/",32900,1000,1044100,34485000000,-50,false,-0.15
"DPM",131016,"/Date(1701411043000)/",32900,500,1043100,34452000000,-50,false,-0.15
"DPM",131016,"/Date(1701411043000)/",32900,2000,1042600,34435000000,-50,false,-0.15
"DPM",131016,"/Date(1701411043000)/",32900,900,1040600,34370000000,-50,false,-0.15
"DPM",130957,"/Date(1701411025000)/",32800,5000,1039700,34340000000,-150,true,-0.46
"DPM",130954,"/Date(1701411023000)/",32800,1000,1034700,34176000000,-150,true,-0.46
"DPM",130912,"/Date(1701410980000)/",32800,300,1033700,34143000000,-150,true,-0.46
"DPM",130853,"/Date(1701410960000)/",32850,300,1033400,34133000000,-100,false,-0.3
"DPM",130853,"/Date(1701410960000)/",32850,500,1033100,34123000000,-100,false,-0.3
"DPM",130853,"/Date(1701410960000)/",32850,200,1032600,34107000000,-100,false,-0.3
"DPM",130850,"/Date(1701410957000)/",32800,300,1032400,34100000000,-150,true,-0.46
"DPM",130834,"/Date(1701410943000)/",32800,300,1032100,34091000000,-150,true,-0.46
"DPM",130831,"/Date(1701410940000)/",32800,500,1031800,34081000000,-150,false,-0.46
"DPM",130831,"/Date(1701410939000)/",32800,100,1031300,34064000000,-150,false,-0.46
"DPM",130825,"/Date(1701410933000)/",32800,100,1031200,34061000000,-150,false,-0.46
"DPM",130818,"/Date(1701410925000)/",32800,300,1031100,34058000000,-150,false,-0.46
"DPM",130812,"/Date(1701410920000)/",32800,1000,1030800,34048000000,-150,false,-0.46
"DPM",130809,"/Date(1701410918000)/",32800,2000,1029800,34015000000,-150,true,-0.46
"DPM",130809,"/Date(1701410918000)/",32800,3000,1027800,33950000000,-150,true,-0.46
"DPM",130809,"/Date(1701410918000)/",32800,500,1024800,33851000000,-150,true,-0.46
"DPM",130809,"/Date(1701410918000)/",32800,1000,1024300,33835000000,-150,true,-0.46
"DPM",130809,"/Date(1701410918000)/",32800,1200,1023300,33802000000,-150,true,-0.46
"DPM",130759,"/Date(1701410908000)/",32800,400,1022100,33763000000,-150,true,-0.46
"DPM",130740,"/Date(1701410887000)/",32800,100,1021700,33750000000,-150,true,-0.46
"DPM",130728,"/Date(1701410877000)/",32850,500,1021600,33746000000,-100,false,-0.3
"DPM",130728,"/Date(1701410876000)/",32800,400,1021100,33730000000,-150,true,-0.46
"DPM",130559,"/Date(1701410788000)/",32900,100,1020700,33717000000,-50,false,-0.15
"DPM",130543,"/Date(1701410772000)/",32800,400,1020600,33713000000,-150,true,-0.46
"DPM",130527,"/Date(1701410756000)/",32800,500,1020200,33700000000,-150,false,-0.46
"DPM",130527,"/Date(1701410754000)/",32800,400,1019700,33684000000,-150,false,-0.46
"DPM",130517,"/Date(1701410747000)/",32750,400,1019300,33671000000,-200,true,-0.61
"DPM",130517,"/Date(1701410747000)/",32750,1000,1018900,33658000000,-200,true,-0.61
"DPM",130511,"/Date(1701410739000)/",32800,100,1017900,33625000000,-150,false,-0.46
"DPM",130508,"/Date(1701410737000)/",32800,1000,1017800,33622000000,-150,false,-0.46
"DPM",130458,"/Date(1701410728000)/",32800,3000,1016800,33589000000,-150,false,-0.46
"DPM",130430,"/Date(1701410696000)/",32800,400,1013800,33490000000,-150,true,-0.46
"DPM",130430,"/Date(1701410696000)/",32800,100,1013400,33477000000,-150,true,-0.46
"DPM",130420,"/Date(1701410688000)/",32800,2400,1013300,33474000000,-150,true,-0.46
"DPM",130420,"/Date(1701410688000)/",32800,600,1010900,33395000000,-150,true,-0.46
"DPM",130420,"/Date(1701410688000)/",32800,300,1010300,33376000000,-150,true,-0.46
"DPM",130420,"/Date(1701410688000)/",32800,500,1010000,33366000000,-150,true,-0.46
"DPM",130420,"/Date(1701410688000)/",32800,1200,1009500,33349000000,-150,true,-0.46
"DPM",130401,"/Date(1701410668000)/",32800,200,1008300,33310000000,-150,true,-0.46
"DPM",130401,"/Date(1701410668000)/",32800,100,1008100,33303000000,-150,true,-0.46
"DPM",130401,"/Date(1701410668000)/",32800,100,1008000,33300000000,-150,true,-0.46
"DPM",130320,"/Date(1701410628000)/",32850,400,1007900,33297000000,-100,false,-0.3
"DPM",130317,"/Date(1701410626000)/",32850,100,1007500,33284000000,-100,false,-0.3
"DPM",130232,"/Date(1701410581000)/",32850,100,1007400,33281000000,-100,true,-0.3
"DPM",130216,"/Date(1701410564000)/",32850,400,1007300,33277000000,-100,true,-0.3
"DPM",130034,"/Date(1701410460000)/",32800,100,1006900,33264000000,-150,true,-0.46
"DPM",130034,"/Date(1701410460000)/",32800,300,1006800,33261000000,-150,true,-0.46
"DPM",130025,"/Date(1701410442000)/",32800,700,1006500,33251000000,-150,true,-0.46
"DPM",130025,"/Date(1701410442000)/",32800,1300,1005800,33228000000,-150,true,-0.46
"DPM",130018,"/Date(1701410415000)/",32800,400,1004500,33185000000,-150,false,-0.46
"DPM",130015,"/Date(1701410412000)/",32800,100,1004100,33172000000,-150,true,-0.46
"DPM",130015,"/Date(1701410410000)/",32800,1000,1004000,33169000000,-150,true,-0.46
"DPM",130015,"/Date(1701410410000)/",32800,1000,1003000,33136000000,-150,true,-0.46
"DPM",130015,"/Date(1701410410000)/",32800,500,1002000,33103000000,-150,true,-0.46
"DPM",130015,"/Date(1701410410000)/",32800,200,1001500,33087000000,-150,true,-0.46
"DPM",130015,"/Date(1701410410000)/",32800,100,1001300,33080000000,-150,true,-0.46
"DPM",130015,"/Date(1701410410000)/",32800,200,1001200,33077000000,-150,true,-0.46
"DPM",130015,"/Date(1701410410000)/",32800,1200,1001000,33071000000,-150,true,-0.46
"DPM",130015,"/Date(1701410410000)/",32800,1500,999800,33031000000,-150,true,-0.46
"DPM",130015,"/Date(1701410410000)/",32800,100,998300,32982000000,-150,true,-0.46
"DPM",130015,"/Date(1701410410000)/",32800,200,998200,32979000000,-150,true,-0.46
"DPM",130015,"/Date(1701410410000)/",32800,1000,998000,32972000000,-150,true,-0.46
"DPM",130015,"/Date(1701410410000)/",32800,500,997000,32939000000,-150,true,-0.46
"DPM",130015,"/Date(1701410409000)/",32800,500,996500,32923000000,-150,true,-0.46
"DPM",130015,"/Date(1701410409000)/",32800,100,996000,32907000000,-150,true,-0.46
"DPM",130015,"/Date(1701410409000)/",32800,100,995900,32903000000,-150,true,-0.46
"DPM",130015,"/Date(1701410409000)/",32900,2900,995800,32900000000,-50,true,-0.15
"DPM",130006,"/Date(1701410401000)/",32900,100,992900,32805000000,-50,true,-0.15
"DPM",130002,"/Date(1701410400000)/",32800,400,992800,32801000000,-150,true,-0.46
"DPM",130002,"/Date(1701410400000)/",32800,100,992400,32788000000,-150,true,-0.46
"DPM",130002,"/Date(1701410400000)/",32800,4000,992300,32785000000,-150,true,-0.46
"DPM",130002,"/Date(1701410400000)/",32800,4000,988300,32654000000,-150,true,-0.46
"DPM",130002,"/Date(1701410400000)/",32800,500,984300,32522000000,-150,true,-0.46
"DPM",130002,"/Date(1701410400000)/",32800,100,983800,32506000000,-150,true,-0.46
"DPM",130002,"/Date(1701410400000)/",32800,600,983700,32503000000,-150,true,-0.46
"DPM",130002,"/Date(1701410400000)/",32800,300,983100,32483000000,-150,true,-0.46
"DPM",112919,"/Date(1701404980000)/",32800,700,982800,32473000000,-150,true,-0.46
"DPM",112919,"/Date(1701404980000)/",32800,500,982100,32450000000,-150,true,-0.46
"DPM",112919,"/Date(1701404980000)/",32800,100,981600,32434000000,-150,true,-0.46
"DPM",112919,"/Date(1701404980000)/",32800,200,981500,32431000000,-150,true,-0.46
"DPM",112919,"/Date(1701404980000)/",32800,2000,981300,32424000000,-150,true,-0.46
"DPM",112919,"/Date(1701404980000)/",32800,500,979300,32358000000,-150,true,-0.46
"DPM",112919,"/Date(1701404980000)/",32800,2000,978800,32342000000,-150,true,-0.46
"DPM",112919,"/Date(1701404980000)/",32800,100,976800,32276000000,-150,true,-0.46
"DPM",112919,"/Date(1701404980000)/",32800,500,976700,32273000000,-150,true,-0.46
"DPM",112919,"/Date(1701404980000)/",32800,300,976200,32257000000,-150,true,-0.46
"DPM",112919,"/Date(1701404980000)/",32800,200,975900,32247000000,-150,true,-0.46
"DPM",112919,"/Date(1701404980000)/",32800,3000,975700,32240000000,-150,true,-0.46
"DPM",112919,"/Date(1701404980000)/",32800,3700,972700,32142000000,-150,true,-0.46
"DPM",112919,"/Date(1701404980000)/",32800,1000,969000,32021000000,-150,true,-0.46
"DPM",112919,"/Date(1701404980000)/",32800,200,968000,31988000000,-150,true,-0.46
"DPM",112919,"/Date(1701404980000)/",32800,1900,967800,31981000000,-150,true,-0.46
"DPM",112919,"/Date(1701404980000)/",32850,10000,965900,31919000000,-100,false,-0.3
"DPM",112919,"/Date(1701404980000)/",32850,100,955900,31590000000,-100,false,-0.3
"DPM",112919,"/Date(1701404980000)/",32850,1000,955800,31587000000,-100,false,-0.3
"DPM",112919,"/Date(1701404980000)/",32850,2000,954800,31554000000,-100,false,-0.3
"DPM",112906,"/Date(1701404955000)/",32850,2500,952800,31489000000,-100,true,-0.3
"DPM",112841,"/Date(1701404940000)/",32850,300,950300,31407000000,-100,true,-0.3
"DPM",112841,"/Date(1701404940000)/",32850,400,950000,31397000000,-100,true,-0.3
"DPM",112841,"/Date(1701404940000)/",32850,500,949600,31384000000,-100,true,-0.3
"DPM",112841,"/Date(1701404940000)/",32850,100,949100,31367000000,-100,true,-0.3
"DPM",112841,"/Date(1701404940000)/",32850,1000,949000,31364000000,-100,true,-0.3
"DPM",112841,"/Date(1701404940000)/",32850,200,948000,31331000000,-100,true,-0.3
"DPM",112841,"/Date(1701404940000)/",32850,400,947800,31324000000,-100,true,-0.3
"DPM",112841,"/Date(1701404940000)/",32850,1500,947400,31311000000,-100,true,-0.3
"DPM",112841,"/Date(1701404940000)/",32900,1500,945900,31262000000,-50,false,-0.15
"DPM",112841,"/Date(1701404940000)/",32900,3000,944400,31213000000,-50,false,-0.15
"DPM",112841,"/Date(1701404940000)/",32900,400,941400,31114000000,-50,false,-0.15
"DPM",112841,"/Date(1701404940000)/",32900,100,941000,31101000000,-50,false,-0.15
"DPM",112841,"/Date(1701404940000)/",32900,200,940900,31097000000,-50,false,-0.15
"DPM",112841,"/Date(1701404940000)/",32900,10000,940700,31091000000,-50,false,-0.15
"DPM",112841,"/Date(1701404940000)/",32900,400,930700,30762000000,-50,false,-0.15
"DPM",112747,"/Date(1701404887000)/",32900,500,930300,30749000000,-50,true,-0.15
"DPM",112747,"/Date(1701404885000)/",32950,500,929800,30732000000,0,false,0
"DPM",112706,"/Date(1701404844000)/",32950,300,929300,30716000000,0,true,0
"DPM",112653,"/Date(1701404831000)/",32950,100,929000,30706000000,0,false,0
"DPM",112653,"/Date(1701404831000)/",32950,500,928900,30703000000,0,false,0
"DPM",112540,"/Date(1701404758000)/",32950,4000,928400,30686000000,0,false,0
"DPM",112408,"/Date(1701404665000)/",32950,5000,924400,30554000000,0,false,0
"DPM",112352,"/Date(1701404650000)/",32950,300,919400,30390000000,0,true,0
"DPM",112352,"/Date(1701404650000)/",32950,200,919100,30380000000,0,true,0
"DPM",112307,"/Date(1701404606000)/",32950,200,918900,30373000000,0,true,0
"DPM",112236,"/Date(1701404575000)/",32950,100,918700,30367000000,0,false,0
"DPM",112236,"/Date(1701404575000)/",32950,400,918600,30363000000,0,false,0
"DPM",112232,"/Date(1701404573000)/",32950,100,918200,30350000000,0,false,0
"DPM",112226,"/Date(1701404565000)/",32950,3000,918100,30347000000,0,false,0
"DPM",112148,"/Date(1701404525000)/",32900,100,915100,30248000000,-50,false,-0.15
"DPM",112126,"/Date(1701404505000)/",32900,4900,915000,30245000000,-50,false,-0.15
"DPM",112126,"/Date(1701404505000)/",32900,100,910100,30083000000,-50,false,-0.15
"DPM",112110,"/Date(1701404487000)/",32900,4000,910000,30080000000,-50,false,-0.15
"DPM",112057,"/Date(1701404475000)/",32900,3500,906000,29949000000,-50,false,-0.15
"DPM",112051,"/Date(1701404470000)/",32900,100,902500,29833000000,-50,false,-0.15
"DPM",112051,"/Date(1701404470000)/",32900,100,902400,29830000000,-50,false,-0.15
"DPM",112051,"/Date(1701404470000)/",32900,100,902300,29827000000,-50,false,-0.15
"DPM",112051,"/Date(1701404470000)/",32900,3000,902200,29824000000,-50,false,-0.15
"DPM",112051,"/Date(1701404470000)/",32900,2000,899200,29725000000,-50,false,-0.15
"DPM",112051,"/Date(1701404470000)/",32900,100,897200,29659000000,-50,false,-0.15
"DPM",112051,"/Date(1701404470000)/",32900,5000,897100,29656000000,-50,false,-0.15
"DPM",112051,"/Date(1701404470000)/",32900,500,892100,29491000000,-50,false,-0.15
"DPM",112051,"/Date(1701404470000)/",32900,100,891600,29475000000,-50,false,-0.15
"DPM",112051,"/Date(1701404470000)/",32900,600,891500,29471000000,-50,false,-0.15
"DPM",112051,"/Date(1701404470000)/",32900,100,890900,29452000000,-50,false,-0.15
"DPM",112051,"/Date(1701404470000)/",32900,1000,890800,29448000000,-50,false,-0.15
"DPM",112051,"/Date(1701404470000)/",32900,200,889800,29416000000,-50,false,-0.15
"DPM",112051,"/Date(1701404470000)/",32900,100,889600,29409000000,-50,false,-0.15
"DPM",112051,"/Date(1701404470000)/",32900,1000,889500,29406000000,-50,false,-0.15
"DPM",112051,"/Date(1701404470000)/",32900,100,888500,29373000000,-50,false,-0.15
"DPM",112051,"/Date(1701404470000)/",32900,500,888400,29369000000,-50,false,-0.15
"DPM",112051,"/Date(1701404470000)/",32900,100,887900,29353000000,-50,false,-0.15
"DPM",112009,"/Date(1701404428000)/",32900,900,887800,29350000000,-50,true,-0.15
"DPM",112009,"/Date(1701404428000)/",32900,500,886900,29320000000,-50,true,-0.15
"DPM",112009,"/Date(1701404428000)/",32900,300,886400,29304000000,-50,true,-0.15
"DPM",112009,"/Date(1701404428000)/",32900,100,886100,29294000000,-50,true,-0.15
"DPM",112009,"/Date(1701404428000)/",32900,100,886000,29291000000,-50,true,-0.15
"DPM",112009,"/Date(1701404428000)/",32900,100,885900,29287000000,-50,true,-0.15
"DPM",111809,"/Date(1701404305000)/",32950,500,885800,29284000000,0,true,0
"DPM",111705,"/Date(1701404244000)/",32950,1300,885300,29267000000,0,false,0
"DPM",111652,"/Date(1701404231000)/",32950,300,884000,29225000000,0,false,0
"DPM",111652,"/Date(1701404231000)/",32950,2000,883700,29215000000,0,false,0
"DPM",111652,"/Date(1701404231000)/",32950,300,881700,29149000000,0,false,0
"DPM",111652,"/Date(1701404231000)/",32950,2000,881400,29139000000,0,false,0
"DPM",111652,"/Date(1701404231000)/",32950,300,879400,29073000000,0,false,0
"DPM",111652,"/Date(1701404231000)/",32950,1000,879100,29063000000,0,false,0
"DPM",111652,"/Date(1701404231000)/",32950,100,878100,29030000000,0,false,0
"DPM",111652,"/Date(1701404231000)/",32950,2700,878000,29027000000,0,false,0
"DPM",111455,"/Date(1701404113000)/",32950,2300,875300,28938000000,0,true,0
"DPM",111455,"/Date(1701404113000)/",32950,500,873000,28862000000,0,true,0
"DPM",111455,"/Date(1701404113000)/",32950,200,872500,28846000000,0,true,0
"DPM",111455,"/Date(1701404113000)/",32950,100,872300,28839000000,0,true,0
"DPM",111455,"/Date(1701404113000)/",32950,500,872200,28836000000,0,true,0
"DPM",111455,"/Date(1701404113000)/",32950,500,871700,28819000000,0,true,0
"DPM",111455,"/Date(1701404113000)/",32950,400,871200,28803000000,0,true,0
"DPM",111455,"/Date(1701404113000)/",32950,5500,870800,28790000000,0,true,0
"DPM",111238,"/Date(1701403977000)/",32950,4500,865300,28608000000,0,true,0
"DPM",111134,"/Date(1701403912000)/",33000,4800,860800,28460000000,50,false,0.15
"DPM",111134,"/Date(1701403912000)/",33000,1000,856000,28302000000,50,false,0.15
"DPM",111134,"/Date(1701403912000)/",33000,3200,855000,28269000000,50,false,0.15
"DPM",111125,"/Date(1701403902000)/",33000,1700,851800,28163000000,50,false,0.15
"DPM",111109,"/Date(1701403888000)/",33000,100,850100,28107000000,50,true,0.15
"DPM",111002,"/Date(1701403821000)/",33000,900,850000,28104000000,50,false,0.15
"DPM",110927,"/Date(1701403784000)/",33000,7600,849100,28074000000,50,false,0.15
"DPM",110927,"/Date(1701403784000)/",33000,2400,841500,27823000000,50,false,0.15
"DPM",110927,"/Date(1701403784000)/",33000,1000,839100,27744000000,50,false,0.15
"DPM",110918,"/Date(1701403775000)/",33000,1600,838100,27711000000,50,false,0.15
"DPM",110918,"/Date(1701403775000)/",33000,400,836500,27658000000,50,false,0.15
"DPM",110827,"/Date(1701403726000)/",33000,1000,836100,27645000000,50,false,0.15
"DPM",110808,"/Date(1701403707000)/",33000,3500,835100,27612000000,50,false,0.15
"DPM",110711,"/Date(1701403647000)/",33000,100,831600,27497000000,50,true,0.15
"DPM",110704,"/Date(1701403641000)/",33000,100,831500,27493000000,50,true,0.15
"DPM",110704,"/Date(1701403641000)/",33000,300,831400,27490000000,50,true,0.15
"DPM",110535,"/Date(1701403554000)/",33000,1100,831100,27480000000,50,true,0.15
"DPM",110535,"/Date(1701403554000)/",33000,900,830000,27444000000,50,true,0.15
"DPM",110526,"/Date(1701403542000)/",33000,300,829100,27414000000,50,true,0.15
"DPM",110454,"/Date(1701403513000)/",33000,400,828800,27404000000,50,true,0.15
"DPM",110454,"/Date(1701403513000)/",33000,400,828400,27391000000,50,true,0.15
"DPM",110448,"/Date(1701403506000)/",33000,400,828000,27378000000,50,false,0.15
"DPM",110429,"/Date(1701403486000)/",33000,600,827600,27365000000,50,false,0.15
"DPM",110400,"/Date(1701403457000)/",33000,2500,827000,27345000000,50,false,0.15
"DPM",110400,"/Date(1701403457000)/",33000,7500,824500,27262000000,50,false,0.15
"DPM",110331,"/Date(1701403429000)/",33000,1300,817000,27015000000,50,false,0.15
"DPM",110228,"/Date(1701403366000)/",33000,1000,815700,26972000000,50,false,0.15
"DPM",110046,"/Date(1701403264000)/",33000,200,814700,26939000000,50,false,0.15
"DPM",110046,"/Date(1701403262000)/",33000,100,814500,26932000000,50,false,0.15
"DPM",110046,"/Date(1701403262000)/",33000,200,814400,26929000000,50,false,0.15
"DPM",110024,"/Date(1701403240000)/",33000,4000,814200,26922000000,50,false,0.15
"DPM",105958,"/Date(1701403214000)/",33000,800,810200,26790000000,50,false,0.15
"DPM",105952,"/Date(1701403209000)/",33000,200,809400,26764000000,50,true,0.15
"DPM",105939,"/Date(1701403197000)/",33000,400,809200,26757000000,50,false,0.15
"DPM",105939,"/Date(1701403197000)/",33000,300,808800,26744000000,50,false,0.15
"DPM",105939,"/Date(1701403197000)/",33000,400,808500,26734000000,50,false,0.15
"DPM",105939,"/Date(1701403197000)/",33000,100,808100,26721000000,50,false,0.15
"DPM",105939,"/Date(1701403197000)/",33000,200,808000,26718000000,50,false,0.15
"DPM",105907,"/Date(1701403165000)/",33000,4000,807800,26711000000,50,false,0.15
"DPM",105858,"/Date(1701403153000)/",33000,200,803800,26579000000,50,false,0.15
"DPM",105848,"/Date(1701403145000)/",33000,900,803600,26573000000,50,false,0.15
"DPM",105823,"/Date(1701403118000)/",33000,100,802700,26543000000,50,true,0.15
"DPM",105820,"/Date(1701403117000)/",33000,500,802600,26540000000,50,false,0.15
"DPM",105820,"/Date(1701403117000)/",33000,300,802100,26523000000,50,false,0.15
"DPM",105820,"/Date(1701403117000)/",33000,200,801800,26513000000,50,false,0.15
"DPM",105804,"/Date(1701403099000)/",33000,200,801600,26507000000,50,false,0.15
"DPM",105804,"/Date(1701403099000)/",33000,500,801400,26500000000,50,false,0.15
"DPM",105804,"/Date(1701403099000)/",33000,500,800900,26484000000,50,false,0.15
"DPM",105804,"/Date(1701403099000)/",33000,4800,800400,26467000000,50,false,0.15
"DPM",105725,"/Date(1701403062000)/",33000,100,795600,26309000000,50,false,0.15
"DPM",105653,"/Date(1701403030000)/",33000,100,795500,26305000000,50,false,0.15
"DPM",105628,"/Date(1701403004000)/",32950,100,795400,26302000000,0,false,0
"DPM",105628,"/Date(1701403004000)/",32950,300,795300,26299000000,0,false,0
"DPM",105615,"/Date(1701402993000)/",32950,100,795000,26289000000,0,false,0
"DPM",105615,"/Date(1701402991000)/",32950,200,794900,26286000000,0,false,0
"DPM",105550,"/Date(1701402967000)/",32950,8000,794700,26279000000,0,false,0
"DPM",105531,"/Date(1701402949000)/",32950,1300,786700,26015000000,0,false,0
"DPM",105412,"/Date(1701402868000)/",32950,100,785400,25973000000,0,true,0
"DPM",105353,"/Date(1701402850000)/",32950,500,785300,25969000000,0,true,0
"DPM",105349,"/Date(1701402845000)/",32950,100,784800,25953000000,0,false,0
"DPM",105314,"/Date(1701402812000)/",32950,400,784700,25949000000,0,true,0
"DPM",105255,"/Date(1701402792000)/",32950,600,784300,25936000000,0,true,0
"DPM",105249,"/Date(1701402784000)/",32950,200,783700,25916000000,0,false,0
"DPM",105249,"/Date(1701402784000)/",32950,200,783500,25910000000,0,false,0
"DPM",105223,"/Date(1701402759000)/",32950,1000,783300,25903000000,0,true,0
"DPM",105055,"/Date(1701402672000)/",33000,100,782300,25870000000,50,false,0.15
"DPM",105055,"/Date(1701402672000)/",33000,400,782200,25867000000,50,false,0.15
"DPM",105055,"/Date(1701402672000)/",33000,100,781800,25854000000,50,false,0.15
"DPM",105055,"/Date(1701402671000)/",33000,400,781700,25851000000,50,false,0.15
"DPM",105055,"/Date(1701402671000)/",33000,200,781300,25837000000,50,false,0.15
"DPM",105039,"/Date(1701402654000)/",33000,100,781100,25831000000,50,false,0.15
"DPM",105004,"/Date(1701402618000)/",33000,100,781000,25827000000,50,false,0.15
"DPM",105004,"/Date(1701402618000)/",33000,1000,780900,25824000000,50,false,0.15
"DPM",105001,"/Date(1701402617000)/",32950,200,779900,25791000000,0,true,0
"DPM",105001,"/Date(1701402616000)/",32950,2600,779700,25785000000,0,true,0
"DPM",105001,"/Date(1701402616000)/",32950,100,777100,25699000000,0,true,0
"DPM",105001,"/Date(1701402616000)/",32950,100,777000,25696000000,0,true,0
"DPM",105001,"/Date(1701402616000)/",32950,100,776900,25692000000,0,true,0
"DPM",105001,"/Date(1701402616000)/",32950,1000,776800,25689000000,0,true,0
"DPM",105001,"/Date(1701402616000)/",32950,100,775800,25656000000,0,true,0
"DPM",105001,"/Date(1701402616000)/",32950,100,775700,25653000000,0,true,0
"DPM",105001,"/Date(1701402616000)/",32950,2000,775600,25649000000,0,true,0
"DPM",105001,"/Date(1701402616000)/",32950,1000,773600,25584000000,0,true,0
"DPM",105001,"/Date(1701402616000)/",32950,100,772600,25551000000,0,true,0
"DPM",105001,"/Date(1701402616000)/",32950,100,772500,25547000000,0,true,0
"DPM",105001,"/Date(1701402616000)/",32950,1000,772400,25544000000,0,true,0
"DPM",105001,"/Date(1701402616000)/",32950,100,771400,25511000000,0,true,0
"DPM",105001,"/Date(1701402616000)/",32950,300,771300,25508000000,0,true,0
"DPM",105001,"/Date(1701402616000)/",32950,200,771000,25498000000,0,true,0
"DPM",105001,"/Date(1701402616000)/",32950,300,770800,25491000000,0,true,0
"DPM",104907,"/Date(1701402562000)/",33000,800,770500,25481000000,50,true,0.15
"DPM",104847,"/Date(1701402544000)/",33000,200,769700,25455000000,50,true,0.15
"DPM",104847,"/Date(1701402544000)/",33000,200,769500,25448000000,50,true,0.15
"DPM",104847,"/Date(1701402544000)/",33000,1100,769300,25442000000,50,true,0.15
"DPM",104847,"/Date(1701402544000)/",33000,200,768200,25406000000,50,true,0.15
"DPM",104847,"/Date(1701402544000)/",33000,1000,768000,25399000000,50,true,0.15
"DPM",104847,"/Date(1701402544000)/",33000,900,767000,25366000000,50,true,0.15
"DPM",104847,"/Date(1701402544000)/",33000,300,766100,25336000000,50,true,0.15
"DPM",104847,"/Date(1701402544000)/",33000,100,765800,25326000000,50,true,0.15
"DPM",104835,"/Date(1701402532000)/",33050,400,765700,25323000000,100,false,0.3
"DPM",104835,"/Date(1701402532000)/",33050,600,765300,25310000000,100,false,0.3
"DPM",104835,"/Date(1701402530000)/",33000,400,764700,25290000000,50,true,0.15
"DPM",104835,"/Date(1701402530000)/",33000,1000,764300,25277000000,50,true,0.15
"DPM",104835,"/Date(1701402530000)/",33000,1000,763300,25244000000,50,true,0.15
"DPM",104835,"/Date(1701402530000)/",33000,600,762300,25211000000,50,true,0.15
"DPM",104809,"/Date(1701402505000)/",33000,200,761700,25191000000,50,true,0.15
"DPM",104806,"/Date(1701402503000)/",33000,200,761500,25184000000,50,true,0.15
"DPM",104806,"/Date(1701402503000)/",33000,800,761300,25178000000,50,true,0.15
"DPM",104647,"/Date(1701402421000)/",33050,2700,760500,25151000000,100,false,0.3
"DPM",104634,"/Date(1701402409000)/",33050,1000,757800,25062000000,100,false,0.3
"DPM",104634,"/Date(1701402409000)/",33050,5000,756800,25029000000,100,false,0.3
"DPM",104634,"/Date(1701402409000)/",33050,200,751800,24864000000,100,false,0.3
"DPM",104634,"/Date(1701402409000)/",33050,500,751600,24857000000,100,false,0.3
"DPM",104534,"/Date(1701402350000)/",33100,1000,751100,24841000000,150,false,0.46
"DPM",104527,"/Date(1701402342000)/",33100,9000,750100,24808000000,150,false,0.46
"DPM",104515,"/Date(1701402329000)/",33100,1000,741100,24510000000,150,false,0.46
"DPM",104433,"/Date(1701402289000)/",33100,200,740100,24477000000,150,false,0.46
"DPM",104359,"/Date(1701402254000)/",33100,200,739900,24470000000,150,false,0.46
"DPM",104333,"/Date(1701402227000)/",33100,1000,739700,24463000000,150,true,0.46
"DPM",104333,"/Date(1701402227000)/",33100,100,738700,24430000000,150,true,0.46
"DPM",104333,"/Date(1701402227000)/",33100,500,738600,24427000000,150,true,0.46
"DPM",104333,"/Date(1701402227000)/",33100,200,738100,24410000000,150,true,0.46
"DPM",104308,"/Date(1701402203000)/",33100,200,737900,24404000000,150,false,0.46
"DPM",104252,"/Date(1701402187000)/",33100,200,737700,24397000000,150,true,0.46
"DPM",104249,"/Date(1701402184000)/",33100,600,737500,24391000000,150,true,0.46
"DPM",104249,"/Date(1701402184000)/",33100,400,736900,24371000000,150,true,0.46
"DPM",104242,"/Date(1701402178000)/",33100,500,736500,24357000000,150,true,0.46
"DPM",104201,"/Date(1701402138000)/",33100,100,736000,24341000000,150,true,0.46
"DPM",104139,"/Date(1701402113000)/",33100,500,735900,24338000000,150,true,0.46
"DPM",104032,"/Date(1701402048000)/",33100,100,735400,24321000000,150,false,0.46
"DPM",104032,"/Date(1701402048000)/",33100,3000,735300,24318000000,150,false,0.46
"DPM",104032,"/Date(1701402048000)/",33100,500,732300,24218000000,150,false,0.46
"DPM",104032,"/Date(1701402048000)/",33100,2000,731800,24202000000,150,false,0.46
"DPM",104032,"/Date(1701402048000)/",33100,2900,729800,24136000000,150,false,0.46
"DPM",103922,"/Date(1701401978000)/",33050,100,726900,24040000000,100,false,0.3
"DPM",103913,"/Date(1701401969000)/",33000,200,726800,24036000000,50,true,0.15
"DPM",103841,"/Date(1701401935000)/",33100,7100,726600,24030000000,150,false,0.46
"DPM",103841,"/Date(1701401935000)/",33100,300,719500,23795000000,150,false,0.46
"DPM",103841,"/Date(1701401935000)/",33100,500,719200,23785000000,150,false,0.46
"DPM",103841,"/Date(1701401935000)/",33100,5000,718700,23768000000,150,false,0.46
"DPM",103841,"/Date(1701401935000)/",33050,1200,713700,23603000000,100,false,0.3
"DPM",103841,"/Date(1701401935000)/",33050,500,712500,23563000000,100,false,0.3
"DPM",103841,"/Date(1701401935000)/",33050,300,712000,23547000000,100,false,0.3
"DPM",103841,"/Date(1701401935000)/",33050,100,711700,23537000000,100,false,0.3
"DPM",103753,"/Date(1701401887000)/",33000,400,711600,23533000000,50,true,0.15
"DPM",103647,"/Date(1701401821000)/",33000,1600,711200,23520000000,50,true,0.15
"DPM",103647,"/Date(1701401821000)/",33000,400,709600,23467000000,50,true,0.15
"DPM",103637,"/Date(1701401812000)/",33000,2500,709200,23454000000,50,true,0.15
"DPM",103637,"/Date(1701401812000)/",33000,500,706700,23372000000,50,true,0.15
"DPM",103637,"/Date(1701401812000)/",33000,1000,706200,23355000000,50,true,0.15
"DPM",103602,"/Date(1701401778000)/",33050,400,705200,23322000000,100,false,0.3
"DPM",103556,"/Date(1701401772000)/",33050,1000,704800,23309000000,100,false,0.3
"DPM",103449,"/Date(1701401702000)/",33050,600,703800,23276000000,100,true,0.3
"DPM",103440,"/Date(1701401693000)/",33100,500,703200,23256000000,150,false,0.46
"DPM",103440,"/Date(1701401693000)/",33100,2000,702700,23240000000,150,false,0.46
"DPM",103440,"/Date(1701401693000)/",33100,300,700700,23173000000,150,false,0.46
"DPM",103440,"/Date(1701401693000)/",33100,200,700400,23163000000,150,false,0.46
"DPM",103440,"/Date(1701401693000)/",33100,200,700200,23157000000,150,false,0.46
"DPM",103436,"/Date(1701401690000)/",33100,1000,700000,23150000000,150,false,0.46
"DPM",103358,"/Date(1701401653000)/",33050,100,699000,23117000000,100,true,0.3
"DPM",103358,"/Date(1701401653000)/",33050,300,698900,23114000000,100,true,0.3
"DPM",103323,"/Date(1701401616000)/",33000,1000,698600,23104000000,50,true,0.15
"DPM",103323,"/Date(1701401616000)/",33000,400,697600,23071000000,50,true,0.15
"DPM",103320,"/Date(1701401614000)/",33000,100,697200,23058000000,50,false,0.15
"DPM",103314,"/Date(1701401608000)/",33000,100,697100,23054000000,50,false,0.15
"DPM",103308,"/Date(1701401603000)/",33000,200,697000,23051000000,50,false,0.15
"DPM",103308,"/Date(1701401603000)/",33000,100,696800,23044000000,50,false,0.15
"DPM",103308,"/Date(1701401603000)/",33000,4700,696700,23041000000,50,false,0.15
"DPM",103308,"/Date(1701401601000)/",33000,100,692000,22886000000,50,false,0.15
"DPM",103301,"/Date(1701401594000)/",33000,4000,691900,22883000000,50,false,0.15
"DPM",103245,"/Date(1701401581000)/",33000,600,687900,22751000000,50,false,0.15
"DPM",103229,"/Date(1701401564000)/",33000,5000,687300,22731000000,50,false,0.15
"DPM",103220,"/Date(1701401554000)/",33000,2000,682300,22566000000,50,false,0.15
"DPM",103135,"/Date(1701401510000)/",33000,100,680300,22500000000,50,false,0.15
"DPM",103116,"/Date(1701401491000)/",32950,200,680200,22497000000,0,true,0
"DPM",103116,"/Date(1701401491000)/",32950,200,680000,22490000000,0,true,0
"DPM",103116,"/Date(1701401491000)/",32950,100,679800,22483000000,0,true,0
"DPM",103116,"/Date(1701401491000)/",32950,100,679700,22480000000,0,true,0
"DPM",103116,"/Date(1701401491000)/",32950,200,679600,22477000000,0,true,0
"DPM",103116,"/Date(1701401491000)/",32950,100,679400,22470000000,0,true,0
"DPM",103113,"/Date(1701401486000)/",33000,100,679300,22467000000,50,false,0.15
"DPM",103051,"/Date(1701401464000)/",33000,100,679200,22464000000,50,false,0.15
"DPM",103029,"/Date(1701401443000)/",33000,100,679100,22460000000,50,false,0.15
"DPM",103022,"/Date(1701401436000)/",33000,2500,679000,22457000000,50,false,0.15
"DPM",103019,"/Date(1701401432000)/",33000,100,676500,22375000000,50,false,0.15
"DPM",103019,"/Date(1701401432000)/",33000,2000,676400,22371000000,50,false,0.15
"DPM",103003,"/Date(1701401418000)/",33000,5000,674400,22305000000,50,false,0.15
"DPM",102954,"/Date(1701401408000)/",33000,3600,669400,22140000000,50,false,0.15
"DPM",102954,"/Date(1701401408000)/",33000,100,665800,22021000000,50,false,0.15
"DPM",102954,"/Date(1701401408000)/",33000,200,665700,22018000000,50,false,0.15
"DPM",102954,"/Date(1701401408000)/",33000,100,665500,22012000000,50,false,0.15
"DPM",102954,"/Date(1701401408000)/",33000,1900,665400,22008000000,50,false,0.15
"DPM",102906,"/Date(1701401359000)/",33000,300,663500,21946000000,50,false,0.15
"DPM",102850,"/Date(1701401345000)/",32950,400,663200,21936000000,0,true,0
"DPM",102850,"/Date(1701401345000)/",32950,400,662800,21923000000,0,true,0
"DPM",102728,"/Date(1701401263000)/",33000,100,662400,21909000000,50,false,0.15
"DPM",102715,"/Date(1701401248000)/",33000,9000,662300,21906000000,50,false,0.15
"DPM",102649,"/Date(1701401224000)/",33000,100,653300,21609000000,50,false,0.15
"DPM",102608,"/Date(1701401181000)/",33000,8300,653200,21606000000,50,false,0.15
"DPM",102559,"/Date(1701401171000)/",33000,300,644900,21332000000,50,true,0.15
"DPM",102511,"/Date(1701401126000)/",33000,700,644600,21322000000,50,true,0.15
"DPM",102511,"/Date(1701401126000)/",33050,300,643900,21299000000,100,false,0.3
"DPM",102508,"/Date(1701401122000)/",33050,700,643600,21289000000,100,false,0.3
"DPM",102417,"/Date(1701401071000)/",33000,1000,642900,21266000000,50,false,0.15
"DPM",102417,"/Date(1701401071000)/",33000,1000,641900,21233000000,50,false,0.15
"DPM",102411,"/Date(1701401064000)/",33000,500,640900,21200000000,50,false,0.15
"DPM",102358,"/Date(1701401050000)/",32950,100,640400,21183000000,0,true,0
"DPM",102348,"/Date(1701401041000)/",32950,200,640300,21180000000,0,true,0
"DPM",102326,"/Date(1701401019000)/",32950,500,640100,21173000000,0,true,0
"DPM",102326,"/Date(1701401019000)/",32950,500,639600,21157000000,0,true,0
"DPM",102301,"/Date(1701400993000)/",33000,300,639100,21140000000,50,false,0.15
"DPM",102248,"/Date(1701400981000)/",33000,100,638800,21131000000,50,true,0.15
"DPM",102248,"/Date(1701400981000)/",33000,500,638700,21127000000,50,true,0.15
"DPM",102248,"/Date(1701400981000)/",33000,100,638200,21111000000,50,true,0.15
"DPM",102235,"/Date(1701400970000)/",33000,400,638100,21107000000,50,true,0.15
"DPM",102235,"/Date(1701400967000)/",33000,100,637700,21094000000,50,true,0.15
"DPM",102235,"/Date(1701400967000)/",33000,900,637600,21091000000,50,true,0.15
"DPM",102229,"/Date(1701400963000)/",33000,100,636700,21061000000,50,true,0.15
"DPM",102229,"/Date(1701400963000)/",33000,600,636600,21058000000,50,true,0.15
"DPM",102223,"/Date(1701400954000)/",33000,400,636000,21038000000,50,true,0.15
"DPM",102223,"/Date(1701400954000)/",33000,100,635600,21025000000,50,true,0.15
"DPM",102223,"/Date(1701400954000)/",33000,300,635500,21022000000,50,true,0.15
"DPM",102223,"/Date(1701400954000)/",33000,100,635200,21012000000,50,true,0.15
"DPM",102223,"/Date(1701400954000)/",33000,100,635100,21008000000,50,true,0.15
"DPM",102223,"/Date(1701400954000)/",33000,500,635000,21005000000,50,true,0.15
"DPM",102219,"/Date(1701400954000)/",33000,2000,634500,20989000000,50,true,0.15
"DPM",102154,"/Date(1701400929000)/",33000,100,632500,20923000000,50,true,0.15
"DPM",102154,"/Date(1701400929000)/",33000,500,632400,20919000000,50,true,0.15
"DPM",102154,"/Date(1701400929000)/",33000,100,631900,20903000000,50,true,0.15
"DPM",102154,"/Date(1701400929000)/",33000,300,631800,20900000000,50,true,0.15
"DPM",102144,"/Date(1701400917000)/",33000,100,631500,20890000000,50,true,0.15
"DPM",102144,"/Date(1701400917000)/",33000,400,631400,20886000000,50,true,0.15
"DPM",102132,"/Date(1701400904000)/",33000,100,631000,20873000000,50,true,0.15
"DPM",102113,"/Date(1701400887000)/",33000,100,630900,20870000000,50,true,0.15
"DPM",102113,"/Date(1701400887000)/",33000,700,630800,20867000000,50,true,0.15
"DPM",102113,"/Date(1701400887000)/",33000,5000,630100,20843000000,50,true,0.15
"DPM",102113,"/Date(1701400887000)/",33000,300,625100,20678000000,50,true,0.15
"DPM",102113,"/Date(1701400887000)/",33000,10000,624800,20669000000,50,true,0.15
"DPM",102113,"/Date(1701400887000)/",33000,200,614800,20339000000,50,true,0.15
"DPM",102113,"/Date(1701400887000)/",33000,200,614600,20332000000,50,true,0.15
"DPM",102113,"/Date(1701400887000)/",33000,100,614400,20325000000,50,true,0.15
"DPM",102113,"/Date(1701400887000)/",33000,100,614300,20322000000,50,true,0.15
"DPM",102113,"/Date(1701400887000)/",33000,1300,614200,20319000000,50,true,0.15
"DPM",102113,"/Date(1701400887000)/",33000,6000,612900,20276000000,50,true,0.15
"DPM",102113,"/Date(1701400887000)/",33000,6100,606900,20078000000,50,true,0.15
"DPM",102113,"/Date(1701400887000)/",33000,1500,600800,19877000000,50,true,0.15
"DPM",102113,"/Date(1701400887000)/",33000,300,599300,19827000000,50,true,0.15
"DPM",102113,"/Date(1701400887000)/",33000,200,599000,19817000000,50,true,0.15
"DPM",102113,"/Date(1701400887000)/",33000,100,598800,19811000000,50,true,0.15
"DPM",102113,"/Date(1701400887000)/",33000,500,598700,19807000000,50,true,0.15
"DPM",102113,"/Date(1701400887000)/",33000,100,598200,19791000000,50,true,0.15
"DPM",102113,"/Date(1701400887000)/",33000,1000,598100,19787000000,50,true,0.15
"DPM",102113,"/Date(1701400887000)/",33000,100,597100,19754000000,50,true,0.15
"DPM",102113,"/Date(1701400887000)/",33000,100,597000,19751000000,50,true,0.15
"DPM",102113,"/Date(1701400887000)/",33000,1000,596900,19748000000,50,true,0.15
"DPM",102113,"/Date(1701400887000)/",33000,500,595900,19715000000,50,true,0.15
"DPM",102113,"/Date(1701400887000)/",33000,100,595400,19698000000,50,true,0.15
"DPM",102113,"/Date(1701400887000)/",33000,100,595300,19695000000,50,true,0.15
"DPM",102113,"/Date(1701400887000)/",33050,800,595200,19692000000,100,true,0.3
"DPM",102113,"/Date(1701400887000)/",33050,200,594400,19665000000,100,true,0.3
"DPM",102113,"/Date(1701400887000)/",33050,1000,594200,19659000000,100,true,0.3
"DPM",102113,"/Date(1701400887000)/",33050,500,593200,19626000000,100,true,0.3
"DPM",102113,"/Date(1701400887000)/",33050,1000,592700,19609000000,100,true,0.3
"DPM",102113,"/Date(1701400887000)/",33050,800,591700,19576000000,100,true,0.3
"DPM",102044,"/Date(1701400856000)/",33050,200,590900,19550000000,100,true,0.3
"DPM",102044,"/Date(1701400856000)/",33050,1000,590700,19543000000,100,true,0.3
"DPM",102044,"/Date(1701400856000)/",33050,100,589700,19510000000,100,true,0.3
"DPM",102022,"/Date(1701400835000)/",33050,200,589600,19507000000,100,true,0.3
"DPM",102022,"/Date(1701400835000)/",33050,500,589400,19500000000,100,true,0.3
"DPM",102009,"/Date(1701400824000)/",33050,1200,588900,19484000000,100,true,0.3
"DPM",102006,"/Date(1701400820000)/",33050,300,587700,19444000000,100,true,0.3
"DPM",102006,"/Date(1701400820000)/",33050,400,587400,19434000000,100,true,0.3
"DPM",101953,"/Date(1701400806000)/",33050,200,587000,19421000000,100,true,0.3
"DPM",101947,"/Date(1701400799000)/",33050,400,586800,19414000000,100,true,0.3
"DPM",101947,"/Date(1701400799000)/",33050,100,586400,19401000000,100,true,0.3
"DPM",101934,"/Date(1701400788000)/",33050,900,586300,19398000000,100,true,0.3
"DPM",101934,"/Date(1701400788000)/",33050,100,585400,19368000000,100,true,0.3
"DPM",101909,"/Date(1701400761000)/",33050,400,585300,19365000000,100,true,0.3
"DPM",101859,"/Date(1701400752000)/",33050,800,584900,19351000000,100,true,0.3
"DPM",101815,"/Date(1701400708000)/",33050,1000,584100,19325000000,100,true,0.3
"DPM",101805,"/Date(1701400698000)/",33050,100,583100,19292000000,100,true,0.3
"DPM",101753,"/Date(1701400686000)/",33100,100,583000,19289000000,150,false,0.46
"DPM",101633,"/Date(1701400605000)/",33050,400,582900,19285000000,100,true,0.3
"DPM",101633,"/Date(1701400605000)/",33050,100,582500,19272000000,100,true,0.3
"DPM",101633,"/Date(1701400605000)/",33050,1000,582400,19269000000,100,true,0.3
"DPM",101624,"/Date(1701400598000)/",33050,300,581400,19236000000,100,false,0.3
"DPM",101624,"/Date(1701400598000)/",33050,3200,581100,19226000000,100,false,0.3
"DPM",101555,"/Date(1701400569000)/",33050,500,577900,19120000000,100,false,0.3
"DPM",101504,"/Date(1701400518000)/",33050,3000,577400,19103000000,100,false,0.3
"DPM",101439,"/Date(1701400490000)/",33050,400,574400,19004000000,100,false,0.3
"DPM",101414,"/Date(1701400465000)/",33050,100,574000,18991000000,100,true,0.3
"DPM",101414,"/Date(1701400465000)/",33050,300,573900,18988000000,100,true,0.3
"DPM",101414,"/Date(1701400465000)/",33050,7100,573600,18978000000,100,true,0.3
"DPM",101414,"/Date(1701400465000)/",33050,500,566500,18743000000,100,true,0.3
"DPM",101414,"/Date(1701400465000)/",33050,500,566000,18727000000,100,true,0.3
"DPM",101414,"/Date(1701400465000)/",33050,1000,565500,18710000000,100,true,0.3
"DPM",101414,"/Date(1701400465000)/",33050,1800,564500,18677000000,100,true,0.3
"DPM",101414,"/Date(1701400465000)/",33050,300,562700,18618000000,100,true,0.3
"DPM",101414,"/Date(1701400465000)/",33050,5000,562400,18608000000,100,true,0.3
"DPM",101414,"/Date(1701400465000)/",33050,100,557400,18442000000,100,true,0.3
"DPM",101414,"/Date(1701400465000)/",33050,500,557300,18439000000,100,true,0.3
"DPM",101414,"/Date(1701400465000)/",33050,500,556800,18423000000,100,true,0.3
"DPM",101414,"/Date(1701400465000)/",33050,500,556300,18406000000,100,true,0.3
"DPM",101414,"/Date(1701400465000)/",33050,600,555800,18390000000,100,true,0.3
"DPM",101410,"/Date(1701400461000)/",33050,400,555200,18370000000,100,true,0.3
"DPM",101358,"/Date(1701400449000)/",33050,3000,554800,18357000000,100,true,0.3
"DPM",101257,"/Date(1701400389000)/",33100,1300,551800,18257000000,150,true,0.46
"DPM",101248,"/Date(1701400380000)/",33100,700,550500,18214000000,150,true,0.46
"DPM",101248,"/Date(1701400380000)/",33100,500,549800,18191000000,150,true,0.46
"DPM",101248,"/Date(1701400380000)/",33100,200,549300,18175000000,150,true,0.46
"DPM",101248,"/Date(1701400380000)/",33100,300,549100,18168000000,150,true,0.46
"DPM",101248,"/Date(1701400380000)/",33100,3200,548800,18158000000,150,true,0.46
"DPM",101241,"/Date(1701400375000)/",33150,100,545600,18052000000,200,false,0.61
"DPM",101241,"/Date(1701400374000)/",33100,500,545500,18049000000,150,true,0.46
"DPM",101222,"/Date(1701400354000)/",33100,1000,545000,18032000000,150,true,0.46
"DPM",101147,"/Date(1701400319000)/",33100,300,544000,17999000000,150,true,0.46
"DPM",101147,"/Date(1701400319000)/",33100,300,543700,17989000000,150,true,0.46
"DPM",101103,"/Date(1701400274000)/",33100,200,543400,17979000000,150,true,0.46
"DPM",101103,"/Date(1701400274000)/",33100,400,543200,17973000000,150,true,0.46
"DPM",101034,"/Date(1701400246000)/",33100,100,542800,17959000000,150,true,0.46
"DPM",101034,"/Date(1701400246000)/",33100,800,542700,17956000000,150,true,0.46
"DPM",101034,"/Date(1701400246000)/",33100,100,541900,17930000000,150,true,0.46
"DPM",101009,"/Date(1701400222000)/",33100,700,541800,17926000000,150,true,0.46
"DPM",101006,"/Date(1701400217000)/",33100,1900,541100,17903000000,150,true,0.46
"DPM",100937,"/Date(1701400190000)/",33100,300,539200,17840000000,150,true,0.46
"DPM",100915,"/Date(1701400166000)/",33100,200,538900,17830000000,150,true,0.46
"DPM",100905,"/Date(1701400159000)/",33100,300,538700,17824000000,150,true,0.46
"DPM",100859,"/Date(1701400150000)/",33100,100,538400,17814000000,150,true,0.46
"DPM",100837,"/Date(1701400130000)/",33100,200,538300,17811000000,150,true,0.46
"DPM",100837,"/Date(1701400130000)/",33100,100,538100,17804000000,150,true,0.46
"DPM",100734,"/Date(1701400066000)/",33100,19900,538000,17801000000,150,true,0.46
"DPM",100734,"/Date(1701400066000)/",33100,400,518100,17142000000,150,true,0.46
"DPM",100734,"/Date(1701400066000)/",33100,100,517700,17129000000,150,true,0.46
"DPM",100734,"/Date(1701400066000)/",33100,100,517600,17125000000,150,true,0.46
"DPM",100734,"/Date(1701400066000)/",33100,9500,517500,17122000000,150,true,0.46
"DPM",100705,"/Date(1701400037000)/",33150,400,508000,16808000000,200,false,0.61
"DPM",100640,"/Date(1701400012000)/",33150,500,507600,16794000000,200,false,0.61
"DPM",100549,"/Date(1701399959000)/",33100,500,507100,16778000000,150,true,0.46
"DPM",100511,"/Date(1701399924000)/",33150,500,506600,16761000000,200,false,0.61
"DPM",100508,"/Date(1701399918000)/",33100,500,506100,16745000000,150,true,0.46
"DPM",100505,"/Date(1701399911000)/",33150,1000,505600,16728000000,200,false,0.61
"DPM",100501,"/Date(1701399905000)/",33100,100,504600,16695000000,150,true,0.46
"DPM",100404,"/Date(1701399856000)/",33100,2900,504500,16692000000,150,true,0.46
"DPM",100404,"/Date(1701399856000)/",33100,100,501600,16596000000,150,true,0.46
"DPM",100320,"/Date(1701399810000)/",33150,100,501500,16592000000,200,true,0.61
"DPM",100320,"/Date(1701399810000)/",33150,500,501400,16589000000,200,true,0.61
"DPM",100320,"/Date(1701399810000)/",33150,400,500900,16572000000,200,true,0.61
"DPM",100320,"/Date(1701399810000)/",33150,400,500500,16559000000,200,true,0.61
"DPM",100320,"/Date(1701399810000)/",33150,200,500100,16546000000,200,true,0.61
"DPM",100239,"/Date(1701399769000)/",33150,200,499900,16539000000,200,true,0.61
"DPM",100220,"/Date(1701399750000)/",33200,100,499700,16533000000,250,false,0.76
"DPM",100154,"/Date(1701399725000)/",33150,3400,499600,16529000000,200,true,0.61
"DPM",100154,"/Date(1701399725000)/",33150,500,496200,16417000000,200,true,0.61
"DPM",100154,"/Date(1701399725000)/",33150,1000,495700,16400000000,200,true,0.61
"DPM",100154,"/Date(1701399725000)/",33150,500,494700,16367000000,200,true,0.61
"DPM",100154,"/Date(1701399725000)/",33150,1500,494200,16350000000,200,true,0.61
"DPM",100154,"/Date(1701399725000)/",33150,1000,492700,16301000000,200,true,0.61
"DPM",100154,"/Date(1701399725000)/",33150,2000,491700,16267000000,200,true,0.61
"DPM",100154,"/Date(1701399725000)/",33150,100,489700,16201000000,200,true,0.61
"DPM",100135,"/Date(1701399708000)/",33150,400,489600,16198000000,200,true,0.61
"DPM",100135,"/Date(1701399708000)/",33150,4600,489200,16185000000,200,true,0.61
"DPM",100135,"/Date(1701399705000)/",33150,500,484600,16032000000,200,true,0.61
"DPM",100123,"/Date(1701399692000)/",33150,1000,484100,16016000000,200,true,0.61
"DPM",100116,"/Date(1701399687000)/",33150,500,483100,15982000000,200,true,0.61
"DPM",100107,"/Date(1701399677000)/",33200,100,482600,15966000000,250,false,0.76
"DPM",100051,"/Date(1701399662000)/",33150,1700,482500,15962000000,200,true,0.61
"DPM",100045,"/Date(1701399656000)/",33200,800,480800,15906000000,250,false,0.76
"DPM",100022,"/Date(1701399634000)/",33200,1000,480000,15880000000,250,false,0.76
"DPM",100022,"/Date(1701399634000)/",33200,1000,479000,15846000000,250,false,0.76
"DPM",100022,"/Date(1701399634000)/",33200,300,478000,15813000000,250,false,0.76
"DPM",100022,"/Date(1701399634000)/",33200,1000,477700,15803000000,250,false,0.76
"DPM",100022,"/Date(1701399634000)/",33200,800,476700,15770000000,250,false,0.76
"DPM",100019,"/Date(1701399630000)/",33200,200,475900,15743000000,250,false,0.76
"DPM",100010,"/Date(1701399621000)/",33150,1000,475700,15737000000,200,true,0.61
"DPM",95954,"/Date(1701399605000)/",33200,100,474700,15704000000,250,false,0.76
"DPM",95938,"/Date(1701399588000)/",33200,100,474600,15700000000,250,false,0.76
"DPM",95935,"/Date(1701399585000)/",33200,2700,474500,15697000000,250,false,0.76
"DPM",95925,"/Date(1701399577000)/",33200,300,471800,15607000000,250,false,0.76
"DPM",95922,"/Date(1701399572000)/",33200,1800,471500,15597000000,250,false,0.76
"DPM",95922,"/Date(1701399572000)/",33200,3400,469700,15538000000,250,false,0.76
"DPM",95922,"/Date(1701399572000)/",33200,100,466300,15425000000,250,false,0.76
"DPM",95922,"/Date(1701399572000)/",33200,1300,466200,15421000000,250,false,0.76
"DPM",95922,"/Date(1701399572000)/",33200,500,464900,15378000000,250,false,0.76
"DPM",95922,"/Date(1701399572000)/",33200,100,464400,15362000000,250,false,0.76
"DPM",95922,"/Date(1701399572000)/",33200,2800,464300,15358000000,250,false,0.76
"DPM",95857,"/Date(1701399549000)/",33200,100,461500,15265000000,250,false,0.76
"DPM",95822,"/Date(1701399514000)/",33200,1700,461400,15262000000,250,false,0.76
"DPM",95822,"/Date(1701399514000)/",33200,1000,459700,15206000000,250,false,0.76
"DPM",95822,"/Date(1701399514000)/",33200,10000,458700,15172000000,250,false,0.76
"DPM",95822,"/Date(1701399514000)/",33200,100,448700,14840000000,250,false,0.76
"DPM",95822,"/Date(1701399514000)/",33200,2000,448600,14837000000,250,false,0.76
"DPM",95822,"/Date(1701399514000)/",33200,600,446600,14771000000,250,false,0.76
"DPM",95822,"/Date(1701399514000)/",33200,4600,446000,14751000000,250,false,0.76
"DPM",95803,"/Date(1701399495000)/",33150,100,441400,14598000000,200,true,0.61
"DPM",95744,"/Date(1701399476000)/",33150,100,441300,14595000000,200,true,0.61
"DPM",95725,"/Date(1701399455000)/",33150,300,441200,14591000000,200,true,0.61
"DPM",95656,"/Date(1701399427000)/",33150,200,440900,14581000000,200,true,0.61
"DPM",95656,"/Date(1701399427000)/",33150,200,440700,14575000000,200,true,0.61
"DPM",95453,"/Date(1701399302000)/",33200,400,440500,14568000000,250,true,0.76
"DPM",95446,"/Date(1701399296000)/",33200,100,440100,14555000000,250,true,0.76
"DPM",95424,"/Date(1701399276000)/",33150,300,440000,14552000000,200,true,0.61
"DPM",95424,"/Date(1701399276000)/",33150,400,439700,14542000000,200,true,0.61
"DPM",95424,"/Date(1701399276000)/",33200,100,439300,14528000000,250,false,0.76
"DPM",95408,"/Date(1701399260000)/",33200,900,439200,14525000000,250,false,0.76
"DPM",95408,"/Date(1701399259000)/",33200,100,438300,14495000000,250,false,0.76
"DPM",95337,"/Date(1701399226000)/",33200,500,438200,14492000000,250,false,0.76
"DPM",95324,"/Date(1701399216000)/",33200,3000,437700,14475000000,250,false,0.76
"DPM",95324,"/Date(1701399216000)/",33200,300,434700,14376000000,250,false,0.76
"DPM",95324,"/Date(1701399216000)/",33200,1000,434400,14366000000,250,false,0.76
"DPM",95324,"/Date(1701399216000)/",33200,900,433400,14333000000,250,false,0.76
"DPM",95324,"/Date(1701399216000)/",33200,4000,432500,14303000000,250,false,0.76
"DPM",95324,"/Date(1701399216000)/",33200,300,428500,14170000000,250,false,0.76
"DPM",95318,"/Date(1701399209000)/",33200,200,428200,14160000000,250,true,0.76
"DPM",95311,"/Date(1701399201000)/",33200,7900,428000,14153000000,250,true,0.76
"DPM",95311,"/Date(1701399201000)/",33200,300,420100,13891000000,250,true,0.76
"DPM",95311,"/Date(1701399201000)/",33200,1800,419800,13881000000,250,true,0.76
"DPM",95302,"/Date(1701399192000)/",33200,800,418000,13821000000,250,true,0.76
"DPM",95246,"/Date(1701399177000)/",33200,100,417200,13795000000,250,true,0.76
"DPM",95227,"/Date(1701399156000)/",33200,400,417100,13791000000,250,true,0.76
"DPM",95224,"/Date(1701399154000)/",33200,300,416700,13778000000,250,true,0.76
"DPM",95217,"/Date(1701399148000)/",33200,3000,416400,13768000000,250,true,0.76
"DPM",95214,"/Date(1701399145000)/",33200,200,413400,13669000000,250,true,0.76
"DPM",95214,"/Date(1701399144000)/",33200,2000,413200,13662000000,250,true,0.76
"DPM",95205,"/Date(1701399134000)/",33200,1400,411200,13596000000,250,true,0.76
"DPM",95152,"/Date(1701399123000)/",33200,2000,409800,13549000000,250,true,0.76
"DPM",95152,"/Date(1701399123000)/",33200,1600,407800,13483000000,250,true,0.76
"DPM",95149,"/Date(1701399120000)/",33250,900,406200,13430000000,300,false,0.91
"DPM",95149,"/Date(1701399120000)/",33250,100,405300,13400000000,300,false,0.91
"DPM",95149,"/Date(1701399120000)/",33200,100,405200,13396000000,250,false,0.76
"DPM",95149,"/Date(1701399120000)/",33200,500,405100,13393000000,250,false,0.76
"DPM",95149,"/Date(1701399120000)/",33200,100,404600,13376000000,250,false,0.76
"DPM",95149,"/Date(1701399120000)/",33200,200,404500,13373000000,250,false,0.76
"DPM",95149,"/Date(1701399120000)/",33200,100,404300,13366000000,250,false,0.76
"DPM",95149,"/Date(1701399120000)/",33200,100,404200,13363000000,250,false,0.76
"DPM",95149,"/Date(1701399120000)/",33200,300,404100,13360000000,250,false,0.76
"DPM",95149,"/Date(1701399118000)/",33200,1000,403800,13350000000,250,false,0.76
"DPM",95149,"/Date(1701399118000)/",33200,100,402800,13317000000,250,false,0.76
"DPM",95149,"/Date(1701399118000)/",33200,6900,402700,13313000000,250,false,0.76
"DPM",95146,"/Date(1701399116000)/",33200,2900,395800,13084000000,250,false,0.76
"DPM",95146,"/Date(1701399116000)/",33200,10000,392900,12988000000,250,false,0.76
"DPM",95146,"/Date(1701399116000)/",33200,300,382900,12656000000,250,false,0.76
"DPM",95146,"/Date(1701399116000)/",33200,100,382600,12646000000,250,false,0.76
"DPM",95146,"/Date(1701399116000)/",33200,500,382500,12643000000,250,false,0.76
"DPM",95146,"/Date(1701399116000)/",33200,3000,382000,12626000000,250,false,0.76
"DPM",95146,"/Date(1701399116000)/",33200,3200,379000,12526000000,250,false,0.76
"DPM",95139,"/Date(1701399109000)/",33150,1000,375800,12420000000,200,true,0.61
"DPM",95136,"/Date(1701399107000)/",33200,1800,374800,12387000000,250,false,0.76
"DPM",95136,"/Date(1701399107000)/",33200,100,373000,12327000000,250,false,0.76
"DPM",95136,"/Date(1701399107000)/",33200,1000,372900,12324000000,250,false,0.76
"DPM",95136,"/Date(1701399107000)/",33200,100,371900,12291000000,250,false,0.76
"DPM",95117,"/Date(1701399088000)/",33200,900,371800,12287000000,250,false,0.76
"DPM",95117,"/Date(1701399088000)/",33200,100,370900,12258000000,250,false,0.76
"DPM",95117,"/Date(1701399088000)/",33200,100,370800,12254000000,250,false,0.76
"DPM",95117,"/Date(1701399088000)/",33200,500,370700,12251000000,250,false,0.76
"DPM",95117,"/Date(1701399088000)/",33200,1000,370200,12234000000,250,false,0.76
"DPM",95117,"/Date(1701399088000)/",33200,100,369200,12201000000,250,false,0.76
"DPM",95117,"/Date(1701399088000)/",33200,300,369100,12198000000,250,false,0.76
"DPM",95107,"/Date(1701399078000)/",33200,2700,368800,12188000000,250,false,0.76
"DPM",95107,"/Date(1701399078000)/",33200,2000,366100,12098000000,250,false,0.76
"DPM",95026,"/Date(1701399037000)/",33150,100,364100,12032000000,200,true,0.61
"DPM",95023,"/Date(1701399032000)/",33150,600,364000,12028000000,200,true,0.61
"DPM",95017,"/Date(1701399029000)/",33150,100,363400,12009000000,200,false,0.61
"DPM",95017,"/Date(1701399029000)/",33150,400,363300,12005000000,200,false,0.61
"DPM",95017,"/Date(1701399029000)/",33150,200,362900,11992000000,200,false,0.61
"DPM",95017,"/Date(1701399029000)/",33150,200,362700,11985000000,200,false,0.61
"DPM",95017,"/Date(1701399029000)/",33150,300,362500,11979000000,200,false,0.61
"DPM",95017,"/Date(1701399029000)/",33150,100,362200,11969000000,200,false,0.61
"DPM",95017,"/Date(1701399029000)/",33150,1000,362100,11965000000,200,false,0.61
"DPM",95017,"/Date(1701399029000)/",33150,100,361100,11932000000,200,false,0.61
"DPM",95017,"/Date(1701399029000)/",33150,400,361000,11929000000,200,false,0.61
"DPM",95017,"/Date(1701399029000)/",33150,100,360600,11916000000,200,false,0.61
"DPM",95017,"/Date(1701399029000)/",33150,1600,360500,11912000000,200,false,0.61
"DPM",95010,"/Date(1701399021000)/",33150,100,358900,11859000000,200,false,0.61
"DPM",94929,"/Date(1701398978000)/",33100,400,358800,11856000000,150,true,0.46
"DPM",94913,"/Date(1701398964000)/",33150,3300,358400,11843000000,200,false,0.61
"DPM",94913,"/Date(1701398964000)/",33150,100,355100,11733000000,200,false,0.61
"DPM",94913,"/Date(1701398964000)/",33150,5000,355000,11730000000,200,false,0.61
"DPM",94913,"/Date(1701398964000)/",33150,200,350000,11564000000,200,false,0.61
"DPM",94913,"/Date(1701398964000)/",33150,200,349800,11558000000,200,false,0.61
"DPM",94913,"/Date(1701398964000)/",33150,100,349600,11551000000,200,false,0.61
"DPM",94913,"/Date(1701398964000)/",33150,100,349500,11548000000,200,false,0.61
"DPM",94913,"/Date(1701398964000)/",33150,1000,349400,11545000000,200,false,0.61
"DPM",94820,"/Date(1701398908000)/",33100,300,348400,11511000000,150,true,0.46
"DPM",94813,"/Date(1701398902000)/",33100,1500,348100,11501000000,150,true,0.46
"DPM",94807,"/Date(1701398896000)/",33100,100,346600,11452000000,150,false,0.46
"DPM",94807,"/Date(1701398896000)/",33100,500,346500,11448000000,150,false,0.46
"DPM",94807,"/Date(1701398896000)/",33100,300,346000,11432000000,150,false,0.46
"DPM",94807,"/Date(1701398896000)/",33100,200,345700,11422000000,150,false,0.46
"DPM",94807,"/Date(1701398896000)/",33100,200,345500,11415000000,150,false,0.46
"DPM",94807,"/Date(1701398896000)/",33100,200,345300,11409000000,150,false,0.46
"DPM",94807,"/Date(1701398896000)/",33100,2000,345100,11402000000,150,false,0.46
"DPM",94807,"/Date(1701398896000)/",33100,500,343100,11336000000,150,false,0.46
"DPM",94807,"/Date(1701398896000)/",33100,100,342600,11319000000,150,false,0.46
"DPM",94807,"/Date(1701398896000)/",33100,100,342500,11316000000,150,false,0.46
"DPM",94807,"/Date(1701398896000)/",33100,300,342400,11313000000,150,false,0.46
"DPM",94807,"/Date(1701398896000)/",33100,100,342100,11303000000,150,false,0.46
"DPM",94807,"/Date(1701398896000)/",33100,200,342000,11300000000,150,false,0.46
"DPM",94807,"/Date(1701398896000)/",33100,2600,341800,11293000000,150,false,0.46
"DPM",94716,"/Date(1701398846000)/",33100,1000,339200,11207000000,150,false,0.46
"DPM",94707,"/Date(1701398836000)/",33100,400,338200,11174000000,150,false,0.46
"DPM",94707,"/Date(1701398836000)/",33100,100,337800,11160000000,150,false,0.46
"DPM",94651,"/Date(1701398819000)/",33100,2000,337700,11157000000,150,false,0.46
"DPM",94541,"/Date(1701398752000)/",33050,1000,335700,11091000000,100,true,0.3
"DPM",94541,"/Date(1701398752000)/",33050,100,334700,11058000000,100,true,0.3
"DPM",94541,"/Date(1701398752000)/",33050,1000,334600,11055000000,100,true,0.3
"DPM",94541,"/Date(1701398752000)/",33050,200,333600,11022000000,100,true,0.3
"DPM",94541,"/Date(1701398752000)/",33050,700,333400,11015000000,100,true,0.3
"DPM",94538,"/Date(1701398747000)/",33050,100,332700,10992000000,100,true,0.3
"DPM",94431,"/Date(1701398681000)/",33050,100,332600,10989000000,100,true,0.3
"DPM",94428,"/Date(1701398679000)/",33050,100,332500,10985000000,100,true,0.3
"DPM",94428,"/Date(1701398679000)/",33050,100,332400,10982000000,100,true,0.3
"DPM",94428,"/Date(1701398678000)/",33050,900,332300,10979000000,100,true,0.3
"DPM",94428,"/Date(1701398678000)/",33050,200,331400,10949000000,100,true,0.3
"DPM",94428,"/Date(1701398678000)/",33050,200,331200,10942000000,100,true,0.3
"DPM",94428,"/Date(1701398678000)/",33050,14300,331000,10936000000,100,true,0.3
"DPM",94422,"/Date(1701398670000)/",33050,700,316700,10463000000,100,true,0.3
"DPM",94422,"/Date(1701398670000)/",33050,500,316000,10440000000,100,true,0.3
"DPM",94256,"/Date(1701398587000)/",33050,100,315500,10423000000,100,true,0.3
"DPM",94250,"/Date(1701398580000)/",33050,3800,315400,10420000000,100,true,0.3
"DPM",94231,"/Date(1701398560000)/",33050,5000,311600,10294000000,100,true,0.3
"DPM",94231,"/Date(1701398559000)/",33050,300,306600,10129000000,100,true,0.3
"DPM",94209,"/Date(1701398539000)/",33050,300,306300,10119000000,100,true,0.3
"DPM",94209,"/Date(1701398539000)/",33050,100,306000,10109000000,100,true,0.3
"DPM",94209,"/Date(1701398539000)/",33050,300,305900,10106000000,100,true,0.3
"DPM",94147,"/Date(1701398515000)/",33050,200,305600,10096000000,100,true,0.3
"DPM",94147,"/Date(1701398515000)/",33050,2500,305400,10090000000,100,true,0.3
"DPM",94147,"/Date(1701398515000)/",33050,200,302900,10007000000,100,true,0.3
"DPM",94147,"/Date(1701398515000)/",33050,200,302700,10000000000,100,true,0.3
"DPM",94147,"/Date(1701398515000)/",33050,1000,302500,9994000000,100,true,0.3
"DPM",94147,"/Date(1701398515000)/",33050,700,301500,9961000000,100,true,0.3
"DPM",94147,"/Date(1701398515000)/",33050,200,300800,9938000000,100,true,0.3
"DPM",94127,"/Date(1701398498000)/",33050,2800,300600,9931000000,100,true,0.3
"DPM",94127,"/Date(1701398498000)/",33050,200,297800,9838000000,100,true,0.3
"DPM",94118,"/Date(1701398487000)/",33050,10000,297600,9832000000,100,true,0.3
"DPM",94105,"/Date(1701398475000)/",33050,1000,287600,9501000000,100,true,0.3
"DPM",94053,"/Date(1701398461000)/",33050,1100,286600,9468000000,100,true,0.3
"DPM",94053,"/Date(1701398461000)/",33050,900,285500,9432000000,100,true,0.3
"DPM",94034,"/Date(1701398442000)/",33050,2000,284600,9402000000,100,true,0.3
"DPM",94008,"/Date(1701398417000)/",33050,2100,282600,9336000000,100,true,0.3
"DPM",94008,"/Date(1701398417000)/",33050,100,280500,9267000000,100,true,0.3
"DPM",94008,"/Date(1701398417000)/",33050,100,280400,9263000000,100,true,0.3
"DPM",94008,"/Date(1701398417000)/",33050,700,280300,9260000000,100,true,0.3
"DPM",93918,"/Date(1701398366000)/",33100,100,279600,9237000000,150,false,0.46
"DPM",93908,"/Date(1701398358000)/",33100,1000,279500,9234000000,150,false,0.46
"DPM",93840,"/Date(1701398330000)/",33100,1800,278500,9200000000,150,false,0.46
"DPM",93840,"/Date(1701398330000)/",33100,100,276700,9141000000,150,false,0.46
"DPM",93840,"/Date(1701398330000)/",33100,100,276600,9138000000,150,false,0.46
