"Stockcode","Package","TradingDate","Price","Vol","TotalVol","TotalVal","Change","IsBuy","PerChange"
"HSG",144425,"/Date(1701416701000)/",21750,521100,9231800,198241000000,300,false,1.4
"HSG",142920,"/Date(1701415795000)/",21650,200,8710700,186907000000,200,true,0.93
"HSG",142920,"/Date(1701415795000)/",21650,300,8710500,186903000000,200,true,0.93
"HSG",142920,"/Date(1701415795000)/",21650,1200,8710200,186896000000,200,true,0.93
"HSG",142917,"/Date(1701415793000)/",21650,100,8709000,186870000000,200,false,0.93
"HSG",142917,"/Date(1701415792000)/",21650,500,8708900,186868000000,200,false,0.93
"HSG",142917,"/Date(1701415792000)/",21650,1000,8708400,186857000000,200,false,0.93
"HSG",142917,"/Date(1701415792000)/",21650,600,8707400,186836000000,200,false,0.93
"HSG",142914,"/Date(1701415791000)/",21650,400,8706800,186823000000,200,false,0.93
"HSG",142914,"/Date(1701415791000)/",21650,2600,8706400,186814000000,200,false,0.93
"HSG",142914,"/Date(1701415789000)/",21650,100,8703800,186758000000,200,false,0.93
"HSG",142911,"/Date(1701415787000)/",21650,3700,8703700,186756000000,200,true,0.93
"HSG",142911,"/Date(1701415787000)/",21600,2000,8700000,186675000000,150,true,0.7
"HSG",142911,"/Date(1701415786000)/",21650,200,8698000,186632000000,200,true,0.93
"HSG",142911,"/Date(1701415786000)/",21650,1000,8697800,186628000000,200,true,0.93
"HSG",142911,"/Date(1701415786000)/",21650,4400,8696800,186606000000,200,true,0.93
"HSG",142908,"/Date(1701415784000)/",21700,200,8692400,186511000000,250,false,1.17
"HSG",142908,"/Date(1701415783000)/",21650,600,8692200,186507000000,200,false,0.93
"HSG",142908,"/Date(1701415782000)/",21700,1100,8691600,186494000000,250,false,1.17
"HSG",142908,"/Date(1701415782000)/",21700,100,8690500,186470000000,250,false,1.17
"HSG",142908,"/Date(1701415782000)/",21700,500,8690400,186468000000,250,false,1.17
"HSG",142908,"/Date(1701415782000)/",21700,1000,8689900,186457000000,250,false,1.17
"HSG",142908,"/Date(1701415782000)/",21700,100,8688900,186435000000,250,false,1.17
"HSG",142908,"/Date(1701415782000)/",21700,100,8688800,186433000000,250,false,1.17
"HSG",142908,"/Date(1701415782000)/",21700,2000,8688700,186431000000,250,false,1.17
"HSG",142908,"/Date(1701415782000)/",21700,1300,8686700,186387000000,250,false,1.17
"HSG",142908,"/Date(1701415782000)/",21650,400,8685400,186359000000,200,false,0.93
"HSG",142908,"/Date(1701415782000)/",21650,5700,8685000,186350000000,200,false,0.93
"HSG",142908,"/Date(1701415782000)/",21650,500,8679300,186227000000,200,false,0.93
"HSG",142908,"/Date(1701415782000)/",21650,1000,8678800,186216000000,200,false,0.93
"HSG",142908,"/Date(1701415782000)/",21650,400,8677800,186195000000,200,false,0.93
"HSG",142901,"/Date(1701415777000)/",21650,300,8677400,186186000000,200,false,0.93
"HSG",142858,"/Date(1701415774000)/",21650,1000,8677100,186179000000,200,false,0.93
"HSG",142855,"/Date(1701415772000)/",21650,1000,8676100,186158000000,200,true,0.93
"HSG",142855,"/Date(1701415772000)/",21650,500,8675100,186136000000,200,true,0.93
"HSG",142855,"/Date(1701415772000)/",21650,300,8674600,186125000000,200,true,0.93
"HSG",142852,"/Date(1701415769000)/",21650,500,8674300,186119000000,200,false,0.93
"HSG",142852,"/Date(1701415769000)/",21650,200,8673800,186108000000,200,false,0.93
"HSG",142852,"/Date(1701415769000)/",21650,1000,8673600,186104000000,200,false,0.93
"HSG",142845,"/Date(1701415761000)/",21650,1100,8672600,186082000000,200,false,0.93
"HSG",142845,"/Date(1701415760000)/",21650,200,8671500,186058000000,200,false,0.93
"HSG",142842,"/Date(1701415759000)/",21650,700,8671300,186054000000,200,true,0.93
"HSG",142842,"/Date(1701415758000)/",21650,1800,8670600,186039000000,200,true,0.93
"HSG",142839,"/Date(1701415756000)/",21650,500,8668800,186000000000,200,true,0.93
"HSG",142839,"/Date(1701415756000)/",21650,500,8668300,185989000000,200,true,0.93
"HSG",142839,"/Date(1701415755000)/",21650,500,8667800,185978000000,200,true,0.93
"HSG",142839,"/Date(1701415755000)/",21650,8900,8667300,185967000000,200,true,0.93
"HSG",142839,"/Date(1701415755000)/",21650,1100,8658400,185775000000,200,true,0.93
"HSG",142839,"/Date(1701415754000)/",21650,900,8657300,185751000000,200,true,0.93
"HSG",142839,"/Date(1701415754000)/",21650,200,8656400,185731000000,200,true,0.93
"HSG",142839,"/Date(1701415754000)/",21650,2800,8656200,185727000000,200,true,0.93
"HSG",142839,"/Date(1701415754000)/",21650,1100,8653400,185666000000,200,true,0.93
"HSG",142836,"/Date(1701415751000)/",21650,100,8652300,185643000000,200,true,0.93
"HSG",142833,"/Date(1701415747000)/",21650,300,8652200,185640000000,200,true,0.93
"HSG",142829,"/Date(1701415746000)/",21650,400,8651900,185634000000,200,true,0.93
"HSG",142829,"/Date(1701415745000)/",21650,1000,8651500,185625000000,200,true,0.93
"HSG",142829,"/Date(1701415745000)/",21650,2100,8650500,185604000000,200,true,0.93
"HSG",142829,"/Date(1701415745000)/",21650,2000,8648400,185558000000,200,true,0.93
"HSG",142826,"/Date(1701415743000)/",21650,300,8646400,185515000000,200,true,0.93
"HSG",142826,"/Date(1701415742000)/",21650,300,8646100,185508000000,200,true,0.93
"HSG",142823,"/Date(1701415739000)/",21650,500,8645800,185502000000,200,true,0.93
"HSG",142813,"/Date(1701415731000)/",21650,2900,8645300,185491000000,200,true,0.93
"HSG",142813,"/Date(1701415731000)/",21650,5300,8642400,185428000000,200,true,0.93
"HSG",142804,"/Date(1701415719000)/",21650,200,8637100,185313000000,200,true,0.93
"HSG",142801,"/Date(1701415716000)/",21650,500,8636900,185309000000,200,true,0.93
"HSG",142757,"/Date(1701415713000)/",21650,2600,8636400,185298000000,200,true,0.93
"HSG",142745,"/Date(1701415701000)/",21650,100,8633800,185242000000,200,true,0.93
"HSG",142745,"/Date(1701415701000)/",21650,1000,8633700,185240000000,200,true,0.93
"HSG",142745,"/Date(1701415700000)/",21700,1000,8632700,185218000000,250,false,1.17
"HSG",142742,"/Date(1701415699000)/",21700,200,8631700,185196000000,250,false,1.17
"HSG",142742,"/Date(1701415696000)/",21650,300,8631500,185192000000,200,true,0.93
"HSG",142742,"/Date(1701415696000)/",21650,100,8631200,185186000000,200,true,0.93
"HSG",142742,"/Date(1701415696000)/",21650,1000,8631100,185183000000,200,true,0.93
"HSG",142738,"/Date(1701415696000)/",21650,500,8630100,185162000000,200,false,0.93
"HSG",142738,"/Date(1701415696000)/",21650,400,8629600,185151000000,200,false,0.93
"HSG",142738,"/Date(1701415693000)/",21650,1000,8629200,185142000000,200,false,0.93
"HSG",142735,"/Date(1701415692000)/",21650,100,8628200,185121000000,200,false,0.93
"HSG",142735,"/Date(1701415692000)/",21650,100,8628100,185119000000,200,false,0.93
"HSG",142735,"/Date(1701415692000)/",21650,300,8628000,185116000000,200,false,0.93
"HSG",142735,"/Date(1701415692000)/",21650,100,8627700,185110000000,200,false,0.93
"HSG",142735,"/Date(1701415692000)/",21650,1000,8627600,185108000000,200,false,0.93
"HSG",142735,"/Date(1701415692000)/",21650,3000,8626600,185086000000,200,false,0.93
"HSG",142735,"/Date(1701415692000)/",21650,100,8623600,185021000000,200,false,0.93
"HSG",142735,"/Date(1701415692000)/",21650,500,8623500,185019000000,200,false,0.93
"HSG",142735,"/Date(1701415692000)/",21650,500,8623000,185008000000,200,false,0.93
"HSG",142735,"/Date(1701415692000)/",21650,200,8622500,184997000000,200,false,0.93
"HSG",142735,"/Date(1701415692000)/",21650,900,8622300,184993000000,200,false,0.93
"HSG",142735,"/Date(1701415692000)/",21650,100,8621400,184973000000,200,false,0.93
"HSG",142735,"/Date(1701415692000)/",21650,5600,8621300,184971000000,200,false,0.93
"HSG",142729,"/Date(1701415685000)/",21650,300,8615700,184850000000,200,false,0.93
"HSG",142729,"/Date(1701415683000)/",21650,500,8615400,184844000000,200,false,0.93
"HSG",142716,"/Date(1701415671000)/",21650,10000,8614900,184833000000,200,false,0.93
"HSG",142713,"/Date(1701415669000)/",21650,500,8604900,184616000000,200,false,0.93
"HSG",142710,"/Date(1701415666000)/",21600,200,8604400,184605000000,150,true,0.7
"HSG",142707,"/Date(1701415662000)/",21650,400,8604200,184601000000,200,false,0.93
"HSG",142703,"/Date(1701415660000)/",21650,13500,8603800,184592000000,200,false,0.93
"HSG",142703,"/Date(1701415660000)/",21600,300,8590300,184300000000,150,true,0.7
"HSG",142657,"/Date(1701415653000)/",21600,800,8590000,184294000000,150,true,0.7
"HSG",142654,"/Date(1701415649000)/",21600,5000,8589200,184276000000,150,true,0.7
"HSG",142651,"/Date(1701415647000)/",21650,1000,8584200,184168000000,200,false,0.93
"HSG",142644,"/Date(1701415640000)/",21600,1000,8583200,184147000000,150,true,0.7
"HSG",142638,"/Date(1701415634000)/",21600,100,8582200,184125000000,150,true,0.7
"HSG",142628,"/Date(1701415625000)/",21600,7800,8582100,184123000000,150,true,0.7
"HSG",142628,"/Date(1701415625000)/",21600,200,8574300,183955000000,150,true,0.7
"HSG",142628,"/Date(1701415625000)/",21600,200,8574100,183950000000,150,true,0.7
"HSG",142628,"/Date(1701415625000)/",21600,500,8573900,183946000000,150,true,0.7
"HSG",142628,"/Date(1701415625000)/",21600,100,8573400,183935000000,150,true,0.7
"HSG",142628,"/Date(1701415625000)/",21600,2500,8573300,183933000000,150,true,0.7
"HSG",142628,"/Date(1701415625000)/",21600,500,8570800,183879000000,150,true,0.7
"HSG",142628,"/Date(1701415625000)/",21600,3000,8570300,183868000000,150,true,0.7
"HSG",142628,"/Date(1701415625000)/",21600,500,8567300,183803000000,150,true,0.7
"HSG",142628,"/Date(1701415625000)/",21600,500,8566800,183793000000,150,true,0.7
"HSG",142628,"/Date(1701415625000)/",21600,100,8566300,183782000000,150,true,0.7
"HSG",142628,"/Date(1701415625000)/",21600,500,8566200,183780000000,150,true,0.7
"HSG",142628,"/Date(1701415625000)/",21600,1000,8565700,183769000000,150,true,0.7
"HSG",142628,"/Date(1701415625000)/",21600,100,8564700,183747000000,150,true,0.7
"HSG",142628,"/Date(1701415625000)/",21600,800,8564600,183745000000,150,true,0.7
"HSG",142628,"/Date(1701415625000)/",21600,100,8563800,183728000000,150,true,0.7
"HSG",142628,"/Date(1701415625000)/",21600,200,8563700,183726000000,150,true,0.7
"HSG",142628,"/Date(1701415625000)/",21600,5000,8563500,183721000000,150,true,0.7
"HSG",142628,"/Date(1701415625000)/",21600,500,8558500,183613000000,150,true,0.7
"HSG",142628,"/Date(1701415625000)/",21600,1000,8558000,183602000000,150,true,0.7
"HSG",142628,"/Date(1701415625000)/",21600,3200,8557000,183581000000,150,true,0.7
"HSG",142628,"/Date(1701415625000)/",21600,500,8553800,183512000000,150,true,0.7
"HSG",142628,"/Date(1701415625000)/",21600,1000,8553300,183501000000,150,true,0.7
"HSG",142628,"/Date(1701415625000)/",21600,1500,8552300,183479000000,150,true,0.7
"HSG",142628,"/Date(1701415625000)/",21600,500,8550800,183447000000,150,true,0.7
"HSG",142628,"/Date(1701415625000)/",21600,1100,8550300,183436000000,150,true,0.7
"HSG",142628,"/Date(1701415625000)/",21650,14500,8549200,183412000000,200,false,0.93
"HSG",142628,"/Date(1701415625000)/",21650,900,8534700,183098000000,200,false,0.93
"HSG",142625,"/Date(1701415620000)/",21650,400,8533800,183079000000,200,true,0.93
"HSG",142625,"/Date(1701415620000)/",21650,200,8533400,183070000000,200,true,0.93
"HSG",142625,"/Date(1701415620000)/",21650,2200,8533200,183066000000,200,true,0.93
"HSG",142622,"/Date(1701415617000)/",21650,500,8531000,183018000000,200,false,0.93
"HSG",142622,"/Date(1701415617000)/",21650,300,8530500,183008000000,200,false,0.93
"HSG",142619,"/Date(1701415615000)/",21650,300,8530200,183001000000,200,false,0.93
"HSG",142619,"/Date(1701415615000)/",21650,300,8529900,182995000000,200,false,0.93
"HSG",142619,"/Date(1701415615000)/",21650,100,8529600,182988000000,200,false,0.93
"HSG",142619,"/Date(1701415613000)/",21650,200,8529500,182986000000,200,false,0.93
"HSG",142619,"/Date(1701415613000)/",21650,300,8529300,182982000000,200,false,0.93
"HSG",142612,"/Date(1701415609000)/",21650,200,8529000,182975000000,200,false,0.93
"HSG",142612,"/Date(1701415607000)/",21650,500,8528800,182971000000,200,false,0.93
"HSG",142609,"/Date(1701415606000)/",21650,800,8528300,182960000000,200,false,0.93
"HSG",142606,"/Date(1701415601000)/",21650,200,8527500,182943000000,200,true,0.93
"HSG",142606,"/Date(1701415601000)/",21650,2000,8527300,182938000000,200,true,0.93
"HSG",142603,"/Date(1701415599000)/",21650,1000,8525300,182895000000,200,true,0.93
"HSG",142600,"/Date(1701415596000)/",21650,10500,8524300,182873000000,200,true,0.93
"HSG",142600,"/Date(1701415596000)/",21650,100,8513800,182646000000,200,true,0.93
"HSG",142600,"/Date(1701415596000)/",21650,15100,8513700,182644000000,200,true,0.93
"HSG",142600,"/Date(1701415596000)/",21650,700,8498600,182317000000,200,true,0.93
"HSG",142600,"/Date(1701415596000)/",21650,400,8497900,182302000000,200,true,0.93
"HSG",142600,"/Date(1701415596000)/",21650,1000,8497500,182293000000,200,true,0.93
"HSG",142600,"/Date(1701415596000)/",21650,300,8496500,182271000000,200,true,0.93
"HSG",142600,"/Date(1701415596000)/",21650,100,8496200,182265000000,200,true,0.93
"HSG",142600,"/Date(1701415596000)/",21650,200,8496100,182263000000,200,true,0.93
"HSG",142600,"/Date(1701415596000)/",21650,12600,8495900,182258000000,200,true,0.93
"HSG",142600,"/Date(1701415596000)/",21650,12800,8483300,181986000000,200,true,0.93
"HSG",142600,"/Date(1701415596000)/",21650,3000,8470500,181709000000,200,true,0.93
"HSG",142600,"/Date(1701415596000)/",21650,500,8467500,181644000000,200,true,0.93
"HSG",142600,"/Date(1701415596000)/",21650,200,8467000,181633000000,200,true,0.93
"HSG",142553,"/Date(1701415588000)/",21700,100,8466800,181628000000,250,false,1.17
"HSG",142547,"/Date(1701415582000)/",21650,100,8466700,181626000000,200,true,0.93
"HSG",142547,"/Date(1701415581000)/",21650,1000,8466600,181624000000,200,true,0.93
"HSG",142544,"/Date(1701415579000)/",21650,700,8465600,181602000000,200,true,0.93
"HSG",142544,"/Date(1701415579000)/",21650,300,8464900,181587000000,200,true,0.93
"HSG",142540,"/Date(1701415576000)/",21650,400,8464600,181581000000,200,false,0.93
"HSG",142540,"/Date(1701415575000)/",21650,200,8464200,181572000000,200,false,0.93
"HSG",142540,"/Date(1701415575000)/",21650,1000,8464000,181568000000,200,false,0.93
"HSG",142537,"/Date(1701415573000)/",21650,1400,8463000,181546000000,200,false,0.93
"HSG",142537,"/Date(1701415573000)/",21650,500,8461600,181516000000,200,false,0.93
"HSG",142537,"/Date(1701415573000)/",21650,1800,8461100,181505000000,200,false,0.93
"HSG",142537,"/Date(1701415573000)/",21650,7100,8459300,181466000000,200,false,0.93
"HSG",142537,"/Date(1701415572000)/",21650,300,8452200,181312000000,200,false,0.93
"HSG",142534,"/Date(1701415570000)/",21650,2600,8451900,181306000000,200,false,0.93
"HSG",142534,"/Date(1701415570000)/",21650,2000,8449300,181250000000,200,false,0.93
"HSG",142534,"/Date(1701415570000)/",21650,100,8447300,181206000000,200,false,0.93
"HSG",142534,"/Date(1701415570000)/",21650,300,8447200,181204000000,200,false,0.93
"HSG",142534,"/Date(1701415569000)/",21650,3000,8446900,181198000000,200,false,0.93
"HSG",142531,"/Date(1701415568000)/",21650,800,8443900,181133000000,200,false,0.93
"HSG",142531,"/Date(1701415568000)/",21650,1000,8443100,181115000000,200,false,0.93
"HSG",142531,"/Date(1701415568000)/",21650,400,8442100,181094000000,200,false,0.93
"HSG",142531,"/Date(1701415567000)/",21650,300,8441700,181085000000,200,false,0.93
"HSG",142531,"/Date(1701415567000)/",21650,100,8441400,181078000000,200,false,0.93
"HSG",142531,"/Date(1701415567000)/",21650,100,8441300,181076000000,200,false,0.93
"HSG",142531,"/Date(1701415567000)/",21650,300,8441200,181074000000,200,false,0.93
"HSG",142531,"/Date(1701415567000)/",21650,400,8440900,181068000000,200,false,0.93
"HSG",142528,"/Date(1701415564000)/",21650,100,8440500,181059000000,200,false,0.93
"HSG",142528,"/Date(1701415564000)/",21650,1000,8440400,181057000000,200,false,0.93
"HSG",142528,"/Date(1701415564000)/",21650,800,8439400,181035000000,200,false,0.93
"HSG",142528,"/Date(1701415564000)/",21650,1100,8438600,181018000000,200,false,0.93
"HSG",142524,"/Date(1701415559000)/",21600,400,8437500,180994000000,150,true,0.7
"HSG",142524,"/Date(1701415559000)/",21650,200,8437100,180985000000,200,false,0.93
"HSG",142521,"/Date(1701415558000)/",21650,700,8436900,180981000000,200,false,0.93
"HSG",142521,"/Date(1701415558000)/",21650,300,8436200,180966000000,200,false,0.93
"HSG",142518,"/Date(1701415554000)/",21650,300,8435900,180959000000,200,false,0.93
"HSG",142518,"/Date(1701415554000)/",21650,1000,8435600,180953000000,200,false,0.93
"HSG",142518,"/Date(1701415554000)/",21650,1100,8434600,180931000000,200,false,0.93
"HSG",142518,"/Date(1701415554000)/",21650,200,8433500,180907000000,200,false,0.93
"HSG",142518,"/Date(1701415554000)/",21650,2400,8433300,180903000000,200,false,0.93
"HSG",142515,"/Date(1701415549000)/",21600,100,8430900,180851000000,150,true,0.7
"HSG",142512,"/Date(1701415548000)/",21650,2600,8430800,180849000000,200,false,0.93
"HSG",142512,"/Date(1701415548000)/",21650,100,8428200,180793000000,200,false,0.93
"HSG",142512,"/Date(1701415548000)/",21650,200,8428100,180791000000,200,false,0.93
"HSG",142512,"/Date(1701415548000)/",21650,1000,8427900,180786000000,200,false,0.93
"HSG",142512,"/Date(1701415548000)/",21650,1000,8426900,180765000000,200,false,0.93
"HSG",142512,"/Date(1701415548000)/",21650,200,8425900,180743000000,200,false,0.93
"HSG",142512,"/Date(1701415548000)/",21650,5000,8425700,180739000000,200,false,0.93
"HSG",142512,"/Date(1701415548000)/",21650,100,8420700,180630000000,200,false,0.93
"HSG",142512,"/Date(1701415548000)/",21650,200,8420600,180628000000,200,false,0.93
"HSG",142512,"/Date(1701415548000)/",21650,1000,8420400,180624000000,200,false,0.93
"HSG",142512,"/Date(1701415548000)/",21650,500,8419400,180602000000,200,false,0.93
"HSG",142512,"/Date(1701415548000)/",21650,1400,8418900,180591000000,200,false,0.93
"HSG",142512,"/Date(1701415548000)/",21650,500,8417500,180561000000,200,false,0.93
"HSG",142512,"/Date(1701415547000)/",21650,700,8417000,180550000000,200,false,0.93
"HSG",142509,"/Date(1701415544000)/",21650,1000,8416300,180535000000,200,false,0.93
"HSG",142443,"/Date(1701415517000)/",21650,1000,8415300,180513000000,200,false,0.93
"HSG",142421,"/Date(1701415496000)/",21650,500,8414300,180492000000,200,false,0.93
"HSG",142414,"/Date(1701415489000)/",21600,100,8413800,180481000000,150,true,0.7
"HSG",142408,"/Date(1701415482000)/",21650,1300,8413700,180479000000,200,false,0.93
"HSG",142408,"/Date(1701415482000)/",21650,800,8412400,180451000000,200,false,0.93
"HSG",142408,"/Date(1701415482000)/",21650,500,8411600,180433000000,200,false,0.93
"HSG",142408,"/Date(1701415482000)/",21650,2400,8411100,180423000000,200,false,0.93
"HSG",142405,"/Date(1701415479000)/",21650,300,8408700,180371000000,200,false,0.93
"HSG",142402,"/Date(1701415476000)/",21600,300,8408400,180364000000,150,true,0.7
"HSG",142358,"/Date(1701415475000)/",21650,1800,8408100,180358000000,200,false,0.93
"HSG",142358,"/Date(1701415475000)/",21650,300,8406300,180319000000,200,false,0.93
"HSG",142358,"/Date(1701415475000)/",21650,200,8406000,180312000000,200,false,0.93
"HSG",142358,"/Date(1701415475000)/",21650,900,8405800,180308000000,200,false,0.93
"HSG",142358,"/Date(1701415475000)/",21650,1800,8404900,180288000000,200,false,0.93
"HSG",142339,"/Date(1701415455000)/",21650,200,8403100,180249000000,200,false,0.93
"HSG",142339,"/Date(1701415455000)/",21650,200,8402900,180245000000,200,false,0.93
"HSG",142339,"/Date(1701415455000)/",21650,100,8402700,180241000000,200,false,0.93
"HSG",142333,"/Date(1701415448000)/",21650,300,8402600,180239000000,200,false,0.93
"HSG",142333,"/Date(1701415447000)/",21650,2000,8402300,180232000000,200,false,0.93
"HSG",142333,"/Date(1701415447000)/",21650,1600,8400300,180189000000,200,false,0.93
"HSG",142330,"/Date(1701415446000)/",21650,5000,8398700,180154000000,200,true,0.93
"HSG",142330,"/Date(1701415446000)/",21650,3800,8393700,180046000000,200,true,0.93
"HSG",142330,"/Date(1701415446000)/",21650,100,8389900,179964000000,200,true,0.93
"HSG",142330,"/Date(1701415446000)/",21650,1000,8389800,179961000000,200,true,0.93
"HSG",142330,"/Date(1701415446000)/",21650,300,8388800,179940000000,200,true,0.93
"HSG",142330,"/Date(1701415446000)/",21650,4800,8388500,179933000000,200,true,0.93
"HSG",142326,"/Date(1701415443000)/",21650,1000,8383700,179829000000,200,true,0.93
"HSG",142326,"/Date(1701415441000)/",21650,100,8382700,179808000000,200,true,0.93
"HSG",142323,"/Date(1701415439000)/",21650,2000,8382600,179806000000,200,true,0.93
"HSG",142323,"/Date(1701415438000)/",21650,300,8380600,179762000000,200,true,0.93
"HSG",142323,"/Date(1701415437000)/",21650,100,8380300,179756000000,200,true,0.93
"HSG",142323,"/Date(1701415437000)/",21650,400,8380200,179754000000,200,true,0.93
"HSG",142320,"/Date(1701415436000)/",21650,6000,8379800,179745000000,200,true,0.93
"HSG",142320,"/Date(1701415436000)/",21650,100,8373800,179615000000,200,true,0.93
"HSG",142320,"/Date(1701415436000)/",21650,100,8373700,179613000000,200,true,0.93
"HSG",142320,"/Date(1701415436000)/",21650,2000,8373600,179611000000,200,true,0.93
"HSG",142320,"/Date(1701415436000)/",21650,1000,8371600,179567000000,200,true,0.93
"HSG",142320,"/Date(1701415436000)/",21650,800,8370600,179546000000,200,true,0.93
"HSG",142314,"/Date(1701415428000)/",21650,200,8369800,179528000000,200,true,0.93
"HSG",142314,"/Date(1701415428000)/",21650,100,8369600,179524000000,200,true,0.93
"HSG",142314,"/Date(1701415428000)/",21650,15800,8369500,179522000000,200,true,0.93
"HSG",142314,"/Date(1701415428000)/",21650,1000,8353700,179180000000,200,true,0.93
"HSG",142314,"/Date(1701415428000)/",21650,400,8352700,179158000000,200,true,0.93
"HSG",142314,"/Date(1701415428000)/",21650,2000,8352300,179150000000,200,true,0.93
"HSG",142314,"/Date(1701415428000)/",21650,3000,8350300,179106000000,200,true,0.93
"HSG",142314,"/Date(1701415428000)/",21650,600,8347300,179041000000,200,true,0.93
"HSG",142314,"/Date(1701415428000)/",21650,200,8346700,179028000000,200,true,0.93
"HSG",142314,"/Date(1701415428000)/",21650,500,8346500,179024000000,200,true,0.93
"HSG",142314,"/Date(1701415428000)/",21650,500,8346000,179013000000,200,true,0.93
"HSG",142314,"/Date(1701415428000)/",21650,700,8345500,179002000000,200,true,0.93
"HSG",142310,"/Date(1701415426000)/",21650,2000,8344800,178987000000,200,true,0.93
"HSG",142307,"/Date(1701415422000)/",21650,500,8342800,178944000000,200,true,0.93
"HSG",142301,"/Date(1701415416000)/",21650,500,8342300,178933000000,200,true,0.93
"HSG",142258,"/Date(1701415413000)/",21650,1000,8341800,178922000000,200,true,0.93
"HSG",142251,"/Date(1701415406000)/",21700,300,8340800,178901000000,250,false,1.17
"HSG",142251,"/Date(1701415406000)/",21700,700,8340500,178894000000,250,false,1.17
"HSG",142248,"/Date(1701415403000)/",21650,1500,8339800,178879000000,200,true,0.93
"HSG",142248,"/Date(1701415402000)/",21650,100,8338300,178846000000,200,true,0.93
"HSG",142242,"/Date(1701415398000)/",21650,3000,8338200,178844000000,200,true,0.93
"HSG",142242,"/Date(1701415398000)/",21650,200,8335200,178779000000,200,true,0.93
"HSG",142242,"/Date(1701415398000)/",21650,200,8335000,178775000000,200,true,0.93
"HSG",142242,"/Date(1701415398000)/",21650,500,8334800,178771000000,200,true,0.93
"HSG",142242,"/Date(1701415398000)/",21650,100,8334300,178760000000,200,true,0.93
"HSG",142242,"/Date(1701415398000)/",21650,14100,8334200,178758000000,200,true,0.93
"HSG",142242,"/Date(1701415398000)/",21650,500,8320100,178452000000,200,true,0.93
"HSG",142242,"/Date(1701415398000)/",21650,1400,8319600,178442000000,200,true,0.93
"HSG",142242,"/Date(1701415396000)/",21700,100,8318200,178411000000,250,false,1.17
"HSG",142235,"/Date(1701415389000)/",21650,600,8318100,178409000000,200,true,0.93
"HSG",142235,"/Date(1701415389000)/",21650,1000,8317500,178396000000,200,true,0.93
"HSG",142235,"/Date(1701415389000)/",21650,1900,8316500,178374000000,200,true,0.93
"HSG",142220,"/Date(1701415376000)/",21650,100,8314600,178333000000,200,true,0.93
"HSG",142220,"/Date(1701415376000)/",21650,1000,8314500,178331000000,200,true,0.93
"HSG",142220,"/Date(1701415376000)/",21650,100,8313500,178309000000,200,true,0.93
"HSG",142220,"/Date(1701415376000)/",21650,1000,8313400,178307000000,200,true,0.93
"HSG",142220,"/Date(1701415376000)/",21650,800,8312400,178286000000,200,true,0.93
"HSG",142216,"/Date(1701415372000)/",21700,300,8311600,178268000000,250,false,1.17
"HSG",142210,"/Date(1701415366000)/",21700,100,8311300,178262000000,250,false,1.17
"HSG",142204,"/Date(1701415360000)/",21700,1300,8311200,178260000000,250,false,1.17
"HSG",142204,"/Date(1701415360000)/",21700,200,8309900,178231000000,250,false,1.17
"HSG",142204,"/Date(1701415360000)/",21700,100,8309700,178227000000,250,false,1.17
"HSG",142204,"/Date(1701415360000)/",21700,2000,8309600,178225000000,250,false,1.17
"HSG",142204,"/Date(1701415360000)/",21700,200,8307600,178182000000,250,false,1.17
"HSG",142204,"/Date(1701415360000)/",21700,100,8307400,178177000000,250,false,1.17
"HSG",142204,"/Date(1701415360000)/",21700,3000,8307300,178175000000,250,false,1.17
"HSG",142204,"/Date(1701415360000)/",21700,6000,8304300,178110000000,250,false,1.17
"HSG",142204,"/Date(1701415360000)/",21700,500,8298300,177980000000,250,false,1.17
"HSG",142204,"/Date(1701415360000)/",21700,400,8297800,177969000000,250,false,1.17
"HSG",142204,"/Date(1701415360000)/",21700,2000,8297400,177960000000,250,false,1.17
"HSG",142204,"/Date(1701415360000)/",21700,100,8295400,177917000000,250,false,1.17
"HSG",142204,"/Date(1701415360000)/",21700,4100,8295300,177915000000,250,false,1.17
"HSG",142204,"/Date(1701415359000)/",21650,100,8291200,177826000000,200,true,0.93
"HSG",142200,"/Date(1701415356000)/",21700,600,8291100,177823000000,250,false,1.17
"HSG",142200,"/Date(1701415356000)/",21700,100,8290500,177810000000,250,false,1.17
"HSG",142200,"/Date(1701415355000)/",21650,2100,8290400,177808000000,200,true,0.93
"HSG",142200,"/Date(1701415355000)/",21650,2900,8288300,177763000000,200,true,0.93
"HSG",142157,"/Date(1701415352000)/",21700,5000,8285400,177700000000,250,false,1.17
"HSG",142151,"/Date(1701415347000)/",21700,100,8280400,177592000000,250,false,1.17
"HSG",142148,"/Date(1701415343000)/",21700,100,8280300,177589000000,250,false,1.17
"HSG",142148,"/Date(1701415343000)/",21700,100,8280200,177587000000,250,false,1.17
"HSG",142145,"/Date(1701415340000)/",21700,200,8280100,177585000000,250,false,1.17
"HSG",142145,"/Date(1701415340000)/",21700,300,8279900,177581000000,250,false,1.17
"HSG",142145,"/Date(1701415340000)/",21700,100,8279600,177574000000,250,false,1.17
"HSG",142145,"/Date(1701415340000)/",21700,100,8279500,177572000000,250,false,1.17
"HSG",142145,"/Date(1701415340000)/",21700,300,8279400,177570000000,250,false,1.17
"HSG",142145,"/Date(1701415340000)/",21700,2000,8279100,177563000000,250,false,1.17
"HSG",142145,"/Date(1701415340000)/",21700,1200,8277100,177520000000,250,false,1.17
"HSG",142138,"/Date(1701415334000)/",21700,1800,8275900,177494000000,250,false,1.17
"HSG",142138,"/Date(1701415334000)/",21700,400,8274100,177455000000,250,false,1.17
"HSG",142138,"/Date(1701415334000)/",21700,100,8273700,177446000000,250,false,1.17
"HSG",142138,"/Date(1701415334000)/",21700,100,8273600,177444000000,250,false,1.17
"HSG",142138,"/Date(1701415334000)/",21700,1000,8273500,177442000000,250,false,1.17
"HSG",142138,"/Date(1701415334000)/",21700,1000,8272500,177420000000,250,false,1.17
"HSG",142138,"/Date(1701415334000)/",21700,5000,8271500,177398000000,250,false,1.17
"HSG",142138,"/Date(1701415334000)/",21700,200,8266500,177290000000,250,false,1.17
"HSG",142138,"/Date(1701415334000)/",21700,4300,8266300,177286000000,250,false,1.17
"HSG",142138,"/Date(1701415333000)/",21650,100,8262000,177192000000,200,true,0.93
"HSG",142138,"/Date(1701415333000)/",21650,500,8261900,177190000000,200,true,0.93
"HSG",142138,"/Date(1701415333000)/",21650,100,8261400,177179000000,200,true,0.93
"HSG",142138,"/Date(1701415333000)/",21650,100,8261300,177177000000,200,true,0.93
"HSG",142138,"/Date(1701415333000)/",21650,6500,8261200,177175000000,200,true,0.93
"HSG",142138,"/Date(1701415333000)/",21650,700,8254700,177034000000,200,true,0.93
"HSG",142135,"/Date(1701415331000)/",21650,100,8254000,177019000000,200,true,0.93
"HSG",142125,"/Date(1701415322000)/",21650,100,8253900,177017000000,200,true,0.93
"HSG",142125,"/Date(1701415321000)/",21700,700,8253800,177015000000,250,false,1.17
"HSG",142125,"/Date(1701415321000)/",21700,300,8253100,177000000000,250,false,1.17
"HSG",142125,"/Date(1701415320000)/",21650,500,8252800,176993000000,200,true,0.93
"HSG",142125,"/Date(1701415320000)/",21700,200,8252300,176982000000,250,false,1.17
"HSG",142122,"/Date(1701415317000)/",21700,100,8252100,176978000000,250,false,1.17
"HSG",142110,"/Date(1701415306000)/",21650,100,8252000,176976000000,200,true,0.93
"HSG",142110,"/Date(1701415306000)/",21700,400,8251900,176974000000,250,false,1.17
"HSG",142110,"/Date(1701415306000)/",21700,3000,8251500,176965000000,250,false,1.17
"HSG",142110,"/Date(1701415306000)/",21700,100,8248500,176900000000,250,false,1.17
"HSG",142110,"/Date(1701415306000)/",21700,1000,8248400,176898000000,250,false,1.17
"HSG",142110,"/Date(1701415306000)/",21700,500,8247400,176876000000,250,false,1.17
"HSG",142103,"/Date(1701415298000)/",21700,1000,8246900,176865000000,250,false,1.17
"HSG",142100,"/Date(1701415294000)/",21700,800,8245900,176843000000,250,false,1.17
"HSG",142057,"/Date(1701415291000)/",21700,800,8245100,176826000000,250,true,1.17
"HSG",142057,"/Date(1701415291000)/",21700,400,8244300,176809000000,250,true,1.17
"HSG",142057,"/Date(1701415291000)/",21700,200,8243900,176800000000,250,true,1.17
"HSG",142057,"/Date(1701415291000)/",21700,1200,8243700,176796000000,250,true,1.17
"HSG",142057,"/Date(1701415291000)/",21700,100,8242500,176770000000,250,true,1.17
"HSG",142054,"/Date(1701415289000)/",21700,400,8242400,176767000000,250,true,1.17
"HSG",142054,"/Date(1701415289000)/",21700,5000,8242000,176759000000,250,true,1.17
"HSG",142054,"/Date(1701415289000)/",21700,2500,8237000,176650000000,250,true,1.17
"HSG",142054,"/Date(1701415289000)/",21700,12100,8234500,176596000000,250,true,1.17
"HSG",142054,"/Date(1701415288000)/",21700,400,8222400,176333000000,250,true,1.17
"HSG",142054,"/Date(1701415287000)/",21700,1000,8222000,176325000000,250,true,1.17
"HSG",142050,"/Date(1701415287000)/",21700,300,8221000,176303000000,250,true,1.17
"HSG",142050,"/Date(1701415287000)/",21700,200,8220700,176296000000,250,true,1.17
"HSG",142050,"/Date(1701415287000)/",21700,2500,8220500,176292000000,250,true,1.17
"HSG",142050,"/Date(1701415287000)/",21700,300,8218000,176238000000,250,true,1.17
"HSG",142050,"/Date(1701415287000)/",21700,200,8217700,176231000000,250,true,1.17
"HSG",142050,"/Date(1701415286000)/",21700,500,8217500,176227000000,250,true,1.17
"HSG",142050,"/Date(1701415286000)/",21700,500,8217000,176216000000,250,true,1.17
"HSG",142050,"/Date(1701415284000)/",21700,200,8216500,176205000000,250,true,1.17
"HSG",142050,"/Date(1701415284000)/",21700,1000,8216300,176201000000,250,true,1.17
"HSG",142047,"/Date(1701415283000)/",21700,300,8215300,176179000000,250,true,1.17
"HSG",142047,"/Date(1701415283000)/",21700,200,8215000,176173000000,250,true,1.17
"HSG",142047,"/Date(1701415283000)/",21700,200,8214800,176168000000,250,true,1.17
"HSG",142047,"/Date(1701415283000)/",21750,1000,8214600,176164000000,300,false,1.4
"HSG",142047,"/Date(1701415282000)/",21700,300,8213600,176142000000,250,true,1.17
"HSG",142047,"/Date(1701415282000)/",21700,2500,8213300,176136000000,250,true,1.17
"HSG",142047,"/Date(1701415282000)/",21700,200,8210800,176082000000,250,true,1.17
"HSG",142047,"/Date(1701415281000)/",21700,100,8210600,176077000000,250,true,1.17
"HSG",142044,"/Date(1701415279000)/",21700,700,8210500,176075000000,250,true,1.17
"HSG",142044,"/Date(1701415279000)/",21700,3300,8209800,176060000000,250,true,1.17
"HSG",142041,"/Date(1701415277000)/",21700,700,8206500,175988000000,250,true,1.17
"HSG",142041,"/Date(1701415277000)/",21700,1000,8205800,175973000000,250,true,1.17
"HSG",142041,"/Date(1701415276000)/",21700,1400,8204800,175951000000,250,true,1.17
"HSG",142041,"/Date(1701415276000)/",21700,100,8203400,175921000000,250,true,1.17
"HSG",142041,"/Date(1701415275000)/",21700,200,8203300,175919000000,250,true,1.17
"HSG",142041,"/Date(1701415275000)/",21700,300,8203100,175914000000,250,true,1.17
"HSG",142034,"/Date(1701415269000)/",21700,1000,8202800,175908000000,250,true,1.17
"HSG",142034,"/Date(1701415269000)/",21700,2900,8201800,175886000000,250,true,1.17
"HSG",142034,"/Date(1701415269000)/",21700,1400,8198900,175823000000,250,true,1.17
"HSG",142034,"/Date(1701415269000)/",21700,400,8197500,175793000000,250,true,1.17
"HSG",142034,"/Date(1701415269000)/",21700,200,8197100,175784000000,250,true,1.17
"HSG",142034,"/Date(1701415268000)/",21700,100,8196900,175780000000,250,true,1.17
"HSG",142034,"/Date(1701415268000)/",21700,400,8196800,175778000000,250,true,1.17
"HSG",142031,"/Date(1701415266000)/",21700,1000,8196400,175769000000,250,true,1.17
"HSG",142028,"/Date(1701415264000)/",21700,100,8195400,175747000000,250,true,1.17
"HSG",142028,"/Date(1701415264000)/",21700,100,8195300,175745000000,250,true,1.17
"HSG",142028,"/Date(1701415262000)/",21700,600,8195200,175743000000,250,true,1.17
"HSG",142028,"/Date(1701415262000)/",21700,300,8194600,175730000000,250,true,1.17
"HSG",142025,"/Date(1701415259000)/",21700,100,8194300,175724000000,250,true,1.17
"HSG",142022,"/Date(1701415257000)/",21700,100,8194200,175721000000,250,true,1.17
"HSG",142022,"/Date(1701415257000)/",21700,400,8194100,175719000000,250,true,1.17
"HSG",142022,"/Date(1701415257000)/",21700,600,8193700,175711000000,250,true,1.17
"HSG",142022,"/Date(1701415257000)/",21700,4000,8193100,175697000000,250,true,1.17
"HSG",142022,"/Date(1701415257000)/",21700,1000,8189100,175611000000,250,true,1.17
"HSG",142022,"/Date(1701415257000)/",21700,5000,8188100,175589000000,250,true,1.17
"HSG",142022,"/Date(1701415256000)/",21700,5100,8183100,175480000000,250,true,1.17
"HSG",142015,"/Date(1701415249000)/",21700,2900,8178000,175370000000,250,true,1.17
"HSG",142015,"/Date(1701415249000)/",21700,1000,8175100,175307000000,250,true,1.17
"HSG",142015,"/Date(1701415249000)/",21700,200,8174100,175285000000,250,true,1.17
"HSG",142015,"/Date(1701415249000)/",21700,900,8173900,175281000000,250,true,1.17
"HSG",142012,"/Date(1701415246000)/",21700,200,8173000,175261000000,250,true,1.17
"HSG",142006,"/Date(1701415241000)/",21700,100,8172800,175257000000,250,true,1.17
"HSG",142006,"/Date(1701415240000)/",21700,800,8172700,175255000000,250,true,1.17
"HSG",142006,"/Date(1701415240000)/",21700,200,8171900,175237000000,250,true,1.17
"HSG",142003,"/Date(1701415237000)/",21700,200,8171700,175233000000,250,true,1.17
"HSG",141959,"/Date(1701415236000)/",21750,100,8171500,175229000000,300,false,1.4
"HSG",141959,"/Date(1701415235000)/",21750,500,8171400,175227000000,300,false,1.4
"HSG",141959,"/Date(1701415235000)/",21750,500,8170900,175216000000,300,false,1.4
"HSG",141959,"/Date(1701415233000)/",21700,300,8170400,175205000000,250,true,1.17
"HSG",141953,"/Date(1701415227000)/",21700,200,8170100,175198000000,250,true,1.17
"HSG",141950,"/Date(1701415226000)/",21750,300,8169900,175194000000,300,false,1.4
"HSG",141950,"/Date(1701415226000)/",21700,100,8169600,175187000000,250,true,1.17
"HSG",141950,"/Date(1701415225000)/",21750,500,8169500,175185000000,300,false,1.4
"HSG",141950,"/Date(1701415225000)/",21750,1000,8169000,175174000000,300,false,1.4
"HSG",141950,"/Date(1701415225000)/",21750,500,8168000,175153000000,300,false,1.4
"HSG",141950,"/Date(1701415224000)/",21750,2200,8167500,175142000000,300,false,1.4
"HSG",141950,"/Date(1701415224000)/",21750,100,8165300,175094000000,300,false,1.4
"HSG",141950,"/Date(1701415224000)/",21750,1000,8165200,175092000000,300,false,1.4
"HSG",141950,"/Date(1701415224000)/",21750,100,8164200,175070000000,300,false,1.4
"HSG",141950,"/Date(1701415224000)/",21750,100,8164100,175068000000,300,false,1.4
"HSG",141950,"/Date(1701415224000)/",21750,100,8164000,175066000000,300,false,1.4
"HSG",141950,"/Date(1701415224000)/",21750,500,8163900,175064000000,300,false,1.4
"HSG",141950,"/Date(1701415224000)/",21750,3000,8163400,175053000000,300,false,1.4
"HSG",141950,"/Date(1701415224000)/",21750,5200,8160400,174987000000,300,false,1.4
"HSG",141950,"/Date(1701415224000)/",21750,1800,8155200,174874000000,300,false,1.4
"HSG",141944,"/Date(1701415218000)/",21750,100,8153400,174835000000,300,false,1.4
"HSG",141937,"/Date(1701415211000)/",21750,100,8153300,174833000000,300,false,1.4
"HSG",141934,"/Date(1701415210000)/",21750,2000,8153200,174831000000,300,true,1.4
"HSG",141934,"/Date(1701415210000)/",21750,400,8151200,174787000000,300,true,1.4
"HSG",141934,"/Date(1701415210000)/",21750,600,8150800,174779000000,300,true,1.4
"HSG",141934,"/Date(1701415209000)/",21750,100,8150200,174766000000,300,true,1.4
"HSG",141934,"/Date(1701415209000)/",21750,3600,8150100,174763000000,300,true,1.4
"HSG",141934,"/Date(1701415209000)/",21750,200,8146500,174685000000,300,true,1.4
"HSG",141934,"/Date(1701415209000)/",21750,800,8146300,174681000000,300,true,1.4
"HSG",141934,"/Date(1701415209000)/",21750,400,8145500,174663000000,300,true,1.4
"HSG",141934,"/Date(1701415209000)/",21750,100,8145100,174655000000,300,true,1.4
"HSG",141934,"/Date(1701415209000)/",21750,400,8145000,174652000000,300,true,1.4
"HSG",141931,"/Date(1701415207000)/",21750,200,8144600,174644000000,300,true,1.4
"HSG",141931,"/Date(1701415206000)/",21750,500,8144400,174639000000,300,true,1.4
"HSG",141931,"/Date(1701415205000)/",21750,500,8143900,174629000000,300,true,1.4
"HSG",141928,"/Date(1701415204000)/",21750,1400,8143400,174618000000,300,true,1.4
"HSG",141928,"/Date(1701415204000)/",21750,1000,8142000,174587000000,300,true,1.4
"HSG",141928,"/Date(1701415204000)/",21750,900,8141000,174565000000,300,true,1.4
"HSG",141928,"/Date(1701415204000)/",21750,3700,8140100,174546000000,300,true,1.4
"HSG",141928,"/Date(1701415203000)/",21750,2000,8136400,174465000000,300,true,1.4
"HSG",141928,"/Date(1701415202000)/",21800,100,8134400,174422000000,350,false,1.63
"HSG",141928,"/Date(1701415202000)/",21750,500,8134300,174420000000,300,true,1.4
"HSG",141928,"/Date(1701415201000)/",21750,5000,8133800,174409000000,300,true,1.4
"HSG",141924,"/Date(1701415200000)/",21750,100,8128800,174300000000,300,true,1.4
"HSG",141924,"/Date(1701415198000)/",21750,200,8128700,174298000000,300,true,1.4
"HSG",141921,"/Date(1701415197000)/",21750,100,8128500,174294000000,300,true,1.4
"HSG",141921,"/Date(1701415196000)/",21750,500,8128400,174291000000,300,true,1.4
"HSG",141921,"/Date(1701415196000)/",21750,200,8127900,174281000000,300,true,1.4
"HSG",141918,"/Date(1701415194000)/",21750,100,8127700,174276000000,300,true,1.4
"HSG",141918,"/Date(1701415194000)/",21750,200,8127600,174274000000,300,true,1.4
"HSG",141918,"/Date(1701415194000)/",21750,1800,8127400,174270000000,300,true,1.4
"HSG",141918,"/Date(1701415194000)/",21750,100,8125600,174230000000,300,true,1.4
"HSG",141918,"/Date(1701415193000)/",21750,100,8125500,174228000000,300,true,1.4
"HSG",141915,"/Date(1701415190000)/",21750,100,8125400,174226000000,300,true,1.4
"HSG",141915,"/Date(1701415189000)/",21750,7900,8125300,174224000000,300,true,1.4
"HSG",141915,"/Date(1701415189000)/",21750,7100,8117400,174052000000,300,true,1.4
"HSG",141915,"/Date(1701415189000)/",21750,500,8110300,173898000000,300,true,1.4
"HSG",141915,"/Date(1701415188000)/",21750,5000,8109800,173887000000,300,true,1.4
"HSG",141911,"/Date(1701415186000)/",21750,100,8104800,173778000000,300,true,1.4
"HSG",141911,"/Date(1701415185000)/",21750,500,8104700,173776000000,300,true,1.4
"HSG",141908,"/Date(1701415184000)/",21750,500,8104200,173765000000,300,false,1.4
"HSG",141908,"/Date(1701415183000)/",21750,500,8103700,173754000000,300,false,1.4
"HSG",141908,"/Date(1701415183000)/",21750,200,8103200,173743000000,300,false,1.4
"HSG",141908,"/Date(1701415182000)/",21750,800,8103000,173739000000,300,false,1.4
"HSG",141908,"/Date(1701415182000)/",21750,200,8102200,173722000000,300,false,1.4
"HSG",141905,"/Date(1701415181000)/",21750,800,8102000,173717000000,300,false,1.4
"HSG",141905,"/Date(1701415181000)/",21750,200,8101200,173700000000,300,false,1.4
"HSG",141905,"/Date(1701415181000)/",21750,1500,8101000,173695000000,300,false,1.4
"HSG",141905,"/Date(1701415181000)/",21750,100,8099500,173663000000,300,false,1.4
"HSG",141905,"/Date(1701415181000)/",21750,1000,8099400,173661000000,300,false,1.4
"HSG",141905,"/Date(1701415181000)/",21750,500,8098400,173639000000,300,false,1.4
"HSG",141905,"/Date(1701415181000)/",21750,500,8097900,173628000000,300,false,1.4
"HSG",141905,"/Date(1701415181000)/",21750,12400,8097400,173617000000,300,false,1.4
"HSG",141905,"/Date(1701415181000)/",21750,1000,8085000,173347000000,300,false,1.4
"HSG",141905,"/Date(1701415179000)/",21750,200,8084000,173326000000,300,false,1.4
"HSG",141902,"/Date(1701415178000)/",21750,6400,8083800,173321000000,300,false,1.4
"HSG",141902,"/Date(1701415178000)/",21750,200,8077400,173182000000,300,false,1.4
"HSG",141902,"/Date(1701415178000)/",21750,1000,8077200,173178000000,300,false,1.4
"HSG",141902,"/Date(1701415178000)/",21750,1000,8076200,173156000000,300,false,1.4
"HSG",141902,"/Date(1701415178000)/",21750,100,8075200,173134000000,300,false,1.4
"HSG",141902,"/Date(1701415178000)/",21750,1300,8075100,173132000000,300,false,1.4
"HSG",141902,"/Date(1701415177000)/",21750,300,8073800,173104000000,300,false,1.4
"HSG",141902,"/Date(1701415177000)/",21750,100,8073500,173097000000,300,false,1.4
"HSG",141859,"/Date(1701415175000)/",21700,600,8073400,173095000000,250,true,1.17
"HSG",141859,"/Date(1701415175000)/",21700,300,8072800,173082000000,250,true,1.17
"HSG",141859,"/Date(1701415175000)/",21700,200,8072500,173076000000,250,true,1.17
"HSG",141859,"/Date(1701415174000)/",21700,100,8072300,173071000000,250,true,1.17
"HSG",141859,"/Date(1701415173000)/",21750,3300,8072200,173069000000,300,false,1.4
"HSG",141859,"/Date(1701415173000)/",21750,500,8068900,172997000000,300,false,1.4
"HSG",141859,"/Date(1701415173000)/",21750,500,8068400,172986000000,300,false,1.4
"HSG",141859,"/Date(1701415173000)/",21750,200,8067900,172976000000,300,false,1.4
"HSG",141859,"/Date(1701415173000)/",21750,4000,8067700,172971000000,300,false,1.4
"HSG",141859,"/Date(1701415173000)/",21750,200,8063700,172884000000,300,false,1.4
"HSG",141859,"/Date(1701415173000)/",21750,200,8063500,172880000000,300,false,1.4
"HSG",141859,"/Date(1701415173000)/",21750,500,8063300,172876000000,300,false,1.4
"HSG",141859,"/Date(1701415173000)/",21750,100,8062800,172865000000,300,false,1.4
"HSG",141859,"/Date(1701415173000)/",21750,100,8062700,172862000000,300,false,1.4
"HSG",141859,"/Date(1701415173000)/",21750,400,8062600,172860000000,300,false,1.4
"HSG",141856,"/Date(1701415172000)/",21750,3000,8062200,172852000000,300,false,1.4
"HSG",141856,"/Date(1701415170000)/",21750,200,8059200,172786000000,300,false,1.4
"HSG",141849,"/Date(1701415165000)/",21750,1400,8059000,172782000000,300,false,1.4
"HSG",141849,"/Date(1701415165000)/",21750,500,8057600,172752000000,300,false,1.4
"HSG",141849,"/Date(1701415165000)/",21750,1000,8057100,172741000000,300,false,1.4
"HSG",141849,"/Date(1701415165000)/",21750,200,8056100,172719000000,300,false,1.4
"HSG",141849,"/Date(1701415165000)/",21750,400,8055900,172715000000,300,false,1.4
"HSG",141849,"/Date(1701415165000)/",21750,500,8055500,172706000000,300,false,1.4
"HSG",141849,"/Date(1701415165000)/",21750,3000,8055000,172695000000,300,false,1.4
"HSG",141849,"/Date(1701415165000)/",21700,100,8052000,172630000000,250,true,1.17
"HSG",141846,"/Date(1701415162000)/",21750,15900,8051900,172628000000,300,false,1.4
"HSG",141846,"/Date(1701415162000)/",21750,500,8036000,172282000000,300,false,1.4
"HSG",141846,"/Date(1701415162000)/",21750,100,8035500,172271000000,300,false,1.4
"HSG",141846,"/Date(1701415162000)/",21750,500,8035400,172269000000,300,false,1.4
"HSG",141846,"/Date(1701415162000)/",21750,500,8034900,172258000000,300,false,1.4
"HSG",141846,"/Date(1701415162000)/",21750,1200,8034400,172247000000,300,false,1.4
"HSG",141846,"/Date(1701415162000)/",21750,5000,8033200,172221000000,300,false,1.4
"HSG",141846,"/Date(1701415162000)/",21750,2000,8028200,172112000000,300,false,1.4
"HSG",141846,"/Date(1701415162000)/",21750,700,8026200,172069000000,300,false,1.4
"HSG",141846,"/Date(1701415162000)/",21750,100,8025500,172053000000,300,false,1.4
"HSG",141846,"/Date(1701415162000)/",21750,700,8025400,172051000000,300,false,1.4
"HSG",141846,"/Date(1701415162000)/",21750,700,8024700,172036000000,300,false,1.4
"HSG",141846,"/Date(1701415162000)/",21750,300,8024000,172021000000,300,false,1.4
"HSG",141846,"/Date(1701415162000)/",21750,1000,8023700,172014000000,300,false,1.4
"HSG",141846,"/Date(1701415162000)/",21750,2000,8022700,171992000000,300,false,1.4
"HSG",141846,"/Date(1701415162000)/",21750,1000,8020700,171949000000,300,false,1.4
"HSG",141846,"/Date(1701415162000)/",21750,100,8019700,171927000000,300,false,1.4
"HSG",141846,"/Date(1701415162000)/",21750,100,8019600,171925000000,300,false,1.4
"HSG",141846,"/Date(1701415162000)/",21750,100,8019500,171923000000,300,false,1.4
"HSG",141846,"/Date(1701415162000)/",21750,100,8019400,171921000000,300,false,1.4
"HSG",141846,"/Date(1701415162000)/",21750,5000,8019300,171919000000,300,false,1.4
"HSG",141846,"/Date(1701415162000)/",21750,100,8014300,171810000000,300,false,1.4
"HSG",141846,"/Date(1701415162000)/",21750,1000,8014200,171808000000,300,false,1.4
"HSG",141846,"/Date(1701415162000)/",21750,30700,8013200,171786000000,300,false,1.4
"HSG",141846,"/Date(1701415162000)/",21750,1000,7982500,171118000000,300,false,1.4
"HSG",141846,"/Date(1701415161000)/",21700,500,7981500,171096000000,250,true,1.17
"HSG",141846,"/Date(1701415161000)/",21700,100,7981000,171086000000,250,true,1.17
"HSG",141846,"/Date(1701415161000)/",21750,1000,7980900,171083000000,300,false,1.4
"HSG",141846,"/Date(1701415160000)/",21750,5000,7979900,171062000000,300,false,1.4
"HSG",141843,"/Date(1701415157000)/",21750,100,7974900,170953000000,300,false,1.4
"HSG",141843,"/Date(1701415157000)/",21750,500,7974800,170951000000,300,false,1.4
"HSG",141840,"/Date(1701415156000)/",21750,500,7974300,170940000000,300,false,1.4
"HSG",141840,"/Date(1701415156000)/",21700,5000,7973800,170929000000,250,true,1.17
"HSG",141840,"/Date(1701415156000)/",21700,600,7968800,170820000000,250,true,1.17
"HSG",141840,"/Date(1701415156000)/",21700,800,7968200,170807000000,250,true,1.17
"HSG",141840,"/Date(1701415156000)/",21700,100,7967400,170790000000,250,true,1.17
"HSG",141840,"/Date(1701415156000)/",21700,300,7967300,170788000000,250,true,1.17
"HSG",141840,"/Date(1701415156000)/",21700,2000,7967000,170781000000,250,true,1.17
"HSG",141840,"/Date(1701415156000)/",21700,1000,7965000,170738000000,250,true,1.17
"HSG",141840,"/Date(1701415156000)/",21700,200,7964000,170716000000,250,true,1.17
"HSG",141840,"/Date(1701415156000)/",21750,2000,7963800,170712000000,300,false,1.4
"HSG",141840,"/Date(1701415154000)/",21750,1000,7961800,170668000000,300,false,1.4
"HSG",141836,"/Date(1701415152000)/",21750,8200,7960800,170647000000,300,false,1.4
"HSG",141836,"/Date(1701415152000)/",21750,1800,7952600,170468000000,300,false,1.4
"HSG",141836,"/Date(1701415150000)/",21750,200,7950800,170429000000,300,false,1.4
"HSG",141836,"/Date(1701415150000)/",21750,500,7950600,170425000000,300,false,1.4
"HSG",141836,"/Date(1701415150000)/",21750,300,7950100,170414000000,300,false,1.4
"HSG",141836,"/Date(1701415150000)/",21750,2000,7949800,170407000000,300,false,1.4
"HSG",141833,"/Date(1701415149000)/",21750,300,7947800,170364000000,300,false,1.4
"HSG",141830,"/Date(1701415146000)/",21750,100,7947500,170357000000,300,false,1.4
"HSG",141830,"/Date(1701415144000)/",21750,500,7947400,170355000000,300,false,1.4
"HSG",141827,"/Date(1701415143000)/",21750,7100,7946900,170344000000,300,false,1.4
"HSG",141827,"/Date(1701415143000)/",21750,100,7939800,170190000000,300,false,1.4
"HSG",141827,"/Date(1701415143000)/",21750,2000,7939700,170188000000,300,false,1.4
"HSG",141827,"/Date(1701415143000)/",21750,500,7937700,170144000000,300,false,1.4
"HSG",141827,"/Date(1701415143000)/",21750,5000,7937200,170133000000,300,false,1.4
"HSG",141827,"/Date(1701415143000)/",21750,5000,7932200,170025000000,300,false,1.4
"HSG",141827,"/Date(1701415143000)/",21750,200,7927200,169916000000,300,false,1.4
"HSG",141827,"/Date(1701415143000)/",21750,100,7927000,169912000000,300,false,1.4
"HSG",141827,"/Date(1701415143000)/",21750,900,7926900,169909000000,300,false,1.4
"HSG",141827,"/Date(1701415143000)/",21750,1300,7926000,169890000000,300,false,1.4
"HSG",141827,"/Date(1701415143000)/",21750,400,7924700,169861000000,300,false,1.4
"HSG",141827,"/Date(1701415143000)/",21750,2000,7924300,169853000000,300,false,1.4
"HSG",141827,"/Date(1701415143000)/",21750,1000,7922300,169809000000,300,false,1.4
"HSG",141827,"/Date(1701415143000)/",21750,100,7921300,169788000000,300,false,1.4
"HSG",141827,"/Date(1701415143000)/",21750,100,7921200,169785000000,300,false,1.4
"HSG",141827,"/Date(1701415143000)/",21750,4200,7921100,169783000000,300,false,1.4
"HSG",141827,"/Date(1701415141000)/",21750,100,7916900,169692000000,300,false,1.4
"HSG",141827,"/Date(1701415140000)/",21750,500,7916800,169690000000,300,false,1.4
"HSG",141824,"/Date(1701415138000)/",21750,200,7916300,169679000000,300,false,1.4
"HSG",141824,"/Date(1701415138000)/",21750,200,7916100,169674000000,300,false,1.4
"HSG",141820,"/Date(1701415136000)/",21750,1000,7915900,169670000000,300,false,1.4
"HSG",141817,"/Date(1701415132000)/",21750,300,7914900,169648000000,300,false,1.4
"HSG",141817,"/Date(1701415132000)/",21750,100,7914600,169642000000,300,false,1.4
"HSG",141814,"/Date(1701415129000)/",21750,500,7914500,169640000000,300,false,1.4
"HSG",141808,"/Date(1701415123000)/",21750,900,7914000,169629000000,300,false,1.4
"HSG",141808,"/Date(1701415123000)/",21750,100,7913100,169609000000,300,false,1.4
"HSG",141808,"/Date(1701415123000)/",21750,4000,7913000,169607000000,300,false,1.4
"HSG",141808,"/Date(1701415123000)/",21700,300,7909000,169520000000,250,true,1.17
"HSG",141805,"/Date(1701415119000)/",21700,1000,7908700,169514000000,250,true,1.17
"HSG",141805,"/Date(1701415118000)/",21700,200,7907700,169492000000,250,true,1.17
"HSG",141805,"/Date(1701415118000)/",21750,5000,7907500,169487000000,300,false,1.4
"HSG",141801,"/Date(1701415118000)/",21750,1000,7902500,169379000000,300,false,1.4
"HSG",141801,"/Date(1701415117000)/",21700,800,7901500,169357000000,250,true,1.17
"HSG",141801,"/Date(1701415117000)/",21700,200,7900700,169340000000,250,true,1.17
"HSG",141801,"/Date(1701415117000)/",21700,4300,7900500,169335000000,250,true,1.17
"HSG",141801,"/Date(1701415116000)/",21700,1500,7896200,169242000000,250,true,1.17
"HSG",141758,"/Date(1701415112000)/",21700,100,7894700,169209000000,250,true,1.17
"HSG",141755,"/Date(1701415109000)/",21700,2500,7894600,169207000000,250,true,1.17
"HSG",141745,"/Date(1701415102000)/",21700,1500,7892100,169153000000,250,true,1.17
"HSG",141745,"/Date(1701415102000)/",21700,300,7890600,169120000000,250,true,1.17
"HSG",141745,"/Date(1701415102000)/",21700,100,7890300,169114000000,250,true,1.17
"HSG",141745,"/Date(1701415102000)/",21700,100,7890200,169112000000,250,true,1.17
"HSG",141745,"/Date(1701415102000)/",21700,5000,7890100,169110000000,250,true,1.17
"HSG",141745,"/Date(1701415102000)/",21700,100,7885100,169001000000,250,true,1.17
"HSG",141745,"/Date(1701415102000)/",21700,500,7885000,168999000000,250,true,1.17
"HSG",141745,"/Date(1701415102000)/",21700,1000,7884500,168988000000,250,true,1.17
"HSG",141745,"/Date(1701415102000)/",21700,300,7883500,168966000000,250,true,1.17
"HSG",141745,"/Date(1701415102000)/",21700,5000,7883200,168960000000,250,true,1.17
"HSG",141745,"/Date(1701415102000)/",21700,100,7878200,168851000000,250,true,1.17
"HSG",141745,"/Date(1701415102000)/",21700,200,7878100,168849000000,250,true,1.17
"HSG",141745,"/Date(1701415102000)/",21700,400,7877900,168845000000,250,true,1.17
"HSG",141745,"/Date(1701415102000)/",21700,100,7877500,168836000000,250,true,1.17
"HSG",141745,"/Date(1701415102000)/",21700,500,7877400,168834000000,250,true,1.17
"HSG",141745,"/Date(1701415102000)/",21700,200,7876900,168823000000,250,true,1.17
"HSG",141745,"/Date(1701415102000)/",21700,4400,7876700,168819000000,250,true,1.17
"HSG",141745,"/Date(1701415102000)/",21700,100,7872300,168723000000,250,true,1.17
"HSG",141745,"/Date(1701415102000)/",21700,500,7872200,168721000000,250,true,1.17
"HSG",141745,"/Date(1701415102000)/",21700,100,7871700,168710000000,250,true,1.17
"HSG",141745,"/Date(1701415102000)/",21700,500,7871600,168708000000,250,true,1.17
"HSG",141745,"/Date(1701415102000)/",21700,500,7871100,168697000000,250,true,1.17
"HSG",141745,"/Date(1701415102000)/",21700,5000,7870600,168686000000,250,true,1.17
"HSG",141745,"/Date(1701415102000)/",21700,1100,7865600,168578000000,250,true,1.17
"HSG",141745,"/Date(1701415102000)/",21700,100,7864500,168554000000,250,true,1.17
"HSG",141745,"/Date(1701415102000)/",21700,5000,7864400,168552000000,250,true,1.17
"HSG",141745,"/Date(1701415102000)/",21700,1500,7859400,168443000000,250,true,1.17
"HSG",141745,"/Date(1701415102000)/",21700,100,7857900,168411000000,250,true,1.17
"HSG",141745,"/Date(1701415102000)/",21700,2000,7857800,168409000000,250,true,1.17
"HSG",141745,"/Date(1701415102000)/",21700,100,7855800,168365000000,250,true,1.17
"HSG",141745,"/Date(1701415102000)/",21700,1800,7855700,168363000000,250,true,1.17
"HSG",141745,"/Date(1701415102000)/",21700,500,7853900,168324000000,250,true,1.17
"HSG",141745,"/Date(1701415102000)/",21700,100,7853400,168313000000,250,true,1.17
"HSG",141745,"/Date(1701415102000)/",21700,500,7853300,168311000000,250,true,1.17
"HSG",141745,"/Date(1701415102000)/",21700,5000,7852800,168300000000,250,true,1.17
"HSG",141745,"/Date(1701415102000)/",21700,2000,7847800,168192000000,250,true,1.17
"HSG",141745,"/Date(1701415102000)/",21700,1500,7845800,168148000000,250,true,1.17
"HSG",141745,"/Date(1701415102000)/",21700,1500,7844300,168116000000,250,true,1.17
"HSG",141745,"/Date(1701415102000)/",21700,100,7842800,168083000000,250,true,1.17
"HSG",141745,"/Date(1701415102000)/",21700,3000,7842700,168081000000,250,true,1.17
"HSG",141745,"/Date(1701415102000)/",21700,6000,7839700,168016000000,250,true,1.17
"HSG",141745,"/Date(1701415102000)/",21700,600,7833700,167886000000,250,true,1.17
"HSG",141745,"/Date(1701415102000)/",21700,200,7833100,167873000000,250,true,1.17
"HSG",141745,"/Date(1701415102000)/",21700,100,7832900,167868000000,250,true,1.17
"HSG",141745,"/Date(1701415102000)/",21700,100,7832800,167866000000,250,true,1.17
"HSG",141745,"/Date(1701415102000)/",21700,5000,7832700,167864000000,250,true,1.17
"HSG",141745,"/Date(1701415102000)/",21700,100,7827700,167756000000,250,true,1.17
"HSG",141745,"/Date(1701415102000)/",21700,200,7827600,167753000000,250,true,1.17
"HSG",141745,"/Date(1701415102000)/",21700,500,7827400,167749000000,250,true,1.17
"HSG",141745,"/Date(1701415102000)/",21700,1300,7826900,167738000000,250,true,1.17
"HSG",141745,"/Date(1701415102000)/",21700,200,7825600,167710000000,250,true,1.17
"HSG",141745,"/Date(1701415102000)/",21700,400,7825400,167706000000,250,true,1.17
"HSG",141745,"/Date(1701415102000)/",21700,100,7825000,167697000000,250,true,1.17
"HSG",141745,"/Date(1701415102000)/",21700,100,7824900,167695000000,250,true,1.17
"HSG",141745,"/Date(1701415102000)/",21700,100,7824800,167693000000,250,true,1.17
"HSG",141745,"/Date(1701415101000)/",21700,1000,7824700,167690000000,250,true,1.17
"HSG",141745,"/Date(1701415101000)/",21700,1000,7823700,167669000000,250,true,1.17
"HSG",141742,"/Date(1701415098000)/",21700,500,7822700,167647000000,250,false,1.17
"HSG",141742,"/Date(1701415098000)/",21700,100,7822200,167636000000,250,false,1.17
"HSG",141742,"/Date(1701415098000)/",21700,100,7822100,167634000000,250,false,1.17
"HSG",141742,"/Date(1701415098000)/",21700,1000,7822000,167632000000,250,false,1.17
"HSG",141742,"/Date(1701415098000)/",21700,100,7821000,167610000000,250,false,1.17
"HSG",141742,"/Date(1701415098000)/",21700,1000,7820900,167608000000,250,false,1.17
"HSG",141742,"/Date(1701415098000)/",21700,200,7819900,167586000000,250,false,1.17
"HSG",141742,"/Date(1701415097000)/",21700,300,7819700,167582000000,250,false,1.17
"HSG",141742,"/Date(1701415097000)/",21700,300,7819400,167575000000,250,false,1.17
"HSG",141742,"/Date(1701415097000)/",21700,100,7819100,167569000000,250,false,1.17
"HSG",141742,"/Date(1701415097000)/",21700,100,7819000,167567000000,250,false,1.17
"HSG",141742,"/Date(1701415097000)/",21700,200,7818900,167565000000,250,false,1.17
"HSG",141742,"/Date(1701415097000)/",21700,300,7818700,167560000000,250,false,1.17
"HSG",141742,"/Date(1701415097000)/",21700,2200,7818400,167554000000,250,false,1.17
"HSG",141742,"/Date(1701415097000)/",21700,100,7816200,167506000000,250,false,1.17
"HSG",141742,"/Date(1701415097000)/",21700,1200,7816100,167504000000,250,false,1.17
"HSG",141742,"/Date(1701415097000)/",21700,500,7814900,167478000000,250,false,1.17
"HSG",141742,"/Date(1701415097000)/",21700,100,7814400,167467000000,250,false,1.17
"HSG",141742,"/Date(1701415097000)/",21700,300,7814300,167465000000,250,false,1.17
"HSG",141742,"/Date(1701415097000)/",21700,200,7814000,167458000000,250,false,1.17
"HSG",141739,"/Date(1701415095000)/",21700,400,7813800,167454000000,250,false,1.17
"HSG",141739,"/Date(1701415095000)/",21700,10000,7813400,167445000000,250,false,1.17
"HSG",141739,"/Date(1701415093000)/",21700,700,7803400,167228000000,250,false,1.17
"HSG",141733,"/Date(1701415088000)/",21700,1000,7802700,167213000000,250,false,1.17
"HSG",141733,"/Date(1701415086000)/",21700,1300,7801700,167191000000,250,false,1.17
"HSG",141733,"/Date(1701415086000)/",21700,1500,7800400,167163000000,250,false,1.17
"HSG",141729,"/Date(1701415085000)/",21700,200,7798900,167131000000,250,false,1.17
"HSG",141729,"/Date(1701415084000)/",21700,500,7798700,167126000000,250,false,1.17
"HSG",141729,"/Date(1701415083000)/",21700,800,7798200,167115000000,250,false,1.17
"HSG",141726,"/Date(1701415082000)/",21700,500,7797400,167098000000,250,false,1.17
"HSG",141726,"/Date(1701415080000)/",21700,100,7796900,167087000000,250,false,1.17
"HSG",141720,"/Date(1701415076000)/",21700,100,7796800,167085000000,250,false,1.17
"HSG",141714,"/Date(1701415069000)/",21700,1000,7796700,167083000000,250,false,1.17
"HSG",141714,"/Date(1701415067000)/",21650,700,7795700,167061000000,200,true,0.93
"HSG",141704,"/Date(1701415059000)/",21650,100,7795000,167046000000,200,true,0.93
"HSG",141701,"/Date(1701415057000)/",21650,300,7794900,167044000000,200,true,0.93
"HSG",141658,"/Date(1701415053000)/",21650,500,7794600,167037000000,200,true,0.93
"HSG",141654,"/Date(1701415048000)/",21650,1000,7794100,167026000000,200,true,0.93
"HSG",141651,"/Date(1701415046000)/",21650,100,7793100,167005000000,200,true,0.93
"HSG",141651,"/Date(1701415046000)/",21650,4000,7793000,167003000000,200,true,0.93
"HSG",141651,"/Date(1701415046000)/",21650,200,7789000,166916000000,200,true,0.93
"HSG",141651,"/Date(1701415046000)/",21650,100,7788800,166912000000,200,true,0.93
"HSG",141651,"/Date(1701415046000)/",21650,700,7788700,166910000000,200,true,0.93
"HSG",141651,"/Date(1701415046000)/",21650,20000,7788000,166894000000,200,true,0.93
"HSG",141651,"/Date(1701415045000)/",21650,1000,7768000,166461000000,200,true,0.93
"HSG",141651,"/Date(1701415045000)/",21650,500,7767000,166440000000,200,true,0.93
"HSG",141648,"/Date(1701415042000)/",21650,2000,7766500,166429000000,200,false,0.93
"HSG",141648,"/Date(1701415041000)/",21650,100,7764500,166386000000,200,false,0.93
"HSG",141645,"/Date(1701415040000)/",21650,200,7764400,166383000000,200,false,0.93
"HSG",141645,"/Date(1701415040000)/",21600,500,7764200,166379000000,150,true,0.7
"HSG",141645,"/Date(1701415039000)/",21650,500,7763700,166368000000,200,false,0.93
"HSG",141645,"/Date(1701415039000)/",21650,15000,7763200,166358000000,200,false,0.93
"HSG",141642,"/Date(1701415036000)/",21650,5000,7748200,166033000000,200,false,0.93
"HSG",141638,"/Date(1701415032000)/",21650,1200,7743200,165925000000,200,false,0.93
"HSG",141635,"/Date(1701415029000)/",21650,200,7742000,165899000000,200,false,0.93
"HSG",141632,"/Date(1701415028000)/",21650,300,7741800,165894000000,200,false,0.93
"HSG",141632,"/Date(1701415026000)/",21650,1800,7741500,165888000000,200,false,0.93
"HSG",141623,"/Date(1701415018000)/",21650,1500,7739700,165849000000,200,false,0.93
"HSG",141623,"/Date(1701415018000)/",21650,500,7738200,165816000000,200,false,0.93
"HSG",141623,"/Date(1701415018000)/",21650,2600,7737700,165805000000,200,false,0.93
"HSG",141623,"/Date(1701415018000)/",21650,1900,7735100,165749000000,200,false,0.93
"HSG",141623,"/Date(1701415017000)/",21650,100,7733200,165708000000,200,false,0.93
"HSG",141623,"/Date(1701415017000)/",21650,1000,7733100,165706000000,200,false,0.93
"HSG",141623,"/Date(1701415017000)/",21650,200,7732100,165684000000,200,false,0.93
"HSG",141623,"/Date(1701415017000)/",21650,700,7731900,165680000000,200,false,0.93
"HSG",141623,"/Date(1701415016000)/",21650,1000,7731200,165665000000,200,false,0.93
"HSG",141623,"/Date(1701415016000)/",21650,1800,7730200,165643000000,200,false,0.93
"HSG",141623,"/Date(1701415016000)/",21650,100,7728400,165604000000,200,false,0.93
"HSG",141623,"/Date(1701415016000)/",21650,3100,7728300,165602000000,200,false,0.93
"HSG",141619,"/Date(1701415015000)/",21650,1900,7725200,165535000000,200,false,0.93
"HSG",141619,"/Date(1701415015000)/",21650,200,7723300,165494000000,200,false,0.93
"HSG",141619,"/Date(1701415015000)/",21650,300,7723100,165489000000,200,false,0.93
"HSG",141619,"/Date(1701415015000)/",21650,300,7722800,165483000000,200,false,0.93
"HSG",141619,"/Date(1701415015000)/",21650,300,7722500,165476000000,200,false,0.93
"HSG",141619,"/Date(1701415014000)/",21650,500,7722200,165470000000,200,false,0.93
"HSG",141616,"/Date(1701415010000)/",21600,300,7721700,165459000000,150,true,0.7
"HSG",141613,"/Date(1701415009000)/",21650,200,7721400,165453000000,200,false,0.93
"HSG",141613,"/Date(1701415009000)/",21650,100,7721200,165448000000,200,false,0.93
"HSG",141613,"/Date(1701415006000)/",21600,1000,7721100,165446000000,150,true,0.7
"HSG",141610,"/Date(1701415003000)/",21600,4000,7720100,165424000000,150,true,0.7
"HSG",141607,"/Date(1701415003000)/",21600,200,7716100,165338000000,150,true,0.7
"HSG",141607,"/Date(1701415001000)/",21650,100,7715900,165334000000,200,false,0.93
"HSG",141607,"/Date(1701415001000)/",21650,300,7715800,165332000000,200,false,0.93
"HSG",141607,"/Date(1701415000000)/",21600,500,7715500,165325000000,150,true,0.7
"HSG",141607,"/Date(1701415000000)/",21600,500,7715000,165314000000,150,true,0.7
"HSG",141607,"/Date(1701415000000)/",21600,100,7714500,165303000000,150,true,0.7
"HSG",141607,"/Date(1701415000000)/",21600,400,7714400,165301000000,150,true,0.7
"HSG",141607,"/Date(1701415000000)/",21600,500,7714000,165293000000,150,true,0.7
"HSG",141607,"/Date(1701415000000)/",21600,300,7713500,165282000000,150,true,0.7
"HSG",141607,"/Date(1701415000000)/",21600,100,7713200,165275000000,150,true,0.7
"HSG",141607,"/Date(1701415000000)/",21600,300,7713100,165273000000,150,true,0.7
"HSG",141607,"/Date(1701415000000)/",21600,1000,7712800,165267000000,150,true,0.7
"HSG",141607,"/Date(1701415000000)/",21600,100,7711800,165245000000,150,true,0.7
"HSG",141607,"/Date(1701415000000)/",21600,2000,7711700,165243000000,150,true,0.7
"HSG",141607,"/Date(1701415000000)/",21600,1000,7709700,165200000000,150,true,0.7
"HSG",141607,"/Date(1701415000000)/",21600,3000,7708700,165178000000,150,true,0.7
"HSG",141607,"/Date(1701415000000)/",21600,1500,7705700,165113000000,150,true,0.7
"HSG",141607,"/Date(1701415000000)/",21600,7000,7704200,165081000000,150,true,0.7
"HSG",141603,"/Date(1701414999000)/",21600,3000,7697200,164930000000,150,false,0.7
"HSG",141603,"/Date(1701414999000)/",21600,100,7694200,164865000000,150,false,0.7
"HSG",141603,"/Date(1701414999000)/",21600,200,7694100,164863000000,150,false,0.7
"HSG",141603,"/Date(1701414999000)/",21600,500,7693900,164859000000,150,false,0.7
"HSG",141603,"/Date(1701414999000)/",21600,1000,7693400,164848000000,150,false,0.7
"HSG",141603,"/Date(1701414999000)/",21600,100,7692400,164826000000,150,false,0.7
"HSG",141603,"/Date(1701414999000)/",21600,1000,7692300,164824000000,150,false,0.7
"HSG",141603,"/Date(1701414999000)/",21600,200,7691300,164802000000,150,false,0.7
"HSG",141603,"/Date(1701414999000)/",21600,200,7691100,164798000000,150,false,0.7
"HSG",141603,"/Date(1701414999000)/",21600,100,7690900,164794000000,150,false,0.7
"HSG",141603,"/Date(1701414999000)/",21600,3000,7690800,164792000000,150,false,0.7
"HSG",141603,"/Date(1701414999000)/",21600,100,7687800,164727000000,150,false,0.7
"HSG",141603,"/Date(1701414999000)/",21600,500,7687700,164725000000,150,false,0.7
"HSG",141603,"/Date(1701414999000)/",21600,200,7687200,164714000000,150,false,0.7
"HSG",141603,"/Date(1701414998000)/",21600,500,7687000,164709000000,150,false,0.7
"HSG",141603,"/Date(1701414997000)/",21600,3000,7686500,164699000000,150,false,0.7
"HSG",141600,"/Date(1701414995000)/",21600,200,7683500,164634000000,150,false,0.7
"HSG",141600,"/Date(1701414995000)/",21600,4000,7683300,164630000000,150,false,0.7
"HSG",141600,"/Date(1701414993000)/",21600,100,7679300,164543000000,150,false,0.7
"HSG",141557,"/Date(1701414993000)/",21600,1000,7679200,164541000000,150,false,0.7
"HSG",141557,"/Date(1701414992000)/",21600,500,7678200,164519000000,150,false,0.7
"HSG",141557,"/Date(1701414992000)/",21600,300,7677700,164509000000,150,false,0.7
"HSG",141557,"/Date(1701414992000)/",21600,6000,7677400,164502000000,150,false,0.7
"HSG",141557,"/Date(1701414992000)/",21600,100,7671400,164373000000,150,false,0.7
"HSG",141557,"/Date(1701414992000)/",21600,1000,7671300,164370000000,150,false,0.7
"HSG",141557,"/Date(1701414992000)/",21600,100,7670300,164349000000,150,false,0.7
"HSG",141557,"/Date(1701414992000)/",21600,100,7670200,164347000000,150,false,0.7
"HSG",141557,"/Date(1701414992000)/",21600,500,7670100,164344000000,150,false,0.7
"HSG",141557,"/Date(1701414992000)/",21600,200,7669600,164334000000,150,false,0.7
"HSG",141557,"/Date(1701414992000)/",21600,1000,7669400,164329000000,150,false,0.7
"HSG",141557,"/Date(1701414992000)/",21600,20200,7668400,164308000000,150,false,0.7
"HSG",141557,"/Date(1701414991000)/",21600,300,7648200,163871000000,150,false,0.7
"HSG",141557,"/Date(1701414991000)/",21600,100,7647900,163865000000,150,false,0.7
"HSG",141557,"/Date(1701414991000)/",21600,3000,7647800,163863000000,150,false,0.7
"HSG",141557,"/Date(1701414990000)/",21600,1000,7644800,163798000000,150,false,0.7
"HSG",141551,"/Date(1701414986000)/",21600,1000,7643800,163776000000,150,false,0.7
"HSG",141551,"/Date(1701414985000)/",21600,1000,7642800,163755000000,150,false,0.7
"HSG",141551,"/Date(1701414984000)/",21600,1000,7641800,163733000000,150,false,0.7
"HSG",141548,"/Date(1701414983000)/",21600,1400,7640800,163712000000,150,false,0.7
"HSG",141544,"/Date(1701414980000)/",21600,6000,7639400,163681000000,150,false,0.7
"HSG",141544,"/Date(1701414978000)/",21600,10000,7633400,163552000000,150,false,0.7
"HSG",141538,"/Date(1701414973000)/",21600,100,7623400,163336000000,150,false,0.7
"HSG",141531,"/Date(1701414964000)/",21600,3000,7623300,163334000000,150,false,0.7
"HSG",141528,"/Date(1701414964000)/",21600,500,7620300,163269000000,150,false,0.7
"HSG",141528,"/Date(1701414962000)/",21600,200,7619800,163258000000,150,false,0.7
"HSG",141525,"/Date(1701414960000)/",21600,500,7619600,163254000000,150,false,0.7
"HSG",141516,"/Date(1701414949000)/",21600,5000,7619100,163243000000,150,false,0.7
"HSG",141509,"/Date(1701414943000)/",21600,5000,7614100,163135000000,150,false,0.7
"HSG",141506,"/Date(1701414939000)/",21550,1300,7609100,163027000000,100,true,0.47
"HSG",141506,"/Date(1701414939000)/",21550,2100,7607800,162999000000,100,true,0.47
"HSG",141506,"/Date(1701414939000)/",21550,5000,7605700,162954000000,100,true,0.47
"HSG",141503,"/Date(1701414939000)/",21600,2000,7600700,162846000000,150,false,0.7
"HSG",141453,"/Date(1701414926000)/",21550,5000,7598700,162803000000,100,false,0.47
"HSG",141453,"/Date(1701414926000)/",21550,1000,7593700,162695000000,100,false,0.47
"HSG",141453,"/Date(1701414926000)/",21550,100,7592700,162673000000,100,false,0.47
"HSG",141453,"/Date(1701414926000)/",21550,1000,7592600,162671000000,100,false,0.47
"HSG",141453,"/Date(1701414926000)/",21550,600,7591600,162650000000,100,false,0.47
"HSG",141453,"/Date(1701414926000)/",21550,500,7591000,162637000000,100,false,0.47
"HSG",141453,"/Date(1701414926000)/",21550,500,7590500,162626000000,100,false,0.47
"HSG",141453,"/Date(1701414926000)/",21550,2000,7590000,162615000000,100,false,0.47
"HSG",141453,"/Date(1701414926000)/",21550,600,7588000,162572000000,100,false,0.47
"HSG",141453,"/Date(1701414926000)/",21550,100,7587400,162559000000,100,false,0.47
"HSG",141453,"/Date(1701414926000)/",21550,100,7587300,162557000000,100,false,0.47
"HSG",141453,"/Date(1701414926000)/",21550,100,7587200,162555000000,100,false,0.47
"HSG",141453,"/Date(1701414926000)/",21550,1300,7587100,162553000000,100,false,0.47
"HSG",141450,"/Date(1701414923000)/",21550,700,7585800,162525000000,100,false,0.47
"HSG",141447,"/Date(1701414921000)/",21500,5000,7585100,162510000000,50,false,0.23
"HSG",141447,"/Date(1701414921000)/",21500,1500,7580100,162402000000,50,false,0.23
"HSG",141447,"/Date(1701414921000)/",21500,500,7578600,162370000000,50,false,0.23
"HSG",141447,"/Date(1701414921000)/",21500,100,7578100,162359000000,50,false,0.23
"HSG",141447,"/Date(1701414921000)/",21500,200,7578000,162357000000,50,false,0.23
"HSG",141447,"/Date(1701414921000)/",21500,100,7577800,162353000000,50,false,0.23
"HSG",141447,"/Date(1701414921000)/",21500,100,7577700,162350000000,50,false,0.23
"HSG",141447,"/Date(1701414921000)/",21500,5000,7577600,162348000000,50,false,0.23
"HSG",141447,"/Date(1701414921000)/",21500,17300,7572600,162241000000,50,false,0.23
"HSG",141447,"/Date(1701414921000)/",21500,300,7555300,161869000000,50,false,0.23
"HSG",141447,"/Date(1701414921000)/",21500,2100,7555000,161862000000,50,false,0.23
"HSG",141447,"/Date(1701414921000)/",21500,300,7552900,161817000000,50,false,0.23
"HSG",141444,"/Date(1701414919000)/",21500,50000,7552600,161811000000,50,false,0.23
"HSG",141444,"/Date(1701414918000)/",21500,8000,7502600,160736000000,50,false,0.23
"HSG",141444,"/Date(1701414918000)/",21500,200,7494600,160564000000,50,false,0.23
"HSG",141444,"/Date(1701414917000)/",21500,100,7494400,160559000000,50,false,0.23
"HSG",141441,"/Date(1701414916000)/",21500,1400,7494300,160557000000,50,false,0.23
"HSG",141441,"/Date(1701414916000)/",21500,200,7492900,160527000000,50,false,0.23
"HSG",141441,"/Date(1701414916000)/",21500,300,7492700,160523000000,50,false,0.23
"HSG",141441,"/Date(1701414916000)/",21500,100,7492400,160516000000,50,false,0.23
"HSG",141441,"/Date(1701414915000)/",21500,100,7492300,160514000000,50,false,0.23
"HSG",141441,"/Date(1701414915000)/",21500,200,7492200,160512000000,50,false,0.23
"HSG",141441,"/Date(1701414915000)/",21500,100,7492000,160508000000,50,false,0.23
"HSG",141441,"/Date(1701414915000)/",21500,100,7491900,160506000000,50,false,0.23
"HSG",141441,"/Date(1701414915000)/",21500,1100,7491800,160504000000,50,false,0.23
"HSG",141441,"/Date(1701414915000)/",21500,300,7490700,160480000000,50,false,0.23
"HSG",141441,"/Date(1701414915000)/",21500,1700,7490400,160473000000,50,false,0.23
"HSG",141441,"/Date(1701414915000)/",21500,1300,7488700,160437000000,50,false,0.23
"HSG",141434,"/Date(1701414909000)/",21500,700,7487400,160409000000,50,false,0.23
"HSG",141434,"/Date(1701414909000)/",21500,300,7486700,160394000000,50,false,0.23
"HSG",141434,"/Date(1701414909000)/",21500,1000,7486400,160387000000,50,false,0.23
"HSG",141434,"/Date(1701414908000)/",21500,2000,7485400,160366000000,50,false,0.23
"HSG",141434,"/Date(1701414907000)/",21500,100,7483400,160323000000,50,false,0.23
"HSG",141428,"/Date(1701414902000)/",21500,9700,7483300,160321000000,50,false,0.23
"HSG",141428,"/Date(1701414902000)/",21500,3000,7473600,160112000000,50,false,0.23
"HSG",141428,"/Date(1701414902000)/",21500,6000,7470600,160048000000,50,false,0.23
"HSG",141428,"/Date(1701414902000)/",21500,400,7464600,159919000000,50,false,0.23
"HSG",141428,"/Date(1701414902000)/",21500,100,7464200,159910000000,50,false,0.23
"HSG",141428,"/Date(1701414902000)/",21500,2000,7464100,159908000000,50,false,0.23
"HSG",141428,"/Date(1701414902000)/",21500,50000,7462100,159865000000,50,false,0.23
"HSG",141428,"/Date(1701414902000)/",21500,700,7412100,158790000000,50,false,0.23
"HSG",141421,"/Date(1701414894000)/",21500,500,7411400,158775000000,50,false,0.23
"HSG",141415,"/Date(1701414890000)/",21500,20000,7410900,158764000000,50,false,0.23
"HSG",141409,"/Date(1701414883000)/",21500,1500,7390900,158334000000,50,false,0.23
"HSG",141409,"/Date(1701414882000)/",21450,3000,7389400,158302000000,0,true,0
"HSG",141356,"/Date(1701414871000)/",21450,5000,7386400,158238000000,0,true,0
"HSG",141327,"/Date(1701414842000)/",21450,1000,7381400,158130000000,0,true,0
"HSG",141327,"/Date(1701414841000)/",21450,2400,7380400,158109000000,0,true,0
"HSG",141327,"/Date(1701414841000)/",21450,100,7378000,158057000000,0,true,0
"HSG",141315,"/Date(1701414830000)/",21450,100,7377900,158055000000,0,true,0
"HSG",141311,"/Date(1701414824000)/",21450,100,7377800,158053000000,0,true,0
"HSG",141311,"/Date(1701414824000)/",21450,300,7377700,158051000000,0,true,0
"HSG",141308,"/Date(1701414822000)/",21500,100,7377400,158045000000,50,false,0.23
"HSG",141308,"/Date(1701414822000)/",21450,700,7377300,158042000000,0,true,0
"HSG",141308,"/Date(1701414822000)/",21450,300,7376600,158027000000,0,true,0
"HSG",141308,"/Date(1701414821000)/",21450,1700,7376300,158021000000,0,true,0
"HSG",141308,"/Date(1701414821000)/",21450,3300,7374600,157985000000,0,true,0
"HSG",141259,"/Date(1701414812000)/",21450,500,7371300,157914000000,0,true,0
"HSG",141256,"/Date(1701414811000)/",21500,500,7370800,157903000000,50,false,0.23
"HSG",141246,"/Date(1701414800000)/",21500,100,7370300,157892000000,50,false,0.23
"HSG",141237,"/Date(1701414789000)/",21500,100,7370200,157890000000,50,false,0.23
"HSG",141217,"/Date(1701414771000)/",21500,2500,7370100,157888000000,50,false,0.23
"HSG",141211,"/Date(1701414767000)/",21450,1000,7367600,157834000000,0,true,0
"HSG",141211,"/Date(1701414765000)/",21450,5200,7366600,157813000000,0,true,0
"HSG",141211,"/Date(1701414765000)/",21450,19800,7361400,157701000000,0,true,0
"HSG",141158,"/Date(1701414754000)/",21450,200,7341600,157277000000,0,true,0
"HSG",141145,"/Date(1701414738000)/",21500,400,7341400,157272000000,50,false,0.23
"HSG",141136,"/Date(1701414723000)/",21500,5000,7341000,157264000000,50,true,0.23
"HSG",141136,"/Date(1701414722000)/",21500,200,7336000,157156000000,50,true,0.23
"HSG",141136,"/Date(1701414721000)/",21500,400,7335800,157152000000,50,true,0.23
"HSG",141136,"/Date(1701414721000)/",21500,2000,7335400,157143000000,50,true,0.23
"HSG",141136,"/Date(1701414721000)/",21500,10000,7333400,157100000000,50,true,0.23
"HSG",141136,"/Date(1701414721000)/",21500,1000,7323400,156885000000,50,true,0.23
"HSG",141136,"/Date(1701414721000)/",21500,900,7322400,156864000000,50,true,0.23
"HSG",141136,"/Date(1701414721000)/",21500,4100,7321500,156844000000,50,true,0.23
"HSG",141136,"/Date(1701414721000)/",21500,900,7317400,156756000000,50,true,0.23
"HSG",141136,"/Date(1701414721000)/",21500,100,7316500,156737000000,50,true,0.23
"HSG",141120,"/Date(1701414715000)/",21500,200,7316400,156735000000,50,true,0.23
"HSG",141117,"/Date(1701414712000)/",21500,100,7316200,156730000000,50,true,0.23
"HSG",141117,"/Date(1701414712000)/",21500,500,7316100,156728000000,50,true,0.23
"HSG",141117,"/Date(1701414710000)/",21500,100,7315600,156718000000,50,true,0.23
"HSG",141117,"/Date(1701414710000)/",21500,1900,7315500,156715000000,50,true,0.23
"HSG",141114,"/Date(1701414709000)/",21500,700,7313600,156675000000,50,true,0.23
"HSG",141114,"/Date(1701414708000)/",21500,500,7312900,156659000000,50,true,0.23
"HSG",141107,"/Date(1701414702000)/",21500,100,7312400,156649000000,50,true,0.23
"HSG",141104,"/Date(1701414699000)/",21550,1000,7312300,156647000000,100,false,0.47
"HSG",141104,"/Date(1701414698000)/",21500,1000,7311300,156625000000,50,true,0.23
"HSG",141101,"/Date(1701414697000)/",21500,700,7310300,156604000000,50,true,0.23
"HSG",141101,"/Date(1701414695000)/",21500,5000,7309600,156588000000,50,true,0.23
"HSG",141058,"/Date(1701414692000)/",21500,100,7304600,156481000000,50,true,0.23
"HSG",141058,"/Date(1701414692000)/",21500,200,7304500,156479000000,50,true,0.23
"HSG",141058,"/Date(1701414692000)/",21500,1600,7304300,156475000000,50,true,0.23
"HSG",141055,"/Date(1701414690000)/",21500,400,7302700,156440000000,50,true,0.23
"HSG",141055,"/Date(1701414690000)/",21500,1000,7302300,156432000000,50,true,0.23
"HSG",141055,"/Date(1701414690000)/",21500,2000,7301300,156410000000,50,true,0.23
"HSG",141055,"/Date(1701414690000)/",21500,18800,7299300,156367000000,50,true,0.23
"HSG",141055,"/Date(1701414690000)/",21500,2000,7280500,155963000000,50,true,0.23
"HSG",141055,"/Date(1701414690000)/",21500,10000,7278500,155920000000,50,true,0.23
"HSG",141055,"/Date(1701414690000)/",21500,100,7268500,155705000000,50,true,0.23
"HSG",141055,"/Date(1701414690000)/",21500,100,7268400,155703000000,50,true,0.23
"HSG",141055,"/Date(1701414690000)/",21500,500,7268300,155701000000,50,true,0.23
"HSG",141055,"/Date(1701414690000)/",21500,1500,7267800,155690000000,50,true,0.23
"HSG",141055,"/Date(1701414690000)/",21500,1600,7266300,155658000000,50,true,0.23
"HSG",141055,"/Date(1701414690000)/",21500,500,7264700,155623000000,50,true,0.23
"HSG",141055,"/Date(1701414690000)/",21500,11500,7264200,155612000000,50,true,0.23
"HSG",141051,"/Date(1701414687000)/",21500,3500,7252700,155365000000,50,true,0.23
"HSG",141051,"/Date(1701414687000)/",21500,300,7249200,155290000000,50,true,0.23
"HSG",141051,"/Date(1701414687000)/",21500,500,7248900,155283000000,50,true,0.23
"HSG",141051,"/Date(1701414687000)/",21500,700,7248400,155273000000,50,true,0.23
"HSG",141048,"/Date(1701414683000)/",21500,1000,7247700,155258000000,50,true,0.23
"HSG",141048,"/Date(1701414682000)/",21500,300,7246700,155236000000,50,true,0.23
"HSG",141048,"/Date(1701414682000)/",21500,1700,7246400,155230000000,50,true,0.23
"HSG",141048,"/Date(1701414682000)/",21500,3000,7244700,155193000000,50,true,0.23
"HSG",141045,"/Date(1701414681000)/",21500,300,7241700,155129000000,50,true,0.23
"HSG",141045,"/Date(1701414679000)/",21500,3000,7241400,155122000000,50,true,0.23
"HSG",141035,"/Date(1701414670000)/",21500,100,7238400,155058000000,50,true,0.23
"HSG",141029,"/Date(1701414662000)/",21500,1000,7238300,155056000000,50,true,0.23
"HSG",141013,"/Date(1701414647000)/",21500,600,7237300,155034000000,50,true,0.23
"HSG",141013,"/Date(1701414647000)/",21500,100,7236700,155021000000,50,true,0.23
"HSG",141013,"/Date(1701414647000)/",21500,1000,7236600,155019000000,50,true,0.23
"HSG",141013,"/Date(1701414647000)/",21500,1000,7235600,154997000000,50,true,0.23
"HSG",141013,"/Date(1701414647000)/",21500,5000,7234600,154976000000,50,true,0.23
"HSG",141013,"/Date(1701414647000)/",21500,2200,7229600,154868000000,50,true,0.23
"HSG",141010,"/Date(1701414644000)/",21500,200,7227400,154821000000,50,true,0.23
"HSG",141007,"/Date(1701414640000)/",21550,100,7227200,154817000000,100,false,0.47
"HSG",140957,"/Date(1701414631000)/",21500,1000,7227100,154815000000,50,true,0.23
"HSG",140951,"/Date(1701414625000)/",21500,7600,7226100,154793000000,50,true,0.23
"HSG",140951,"/Date(1701414625000)/",21500,2400,7218500,154630000000,50,true,0.23
"HSG",140945,"/Date(1701414618000)/",21500,1000,7216100,154578000000,50,true,0.23
"HSG",140938,"/Date(1701414613000)/",21500,400,7215100,154557000000,50,true,0.23
"HSG",140932,"/Date(1701414607000)/",21500,100,7214700,154548000000,50,true,0.23
"HSG",140929,"/Date(1701414604000)/",21500,1000,7214600,154546000000,50,true,0.23
"HSG",140916,"/Date(1701414591000)/",21550,300,7213600,154524000000,100,false,0.47
"HSG",140913,"/Date(1701414587000)/",21500,100,7213300,154518000000,50,true,0.23
"HSG",140910,"/Date(1701414584000)/",21550,200,7213200,154516000000,100,false,0.47
"HSG",140906,"/Date(1701414582000)/",21550,300,7213000,154512000000,100,true,0.47
"HSG",140906,"/Date(1701414581000)/",21550,200,7212700,154505000000,100,true,0.47
"HSG",140906,"/Date(1701414581000)/",21550,3700,7212500,154501000000,100,true,0.47
"HSG",140906,"/Date(1701414581000)/",21550,6300,7208800,154421000000,100,true,0.47
"HSG",140906,"/Date(1701414581000)/",21550,900,7202500,154285000000,100,true,0.47
"HSG",140906,"/Date(1701414581000)/",21550,2800,7201600,154266000000,100,true,0.47
"HSG",140906,"/Date(1701414580000)/",21550,200,7198800,154206000000,100,true,0.47
"HSG",140903,"/Date(1701414577000)/",21550,2000,7198600,154201000000,100,true,0.47
"HSG",140903,"/Date(1701414577000)/",21550,500,7196600,154158000000,100,true,0.47
"HSG",140857,"/Date(1701414569000)/",21550,100,7196100,154147000000,100,true,0.47
"HSG",140854,"/Date(1701414569000)/",21550,300,7196000,154145000000,100,true,0.47
"HSG",140850,"/Date(1701414563000)/",21550,500,7195700,154139000000,100,true,0.47
"HSG",140847,"/Date(1701414562000)/",21600,500,7195200,154128000000,150,false,0.7
"HSG",140841,"/Date(1701414554000)/",21600,1000,7194700,154117000000,150,false,0.7
"HSG",140831,"/Date(1701414545000)/",21600,1500,7193700,154096000000,150,false,0.7
"HSG",140828,"/Date(1701414541000)/",21600,300,7192200,154063000000,150,false,0.7
"HSG",140822,"/Date(1701414536000)/",21600,200,7191900,154057000000,150,false,0.7
"HSG",140822,"/Date(1701414536000)/",21600,100,7191700,154052000000,150,false,0.7
"HSG",140822,"/Date(1701414536000)/",21600,4900,7191600,154050000000,150,false,0.7
"HSG",140822,"/Date(1701414536000)/",21600,200,7186700,153944000000,150,false,0.7
"HSG",140822,"/Date(1701414536000)/",21600,1000,7186500,153940000000,150,false,0.7
"HSG",140822,"/Date(1701414536000)/",21600,5000,7185500,153918000000,150,false,0.7
"HSG",140822,"/Date(1701414536000)/",21600,300,7180500,153810000000,150,false,0.7
"HSG",140822,"/Date(1701414536000)/",21600,2000,7180200,153804000000,150,false,0.7
"HSG",140822,"/Date(1701414536000)/",21600,4200,7178200,153761000000,150,false,0.7
"HSG",140822,"/Date(1701414536000)/",21650,17500,7174000,153670000000,200,false,0.93
"HSG",140822,"/Date(1701414535000)/",21650,200,7156500,153291000000,200,false,0.93
"HSG",140822,"/Date(1701414535000)/",21650,500,7156300,153287000000,200,false,0.93
"HSG",140822,"/Date(1701414535000)/",21650,500,7155800,153276000000,200,false,0.93
"HSG",140822,"/Date(1701414535000)/",21650,500,7155300,153265000000,200,false,0.93
"HSG",140822,"/Date(1701414535000)/",21650,500,7154800,153254000000,200,false,0.93
"HSG",140822,"/Date(1701414535000)/",21650,2000,7154300,153244000000,200,false,0.93
"HSG",140822,"/Date(1701414535000)/",21650,700,7152300,153200000000,200,false,0.93
"HSG",140822,"/Date(1701414535000)/",21650,1000,7151600,153185000000,200,false,0.93
"HSG",140822,"/Date(1701414535000)/",21650,400,7150600,153163000000,200,false,0.93
"HSG",140822,"/Date(1701414535000)/",21650,6200,7150200,153155000000,200,false,0.93
"HSG",140822,"/Date(1701414534000)/",21600,300,7144000,153021000000,150,false,0.7
"HSG",140812,"/Date(1701414526000)/",21600,500,7143700,153014000000,150,true,0.7
"HSG",140812,"/Date(1701414526000)/",21600,500,7143200,153003000000,150,true,0.7
"HSG",140806,"/Date(1701414520000)/",21650,600,7142700,152992000000,200,false,0.93
"HSG",140803,"/Date(1701414517000)/",21650,200,7142100,152979000000,200,false,0.93
"HSG",140803,"/Date(1701414517000)/",21650,100,7141900,152975000000,200,false,0.93
"HSG",140803,"/Date(1701414517000)/",21650,100,7141800,152973000000,200,false,0.93
"HSG",140803,"/Date(1701414517000)/",21650,1100,7141700,152971000000,200,false,0.93
"HSG",140803,"/Date(1701414515000)/",21600,300,7140600,152947000000,150,true,0.7
"HSG",140756,"/Date(1701414511000)/",21650,900,7140300,152941000000,200,false,0.93
"HSG",140756,"/Date(1701414511000)/",21650,1000,7139400,152921000000,200,false,0.93
"HSG",140756,"/Date(1701414511000)/",21650,1000,7138400,152899000000,200,false,0.93
"HSG",140756,"/Date(1701414511000)/",21650,1100,7137400,152878000000,200,false,0.93
"HSG",140756,"/Date(1701414510000)/",21650,5000,7136300,152854000000,200,false,0.93
"HSG",140753,"/Date(1701414508000)/",21650,600,7131300,152746000000,200,false,0.93
"HSG",140753,"/Date(1701414507000)/",21650,500,7130700,152733000000,200,false,0.93
"HSG",140753,"/Date(1701414507000)/",21650,1000,7130200,152722000000,200,false,0.93
"HSG",140753,"/Date(1701414507000)/",21600,400,7129200,152700000000,150,true,0.7
"HSG",140750,"/Date(1701414503000)/",21650,200,7128800,152692000000,200,false,0.93
"HSG",140747,"/Date(1701414500000)/",21650,1600,7128600,152687000000,200,false,0.93
"HSG",140747,"/Date(1701414500000)/",21650,9400,7127000,152653000000,200,false,0.93
"HSG",140740,"/Date(1701414493000)/",21650,5000,7117600,152449000000,200,false,0.93
"HSG",140740,"/Date(1701414493000)/",21650,1300,7112600,152341000000,200,false,0.93
"HSG",140737,"/Date(1701414492000)/",21650,100,7111300,152313000000,200,true,0.93
"HSG",140737,"/Date(1701414491000)/",21650,600,7111200,152311000000,200,true,0.93
"HSG",140737,"/Date(1701414491000)/",21650,3000,7110600,152298000000,200,true,0.93
"HSG",140737,"/Date(1701414491000)/",21650,1000,7107600,152233000000,200,true,0.93
"HSG",140737,"/Date(1701414491000)/",21650,500,7106600,152211000000,200,true,0.93
"HSG",140737,"/Date(1701414491000)/",21650,100,7106100,152200000000,200,true,0.93
"HSG",140734,"/Date(1701414489000)/",21650,300,7106000,152198000000,200,true,0.93
"HSG",140734,"/Date(1701414488000)/",21650,1000,7105700,152191000000,200,true,0.93
"HSG",140731,"/Date(1701414486000)/",21650,600,7104700,152170000000,200,true,0.93
"HSG",140731,"/Date(1701414486000)/",21650,1000,7104100,152157000000,200,true,0.93
"HSG",140731,"/Date(1701414486000)/",21650,200,7103100,152135000000,200,true,0.93
"HSG",140731,"/Date(1701414486000)/",21650,8200,7102900,152131000000,200,true,0.93
"HSG",140731,"/Date(1701414484000)/",21650,200,7094700,151953000000,200,true,0.93
"HSG",140731,"/Date(1701414483000)/",21700,1000,7094500,151949000000,250,false,1.17
"HSG",140728,"/Date(1701414482000)/",21650,500,7093500,151927000000,200,true,0.93
"HSG",140725,"/Date(1701414479000)/",21650,1100,7093000,151916000000,200,true,0.93
"HSG",140725,"/Date(1701414479000)/",21650,100,7091900,151893000000,200,true,0.93
"HSG",140725,"/Date(1701414479000)/",21650,500,7091800,151890000000,200,true,0.93
"HSG",140725,"/Date(1701414479000)/",21700,1000,7091300,151880000000,250,false,1.17
"HSG",140725,"/Date(1701414478000)/",21700,5000,7090300,151858000000,250,false,1.17
"HSG",140718,"/Date(1701414472000)/",21700,1000,7085300,151749000000,250,false,1.17
"HSG",140718,"/Date(1701414472000)/",21700,1000,7084300,151728000000,250,false,1.17
"HSG",140715,"/Date(1701414467000)/",21700,500,7083300,151706000000,250,false,1.17
"HSG",140709,"/Date(1701414464000)/",21650,1400,7082800,151695000000,200,true,0.93
"HSG",140705,"/Date(1701414459000)/",21650,100,7081400,151665000000,200,true,0.93
"HSG",140705,"/Date(1701414458000)/",21650,2000,7081300,151663000000,200,true,0.93
"HSG",140702,"/Date(1701414456000)/",21700,1900,7079300,151619000000,250,false,1.17
"HSG",140702,"/Date(1701414456000)/",21700,1000,7077400,151578000000,250,false,1.17
"HSG",140702,"/Date(1701414456000)/",21700,1000,7076400,151556000000,250,false,1.17
"HSG",140702,"/Date(1701414456000)/",21700,1000,7075400,151535000000,250,false,1.17
"HSG",140702,"/Date(1701414456000)/",21700,200,7074400,151513000000,250,false,1.17
"HSG",140702,"/Date(1701414456000)/",21700,500,7074200,151509000000,250,false,1.17
"HSG",140702,"/Date(1701414456000)/",21700,700,7073700,151498000000,250,false,1.17
"HSG",140702,"/Date(1701414456000)/",21700,300,7073000,151483000000,250,false,1.17
"HSG",140656,"/Date(1701414449000)/",21650,1000,7072700,151476000000,200,true,0.93
"HSG",140656,"/Date(1701414449000)/",21650,3000,7071700,151455000000,200,true,0.93
"HSG",140656,"/Date(1701414449000)/",21650,1000,7068700,151390000000,200,true,0.93
"HSG",140656,"/Date(1701414449000)/",21700,800,7067700,151368000000,250,false,1.17
"HSG",140656,"/Date(1701414449000)/",21700,200,7066900,151351000000,250,false,1.17
"HSG",140656,"/Date(1701414449000)/",21650,1000,7066700,151346000000,200,true,0.93
"HSG",140656,"/Date(1701414448000)/",21650,1000,7065700,151325000000,200,true,0.93
"HSG",140656,"/Date(1701414448000)/",21650,300,7064700,151303000000,200,true,0.93
"HSG",140656,"/Date(1701414448000)/",21650,1000,7064400,151296000000,200,true,0.93
"HSG",140656,"/Date(1701414448000)/",21650,1000,7063400,151275000000,200,true,0.93
"HSG",140656,"/Date(1701414448000)/",21650,2000,7062400,151253000000,200,true,0.93
"HSG",140656,"/Date(1701414448000)/",21650,1400,7060400,151210000000,200,true,0.93
"HSG",140653,"/Date(1701414446000)/",21650,1000,7059000,151180000000,200,true,0.93
"HSG",140653,"/Date(1701414446000)/",21700,800,7058000,151158000000,250,false,1.17
"HSG",140653,"/Date(1701414446000)/",21700,200,7057200,151141000000,250,false,1.17
"HSG",140653,"/Date(1701414445000)/",21700,100,7057000,151136000000,250,false,1.17
"HSG",140653,"/Date(1701414445000)/",21650,30000,7056900,151134000000,200,true,0.93
"HSG",140649,"/Date(1701414444000)/",21650,25000,7026900,150485000000,200,true,0.93
"HSG",140649,"/Date(1701414443000)/",21700,5000,7001900,149943000000,250,false,1.17
"HSG",140646,"/Date(1701414441000)/",21700,300,6996900,149835000000,250,false,1.17
"HSG",140646,"/Date(1701414441000)/",21700,1000,6996600,149828000000,250,false,1.17
"HSG",140643,"/Date(1701414438000)/",21650,5000,6995600,149807000000,200,true,0.93
"HSG",140643,"/Date(1701414437000)/",21700,3000,6990600,149698000000,250,false,1.17
"HSG",140637,"/Date(1701414431000)/",21700,800,6987600,149633000000,250,false,1.17
"HSG",140637,"/Date(1701414431000)/",21700,1100,6986800,149616000000,250,false,1.17
"HSG",140637,"/Date(1701414430000)/",21700,100,6985700,149592000000,250,false,1.17
"HSG",140637,"/Date(1701414430000)/",21700,800,6985600,149590000000,250,false,1.17
"HSG",140637,"/Date(1701414430000)/",21700,200,6984800,149572000000,250,false,1.17
"HSG",140637,"/Date(1701414430000)/",21700,100,6984600,149568000000,250,false,1.17
"HSG",140637,"/Date(1701414430000)/",21700,200,6984500,149566000000,250,false,1.17
"HSG",140637,"/Date(1701414430000)/",21700,300,6984300,149562000000,250,false,1.17
"HSG",140637,"/Date(1701414430000)/",21700,1400,6984000,149555000000,250,false,1.17
"HSG",140634,"/Date(1701414426000)/",21700,1600,6982600,149525000000,250,false,1.17
"HSG",140634,"/Date(1701414426000)/",21700,1000,6981000,149490000000,250,false,1.17
"HSG",140634,"/Date(1701414426000)/",21700,1000,6980000,149468000000,250,false,1.17
"HSG",140634,"/Date(1701414426000)/",21700,200,6979000,149447000000,250,false,1.17
"HSG",140634,"/Date(1701414426000)/",21700,200,6978800,149442000000,250,false,1.17
"HSG",140634,"/Date(1701414426000)/",21700,200,6978600,149438000000,250,false,1.17
"HSG",140634,"/Date(1701414426000)/",21700,100,6978400,149434000000,250,false,1.17
"HSG",140634,"/Date(1701414426000)/",21700,200,6978300,149431000000,250,false,1.17
"HSG",140634,"/Date(1701414426000)/",21700,5000,6978100,149427000000,250,false,1.17
"HSG",140634,"/Date(1701414426000)/",21700,2000,6973100,149319000000,250,false,1.17
"HSG",140634,"/Date(1701414426000)/",21700,1500,6971100,149275000000,250,false,1.17
"HSG",140630,"/Date(1701414423000)/",21700,500,6969600,149243000000,250,false,1.17
"HSG",140627,"/Date(1701414422000)/",21700,3000,6969100,149232000000,250,false,1.17
"HSG",140627,"/Date(1701414421000)/",21700,500,6966100,149167000000,250,false,1.17
"HSG",140627,"/Date(1701414421000)/",21700,3000,6965600,149156000000,250,false,1.17
"HSG",140627,"/Date(1701414421000)/",21700,200,6962600,149091000000,250,false,1.17
"HSG",140627,"/Date(1701414421000)/",21700,100,6962400,149086000000,250,false,1.17
"HSG",140627,"/Date(1701414421000)/",21700,1800,6962300,149084000000,250,false,1.17
"HSG",140627,"/Date(1701414421000)/",21700,3000,6960500,149045000000,250,false,1.17
"HSG",140627,"/Date(1701414421000)/",21700,100,6957500,148980000000,250,false,1.17
"HSG",140627,"/Date(1701414421000)/",21700,1000,6957400,148978000000,250,false,1.17
"HSG",140627,"/Date(1701414421000)/",21700,200,6956400,148956000000,250,false,1.17
"HSG",140627,"/Date(1701414421000)/",21700,700,6956200,148952000000,250,false,1.17
"HSG",140627,"/Date(1701414421000)/",21700,2500,6955500,148937000000,250,false,1.17
"HSG",140627,"/Date(1701414421000)/",21700,300,6953000,148882000000,250,false,1.17
"HSG",140627,"/Date(1701414421000)/",21700,200,6952700,148876000000,250,false,1.17
"HSG",140627,"/Date(1701414421000)/",21700,100,6952500,148872000000,250,false,1.17
"HSG",140627,"/Date(1701414421000)/",21700,300,6952400,148869000000,250,false,1.17
"HSG",140627,"/Date(1701414421000)/",21700,100,6952100,148863000000,250,false,1.17
"HSG",140627,"/Date(1701414421000)/",21700,100,6952000,148861000000,250,false,1.17
"HSG",140627,"/Date(1701414421000)/",21700,3000,6951900,148859000000,250,false,1.17
"HSG",140627,"/Date(1701414421000)/",21700,100,6948900,148793000000,250,false,1.17
"HSG",140627,"/Date(1701414421000)/",21700,2000,6948800,148791000000,250,false,1.17
"HSG",140627,"/Date(1701414421000)/",21700,3000,6946800,148748000000,250,false,1.17
"HSG",140627,"/Date(1701414421000)/",21700,1000,6943800,148683000000,250,false,1.17
"HSG",140627,"/Date(1701414421000)/",21700,100,6942800,148661000000,250,false,1.17
"HSG",140627,"/Date(1701414421000)/",21700,1000,6942700,148659000000,250,false,1.17
"HSG",140627,"/Date(1701414421000)/",21700,1100,6941700,148637000000,250,false,1.17
"HSG",140627,"/Date(1701414421000)/",21700,300,6940600,148613000000,250,false,1.17
"HSG",140627,"/Date(1701414421000)/",21700,200,6940300,148607000000,250,false,1.17
"HSG",140627,"/Date(1701414421000)/",21700,100,6940100,148602000000,250,false,1.17
"HSG",140627,"/Date(1701414421000)/",21700,200,6940000,148600000000,250,false,1.17
"HSG",140627,"/Date(1701414421000)/",21700,200,6939800,148596000000,250,false,1.17
"HSG",140627,"/Date(1701414421000)/",21700,500,6939600,148592000000,250,false,1.17
"HSG",140627,"/Date(1701414421000)/",21700,5000,6939100,148581000000,250,false,1.17
"HSG",140627,"/Date(1701414421000)/",21700,100,6934100,148472000000,250,false,1.17
"HSG",140627,"/Date(1701414421000)/",21700,200,6934000,148470000000,250,false,1.17
"HSG",140627,"/Date(1701414421000)/",21700,3000,6933800,148466000000,250,false,1.17
"HSG",140627,"/Date(1701414421000)/",21700,2000,6930800,148401000000,250,false,1.17
"HSG",140627,"/Date(1701414421000)/",21700,1000,6928800,148357000000,250,false,1.17
"HSG",140627,"/Date(1701414421000)/",21700,100,6927800,148336000000,250,false,1.17
"HSG",140627,"/Date(1701414421000)/",21700,500,6927700,148333000000,250,false,1.17
"HSG",140627,"/Date(1701414421000)/",21700,500,6927200,148323000000,250,false,1.17
"HSG",140627,"/Date(1701414421000)/",21700,6000,6926700,148312000000,250,false,1.17
"HSG",140627,"/Date(1701414421000)/",21700,2000,6920700,148181000000,250,false,1.17
"HSG",140627,"/Date(1701414421000)/",21700,100,6918700,148138000000,250,false,1.17
"HSG",140627,"/Date(1701414421000)/",21700,200,6918600,148136000000,250,false,1.17
"HSG",140627,"/Date(1701414421000)/",21700,100,6918400,148132000000,250,false,1.17
"HSG",140627,"/Date(1701414421000)/",21700,100,6918300,148129000000,250,false,1.17
"HSG",140627,"/Date(1701414421000)/",21700,400,6918200,148127000000,250,false,1.17
"HSG",140627,"/Date(1701414421000)/",21700,100,6917800,148119000000,250,false,1.17
"HSG",140627,"/Date(1701414421000)/",21700,1600,6917700,148116000000,250,false,1.17
"HSG",140624,"/Date(1701414419000)/",21700,1400,6916100,148082000000,250,false,1.17
"HSG",140624,"/Date(1701414419000)/",21700,100,6914700,148051000000,250,false,1.17
"HSG",140624,"/Date(1701414419000)/",21700,3500,6914600,148049000000,250,false,1.17
"HSG",140624,"/Date(1701414418000)/",21700,1200,6911100,147973000000,250,false,1.17
"HSG",140621,"/Date(1701414415000)/",21700,300,6909900,147947000000,250,false,1.17
"HSG",140621,"/Date(1701414415000)/",21700,100,6909600,147941000000,250,false,1.17
"HSG",140621,"/Date(1701414415000)/",21700,800,6909500,147938000000,250,false,1.17
"HSG",140621,"/Date(1701414413000)/",21650,500,6908700,147921000000,200,true,0.93
"HSG",140614,"/Date(1701414407000)/",21650,1500,6908200,147910000000,200,true,0.93
"HSG",140611,"/Date(1701414405000)/",21700,1200,6906700,147878000000,250,false,1.17
"HSG",140611,"/Date(1701414405000)/",21700,300,6905500,147852000000,250,false,1.17
"HSG",140611,"/Date(1701414405000)/",21700,500,6905200,147845000000,250,false,1.17
"HSG",140611,"/Date(1701414403000)/",21650,40000,6904700,147834000000,200,true,0.93
"HSG",140608,"/Date(1701414401000)/",21650,200,6864700,146968000000,200,false,0.93
"HSG",140608,"/Date(1701414401000)/",21650,200,6864500,146964000000,200,false,0.93
"HSG",140608,"/Date(1701414401000)/",21650,5000,6864300,146960000000,200,false,0.93
"HSG",140608,"/Date(1701414401000)/",21650,300,6859300,146851000000,200,false,0.93
"HSG",140608,"/Date(1701414401000)/",21650,3000,6859000,146845000000,200,false,0.93
"HSG",140608,"/Date(1701414401000)/",21650,100,6856000,146780000000,200,false,0.93
"HSG",140608,"/Date(1701414401000)/",21650,200,6855900,146778000000,200,false,0.93
"HSG",140608,"/Date(1701414401000)/",21650,5000,6855700,146774000000,200,false,0.93
"HSG",140608,"/Date(1701414401000)/",21650,1000,6850700,146665000000,200,false,0.93
"HSG",140608,"/Date(1701414401000)/",21650,200,6849700,146644000000,200,false,0.93
"HSG",140608,"/Date(1701414401000)/",21650,200,6849500,146639000000,200,false,0.93
"HSG",140608,"/Date(1701414401000)/",21650,1000,6849300,146635000000,200,false,0.93
"HSG",140608,"/Date(1701414401000)/",21650,300,6848300,146613000000,200,false,0.93
"HSG",140608,"/Date(1701414401000)/",21650,100,6848000,146607000000,200,false,0.93
"HSG",140608,"/Date(1701414401000)/",21650,100,6847900,146605000000,200,false,0.93
"HSG",140608,"/Date(1701414401000)/",21650,500,6847800,146602000000,200,false,0.93
"HSG",140608,"/Date(1701414401000)/",21650,100,6847300,146592000000,200,false,0.93
"HSG",140608,"/Date(1701414401000)/",21650,10000,6847200,146589000000,200,false,0.93
"HSG",140608,"/Date(1701414401000)/",21650,5000,6837200,146373000000,200,false,0.93
"HSG",140608,"/Date(1701414401000)/",21650,300,6832200,146265000000,200,false,0.93
"HSG",140608,"/Date(1701414401000)/",21650,300,6831900,146258000000,200,false,0.93
"HSG",140608,"/Date(1701414401000)/",21650,4000,6831600,146252000000,200,false,0.93
"HSG",140608,"/Date(1701414401000)/",21650,100,6827600,146165000000,200,false,0.93
"HSG",140608,"/Date(1701414401000)/",21650,1000,6827500,146163000000,200,false,0.93
"HSG",140608,"/Date(1701414401000)/",21650,500,6826500,146141000000,200,false,0.93
"HSG",140608,"/Date(1701414401000)/",21650,500,6826000,146131000000,200,false,0.93
"HSG",140608,"/Date(1701414401000)/",21650,500,6825500,146120000000,200,false,0.93
"HSG",140608,"/Date(1701414401000)/",21650,600,6825000,146109000000,200,false,0.93
"HSG",140608,"/Date(1701414401000)/",21650,100,6824400,146096000000,200,false,0.93
"HSG",140608,"/Date(1701414401000)/",21650,1000,6824300,146094000000,200,false,0.93
"HSG",140608,"/Date(1701414401000)/",21650,300,6823300,146072000000,200,false,0.93
"HSG",140608,"/Date(1701414401000)/",21650,10000,6823000,146066000000,200,false,0.93
"HSG",140608,"/Date(1701414401000)/",21650,500,6813000,145849000000,200,false,0.93
"HSG",140608,"/Date(1701414401000)/",21650,500,6812500,145838000000,200,false,0.93
"HSG",140608,"/Date(1701414401000)/",21650,2000,6812000,145827000000,200,false,0.93
"HSG",140608,"/Date(1701414401000)/",21650,300,6810000,145784000000,200,false,0.93
"HSG",140608,"/Date(1701414401000)/",21650,1200,6809700,145778000000,200,false,0.93
"HSG",140608,"/Date(1701414401000)/",21650,100,6808500,145752000000,200,false,0.93
"HSG",140608,"/Date(1701414401000)/",21650,100,6808400,145749000000,200,false,0.93
"HSG",140608,"/Date(1701414401000)/",21650,2000,6808300,145747000000,200,false,0.93
