"Stockcode","Package","TradingDate","Price","Vol","TotalVol","TotalVal","Change","IsBuy","PerChange"
"NLG",144425,"/Date(1701416701000)/",37200,90900,1305800,48288000000,200,true,0.54
"NLG",142920,"/Date(1701415795000)/",36950,100,1214900,44906000000,-50,true,-0.14
"NLG",142917,"/Date(1701415794000)/",36950,1300,1214800,44902000000,-50,true,-0.14
"NLG",142917,"/Date(1701415794000)/",36950,800,1213500,44854000000,-50,true,-0.14
"NLG",142917,"/Date(1701415793000)/",36950,1000,1212700,44825000000,-50,true,-0.14
"NLG",142908,"/Date(1701415782000)/",36950,200,1211700,44788000000,-50,true,-0.14
"NLG",142908,"/Date(1701415782000)/",36950,200,1211500,44780000000,-50,true,-0.14
"NLG",142908,"/Date(1701415782000)/",36950,100,1211300,44773000000,-50,true,-0.14
"NLG",142904,"/Date(1701415781000)/",37000,1000,1211200,44769000000,0,false,0
"NLG",142901,"/Date(1701415777000)/",37000,900,1210200,44732000000,0,false,0
"NLG",142901,"/Date(1701415777000)/",37000,500,1209300,44699000000,0,false,0
"NLG",142858,"/Date(1701415774000)/",37000,3500,1208800,44681000000,0,false,0
"NLG",142858,"/Date(1701415772000)/",36950,200,1205300,44551000000,-50,true,-0.14
"NLG",142858,"/Date(1701415772000)/",36950,100,1205100,44544000000,-50,true,-0.14
"NLG",142855,"/Date(1701415770000)/",36950,200,1205000,44540000000,-50,true,-0.14
"NLG",142855,"/Date(1701415770000)/",36950,200,1204800,44533000000,-50,true,-0.14
"NLG",142855,"/Date(1701415770000)/",36950,200,1204600,44525000000,-50,true,-0.14
"NLG",142852,"/Date(1701415769000)/",36950,1300,1204400,44518000000,-50,true,-0.14
"NLG",142852,"/Date(1701415769000)/",36950,200,1203100,44470000000,-50,true,-0.14
"NLG",142852,"/Date(1701415769000)/",36950,500,1202900,44462000000,-50,true,-0.14
"NLG",142845,"/Date(1701415762000)/",37000,500,1202400,44444000000,0,false,0
"NLG",142836,"/Date(1701415752000)/",37000,200,1201900,44425000000,0,false,0
"NLG",142836,"/Date(1701415750000)/",36950,1000,1201700,44418000000,-50,true,-0.14
"NLG",142826,"/Date(1701415741000)/",37000,1500,1200700,44381000000,0,false,0
"NLG",142820,"/Date(1701415735000)/",36950,500,1199200,44326000000,-50,true,-0.14
"NLG",142820,"/Date(1701415735000)/",36950,600,1198700,44307000000,-50,true,-0.14
"NLG",142820,"/Date(1701415735000)/",36950,200,1198100,44285000000,-50,true,-0.14
"NLG",142820,"/Date(1701415735000)/",36950,500,1197900,44278000000,-50,true,-0.14
"NLG",142817,"/Date(1701415733000)/",36950,200,1197400,44259000000,-50,true,-0.14
"NLG",142817,"/Date(1701415733000)/",36950,300,1197200,44252000000,-50,true,-0.14
"NLG",142817,"/Date(1701415733000)/",36950,1500,1196900,44241000000,-50,true,-0.14
"NLG",142801,"/Date(1701415717000)/",37000,200,1195400,44185000000,0,false,0
"NLG",142801,"/Date(1701415717000)/",37000,3800,1195200,44178000000,0,false,0
"NLG",142726,"/Date(1701415682000)/",36950,400,1191400,44037000000,-50,true,-0.14
"NLG",142719,"/Date(1701415675000)/",36950,100,1191000,44022000000,-50,true,-0.14
"NLG",142710,"/Date(1701415666000)/",36950,300,1190900,44019000000,-50,true,-0.14
"NLG",142606,"/Date(1701415603000)/",37000,100,1190600,44008000000,0,false,0
"NLG",142606,"/Date(1701415602000)/",37000,200,1190500,44004000000,0,false,0
"NLG",142603,"/Date(1701415597000)/",36950,2500,1190300,43997000000,-50,true,-0.14
"NLG",142603,"/Date(1701415597000)/",37000,2000,1187800,43904000000,0,false,0
"NLG",142553,"/Date(1701415588000)/",37000,1000,1185800,43830000000,0,false,0
"NLG",142547,"/Date(1701415582000)/",37000,2200,1184800,43793000000,0,false,0
"NLG",142544,"/Date(1701415580000)/",36950,100,1182600,43712000000,-50,true,-0.14
"NLG",142540,"/Date(1701415577000)/",37000,1000,1182500,43708000000,0,false,0
"NLG",142534,"/Date(1701415568000)/",37000,1000,1181500,43671000000,0,false,0
"NLG",142509,"/Date(1701415543000)/",36950,400,1180500,43634000000,-50,true,-0.14
"NLG",142459,"/Date(1701415536000)/",36950,1000,1180100,43619000000,-50,true,-0.14
"NLG",142453,"/Date(1701415528000)/",37000,2000,1179100,43582000000,0,false,0
"NLG",142449,"/Date(1701415524000)/",36950,100,1177100,43508000000,-50,true,-0.14
"NLG",142446,"/Date(1701415523000)/",36950,1000,1177000,43505000000,-50,true,-0.14
"NLG",142440,"/Date(1701415516000)/",37000,1000,1176000,43468000000,0,false,0
"NLG",142411,"/Date(1701415488000)/",36950,2600,1175000,43431000000,-50,true,-0.14
"NLG",142411,"/Date(1701415488000)/",36950,600,1172400,43335000000,-50,true,-0.14
"NLG",142411,"/Date(1701415487000)/",36950,4900,1171800,43312000000,-50,true,-0.14
"NLG",142411,"/Date(1701415487000)/",36950,5100,1166900,43131000000,-50,true,-0.14
"NLG",142408,"/Date(1701415485000)/",36950,200,1161800,42943000000,-50,true,-0.14
"NLG",142352,"/Date(1701415468000)/",36950,1500,1161600,42936000000,-50,true,-0.14
"NLG",142349,"/Date(1701415466000)/",36950,1100,1160100,42880000000,-50,true,-0.14
"NLG",142349,"/Date(1701415466000)/",36950,3000,1159000,42839000000,-50,true,-0.14
"NLG",142349,"/Date(1701415466000)/",36950,200,1156000,42729000000,-50,true,-0.14
"NLG",142349,"/Date(1701415466000)/",36950,5700,1155800,42721000000,-50,true,-0.14
"NLG",142342,"/Date(1701415457000)/",36950,900,1150100,42511000000,-50,true,-0.14
"NLG",142326,"/Date(1701415443000)/",36950,100,1149200,42477000000,-50,true,-0.14
"NLG",142310,"/Date(1701415425000)/",37000,100,1149100,42474000000,0,false,0
"NLG",142307,"/Date(1701415424000)/",37000,600,1149000,42470000000,0,false,0
"NLG",142307,"/Date(1701415424000)/",37000,300,1148400,42448000000,0,false,0
"NLG",142251,"/Date(1701415407000)/",37000,200,1148100,42437000000,0,false,0
"NLG",142235,"/Date(1701415390000)/",36950,100,1147900,42429000000,-50,true,-0.14
"NLG",142235,"/Date(1701415390000)/",37000,100,1147800,42426000000,0,false,0
"NLG",142232,"/Date(1701415386000)/",37000,400,1147700,42422000000,0,true,0
"NLG",142232,"/Date(1701415386000)/",37000,200,1147300,42407000000,0,true,0
"NLG",142232,"/Date(1701415386000)/",37000,600,1147100,42400000000,0,true,0
"NLG",142223,"/Date(1701415376000)/",37000,100,1146500,42377000000,0,true,0
"NLG",142223,"/Date(1701415376000)/",37000,700,1146400,42374000000,0,true,0
"NLG",142223,"/Date(1701415376000)/",37000,400,1145700,42348000000,0,true,0
"NLG",142213,"/Date(1701415368000)/",37000,600,1145300,42333000000,0,true,0
"NLG",142213,"/Date(1701415368000)/",37000,600,1144700,42311000000,0,true,0
"NLG",142204,"/Date(1701415358000)/",37000,300,1144100,42289000000,0,true,0
"NLG",142204,"/Date(1701415358000)/",37000,800,1143800,42278000000,0,true,0
"NLG",142157,"/Date(1701415352000)/",37050,200,1143000,42248000000,50,false,0.14
"NLG",142154,"/Date(1701415351000)/",37050,100,1142800,42241000000,50,false,0.14
"NLG",142154,"/Date(1701415349000)/",37000,1200,1142700,42237000000,0,true,0
"NLG",142148,"/Date(1701415344000)/",37050,1000,1141500,42192000000,50,false,0.14
"NLG",142145,"/Date(1701415340000)/",37000,100,1140500,42155000000,0,true,0
"NLG",142145,"/Date(1701415339000)/",37000,1200,1140400,42152000000,0,true,0
"NLG",142141,"/Date(1701415337000)/",37000,1200,1139200,42107000000,0,true,0
"NLG",142132,"/Date(1701415328000)/",37000,1200,1138000,42063000000,0,true,0
"NLG",142129,"/Date(1701415323000)/",37050,200,1136800,42019000000,50,false,0.14
"NLG",142125,"/Date(1701415319000)/",37000,1200,1136600,42011000000,0,true,0
"NLG",142119,"/Date(1701415312000)/",37050,600,1135400,41967000000,50,false,0.14
"NLG",142116,"/Date(1701415312000)/",37050,400,1134800,41944000000,50,false,0.14
"NLG",142116,"/Date(1701415312000)/",37000,3100,1134400,41930000000,0,false,0
"NLG",142113,"/Date(1701415309000)/",37000,1000,1131300,41815000000,0,true,0
"NLG",142113,"/Date(1701415309000)/",37000,300,1130300,41778000000,0,true,0
"NLG",142113,"/Date(1701415309000)/",37000,300,1130000,41767000000,0,true,0
"NLG",142113,"/Date(1701415309000)/",37000,1000,1129700,41756000000,0,true,0
"NLG",142113,"/Date(1701415309000)/",37000,100,1128700,41719000000,0,true,0
"NLG",142113,"/Date(1701415309000)/",37000,3300,1128600,41715000000,0,true,0
"NLG",142113,"/Date(1701415307000)/",37050,100,1125300,41593000000,50,false,0.14
"NLG",142110,"/Date(1701415305000)/",37000,600,1125200,41589000000,0,true,0
"NLG",142106,"/Date(1701415301000)/",37000,400,1124600,41567000000,0,true,0
"NLG",142106,"/Date(1701415300000)/",37000,1200,1124200,41552000000,0,true,0
"NLG",142100,"/Date(1701415296000)/",37000,200,1123000,41508000000,0,true,0
"NLG",142100,"/Date(1701415294000)/",37000,100,1122800,41500000000,0,true,0
"NLG",142057,"/Date(1701415292000)/",37000,4200,1122700,41497000000,0,true,0
"NLG",142057,"/Date(1701415292000)/",37000,500,1118500,41341000000,0,true,0
"NLG",142057,"/Date(1701415292000)/",37000,300,1118000,41323000000,0,true,0
"NLG",142057,"/Date(1701415291000)/",37000,700,1117700,41312000000,0,true,0
"NLG",142057,"/Date(1701415291000)/",37000,400,1117000,41286000000,0,true,0
"NLG",142047,"/Date(1701415282000)/",37000,1200,1116600,41271000000,0,true,0
"NLG",142044,"/Date(1701415279000)/",37000,100,1115400,41227000000,0,true,0
"NLG",142041,"/Date(1701415276000)/",37050,100,1115300,41223000000,50,false,0.14
"NLG",142038,"/Date(1701415272000)/",37000,300,1115200,41219000000,0,true,0
"NLG",142038,"/Date(1701415272000)/",37000,100,1114900,41208000000,0,true,0
"NLG",142038,"/Date(1701415272000)/",37000,700,1114800,41204000000,0,true,0
"NLG",142028,"/Date(1701415263000)/",37000,2400,1114100,41179000000,0,true,0
"NLG",142012,"/Date(1701415247000)/",37050,300,1111700,41090000000,50,false,0.14
"NLG",142009,"/Date(1701415244000)/",37050,400,1111400,41079000000,50,true,0.14
"NLG",141959,"/Date(1701415235000)/",37050,1300,1111000,41064000000,50,true,0.14
"NLG",141956,"/Date(1701415232000)/",37050,1300,1109700,41016000000,50,false,0.14
"NLG",141953,"/Date(1701415230000)/",37000,1300,1108400,40967000000,0,true,0
"NLG",141947,"/Date(1701415223000)/",37050,200,1107100,40919000000,50,false,0.14
"NLG",141947,"/Date(1701415221000)/",37000,600,1106900,40912000000,0,true,0
"NLG",141947,"/Date(1701415221000)/",37000,200,1106300,40890000000,0,true,0
"NLG",141947,"/Date(1701415221000)/",37000,100,1106100,40882000000,0,true,0
"NLG",141947,"/Date(1701415221000)/",37000,400,1106000,40879000000,0,true,0
"NLG",141940,"/Date(1701415217000)/",37000,100,1105600,40864000000,0,true,0
"NLG",141931,"/Date(1701415207000)/",37000,400,1105500,40860000000,0,false,0
"NLG",141928,"/Date(1701415203000)/",37000,100,1105100,40845000000,0,true,0
"NLG",141928,"/Date(1701415203000)/",37000,800,1105000,40842000000,0,true,0
"NLG",141924,"/Date(1701415199000)/",37000,200,1104200,40812000000,0,true,0
"NLG",141921,"/Date(1701415197000)/",37000,400,1104000,40805000000,0,true,0
"NLG",141918,"/Date(1701415193000)/",37000,900,1103600,40790000000,0,true,0
"NLG",141915,"/Date(1701415189000)/",37000,1300,1102700,40757000000,0,true,0
"NLG",141915,"/Date(1701415189000)/",37000,1800,1101400,40708000000,0,true,0
"NLG",141915,"/Date(1701415188000)/",37000,1000,1099600,40642000000,0,true,0
"NLG",141915,"/Date(1701415188000)/",37000,500,1098600,40605000000,0,true,0
"NLG",141911,"/Date(1701415188000)/",37000,1000,1098100,40586000000,0,false,0
"NLG",141911,"/Date(1701415187000)/",37000,200,1097100,40549000000,0,false,0
"NLG",141911,"/Date(1701415186000)/",37000,1000,1096900,40542000000,0,false,0
"NLG",141911,"/Date(1701415186000)/",37000,2000,1095900,40505000000,0,false,0
"NLG",141911,"/Date(1701415185000)/",37000,500,1093900,40431000000,0,false,0
"NLG",141908,"/Date(1701415184000)/",37000,2000,1093400,40412000000,0,false,0
"NLG",141905,"/Date(1701415178000)/",37000,1000,1091400,40338000000,0,false,0
"NLG",141902,"/Date(1701415176000)/",37000,100,1090400,40301000000,0,false,0
"NLG",141859,"/Date(1701415173000)/",37000,900,1090300,40298000000,0,false,0
"NLG",141859,"/Date(1701415172000)/",37000,1000,1089400,40264000000,0,false,0
"NLG",141859,"/Date(1701415172000)/",37000,900,1088400,40227000000,0,false,0
"NLG",141856,"/Date(1701415171000)/",37000,1000,1087500,40194000000,0,false,0
"NLG",141856,"/Date(1701415171000)/",37000,1000,1086500,40157000000,0,false,0
"NLG",141846,"/Date(1701415162000)/",37000,700,1085500,40120000000,0,false,0
"NLG",141846,"/Date(1701415162000)/",37000,1700,1084800,40094000000,0,false,0
"NLG",141846,"/Date(1701415162000)/",37000,600,1083100,40031000000,0,false,0
"NLG",141846,"/Date(1701415161000)/",37000,500,1082500,40009000000,0,false,0
"NLG",141833,"/Date(1701415146000)/",37000,500,1082000,39991000000,0,false,0
"NLG",141830,"/Date(1701415144000)/",37000,200,1081500,39972000000,0,false,0
"NLG",141827,"/Date(1701415143000)/",37000,100,1081300,39965000000,0,false,0
"NLG",141827,"/Date(1701415142000)/",37000,4000,1081200,39961000000,0,false,0
"NLG",141827,"/Date(1701415141000)/",37000,1000,1077200,39813000000,0,false,0
"NLG",141817,"/Date(1701415133000)/",37000,1000,1076200,39776000000,0,false,0
"NLG",141817,"/Date(1701415132000)/",37000,1000,1075200,39739000000,0,false,0
"NLG",141817,"/Date(1701415131000)/",37000,200,1074200,39702000000,0,false,0
"NLG",141814,"/Date(1701415130000)/",37000,200,1074000,39695000000,0,false,0
"NLG",141814,"/Date(1701415130000)/",37000,5000,1073800,39687000000,0,false,0
"NLG",141814,"/Date(1701415128000)/",37000,700,1068800,39502000000,0,false,0
"NLG",141814,"/Date(1701415128000)/",37000,1700,1068100,39476000000,0,false,0
"NLG",141814,"/Date(1701415128000)/",37000,600,1066400,39413000000,0,false,0
"NLG",141811,"/Date(1701415125000)/",37000,200,1065800,39391000000,0,false,0
"NLG",141808,"/Date(1701415124000)/",36950,3000,1065600,39384000000,-50,true,-0.14
"NLG",141808,"/Date(1701415124000)/",37000,100,1062600,39273000000,0,false,0
"NLG",141808,"/Date(1701415123000)/",37000,300,1062500,39269000000,0,false,0
"NLG",141801,"/Date(1701415117000)/",37000,100,1062200,39258000000,0,false,0
"NLG",141801,"/Date(1701415116000)/",37000,100,1062100,39255000000,0,false,0
"NLG",141801,"/Date(1701415115000)/",37000,1000,1062000,39251000000,0,false,0
"NLG",141752,"/Date(1701415107000)/",37000,1000,1061000,39214000000,0,false,0
"NLG",141749,"/Date(1701415104000)/",36950,200,1060000,39177000000,-50,true,-0.14
"NLG",141749,"/Date(1701415103000)/",37000,5000,1059800,39169000000,0,false,0
"NLG",141749,"/Date(1701415102000)/",37000,1600,1054800,38984000000,0,false,0
"NLG",141749,"/Date(1701415102000)/",37000,5900,1053200,38925000000,0,false,0
"NLG",141745,"/Date(1701415101000)/",37000,1000,1047300,38707000000,0,false,0
"NLG",141742,"/Date(1701415097000)/",37000,100,1046300,38670000000,0,false,0
"NLG",141739,"/Date(1701415094000)/",37000,500,1046200,38666000000,0,false,0
"NLG",141736,"/Date(1701415091000)/",37000,100,1045700,38648000000,0,false,0
"NLG",141736,"/Date(1701415089000)/",37000,1000,1045600,38644000000,0,false,0
"NLG",141729,"/Date(1701415086000)/",37000,100,1044600,38607000000,0,false,0
"NLG",141729,"/Date(1701415085000)/",37000,2000,1044500,38603000000,0,false,0
"NLG",141729,"/Date(1701415083000)/",37000,200,1042500,38529000000,0,false,0
"NLG",141726,"/Date(1701415080000)/",37000,100,1042300,38522000000,0,false,0
"NLG",141723,"/Date(1701415079000)/",37000,1000,1042200,38518000000,0,false,0
"NLG",141723,"/Date(1701415079000)/",37000,200,1041200,38481000000,0,false,0
"NLG",141723,"/Date(1701415077000)/",37000,500,1041000,38474000000,0,false,0
"NLG",141720,"/Date(1701415075000)/",37000,700,1040500,38455000000,0,false,0
"NLG",141720,"/Date(1701415075000)/",37000,2200,1039800,38429000000,0,false,0
"NLG",141720,"/Date(1701415075000)/",37000,500,1037600,38348000000,0,false,0
"NLG",141717,"/Date(1701415071000)/",37000,100,1037100,38330000000,0,false,0
"NLG",141717,"/Date(1701415071000)/",37000,500,1037000,38326000000,0,false,0
"NLG",141714,"/Date(1701415069000)/",37000,100,1036500,38307000000,0,false,0
"NLG",141714,"/Date(1701415069000)/",37000,100,1036400,38304000000,0,false,0
"NLG",141714,"/Date(1701415067000)/",37000,500,1036300,38300000000,0,false,0
"NLG",141701,"/Date(1701415055000)/",37000,400,1035800,38281000000,0,false,0
"NLG",141658,"/Date(1701415054000)/",37000,100,1035400,38267000000,0,false,0
"NLG",141658,"/Date(1701415053000)/",37000,300,1035300,38263000000,0,false,0
"NLG",141658,"/Date(1701415052000)/",37000,100,1035000,38252000000,0,false,0
"NLG",141658,"/Date(1701415051000)/",37000,400,1034900,38248000000,0,false,0
"NLG",141654,"/Date(1701415049000)/",37000,100,1034500,38233000000,0,false,0
"NLG",141651,"/Date(1701415046000)/",37000,100,1034400,38230000000,0,false,0
"NLG",141651,"/Date(1701415046000)/",37000,1100,1034300,38226000000,0,false,0
"NLG",141651,"/Date(1701415045000)/",37000,900,1033200,38185000000,0,false,0
"NLG",141645,"/Date(1701415038000)/",37000,400,1032300,38152000000,0,false,0
"NLG",141645,"/Date(1701415038000)/",37000,100,1031900,38137000000,0,false,0
"NLG",141645,"/Date(1701415038000)/",37000,300,1031800,38133000000,0,false,0
"NLG",141638,"/Date(1701415034000)/",37050,200,1031500,38122000000,50,false,0.14
"NLG",141638,"/Date(1701415033000)/",37050,200,1031300,38115000000,50,false,0.14
"NLG",141635,"/Date(1701415030000)/",37050,1000,1031100,38108000000,50,false,0.14
"NLG",141635,"/Date(1701415029000)/",37050,100,1030100,38070000000,50,false,0.14
"NLG",141626,"/Date(1701415021000)/",37050,4800,1030000,38067000000,50,true,0.14
"NLG",141626,"/Date(1701415021000)/",37050,100,1025200,37889000000,50,true,0.14
"NLG",141626,"/Date(1701415021000)/",37050,100,1025100,37885000000,50,true,0.14
"NLG",141619,"/Date(1701415015000)/",37250,1100,1025000,37882000000,250,false,0.68
"NLG",141619,"/Date(1701415015000)/",37250,3900,1023900,37841000000,250,false,0.68
"NLG",141613,"/Date(1701415009000)/",37050,200,1020000,37695000000,50,false,0.14
"NLG",141613,"/Date(1701415007000)/",37250,6100,1019800,37688000000,250,false,0.68
"NLG",141613,"/Date(1701415007000)/",37200,100,1013700,37461000000,200,false,0.54
"NLG",141613,"/Date(1701415007000)/",37200,100,1013600,37457000000,200,false,0.54
"NLG",141613,"/Date(1701415007000)/",37200,2000,1013500,37453000000,200,false,0.54
"NLG",141613,"/Date(1701415007000)/",37200,1000,1011500,37379000000,200,false,0.54
"NLG",141613,"/Date(1701415007000)/",37150,100,1010500,37342000000,150,false,0.41
"NLG",141613,"/Date(1701415007000)/",37150,10000,1010400,37338000000,150,false,0.41
"NLG",141613,"/Date(1701415007000)/",37150,200,1000400,36966000000,150,false,0.41
"NLG",141613,"/Date(1701415007000)/",37100,100,1000200,36959000000,100,false,0.27
"NLG",141613,"/Date(1701415007000)/",37050,100,1000100,36955000000,50,false,0.14
"NLG",141613,"/Date(1701415007000)/",37050,200,1000000,36952000000,50,false,0.14
"NLG",141607,"/Date(1701415001000)/",37000,1100,999800,36944000000,0,true,0
"NLG",141607,"/Date(1701415000000)/",37000,10000,998700,36903000000,0,true,0
"NLG",141607,"/Date(1701415000000)/",37000,1000,988700,36533000000,0,true,0
"NLG",141603,"/Date(1701414999000)/",37000,300,987700,36496000000,0,false,0
"NLG",141603,"/Date(1701414998000)/",37000,500,987400,36485000000,0,false,0
"NLG",141603,"/Date(1701414998000)/",37000,300,986900,36467000000,0,false,0
"NLG",141600,"/Date(1701414996000)/",37000,200,986600,36456000000,0,false,0
"NLG",141600,"/Date(1701414995000)/",37000,200,986400,36448000000,0,false,0
"NLG",141600,"/Date(1701414994000)/",37000,900,986200,36441000000,0,false,0
"NLG",141557,"/Date(1701414992000)/",37000,2400,985300,36408000000,0,false,0
"NLG",141554,"/Date(1701414989000)/",37000,3100,982900,36319000000,0,false,0
"NLG",141554,"/Date(1701414989000)/",37000,3900,979800,36204000000,0,false,0
"NLG",141551,"/Date(1701414987000)/",37000,200,975900,36060000000,0,false,0
"NLG",141551,"/Date(1701414986000)/",37000,500,975700,36052000000,0,false,0
"NLG",141551,"/Date(1701414985000)/",37000,5400,975200,36034000000,0,false,0
"NLG",141551,"/Date(1701414985000)/",37000,3600,969800,35834000000,0,false,0
"NLG",141535,"/Date(1701414969000)/",37000,2000,966200,35701000000,0,false,0
"NLG",141519,"/Date(1701414954000)/",36950,4500,964200,35627000000,-50,false,-0.14
"NLG",141519,"/Date(1701414954000)/",36950,100,959700,35461000000,-50,false,-0.14
"NLG",141519,"/Date(1701414954000)/",36950,100,959600,35457000000,-50,false,-0.14
"NLG",141519,"/Date(1701414952000)/",36950,300,959500,35453000000,-50,false,-0.14
"NLG",141519,"/Date(1701414952000)/",36950,300,959200,35442000000,-50,false,-0.14
"NLG",141519,"/Date(1701414952000)/",36950,200,958900,35431000000,-50,false,-0.14
"NLG",141519,"/Date(1701414952000)/",36950,200,958700,35424000000,-50,false,-0.14
"NLG",141519,"/Date(1701414952000)/",36950,500,958500,35416000000,-50,false,-0.14
"NLG",141516,"/Date(1701414952000)/",36950,700,958000,35398000000,-50,false,-0.14
"NLG",141516,"/Date(1701414952000)/",36950,300,957300,35372000000,-50,false,-0.14
"NLG",141441,"/Date(1701414914000)/",36900,100,957000,35361000000,-100,true,-0.27
"NLG",141441,"/Date(1701414914000)/",36900,100,956900,35357000000,-100,true,-0.27
"NLG",141437,"/Date(1701414911000)/",36950,100,956800,35353000000,-50,false,-0.14
"NLG",141421,"/Date(1701414894000)/",36950,300,956700,35350000000,-50,false,-0.14
"NLG",141409,"/Date(1701414884000)/",36900,2000,956400,35339000000,-100,true,-0.27
"NLG",141346,"/Date(1701414862000)/",36900,5000,954400,35265000000,-100,true,-0.27
"NLG",141343,"/Date(1701414859000)/",36900,300,949400,35080000000,-100,true,-0.27
"NLG",141246,"/Date(1701414800000)/",36900,100,949100,35069000000,-100,true,-0.27
"NLG",141243,"/Date(1701414799000)/",36900,500,949000,35066000000,-100,true,-0.27
"NLG",141237,"/Date(1701414789000)/",36900,5000,948500,35047000000,-100,true,-0.27
"NLG",141224,"/Date(1701414780000)/",36900,11900,943500,34863000000,-100,true,-0.27
"NLG",141217,"/Date(1701414772000)/",36900,100,931600,34424000000,-100,true,-0.27
"NLG",141214,"/Date(1701414770000)/",36900,300,931500,34420000000,-100,true,-0.27
"NLG",141214,"/Date(1701414769000)/",36900,2000,931200,34409000000,-100,true,-0.27
"NLG",141142,"/Date(1701414738000)/",36900,300,929200,34335000000,-100,true,-0.27
"NLG",141120,"/Date(1701414714000)/",36950,300,928900,34324000000,-50,false,-0.14
"NLG",141120,"/Date(1701414714000)/",36950,500,928600,34313000000,-50,false,-0.14
"NLG",141120,"/Date(1701414714000)/",36950,100,928100,34294000000,-50,false,-0.14
"NLG",141104,"/Date(1701414700000)/",36950,100,928000,34291000000,-50,false,-0.14
"NLG",141013,"/Date(1701414648000)/",36950,100,927900,34287000000,-50,false,-0.14
"NLG",141001,"/Date(1701414635000)/",36950,1000,927800,34283000000,-50,false,-0.14
"NLG",140957,"/Date(1701414631000)/",36950,100,926800,34246000000,-50,false,-0.14
"NLG",140945,"/Date(1701414619000)/",36950,200,926700,34243000000,-50,false,-0.14
"NLG",140935,"/Date(1701414610000)/",36950,200,926500,34235000000,-50,false,-0.14
"NLG",140935,"/Date(1701414609000)/",36900,2000,926300,34228000000,-100,true,-0.27
"NLG",140916,"/Date(1701414590000)/",36950,100,924300,34154000000,-50,true,-0.14
"NLG",140916,"/Date(1701414590000)/",36950,200,924200,34150000000,-50,true,-0.14
"NLG",140906,"/Date(1701414581000)/",37000,100,924000,34143000000,0,false,0
"NLG",140903,"/Date(1701414578000)/",36900,2400,923900,34139000000,-100,true,-0.27
"NLG",140857,"/Date(1701414570000)/",36900,1200,921500,34051000000,-100,true,-0.27
"NLG",140857,"/Date(1701414570000)/",36950,300,920300,34006000000,-50,true,-0.14
"NLG",140857,"/Date(1701414570000)/",36950,500,920000,33995000000,-50,true,-0.14
"NLG",140854,"/Date(1701414569000)/",37000,300,919500,33977000000,0,false,0
"NLG",140847,"/Date(1701414561000)/",37000,800,919200,33966000000,0,false,0
"NLG",140841,"/Date(1701414556000)/",37000,1000,918400,33936000000,0,false,0
"NLG",140822,"/Date(1701414534000)/",37000,500,917400,33899000000,0,false,0
"NLG",140819,"/Date(1701414534000)/",37000,1500,916900,33881000000,0,false,0
"NLG",140815,"/Date(1701414530000)/",37000,200,915400,33825000000,0,false,0
"NLG",140815,"/Date(1701414530000)/",37000,400,915200,33818000000,0,false,0
"NLG",140806,"/Date(1701414519000)/",37000,100,914800,33803000000,0,false,0
"NLG",140753,"/Date(1701414507000)/",37000,1500,914700,33799000000,0,false,0
"NLG",140753,"/Date(1701414507000)/",37000,900,913200,33744000000,0,false,0
"NLG",140750,"/Date(1701414503000)/",37000,100,912300,33711000000,0,false,0
"NLG",140747,"/Date(1701414501000)/",36900,900,912200,33707000000,-100,false,-0.27
"NLG",140747,"/Date(1701414501000)/",36900,900,911300,33674000000,-100,false,-0.27
"NLG",140747,"/Date(1701414501000)/",36950,1000,910400,33640000000,-50,false,-0.14
"NLG",140747,"/Date(1701414501000)/",36950,1000,909400,33603000000,-50,false,-0.14
"NLG",140747,"/Date(1701414501000)/",36950,200,908400,33566000000,-50,false,-0.14
"NLG",140747,"/Date(1701414501000)/",36950,6000,908200,33559000000,-50,false,-0.14
"NLG",140731,"/Date(1701414486000)/",37000,300,902200,33337000000,0,false,0
"NLG",140728,"/Date(1701414480000)/",37000,400,901900,33326000000,0,false,0
"NLG",140728,"/Date(1701414480000)/",37000,100,901500,33311000000,0,false,0
"NLG",140725,"/Date(1701414477000)/",37000,900,901400,33308000000,0,false,0
"NLG",140712,"/Date(1701414465000)/",37000,200,900500,33274000000,0,false,0
"NLG",140712,"/Date(1701414465000)/",37000,200,900300,33267000000,0,false,0
"NLG",140712,"/Date(1701414465000)/",37000,100,900100,33260000000,0,false,0
"NLG",140705,"/Date(1701414459000)/",37000,1000,900000,33256000000,0,false,0
"NLG",140656,"/Date(1701414450000)/",37000,300,899000,33219000000,0,false,0
"NLG",140656,"/Date(1701414448000)/",37000,4700,898700,33208000000,0,false,0
"NLG",140646,"/Date(1701414442000)/",37000,500,894000,33034000000,0,false,0
"NLG",140646,"/Date(1701414441000)/",37000,100,893500,33015000000,0,false,0
"NLG",140646,"/Date(1701414440000)/",37000,200,893400,33012000000,0,false,0
"NLG",140643,"/Date(1701414438000)/",37000,2200,893200,33004000000,0,false,0
"NLG",140643,"/Date(1701414438000)/",37000,500,891000,32923000000,0,false,0
"NLG",140643,"/Date(1701414437000)/",37000,2000,890500,32904000000,0,false,0
"NLG",140640,"/Date(1701414435000)/",37000,100,888500,32830000000,0,false,0
"NLG",140640,"/Date(1701414434000)/",37000,6000,888400,32827000000,0,false,0
"NLG",140640,"/Date(1701414432000)/",37000,1700,882400,32605000000,0,false,0
"NLG",140637,"/Date(1701414431000)/",37000,200,880700,32542000000,0,false,0
"NLG",140637,"/Date(1701414431000)/",37000,100,880500,32534000000,0,false,0
"NLG",140634,"/Date(1701414428000)/",37000,300,880400,32531000000,0,false,0
"NLG",140634,"/Date(1701414428000)/",37000,1000,880100,32520000000,0,false,0
"NLG",140634,"/Date(1701414428000)/",37000,700,879100,32483000000,0,false,0
"NLG",140634,"/Date(1701414427000)/",37000,100,878400,32457000000,0,false,0
"NLG",140634,"/Date(1701414427000)/",37000,100,878300,32453000000,0,false,0
"NLG",140630,"/Date(1701414423000)/",37000,500,878200,32449000000,0,false,0
"NLG",140630,"/Date(1701414423000)/",37000,200,877700,32431000000,0,false,0
"NLG",140630,"/Date(1701414423000)/",37000,500,877500,32423000000,0,false,0
"NLG",140624,"/Date(1701414417000)/",37000,700,877000,32405000000,0,false,0
"NLG",140624,"/Date(1701414417000)/",37000,300,876300,32379000000,0,false,0
"NLG",140624,"/Date(1701414417000)/",37000,100,876000,32368000000,0,false,0
"NLG",140618,"/Date(1701414410000)/",37000,300,875900,32364000000,0,false,0
"NLG",140618,"/Date(1701414410000)/",37000,700,875600,32353000000,0,false,0
"NLG",140618,"/Date(1701414410000)/",37000,700,874900,32327000000,0,false,0
"NLG",140618,"/Date(1701414410000)/",37000,700,874200,32301000000,0,false,0
"NLG",140618,"/Date(1701414410000)/",37000,700,873500,32275000000,0,false,0
"NLG",140618,"/Date(1701414410000)/",37000,700,872800,32250000000,0,false,0
"NLG",140618,"/Date(1701414410000)/",37000,200,872100,32224000000,0,false,0
"NLG",140614,"/Date(1701414408000)/",37000,500,871900,32216000000,0,false,0
"NLG",140611,"/Date(1701414405000)/",37000,700,871400,32198000000,0,false,0
"NLG",140611,"/Date(1701414405000)/",37000,300,870700,32172000000,0,false,0
"NLG",140608,"/Date(1701414402000)/",37000,400,870400,32161000000,0,false,0
"NLG",140608,"/Date(1701414402000)/",37000,600,870000,32146000000,0,false,0
"NLG",140608,"/Date(1701414401000)/",37000,100,869400,32124000000,0,false,0
"NLG",140608,"/Date(1701414401000)/",37000,700,869300,32120000000,0,false,0
"NLG",140608,"/Date(1701414401000)/",37000,700,868600,32094000000,0,false,0
"NLG",140608,"/Date(1701414401000)/",37000,700,867900,32068000000,0,false,0
"NLG",140608,"/Date(1701414401000)/",37000,700,867200,32042000000,0,false,0
"NLG",140608,"/Date(1701414401000)/",37000,700,866500,32016000000,0,false,0
"NLG",140608,"/Date(1701414401000)/",37000,700,865800,31991000000,0,false,0
"NLG",140608,"/Date(1701414401000)/",37000,700,865100,31965000000,0,false,0
"NLG",140608,"/Date(1701414401000)/",37000,700,864400,31939000000,0,false,0
"NLG",140608,"/Date(1701414401000)/",37000,300,863700,31913000000,0,false,0
"NLG",140605,"/Date(1701414399000)/",37000,400,863400,31902000000,0,false,0
"NLG",140605,"/Date(1701414399000)/",37000,600,863000,31887000000,0,false,0
"NLG",140555,"/Date(1701414389000)/",37000,100,862400,31865000000,0,false,0
"NLG",140555,"/Date(1701414389000)/",37000,700,862300,31861000000,0,false,0
"NLG",140555,"/Date(1701414389000)/",37000,700,861600,31835000000,0,false,0
"NLG",140555,"/Date(1701414389000)/",37000,500,860900,31809000000,0,false,0
"NLG",140555,"/Date(1701414388000)/",37000,200,860400,31791000000,0,false,0
"NLG",140555,"/Date(1701414388000)/",37000,300,860200,31783000000,0,false,0
"NLG",140552,"/Date(1701414386000)/",37000,100,859900,31772000000,0,false,0
"NLG",140549,"/Date(1701414382000)/",37000,300,859800,31769000000,0,false,0
"NLG",140549,"/Date(1701414382000)/",37000,700,859500,31757000000,0,false,0
"NLG",140543,"/Date(1701414377000)/",37000,700,858800,31732000000,0,false,0
"NLG",140543,"/Date(1701414377000)/",37000,700,858100,31706000000,0,false,0
"NLG",140543,"/Date(1701414377000)/",37000,700,857400,31680000000,0,false,0
"NLG",140543,"/Date(1701414377000)/",37000,700,856700,31654000000,0,false,0
"NLG",140543,"/Date(1701414377000)/",37000,700,856000,31628000000,0,false,0
"NLG",140543,"/Date(1701414377000)/",37000,700,855300,31602000000,0,false,0
"NLG",140543,"/Date(1701414377000)/",37000,700,854600,31576000000,0,false,0
"NLG",140543,"/Date(1701414377000)/",37000,100,853900,31550000000,0,false,0
"NLG",140543,"/Date(1701414377000)/",37000,600,853800,31547000000,0,false,0
"NLG",140543,"/Date(1701414377000)/",37000,700,853200,31524000000,0,false,0
"NLG",140543,"/Date(1701414377000)/",37000,700,852500,31498000000,0,false,0
"NLG",140543,"/Date(1701414377000)/",37000,700,851800,31473000000,0,false,0
"NLG",140543,"/Date(1701414377000)/",37000,700,851100,31447000000,0,false,0
"NLG",140543,"/Date(1701414377000)/",37000,700,850400,31421000000,0,false,0
"NLG",140543,"/Date(1701414377000)/",37000,700,849700,31395000000,0,false,0
"NLG",140543,"/Date(1701414377000)/",37000,200,849000,31369000000,0,false,0
"NLG",140543,"/Date(1701414376000)/",37000,500,848800,31362000000,0,false,0
"NLG",140543,"/Date(1701414376000)/",37000,500,848300,31343000000,0,false,0
"NLG",140539,"/Date(1701414373000)/",37000,200,847800,31325000000,0,false,0
"NLG",140539,"/Date(1701414373000)/",37000,400,847600,31317000000,0,false,0
"NLG",140533,"/Date(1701414366000)/",37000,300,847200,31302000000,0,false,0
"NLG",140533,"/Date(1701414366000)/",37000,700,846900,31291000000,0,false,0
"NLG",140533,"/Date(1701414365000)/",37000,100,846200,31265000000,0,false,0
"NLG",140530,"/Date(1701414365000)/",37000,500,846100,31262000000,0,false,0
"NLG",140523,"/Date(1701414357000)/",37000,100,845600,31243000000,0,false,0
"NLG",140523,"/Date(1701414357000)/",37000,400,845500,31239000000,0,false,0
"NLG",140511,"/Date(1701414343000)/",37000,100,845100,31225000000,0,false,0
"NLG",140504,"/Date(1701414338000)/",37000,200,845000,31221000000,0,false,0
"NLG",140445,"/Date(1701414320000)/",36950,2100,844800,31214000000,-50,true,-0.14
"NLG",140442,"/Date(1701414314000)/",36950,900,842700,31136000000,-50,false,-0.14
"NLG",140442,"/Date(1701414314000)/",36950,100,841800,31103000000,-50,false,-0.14
"NLG",140436,"/Date(1701414310000)/",36900,2100,841700,31099000000,-100,false,-0.27
"NLG",140436,"/Date(1701414309000)/",36900,1600,839600,31022000000,-100,false,-0.27
"NLG",140429,"/Date(1701414302000)/",36900,1300,838000,30963000000,-100,false,-0.27
"NLG",140429,"/Date(1701414302000)/",36900,1000,836700,30915000000,-100,false,-0.27
"NLG",140429,"/Date(1701414302000)/",36850,700,835700,30878000000,-150,true,-0.41
"NLG",140423,"/Date(1701414297000)/",36850,400,835000,30852000000,-150,false,-0.41
"NLG",140423,"/Date(1701414296000)/",36850,1500,834600,30837000000,-150,false,-0.41
"NLG",140417,"/Date(1701414291000)/",36850,100,833100,30782000000,-150,false,-0.41
"NLG",140417,"/Date(1701414290000)/",36850,100,833000,30778000000,-150,false,-0.41
"NLG",140413,"/Date(1701414288000)/",36850,2200,832900,30774000000,-150,false,-0.41
"NLG",140413,"/Date(1701414288000)/",36850,1000,830700,30693000000,-150,false,-0.41
"NLG",140413,"/Date(1701414288000)/",36850,400,829700,30657000000,-150,false,-0.41
"NLG",140413,"/Date(1701414288000)/",36850,1400,829300,30642000000,-150,false,-0.41
"NLG",140410,"/Date(1701414284000)/",36850,300,827900,30590000000,-150,false,-0.41
"NLG",140410,"/Date(1701414284000)/",36850,200,827600,30579000000,-150,false,-0.41
"NLG",140404,"/Date(1701414277000)/",36850,100,827400,30572000000,-150,false,-0.41
"NLG",140401,"/Date(1701414273000)/",36800,300,827300,30568000000,-200,false,-0.54
"NLG",140401,"/Date(1701414273000)/",36800,1000,827000,30557000000,-200,false,-0.54
"NLG",140401,"/Date(1701414273000)/",36800,100,826000,30520000000,-200,false,-0.54
"NLG",140357,"/Date(1701414273000)/",36800,100,825900,30517000000,-200,false,-0.54
"NLG",140357,"/Date(1701414272000)/",36800,2500,825800,30513000000,-200,false,-0.54
"NLG",140357,"/Date(1701414272000)/",36800,100,823300,30421000000,-200,false,-0.54
"NLG",140357,"/Date(1701414272000)/",36800,300,823200,30417000000,-200,false,-0.54
"NLG",140357,"/Date(1701414272000)/",36800,3000,822900,30406000000,-200,false,-0.54
"NLG",140357,"/Date(1701414272000)/",36800,5500,819900,30296000000,-200,false,-0.54
"NLG",140357,"/Date(1701414272000)/",36800,8600,814400,30093000000,-200,false,-0.54
"NLG",140354,"/Date(1701414269000)/",36800,1000,805800,29777000000,-200,false,-0.54
"NLG",140354,"/Date(1701414269000)/",36800,1000,804800,29740000000,-200,false,-0.54
"NLG",140354,"/Date(1701414268000)/",36800,9100,803800,29703000000,-200,false,-0.54
"NLG",140354,"/Date(1701414268000)/",36800,100,794700,29368000000,-200,false,-0.54
"NLG",140354,"/Date(1701414268000)/",36800,800,794600,29365000000,-200,false,-0.54
"NLG",140354,"/Date(1701414268000)/",36800,2000,793800,29335000000,-200,false,-0.54
"NLG",140354,"/Date(1701414268000)/",36800,1000,791800,29262000000,-200,false,-0.54
"NLG",140354,"/Date(1701414266000)/",36800,700,790800,29225000000,-200,false,-0.54
"NLG",140348,"/Date(1701414260000)/",36800,200,790100,29199000000,-200,false,-0.54
"NLG",140341,"/Date(1701414256000)/",36800,200,789900,29192000000,-200,false,-0.54
"NLG",140338,"/Date(1701414251000)/",36800,100,789700,29184000000,-200,false,-0.54
"NLG",140338,"/Date(1701414251000)/",36800,100,789600,29181000000,-200,false,-0.54
"NLG",140335,"/Date(1701414249000)/",36800,200,789500,29177000000,-200,false,-0.54
"NLG",140335,"/Date(1701414248000)/",36800,200,789300,29170000000,-200,false,-0.54
"NLG",140329,"/Date(1701414242000)/",36800,1000,789100,29162000000,-200,false,-0.54
"NLG",140329,"/Date(1701414241000)/",36800,100,788100,29126000000,-200,false,-0.54
"NLG",140326,"/Date(1701414239000)/",36800,100,788000,29122000000,-200,false,-0.54
"NLG",140300,"/Date(1701414213000)/",36800,1000,787900,29118000000,-200,false,-0.54
"NLG",140228,"/Date(1701414182000)/",36800,100,786900,29081000000,-200,false,-0.54
"NLG",140215,"/Date(1701414168000)/",36800,200,786800,29078000000,-200,false,-0.54
"NLG",140147,"/Date(1701414140000)/",36750,700,786600,29070000000,-250,true,-0.68
"NLG",140147,"/Date(1701414140000)/",36750,100,785900,29045000000,-250,true,-0.68
"NLG",140147,"/Date(1701414140000)/",36750,2500,785800,29041000000,-250,true,-0.68
"NLG",140124,"/Date(1701414119000)/",36800,2000,783300,28949000000,-200,false,-0.54
"NLG",135817,"/Date(1701413930000)/",36750,500,781300,28875000000,-250,true,-0.68
"NLG",135732,"/Date(1701413886000)/",36750,500,780800,28857000000,-250,false,-0.68
"NLG",135723,"/Date(1701413876000)/",36750,200,780300,28839000000,-250,false,-0.68
"NLG",135723,"/Date(1701413876000)/",36750,200,780100,28831000000,-250,false,-0.68
"NLG",135723,"/Date(1701413876000)/",36750,1100,779900,28824000000,-250,false,-0.68
"NLG",135657,"/Date(1701413851000)/",36750,500,778800,28784000000,-250,false,-0.68
"NLG",135638,"/Date(1701413832000)/",36750,200,778300,28765000000,-250,false,-0.68
"NLG",135635,"/Date(1701413826000)/",36750,1000,778100,28758000000,-250,false,-0.68
"NLG",135632,"/Date(1701413825000)/",36750,200,777100,28721000000,-250,false,-0.68
"NLG",135622,"/Date(1701413814000)/",36750,3000,776900,28714000000,-250,false,-0.68
"NLG",135612,"/Date(1701413805000)/",36750,500,773900,28604000000,-250,false,-0.68
"NLG",135603,"/Date(1701413796000)/",36750,1500,773400,28585000000,-250,false,-0.68
"NLG",135600,"/Date(1701413793000)/",36750,300,771900,28530000000,-250,false,-0.68
"NLG",135557,"/Date(1701413790000)/",36750,100,771600,28519000000,-250,false,-0.68
"NLG",135553,"/Date(1701413787000)/",36750,1600,771500,28515000000,-250,false,-0.68
"NLG",135553,"/Date(1701413787000)/",36750,300,769900,28457000000,-250,false,-0.68
"NLG",135553,"/Date(1701413787000)/",36750,100,769600,28446000000,-250,false,-0.68
"NLG",135544,"/Date(1701413778000)/",36750,100,769500,28442000000,-250,false,-0.68
"NLG",135531,"/Date(1701413765000)/",36750,4900,769400,28438000000,-250,false,-0.68
"NLG",135531,"/Date(1701413765000)/",36750,100,764500,28258000000,-250,false,-0.68
"NLG",135447,"/Date(1701413719000)/",36700,300,764400,28254000000,-300,false,-0.81
"NLG",135447,"/Date(1701413719000)/",36700,700,764100,28243000000,-300,false,-0.81
"NLG",135443,"/Date(1701413715000)/",36600,1600,763400,28218000000,-400,true,-1.08
"NLG",135443,"/Date(1701413715000)/",36600,2600,761800,28159000000,-400,true,-1.08
"NLG",135443,"/Date(1701413715000)/",36650,5000,759200,28064000000,-350,true,-0.95
"NLG",135443,"/Date(1701413715000)/",36650,300,754200,27881000000,-350,true,-0.95
"NLG",135440,"/Date(1701413714000)/",36650,200,753900,27870000000,-350,false,-0.95
"NLG",135440,"/Date(1701413714000)/",36650,2500,753700,27862000000,-350,false,-0.95
"NLG",135440,"/Date(1701413714000)/",36650,500,751200,27771000000,-350,false,-0.95
"NLG",135437,"/Date(1701413709000)/",36650,1000,750700,27752000000,-350,false,-0.95
"NLG",135434,"/Date(1701413707000)/",36650,3500,749700,27716000000,-350,false,-0.95
"NLG",135434,"/Date(1701413707000)/",36650,300,746200,27588000000,-350,false,-0.95
"NLG",135434,"/Date(1701413707000)/",36650,1200,745900,27577000000,-350,false,-0.95
"NLG",135434,"/Date(1701413707000)/",36650,100,744700,27533000000,-350,false,-0.95
"NLG",135431,"/Date(1701413704000)/",36650,100,744600,27529000000,-350,false,-0.95
"NLG",135427,"/Date(1701413701000)/",36650,1000,744500,27525000000,-350,false,-0.95
"NLG",135424,"/Date(1701413696000)/",36650,500,743500,27489000000,-350,false,-0.95
"NLG",135408,"/Date(1701413682000)/",36650,100,743000,27470000000,-350,false,-0.95
"NLG",135405,"/Date(1701413678000)/",36650,200,742900,27467000000,-350,false,-0.95
"NLG",135356,"/Date(1701413669000)/",36600,3000,742700,27459000000,-400,true,-1.08
"NLG",135336,"/Date(1701413649000)/",36650,500,739700,27349000000,-350,false,-0.95
"NLG",135327,"/Date(1701413640000)/",36600,400,739200,27331000000,-400,true,-1.08
"NLG",135327,"/Date(1701413640000)/",36600,900,738800,27316000000,-400,true,-1.08
"NLG",135327,"/Date(1701413640000)/",36600,100,737900,27284000000,-400,true,-1.08
"NLG",135327,"/Date(1701413640000)/",36600,500,737800,27280000000,-400,true,-1.08
"NLG",135327,"/Date(1701413640000)/",36600,100,737300,27262000000,-400,true,-1.08
"NLG",135327,"/Date(1701413640000)/",36600,100,737200,27258000000,-400,true,-1.08
"NLG",135327,"/Date(1701413640000)/",36600,100,737100,27254000000,-400,true,-1.08
"NLG",135327,"/Date(1701413640000)/",36600,100,737000,27251000000,-400,true,-1.08
"NLG",135327,"/Date(1701413640000)/",36600,300,736900,27247000000,-400,true,-1.08
"NLG",135327,"/Date(1701413640000)/",36600,200,736600,27236000000,-400,true,-1.08
"NLG",135327,"/Date(1701413640000)/",36600,500,736400,27229000000,-400,true,-1.08
"NLG",135327,"/Date(1701413640000)/",36600,100,735900,27210000000,-400,true,-1.08
"NLG",135327,"/Date(1701413640000)/",36600,100,735800,27207000000,-400,true,-1.08
"NLG",135327,"/Date(1701413640000)/",36600,200,735700,27203000000,-400,true,-1.08
"NLG",135327,"/Date(1701413640000)/",36600,1200,735500,27196000000,-400,true,-1.08
"NLG",135308,"/Date(1701413620000)/",36600,300,734300,27152000000,-400,true,-1.08
"NLG",135255,"/Date(1701413608000)/",36650,100,734000,27141000000,-350,false,-0.95
"NLG",135252,"/Date(1701413605000)/",36600,2000,733900,27137000000,-400,true,-1.08
"NLG",135249,"/Date(1701413600000)/",36650,1200,731900,27064000000,-350,false,-0.95
"NLG",135249,"/Date(1701413600000)/",36650,300,730700,27020000000,-350,false,-0.95
"NLG",135233,"/Date(1701413585000)/",36600,2000,730400,27009000000,-400,true,-1.08
"NLG",135233,"/Date(1701413584000)/",36600,14500,728400,26936000000,-400,true,-1.08
"NLG",135233,"/Date(1701413584000)/",36600,100,713900,26405000000,-400,true,-1.08
"NLG",135233,"/Date(1701413584000)/",36600,200,713800,26401000000,-400,true,-1.08
"NLG",135233,"/Date(1701413584000)/",36600,200,713600,26394000000,-400,true,-1.08
"NLG",135223,"/Date(1701413575000)/",36650,200,713400,26387000000,-350,false,-0.95
"NLG",135223,"/Date(1701413575000)/",36650,300,713200,26379000000,-350,false,-0.95
"NLG",135207,"/Date(1701413560000)/",36650,100,712900,26368000000,-350,false,-0.95
"NLG",135201,"/Date(1701413555000)/",36650,200,712800,26365000000,-350,false,-0.95
"NLG",135158,"/Date(1701413549000)/",36600,800,712600,26357000000,-400,true,-1.08
"NLG",135158,"/Date(1701413549000)/",36600,1000,711800,26328000000,-400,true,-1.08
"NLG",135107,"/Date(1701413498000)/",36650,2000,710800,26292000000,-350,false,-0.95
"NLG",135107,"/Date(1701413498000)/",36650,200,708800,26218000000,-350,false,-0.95
"NLG",135107,"/Date(1701413498000)/",36650,300,708600,26211000000,-350,false,-0.95
"NLG",135107,"/Date(1701413498000)/",36650,400,708300,26200000000,-350,false,-0.95
"NLG",135107,"/Date(1701413498000)/",36650,500,707900,26185000000,-350,false,-0.95
"NLG",135057,"/Date(1701413490000)/",36700,600,707400,26167000000,-300,false,-0.81
"NLG",135054,"/Date(1701413487000)/",36650,300,706800,26145000000,-350,true,-0.95
"NLG",135054,"/Date(1701413487000)/",36650,100,706500,26134000000,-350,true,-0.95
"NLG",135054,"/Date(1701413487000)/",36650,100,706400,26130000000,-350,true,-0.95
"NLG",135051,"/Date(1701413482000)/",36650,1500,706300,26127000000,-350,true,-0.95
"NLG",135025,"/Date(1701413458000)/",36650,500,704800,26072000000,-350,true,-0.95
"NLG",134950,"/Date(1701413424000)/",36650,700,704300,26053000000,-350,true,-0.95
"NLG",134950,"/Date(1701413424000)/",36650,1000,703600,26028000000,-350,true,-0.95
"NLG",134950,"/Date(1701413424000)/",36650,300,702600,25991000000,-350,true,-0.95
"NLG",134950,"/Date(1701413424000)/",36650,200,702300,25980000000,-350,true,-0.95
"NLG",134950,"/Date(1701413424000)/",36650,500,702100,25973000000,-350,true,-0.95
"NLG",134950,"/Date(1701413424000)/",36650,100,701600,25954000000,-350,true,-0.95
"NLG",134950,"/Date(1701413424000)/",36650,500,701500,25951000000,-350,true,-0.95
"NLG",134950,"/Date(1701413424000)/",36650,500,701000,25932000000,-350,true,-0.95
"NLG",134950,"/Date(1701413424000)/",36650,100,700500,25914000000,-350,true,-0.95
"NLG",134950,"/Date(1701413424000)/",36650,1000,700400,25910000000,-350,true,-0.95
"NLG",134950,"/Date(1701413424000)/",36650,100,699400,25874000000,-350,true,-0.95
"NLG",134941,"/Date(1701413413000)/",36700,100,699300,25870000000,-300,false,-0.81
"NLG",134912,"/Date(1701413384000)/",36700,1000,699200,25866000000,-300,false,-0.81
"NLG",134856,"/Date(1701413367000)/",36700,1000,698200,25830000000,-300,false,-0.81
"NLG",134856,"/Date(1701413367000)/",36700,500,697200,25793000000,-300,false,-0.81
"NLG",134856,"/Date(1701413367000)/",36700,100,696700,25775000000,-300,false,-0.81
"NLG",134856,"/Date(1701413367000)/",36700,100,696600,25771000000,-300,false,-0.81
"NLG",134856,"/Date(1701413367000)/",36700,200,696500,25767000000,-300,false,-0.81
"NLG",134856,"/Date(1701413367000)/",36700,100,696300,25760000000,-300,false,-0.81
"NLG",134853,"/Date(1701413365000)/",36700,500,696200,25756000000,-300,true,-0.81
"NLG",134847,"/Date(1701413360000)/",36700,500,695700,25738000000,-300,true,-0.81
"NLG",134840,"/Date(1701413352000)/",36700,1000,695200,25720000000,-300,true,-0.81
"NLG",134837,"/Date(1701413347000)/",36700,1500,694200,25683000000,-300,true,-0.81
"NLG",134831,"/Date(1701413343000)/",36700,1300,692700,25628000000,-300,true,-0.81
"NLG",134827,"/Date(1701413339000)/",36700,1700,691400,25580000000,-300,true,-0.81
"NLG",134759,"/Date(1701413310000)/",36700,500,689700,25518000000,-300,true,-0.81
"NLG",134752,"/Date(1701413304000)/",36700,1000,689200,25499000000,-300,true,-0.81
"NLG",134746,"/Date(1701413300000)/",36700,300,688200,25463000000,-300,true,-0.81
"NLG",134743,"/Date(1701413295000)/",36700,300,687900,25452000000,-300,true,-0.81
"NLG",134736,"/Date(1701413289000)/",36700,5000,687600,25441000000,-300,true,-0.81
"NLG",134636,"/Date(1701413229000)/",36700,1300,682600,25257000000,-300,true,-0.81
"NLG",134636,"/Date(1701413229000)/",36700,200,681300,25209000000,-300,true,-0.81
"NLG",134636,"/Date(1701413229000)/",36700,6000,681100,25202000000,-300,true,-0.81
"NLG",134636,"/Date(1701413229000)/",36700,800,675100,24982000000,-300,true,-0.81
"NLG",134636,"/Date(1701413229000)/",36700,200,674300,24953000000,-300,true,-0.81
"NLG",134636,"/Date(1701413229000)/",36700,1000,674100,24945000000,-300,true,-0.81
"NLG",134636,"/Date(1701413229000)/",36700,100,673100,24909000000,-300,true,-0.81
"NLG",134636,"/Date(1701413229000)/",36700,400,673000,24905000000,-300,true,-0.81
"NLG",134601,"/Date(1701413193000)/",36700,500,672600,24890000000,-300,true,-0.81
"NLG",134347,"/Date(1701413057000)/",36750,100,672100,24872000000,-250,false,-0.68
"NLG",134315,"/Date(1701413026000)/",36700,100,672000,24868000000,-300,true,-0.81
"NLG",134315,"/Date(1701413026000)/",36700,500,671900,24864000000,-300,true,-0.81
"NLG",134315,"/Date(1701413026000)/",36700,100,671400,24846000000,-300,true,-0.81
"NLG",134315,"/Date(1701413026000)/",36700,100,671300,24842000000,-300,true,-0.81
"NLG",134250,"/Date(1701413000000)/",36750,1000,671200,24839000000,-250,false,-0.68
"NLG",134134,"/Date(1701412926000)/",36700,600,670200,24802000000,-300,false,-0.81
"NLG",134121,"/Date(1701412912000)/",36700,200,669600,24780000000,-300,true,-0.81
"NLG",134121,"/Date(1701412912000)/",36700,200,669400,24773000000,-300,true,-0.81
"NLG",134055,"/Date(1701412886000)/",36700,300,669200,24765000000,-300,false,-0.81
"NLG",134030,"/Date(1701412863000)/",36700,400,668900,24754000000,-300,false,-0.81
"NLG",134027,"/Date(1701412858000)/",36700,100,668500,24740000000,-300,false,-0.81
"NLG",134027,"/Date(1701412858000)/",36700,100,668400,24736000000,-300,false,-0.81
"NLG",134027,"/Date(1701412858000)/",36700,1400,668300,24732000000,-300,false,-0.81
"NLG",134023,"/Date(1701412853000)/",36700,2000,666900,24681000000,-300,true,-0.81
"NLG",134017,"/Date(1701412849000)/",36700,900,664900,24608000000,-300,true,-0.81
"NLG",134001,"/Date(1701412833000)/",36700,4700,664000,24575000000,-300,true,-0.81
"NLG",134001,"/Date(1701412833000)/",36700,500,659300,24402000000,-300,true,-0.81
"NLG",134001,"/Date(1701412833000)/",36700,300,658800,24384000000,-300,true,-0.81
"NLG",134001,"/Date(1701412833000)/",36700,100,658500,24373000000,-300,true,-0.81
"NLG",134001,"/Date(1701412833000)/",36700,100,658400,24369000000,-300,true,-0.81
"NLG",134001,"/Date(1701412833000)/",36700,100,658300,24365000000,-300,true,-0.81
"NLG",134001,"/Date(1701412833000)/",36700,100,658200,24362000000,-300,true,-0.81
"NLG",134001,"/Date(1701412833000)/",36700,100,658100,24358000000,-300,true,-0.81
"NLG",134001,"/Date(1701412833000)/",36700,1000,658000,24354000000,-300,true,-0.81
"NLG",134001,"/Date(1701412833000)/",36700,300,657000,24318000000,-300,true,-0.81
"NLG",134001,"/Date(1701412833000)/",36700,100,656700,24307000000,-300,true,-0.81
"NLG",134001,"/Date(1701412833000)/",36700,100,656600,24303000000,-300,true,-0.81
"NLG",134001,"/Date(1701412833000)/",36700,1000,656500,24299000000,-300,true,-0.81
"NLG",134001,"/Date(1701412833000)/",36700,1000,655500,24263000000,-300,true,-0.81
"NLG",134001,"/Date(1701412833000)/",36700,100,654500,24226000000,-300,true,-0.81
"NLG",134001,"/Date(1701412833000)/",36700,100,654400,24222000000,-300,true,-0.81
"NLG",134001,"/Date(1701412833000)/",36700,5000,654300,24219000000,-300,true,-0.81
"NLG",134001,"/Date(1701412833000)/",36700,500,649300,24035000000,-300,true,-0.81
"NLG",134001,"/Date(1701412833000)/",36700,1000,648800,24017000000,-300,true,-0.81
"NLG",134001,"/Date(1701412833000)/",36700,1000,647800,23980000000,-300,true,-0.81
"NLG",134001,"/Date(1701412833000)/",36700,200,646800,23943000000,-300,true,-0.81
"NLG",134001,"/Date(1701412833000)/",36700,800,646600,23936000000,-300,true,-0.81
"NLG",134001,"/Date(1701412833000)/",36700,100,645800,23907000000,-300,true,-0.81
"NLG",134001,"/Date(1701412833000)/",36700,500,645700,23903000000,-300,true,-0.81
"NLG",134001,"/Date(1701412833000)/",36700,200,645200,23885000000,-300,true,-0.81
"NLG",134001,"/Date(1701412833000)/",36700,1000,645000,23877000000,-300,true,-0.81
"NLG",134001,"/Date(1701412833000)/",36700,200,644000,23841000000,-300,true,-0.81
"NLG",134001,"/Date(1701412833000)/",36700,800,643800,23833000000,-300,true,-0.81
"NLG",133851,"/Date(1701412763000)/",36750,1800,643000,23804000000,-250,false,-0.68
"NLG",133816,"/Date(1701412726000)/",36750,200,641200,23738000000,-250,false,-0.68
"NLG",133810,"/Date(1701412720000)/",36750,1000,641000,23730000000,-250,true,-0.68
"NLG",133810,"/Date(1701412720000)/",36750,800,640000,23694000000,-250,true,-0.68
"NLG",133757,"/Date(1701412709000)/",36750,1000,639200,23664000000,-250,true,-0.68
"NLG",133751,"/Date(1701412702000)/",36750,1700,638200,23627000000,-250,true,-0.68
"NLG",133728,"/Date(1701412679000)/",36750,1500,636500,23565000000,-250,true,-0.68
"NLG",133728,"/Date(1701412679000)/",36750,300,635000,23510000000,-250,true,-0.68
"NLG",133728,"/Date(1701412679000)/",36750,100,634700,23499000000,-250,true,-0.68
"NLG",133728,"/Date(1701412679000)/",36750,100,634600,23495000000,-250,true,-0.68
"NLG",133716,"/Date(1701412667000)/",36750,200,634500,23491000000,-250,true,-0.68
"NLG",133647,"/Date(1701412639000)/",36750,200,634300,23484000000,-250,true,-0.68
"NLG",133625,"/Date(1701412615000)/",36750,200,634100,23477000000,-250,true,-0.68
"NLG",133622,"/Date(1701412613000)/",36750,200,633900,23469000000,-250,true,-0.68
"NLG",133622,"/Date(1701412613000)/",36750,100,633700,23462000000,-250,true,-0.68
"NLG",133622,"/Date(1701412613000)/",36750,100,633600,23458000000,-250,true,-0.68
"NLG",133622,"/Date(1701412613000)/",36750,600,633500,23455000000,-250,true,-0.68
"NLG",133612,"/Date(1701412605000)/",36750,100,632900,23433000000,-250,true,-0.68
"NLG",133609,"/Date(1701412599000)/",36750,1100,632800,23429000000,-250,true,-0.68
"NLG",133609,"/Date(1701412599000)/",36750,300,631700,23389000000,-250,true,-0.68
"NLG",133609,"/Date(1701412599000)/",36750,1400,631400,23378000000,-250,true,-0.68
"NLG",133502,"/Date(1701412533000)/",36750,1600,630000,23326000000,-250,true,-0.68
"NLG",133502,"/Date(1701412533000)/",36750,100,628400,23267000000,-250,true,-0.68
"NLG",133502,"/Date(1701412533000)/",36750,100,628300,23264000000,-250,true,-0.68
"NLG",133502,"/Date(1701412533000)/",36750,200,628200,23260000000,-250,true,-0.68
"NLG",133437,"/Date(1701412508000)/",36750,100,628000,23253000000,-250,true,-0.68
"NLG",133405,"/Date(1701412476000)/",36750,200,627900,23249000000,-250,true,-0.68
"NLG",133352,"/Date(1701412462000)/",36750,1000,627700,23242000000,-250,true,-0.68
"NLG",133252,"/Date(1701412403000)/",36800,4200,626700,23205000000,-200,true,-0.54
"NLG",133242,"/Date(1701412392000)/",36800,3000,622500,23050000000,-200,true,-0.54
"NLG",133236,"/Date(1701412386000)/",36800,2000,619500,22940000000,-200,true,-0.54
"NLG",133226,"/Date(1701412377000)/",36800,100,617500,22866000000,-200,true,-0.54
"NLG",133226,"/Date(1701412377000)/",36800,900,617400,22863000000,-200,true,-0.54
"NLG",133204,"/Date(1701412353000)/",36800,700,616500,22829000000,-200,true,-0.54
"NLG",133154,"/Date(1701412343000)/",36800,900,615800,22804000000,-200,true,-0.54
"NLG",133154,"/Date(1701412343000)/",36800,500,614900,22771000000,-200,true,-0.54
"NLG",133154,"/Date(1701412343000)/",36800,100,614400,22752000000,-200,true,-0.54
"NLG",133154,"/Date(1701412343000)/",36800,100,614300,22748000000,-200,true,-0.54
"NLG",133154,"/Date(1701412343000)/",36800,2400,614200,22745000000,-200,true,-0.54
"NLG",133154,"/Date(1701412343000)/",36800,100,611800,22656000000,-200,true,-0.54
"NLG",133154,"/Date(1701412343000)/",36800,100,611700,22653000000,-200,true,-0.54
"NLG",133154,"/Date(1701412343000)/",36800,1000,611600,22649000000,-200,true,-0.54
"NLG",133154,"/Date(1701412343000)/",36800,100,610600,22612000000,-200,true,-0.54
"NLG",133154,"/Date(1701412343000)/",36800,100,610500,22609000000,-200,true,-0.54
"NLG",133154,"/Date(1701412343000)/",36800,100,610400,22605000000,-200,true,-0.54
"NLG",133154,"/Date(1701412343000)/",36800,1000,610300,22601000000,-200,true,-0.54
"NLG",133154,"/Date(1701412343000)/",36800,500,609300,22564000000,-200,true,-0.54
"NLG",133154,"/Date(1701412343000)/",36800,100,608800,22546000000,-200,true,-0.54
"NLG",133154,"/Date(1701412343000)/",36800,300,608700,22542000000,-200,true,-0.54
"NLG",133151,"/Date(1701412341000)/",36850,200,608400,22531000000,-150,false,-0.41
"NLG",133142,"/Date(1701412332000)/",36850,100,608200,22524000000,-150,false,-0.41
"NLG",133116,"/Date(1701412308000)/",36850,500,608100,22520000000,-150,false,-0.41
"NLG",133110,"/Date(1701412302000)/",36800,200,607600,22502000000,-200,true,-0.54
"NLG",133110,"/Date(1701412302000)/",36800,500,607400,22494000000,-200,true,-0.54
"NLG",133110,"/Date(1701412302000)/",36800,300,606900,22476000000,-200,true,-0.54
"NLG",133044,"/Date(1701412276000)/",36850,200,606600,22465000000,-150,false,-0.41
"NLG",133044,"/Date(1701412276000)/",36850,100,606400,22458000000,-150,false,-0.41
"NLG",133038,"/Date(1701412270000)/",36800,200,606300,22454000000,-200,true,-0.54
"NLG",133000,"/Date(1701412230000)/",36800,400,606100,22447000000,-200,true,-0.54
"NLG",132957,"/Date(1701412228000)/",36850,900,605700,22432000000,-150,false,-0.41
"NLG",132957,"/Date(1701412228000)/",36850,1700,604800,22399000000,-150,false,-0.41
"NLG",132957,"/Date(1701412228000)/",36850,1000,603100,22336000000,-150,false,-0.41
"NLG",132925,"/Date(1701412194000)/",36850,500,602100,22299000000,-150,false,-0.41
"NLG",132925,"/Date(1701412194000)/",36850,500,601600,22281000000,-150,false,-0.41
"NLG",132840,"/Date(1701412151000)/",36800,300,601100,22262000000,-200,true,-0.54
"NLG",132733,"/Date(1701412084000)/",36850,200,600800,22251000000,-150,false,-0.41
"NLG",132714,"/Date(1701412063000)/",36850,300,600600,22244000000,-150,false,-0.41
"NLG",132711,"/Date(1701412062000)/",36800,1700,600300,22233000000,-200,true,-0.54
"NLG",132649,"/Date(1701412039000)/",36800,800,598600,22170000000,-200,true,-0.54
"NLG",132649,"/Date(1701412039000)/",36850,700,597800,22141000000,-150,false,-0.41
"NLG",132642,"/Date(1701412031000)/",36800,1300,597100,22115000000,-200,true,-0.54
"NLG",132642,"/Date(1701412031000)/",36800,400,595800,22067000000,-200,true,-0.54
"NLG",132633,"/Date(1701412024000)/",36800,200,595400,22053000000,-200,true,-0.54
"NLG",132626,"/Date(1701412018000)/",36850,300,595200,22045000000,-150,false,-0.41
"NLG",132626,"/Date(1701412018000)/",36850,300,594900,22034000000,-150,false,-0.41
"NLG",132626,"/Date(1701412018000)/",36850,400,594600,22023000000,-150,false,-0.41
"NLG",132614,"/Date(1701412004000)/",36850,100,594200,22008000000,-150,false,-0.41
"NLG",132614,"/Date(1701412004000)/",36850,100,594100,22005000000,-150,false,-0.41
"NLG",132551,"/Date(1701411982000)/",36850,500,594000,22001000000,-150,false,-0.41
"NLG",132545,"/Date(1701411974000)/",36850,200,593500,21983000000,-150,false,-0.41
"NLG",132539,"/Date(1701411970000)/",36850,3200,593300,21975000000,-150,false,-0.41
"NLG",132520,"/Date(1701411948000)/",36850,100,590100,21857000000,-150,false,-0.41
"NLG",132451,"/Date(1701411920000)/",36850,300,590000,21854000000,-150,false,-0.41
"NLG",132451,"/Date(1701411920000)/",36850,1000,589700,21843000000,-150,false,-0.41
"NLG",132451,"/Date(1701411920000)/",36850,400,588700,21806000000,-150,false,-0.41
"NLG",132441,"/Date(1701411910000)/",36850,500,588300,21791000000,-150,false,-0.41
"NLG",132332,"/Date(1701411842000)/",36850,100,587800,21773000000,-150,false,-0.41
"NLG",132225,"/Date(1701411773000)/",36850,200,587700,21769000000,-150,false,-0.41
"NLG",132209,"/Date(1701411757000)/",36850,100,587500,21761000000,-150,false,-0.41
"NLG",132209,"/Date(1701411757000)/",36850,400,587400,21758000000,-150,false,-0.41
"NLG",132130,"/Date(1701411719000)/",36850,200,587000,21743000000,-150,true,-0.41
"NLG",132130,"/Date(1701411719000)/",36850,1500,586800,21736000000,-150,true,-0.41
"NLG",132055,"/Date(1701411685000)/",36850,1000,585300,21680000000,-150,false,-0.41
"NLG",132036,"/Date(1701411667000)/",36800,400,584300,21644000000,-200,true,-0.54
"NLG",132036,"/Date(1701411667000)/",36800,1000,583900,21629000000,-200,true,-0.54
"NLG",132036,"/Date(1701411667000)/",36800,500,582900,21592000000,-200,true,-0.54
"NLG",132036,"/Date(1701411665000)/",36850,100,582400,21574000000,-150,false,-0.41
"NLG",132027,"/Date(1701411655000)/",36850,100,582300,21570000000,-150,false,-0.41
"NLG",132014,"/Date(1701411642000)/",36850,100,582200,21566000000,-150,false,-0.41
"NLG",132011,"/Date(1701411640000)/",36850,100,582100,21563000000,-150,false,-0.41
"NLG",132004,"/Date(1701411632000)/",36850,200,582000,21559000000,-150,false,-0.41
"NLG",131952,"/Date(1701411621000)/",36850,1900,581800,21552000000,-150,false,-0.41
"NLG",131952,"/Date(1701411621000)/",36850,100,579900,21482000000,-150,false,-0.41
"NLG",131952,"/Date(1701411621000)/",36850,1000,579800,21478000000,-150,false,-0.41
"NLG",131936,"/Date(1701411605000)/",36850,100,578800,21441000000,-150,false,-0.41
"NLG",131923,"/Date(1701411594000)/",36850,100,578700,21437000000,-150,false,-0.41
"NLG",131920,"/Date(1701411584000)/",36850,100,578600,21434000000,-150,false,-0.41
"NLG",131920,"/Date(1701411584000)/",36850,900,578500,21430000000,-150,false,-0.41
"NLG",131609,"/Date(1701411398000)/",36700,2000,577600,21397000000,-300,true,-0.81
"NLG",131550,"/Date(1701411378000)/",36700,300,575600,21323000000,-300,true,-0.81
"NLG",131544,"/Date(1701411372000)/",36700,2900,575300,21312000000,-300,true,-0.81
"NLG",131544,"/Date(1701411372000)/",36700,3100,572400,21206000000,-300,true,-0.81
"NLG",131544,"/Date(1701411372000)/",36750,100,569300,21092000000,-250,true,-0.68
"NLG",131544,"/Date(1701411372000)/",36750,200,569200,21088000000,-250,true,-0.68
"NLG",131544,"/Date(1701411372000)/",36750,1000,569000,21081000000,-250,true,-0.68
"NLG",131544,"/Date(1701411372000)/",36750,100,568000,21044000000,-250,true,-0.68
"NLG",131544,"/Date(1701411372000)/",36750,100,567900,21041000000,-250,true,-0.68
"NLG",131544,"/Date(1701411372000)/",36750,3800,567800,21037000000,-250,true,-0.68
"NLG",131544,"/Date(1701411372000)/",36800,500,564000,20897000000,-200,true,-0.54
"NLG",131544,"/Date(1701411372000)/",36800,1000,563500,20879000000,-200,true,-0.54
"NLG",131544,"/Date(1701411372000)/",36800,100,562500,20842000000,-200,true,-0.54
"NLG",131544,"/Date(1701411372000)/",36800,100,562400,20839000000,-200,true,-0.54
"NLG",131459,"/Date(1701411330000)/",36850,200,562300,20835000000,-150,false,-0.41
"NLG",131434,"/Date(1701411303000)/",36850,600,562100,20827000000,-150,false,-0.41
"NLG",131434,"/Date(1701411303000)/",36850,100,561500,20805000000,-150,false,-0.41
"NLG",131427,"/Date(1701411296000)/",36800,900,561400,20802000000,-200,false,-0.54
"NLG",131421,"/Date(1701411289000)/",36800,500,560500,20769000000,-200,false,-0.54
"NLG",131415,"/Date(1701411283000)/",36800,500,560000,20750000000,-200,false,-0.54
"NLG",131411,"/Date(1701411281000)/",36800,100,559500,20732000000,-200,false,-0.54
"NLG",131411,"/Date(1701411281000)/",36800,100,559400,20728000000,-200,false,-0.54
"NLG",131356,"/Date(1701411264000)/",36800,1000,559300,20724000000,-200,false,-0.54
"NLG",131356,"/Date(1701411264000)/",36800,100,558300,20688000000,-200,false,-0.54
"NLG",131352,"/Date(1701411262000)/",36800,500,558200,20684000000,-200,false,-0.54
"NLG",131349,"/Date(1701411259000)/",36800,500,557700,20665000000,-200,false,-0.54
"NLG",131343,"/Date(1701411251000)/",36800,400,557200,20647000000,-200,false,-0.54
"NLG",131340,"/Date(1701411249000)/",36800,200,556800,20632000000,-200,false,-0.54
"NLG",131336,"/Date(1701411245000)/",36800,100,556600,20625000000,-200,false,-0.54
"NLG",131333,"/Date(1701411244000)/",36800,100,556500,20621000000,-200,false,-0.54
"NLG",131321,"/Date(1701411229000)/",36850,1600,556400,20618000000,-150,false,-0.41
"NLG",131321,"/Date(1701411229000)/",36850,300,554800,20559000000,-150,false,-0.41
"NLG",131321,"/Date(1701411229000)/",36850,1700,554500,20548000000,-150,false,-0.41
"NLG",131321,"/Date(1701411229000)/",36850,1000,552800,20485000000,-150,false,-0.41
"NLG",131321,"/Date(1701411229000)/",36800,500,551800,20448000000,-200,false,-0.54
"NLG",131321,"/Date(1701411229000)/",36800,900,551300,20430000000,-200,false,-0.54
"NLG",131305,"/Date(1701411213000)/",36800,2100,550400,20397000000,-200,false,-0.54
"NLG",131305,"/Date(1701411213000)/",36800,900,548300,20319000000,-200,false,-0.54
"NLG",131258,"/Date(1701411208000)/",36800,500,547400,20286000000,-200,false,-0.54
"NLG",131207,"/Date(1701411157000)/",36750,200,546900,20268000000,-250,true,-0.68
"NLG",131207,"/Date(1701411157000)/",36750,1000,546700,20260000000,-250,true,-0.68
"NLG",131201,"/Date(1701411148000)/",36750,100,545700,20224000000,-250,false,-0.68
"NLG",131201,"/Date(1701411148000)/",36750,900,545600,20220000000,-250,false,-0.68
"NLG",131158,"/Date(1701411147000)/",36750,1500,544700,20187000000,-250,false,-0.68
"NLG",131158,"/Date(1701411147000)/",36750,500,543200,20132000000,-250,false,-0.68
"NLG",131151,"/Date(1701411141000)/",36750,200,542700,20113000000,-250,false,-0.68
"NLG",131151,"/Date(1701411140000)/",36750,1000,542500,20106000000,-250,false,-0.68
"NLG",131145,"/Date(1701411133000)/",36750,100,541500,20069000000,-250,false,-0.68
"NLG",131142,"/Date(1701411129000)/",36750,1000,541400,20066000000,-250,false,-0.68
"NLG",131139,"/Date(1701411128000)/",36750,500,540400,20029000000,-250,false,-0.68
"NLG",131139,"/Date(1701411126000)/",36750,2000,539900,20011000000,-250,false,-0.68
"NLG",131113,"/Date(1701411101000)/",36750,600,537900,19937000000,-250,false,-0.68
"NLG",131101,"/Date(1701411088000)/",36750,100,537300,19915000000,-250,false,-0.68
"NLG",131048,"/Date(1701411076000)/",36750,200,537200,19911000000,-250,false,-0.68
"NLG",131022,"/Date(1701411050000)/",36750,900,537000,19904000000,-250,false,-0.68
"NLG",131019,"/Date(1701411047000)/",36750,100,536100,19871000000,-250,false,-0.68
"NLG",130944,"/Date(1701411014000)/",36750,400,536000,19867000000,-250,true,-0.68
"NLG",130825,"/Date(1701410934000)/",36700,6900,535600,19853000000,-300,true,-0.81
"NLG",130825,"/Date(1701410934000)/",36700,100,528700,19599000000,-300,true,-0.81
"NLG",130825,"/Date(1701410934000)/",36700,500,528600,19596000000,-300,true,-0.81
"NLG",130825,"/Date(1701410934000)/",36750,100,528100,19577000000,-250,false,-0.68
"NLG",130740,"/Date(1701410889000)/",36700,500,528000,19574000000,-300,true,-0.81
"NLG",130740,"/Date(1701410889000)/",36700,500,527500,19555000000,-300,true,-0.81
"NLG",130740,"/Date(1701410889000)/",36700,500,527000,19537000000,-300,true,-0.81
"NLG",130740,"/Date(1701410889000)/",36700,500,526500,19519000000,-300,true,-0.81
"NLG",130740,"/Date(1701410889000)/",36700,500,526000,19500000000,-300,true,-0.81
"NLG",130740,"/Date(1701410889000)/",36700,500,525500,19482000000,-300,true,-0.81
"NLG",130740,"/Date(1701410889000)/",36700,500,525000,19464000000,-300,true,-0.81
"NLG",130740,"/Date(1701410889000)/",36700,500,524500,19445000000,-300,true,-0.81
"NLG",130740,"/Date(1701410889000)/",36700,1000,524000,19427000000,-300,true,-0.81
"NLG",130740,"/Date(1701410889000)/",36700,100,523000,19390000000,-300,true,-0.81
"NLG",130740,"/Date(1701410889000)/",36700,100,522900,19386000000,-300,true,-0.81
"NLG",130740,"/Date(1701410889000)/",36700,500,522800,19383000000,-300,true,-0.81
"NLG",130740,"/Date(1701410889000)/",36700,100,522300,19364000000,-300,true,-0.81
"NLG",130740,"/Date(1701410889000)/",36700,200,522200,19361000000,-300,true,-0.81
"NLG",130649,"/Date(1701410838000)/",36700,800,522000,19353000000,-300,true,-0.81
"NLG",130649,"/Date(1701410838000)/",36700,1200,521200,19324000000,-300,true,-0.81
"NLG",130640,"/Date(1701410828000)/",36700,300,520000,19280000000,-300,true,-0.81
"NLG",130637,"/Date(1701410823000)/",36700,1500,519700,19269000000,-300,true,-0.81
"NLG",130637,"/Date(1701410823000)/",36700,1000,518200,19214000000,-300,true,-0.81
"NLG",130637,"/Date(1701410823000)/",36700,300,517200,19177000000,-300,true,-0.81
"NLG",130637,"/Date(1701410823000)/",36700,200,516900,19166000000,-300,true,-0.81
"NLG",130637,"/Date(1701410823000)/",36700,100,516700,19159000000,-300,true,-0.81
"NLG",130637,"/Date(1701410823000)/",36700,200,516600,19155000000,-300,true,-0.81
"NLG",130637,"/Date(1701410823000)/",36700,1000,516400,19148000000,-300,true,-0.81
"NLG",130637,"/Date(1701410823000)/",36700,200,515400,19111000000,-300,true,-0.81
"NLG",130637,"/Date(1701410823000)/",36700,200,515200,19104000000,-300,true,-0.81
"NLG",130637,"/Date(1701410823000)/",36750,300,515000,19097000000,-250,false,-0.68
"NLG",130627,"/Date(1701410815000)/",36700,200,514700,19086000000,-300,true,-0.81
"NLG",130627,"/Date(1701410815000)/",36700,1000,514500,19078000000,-300,true,-0.81
"NLG",130627,"/Date(1701410815000)/",36750,1200,513500,19041000000,-250,false,-0.68
"NLG",130627,"/Date(1701410815000)/",36750,1000,512300,18997000000,-250,false,-0.68
"NLG",130627,"/Date(1701410815000)/",36750,200,511300,18961000000,-250,false,-0.68
"NLG",130627,"/Date(1701410815000)/",36750,400,511100,18953000000,-250,false,-0.68
"NLG",130627,"/Date(1701410815000)/",36750,500,510700,18939000000,-250,false,-0.68
"NLG",130627,"/Date(1701410815000)/",36750,500,510200,18920000000,-250,false,-0.68
"NLG",130611,"/Date(1701410800000)/",36750,5000,509700,18902000000,-250,true,-0.68
"NLG",130608,"/Date(1701410797000)/",36800,600,504700,18718000000,-200,false,-0.54
"NLG",130559,"/Date(1701410787000)/",36800,400,504100,18696000000,-200,true,-0.54
"NLG",130552,"/Date(1701410779000)/",36800,500,503700,18681000000,-200,false,-0.54
"NLG",130530,"/Date(1701410760000)/",36800,100,503200,18663000000,-200,true,-0.54
"NLG",130401,"/Date(1701410668000)/",36750,500,503100,18659000000,-250,true,-0.68
"NLG",130401,"/Date(1701410668000)/",36750,200,502600,18641000000,-250,true,-0.68
"NLG",130401,"/Date(1701410668000)/",36750,100,502400,18633000000,-250,true,-0.68
"NLG",130401,"/Date(1701410668000)/",36750,300,502300,18630000000,-250,true,-0.68
"NLG",130401,"/Date(1701410668000)/",36750,300,502000,18619000000,-250,true,-0.68
"NLG",130401,"/Date(1701410668000)/",36800,300,501700,18608000000,-200,false,-0.54
"NLG",130355,"/Date(1701410662000)/",36800,300,501400,18597000000,-200,false,-0.54
"NLG",130348,"/Date(1701410657000)/",36800,100,501100,18586000000,-200,false,-0.54
"NLG",130348,"/Date(1701410656000)/",36800,100,501000,18582000000,-200,false,-0.54
"NLG",130348,"/Date(1701410656000)/",36800,900,500900,18578000000,-200,false,-0.54
"NLG",130345,"/Date(1701410654000)/",36800,1000,500000,18545000000,-200,false,-0.54
"NLG",130345,"/Date(1701410653000)/",36800,100,499000,18508000000,-200,false,-0.54
"NLG",130342,"/Date(1701410648000)/",36800,100,498900,18505000000,-200,false,-0.54
"NLG",130339,"/Date(1701410648000)/",36800,200,498800,18501000000,-200,false,-0.54
"NLG",130332,"/Date(1701410641000)/",36800,1700,498600,18494000000,-200,false,-0.54
"NLG",130332,"/Date(1701410641000)/",36800,300,496900,18431000000,-200,false,-0.54
"NLG",130326,"/Date(1701410634000)/",36800,100,496600,18420000000,-200,false,-0.54
"NLG",130317,"/Date(1701410625000)/",36750,1000,496500,18416000000,-250,true,-0.68
"NLG",130242,"/Date(1701410588000)/",36750,100,495500,18380000000,-250,true,-0.68
"NLG",130232,"/Date(1701410582000)/",36750,3000,495400,18376000000,-250,true,-0.68
"NLG",130216,"/Date(1701410563000)/",36800,100,492400,18266000000,-200,false,-0.54
"NLG",130207,"/Date(1701410554000)/",36750,300,492300,18262000000,-250,true,-0.68
"NLG",130154,"/Date(1701410540000)/",36750,100,492000,18251000000,-250,true,-0.68
"NLG",130135,"/Date(1701410523000)/",36750,200,491900,18247000000,-250,true,-0.68
"NLG",130135,"/Date(1701410523000)/",36750,200,491700,18240000000,-250,true,-0.68
"NLG",130135,"/Date(1701410523000)/",36750,200,491500,18233000000,-250,true,-0.68
"NLG",130135,"/Date(1701410523000)/",36750,400,491300,18225000000,-250,true,-0.68
"NLG",130125,"/Date(1701410514000)/",36800,300,490900,18211000000,-200,false,-0.54
"NLG",130112,"/Date(1701410500000)/",36800,200,490600,18200000000,-200,false,-0.54
"NLG",130050,"/Date(1701410479000)/",36800,400,490400,18192000000,-200,false,-0.54
"NLG",130037,"/Date(1701410466000)/",36800,100,490000,18177000000,-200,false,-0.54
"NLG",130018,"/Date(1701410416000)/",36800,100,489900,18174000000,-200,false,-0.54
"NLG",130018,"/Date(1701410415000)/",36800,200,489800,18170000000,-200,false,-0.54
"NLG",130012,"/Date(1701410409000)/",36800,200,489600,18163000000,-200,false,-0.54
"NLG",130012,"/Date(1701410408000)/",36800,100,489400,18155000000,-200,false,-0.54
"NLG",130012,"/Date(1701410405000)/",36800,300,489300,18152000000,-200,false,-0.54
"NLG",130009,"/Date(1701410403000)/",36800,100,489000,18141000000,-200,true,-0.54
"NLG",130009,"/Date(1701410402000)/",36800,1000,488900,18137000000,-200,true,-0.54
"NLG",130009,"/Date(1701410402000)/",36800,100,487900,18100000000,-200,true,-0.54
"NLG",130009,"/Date(1701410402000)/",36800,100,487800,18096000000,-200,true,-0.54
"NLG",130009,"/Date(1701410402000)/",36800,400,487700,18093000000,-200,true,-0.54
"NLG",130009,"/Date(1701410402000)/",36800,100,487300,18078000000,-200,true,-0.54
"NLG",130009,"/Date(1701410402000)/",36800,200,487200,18074000000,-200,true,-0.54
"NLG",130006,"/Date(1701410400000)/",36800,300,487000,18067000000,-200,true,-0.54
"NLG",130006,"/Date(1701410400000)/",36800,100,486700,18056000000,-200,true,-0.54
"NLG",130006,"/Date(1701410400000)/",36800,200,486600,18052000000,-200,true,-0.54
"NLG",130006,"/Date(1701410400000)/",36800,200,486400,18045000000,-200,true,-0.54
"NLG",130002,"/Date(1701410400000)/",36800,500,486200,18038000000,-200,true,-0.54
"NLG",130002,"/Date(1701410400000)/",36800,1300,485700,18019000000,-200,true,-0.54
"NLG",130002,"/Date(1701410400000)/",36800,100,484400,17971000000,-200,true,-0.54
"NLG",130002,"/Date(1701410400000)/",36800,100,484300,17968000000,-200,true,-0.54
"NLG",130002,"/Date(1701410400000)/",36800,700,484200,17964000000,-200,true,-0.54
"NLG",112913,"/Date(1701404972000)/",36800,2300,483500,17938000000,-200,true,-0.54
"NLG",112913,"/Date(1701404972000)/",36800,200,481200,17854000000,-200,true,-0.54
"NLG",112854,"/Date(1701404946000)/",36800,3000,481000,17846000000,-200,true,-0.54
"NLG",112838,"/Date(1701404938000)/",36800,700,478000,17736000000,-200,true,-0.54
"NLG",112838,"/Date(1701404936000)/",36850,100,477300,17710000000,-150,false,-0.41
"NLG",112825,"/Date(1701404924000)/",36800,600,477200,17706000000,-200,true,-0.54
"NLG",112819,"/Date(1701404919000)/",36850,200,476600,17684000000,-150,false,-0.41
"NLG",112728,"/Date(1701404868000)/",36850,1100,476400,17677000000,-150,false,-0.41
"NLG",112725,"/Date(1701404864000)/",36800,4000,475300,17636000000,-200,true,-0.54
"NLG",112653,"/Date(1701404832000)/",36800,1600,471300,17489000000,-200,true,-0.54
"NLG",112640,"/Date(1701404818000)/",36850,100,469700,17430000000,-150,false,-0.41
"NLG",112631,"/Date(1701404809000)/",36800,500,469600,17427000000,-200,true,-0.54
"NLG",112631,"/Date(1701404809000)/",36800,1000,469100,17408000000,-200,true,-0.54
"NLG",112627,"/Date(1701404806000)/",36800,1100,468100,17371000000,-200,true,-0.54
"NLG",112608,"/Date(1701404787000)/",36800,3800,467000,17331000000,-200,true,-0.54
"NLG",112537,"/Date(1701404756000)/",36850,100,463200,17191000000,-150,false,-0.41
"NLG",112521,"/Date(1701404740000)/",36850,100,463100,17187000000,-150,false,-0.41
"NLG",112427,"/Date(1701404687000)/",36850,200,463000,17184000000,-150,false,-0.41
"NLG",112411,"/Date(1701404670000)/",36850,100,462800,17176000000,-150,false,-0.41
"NLG",112355,"/Date(1701404654000)/",36800,3500,462700,17173000000,-200,true,-0.54
"NLG",112355,"/Date(1701404654000)/",36800,1000,459200,17044000000,-200,true,-0.54
"NLG",112355,"/Date(1701404653000)/",36800,500,458200,17007000000,-200,true,-0.54
"NLG",112352,"/Date(1701404649000)/",36850,1000,457700,16989000000,-150,false,-0.41
"NLG",112345,"/Date(1701404645000)/",36850,100,456700,16952000000,-150,false,-0.41
"NLG",112339,"/Date(1701404639000)/",36850,500,456600,16948000000,-150,false,-0.41
"NLG",112339,"/Date(1701404638000)/",36800,500,456100,16930000000,-200,true,-0.54
"NLG",112339,"/Date(1701404638000)/",36800,500,455600,16911000000,-200,true,-0.54
"NLG",112330,"/Date(1701404627000)/",36850,100,455100,16893000000,-150,false,-0.41
"NLG",112320,"/Date(1701404618000)/",36850,1200,455000,16889000000,-150,false,-0.41
"NLG",112317,"/Date(1701404616000)/",36850,100,453800,16845000000,-150,false,-0.41
"NLG",112245,"/Date(1701404584000)/",36850,100,453700,16841000000,-150,true,-0.41
"NLG",112245,"/Date(1701404584000)/",36850,2000,453600,16838000000,-150,true,-0.41
"NLG",112245,"/Date(1701404584000)/",36850,200,451600,16764000000,-150,true,-0.41
"NLG",112245,"/Date(1701404584000)/",36850,2000,451400,16757000000,-150,true,-0.41
"NLG",112245,"/Date(1701404584000)/",36850,400,449400,16683000000,-150,true,-0.41
"NLG",112245,"/Date(1701404584000)/",36850,200,449000,16668000000,-150,true,-0.41
"NLG",112245,"/Date(1701404584000)/",36850,100,448800,16661000000,-150,true,-0.41
"NLG",112245,"/Date(1701404584000)/",36850,800,448700,16657000000,-150,true,-0.41
"NLG",112245,"/Date(1701404584000)/",36900,100,447900,16628000000,-100,true,-0.27
"NLG",112245,"/Date(1701404584000)/",36900,6000,447800,16624000000,-100,true,-0.27
"NLG",112245,"/Date(1701404584000)/",36900,100,441800,16403000000,-100,true,-0.27
"NLG",112245,"/Date(1701404584000)/",36900,200,441700,16399000000,-100,true,-0.27
"NLG",112245,"/Date(1701404584000)/",36900,1000,441500,16391000000,-100,true,-0.27
"NLG",112245,"/Date(1701404584000)/",36900,2000,440500,16355000000,-100,true,-0.27
"NLG",112245,"/Date(1701404584000)/",36900,100,438500,16281000000,-100,true,-0.27
"NLG",112245,"/Date(1701404584000)/",36900,100,438400,16277000000,-100,true,-0.27
"NLG",112245,"/Date(1701404584000)/",36900,1900,438300,16273000000,-100,true,-0.27
"NLG",112245,"/Date(1701404584000)/",36900,20000,436400,16203000000,-100,true,-0.27
"NLG",112245,"/Date(1701404584000)/",36900,300,416400,15465000000,-100,true,-0.27
"NLG",112245,"/Date(1701404584000)/",36900,200,416100,15454000000,-100,true,-0.27
"NLG",112245,"/Date(1701404584000)/",36950,600,415900,15447000000,-50,true,-0.14
"NLG",112245,"/Date(1701404584000)/",36950,3600,415300,15425000000,-50,true,-0.14
"NLG",112239,"/Date(1701404578000)/",36950,400,411700,15292000000,-50,true,-0.14
"NLG",112236,"/Date(1701404575000)/",36950,100,411300,15277000000,-50,true,-0.14
"NLG",112236,"/Date(1701404575000)/",36950,100,411200,15273000000,-50,true,-0.14
"NLG",112236,"/Date(1701404575000)/",36950,500,411100,15269000000,-50,true,-0.14
"NLG",112236,"/Date(1701404575000)/",36950,600,410600,15251000000,-50,true,-0.14
"NLG",112204,"/Date(1701404541000)/",36950,300,410000,15229000000,-50,true,-0.14
"NLG",112157,"/Date(1701404536000)/",36950,100,409700,15218000000,-50,true,-0.14
"NLG",112157,"/Date(1701404536000)/",36950,200,409600,15214000000,-50,true,-0.14
"NLG",112157,"/Date(1701404536000)/",36950,200,409400,15207000000,-50,true,-0.14
"NLG",112157,"/Date(1701404536000)/",36950,100,409200,15199000000,-50,true,-0.14
"NLG",112157,"/Date(1701404536000)/",36950,400,409100,15196000000,-50,true,-0.14
"NLG",112044,"/Date(1701404463000)/",36950,200,408700,15181000000,-50,true,-0.14
"NLG",111837,"/Date(1701404335000)/",36950,500,408500,15173000000,-50,true,-0.14
"NLG",111831,"/Date(1701404330000)/",36950,200,408000,15155000000,-50,true,-0.14
"NLG",111825,"/Date(1701404323000)/",36950,100,407800,15148000000,-50,true,-0.14
"NLG",111805,"/Date(1701404302000)/",36950,8500,407700,15144000000,-50,true,-0.14
"NLG",111731,"/Date(1701404269000)/",36950,100,399200,14830000000,-50,true,-0.14
"NLG",111652,"/Date(1701404230000)/",37000,500,399100,14826000000,0,false,0
"NLG",111611,"/Date(1701404190000)/",37000,400,398600,14808000000,0,false,0
"NLG",111611,"/Date(1701404190000)/",37000,700,398200,14793000000,0,false,0
"NLG",111558,"/Date(1701404176000)/",37000,700,397500,14767000000,0,true,0
"NLG",111543,"/Date(1701404162000)/",37000,700,396800,14741000000,0,true,0
"NLG",111530,"/Date(1701404148000)/",37000,500,396100,14715000000,0,true,0
"NLG",111530,"/Date(1701404148000)/",37000,100,395600,14697000000,0,true,0
"NLG",111530,"/Date(1701404148000)/",37000,100,395500,14693000000,0,true,0
"NLG",111514,"/Date(1701404133000)/",37000,700,395400,14689000000,0,true,0
"NLG",111511,"/Date(1701404129000)/",37000,500,394700,14663000000,0,true,0
"NLG",111511,"/Date(1701404129000)/",37000,2100,394200,14645000000,0,true,0
"NLG",111501,"/Date(1701404119000)/",37000,700,392100,14567000000,0,true,0
"NLG",111449,"/Date(1701404105000)/",37000,700,391400,14541000000,0,true,0
"NLG",111436,"/Date(1701404093000)/",37000,1500,390700,14515000000,0,true,0
"NLG",111436,"/Date(1701404093000)/",37000,500,389200,14460000000,0,true,0
"NLG",111432,"/Date(1701404091000)/",37000,700,388700,14441000000,0,true,0
"NLG",111420,"/Date(1701404077000)/",37000,300,388000,14415000000,0,true,0
"NLG",111420,"/Date(1701404077000)/",37000,100,387700,14404000000,0,true,0
"NLG",111420,"/Date(1701404077000)/",37000,100,387600,14401000000,0,true,0
"NLG",111420,"/Date(1701404077000)/",37000,100,387500,14397000000,0,true,0
"NLG",111420,"/Date(1701404077000)/",37000,100,387400,14393000000,0,true,0
"NLG",111417,"/Date(1701404074000)/",37000,100,387300,14389000000,0,true,0
"NLG",111404,"/Date(1701404063000)/",37000,300,387200,14386000000,0,true,0
"NLG",111404,"/Date(1701404063000)/",37000,200,386900,14375000000,0,true,0
"NLG",111404,"/Date(1701404063000)/",37000,200,386700,14367000000,0,true,0
"NLG",111401,"/Date(1701404058000)/",37000,200,386500,14360000000,0,true,0
"NLG",111358,"/Date(1701404055000)/",37000,300,386300,14352000000,0,true,0
"NLG",111351,"/Date(1701404049000)/",37000,500,386000,14341000000,0,true,0
"NLG",111351,"/Date(1701404049000)/",37000,200,385500,14323000000,0,true,0
"NLG",111342,"/Date(1701404039000)/",37000,100,385300,14315000000,0,true,0
"NLG",111338,"/Date(1701404035000)/",37000,700,385200,14312000000,0,true,0
"NLG",111323,"/Date(1701404021000)/",37000,700,384500,14286000000,0,true,0
"NLG",111310,"/Date(1701404007000)/",37000,700,383800,14260000000,0,true,0
"NLG",111254,"/Date(1701403993000)/",37000,700,383100,14234000000,0,true,0
"NLG",111241,"/Date(1701403979000)/",37000,400,382400,14208000000,0,true,0
"NLG",111241,"/Date(1701403979000)/",37000,300,382000,14193000000,0,true,0
"NLG",111225,"/Date(1701403964000)/",37000,600,381700,14182000000,0,true,0
"NLG",111225,"/Date(1701403964000)/",37000,100,381100,14160000000,0,true,0
"NLG",111212,"/Date(1701403950000)/",37000,100,381000,14156000000,0,true,0
"NLG",111212,"/Date(1701403950000)/",37000,600,380900,14153000000,0,true,0
"NLG",111200,"/Date(1701403936000)/",37000,700,380300,14130000000,0,true,0
"NLG",111144,"/Date(1701403922000)/",37000,700,379600,14105000000,0,true,0
"NLG",111141,"/Date(1701403918000)/",37100,100,378900,14079000000,100,false,0.27
"NLG",111131,"/Date(1701403908000)/",37000,700,378800,14075000000,0,true,0
"NLG",111115,"/Date(1701403894000)/",37000,700,378100,14049000000,0,true,0
"NLG",111103,"/Date(1701403880000)/",37000,700,377400,14023000000,0,true,0
"NLG",111056,"/Date(1701403875000)/",37000,100,376700,13997000000,0,true,0
"NLG",111050,"/Date(1701403866000)/",37000,700,376600,13994000000,0,true,0
"NLG",111034,"/Date(1701403852000)/",37000,700,375900,13968000000,0,true,0
"NLG",111021,"/Date(1701403838000)/",37000,400,375200,13942000000,0,true,0
"NLG",111021,"/Date(1701403838000)/",37000,300,374800,13927000000,0,true,0
"NLG",111018,"/Date(1701403834000)/",37000,100,374500,13916000000,0,true,0
"NLG",111005,"/Date(1701403824000)/",37000,700,374400,13912000000,0,true,0
"NLG",110953,"/Date(1701403810000)/",37000,700,373700,13886000000,0,true,0
"NLG",110937,"/Date(1701403795000)/",37000,700,373000,13860000000,0,true,0
"NLG",110924,"/Date(1701403781000)/",37000,700,372300,13834000000,0,true,0
"NLG",110924,"/Date(1701403781000)/",37000,300,371600,13809000000,0,true,0
"NLG",110908,"/Date(1701403767000)/",37000,700,371300,13797000000,0,true,0
"NLG",110856,"/Date(1701403753000)/",37000,500,370600,13772000000,0,true,0
"NLG",110856,"/Date(1701403753000)/",37050,200,370100,13753000000,50,false,0.14
"NLG",110856,"/Date(1701403753000)/",37050,400,369900,13746000000,50,false,0.14
"NLG",110856,"/Date(1701403753000)/",37050,400,369500,13731000000,50,false,0.14
"NLG",110843,"/Date(1701403739000)/",37050,300,369100,13716000000,50,true,0.14
"NLG",110827,"/Date(1701403725000)/",37000,300,368800,13705000000,0,true,0
"NLG",110827,"/Date(1701403725000)/",37000,200,368500,13694000000,0,true,0
"NLG",110827,"/Date(1701403725000)/",37000,200,368300,13686000000,0,true,0
"NLG",110814,"/Date(1701403711000)/",37000,200,368100,13679000000,0,true,0
"NLG",110814,"/Date(1701403711000)/",37000,500,367900,13672000000,0,true,0
"NLG",110758,"/Date(1701403697000)/",37000,700,367400,13653000000,0,true,0
"NLG",110746,"/Date(1701403683000)/",37000,300,366700,13627000000,0,true,0
"NLG",110746,"/Date(1701403683000)/",37000,100,366400,13616000000,0,true,0
"NLG",110746,"/Date(1701403683000)/",37000,300,366300,13612000000,0,true,0
"NLG",110733,"/Date(1701403669000)/",37000,700,366000,13601000000,0,true,0
"NLG",110717,"/Date(1701403655000)/",37000,200,365300,13575000000,0,true,0
"NLG",110717,"/Date(1701403655000)/",37000,500,365100,13568000000,0,true,0
"NLG",110714,"/Date(1701403651000)/",37000,100,364600,13549000000,0,true,0
"NLG",110714,"/Date(1701403651000)/",37000,900,364500,13546000000,0,true,0
"NLG",110704,"/Date(1701403640000)/",37000,700,363600,13512000000,0,true,0
"NLG",110649,"/Date(1701403626000)/",37000,200,362900,13487000000,0,true,0
"NLG",110649,"/Date(1701403626000)/",37000,100,362700,13479000000,0,true,0
"NLG",110649,"/Date(1701403626000)/",37000,200,362600,13475000000,0,true,0
"NLG",110649,"/Date(1701403626000)/",37000,200,362400,13468000000,0,true,0
"NLG",110636,"/Date(1701403612000)/",37000,400,362200,13461000000,0,true,0
"NLG",110636,"/Date(1701403612000)/",37000,300,361800,13446000000,0,true,0
"NLG",110620,"/Date(1701403598000)/",37000,300,361500,13435000000,0,true,0
"NLG",110620,"/Date(1701403598000)/",37000,400,361200,13424000000,0,true,0
"NLG",110607,"/Date(1701403584000)/",37000,100,360800,13409000000,0,true,0
"NLG",110607,"/Date(1701403584000)/",37000,600,360700,13405000000,0,true,0
"NLG",110551,"/Date(1701403570000)/",37000,700,360100,13383000000,0,true,0
"NLG",110539,"/Date(1701403556000)/",37000,700,359400,13357000000,0,true,0
"NLG",110526,"/Date(1701403542000)/",37000,700,358700,13331000000,0,true,0
"NLG",110510,"/Date(1701403528000)/",37000,700,358000,13305000000,0,true,0
"NLG",110457,"/Date(1701403514000)/",37000,700,357300,13279000000,0,true,0
"NLG",110448,"/Date(1701403506000)/",37000,200,356600,13253000000,0,true,0
"NLG",110445,"/Date(1701403500000)/",37000,700,356400,13246000000,0,true,0
"NLG",110432,"/Date(1701403488000)/",37000,100,355700,13220000000,0,true,0
"NLG",110429,"/Date(1701403486000)/",37000,700,355600,13216000000,0,true,0
"NLG",110429,"/Date(1701403486000)/",37050,100,354900,13191000000,50,false,0.14
"NLG",110419,"/Date(1701403477000)/",37050,300,354800,13187000000,50,false,0.14
"NLG",110413,"/Date(1701403471000)/",37000,700,354500,13176000000,0,true,0
"NLG",110410,"/Date(1701403466000)/",37050,200,353800,13150000000,50,true,0.14
"NLG",110410,"/Date(1701403466000)/",37050,700,353600,13142000000,50,true,0.14
"NLG",110403,"/Date(1701403460000)/",37050,300,352900,13117000000,50,false,0.14
"NLG",110400,"/Date(1701403457000)/",37050,400,352600,13105000000,50,false,0.14
"NLG",110357,"/Date(1701403453000)/",37050,1000,352200,13091000000,50,true,0.14
"NLG",110357,"/Date(1701403453000)/",37050,600,351200,13054000000,50,true,0.14
"NLG",110347,"/Date(1701403443000)/",37000,500,350600,13031000000,0,true,0
"NLG",110347,"/Date(1701403443000)/",37000,100,350100,13013000000,0,true,0
"NLG",110347,"/Date(1701403443000)/",37000,100,350000,13009000000,0,true,0
"NLG",110331,"/Date(1701403429000)/",37000,500,349900,13005000000,0,true,0
"NLG",110331,"/Date(1701403429000)/",37000,200,349400,12987000000,0,true,0
"NLG",110319,"/Date(1701403415000)/",37000,300,349200,12980000000,0,true,0
"NLG",110319,"/Date(1701403415000)/",37000,400,348900,12968000000,0,true,0
"NLG",110303,"/Date(1701403401000)/",37000,100,348500,12954000000,0,true,0
"NLG",110303,"/Date(1701403401000)/",37000,600,348400,12950000000,0,true,0
"NLG",110250,"/Date(1701403387000)/",37000,700,347800,12928000000,0,true,0
"NLG",110237,"/Date(1701403373000)/",37000,700,347100,12902000000,0,true,0
"NLG",110221,"/Date(1701403359000)/",37050,100,346400,12876000000,50,true,0.14
"NLG",110212,"/Date(1701403349000)/",37050,300,346300,12872000000,50,true,0.14
"NLG",110212,"/Date(1701403349000)/",37050,100,346000,12861000000,50,true,0.14
"NLG",110212,"/Date(1701403348000)/",37050,100,345900,12857000000,50,true,0.14
"NLG",110209,"/Date(1701403345000)/",37000,700,345800,12854000000,0,true,0
"NLG",110159,"/Date(1701403335000)/",37050,200,345100,12828000000,50,false,0.14
"NLG",110156,"/Date(1701403331000)/",37000,300,344900,12820000000,0,true,0
"NLG",110156,"/Date(1701403331000)/",37000,100,344600,12809000000,0,true,0
"NLG",110156,"/Date(1701403331000)/",37000,100,344500,12806000000,0,true,0
"NLG",110156,"/Date(1701403331000)/",37000,200,344400,12802000000,0,true,0
"NLG",110140,"/Date(1701403317000)/",37000,100,344200,12794000000,0,true,0
"NLG",110140,"/Date(1701403317000)/",37000,200,344100,12791000000,0,true,0
"NLG",110140,"/Date(1701403317000)/",37000,200,343900,12783000000,0,true,0
"NLG",110140,"/Date(1701403317000)/",37000,200,343700,12776000000,0,true,0
"NLG",110137,"/Date(1701403315000)/",37050,100,343500,12769000000,50,false,0.14
"NLG",110124,"/Date(1701403302000)/",37000,700,343400,12765000000,0,true,0
"NLG",110114,"/Date(1701403290000)/",37000,600,342700,12739000000,0,true,0
"NLG",110111,"/Date(1701403288000)/",37000,500,342100,12717000000,0,true,0
"NLG",110111,"/Date(1701403288000)/",37000,200,341600,12698000000,0,true,0
"NLG",110108,"/Date(1701403286000)/",37000,100,341400,12691000000,0,true,0
"NLG",110059,"/Date(1701403274000)/",37000,700,341300,12687000000,0,true,0
"NLG",110043,"/Date(1701403260000)/",37000,700,340600,12661000000,0,true,0
"NLG",110040,"/Date(1701403255000)/",37000,300,339900,12635000000,0,true,0
"NLG",110040,"/Date(1701403255000)/",37000,200,339600,12624000000,0,true,0
"NLG",110030,"/Date(1701403247000)/",37000,300,339400,12617000000,0,true,0
"NLG",110030,"/Date(1701403247000)/",37000,1000,339100,12606000000,0,true,0
"NLG",110030,"/Date(1701403247000)/",37000,500,338100,12569000000,0,true,0
"NLG",110030,"/Date(1701403247000)/",37000,500,337600,12550000000,0,true,0
"NLG",110030,"/Date(1701403247000)/",37000,500,337100,12532000000,0,true,0
"NLG",110030,"/Date(1701403247000)/",37000,200,336600,12513000000,0,true,0
"NLG",110030,"/Date(1701403247000)/",37000,100,336400,12506000000,0,true,0
"NLG",110030,"/Date(1701403247000)/",37000,200,336300,12502000000,0,true,0
"NLG",110030,"/Date(1701403247000)/",37000,100,336100,12495000000,0,true,0
"NLG",110030,"/Date(1701403247000)/",37000,3400,336000,12491000000,0,true,0
"NLG",110030,"/Date(1701403247000)/",37000,100,332600,12365000000,0,true,0
"NLG",110030,"/Date(1701403246000)/",37000,700,332500,12362000000,0,true,0
"NLG",110014,"/Date(1701403232000)/",37000,700,331800,12336000000,0,true,0
"NLG",110001,"/Date(1701403218000)/",37050,200,331100,12310000000,50,true,0.14
"NLG",105952,"/Date(1701403209000)/",37050,100,330900,12302000000,50,false,0.14
"NLG",105952,"/Date(1701403209000)/",37050,200,330800,12299000000,50,false,0.14
"NLG",105949,"/Date(1701403204000)/",37000,700,330600,12291000000,0,true,0
"NLG",105933,"/Date(1701403190000)/",37000,700,329900,12265000000,0,true,0
"NLG",105920,"/Date(1701403176000)/",37000,700,329200,12239000000,0,true,0
"NLG",105904,"/Date(1701403162000)/",37050,500,328500,12214000000,50,true,0.14
"NLG",105858,"/Date(1701403154000)/",37050,100,328000,12195000000,50,false,0.14
"NLG",105855,"/Date(1701403152000)/",37050,500,327900,12191000000,50,false,0.14
"NLG",105851,"/Date(1701403148000)/",37050,100,327400,12173000000,50,false,0.14
"NLG",105851,"/Date(1701403147000)/",37000,700,327300,12169000000,0,true,0
"NLG",105845,"/Date(1701403141000)/",37050,900,326600,12143000000,50,false,0.14
"NLG",105826,"/Date(1701403123000)/",37050,100,325700,12110000000,50,true,0.14
"NLG",105823,"/Date(1701403119000)/",37050,700,325600,12106000000,50,false,0.14
"NLG",105823,"/Date(1701403119000)/",37050,200,324900,12080000000,50,false,0.14
"NLG",105810,"/Date(1701403105000)/",37000,100,324700,12073000000,0,true,0
"NLG",105810,"/Date(1701403105000)/",37000,100,324600,12069000000,0,true,0
"NLG",105810,"/Date(1701403105000)/",37000,200,324500,12065000000,0,true,0
"NLG",105810,"/Date(1701403105000)/",37000,300,324300,12058000000,0,true,0
"NLG",105754,"/Date(1701403091000)/",37050,500,324000,12047000000,50,true,0.14
"NLG",105741,"/Date(1701403078000)/",37000,100,323500,12028000000,0,true,0
"NLG",105741,"/Date(1701403078000)/",37000,200,323400,12025000000,0,true,0
"NLG",105741,"/Date(1701403077000)/",37000,700,323200,12017000000,0,true,0
"NLG",105735,"/Date(1701403071000)/",37000,1000,322500,11991000000,0,true,0
"NLG",105725,"/Date(1701403063000)/",37000,600,321500,11954000000,0,true,0
"NLG",105725,"/Date(1701403063000)/",37000,100,320900,11932000000,0,true,0
"NLG",105722,"/Date(1701403058000)/",37050,200,320800,11928000000,50,false,0.14
"NLG",105722,"/Date(1701403058000)/",37050,300,320600,11921000000,50,false,0.14
"NLG",105719,"/Date(1701403057000)/",37050,200,320300,11910000000,50,false,0.14
"NLG",105716,"/Date(1701403053000)/",37000,400,320100,11903000000,0,true,0
"NLG",105716,"/Date(1701403053000)/",37000,100,319700,11888000000,0,true,0
"NLG",105713,"/Date(1701403049000)/",37000,700,319600,11884000000,0,true,0
"NLG",105700,"/Date(1701403035000)/",37000,700,318900,11858000000,0,true,0
"NLG",105644,"/Date(1701403021000)/",37000,700,318200,11832000000,0,true,0
"NLG",105638,"/Date(1701403013000)/",37050,100,317500,11806000000,50,false,0.14
"NLG",105631,"/Date(1701403007000)/",37050,100,317400,11803000000,50,true,0.14
"NLG",105628,"/Date(1701403004000)/",37050,500,317300,11799000000,50,false,0.14
"NLG",105628,"/Date(1701403004000)/",37050,400,316800,11780000000,50,false,0.14
"NLG",105628,"/Date(1701403004000)/",37050,100,316400,11766000000,50,false,0.14
"NLG",105615,"/Date(1701402993000)/",37000,700,316300,11762000000,0,true,0
"NLG",105615,"/Date(1701402992000)/",37000,500,315600,11736000000,0,true,0
"NLG",105603,"/Date(1701402978000)/",37000,700,315100,11718000000,0,true,0
"NLG",105547,"/Date(1701402964000)/",37000,700,314400,11692000000,0,true,0
"NLG",105540,"/Date(1701402958000)/",37000,100,313700,11666000000,0,true,0
"NLG",105540,"/Date(1701402957000)/",37000,300,313600,11662000000,0,true,0
"NLG",105534,"/Date(1701402950000)/",37000,700,313300,11651000000,0,true,0
"NLG",105521,"/Date(1701402936000)/",37000,700,312600,11625000000,0,true,0
"NLG",105506,"/Date(1701402922000)/",37050,200,311900,11599000000,50,false,0.14
"NLG",105453,"/Date(1701402908000)/",37000,700,311700,11592000000,0,true,0
"NLG",105440,"/Date(1701402898000)/",37000,300,311000,11566000000,0,true,0
"NLG",105440,"/Date(1701402895000)/",37000,2400,310700,11555000000,0,true,0
"NLG",105440,"/Date(1701402895000)/",37000,1000,308300,11466000000,0,true,0
"NLG",105440,"/Date(1701402895000)/",37000,200,307300,11429000000,0,true,0
"NLG",105440,"/Date(1701402895000)/",37000,4400,307100,11421000000,0,true,0
"NLG",105437,"/Date(1701402894000)/",37000,700,302700,11259000000,0,true,0
"NLG",105424,"/Date(1701402880000)/",37000,700,302000,11233000000,0,true,0
"NLG",105412,"/Date(1701402866000)/",37000,700,301300,11207000000,0,true,0
"NLG",105356,"/Date(1701402852000)/",37000,700,300600,11181000000,0,true,0
"NLG",105343,"/Date(1701402838000)/",37000,700,299900,11155000000,0,true,0
"NLG",105327,"/Date(1701402824000)/",37000,700,299200,11129000000,0,true,0
"NLG",105324,"/Date(1701402820000)/",37000,500,298500,11103000000,0,true,0
"NLG",105314,"/Date(1701402809000)/",37000,700,298000,11085000000,0,true,0
"NLG",105258,"/Date(1701402795000)/",37000,200,297300,11059000000,0,true,0
"NLG",105258,"/Date(1701402795000)/",37000,100,297100,11051000000,0,true,0
"NLG",105258,"/Date(1701402795000)/",37000,400,297000,11048000000,0,true,0
"NLG",105252,"/Date(1701402789000)/",37100,600,296600,11033000000,100,false,0.27
"NLG",105252,"/Date(1701402789000)/",37100,300,296000,11011000000,100,false,0.27
"NLG",105252,"/Date(1701402789000)/",37050,100,295700,11000000000,50,false,0.14
"NLG",105246,"/Date(1701402781000)/",37000,100,295600,10996000000,0,true,0
"NLG",105246,"/Date(1701402781000)/",37000,300,295500,10992000000,0,true,0
"NLG",105246,"/Date(1701402781000)/",37000,300,295200,10981000000,0,true,0
"NLG",105239,"/Date(1701402774000)/",37050,500,294900,10970000000,50,false,0.14
"NLG",105230,"/Date(1701402767000)/",37050,100,294400,10951000000,50,true,0.14
"NLG",105217,"/Date(1701402753000)/",37000,200,294300,10948000000,0,true,0
"NLG",105217,"/Date(1701402753000)/",37000,400,294100,10940000000,0,true,0
"NLG",105217,"/Date(1701402753000)/",37000,100,293700,10926000000,0,true,0
"NLG",105204,"/Date(1701402739000)/",37000,700,293600,10922000000,0,true,0
"NLG",105148,"/Date(1701402725000)/",37000,700,292900,10896000000,0,true,0
"NLG",105136,"/Date(1701402711000)/",37000,500,292200,10870000000,0,true,0
"NLG",105136,"/Date(1701402711000)/",37000,200,291700,10852000000,0,true,0
"NLG",105120,"/Date(1701402697000)/",37000,100,291500,10844000000,0,true,0
"NLG",105120,"/Date(1701402697000)/",37000,200,291400,10840000000,0,true,0
"NLG",105120,"/Date(1701402697000)/",37000,400,291200,10833000000,0,true,0
"NLG",105107,"/Date(1701402683000)/",37000,100,290800,10818000000,0,true,0
"NLG",105107,"/Date(1701402683000)/",37000,600,290700,10815000000,0,true,0
"NLG",105107,"/Date(1701402682000)/",37000,200,290100,10792000000,0,true,0
"NLG",105055,"/Date(1701402669000)/",37000,200,289900,10785000000,0,true,0
"NLG",105055,"/Date(1701402669000)/",37000,500,289700,10778000000,0,true,0
"NLG",105039,"/Date(1701402655000)/",37050,100,289200,10759000000,50,true,0.14
"NLG",105039,"/Date(1701402655000)/",37050,600,289100,10755000000,50,true,0.14
"NLG",105029,"/Date(1701402644000)/",37050,400,288500,10733000000,50,true,0.14
"NLG",105029,"/Date(1701402644000)/",37050,600,288100,10718000000,50,true,0.14
"NLG",105026,"/Date(1701402642000)/",37050,400,287500,10696000000,50,true,0.14
"NLG",105026,"/Date(1701402642000)/",37050,1000,287100,10681000000,50,true,0.14
"NLG",105026,"/Date(1701402642000)/",37050,600,286100,10644000000,50,true,0.14
"NLG",105026,"/Date(1701402640000)/",37050,700,285500,10622000000,50,true,0.14
"NLG",105010,"/Date(1701402626000)/",37050,100,284800,10596000000,50,true,0.14
"NLG",105010,"/Date(1701402626000)/",37050,500,284700,10592000000,50,true,0.14
"NLG",105010,"/Date(1701402626000)/",37050,100,284200,10574000000,50,true,0.14
"NLG",105004,"/Date(1701402618000)/",37050,1500,284100,10570000000,50,true,0.14
"NLG",104957,"/Date(1701402612000)/",37050,500,282600,10515000000,50,true,0.14
"NLG",104957,"/Date(1701402612000)/",37050,100,282100,10496000000,50,true,0.14
"NLG",104957,"/Date(1701402612000)/",37050,100,282000,10492000000,50,true,0.14
"NLG",104941,"/Date(1701402598000)/",37100,400,281900,10489000000,100,true,0.27
"NLG",104929,"/Date(1701402584000)/",37100,600,281500,10474000000,100,true,0.27
"NLG",104929,"/Date(1701402584000)/",37100,100,280900,10452000000,100,true,0.27
"NLG",104913,"/Date(1701402570000)/",37100,100,280800,10448000000,100,true,0.27
"NLG",104913,"/Date(1701402570000)/",37100,500,280700,10444000000,100,true,0.27
"NLG",104913,"/Date(1701402570000)/",37100,100,280200,10426000000,100,true,0.27
"NLG",104900,"/Date(1701402556000)/",37100,500,280100,10422000000,100,true,0.27
"NLG",104900,"/Date(1701402556000)/",37100,200,279600,10403000000,100,true,0.27
"NLG",104847,"/Date(1701402542000)/",37100,700,279400,10396000000,100,true,0.27
"NLG",104832,"/Date(1701402528000)/",37100,700,278700,10370000000,100,true,0.27
"NLG",104819,"/Date(1701402514000)/",37100,700,278000,10344000000,100,true,0.27
"NLG",104813,"/Date(1701402508000)/",37150,200,277300,10318000000,150,false,0.41
"NLG",104806,"/Date(1701402500000)/",37100,700,277100,10311000000,100,true,0.27
"NLG",104750,"/Date(1701402485000)/",37100,700,276400,10285000000,100,true,0.27
"NLG",104734,"/Date(1701402471000)/",37100,700,275700,10259000000,100,true,0.27
"NLG",104722,"/Date(1701402457000)/",37100,700,275000,10233000000,100,true,0.27
"NLG",104722,"/Date(1701402456000)/",37100,100,274300,10207000000,100,true,0.27
"NLG",104709,"/Date(1701402443000)/",37100,700,274200,10203000000,100,true,0.27
"NLG",104653,"/Date(1701402429000)/",37100,700,273500,10177000000,100,true,0.27
"NLG",104640,"/Date(1701402415000)/",37150,300,272800,10151000000,150,false,0.41
"NLG",104631,"/Date(1701402408000)/",37150,300,272500,10140000000,150,true,0.41
"NLG",104625,"/Date(1701402401000)/",37150,700,272200,10129000000,150,true,0.41
"NLG",104625,"/Date(1701402400000)/",37150,1000,271500,10103000000,150,true,0.41
"NLG",104612,"/Date(1701402387000)/",37150,700,270500,10066000000,150,true,0.41
"NLG",104606,"/Date(1701402382000)/",37200,6000,269800,10040000000,200,true,0.54
"NLG",104559,"/Date(1701402373000)/",37200,200,263800,9816000000,200,true,0.54
"NLG",104559,"/Date(1701402373000)/",37200,500,263600,9809000000,200,true,0.54
"NLG",104543,"/Date(1701402359000)/",37200,700,263100,9790000000,200,true,0.54
"NLG",104531,"/Date(1701402345000)/",37200,700,262400,9764000000,200,true,0.54
"NLG",104515,"/Date(1701402331000)/",37200,700,261700,9738000000,200,true,0.54
"NLG",104502,"/Date(1701402316000)/",37200,700,261000,9712000000,200,true,0.54
"NLG",104446,"/Date(1701402302000)/",37200,700,260300,9686000000,200,true,0.54
"NLG",104433,"/Date(1701402288000)/",37200,700,259600,9660000000,200,true,0.54
"NLG",104418,"/Date(1701402274000)/",37200,700,258900,9634000000,200,true,0.54
"NLG",104405,"/Date(1701402260000)/",37200,700,258200,9608000000,200,true,0.54
"NLG",104352,"/Date(1701402246000)/",37200,300,257500,9582000000,200,true,0.54
"NLG",104352,"/Date(1701402246000)/",37200,400,257200,9571000000,200,true,0.54
"NLG",104346,"/Date(1701402241000)/",37200,1600,256800,9556000000,200,true,0.54
"NLG",104346,"/Date(1701402241000)/",37200,19700,255200,9496000000,200,true,0.54
"NLG",104346,"/Date(1701402241000)/",37250,1000,235500,8764000000,250,true,0.68
"NLG",104346,"/Date(1701402241000)/",37250,100,234500,8726000000,250,true,0.68
"NLG",104346,"/Date(1701402241000)/",37250,3000,234400,8723000000,250,true,0.68
"NLG",104346,"/Date(1701402241000)/",37250,1600,231400,8611000000,250,true,0.68
"NLG",104336,"/Date(1701402232000)/",37250,700,229800,8551000000,250,true,0.68
