"Stockcode","Package","TradingDate","Price","Vol","TotalVol","TotalVal","Change","IsBuy","PerChange"
"TCH",144428,"/Date(1701416701000)/",12200,517900,5367200,65978000000,-250,false,-2.01
"TCH",142920,"/Date(1701415795000)/",12300,700,4849300,59660000000,-150,true,-1.2
"TCH",142920,"/Date(1701415795000)/",12300,3000,4848600,59651000000,-150,true,-1.2
"TCH",142920,"/Date(1701415795000)/",12300,3300,4845600,59614000000,-150,true,-1.2
"TCH",142917,"/Date(1701415793000)/",12350,700,4842300,59574000000,-100,false,-0.8
"TCH",142911,"/Date(1701415785000)/",12300,500,4841600,59565000000,-150,true,-1.2
"TCH",142908,"/Date(1701415783000)/",12300,1200,4841100,59559000000,-150,true,-1.2
"TCH",142908,"/Date(1701415783000)/",12300,500,4839900,59544000000,-150,true,-1.2
"TCH",142908,"/Date(1701415783000)/",12300,300,4839400,59538000000,-150,true,-1.2
"TCH",142858,"/Date(1701415773000)/",12300,700,4839100,59534000000,-150,true,-1.2
"TCH",142852,"/Date(1701415767000)/",12300,5500,4838400,59526000000,-150,true,-1.2
"TCH",142852,"/Date(1701415767000)/",12300,1000,4832900,59458000000,-150,true,-1.2
"TCH",142852,"/Date(1701415767000)/",12300,100,4831900,59446000000,-150,true,-1.2
"TCH",142852,"/Date(1701415767000)/",12300,2300,4831800,59444000000,-150,true,-1.2
"TCH",142852,"/Date(1701415767000)/",12300,4700,4829500,59416000000,-150,true,-1.2
"TCH",142848,"/Date(1701415763000)/",12300,300,4824800,59358000000,-150,true,-1.2
"TCH",142848,"/Date(1701415763000)/",12300,300,4824500,59355000000,-150,true,-1.2
"TCH",142848,"/Date(1701415763000)/",12300,1100,4824200,59351000000,-150,true,-1.2
"TCH",142848,"/Date(1701415763000)/",12300,600,4823100,59337000000,-150,true,-1.2
"TCH",142848,"/Date(1701415763000)/",12300,200,4822500,59330000000,-150,true,-1.2
"TCH",142839,"/Date(1701415755000)/",12300,3500,4822300,59327000000,-150,true,-1.2
"TCH",142836,"/Date(1701415753000)/",12300,1300,4818800,59284000000,-150,true,-1.2
"TCH",142836,"/Date(1701415753000)/",12300,1000,4817500,59268000000,-150,true,-1.2
"TCH",142836,"/Date(1701415753000)/",12300,100,4816500,59256000000,-150,true,-1.2
"TCH",142836,"/Date(1701415753000)/",12300,200,4816400,59255000000,-150,true,-1.2
"TCH",142836,"/Date(1701415753000)/",12300,4000,4816200,59252000000,-150,true,-1.2
"TCH",142836,"/Date(1701415753000)/",12300,500,4812200,59203000000,-150,true,-1.2
"TCH",142836,"/Date(1701415753000)/",12300,300,4811700,59197000000,-150,true,-1.2
"TCH",142836,"/Date(1701415753000)/",12300,1300,4811400,59193000000,-150,true,-1.2
"TCH",142836,"/Date(1701415753000)/",12300,1000,4810100,59177000000,-150,true,-1.2
"TCH",142836,"/Date(1701415753000)/",12300,200,4809100,59165000000,-150,true,-1.2
"TCH",142836,"/Date(1701415753000)/",12300,100,4808900,59163000000,-150,true,-1.2
"TCH",142833,"/Date(1701415748000)/",12300,500,4808800,59161000000,-150,true,-1.2
"TCH",142833,"/Date(1701415747000)/",12300,2900,4808300,59155000000,-150,true,-1.2
"TCH",142833,"/Date(1701415747000)/",12300,100,4805400,59120000000,-150,true,-1.2
"TCH",142833,"/Date(1701415747000)/",12300,100,4805300,59118000000,-150,true,-1.2
"TCH",142833,"/Date(1701415747000)/",12300,2900,4805200,59117000000,-150,true,-1.2
"TCH",142833,"/Date(1701415747000)/",12300,700,4802300,59081000000,-150,true,-1.2
"TCH",142833,"/Date(1701415747000)/",12300,1000,4801600,59073000000,-150,true,-1.2
"TCH",142833,"/Date(1701415747000)/",12300,200,4800600,59061000000,-150,true,-1.2
"TCH",142833,"/Date(1701415747000)/",12300,500,4800400,59058000000,-150,true,-1.2
"TCH",142833,"/Date(1701415747000)/",12300,100,4799900,59052000000,-150,true,-1.2
"TCH",142829,"/Date(1701415745000)/",12300,2500,4799800,59051000000,-150,true,-1.2
"TCH",142826,"/Date(1701415742000)/",12300,5500,4797300,59020000000,-150,true,-1.2
"TCH",142826,"/Date(1701415742000)/",12300,1000,4791800,58952000000,-150,true,-1.2
"TCH",142826,"/Date(1701415742000)/",12300,20000,4790800,58940000000,-150,true,-1.2
"TCH",142826,"/Date(1701415742000)/",12300,10000,4770800,58694000000,-150,true,-1.2
"TCH",142826,"/Date(1701415742000)/",12300,1000,4760800,58571000000,-150,true,-1.2
"TCH",142826,"/Date(1701415742000)/",12300,7000,4759800,58559000000,-150,true,-1.2
"TCH",142826,"/Date(1701415742000)/",12350,200,4752800,58473000000,-100,false,-0.8
"TCH",142813,"/Date(1701415729000)/",12300,2600,4752600,58470000000,-150,true,-1.2
"TCH",142810,"/Date(1701415726000)/",12300,400,4750000,58438000000,-150,true,-1.2
"TCH",142810,"/Date(1701415726000)/",12300,500,4749600,58433000000,-150,true,-1.2
"TCH",142810,"/Date(1701415726000)/",12300,100,4749100,58427000000,-150,true,-1.2
"TCH",142810,"/Date(1701415726000)/",12300,500,4749000,58426000000,-150,true,-1.2
"TCH",142810,"/Date(1701415726000)/",12300,1000,4748500,58420000000,-150,true,-1.2
"TCH",142810,"/Date(1701415726000)/",12300,1000,4747500,58407000000,-150,true,-1.2
"TCH",142810,"/Date(1701415726000)/",12300,100,4746500,58395000000,-150,true,-1.2
"TCH",142810,"/Date(1701415726000)/",12300,500,4746400,58394000000,-150,true,-1.2
"TCH",142810,"/Date(1701415726000)/",12300,700,4745900,58388000000,-150,true,-1.2
"TCH",142804,"/Date(1701415720000)/",12350,1000,4745200,58379000000,-100,false,-0.8
"TCH",142804,"/Date(1701415719000)/",12300,500,4744200,58367000000,-150,true,-1.2
"TCH",142745,"/Date(1701415699000)/",12300,1500,4743700,58361000000,-150,true,-1.2
"TCH",142719,"/Date(1701415675000)/",12300,1000,4742200,58342000000,-150,true,-1.2
"TCH",142716,"/Date(1701415670000)/",12350,1700,4741200,58330000000,-100,false,-0.8
"TCH",142716,"/Date(1701415670000)/",12350,300,4739500,58309000000,-100,false,-0.8
"TCH",142707,"/Date(1701415663000)/",12350,1000,4739200,58305000000,-100,false,-0.8
"TCH",142703,"/Date(1701415659000)/",12350,1000,4738200,58293000000,-100,false,-0.8
"TCH",142703,"/Date(1701415659000)/",12350,1000,4737200,58280000000,-100,false,-0.8
"TCH",142657,"/Date(1701415652000)/",12350,200,4736200,58268000000,-100,false,-0.8
"TCH",142654,"/Date(1701415648000)/",12350,1000,4736000,58266000000,-100,false,-0.8
"TCH",142625,"/Date(1701415622000)/",12350,1000,4735000,58253000000,-100,false,-0.8
"TCH",142603,"/Date(1701415599000)/",12300,100,4734000,58241000000,-150,true,-1.2
"TCH",142600,"/Date(1701415596000)/",12350,200,4733900,58240000000,-100,false,-0.8
"TCH",142550,"/Date(1701415586000)/",12300,200,4733700,58237000000,-150,true,-1.2
"TCH",142544,"/Date(1701415581000)/",12300,6000,4733500,58235000000,-150,true,-1.2
"TCH",142544,"/Date(1701415581000)/",12300,1200,4727500,58161000000,-150,true,-1.2
"TCH",142540,"/Date(1701415577000)/",12300,1800,4726300,58146000000,-150,true,-1.2
"TCH",142540,"/Date(1701415577000)/",12300,10000,4724500,58124000000,-150,true,-1.2
"TCH",142540,"/Date(1701415577000)/",12300,5000,4714500,58001000000,-150,true,-1.2
"TCH",142540,"/Date(1701415577000)/",12300,1000,4709500,57940000000,-150,true,-1.2
"TCH",142540,"/Date(1701415577000)/",12300,12200,4708500,57927000000,-150,true,-1.2
"TCH",142537,"/Date(1701415574000)/",12300,5000,4696300,57777000000,-150,true,-1.2
"TCH",142534,"/Date(1701415568000)/",12300,2800,4691300,57716000000,-150,true,-1.2
"TCH",142534,"/Date(1701415568000)/",12300,10000,4688500,57681000000,-150,true,-1.2
"TCH",142534,"/Date(1701415568000)/",12300,3000,4678500,57558000000,-150,true,-1.2
"TCH",142534,"/Date(1701415568000)/",12300,1000,4675500,57521000000,-150,true,-1.2
"TCH",142534,"/Date(1701415568000)/",12300,2000,4674500,57509000000,-150,true,-1.2
"TCH",142534,"/Date(1701415568000)/",12300,100,4672500,57485000000,-150,true,-1.2
"TCH",142534,"/Date(1701415568000)/",12300,1100,4672400,57483000000,-150,true,-1.2
"TCH",142534,"/Date(1701415568000)/",12350,1600,4671300,57470000000,-100,false,-0.8
"TCH",142524,"/Date(1701415560000)/",12300,400,4669700,57450000000,-150,true,-1.2
"TCH",142509,"/Date(1701415545000)/",12300,2000,4669300,57445000000,-150,true,-1.2
"TCH",142502,"/Date(1701415538000)/",12350,1000,4667300,57420000000,-100,false,-0.8
"TCH",142456,"/Date(1701415532000)/",12350,600,4666300,57408000000,-100,false,-0.8
"TCH",142456,"/Date(1701415532000)/",12300,1000,4665700,57401000000,-150,true,-1.2
"TCH",142446,"/Date(1701415523000)/",12300,100,4664700,57388000000,-150,true,-1.2
"TCH",142443,"/Date(1701415519000)/",12300,400,4664600,57387000000,-150,true,-1.2
"TCH",142443,"/Date(1701415519000)/",12300,1200,4664200,57382000000,-150,true,-1.2
"TCH",142443,"/Date(1701415519000)/",12300,200,4663000,57367000000,-150,true,-1.2
"TCH",142443,"/Date(1701415519000)/",12300,200,4662800,57365000000,-150,true,-1.2
"TCH",142443,"/Date(1701415519000)/",12300,500,4662600,57363000000,-150,true,-1.2
"TCH",142443,"/Date(1701415519000)/",12300,500,4662100,57356000000,-150,true,-1.2
"TCH",142443,"/Date(1701415519000)/",12300,2000,4661600,57350000000,-150,true,-1.2
"TCH",142440,"/Date(1701415514000)/",12350,1000,4659600,57326000000,-100,false,-0.8
"TCH",142424,"/Date(1701415499000)/",12350,2000,4658600,57313000000,-100,false,-0.8
"TCH",142421,"/Date(1701415497000)/",12350,10000,4656600,57289000000,-100,false,-0.8
"TCH",142405,"/Date(1701415479000)/",12350,1000,4646600,57165000000,-100,false,-0.8
"TCH",142405,"/Date(1701415479000)/",12350,2000,4645600,57153000000,-100,false,-0.8
"TCH",142358,"/Date(1701415473000)/",12350,200,4643600,57128000000,-100,false,-0.8
"TCH",142355,"/Date(1701415471000)/",12300,1000,4643400,57126000000,-150,true,-1.2
"TCH",142355,"/Date(1701415471000)/",12300,200,4642400,57113000000,-150,true,-1.2
"TCH",142355,"/Date(1701415471000)/",12300,1000,4642200,57111000000,-150,true,-1.2
"TCH",142355,"/Date(1701415471000)/",12300,1000,4641200,57099000000,-150,true,-1.2
"TCH",142355,"/Date(1701415471000)/",12300,100,4640200,57086000000,-150,true,-1.2
"TCH",142355,"/Date(1701415471000)/",12300,1000,4640100,57085000000,-150,true,-1.2
"TCH",142355,"/Date(1701415471000)/",12300,700,4639100,57073000000,-150,true,-1.2
"TCH",142349,"/Date(1701415466000)/",12350,1000,4638400,57064000000,-100,false,-0.8
"TCH",142339,"/Date(1701415456000)/",12300,300,4637400,57052000000,-150,true,-1.2
"TCH",142336,"/Date(1701415450000)/",12350,500,4637100,57048000000,-100,false,-0.8
"TCH",142326,"/Date(1701415440000)/",12300,1700,4636600,57042000000,-150,true,-1.2
"TCH",142326,"/Date(1701415440000)/",12300,2300,4634900,57021000000,-150,true,-1.2
"TCH",142310,"/Date(1701415425000)/",12350,15000,4632600,56993000000,-100,false,-0.8
"TCH",142307,"/Date(1701415424000)/",12350,1000,4617600,56807000000,-100,false,-0.8
"TCH",142307,"/Date(1701415422000)/",12300,700,4616600,56795000000,-150,true,-1.2
"TCH",142307,"/Date(1701415422000)/",12300,100,4615900,56786000000,-150,true,-1.2
"TCH",142307,"/Date(1701415422000)/",12300,9200,4615800,56785000000,-150,true,-1.2
"TCH",142301,"/Date(1701415414000)/",12350,1000,4606600,56672000000,-100,false,-0.8
"TCH",142258,"/Date(1701415412000)/",12350,4000,4605600,56660000000,-100,false,-0.8
"TCH",142255,"/Date(1701415408000)/",12350,300,4601600,56610000000,-100,false,-0.8
"TCH",142245,"/Date(1701415400000)/",12350,400,4601300,56607000000,-100,false,-0.8
"TCH",142242,"/Date(1701415397000)/",12350,2000,4600900,56602000000,-100,false,-0.8
"TCH",142242,"/Date(1701415397000)/",12350,100,4598900,56577000000,-100,false,-0.8
"TCH",142242,"/Date(1701415397000)/",12350,1900,4598800,56576000000,-100,false,-0.8
"TCH",142239,"/Date(1701415393000)/",12350,100,4596900,56552000000,-100,false,-0.8
"TCH",142223,"/Date(1701415378000)/",12350,100,4596800,56551000000,-100,false,-0.8
"TCH",142213,"/Date(1701415370000)/",12350,200,4596700,56550000000,-100,true,-0.8
"TCH",142213,"/Date(1701415368000)/",12350,500,4596500,56547000000,-100,true,-0.8
"TCH",142213,"/Date(1701415368000)/",12350,1100,4596000,56541000000,-100,true,-0.8
"TCH",142213,"/Date(1701415368000)/",12350,2000,4594900,56528000000,-100,true,-0.8
"TCH",142213,"/Date(1701415368000)/",12350,1000,4592900,56503000000,-100,true,-0.8
"TCH",142213,"/Date(1701415368000)/",12350,10000,4591900,56491000000,-100,true,-0.8
"TCH",142213,"/Date(1701415368000)/",12350,1200,4581900,56367000000,-100,true,-0.8
"TCH",142213,"/Date(1701415368000)/",12350,1000,4580700,56352000000,-100,true,-0.8
"TCH",142213,"/Date(1701415368000)/",12350,100,4579700,56340000000,-100,true,-0.8
"TCH",142213,"/Date(1701415368000)/",12350,400,4579600,56339000000,-100,true,-0.8
"TCH",142213,"/Date(1701415368000)/",12350,25000,4579200,56334000000,-100,true,-0.8
"TCH",142213,"/Date(1701415368000)/",12350,300,4554200,56025000000,-100,true,-0.8
"TCH",142213,"/Date(1701415368000)/",12350,100,4553900,56021000000,-100,true,-0.8
"TCH",142213,"/Date(1701415368000)/",12350,1000,4553800,56020000000,-100,true,-0.8
"TCH",142213,"/Date(1701415368000)/",12350,100,4552800,56008000000,-100,true,-0.8
"TCH",142213,"/Date(1701415368000)/",12350,3900,4552700,56006000000,-100,true,-0.8
"TCH",142210,"/Date(1701415365000)/",12350,1000,4548800,55958000000,-100,true,-0.8
"TCH",142210,"/Date(1701415365000)/",12350,1000,4547800,55946000000,-100,true,-0.8
"TCH",142210,"/Date(1701415365000)/",12350,200,4546800,55934000000,-100,true,-0.8
"TCH",142210,"/Date(1701415365000)/",12350,5000,4546600,55931000000,-100,true,-0.8
"TCH",142210,"/Date(1701415365000)/",12350,600,4541600,55869000000,-100,true,-0.8
"TCH",142210,"/Date(1701415365000)/",12350,200,4541000,55862000000,-100,true,-0.8
"TCH",142210,"/Date(1701415365000)/",12350,100,4540800,55859000000,-100,true,-0.8
"TCH",142210,"/Date(1701415365000)/",12350,1000,4540700,55858000000,-100,true,-0.8
"TCH",142210,"/Date(1701415365000)/",12350,2000,4539700,55846000000,-100,true,-0.8
"TCH",142210,"/Date(1701415365000)/",12350,2000,4537700,55821000000,-100,true,-0.8
"TCH",142210,"/Date(1701415365000)/",12350,5000,4535700,55796000000,-100,true,-0.8
"TCH",142210,"/Date(1701415365000)/",12350,2000,4530700,55735000000,-100,true,-0.8
"TCH",142210,"/Date(1701415365000)/",12350,19900,4528700,55710000000,-100,true,-0.8
"TCH",142210,"/Date(1701415364000)/",12400,2000,4508800,55464000000,-50,false,-0.4
"TCH",142210,"/Date(1701415364000)/",12350,5000,4506800,55439000000,-100,true,-0.8
"TCH",142157,"/Date(1701415352000)/",12350,300,4501800,55378000000,-100,true,-0.8
"TCH",142151,"/Date(1701415347000)/",12350,2500,4501500,55374000000,-100,true,-0.8
"TCH",142138,"/Date(1701415334000)/",12400,100,4499000,55343000000,-50,false,-0.4
"TCH",142132,"/Date(1701415328000)/",12400,1000,4498900,55342000000,-50,false,-0.4
"TCH",142125,"/Date(1701415319000)/",12400,2000,4497900,55329000000,-50,false,-0.4
"TCH",142125,"/Date(1701415319000)/",12400,1000,4495900,55305000000,-50,false,-0.4
"TCH",142119,"/Date(1701415316000)/",12400,1000,4494900,55292000000,-50,false,-0.4
"TCH",142113,"/Date(1701415306000)/",12400,1000,4493900,55280000000,-50,false,-0.4
"TCH",142113,"/Date(1701415306000)/",12400,500,4492900,55267000000,-50,false,-0.4
"TCH",142100,"/Date(1701415295000)/",12350,3000,4492400,55261000000,-100,true,-0.8
"TCH",142054,"/Date(1701415290000)/",12400,200,4489400,55224000000,-50,false,-0.4
"TCH",142044,"/Date(1701415280000)/",12350,500,4489200,55222000000,-100,true,-0.8
"TCH",142034,"/Date(1701415271000)/",12350,100,4488700,55216000000,-100,true,-0.8
"TCH",142022,"/Date(1701415255000)/",12400,100,4488600,55214000000,-50,false,-0.4
"TCH",142012,"/Date(1701415248000)/",12350,400,4488500,55213000000,-100,true,-0.8
"TCH",141956,"/Date(1701415232000)/",12400,5000,4488100,55208000000,-50,false,-0.4
"TCH",141953,"/Date(1701415229000)/",12400,500,4483100,55146000000,-50,false,-0.4
"TCH",141950,"/Date(1701415224000)/",12400,3700,4482600,55140000000,-50,true,-0.4
"TCH",141947,"/Date(1701415221000)/",12400,2500,4478900,55094000000,-50,true,-0.4
"TCH",141944,"/Date(1701415219000)/",12400,500,4476400,55063000000,-50,true,-0.4
"TCH",141944,"/Date(1701415217000)/",12400,3300,4475900,55057000000,-50,true,-0.4
"TCH",141944,"/Date(1701415217000)/",12400,2000,4472600,55016000000,-50,true,-0.4
"TCH",141944,"/Date(1701415217000)/",12400,1000,4470600,54991000000,-50,true,-0.4
"TCH",141944,"/Date(1701415217000)/",12400,2000,4469600,54979000000,-50,true,-0.4
"TCH",141944,"/Date(1701415217000)/",12400,1000,4467600,54954000000,-50,true,-0.4
"TCH",141944,"/Date(1701415217000)/",12400,500,4466600,54942000000,-50,true,-0.4
"TCH",141944,"/Date(1701415217000)/",12400,18000,4466100,54935000000,-50,true,-0.4
"TCH",141944,"/Date(1701415217000)/",12400,100,4448100,54712000000,-50,true,-0.4
"TCH",141944,"/Date(1701415217000)/",12400,5000,4448000,54711000000,-50,true,-0.4
"TCH",141944,"/Date(1701415217000)/",12400,5000,4443000,54649000000,-50,true,-0.4
"TCH",141944,"/Date(1701415217000)/",12400,10000,4438000,54587000000,-50,true,-0.4
"TCH",141944,"/Date(1701415217000)/",12400,17600,4428000,54463000000,-50,true,-0.4
"TCH",141934,"/Date(1701415209000)/",12400,1000,4410400,54245000000,-50,true,-0.4
"TCH",141921,"/Date(1701415197000)/",12400,1400,4409400,54232000000,-50,true,-0.4
"TCH",141921,"/Date(1701415197000)/",12400,1000,4408000,54215000000,-50,true,-0.4
"TCH",141921,"/Date(1701415197000)/",12400,100,4407000,54203000000,-50,true,-0.4
"TCH",141921,"/Date(1701415197000)/",12400,7500,4406900,54201000000,-50,true,-0.4
"TCH",141918,"/Date(1701415193000)/",12400,2500,4399400,54108000000,-50,false,-0.4
"TCH",141918,"/Date(1701415192000)/",12400,10000,4396900,54077000000,-50,false,-0.4
"TCH",141915,"/Date(1701415189000)/",12400,100,4386900,53953000000,-50,false,-0.4
"TCH",141915,"/Date(1701415189000)/",12400,5000,4386800,53952000000,-50,false,-0.4
"TCH",141915,"/Date(1701415189000)/",12400,1000,4381800,53890000000,-50,false,-0.4
"TCH",141915,"/Date(1701415189000)/",12400,300,4380800,53878000000,-50,false,-0.4
"TCH",141915,"/Date(1701415189000)/",12400,200,4380500,53874000000,-50,false,-0.4
"TCH",141915,"/Date(1701415189000)/",12400,2800,4380300,53871000000,-50,false,-0.4
"TCH",141911,"/Date(1701415185000)/",12400,300,4377500,53837000000,-50,false,-0.4
"TCH",141908,"/Date(1701415184000)/",12400,1900,4377200,53833000000,-50,false,-0.4
"TCH",141908,"/Date(1701415184000)/",12400,100,4375300,53809000000,-50,false,-0.4
"TCH",141908,"/Date(1701415183000)/",12400,2000,4375200,53808000000,-50,false,-0.4
"TCH",141908,"/Date(1701415182000)/",12400,2800,4373200,53783000000,-50,false,-0.4
"TCH",141908,"/Date(1701415182000)/",12400,700,4370400,53749000000,-50,false,-0.4
"TCH",141905,"/Date(1701415181000)/",12400,300,4369700,53740000000,-50,false,-0.4
"TCH",141905,"/Date(1701415181000)/",12400,4700,4369400,53736000000,-50,false,-0.4
"TCH",141905,"/Date(1701415181000)/",12400,300,4364700,53678000000,-50,false,-0.4
"TCH",141905,"/Date(1701415181000)/",12400,100,4364400,53674000000,-50,false,-0.4
"TCH",141905,"/Date(1701415180000)/",12400,200,4364300,53673000000,-50,false,-0.4
"TCH",141905,"/Date(1701415180000)/",12400,700,4364100,53671000000,-50,false,-0.4
"TCH",141905,"/Date(1701415180000)/",12400,500,4363400,53662000000,-50,false,-0.4
"TCH",141905,"/Date(1701415180000)/",12400,1800,4362900,53656000000,-50,false,-0.4
"TCH",141902,"/Date(1701415177000)/",12400,8200,4361100,53633000000,-50,false,-0.4
"TCH",141902,"/Date(1701415177000)/",12400,2000,4352900,53532000000,-50,false,-0.4
"TCH",141902,"/Date(1701415177000)/",12400,1000,4350900,53507000000,-50,false,-0.4
"TCH",141902,"/Date(1701415177000)/",12400,5000,4349900,53494000000,-50,false,-0.4
"TCH",141902,"/Date(1701415177000)/",12400,12800,4344900,53432000000,-50,false,-0.4
"TCH",141902,"/Date(1701415177000)/",12400,1000,4332100,53274000000,-50,false,-0.4
"TCH",141902,"/Date(1701415176000)/",12400,10000,4331100,53261000000,-50,false,-0.4
"TCH",141859,"/Date(1701415173000)/",12400,1000,4321100,53137000000,-50,false,-0.4
"TCH",141856,"/Date(1701415171000)/",12400,10000,4320100,53125000000,-50,false,-0.4
"TCH",141856,"/Date(1701415171000)/",12400,1500,4310100,53001000000,-50,false,-0.4
"TCH",141852,"/Date(1701415166000)/",12400,13700,4308600,52982000000,-50,false,-0.4
"TCH",141852,"/Date(1701415166000)/",12400,1000,4294900,52812000000,-50,false,-0.4
"TCH",141852,"/Date(1701415166000)/",12400,1000,4293900,52800000000,-50,false,-0.4
"TCH",141852,"/Date(1701415166000)/",12400,300,4292900,52788000000,-50,false,-0.4
"TCH",141852,"/Date(1701415166000)/",12400,100,4292600,52784000000,-50,false,-0.4
"TCH",141852,"/Date(1701415166000)/",12400,2000,4292500,52783000000,-50,false,-0.4
"TCH",141852,"/Date(1701415166000)/",12400,500,4290500,52758000000,-50,false,-0.4
"TCH",141852,"/Date(1701415166000)/",12400,6400,4290000,52752000000,-50,false,-0.4
"TCH",141849,"/Date(1701415163000)/",12400,100,4283600,52672000000,-50,false,-0.4
"TCH",141843,"/Date(1701415159000)/",12400,2000,4283500,52671000000,-50,false,-0.4
"TCH",141843,"/Date(1701415159000)/",12400,1500,4281500,52646000000,-50,false,-0.4
"TCH",141843,"/Date(1701415159000)/",12400,500,4280000,52628000000,-50,false,-0.4
"TCH",141843,"/Date(1701415159000)/",12400,2500,4279500,52622000000,-50,false,-0.4
"TCH",141843,"/Date(1701415158000)/",12400,5500,4277000,52591000000,-50,false,-0.4
"TCH",141836,"/Date(1701415152000)/",12400,1000,4271500,52522000000,-50,false,-0.4
"TCH",141836,"/Date(1701415152000)/",12400,2000,4270500,52510000000,-50,false,-0.4
"TCH",141836,"/Date(1701415151000)/",12400,1000,4268500,52485000000,-50,false,-0.4
"TCH",141830,"/Date(1701415146000)/",12400,1100,4267500,52473000000,-50,false,-0.4
"TCH",141830,"/Date(1701415144000)/",12350,400,4266400,52459000000,-100,true,-0.8
"TCH",141827,"/Date(1701415143000)/",12350,100,4266000,52454000000,-100,true,-0.8
"TCH",141827,"/Date(1701415141000)/",12400,5500,4265900,52453000000,-50,false,-0.4
"TCH",141827,"/Date(1701415140000)/",12400,5000,4260400,52385000000,-50,false,-0.4
"TCH",141824,"/Date(1701415140000)/",12400,2000,4255400,52323000000,-50,false,-0.4
"TCH",141824,"/Date(1701415139000)/",12350,5000,4253400,52298000000,-100,true,-0.8
"TCH",141820,"/Date(1701415137000)/",12400,100,4248400,52236000000,-50,false,-0.4
"TCH",141758,"/Date(1701415111000)/",12350,100,4248300,52235000000,-100,true,-0.8
"TCH",141729,"/Date(1701415085000)/",12350,1000,4248200,52234000000,-100,true,-0.8
"TCH",141707,"/Date(1701415063000)/",12350,100,4247200,52221000000,-100,true,-0.8
"TCH",141707,"/Date(1701415061000)/",12400,1000,4247100,52220000000,-50,false,-0.4
"TCH",141707,"/Date(1701415061000)/",12400,3000,4246100,52208000000,-50,false,-0.4
"TCH",141704,"/Date(1701415059000)/",12400,1000,4243100,52171000000,-50,false,-0.4
"TCH",141658,"/Date(1701415051000)/",12350,1000,4242100,52158000000,-100,false,-0.8
"TCH",141658,"/Date(1701415051000)/",12350,100,4241100,52146000000,-100,false,-0.8
"TCH",141658,"/Date(1701415051000)/",12350,300,4241000,52145000000,-100,false,-0.8
"TCH",141658,"/Date(1701415051000)/",12350,500,4240700,52141000000,-100,false,-0.8
"TCH",141658,"/Date(1701415051000)/",12350,100,4240200,52135000000,-100,false,-0.8
"TCH",141658,"/Date(1701415051000)/",12350,9600,4240100,52133000000,-100,false,-0.8
"TCH",141658,"/Date(1701415051000)/",12350,1000,4230500,52015000000,-100,false,-0.8
"TCH",141654,"/Date(1701415051000)/",12350,1000,4229500,52002000000,-100,false,-0.8
"TCH",141654,"/Date(1701415051000)/",12350,2000,4228500,51990000000,-100,false,-0.8
"TCH",141654,"/Date(1701415050000)/",12350,1000,4226500,51965000000,-100,false,-0.8
"TCH",141654,"/Date(1701415049000)/",12350,500,4225500,51953000000,-100,false,-0.8
"TCH",141654,"/Date(1701415049000)/",12350,2000,4225000,51947000000,-100,false,-0.8
"TCH",141654,"/Date(1701415049000)/",12350,100,4223000,51922000000,-100,false,-0.8
"TCH",141654,"/Date(1701415049000)/",12350,2000,4222900,51921000000,-100,false,-0.8
"TCH",141654,"/Date(1701415048000)/",12350,800,4220900,51896000000,-100,false,-0.8
"TCH",141654,"/Date(1701415048000)/",12350,1000,4220100,51886000000,-100,false,-0.8
"TCH",141654,"/Date(1701415048000)/",12350,900,4219100,51874000000,-100,false,-0.8
"TCH",141651,"/Date(1701415046000)/",12350,5000,4218200,51863000000,-100,false,-0.8
"TCH",141651,"/Date(1701415046000)/",12350,9300,4213200,51801000000,-100,false,-0.8
"TCH",141651,"/Date(1701415046000)/",12350,700,4203900,51686000000,-100,false,-0.8
"TCH",141648,"/Date(1701415044000)/",12350,1000,4203200,51678000000,-100,false,-0.8
"TCH",141645,"/Date(1701415041000)/",12350,17800,4202200,51665000000,-100,false,-0.8
"TCH",141645,"/Date(1701415040000)/",12300,300,4184400,51446000000,-150,true,-1.2
"TCH",141645,"/Date(1701415039000)/",12350,300,4184100,51442000000,-100,false,-0.8
"TCH",141642,"/Date(1701415036000)/",12350,800,4183800,51438000000,-100,false,-0.8
"TCH",141632,"/Date(1701415026000)/",12350,100,4183000,51428000000,-100,false,-0.8
"TCH",141623,"/Date(1701415017000)/",12350,6800,4182900,51427000000,-100,false,-0.8
"TCH",141613,"/Date(1701415007000)/",12350,1000,4176100,51343000000,-100,false,-0.8
"TCH",141607,"/Date(1701415001000)/",12350,100,4175100,51331000000,-100,false,-0.8
"TCH",141557,"/Date(1701414993000)/",12350,100,4175000,51329000000,-100,false,-0.8
"TCH",141551,"/Date(1701414987000)/",12350,800,4174900,51328000000,-100,false,-0.8
"TCH",141541,"/Date(1701414975000)/",12350,100,4174100,51318000000,-100,false,-0.8
"TCH",141531,"/Date(1701414966000)/",12350,2000,4174000,51317000000,-100,false,-0.8
"TCH",141531,"/Date(1701414966000)/",12350,100,4172000,51292000000,-100,false,-0.8
"TCH",141528,"/Date(1701414962000)/",12350,4000,4171900,51291000000,-100,false,-0.8
"TCH",141522,"/Date(1701414955000)/",12350,500,4167900,51242000000,-100,false,-0.8
"TCH",141519,"/Date(1701414953000)/",12350,100,4167400,51236000000,-100,false,-0.8
"TCH",141512,"/Date(1701414946000)/",12350,200,4167300,51234000000,-100,false,-0.8
"TCH",141503,"/Date(1701414936000)/",12300,400,4167100,51232000000,-150,true,-1.2
"TCH",141500,"/Date(1701414934000)/",12300,100,4166700,51227000000,-150,true,-1.2
"TCH",141500,"/Date(1701414934000)/",12300,1000,4166600,51226000000,-150,true,-1.2
"TCH",141500,"/Date(1701414934000)/",12300,200,4165600,51213000000,-150,true,-1.2
"TCH",141500,"/Date(1701414934000)/",12300,200,4165400,51211000000,-150,true,-1.2
"TCH",141500,"/Date(1701414934000)/",12300,1500,4165200,51209000000,-150,true,-1.2
"TCH",141450,"/Date(1701414926000)/",12300,200,4163700,51190000000,-150,false,-1.2
"TCH",141450,"/Date(1701414926000)/",12300,300,4163500,51188000000,-150,false,-1.2
"TCH",141450,"/Date(1701414926000)/",12300,3000,4163200,51184000000,-150,false,-1.2
"TCH",141450,"/Date(1701414925000)/",12300,2000,4160200,51147000000,-150,false,-1.2
"TCH",141447,"/Date(1701414921000)/",12300,300,4158200,51122000000,-150,false,-1.2
"TCH",141447,"/Date(1701414921000)/",12300,700,4157900,51119000000,-150,false,-1.2
"TCH",141447,"/Date(1701414920000)/",12300,500,4157200,51110000000,-150,false,-1.2
"TCH",141447,"/Date(1701414920000)/",12300,2000,4156700,51104000000,-150,false,-1.2
"TCH",141437,"/Date(1701414912000)/",12300,100,4154700,51079000000,-150,false,-1.2
"TCH",141434,"/Date(1701414910000)/",12300,1300,4154600,51078000000,-150,false,-1.2
"TCH",141428,"/Date(1701414903000)/",12300,300,4153300,51062000000,-150,false,-1.2
"TCH",141418,"/Date(1701414891000)/",12300,5000,4153000,51058000000,-150,false,-1.2
"TCH",141412,"/Date(1701414887000)/",12300,100,4148000,50997000000,-150,false,-1.2
"TCH",141412,"/Date(1701414887000)/",12300,400,4147900,50996000000,-150,false,-1.2
"TCH",141402,"/Date(1701414877000)/",12300,600,4147500,50991000000,-150,false,-1.2
"TCH",141402,"/Date(1701414877000)/",12300,400,4146900,50983000000,-150,false,-1.2
"TCH",141331,"/Date(1701414846000)/",12250,200,4146500,50978000000,-200,true,-1.61
"TCH",141318,"/Date(1701414831000)/",12250,300,4146300,50976000000,-200,true,-1.61
"TCH",141302,"/Date(1701414816000)/",12300,500,4146000,50972000000,-150,false,-1.2
"TCH",141249,"/Date(1701414805000)/",12300,4100,4145500,50966000000,-150,false,-1.2
"TCH",141249,"/Date(1701414805000)/",12300,900,4141400,50916000000,-150,false,-1.2
"TCH",141249,"/Date(1701414804000)/",12250,100,4140500,50905000000,-200,true,-1.61
"TCH",141233,"/Date(1701414789000)/",12250,3100,4140400,50903000000,-200,true,-1.61
"TCH",141233,"/Date(1701414789000)/",12250,5000,4137300,50866000000,-200,true,-1.61
"TCH",141233,"/Date(1701414789000)/",12250,100,4132300,50804000000,-200,true,-1.61
"TCH",141233,"/Date(1701414789000)/",12250,3000,4132200,50803000000,-200,true,-1.61
"TCH",141233,"/Date(1701414789000)/",12250,8000,4129200,50766000000,-200,true,-1.61
"TCH",141233,"/Date(1701414789000)/",12250,800,4121200,50668000000,-200,true,-1.61
"TCH",141233,"/Date(1701414788000)/",12300,300,4120400,50658000000,-150,false,-1.2
"TCH",141208,"/Date(1701414762000)/",12300,400,4120100,50655000000,-150,false,-1.2
"TCH",141205,"/Date(1701414758000)/",12300,1000,4119700,50650000000,-150,false,-1.2
"TCH",141201,"/Date(1701414755000)/",12300,100,4118700,50638000000,-150,false,-1.2
"TCH",141152,"/Date(1701414745000)/",12300,2000,4118600,50636000000,-150,false,-1.2
"TCH",141142,"/Date(1701414738000)/",12300,300,4116600,50612000000,-150,true,-1.2
"TCH",141136,"/Date(1701414729000)/",12300,700,4116300,50608000000,-150,true,-1.2
"TCH",141136,"/Date(1701414729000)/",12300,300,4115600,50599000000,-150,true,-1.2
"TCH",141136,"/Date(1701414727000)/",12300,200,4115300,50596000000,-150,true,-1.2
"TCH",141136,"/Date(1701414727000)/",12300,200,4115100,50593000000,-150,true,-1.2
"TCH",141117,"/Date(1701414711000)/",12300,100,4114900,50591000000,-150,true,-1.2
"TCH",141117,"/Date(1701414711000)/",12300,100,4114800,50590000000,-150,true,-1.2
"TCH",141117,"/Date(1701414711000)/",12300,800,4114700,50588000000,-150,true,-1.2
"TCH",141110,"/Date(1701414705000)/",12300,200,4113900,50579000000,-150,true,-1.2
"TCH",141110,"/Date(1701414705000)/",12300,1200,4113700,50576000000,-150,true,-1.2
"TCH",141110,"/Date(1701414705000)/",12300,500,4112500,50561000000,-150,true,-1.2
"TCH",141110,"/Date(1701414705000)/",12300,5000,4112000,50555000000,-150,true,-1.2
"TCH",141110,"/Date(1701414705000)/",12300,5000,4107000,50494000000,-150,true,-1.2
"TCH",141110,"/Date(1701414705000)/",12300,500,4102000,50432000000,-150,true,-1.2
"TCH",141110,"/Date(1701414705000)/",12300,1500,4101500,50426000000,-150,true,-1.2
"TCH",141110,"/Date(1701414705000)/",12300,100,4100000,50408000000,-150,true,-1.2
"TCH",141110,"/Date(1701414705000)/",12300,2000,4099900,50406000000,-150,true,-1.2
"TCH",141107,"/Date(1701414701000)/",12300,500,4097900,50382000000,-150,true,-1.2
"TCH",141104,"/Date(1701414698000)/",12300,100,4097400,50376000000,-150,true,-1.2
"TCH",141104,"/Date(1701414697000)/",12300,2400,4097300,50374000000,-150,true,-1.2
"TCH",141104,"/Date(1701414697000)/",12300,1600,4094900,50345000000,-150,true,-1.2
"TCH",141055,"/Date(1701414688000)/",12300,2500,4093300,50325000000,-150,true,-1.2
"TCH",141048,"/Date(1701414682000)/",12300,400,4090800,50294000000,-150,true,-1.2
"TCH",141048,"/Date(1701414682000)/",12300,500,4090400,50289000000,-150,true,-1.2
"TCH",141048,"/Date(1701414682000)/",12300,100,4089900,50283000000,-150,true,-1.2
"TCH",141048,"/Date(1701414682000)/",12300,400,4089800,50282000000,-150,true,-1.2
"TCH",141042,"/Date(1701414676000)/",12300,100,4089400,50277000000,-150,true,-1.2
"TCH",141013,"/Date(1701414646000)/",12300,900,4089300,50276000000,-150,true,-1.2
"TCH",140948,"/Date(1701414623000)/",12300,300,4088400,50265000000,-150,true,-1.2
"TCH",140945,"/Date(1701414620000)/",12350,200,4088100,50261000000,-100,true,-0.8
"TCH",140945,"/Date(1701414620000)/",12350,13300,4087900,50259000000,-100,true,-0.8
"TCH",140941,"/Date(1701414615000)/",12350,800,4074600,50094000000,-100,true,-0.8
"TCH",140935,"/Date(1701414609000)/",12350,4300,4073800,50085000000,-100,true,-0.8
"TCH",140929,"/Date(1701414602000)/",12350,200,4069500,50031000000,-100,true,-0.8
"TCH",140919,"/Date(1701414593000)/",12350,100,4069300,50029000000,-100,false,-0.8
"TCH",140919,"/Date(1701414593000)/",12350,2000,4069200,50028000000,-100,false,-0.8
"TCH",140919,"/Date(1701414593000)/",12350,3300,4067200,50003000000,-100,false,-0.8
"TCH",140850,"/Date(1701414566000)/",12300,100,4063900,49962000000,-150,true,-1.2
"TCH",140850,"/Date(1701414564000)/",12350,200,4063800,49961000000,-100,false,-0.8
"TCH",140844,"/Date(1701414559000)/",12350,900,4063600,49959000000,-100,false,-0.8
"TCH",140841,"/Date(1701414556000)/",12350,1000,4062700,49948000000,-100,false,-0.8
"TCH",140835,"/Date(1701414547000)/",12350,200,4061700,49935000000,-100,true,-0.8
"TCH",140835,"/Date(1701414547000)/",12350,5000,4061500,49933000000,-100,true,-0.8
"TCH",140835,"/Date(1701414547000)/",12350,500,4056500,49871000000,-100,true,-0.8
"TCH",140835,"/Date(1701414547000)/",12350,500,4056000,49865000000,-100,true,-0.8
"TCH",140835,"/Date(1701414547000)/",12350,300,4055500,49859000000,-100,true,-0.8
"TCH",140835,"/Date(1701414547000)/",12350,3100,4055200,49855000000,-100,true,-0.8
"TCH",140831,"/Date(1701414545000)/",12350,6900,4052100,49817000000,-100,true,-0.8
"TCH",140831,"/Date(1701414545000)/",12350,8100,4045200,49731000000,-100,true,-0.8
"TCH",140819,"/Date(1701414531000)/",12350,2400,4037100,49631000000,-100,true,-0.8
"TCH",140819,"/Date(1701414531000)/",12350,100,4034700,49602000000,-100,true,-0.8
"TCH",140819,"/Date(1701414531000)/",12350,1000,4034600,49600000000,-100,true,-0.8
"TCH",140819,"/Date(1701414531000)/",12350,100,4033600,49588000000,-100,true,-0.8
"TCH",140812,"/Date(1701414526000)/",12350,1000,4033500,49587000000,-100,true,-0.8
"TCH",140812,"/Date(1701414525000)/",12350,3000,4032500,49575000000,-100,true,-0.8
"TCH",140809,"/Date(1701414524000)/",12350,100,4029500,49537000000,-100,true,-0.8
"TCH",140806,"/Date(1701414519000)/",12350,400,4029400,49536000000,-100,true,-0.8
"TCH",140759,"/Date(1701414515000)/",12350,400,4029000,49531000000,-100,true,-0.8
"TCH",140759,"/Date(1701414515000)/",12350,1000,4028600,49526000000,-100,true,-0.8
"TCH",140759,"/Date(1701414515000)/",12350,500,4027600,49514000000,-100,true,-0.8
"TCH",140759,"/Date(1701414515000)/",12350,100,4027100,49508000000,-100,true,-0.8
"TCH",140750,"/Date(1701414504000)/",12400,200,4027000,49507000000,-50,false,-0.4
"TCH",140750,"/Date(1701414504000)/",12400,1900,4026800,49504000000,-50,false,-0.4
"TCH",140750,"/Date(1701414504000)/",12400,2200,4024900,49481000000,-50,false,-0.4
"TCH",140750,"/Date(1701414504000)/",12400,5000,4022700,49453000000,-50,false,-0.4
"TCH",140750,"/Date(1701414504000)/",12400,6500,4017700,49391000000,-50,false,-0.4
"TCH",140750,"/Date(1701414504000)/",12400,3000,4011200,49311000000,-50,false,-0.4
"TCH",140750,"/Date(1701414504000)/",12400,3000,4008200,49274000000,-50,false,-0.4
"TCH",140747,"/Date(1701414502000)/",12450,300,4005200,49236000000,0,false,0
"TCH",140740,"/Date(1701414495000)/",12450,1000,4004900,49233000000,0,false,0
"TCH",140731,"/Date(1701414485000)/",12450,4100,4003900,49220000000,0,false,0
"TCH",140731,"/Date(1701414485000)/",12450,1000,3999800,49169000000,0,false,0
"TCH",140731,"/Date(1701414485000)/",12450,2000,3998800,49157000000,0,false,0
"TCH",140731,"/Date(1701414485000)/",12450,500,3996800,49132000000,0,false,0
"TCH",140731,"/Date(1701414485000)/",12450,2400,3996300,49125000000,0,false,0
"TCH",140728,"/Date(1701414483000)/",12400,1000,3993900,49096000000,-50,true,-0.4
"TCH",140725,"/Date(1701414479000)/",12400,4000,3992900,49083000000,-50,true,-0.4
"TCH",140725,"/Date(1701414479000)/",12400,1000,3988900,49034000000,-50,true,-0.4
"TCH",140725,"/Date(1701414477000)/",12450,900,3987900,49021000000,0,false,0
"TCH",140725,"/Date(1701414477000)/",12450,100,3987000,49010000000,0,false,0
"TCH",140721,"/Date(1701414476000)/",12450,4900,3986900,49009000000,0,false,0
"TCH",140721,"/Date(1701414476000)/",12400,100,3982000,48948000000,-50,true,-0.4
"TCH",140721,"/Date(1701414476000)/",12450,1000,3981900,48947000000,0,false,0
"TCH",140721,"/Date(1701414474000)/",12400,100,3980900,48934000000,-50,true,-0.4
"TCH",140721,"/Date(1701414474000)/",12400,100,3980800,48933000000,-50,true,-0.4
"TCH",140712,"/Date(1701414466000)/",12400,200,3980700,48932000000,-50,true,-0.4
"TCH",140712,"/Date(1701414466000)/",12400,700,3980500,48929000000,-50,true,-0.4
"TCH",140712,"/Date(1701414466000)/",12400,100,3979800,48920000000,-50,true,-0.4
"TCH",140709,"/Date(1701414463000)/",12400,2000,3979700,48919000000,-50,false,-0.4
"TCH",140709,"/Date(1701414462000)/",12400,200,3977700,48894000000,-50,false,-0.4
"TCH",140705,"/Date(1701414459000)/",12400,5000,3977500,48892000000,-50,false,-0.4
"TCH",140705,"/Date(1701414458000)/",12400,100,3972500,48830000000,-50,false,-0.4
"TCH",140705,"/Date(1701414458000)/",12400,1900,3972400,48829000000,-50,false,-0.4
"TCH",140705,"/Date(1701414458000)/",12400,100,3970500,48805000000,-50,false,-0.4
"TCH",140702,"/Date(1701414457000)/",12400,800,3970400,48804000000,-50,false,-0.4
"TCH",140702,"/Date(1701414457000)/",12400,25000,3969600,48794000000,-50,false,-0.4
"TCH",140702,"/Date(1701414457000)/",12400,300,3944600,48484000000,-50,false,-0.4
"TCH",140702,"/Date(1701414457000)/",12400,200,3944300,48480000000,-50,false,-0.4
"TCH",140702,"/Date(1701414457000)/",12400,800,3944100,48478000000,-50,false,-0.4
"TCH",140702,"/Date(1701414457000)/",12400,8000,3943300,48468000000,-50,false,-0.4
"TCH",140702,"/Date(1701414457000)/",12400,4900,3935300,48369000000,-50,false,-0.4
"TCH",140702,"/Date(1701414455000)/",12400,500,3930400,48308000000,-50,false,-0.4
"TCH",140659,"/Date(1701414452000)/",12400,300,3929900,48302000000,-50,false,-0.4
"TCH",140656,"/Date(1701414451000)/",12400,20000,3929600,48298000000,-50,false,-0.4
"TCH",140656,"/Date(1701414450000)/",12400,500,3909600,48050000000,-50,false,-0.4
"TCH",140653,"/Date(1701414447000)/",12400,2000,3909100,48044000000,-50,false,-0.4
"TCH",140653,"/Date(1701414446000)/",12400,5000,3907100,48019000000,-50,false,-0.4
"TCH",140643,"/Date(1701414436000)/",12400,16800,3902100,47957000000,-50,false,-0.4
"TCH",140643,"/Date(1701414436000)/",12400,5000,3885300,47749000000,-50,false,-0.4
"TCH",140643,"/Date(1701414436000)/",12400,5000,3880300,47687000000,-50,false,-0.4
"TCH",140643,"/Date(1701414436000)/",12400,400,3875300,47625000000,-50,false,-0.4
"TCH",140643,"/Date(1701414436000)/",12400,100,3874900,47620000000,-50,false,-0.4
"TCH",140643,"/Date(1701414436000)/",12400,1000,3874800,47618000000,-50,false,-0.4
"TCH",140643,"/Date(1701414436000)/",12400,100,3873800,47606000000,-50,false,-0.4
"TCH",140643,"/Date(1701414436000)/",12400,1000,3873700,47605000000,-50,false,-0.4
"TCH",140643,"/Date(1701414436000)/",12400,100,3872700,47592000000,-50,false,-0.4
"TCH",140643,"/Date(1701414436000)/",12400,2000,3872600,47591000000,-50,false,-0.4
"TCH",140643,"/Date(1701414436000)/",12400,500,3870600,47566000000,-50,false,-0.4
"TCH",140643,"/Date(1701414436000)/",12400,5000,3870100,47560000000,-50,false,-0.4
"TCH",140643,"/Date(1701414436000)/",12400,20000,3865100,47498000000,-50,false,-0.4
"TCH",140643,"/Date(1701414436000)/",12400,100,3845100,47250000000,-50,false,-0.4
"TCH",140643,"/Date(1701414436000)/",12400,1000,3845000,47249000000,-50,false,-0.4
"TCH",140643,"/Date(1701414436000)/",12400,1000,3844000,47237000000,-50,false,-0.4
"TCH",140643,"/Date(1701414436000)/",12400,1000,3843000,47224000000,-50,false,-0.4
"TCH",140643,"/Date(1701414436000)/",12400,100,3842000,47212000000,-50,false,-0.4
"TCH",140643,"/Date(1701414436000)/",12400,10000,3841900,47210000000,-50,false,-0.4
"TCH",140643,"/Date(1701414436000)/",12400,300,3831900,47086000000,-50,false,-0.4
"TCH",140643,"/Date(1701414436000)/",12400,1000,3831600,47083000000,-50,false,-0.4
"TCH",140643,"/Date(1701414436000)/",12400,100,3830600,47070000000,-50,false,-0.4
"TCH",140643,"/Date(1701414436000)/",12400,3000,3830500,47069000000,-50,false,-0.4
"TCH",140643,"/Date(1701414436000)/",12400,1500,3827500,47032000000,-50,false,-0.4
"TCH",140643,"/Date(1701414436000)/",12400,100,3826000,47013000000,-50,false,-0.4
"TCH",140643,"/Date(1701414436000)/",12400,100,3825900,47012000000,-50,false,-0.4
"TCH",140643,"/Date(1701414436000)/",12400,100,3825800,47011000000,-50,false,-0.4
"TCH",140643,"/Date(1701414436000)/",12400,10000,3825700,47010000000,-50,false,-0.4
"TCH",140643,"/Date(1701414436000)/",12400,5000,3815700,46886000000,-50,false,-0.4
"TCH",140643,"/Date(1701414436000)/",12400,100,3810700,46824000000,-50,false,-0.4
"TCH",140643,"/Date(1701414436000)/",12400,1000,3810600,46822000000,-50,false,-0.4
"TCH",140643,"/Date(1701414436000)/",12400,1500,3809600,46810000000,-50,false,-0.4
"TCH",140643,"/Date(1701414436000)/",12400,2500,3808100,46791000000,-50,false,-0.4
"TCH",140643,"/Date(1701414436000)/",12400,1000,3805600,46760000000,-50,false,-0.4
"TCH",140643,"/Date(1701414436000)/",12400,500,3804600,46748000000,-50,false,-0.4
"TCH",140640,"/Date(1701414433000)/",12400,500,3804100,46742000000,-50,false,-0.4
"TCH",140640,"/Date(1701414432000)/",12350,400,3803600,46736000000,-100,true,-0.8
"TCH",140640,"/Date(1701414432000)/",12350,700,3803200,46731000000,-100,true,-0.8
"TCH",140634,"/Date(1701414428000)/",12350,200,3802500,46722000000,-100,true,-0.8
"TCH",140627,"/Date(1701414420000)/",12400,1000,3802300,46719000000,-50,false,-0.4
"TCH",140621,"/Date(1701414415000)/",12350,400,3801300,46707000000,-100,true,-0.8
"TCH",140621,"/Date(1701414414000)/",12400,2000,3800900,46702000000,-50,false,-0.4
"TCH",140618,"/Date(1701414410000)/",12400,5000,3798900,46677000000,-50,false,-0.4
"TCH",140614,"/Date(1701414408000)/",12400,1000,3793900,46615000000,-50,false,-0.4
"TCH",140614,"/Date(1701414407000)/",12400,500,3792900,46603000000,-50,false,-0.4
"TCH",140608,"/Date(1701414401000)/",12400,500,3792400,46597000000,-50,false,-0.4
"TCH",140552,"/Date(1701414387000)/",12400,9500,3791900,46591000000,-50,false,-0.4
"TCH",140552,"/Date(1701414387000)/",12400,2000,3782400,46473000000,-50,false,-0.4
"TCH",140552,"/Date(1701414387000)/",12400,18500,3780400,46448000000,-50,false,-0.4
"TCH",140549,"/Date(1701414382000)/",12400,1500,3761900,46219000000,-50,false,-0.4
"TCH",140546,"/Date(1701414380000)/",12400,300,3760400,46200000000,-50,false,-0.4
"TCH",140539,"/Date(1701414374000)/",12400,3000,3760100,46196000000,-50,false,-0.4
"TCH",140536,"/Date(1701414369000)/",12400,1000,3757100,46159000000,-50,false,-0.4
"TCH",140530,"/Date(1701414365000)/",12400,500,3756100,46147000000,-50,false,-0.4
"TCH",140527,"/Date(1701414360000)/",12400,5000,3755600,46140000000,-50,false,-0.4
"TCH",140517,"/Date(1701414350000)/",12400,1400,3750600,46078000000,-50,false,-0.4
"TCH",140514,"/Date(1701414349000)/",12400,5000,3749200,46061000000,-50,false,-0.4
"TCH",140508,"/Date(1701414341000)/",12400,10000,3744200,45999000000,-50,false,-0.4
"TCH",140508,"/Date(1701414340000)/",12350,3700,3734200,45875000000,-100,false,-0.8
"TCH",140501,"/Date(1701414334000)/",12350,300,3730500,45829000000,-100,false,-0.8
"TCH",140458,"/Date(1701414330000)/",12350,5000,3730200,45826000000,-100,false,-0.8
"TCH",140458,"/Date(1701414330000)/",12350,200,3725200,45764000000,-100,false,-0.8
"TCH",140455,"/Date(1701414330000)/",12350,800,3725000,45761000000,-100,true,-0.8
"TCH",140452,"/Date(1701414326000)/",12350,500,3724200,45752000000,-100,false,-0.8
"TCH",140452,"/Date(1701414326000)/",12350,700,3723700,45745000000,-100,false,-0.8
"TCH",140448,"/Date(1701414322000)/",12350,2300,3723000,45737000000,-100,false,-0.8
"TCH",140448,"/Date(1701414322000)/",12350,300,3720700,45708000000,-100,false,-0.8
"TCH",140448,"/Date(1701414322000)/",12350,500,3720400,45705000000,-100,false,-0.8
"TCH",140448,"/Date(1701414322000)/",12350,700,3719900,45698000000,-100,false,-0.8
"TCH",140448,"/Date(1701414322000)/",12350,400,3719200,45690000000,-100,false,-0.8
"TCH",140448,"/Date(1701414322000)/",12350,100,3718800,45685000000,-100,false,-0.8
"TCH",140448,"/Date(1701414322000)/",12350,1000,3718700,45684000000,-100,false,-0.8
"TCH",140448,"/Date(1701414322000)/",12350,400,3717700,45671000000,-100,false,-0.8
"TCH",140448,"/Date(1701414322000)/",12350,500,3717300,45666000000,-100,false,-0.8
"TCH",140448,"/Date(1701414322000)/",12350,200,3716800,45660000000,-100,false,-0.8
"TCH",140448,"/Date(1701414322000)/",12350,400,3716600,45658000000,-100,false,-0.8
"TCH",140448,"/Date(1701414322000)/",12350,200,3716200,45653000000,-100,false,-0.8
"TCH",140448,"/Date(1701414322000)/",12350,2500,3716000,45650000000,-100,false,-0.8
"TCH",140448,"/Date(1701414322000)/",12350,500,3713500,45619000000,-100,false,-0.8
"TCH",140448,"/Date(1701414321000)/",12350,1300,3713000,45613000000,-100,false,-0.8
"TCH",140448,"/Date(1701414321000)/",12350,3700,3711700,45597000000,-100,false,-0.8
"TCH",140448,"/Date(1701414321000)/",12350,500,3708000,45552000000,-100,false,-0.8
"TCH",140445,"/Date(1701414318000)/",12350,1000,3707500,45545000000,-100,false,-0.8
"TCH",140442,"/Date(1701414316000)/",12350,4800,3706500,45533000000,-100,false,-0.8
"TCH",140442,"/Date(1701414316000)/",12350,5200,3701700,45474000000,-100,false,-0.8
"TCH",140442,"/Date(1701414314000)/",12350,800,3696500,45409000000,-100,false,-0.8
"TCH",140442,"/Date(1701414314000)/",12350,500,3695700,45400000000,-100,false,-0.8
"TCH",140442,"/Date(1701414314000)/",12350,100,3695200,45393000000,-100,false,-0.8
"TCH",140442,"/Date(1701414314000)/",12350,200,3695100,45392000000,-100,false,-0.8
"TCH",140439,"/Date(1701414311000)/",12300,300,3694900,45390000000,-150,true,-1.2
"TCH",140436,"/Date(1701414310000)/",12350,300,3694600,45386000000,-100,false,-0.8
"TCH",140436,"/Date(1701414310000)/",12350,6200,3694300,45382000000,-100,false,-0.8
"TCH",140436,"/Date(1701414310000)/",12350,500,3688100,45306000000,-100,false,-0.8
"TCH",140436,"/Date(1701414310000)/",12350,2600,3687600,45300000000,-100,false,-0.8
"TCH",140436,"/Date(1701414310000)/",12350,63400,3685000,45267000000,-100,false,-0.8
"TCH",140407,"/Date(1701414282000)/",12300,400,3621600,44484000000,-150,true,-1.2
"TCH",140407,"/Date(1701414282000)/",12300,8000,3621200,44480000000,-150,true,-1.2
"TCH",140407,"/Date(1701414281000)/",12300,400,3613200,44381000000,-150,true,-1.2
"TCH",140354,"/Date(1701414268000)/",12300,1600,3612800,44376000000,-150,false,-1.2
"TCH",140351,"/Date(1701414264000)/",12300,5000,3611200,44357000000,-150,false,-1.2
"TCH",140351,"/Date(1701414264000)/",12300,2000,3606200,44295000000,-150,false,-1.2
"TCH",140351,"/Date(1701414264000)/",12300,3700,3604200,44270000000,-150,false,-1.2
"TCH",140351,"/Date(1701414264000)/",12300,500,3600500,44225000000,-150,false,-1.2
"TCH",140351,"/Date(1701414264000)/",12300,20000,3600000,44219000000,-150,false,-1.2
"TCH",140351,"/Date(1701414264000)/",12300,200,3580000,43973000000,-150,false,-1.2
"TCH",140351,"/Date(1701414264000)/",12300,500,3579800,43970000000,-150,false,-1.2
"TCH",140351,"/Date(1701414264000)/",12300,1000,3579300,43964000000,-150,false,-1.2
"TCH",140351,"/Date(1701414264000)/",12300,1000,3578300,43952000000,-150,false,-1.2
"TCH",140351,"/Date(1701414264000)/",12300,2000,3577300,43940000000,-150,false,-1.2
"TCH",140351,"/Date(1701414264000)/",12300,1500,3575300,43915000000,-150,false,-1.2
"TCH",140351,"/Date(1701414264000)/",12300,200,3573800,43897000000,-150,false,-1.2
"TCH",140351,"/Date(1701414264000)/",12300,600,3573600,43894000000,-150,false,-1.2
"TCH",140351,"/Date(1701414264000)/",12300,500,3573000,43887000000,-150,false,-1.2
"TCH",140351,"/Date(1701414264000)/",12300,30000,3572500,43881000000,-150,false,-1.2
"TCH",140351,"/Date(1701414264000)/",12300,5000,3542500,43512000000,-150,false,-1.2
"TCH",140351,"/Date(1701414264000)/",12300,2000,3537500,43450000000,-150,false,-1.2
"TCH",140351,"/Date(1701414264000)/",12300,200,3535500,43425000000,-150,false,-1.2
"TCH",140351,"/Date(1701414264000)/",12300,800,3535300,43423000000,-150,false,-1.2
"TCH",140351,"/Date(1701414264000)/",12300,10000,3534500,43413000000,-150,false,-1.2
"TCH",140351,"/Date(1701414264000)/",12300,2300,3524500,43290000000,-150,false,-1.2
"TCH",140351,"/Date(1701414264000)/",12300,100,3522200,43262000000,-150,false,-1.2
"TCH",140351,"/Date(1701414264000)/",12300,200,3522100,43261000000,-150,false,-1.2
"TCH",140351,"/Date(1701414264000)/",12300,700,3521900,43258000000,-150,false,-1.2
"TCH",140351,"/Date(1701414264000)/",12300,10000,3521200,43250000000,-150,false,-1.2
"TCH",140338,"/Date(1701414251000)/",12250,1200,3511200,43127000000,-200,true,-1.61
"TCH",140332,"/Date(1701414245000)/",12250,8800,3510000,43112000000,-200,false,-1.61
"TCH",140332,"/Date(1701414245000)/",12250,1000,3501200,43004000000,-200,false,-1.61
"TCH",140332,"/Date(1701414245000)/",12250,200,3500200,42992000000,-200,false,-1.61
"TCH",140329,"/Date(1701414241000)/",12250,4800,3500000,42989000000,-200,false,-1.61
"TCH",140329,"/Date(1701414241000)/",12250,15200,3495200,42931000000,-200,false,-1.61
"TCH",140326,"/Date(1701414239000)/",12250,3000,3480000,42744000000,-200,false,-1.61
"TCH",140313,"/Date(1701414227000)/",12250,200,3477000,42708000000,-200,false,-1.61
"TCH",140313,"/Date(1701414226000)/",12250,1600,3476800,42705000000,-200,false,-1.61
"TCH",140313,"/Date(1701414226000)/",12250,1400,3475200,42686000000,-200,false,-1.61
"TCH",140303,"/Date(1701414216000)/",12250,1500,3473800,42668000000,-200,false,-1.61
"TCH",140300,"/Date(1701414213000)/",12250,7100,3472300,42650000000,-200,false,-1.61
"TCH",140300,"/Date(1701414213000)/",12250,500,3465200,42563000000,-200,false,-1.61
"TCH",140300,"/Date(1701414213000)/",12250,2400,3464700,42557000000,-200,false,-1.61
"TCH",140300,"/Date(1701414213000)/",12250,600,3462300,42528000000,-200,false,-1.61
"TCH",140300,"/Date(1701414213000)/",12250,500,3461700,42520000000,-200,false,-1.61
"TCH",140300,"/Date(1701414213000)/",12250,100,3461200,42514000000,-200,false,-1.61
"TCH",140300,"/Date(1701414213000)/",12250,400,3461100,42513000000,-200,false,-1.61
"TCH",140254,"/Date(1701414207000)/",12200,400,3460700,42508000000,-250,true,-2.01
"TCH",140254,"/Date(1701414206000)/",12250,600,3460300,42503000000,-200,false,-1.61
"TCH",140254,"/Date(1701414206000)/",12250,300,3459700,42496000000,-200,false,-1.61
"TCH",140254,"/Date(1701414206000)/",12250,20000,3459400,42492000000,-200,false,-1.61
"TCH",140241,"/Date(1701414194000)/",12250,5000,3439400,42247000000,-200,false,-1.61
"TCH",140128,"/Date(1701414119000)/",12250,200,3434400,42186000000,-200,false,-1.61
"TCH",140121,"/Date(1701414115000)/",12200,3400,3434200,42183000000,-250,true,-2.01
"TCH",140121,"/Date(1701414115000)/",12200,1000,3430800,42142000000,-250,true,-2.01
"TCH",140121,"/Date(1701414115000)/",12200,100,3429800,42130000000,-250,true,-2.01
"TCH",140121,"/Date(1701414115000)/",12200,10000,3429700,42128000000,-250,true,-2.01
"TCH",140121,"/Date(1701414115000)/",12200,1000,3419700,42006000000,-250,true,-2.01
"TCH",140121,"/Date(1701414115000)/",12200,200,3418700,41994000000,-250,true,-2.01
"TCH",140121,"/Date(1701414115000)/",12200,400,3418500,41992000000,-250,true,-2.01
"TCH",140121,"/Date(1701414115000)/",12200,1000,3418100,41987000000,-250,true,-2.01
"TCH",140121,"/Date(1701414115000)/",12200,2900,3417100,41975000000,-250,true,-2.01
"TCH",140112,"/Date(1701414106000)/",12200,100,3414200,41939000000,-250,true,-2.01
"TCH",140108,"/Date(1701414103000)/",12200,300,3414100,41938000000,-250,true,-2.01
"TCH",140053,"/Date(1701414085000)/",12200,400,3413800,41934000000,-250,true,-2.01
"TCH",140027,"/Date(1701414059000)/",12200,4000,3413400,41930000000,-250,true,-2.01
"TCH",140008,"/Date(1701414041000)/",12250,500,3409400,41881000000,-200,false,-1.61
"TCH",135943,"/Date(1701414017000)/",12250,1000,3408900,41875000000,-200,false,-1.61
"TCH",135939,"/Date(1701414013000)/",12250,10300,3407900,41862000000,-200,false,-1.61
"TCH",135939,"/Date(1701414013000)/",12250,9700,3397600,41736000000,-200,false,-1.61
"TCH",135927,"/Date(1701413999000)/",12200,400,3387900,41617000000,-250,true,-2.01
"TCH",135914,"/Date(1701413986000)/",12250,300,3387500,41613000000,-200,false,-1.61
"TCH",135914,"/Date(1701413986000)/",12250,100,3387200,41609000000,-200,false,-1.61
"TCH",135914,"/Date(1701413986000)/",12250,200,3387100,41608000000,-200,false,-1.61
"TCH",135914,"/Date(1701413986000)/",12250,900,3386900,41605000000,-200,false,-1.61
"TCH",135848,"/Date(1701413961000)/",12250,100,3386000,41594000000,-200,false,-1.61
"TCH",135848,"/Date(1701413961000)/",12250,2900,3385900,41593000000,-200,false,-1.61
"TCH",135836,"/Date(1701413947000)/",12250,200,3383000,41557000000,-200,false,-1.61
"TCH",135833,"/Date(1701413946000)/",12250,900,3382800,41555000000,-200,false,-1.61
"TCH",135829,"/Date(1701413942000)/",12250,1000,3381900,41544000000,-200,false,-1.61
"TCH",135810,"/Date(1701413924000)/",12250,100,3380900,41532000000,-200,false,-1.61
"TCH",135807,"/Date(1701413920000)/",12250,300,3380800,41530000000,-200,false,-1.61
"TCH",135804,"/Date(1701413918000)/",12250,500,3380500,41527000000,-200,false,-1.61
"TCH",135804,"/Date(1701413918000)/",12250,5500,3380000,41521000000,-200,false,-1.61
"TCH",135804,"/Date(1701413917000)/",12250,2000,3374500,41453000000,-200,false,-1.61
"TCH",135801,"/Date(1701413915000)/",12250,1300,3372500,41429000000,-200,false,-1.61
"TCH",135801,"/Date(1701413913000)/",12250,1000,3371200,41413000000,-200,false,-1.61
"TCH",135751,"/Date(1701413905000)/",12250,10000,3370200,41401000000,-200,false,-1.61
"TCH",135742,"/Date(1701413895000)/",12200,400,3360200,41278000000,-250,true,-2.01
"TCH",135738,"/Date(1701413891000)/",12250,400,3359800,41273000000,-200,false,-1.61
"TCH",135732,"/Date(1701413886000)/",12250,4200,3359400,41268000000,-200,false,-1.61
"TCH",135729,"/Date(1701413883000)/",12250,5000,3355200,41217000000,-200,false,-1.61
"TCH",135723,"/Date(1701413876000)/",12250,100,3350200,41156000000,-200,false,-1.61
"TCH",135723,"/Date(1701413876000)/",12250,1000,3350100,41154000000,-200,false,-1.61
"TCH",135719,"/Date(1701413872000)/",12250,1000,3349100,41142000000,-200,false,-1.61
"TCH",135719,"/Date(1701413871000)/",12250,14000,3348100,41130000000,-200,false,-1.61
"TCH",135713,"/Date(1701413867000)/",12250,10000,3334100,40958000000,-200,false,-1.61
"TCH",135707,"/Date(1701413860000)/",12250,1000,3324100,40836000000,-200,false,-1.61
"TCH",135644,"/Date(1701413838000)/",12250,5100,3323100,40824000000,-200,false,-1.61
"TCH",135644,"/Date(1701413838000)/",12250,900,3318000,40761000000,-200,false,-1.61
"TCH",135635,"/Date(1701413826000)/",12250,500,3317100,40750000000,-200,false,-1.61
"TCH",135635,"/Date(1701413826000)/",12250,1100,3316600,40744000000,-200,false,-1.61
"TCH",135628,"/Date(1701413821000)/",12250,500,3315500,40731000000,-200,false,-1.61
"TCH",135600,"/Date(1701413792000)/",12250,8100,3315000,40724000000,-200,false,-1.61
"TCH",135557,"/Date(1701413791000)/",12200,300,3306900,40625000000,-250,true,-2.01
"TCH",135553,"/Date(1701413785000)/",12200,100,3306600,40622000000,-250,true,-2.01
"TCH",135547,"/Date(1701413780000)/",12200,400,3306500,40620000000,-250,true,-2.01
"TCH",135512,"/Date(1701413746000)/",12200,700,3306100,40615000000,-250,false,-2.01
"TCH",135512,"/Date(1701413745000)/",12200,300,3305400,40607000000,-250,false,-2.01
"TCH",135506,"/Date(1701413740000)/",12200,5000,3305100,40603000000,-250,false,-2.01
"TCH",135503,"/Date(1701413737000)/",12200,2000,3300100,40542000000,-250,false,-2.01
"TCH",135503,"/Date(1701413735000)/",12200,1000,3298100,40518000000,-250,false,-2.01
"TCH",135503,"/Date(1701413735000)/",12200,500,3297100,40506000000,-250,false,-2.01
"TCH",135503,"/Date(1701413735000)/",12200,500,3296600,40500000000,-250,false,-2.01
"TCH",135503,"/Date(1701413735000)/",12200,300,3296100,40493000000,-250,false,-2.01
"TCH",135503,"/Date(1701413735000)/",12200,100,3295800,40490000000,-250,false,-2.01
"TCH",135503,"/Date(1701413735000)/",12200,500,3295700,40489000000,-250,false,-2.01
"TCH",135503,"/Date(1701413735000)/",12200,800,3295200,40482000000,-250,false,-2.01
"TCH",135453,"/Date(1701413727000)/",12200,2100,3294400,40473000000,-250,true,-2.01
"TCH",135447,"/Date(1701413720000)/",12200,700,3292300,40447000000,-250,false,-2.01
"TCH",135447,"/Date(1701413720000)/",12200,100,3291600,40439000000,-250,false,-2.01
"TCH",135447,"/Date(1701413720000)/",12200,100,3291500,40437000000,-250,false,-2.01
"TCH",135447,"/Date(1701413720000)/",12200,6200,3291400,40436000000,-250,false,-2.01
"TCH",135447,"/Date(1701413719000)/",12200,1600,3285200,40360000000,-250,false,-2.01
"TCH",135443,"/Date(1701413718000)/",12200,700,3283600,40341000000,-250,false,-2.01
"TCH",135443,"/Date(1701413715000)/",12200,200,3282900,40332000000,-250,false,-2.01
"TCH",135440,"/Date(1701413714000)/",12200,1300,3282700,40330000000,-250,false,-2.01
"TCH",135440,"/Date(1701413714000)/",12200,400,3281400,40314000000,-250,false,-2.01
"TCH",135440,"/Date(1701413714000)/",12200,1000,3281000,40309000000,-250,false,-2.01
"TCH",135440,"/Date(1701413714000)/",12200,500,3280000,40297000000,-250,false,-2.01
"TCH",135440,"/Date(1701413714000)/",12200,1000,3279500,40291000000,-250,false,-2.01
"TCH",135440,"/Date(1701413714000)/",12200,20200,3278500,40279000000,-250,false,-2.01
"TCH",135440,"/Date(1701413714000)/",12200,600,3258300,40032000000,-250,false,-2.01
"TCH",135415,"/Date(1701413687000)/",12150,400,3257700,40025000000,-300,true,-2.41
"TCH",135336,"/Date(1701413649000)/",12200,800,3257300,40020000000,-250,false,-2.01
"TCH",135314,"/Date(1701413627000)/",12200,500,3256500,40010000000,-250,false,-2.01
"TCH",135255,"/Date(1701413609000)/",12200,100,3256000,40004000000,-250,false,-2.01
"TCH",135249,"/Date(1701413600000)/",12200,2400,3255900,40003000000,-250,false,-2.01
"TCH",135230,"/Date(1701413582000)/",12150,300,3253500,39974000000,-300,true,-2.41
"TCH",135226,"/Date(1701413577000)/",12150,400,3253200,39970000000,-300,true,-2.41
"TCH",135226,"/Date(1701413577000)/",12150,2600,3252800,39965000000,-300,true,-2.41
"TCH",135217,"/Date(1701413570000)/",12150,100,3250200,39934000000,-300,true,-2.41
"TCH",135201,"/Date(1701413554000)/",12150,2300,3250100,39932000000,-300,true,-2.41
"TCH",135201,"/Date(1701413554000)/",12150,1000,3247800,39904000000,-300,true,-2.41
"TCH",135201,"/Date(1701413554000)/",12150,5000,3246800,39892000000,-300,true,-2.41
"TCH",135201,"/Date(1701413554000)/",12150,2200,3241800,39832000000,-300,true,-2.41
"TCH",135119,"/Date(1701413512000)/",12150,400,3239600,39805000000,-300,true,-2.41
"TCH",135057,"/Date(1701413489000)/",12150,1100,3239200,39800000000,-300,true,-2.41
"TCH",135051,"/Date(1701413482000)/",12150,1000,3238100,39787000000,-300,true,-2.41
"TCH",135044,"/Date(1701413478000)/",12150,300,3237100,39774000000,-300,true,-2.41
"TCH",135044,"/Date(1701413478000)/",12150,100,3236800,39771000000,-300,true,-2.41
"TCH",135035,"/Date(1701413468000)/",12150,100,3236700,39770000000,-300,true,-2.41
"TCH",135035,"/Date(1701413468000)/",12150,100,3236600,39768000000,-300,true,-2.41
"TCH",135035,"/Date(1701413468000)/",12150,100,3236500,39767000000,-300,true,-2.41
"TCH",135035,"/Date(1701413468000)/",12150,1000,3236400,39766000000,-300,true,-2.41
"TCH",135035,"/Date(1701413468000)/",12150,100,3235400,39754000000,-300,true,-2.41
"TCH",135035,"/Date(1701413468000)/",12150,1000,3235300,39753000000,-300,true,-2.41
"TCH",135035,"/Date(1701413468000)/",12150,100,3234300,39740000000,-300,true,-2.41
"TCH",135035,"/Date(1701413468000)/",12150,600,3234200,39739000000,-300,true,-2.41
"TCH",135035,"/Date(1701413468000)/",12150,100,3233600,39732000000,-300,true,-2.41
"TCH",135035,"/Date(1701413468000)/",12150,1800,3233500,39731000000,-300,true,-2.41
"TCH",135032,"/Date(1701413465000)/",12150,400,3231700,39709000000,-300,true,-2.41
"TCH",135032,"/Date(1701413463000)/",12150,2000,3231300,39704000000,-300,true,-2.41
"TCH",135028,"/Date(1701413462000)/",12200,100,3229300,39680000000,-250,false,-2.01
"TCH",135022,"/Date(1701413455000)/",12200,500,3229200,39678000000,-250,false,-2.01
"TCH",134912,"/Date(1701413384000)/",12200,5000,3228700,39672000000,-250,false,-2.01
"TCH",134902,"/Date(1701413376000)/",12200,100,3223700,39611000000,-250,false,-2.01
"TCH",134902,"/Date(1701413374000)/",12150,300,3223600,39610000000,-300,true,-2.41
"TCH",134853,"/Date(1701413364000)/",12200,400,3223300,39607000000,-250,false,-2.01
"TCH",134853,"/Date(1701413364000)/",12200,300,3222900,39602000000,-250,false,-2.01
"TCH",134853,"/Date(1701413364000)/",12200,300,3222600,39598000000,-250,false,-2.01
"TCH",134834,"/Date(1701413344000)/",12200,1700,3222300,39594000000,-250,false,-2.01
"TCH",134834,"/Date(1701413344000)/",12200,100,3220600,39574000000,-250,false,-2.01
"TCH",134834,"/Date(1701413344000)/",12200,500,3220500,39572000000,-250,false,-2.01
"TCH",134834,"/Date(1701413344000)/",12200,700,3220000,39566000000,-250,false,-2.01
"TCH",134834,"/Date(1701413344000)/",12200,200,3219300,39558000000,-250,false,-2.01
"TCH",134818,"/Date(1701413330000)/",12200,100,3219100,39555000000,-250,false,-2.01
"TCH",134733,"/Date(1701413286000)/",12200,3000,3219000,39554000000,-250,false,-2.01
"TCH",134727,"/Date(1701413279000)/",12200,1000,3216000,39517000000,-250,false,-2.01
"TCH",134727,"/Date(1701413278000)/",12200,4200,3215000,39505000000,-250,false,-2.01
"TCH",134717,"/Date(1701413270000)/",12200,400,3210800,39454000000,-250,true,-2.01
"TCH",134711,"/Date(1701413264000)/",12200,2000,3210400,39449000000,-250,true,-2.01
"TCH",134708,"/Date(1701413260000)/",12200,3700,3208400,39425000000,-250,true,-2.01
"TCH",134708,"/Date(1701413260000)/",12200,1000,3204700,39380000000,-250,true,-2.01
"TCH",134708,"/Date(1701413260000)/",12200,1000,3203700,39367000000,-250,true,-2.01
"TCH",134708,"/Date(1701413260000)/",12200,3000,3202700,39355000000,-250,true,-2.01
"TCH",134708,"/Date(1701413260000)/",12200,300,3199700,39319000000,-250,true,-2.01
"TCH",134708,"/Date(1701413260000)/",12200,1000,3199400,39315000000,-250,true,-2.01
"TCH",134708,"/Date(1701413260000)/",12200,500,3198400,39303000000,-250,true,-2.01
"TCH",134708,"/Date(1701413260000)/",12200,1500,3197900,39297000000,-250,true,-2.01
"TCH",134658,"/Date(1701413251000)/",12200,1000,3196400,39278000000,-250,true,-2.01
"TCH",134658,"/Date(1701413250000)/",12200,500,3195400,39266000000,-250,true,-2.01
"TCH",134652,"/Date(1701413243000)/",12200,1000,3194900,39260000000,-250,true,-2.01
"TCH",134645,"/Date(1701413239000)/",12200,1000,3193900,39248000000,-250,true,-2.01
"TCH",134645,"/Date(1701413239000)/",12200,2000,3192900,39236000000,-250,true,-2.01
"TCH",134645,"/Date(1701413239000)/",12200,1500,3190900,39211000000,-250,true,-2.01
"TCH",134645,"/Date(1701413239000)/",12200,300,3189400,39193000000,-250,true,-2.01
"TCH",134645,"/Date(1701413239000)/",12200,100,3189100,39189000000,-250,true,-2.01
"TCH",134645,"/Date(1701413239000)/",12200,1100,3189000,39188000000,-250,true,-2.01
"TCH",134620,"/Date(1701413212000)/",12200,500,3187900,39175000000,-250,true,-2.01
"TCH",134607,"/Date(1701413199000)/",12200,5000,3187400,39169000000,-250,true,-2.01
"TCH",134535,"/Date(1701413166000)/",12200,400,3182400,39108000000,-250,true,-2.01
"TCH",134507,"/Date(1701413137000)/",12200,400,3182000,39103000000,-250,true,-2.01
"TCH",134454,"/Date(1701413126000)/",12200,1000,3181600,39098000000,-250,true,-2.01
"TCH",134438,"/Date(1701413111000)/",12200,7800,3180600,39086000000,-250,false,-2.01
"TCH",134409,"/Date(1701413082000)/",12200,1000,3172800,38990000000,-250,false,-2.01
"TCH",134409,"/Date(1701413081000)/",12200,400,3171800,38978000000,-250,false,-2.01
"TCH",134403,"/Date(1701413075000)/",12200,800,3171400,38973000000,-250,false,-2.01
"TCH",134403,"/Date(1701413075000)/",12200,200,3170600,38964000000,-250,false,-2.01
"TCH",134350,"/Date(1701413063000)/",12200,1000,3170400,38961000000,-250,false,-2.01
"TCH",134350,"/Date(1701413062000)/",12150,300,3169400,38949000000,-300,true,-2.41
"TCH",134344,"/Date(1701413054000)/",12200,1400,3169100,38945000000,-250,false,-2.01
"TCH",134328,"/Date(1701413041000)/",12200,200,3167700,38928000000,-250,false,-2.01
"TCH",134306,"/Date(1701413018000)/",12200,100,3167500,38926000000,-250,true,-2.01
"TCH",134306,"/Date(1701413018000)/",12200,200,3167400,38925000000,-250,true,-2.01
"TCH",134306,"/Date(1701413018000)/",12200,100,3167200,38922000000,-250,true,-2.01
"TCH",134306,"/Date(1701413018000)/",12200,1000,3167100,38921000000,-250,true,-2.01
"TCH",134306,"/Date(1701413018000)/",12200,800,3166100,38909000000,-250,true,-2.01
"TCH",134306,"/Date(1701413017000)/",12250,300,3165300,38899000000,-200,false,-1.61
"TCH",134253,"/Date(1701413005000)/",12200,2000,3165000,38895000000,-250,true,-2.01
"TCH",134253,"/Date(1701413005000)/",12200,200,3163000,38871000000,-250,true,-2.01
"TCH",134253,"/Date(1701413005000)/",12200,100,3162800,38868000000,-250,true,-2.01
"TCH",134237,"/Date(1701412988000)/",12200,600,3162700,38867000000,-250,false,-2.01
"TCH",134231,"/Date(1701412984000)/",12200,1400,3162100,38860000000,-250,false,-2.01
"TCH",134231,"/Date(1701412982000)/",12200,600,3160700,38843000000,-250,false,-2.01
"TCH",134224,"/Date(1701412977000)/",12200,100,3160100,38835000000,-250,false,-2.01
"TCH",134221,"/Date(1701412974000)/",12200,100,3160000,38834000000,-250,true,-2.01
"TCH",134221,"/Date(1701412974000)/",12200,100,3159900,38833000000,-250,true,-2.01
"TCH",134221,"/Date(1701412974000)/",12200,4100,3159800,38832000000,-250,true,-2.01
"TCH",134218,"/Date(1701412971000)/",12200,900,3155700,38782000000,-250,true,-2.01
"TCH",134218,"/Date(1701412971000)/",12200,200,3154800,38771000000,-250,true,-2.01
"TCH",134218,"/Date(1701412971000)/",12200,100,3154600,38768000000,-250,true,-2.01
"TCH",134208,"/Date(1701412961000)/",12200,900,3154500,38767000000,-250,true,-2.01
"TCH",134208,"/Date(1701412961000)/",12200,1100,3153600,38756000000,-250,true,-2.01
"TCH",134205,"/Date(1701412958000)/",12200,400,3152500,38743000000,-250,true,-2.01
"TCH",134159,"/Date(1701412951000)/",12200,1700,3152100,38738000000,-250,false,-2.01
"TCH",134159,"/Date(1701412951000)/",12200,1800,3150400,38717000000,-250,false,-2.01
"TCH",134156,"/Date(1701412947000)/",12200,200,3148600,38695000000,-250,false,-2.01
"TCH",134156,"/Date(1701412947000)/",12200,300,3148400,38693000000,-250,false,-2.01
"TCH",134140,"/Date(1701412933000)/",12200,1000,3148100,38689000000,-250,false,-2.01
"TCH",134137,"/Date(1701412930000)/",12200,1500,3147100,38677000000,-250,false,-2.01
"TCH",134134,"/Date(1701412925000)/",12200,1000,3145600,38659000000,-250,false,-2.01
"TCH",134134,"/Date(1701412925000)/",12200,1200,3144600,38646000000,-250,false,-2.01
"TCH",134134,"/Date(1701412925000)/",12200,8800,3143400,38632000000,-250,false,-2.01
"TCH",134130,"/Date(1701412923000)/",12200,6600,3134600,38524000000,-250,false,-2.01
"TCH",134130,"/Date(1701412922000)/",12200,400,3128000,38444000000,-250,false,-2.01
"TCH",134130,"/Date(1701412921000)/",12200,1000,3127600,38439000000,-250,false,-2.01
"TCH",134105,"/Date(1701412897000)/",12200,300,3126600,38427000000,-250,false,-2.01
"TCH",134055,"/Date(1701412886000)/",12200,500,3126300,38423000000,-250,false,-2.01
"TCH",134052,"/Date(1701412882000)/",12200,1000,3125800,38417000000,-250,false,-2.01
"TCH",134046,"/Date(1701412878000)/",12200,1000,3124800,38405000000,-250,false,-2.01
"TCH",134036,"/Date(1701412869000)/",12200,200,3123800,38393000000,-250,false,-2.01
"TCH",134036,"/Date(1701412866000)/",12200,200,3123600,38390000000,-250,false,-2.01
"TCH",134023,"/Date(1701412854000)/",12150,300,3123400,38388000000,-300,true,-2.41
"TCH",134023,"/Date(1701412853000)/",12200,5000,3123100,38384000000,-250,false,-2.01
"TCH",133936,"/Date(1701412808000)/",12150,40500,3118100,38323000000,-300,true,-2.41
"TCH",133936,"/Date(1701412808000)/",12200,6200,3077600,37831000000,-250,true,-2.01
"TCH",133936,"/Date(1701412808000)/",12200,100,3071400,37755000000,-250,true,-2.01
"TCH",133936,"/Date(1701412808000)/",12200,1000,3071300,37754000000,-250,true,-2.01
"TCH",133936,"/Date(1701412808000)/",12200,2200,3070300,37742000000,-250,true,-2.01
"TCH",133926,"/Date(1701412796000)/",12200,5000,3068100,37715000000,-250,true,-2.01
"TCH",133923,"/Date(1701412795000)/",12200,200,3063100,37654000000,-250,true,-2.01
"TCH",133923,"/Date(1701412795000)/",12200,2000,3062900,37652000000,-250,true,-2.01
"TCH",133923,"/Date(1701412795000)/",12200,1000,3060900,37627000000,-250,true,-2.01
"TCH",133923,"/Date(1701412795000)/",12200,4300,3059900,37615000000,-250,true,-2.01
"TCH",133917,"/Date(1701412788000)/",12200,5000,3055600,37563000000,-250,false,-2.01
"TCH",133917,"/Date(1701412787000)/",12200,700,3050600,37502000000,-250,false,-2.01
"TCH",133917,"/Date(1701412787000)/",12200,1000,3049900,37493000000,-250,false,-2.01
"TCH",133917,"/Date(1701412787000)/",12200,13300,3048900,37481000000,-250,false,-2.01
"TCH",133917,"/Date(1701412787000)/",12200,100,3035600,37319000000,-250,false,-2.01
"TCH",133917,"/Date(1701412787000)/",12200,5000,3035500,37317000000,-250,false,-2.01
"TCH",133917,"/Date(1701412787000)/",12200,300,3030500,37256000000,-250,false,-2.01
"TCH",133917,"/Date(1701412787000)/",12200,2100,3030200,37253000000,-250,false,-2.01
"TCH",133913,"/Date(1701412785000)/",12200,900,3028100,37227000000,-250,false,-2.01
"TCH",133913,"/Date(1701412785000)/",12200,1000,3027200,37216000000,-250,false,-2.01
"TCH",133913,"/Date(1701412785000)/",12200,100,3026200,37204000000,-250,false,-2.01
"TCH",133913,"/Date(1701412783000)/",12200,200,3026100,37203000000,-250,false,-2.01
"TCH",133913,"/Date(1701412783000)/",12200,100,3025900,37200000000,-250,false,-2.01
"TCH",133910,"/Date(1701412781000)/",12200,5000,3025800,37199000000,-250,false,-2.01
"TCH",133901,"/Date(1701412773000)/",12200,300,3020800,37138000000,-250,false,-2.01
"TCH",133838,"/Date(1701412750000)/",12150,400,3020500,37134000000,-300,true,-2.41
"TCH",133754,"/Date(1701412703000)/",12150,300,3020100,37130000000,-300,true,-2.41
"TCH",133653,"/Date(1701412646000)/",12150,400,3019800,37126000000,-300,true,-2.41
"TCH",133634,"/Date(1701412626000)/",12200,2300,3019400,37121000000,-250,false,-2.01
"TCH",133631,"/Date(1701412623000)/",12200,600,3017100,37093000000,-250,false,-2.01
"TCH",133631,"/Date(1701412623000)/",12200,100,3016500,37086000000,-250,false,-2.01
"TCH",133543,"/Date(1701412574000)/",12200,100,3016400,37084000000,-250,false,-2.01
"TCH",133512,"/Date(1701412542000)/",12150,300,3016300,37083000000,-300,true,-2.41
"TCH",133402,"/Date(1701412472000)/",12200,100,3016000,37080000000,-250,false,-2.01
"TCH",133327,"/Date(1701412438000)/",12150,400,3015900,37078000000,-300,true,-2.41
"TCH",133323,"/Date(1701412434000)/",12200,100,3015500,37073000000,-250,false,-2.01
"TCH",133304,"/Date(1701412415000)/",12200,900,3015400,37072000000,-250,false,-2.01
"TCH",133236,"/Date(1701412387000)/",12200,100,3014500,37061000000,-250,false,-2.01
"TCH",133142,"/Date(1701412333000)/",12150,300,3014400,37060000000,-300,true,-2.41
"TCH",133116,"/Date(1701412306000)/",12200,400,3014100,37056000000,-250,true,-2.01
"TCH",133116,"/Date(1701412306000)/",12200,3000,3013700,37052000000,-250,true,-2.01
"TCH",133116,"/Date(1701412306000)/",12200,200,3010700,37015000000,-250,true,-2.01
"TCH",133116,"/Date(1701412306000)/",12200,500,3010500,37012000000,-250,true,-2.01
"TCH",133116,"/Date(1701412306000)/",12200,200,3010000,37006000000,-250,true,-2.01
"TCH",133116,"/Date(1701412306000)/",12200,1000,3009800,37004000000,-250,true,-2.01
"TCH",133116,"/Date(1701412306000)/",12200,300,3008800,36992000000,-250,true,-2.01
"TCH",133116,"/Date(1701412306000)/",12200,300,3008500,36988000000,-250,true,-2.01
"TCH",133116,"/Date(1701412306000)/",12200,100,3008200,36984000000,-250,true,-2.01
"TCH",133116,"/Date(1701412306000)/",12200,200,3008100,36983000000,-250,true,-2.01
"TCH",133116,"/Date(1701412306000)/",12200,4100,3007900,36981000000,-250,true,-2.01
"TCH",133107,"/Date(1701412297000)/",12200,10900,3003800,36931000000,-250,true,-2.01
"TCH",133107,"/Date(1701412297000)/",12200,2000,2992900,36798000000,-250,true,-2.01
"TCH",133107,"/Date(1701412297000)/",12200,400,2990900,36773000000,-250,true,-2.01
"TCH",133107,"/Date(1701412297000)/",12200,5000,2990500,36768000000,-250,true,-2.01
"TCH",133107,"/Date(1701412297000)/",12200,200,2985500,36707000000,-250,true,-2.01
"TCH",133107,"/Date(1701412297000)/",12200,100,2985300,36705000000,-250,true,-2.01
"TCH",133107,"/Date(1701412297000)/",12200,500,2985200,36704000000,-250,true,-2.01
"TCH",133107,"/Date(1701412297000)/",12200,1000,2984700,36698000000,-250,true,-2.01
"TCH",133107,"/Date(1701412297000)/",12200,100,2983700,36686000000,-250,true,-2.01
"TCH",133107,"/Date(1701412297000)/",12200,1000,2983600,36684000000,-250,true,-2.01
"TCH",133107,"/Date(1701412297000)/",12200,100,2982600,36672000000,-250,true,-2.01
"TCH",133107,"/Date(1701412297000)/",12200,300,2982500,36671000000,-250,true,-2.01
"TCH",133107,"/Date(1701412297000)/",12200,100,2982200,36667000000,-250,true,-2.01
"TCH",133107,"/Date(1701412297000)/",12200,300,2982100,36666000000,-250,true,-2.01
"TCH",133107,"/Date(1701412297000)/",12200,100,2981800,36662000000,-250,true,-2.01
"TCH",133107,"/Date(1701412297000)/",12200,200,2981700,36661000000,-250,true,-2.01
"TCH",133107,"/Date(1701412297000)/",12200,1000,2981500,36659000000,-250,true,-2.01
"TCH",133107,"/Date(1701412297000)/",12200,100,2980500,36646000000,-250,true,-2.01
"TCH",133107,"/Date(1701412297000)/",12200,500,2980400,36645000000,-250,true,-2.01
"TCH",133107,"/Date(1701412297000)/",12200,100,2979900,36639000000,-250,true,-2.01
"TCH",133107,"/Date(1701412297000)/",12200,500,2979800,36638000000,-250,true,-2.01
"TCH",133107,"/Date(1701412297000)/",12200,1000,2979300,36632000000,-250,true,-2.01
"TCH",133107,"/Date(1701412297000)/",12200,2000,2978300,36620000000,-250,true,-2.01
"TCH",133107,"/Date(1701412297000)/",12200,1000,2976300,36595000000,-250,true,-2.01
"TCH",133107,"/Date(1701412297000)/",12200,500,2975300,36583000000,-250,true,-2.01
"TCH",133107,"/Date(1701412297000)/",12200,100,2974800,36577000000,-250,true,-2.01
"TCH",133107,"/Date(1701412297000)/",12200,800,2974700,36576000000,-250,true,-2.01
"TCH",133107,"/Date(1701412297000)/",12200,100,2973900,36566000000,-250,true,-2.01
"TCH",133107,"/Date(1701412297000)/",12200,2000,2973800,36565000000,-250,true,-2.01
"TCH",133107,"/Date(1701412297000)/",12200,16500,2971800,36540000000,-250,true,-2.01
"TCH",133107,"/Date(1701412297000)/",12200,1000,2955300,36339000000,-250,true,-2.01
"TCH",133107,"/Date(1701412297000)/",12200,100,2954300,36327000000,-250,true,-2.01
"TCH",133107,"/Date(1701412297000)/",12200,100,2954200,36326000000,-250,true,-2.01
"TCH",133107,"/Date(1701412297000)/",12200,600,2954100,36324000000,-250,true,-2.01
"TCH",133107,"/Date(1701412297000)/",12200,100,2953500,36317000000,-250,true,-2.01
"TCH",133107,"/Date(1701412297000)/",12200,1000,2953400,36316000000,-250,true,-2.01
"TCH",133107,"/Date(1701412297000)/",12200,100,2952400,36304000000,-250,true,-2.01
"TCH",133107,"/Date(1701412297000)/",12200,100,2952300,36302000000,-250,true,-2.01
"TCH",133107,"/Date(1701412297000)/",12200,100,2952200,36301000000,-250,true,-2.01
"TCH",133107,"/Date(1701412297000)/",12200,100,2952100,36300000000,-250,true,-2.01
"TCH",133107,"/Date(1701412297000)/",12200,500,2952000,36299000000,-250,true,-2.01
"TCH",133107,"/Date(1701412297000)/",12200,100,2951500,36293000000,-250,true,-2.01
"TCH",133107,"/Date(1701412297000)/",12200,3000,2951400,36291000000,-250,true,-2.01
"TCH",133107,"/Date(1701412297000)/",12200,2000,2948400,36255000000,-250,true,-2.01
"TCH",133107,"/Date(1701412297000)/",12200,500,2946400,36230000000,-250,true,-2.01
"TCH",133107,"/Date(1701412297000)/",12200,300,2945900,36224000000,-250,true,-2.01
"TCH",133107,"/Date(1701412297000)/",12200,20000,2945600,36221000000,-250,true,-2.01
"TCH",133107,"/Date(1701412297000)/",12200,2000,2925600,35977000000,-250,true,-2.01
"TCH",133107,"/Date(1701412297000)/",12200,200,2923600,35952000000,-250,true,-2.01
"TCH",133107,"/Date(1701412297000)/",12200,500,2923400,35950000000,-250,true,-2.01
"TCH",133107,"/Date(1701412297000)/",12200,500,2922900,35944000000,-250,true,-2.01
"TCH",133107,"/Date(1701412297000)/",12200,5000,2922400,35938000000,-250,true,-2.01
"TCH",133107,"/Date(1701412297000)/",12200,5000,2917400,35877000000,-250,true,-2.01
"TCH",133107,"/Date(1701412297000)/",12200,300,2912400,35816000000,-250,true,-2.01
"TCH",133107,"/Date(1701412297000)/",12200,1000,2912100,35812000000,-250,true,-2.01
"TCH",133107,"/Date(1701412297000)/",12200,7300,2911100,35800000000,-250,true,-2.01
"TCH",133107,"/Date(1701412296000)/",12200,200,2903800,35711000000,-250,true,-2.01
"TCH",133100,"/Date(1701412291000)/",12200,2500,2903600,35708000000,-250,true,-2.01
"TCH",133100,"/Date(1701412291000)/",12200,2500,2901100,35678000000,-250,true,-2.01
"TCH",132957,"/Date(1701412229000)/",12200,400,2898600,35647000000,-250,true,-2.01
"TCH",132815,"/Date(1701412125000)/",12200,300,2898200,35642000000,-250,true,-2.01
"TCH",132812,"/Date(1701412121000)/",12250,300,2897900,35639000000,-200,false,-1.61
"TCH",132740,"/Date(1701412090000)/",12200,100,2897600,35635000000,-250,true,-2.01
"TCH",132724,"/Date(1701412075000)/",12200,4500,2897500,35634000000,-250,true,-2.01
"TCH",132724,"/Date(1701412073000)/",12250,100,2893000,35579000000,-200,false,-1.61
"TCH",132629,"/Date(1701412021000)/",12200,400,2892900,35578000000,-250,true,-2.01
"TCH",132617,"/Date(1701412008000)/",12250,400,2892500,35573000000,-200,false,-1.61
"TCH",132555,"/Date(1701411986000)/",12250,300,2892100,35568000000,-200,true,-1.61
"TCH",132548,"/Date(1701411979000)/",12250,1000,2891800,35564000000,-200,true,-1.61
"TCH",132539,"/Date(1701411969000)/",12250,1100,2890800,35552000000,-200,false,-1.61
"TCH",132539,"/Date(1701411968000)/",12250,2400,2889700,35539000000,-200,false,-1.61
"TCH",132529,"/Date(1701411958000)/",12250,1400,2887300,35509000000,-200,false,-1.61
"TCH",132529,"/Date(1701411958000)/",12250,1000,2885900,35492000000,-200,false,-1.61
"TCH",132529,"/Date(1701411958000)/",12250,500,2884900,35480000000,-200,false,-1.61
"TCH",132529,"/Date(1701411958000)/",12250,200,2884400,35474000000,-200,false,-1.61
"TCH",132529,"/Date(1701411958000)/",12250,1000,2884200,35471000000,-200,false,-1.61
"TCH",132529,"/Date(1701411958000)/",12250,5900,2883200,35459000000,-200,false,-1.61
"TCH",132526,"/Date(1701411956000)/",12250,4000,2877300,35387000000,-200,false,-1.61
"TCH",132523,"/Date(1701411953000)/",12250,1500,2873300,35338000000,-200,false,-1.61
"TCH",132516,"/Date(1701411945000)/",12250,10000,2871800,35319000000,-200,false,-1.61
"TCH",132510,"/Date(1701411940000)/",12250,1000,2861800,35197000000,-200,false,-1.61
"TCH",132504,"/Date(1701411933000)/",12250,1000,2860800,35185000000,-200,false,-1.61
"TCH",132454,"/Date(1701411925000)/",12250,100,2859800,35172000000,-200,false,-1.61
"TCH",132448,"/Date(1701411917000)/",12200,400,2859700,35171000000,-250,true,-2.01
"TCH",132407,"/Date(1701411877000)/",12250,100,2859300,35166000000,-200,false,-1.61
"TCH",132403,"/Date(1701411873000)/",12200,500,2859200,35165000000,-250,true,-2.01
"TCH",132403,"/Date(1701411872000)/",12250,25000,2858700,35159000000,-200,false,-1.61
"TCH",132354,"/Date(1701411864000)/",12200,500,2833700,34853000000,-250,true,-2.01
"TCH",132303,"/Date(1701411813000)/",12200,300,2833200,34847000000,-250,true,-2.01
"TCH",132253,"/Date(1701411803000)/",12250,400,2832900,34843000000,-200,false,-1.61
"TCH",132238,"/Date(1701411787000)/",12250,100,2832500,34838000000,-200,false,-1.61
"TCH",132215,"/Date(1701411765000)/",12250,200,2832400,34837000000,-200,false,-1.61
"TCH",132212,"/Date(1701411761000)/",12250,6400,2832200,34834000000,-200,false,-1.61
"TCH",132209,"/Date(1701411760000)/",12250,500,2825800,34756000000,-200,false,-1.61
"TCH",132133,"/Date(1701411724000)/",12250,10800,2825300,34750000000,-200,false,-1.61
"TCH",132133,"/Date(1701411724000)/",12250,4900,2814500,34617000000,-200,false,-1.61
"TCH",132133,"/Date(1701411724000)/",12250,4300,2809600,34557000000,-200,false,-1.61
"TCH",132118,"/Date(1701411709000)/",12200,100,2805300,34505000000,-250,true,-2.01
"TCH",132118,"/Date(1701411709000)/",12200,300,2805200,34504000000,-250,true,-2.01
"TCH",132118,"/Date(1701411707000)/",12250,200,2804900,34500000000,-200,true,-1.61
"TCH",132118,"/Date(1701411707000)/",12250,400,2804700,34497000000,-200,true,-1.61
"TCH",132118,"/Date(1701411707000)/",12250,600,2804300,34493000000,-200,true,-1.61
"TCH",132118,"/Date(1701411706000)/",12250,2500,2803700,34485000000,-200,true,-1.61
"TCH",132118,"/Date(1701411706000)/",12250,1800,2801200,34455000000,-200,true,-1.61
"TCH",132114,"/Date(1701411704000)/",12250,4900,2799400,34433000000,-200,true,-1.61
"TCH",132111,"/Date(1701411702000)/",12250,4900,2794500,34372000000,-200,true,-1.61
"TCH",132111,"/Date(1701411700000)/",12250,4900,2789600,34312000000,-200,true,-1.61
"TCH",132108,"/Date(1701411699000)/",12250,4900,2784700,34252000000,-200,true,-1.61
"TCH",132108,"/Date(1701411698000)/",12250,4900,2779800,34192000000,-200,true,-1.61
"TCH",132102,"/Date(1701411692000)/",12250,700,2774900,34132000000,-200,false,-1.61
"TCH",132102,"/Date(1701411691000)/",12250,4900,2774200,34124000000,-200,false,-1.61
"TCH",132102,"/Date(1701411691000)/",12250,4900,2769300,34064000000,-200,false,-1.61
"TCH",132102,"/Date(1701411691000)/",12250,800,2764400,34004000000,-200,false,-1.61
"TCH",132102,"/Date(1701411691000)/",12250,4900,2763600,33994000000,-200,false,-1.61
"TCH",132102,"/Date(1701411691000)/",12250,5400,2758700,33934000000,-200,false,-1.61
"TCH",132102,"/Date(1701411691000)/",12250,1500,2753300,33868000000,-200,false,-1.61
"TCH",132102,"/Date(1701411691000)/",12250,1400,2751800,33849000000,-200,false,-1.61
"TCH",132102,"/Date(1701411691000)/",12250,200,2750400,33832000000,-200,false,-1.61
"TCH",132052,"/Date(1701411683000)/",12250,4900,2750200,33830000000,-200,false,-1.61
"TCH",132052,"/Date(1701411683000)/",12250,5000,2745300,33770000000,-200,false,-1.61
"TCH",132052,"/Date(1701411683000)/",12250,100,2740300,33709000000,-200,false,-1.61
"TCH",132023,"/Date(1701411653000)/",12250,700,2740200,33707000000,-200,false,-1.61
"TCH",132023,"/Date(1701411653000)/",12250,100,2739500,33699000000,-200,false,-1.61
"TCH",132001,"/Date(1701411631000)/",12250,1300,2739400,33698000000,-200,false,-1.61
"TCH",132001,"/Date(1701411631000)/",12250,100,2738100,33682000000,-200,false,-1.61
"TCH",132001,"/Date(1701411631000)/",12250,1100,2738000,33680000000,-200,false,-1.61
"TCH",131939,"/Date(1701411609000)/",12250,200,2736900,33667000000,-200,false,-1.61
"TCH",131939,"/Date(1701411609000)/",12250,200,2736700,33664000000,-200,false,-1.61
"TCH",131936,"/Date(1701411607000)/",12250,3000,2736500,33662000000,-200,false,-1.61
"TCH",131936,"/Date(1701411605000)/",12200,300,2733500,33625000000,-250,true,-2.01
"TCH",131907,"/Date(1701411575000)/",12250,10000,2733200,33622000000,-200,false,-1.61
"TCH",131901,"/Date(1701411569000)/",12250,5500,2723200,33499000000,-200,false,-1.61
"TCH",131901,"/Date(1701411569000)/",12250,500,2717700,33432000000,-200,false,-1.61
"TCH",131901,"/Date(1701411569000)/",12250,14000,2717200,33426000000,-200,false,-1.61
"TCH",131854,"/Date(1701411564000)/",12250,100,2703200,33254000000,-200,false,-1.61
"TCH",131854,"/Date(1701411563000)/",12250,1000,2703100,33253000000,-200,false,-1.61
"TCH",131851,"/Date(1701411562000)/",12250,3000,2702100,33241000000,-200,false,-1.61
"TCH",131842,"/Date(1701411551000)/",12250,100,2699100,33204000000,-200,false,-1.61
"TCH",131832,"/Date(1701411542000)/",12250,1000,2699000,33203000000,-200,false,-1.61
"TCH",131813,"/Date(1701411523000)/",12250,100,2698000,33190000000,-200,false,-1.61
"TCH",131751,"/Date(1701411501000)/",12200,100,2697900,33189000000,-250,true,-2.01
"TCH",131751,"/Date(1701411501000)/",12200,300,2697800,33188000000,-250,true,-2.01
"TCH",131751,"/Date(1701411501000)/",12200,100,2697500,33184000000,-250,true,-2.01
"TCH",131716,"/Date(1701411465000)/",12200,1000,2697400,33183000000,-250,true,-2.01
"TCH",131638,"/Date(1701411427000)/",12200,1000,2696400,33171000000,-250,true,-2.01
"TCH",131638,"/Date(1701411426000)/",12200,1000,2695400,33159000000,-250,true,-2.01
"TCH",131609,"/Date(1701411397000)/",12200,400,2694400,33146000000,-250,true,-2.01
"TCH",131606,"/Date(1701411394000)/",12200,1000,2694000,33142000000,-250,true,-2.01
"TCH",131606,"/Date(1701411394000)/",12200,600,2693000,33129000000,-250,true,-2.01
"TCH",131559,"/Date(1701411388000)/",12200,500,2692400,33122000000,-250,false,-2.01
"TCH",131556,"/Date(1701411385000)/",12200,100,2691900,33116000000,-250,true,-2.01
"TCH",131556,"/Date(1701411385000)/",12200,400,2691800,33115000000,-250,true,-2.01
"TCH",131556,"/Date(1701411385000)/",12200,900,2691400,33110000000,-250,true,-2.01
"TCH",131556,"/Date(1701411385000)/",12200,500,2690500,33099000000,-250,true,-2.01
"TCH",131556,"/Date(1701411385000)/",12200,2000,2690000,33093000000,-250,true,-2.01
"TCH",131528,"/Date(1701411356000)/",12150,2800,2688000,33068000000,-300,true,-2.41
"TCH",131528,"/Date(1701411356000)/",12200,500,2685200,33034000000,-250,true,-2.01
"TCH",131521,"/Date(1701411350000)/",12200,4500,2684700,33028000000,-250,true,-2.01
"TCH",131518,"/Date(1701411349000)/",12200,200,2680200,32973000000,-250,false,-2.01
"TCH",131518,"/Date(1701411348000)/",12200,100,2680000,32971000000,-250,false,-2.01
"TCH",131515,"/Date(1701411344000)/",12200,100,2679900,32970000000,-250,false,-2.01
"TCH",131512,"/Date(1701411341000)/",12200,5100,2679800,32968000000,-250,false,-2.01
"TCH",131512,"/Date(1701411341000)/",12200,500,2674700,32906000000,-250,false,-2.01
"TCH",131512,"/Date(1701411341000)/",12200,4400,2674200,32900000000,-250,false,-2.01
"TCH",131512,"/Date(1701411339000)/",12200,2000,2669800,32846000000,-250,false,-2.01
"TCH",131505,"/Date(1701411335000)/",12200,100,2667800,32822000000,-250,false,-2.01
"TCH",131502,"/Date(1701411332000)/",12200,1000,2667700,32821000000,-250,false,-2.01
"TCH",131502,"/Date(1701411332000)/",12200,4100,2666700,32809000000,-250,false,-2.01
"TCH",131502,"/Date(1701411331000)/",12200,500,2662600,32759000000,-250,false,-2.01
"TCH",131459,"/Date(1701411327000)/",12200,1000,2662100,32753000000,-250,false,-2.01
"TCH",131453,"/Date(1701411321000)/",12200,200,2661100,32740000000,-250,false,-2.01
"TCH",131450,"/Date(1701411318000)/",12200,4500,2660900,32738000000,-250,false,-2.01
"TCH",131443,"/Date(1701411311000)/",12200,2200,2656400,32683000000,-250,false,-2.01
"TCH",131443,"/Date(1701411311000)/",12200,2800,2654200,32656000000,-250,false,-2.01
"TCH",131437,"/Date(1701411306000)/",12200,2000,2651400,32622000000,-250,false,-2.01
"TCH",131434,"/Date(1701411301000)/",12200,10000,2649400,32598000000,-250,false,-2.01
"TCH",131431,"/Date(1701411299000)/",12200,500,2639400,32476000000,-250,false,-2.01
"TCH",131427,"/Date(1701411295000)/",12200,200,2638900,32469000000,-250,false,-2.01
"TCH",131424,"/Date(1701411293000)/",12200,1000,2638700,32467000000,-250,false,-2.01
"TCH",131424,"/Date(1701411293000)/",12150,300,2637700,32455000000,-300,true,-2.41
"TCH",131421,"/Date(1701411289000)/",12200,700,2637400,32451000000,-250,false,-2.01
"TCH",131418,"/Date(1701411287000)/",12200,100,2636700,32443000000,-250,false,-2.01
"TCH",131408,"/Date(1701411278000)/",12200,100,2636600,32441000000,-250,false,-2.01
"TCH",131408,"/Date(1701411277000)/",12200,100,2636500,32440000000,-250,false,-2.01
"TCH",131405,"/Date(1701411273000)/",12150,9200,2636400,32439000000,-300,true,-2.41
"TCH",131405,"/Date(1701411273000)/",12150,200,2627200,32327000000,-300,true,-2.41
"TCH",131405,"/Date(1701411273000)/",12150,100,2627000,32325000000,-300,true,-2.41
"TCH",131405,"/Date(1701411273000)/",12150,3000,2626900,32324000000,-300,true,-2.41
"TCH",131405,"/Date(1701411273000)/",12150,700,2623900,32287000000,-300,true,-2.41
"TCH",131352,"/Date(1701411261000)/",12200,500,2623200,32279000000,-250,false,-2.01
"TCH",131349,"/Date(1701411259000)/",12200,100,2622700,32273000000,-250,false,-2.01
"TCH",131343,"/Date(1701411253000)/",12200,1000,2622600,32271000000,-250,false,-2.01
"TCH",131343,"/Date(1701411252000)/",12200,900,2621600,32259000000,-250,false,-2.01
"TCH",131343,"/Date(1701411252000)/",12200,8100,2620700,32248000000,-250,false,-2.01
"TCH",131336,"/Date(1701411244000)/",12200,11900,2612600,32149000000,-250,true,-2.01
"TCH",131330,"/Date(1701411239000)/",12200,3100,2600700,32004000000,-250,false,-2.01
"TCH",131321,"/Date(1701411229000)/",12200,200,2597600,31966000000,-250,true,-2.01
"TCH",131321,"/Date(1701411229000)/",12200,20000,2597400,31964000000,-250,true,-2.01
"TCH",131321,"/Date(1701411229000)/",12200,2000,2577400,31720000000,-250,true,-2.01
"TCH",131321,"/Date(1701411229000)/",12200,100,2575400,31695000000,-250,true,-2.01
"TCH",131321,"/Date(1701411229000)/",12200,600,2575300,31694000000,-250,true,-2.01
"TCH",131321,"/Date(1701411229000)/",12200,14000,2574700,31687000000,-250,true,-2.01
"TCH",131308,"/Date(1701411218000)/",12200,4000,2560700,31516000000,-250,true,-2.01
"TCH",131308,"/Date(1701411218000)/",12200,2000,2556700,31467000000,-250,true,-2.01
"TCH",131308,"/Date(1701411218000)/",12200,500,2554700,31443000000,-250,true,-2.01
"TCH",131308,"/Date(1701411218000)/",12200,1000,2554200,31437000000,-250,true,-2.01
"TCH",131246,"/Date(1701411195000)/",12250,700,2553200,31425000000,-200,false,-1.61
"TCH",131246,"/Date(1701411195000)/",12250,20000,2552500,31416000000,-200,false,-1.61
"TCH",131246,"/Date(1701411195000)/",12250,1000,2532500,31171000000,-200,false,-1.61
"TCH",131246,"/Date(1701411195000)/",12250,3300,2531500,31159000000,-200,false,-1.61
"TCH",131239,"/Date(1701411189000)/",12200,200,2528200,31118000000,-250,true,-2.01
"TCH",131239,"/Date(1701411189000)/",12200,200,2528000,31116000000,-250,true,-2.01
"TCH",131230,"/Date(1701411178000)/",12250,700,2527800,31113000000,-200,false,-1.61
"TCH",131230,"/Date(1701411178000)/",12250,800,2527100,31105000000,-200,false,-1.61
"TCH",131226,"/Date(1701411175000)/",12200,5400,2526300,31095000000,-250,true,-2.01
"TCH",131226,"/Date(1701411175000)/",12200,200,2520900,31029000000,-250,true,-2.01
"TCH",131226,"/Date(1701411175000)/",12200,2000,2520700,31027000000,-250,true,-2.01
"TCH",131226,"/Date(1701411175000)/",12200,2000,2518700,31002000000,-250,true,-2.01
"TCH",131226,"/Date(1701411175000)/",12200,1000,2516700,30978000000,-250,true,-2.01
"TCH",131226,"/Date(1701411175000)/",12200,1000,2515700,30966000000,-250,true,-2.01
"TCH",131226,"/Date(1701411175000)/",12200,300,2514700,30954000000,-250,true,-2.01
"TCH",131226,"/Date(1701411175000)/",12200,1000,2514400,30950000000,-250,true,-2.01
"TCH",131226,"/Date(1701411175000)/",12200,500,2513400,30938000000,-250,true,-2.01
"TCH",131226,"/Date(1701411175000)/",12200,5000,2512900,30932000000,-250,true,-2.01
"TCH",131226,"/Date(1701411175000)/",12200,11600,2507900,30871000000,-250,true,-2.01
"TCH",131223,"/Date(1701411172000)/",12250,4000,2496300,30729000000,-200,false,-1.61
"TCH",131132,"/Date(1701411119000)/",12200,3400,2492300,30680000000,-250,true,-2.01
"TCH",131129,"/Date(1701411119000)/",12200,6600,2488900,30639000000,-250,false,-2.01
"TCH",131129,"/Date(1701411119000)/",12200,3400,2482300,30558000000,-250,false,-2.01
"TCH",131129,"/Date(1701411117000)/",12200,1000,2478900,30517000000,-250,false,-2.01
"TCH",131126,"/Date(1701411115000)/",12200,2000,2477900,30504000000,-250,false,-2.01
"TCH",131107,"/Date(1701411094000)/",12200,2000,2475900,30480000000,-250,false,-2.01
"TCH",131057,"/Date(1701411086000)/",12200,100,2473900,30456000000,-250,false,-2.01
"TCH",131057,"/Date(1701411086000)/",12200,1000,2473800,30454000000,-250,false,-2.01
"TCH",131057,"/Date(1701411086000)/",12200,500,2472800,30442000000,-250,false,-2.01
"TCH",131057,"/Date(1701411086000)/",12200,1000,2472300,30436000000,-250,false,-2.01
"TCH",131057,"/Date(1701411086000)/",12200,900,2471300,30424000000,-250,false,-2.01
"TCH",131057,"/Date(1701411086000)/",12200,900,2470400,30413000000,-250,false,-2.01
"TCH",131054,"/Date(1701411084000)/",12200,300,2469500,30402000000,-250,true,-2.01
"TCH",131054,"/Date(1701411083000)/",12200,2000,2469200,30398000000,-250,true,-2.01
"TCH",131035,"/Date(1701411064000)/",12200,1800,2467200,30374000000,-250,true,-2.01
"TCH",131035,"/Date(1701411064000)/",12200,300,2465400,30352000000,-250,true,-2.01
"TCH",131035,"/Date(1701411064000)/",12200,100,2465100,30348000000,-250,true,-2.01
"TCH",131035,"/Date(1701411064000)/",12200,500,2465000,30347000000,-250,true,-2.01
"TCH",131035,"/Date(1701411064000)/",12200,1300,2464500,30341000000,-250,true,-2.01
"TCH",131016,"/Date(1701411045000)/",12250,100,2463200,30325000000,-200,false,-1.61
"TCH",131013,"/Date(1701411042000)/",12200,1000,2463100,30324000000,-250,false,-2.01
"TCH",131013,"/Date(1701411041000)/",12200,1000,2462100,30312000000,-250,false,-2.01
"TCH",131013,"/Date(1701411041000)/",12200,500,2461100,30299000000,-250,false,-2.01
"TCH",131013,"/Date(1701411041000)/",12200,100,2460600,30293000000,-250,false,-2.01
"TCH",131013,"/Date(1701411041000)/",12200,100,2460500,30292000000,-250,false,-2.01
"TCH",131013,"/Date(1701411041000)/",12200,1000,2460400,30291000000,-250,false,-2.01
"TCH",131010,"/Date(1701411037000)/",12200,200,2459400,30279000000,-250,false,-2.01
"TCH",131007,"/Date(1701411035000)/",12200,900,2459200,30276000000,-250,false,-2.01
"TCH",131003,"/Date(1701411031000)/",12200,1000,2458300,30265000000,-250,false,-2.01
"TCH",131000,"/Date(1701411029000)/",12200,1000,2457300,30253000000,-250,false,-2.01
"TCH",131000,"/Date(1701411028000)/",12200,200,2456300,30241000000,-250,false,-2.01
"TCH",130957,"/Date(1701411027000)/",12200,700,2456100,30238000000,-250,false,-2.01
"TCH",130957,"/Date(1701411027000)/",12200,300,2455400,30230000000,-250,false,-2.01
"TCH",130957,"/Date(1701411026000)/",12200,700,2455100,30226000000,-250,false,-2.01
"TCH",130957,"/Date(1701411025000)/",12200,10000,2454400,30218000000,-250,false,-2.01
"TCH",130948,"/Date(1701411017000)/",12200,1000,2444400,30096000000,-250,false,-2.01
"TCH",130948,"/Date(1701411017000)/",12200,100,2443400,30084000000,-250,false,-2.01
"TCH",130932,"/Date(1701410999000)/",12200,1000,2443300,30082000000,-250,false,-2.01
"TCH",130912,"/Date(1701410982000)/",12200,100,2442300,30070000000,-250,false,-2.01
"TCH",130912,"/Date(1701410980000)/",12150,300,2442200,30069000000,-300,true,-2.41
"TCH",130912,"/Date(1701410980000)/",12150,100,2441900,30065000000,-300,true,-2.41
"TCH",130903,"/Date(1701410972000)/",12200,100,2441800,30064000000,-250,false,-2.01
"TCH",130900,"/Date(1701410970000)/",12200,900,2441700,30063000000,-250,false,-2.01
"TCH",130831,"/Date(1701410939000)/",12200,500,2440800,30052000000,-250,false,-2.01
"TCH",130802,"/Date(1701410911000)/",12150,900,2440300,30046000000,-300,true,-2.41
"TCH",130802,"/Date(1701410911000)/",12150,300,2439400,30035000000,-300,true,-2.41
"TCH",130802,"/Date(1701410911000)/",12150,1000,2439100,30031000000,-300,true,-2.41
"TCH",130802,"/Date(1701410911000)/",12150,7800,2438100,30019000000,-300,true,-2.41
"TCH",130734,"/Date(1701410881000)/",12200,1000,2430300,29924000000,-250,true,-2.01
"TCH",130734,"/Date(1701410881000)/",12200,100,2429300,29912000000,-250,true,-2.01
"TCH",130734,"/Date(1701410881000)/",12200,200,2429200,29911000000,-250,true,-2.01
"TCH",130728,"/Date(1701410876000)/",12200,300,2429000,29908000000,-250,true,-2.01
"TCH",130709,"/Date(1701410858000)/",12150,700,2428700,29905000000,-300,true,-2.41
"TCH",130709,"/Date(1701410858000)/",12200,800,2428000,29896000000,-250,true,-2.01
"TCH",130702,"/Date(1701410851000)/",12200,100,2427200,29886000000,-250,true,-2.01
"TCH",130656,"/Date(1701410845000)/",12200,100,2427100,29885000000,-250,false,-2.01
"TCH",130656,"/Date(1701410844000)/",12200,800,2427000,29884000000,-250,false,-2.01
"TCH",130653,"/Date(1701410842000)/",12200,100,2426200,29874000000,-250,false,-2.01
"TCH",130646,"/Date(1701410835000)/",12200,100,2426100,29873000000,-250,true,-2.01
"TCH",130643,"/Date(1701410830000)/",12200,100,2426000,29872000000,-250,false,-2.01
"TCH",130640,"/Date(1701410829000)/",12200,1000,2425900,29871000000,-250,false,-2.01
"TCH",130637,"/Date(1701410827000)/",12200,300,2424900,29858000000,-250,false,-2.01
"TCH",130637,"/Date(1701410826000)/",12200,100,2424600,29855000000,-250,false,-2.01
"TCH",130627,"/Date(1701410816000)/",12200,10000,2424500,29854000000,-250,false,-2.01
"TCH",130615,"/Date(1701410804000)/",12200,2000,2414500,29732000000,-250,false,-2.01
"TCH",130543,"/Date(1701410772000)/",12150,400,2412500,29707000000,-300,true,-2.41
"TCH",130540,"/Date(1701410769000)/",12200,2000,2412100,29702000000,-250,false,-2.01
"TCH",130530,"/Date(1701410759000)/",12200,200,2410100,29678000000,-250,false,-2.01
"TCH",130530,"/Date(1701410759000)/",12200,1700,2409900,29675000000,-250,false,-2.01
"TCH",130530,"/Date(1701410759000)/",12200,4100,2408200,29655000000,-250,false,-2.01
"TCH",130530,"/Date(1701410758000)/",12200,10000,2404100,29605000000,-250,false,-2.01
"TCH",130517,"/Date(1701410744000)/",12200,2000,2394100,29483000000,-250,true,-2.01
"TCH",130501,"/Date(1701410731000)/",12200,20000,2392100,29458000000,-250,true,-2.01
"TCH",130458,"/Date(1701410727000)/",12200,2000,2372100,29214000000,-250,true,-2.01
"TCH",130455,"/Date(1701410723000)/",12200,300,2370100,29190000000,-250,true,-2.01
"TCH",130449,"/Date(1701410716000)/",12200,400,2369800,29186000000,-250,true,-2.01
"TCH",130449,"/Date(1701410716000)/",12200,100,2369400,29181000000,-250,true,-2.01
"TCH",130449,"/Date(1701410716000)/",12200,400,2369300,29180000000,-250,true,-2.01
"TCH",130449,"/Date(1701410716000)/",12200,1000,2368900,29175000000,-250,true,-2.01
"TCH",130449,"/Date(1701410716000)/",12200,1300,2367900,29163000000,-250,true,-2.01
"TCH",130449,"/Date(1701410716000)/",12200,8400,2366600,29147000000,-250,true,-2.01
"TCH",130436,"/Date(1701410703000)/",12150,1000,2358200,29045000000,-300,true,-2.41
"TCH",130407,"/Date(1701410675000)/",12200,100,2357200,29033000000,-250,false,-2.01
"TCH",130401,"/Date(1701410668000)/",12150,100,2357100,29031000000,-300,true,-2.41
"TCH",130401,"/Date(1701410668000)/",12150,300,2357000,29030000000,-300,true,-2.41
"TCH",130355,"/Date(1701410664000)/",12200,400,2356700,29026000000,-250,false,-2.01
"TCH",130351,"/Date(1701410658000)/",12200,5000,2356300,29022000000,-250,false,-2.01
"TCH",130323,"/Date(1701410631000)/",12200,100,2351300,28961000000,-250,false,-2.01
"TCH",130317,"/Date(1701410625000)/",12200,100,2351200,28959000000,-250,false,-2.01
"TCH",130257,"/Date(1701410605000)/",12200,800,2351100,28958000000,-250,false,-2.01
"TCH",130257,"/Date(1701410605000)/",12200,200,2350300,28948000000,-250,false,-2.01
"TCH",130248,"/Date(1701410596000)/",12200,1000,2350100,28946000000,-250,false,-2.01
"TCH",130242,"/Date(1701410591000)/",12200,100,2349100,28934000000,-250,false,-2.01
"TCH",130229,"/Date(1701410577000)/",12200,2000,2349000,28932000000,-250,true,-2.01
"TCH",130229,"/Date(1701410577000)/",12200,1700,2347000,28908000000,-250,true,-2.01
"TCH",130216,"/Date(1701410564000)/",12200,300,2345300,28887000000,-250,true,-2.01
"TCH",130213,"/Date(1701410560000)/",12200,2000,2345000,28884000000,-250,true,-2.01
"TCH",130207,"/Date(1701410554000)/",12200,1000,2343000,28859000000,-250,true,-2.01
"TCH",130207,"/Date(1701410554000)/",12200,500,2342000,28847000000,-250,true,-2.01
"TCH",130154,"/Date(1701410543000)/",12200,500,2341500,28841000000,-250,true,-2.01
"TCH",130154,"/Date(1701410543000)/",12200,2000,2341000,28835000000,-250,true,-2.01
"TCH",130154,"/Date(1701410543000)/",12200,500,2339000,28810000000,-250,true,-2.01
"TCH",130154,"/Date(1701410543000)/",12200,7000,2338500,28804000000,-250,true,-2.01
"TCH",130144,"/Date(1701410533000)/",12200,100,2331500,28719000000,-250,true,-2.01
"TCH",130135,"/Date(1701410524000)/",12200,900,2331400,28718000000,-250,true,-2.01
"TCH",130135,"/Date(1701410524000)/",12200,10000,2330500,28707000000,-250,true,-2.01
"TCH",130135,"/Date(1701410524000)/",12200,100,2320500,28585000000,-250,true,-2.01
"TCH",130135,"/Date(1701410524000)/",12200,1500,2320400,28584000000,-250,true,-2.01
"TCH",130135,"/Date(1701410524000)/",12200,100,2318900,28565000000,-250,true,-2.01
"TCH",130135,"/Date(1701410524000)/",12200,500,2318800,28564000000,-250,true,-2.01
"TCH",130135,"/Date(1701410524000)/",12200,1000,2318300,28558000000,-250,true,-2.01
"TCH",130135,"/Date(1701410524000)/",12200,200,2317300,28546000000,-250,true,-2.01
"TCH",130135,"/Date(1701410524000)/",12200,100,2317100,28543000000,-250,true,-2.01
"TCH",130135,"/Date(1701410524000)/",12200,600,2317000,28542000000,-250,true,-2.01
"TCH",130047,"/Date(1701410473000)/",12200,1000,2316400,28535000000,-250,true,-2.01
"TCH",130047,"/Date(1701410473000)/",12200,4000,2315400,28523000000,-250,true,-2.01
"TCH",130031,"/Date(1701410460000)/",12200,400,2311400,28474000000,-250,true,-2.01
"TCH",130031,"/Date(1701410459000)/",12200,1000,2311000,28469000000,-250,true,-2.01
"TCH",130025,"/Date(1701410451000)/",12200,100,2310000,28457000000,-250,true,-2.01
"TCH",130022,"/Date(1701410438000)/",12200,2900,2309900,28455000000,-250,true,-2.01
