"Stockcode","Package","TradingDate","Price","Vol","TotalVol","TotalVal","Change","IsBuy","PerChange"
"TNH",144428,"/Date(1701416701000)/",20750,5000,70300,1458000000,100,false,0.48
"TNH",142836,"/Date(1701415752000)/",20700,400,65300,1354000000,50,true,0.24
"TNH",142754,"/Date(1701415709000)/",20700,200,64900,1346000000,50,true,0.24
"TNH",142735,"/Date(1701415691000)/",20750,3200,64700,1341000000,100,false,0.48
"TNH",142735,"/Date(1701415691000)/",20750,1800,61500,1275000000,100,false,0.48
"TNH",142421,"/Date(1701415495000)/",20750,100,59700,1238000000,100,false,0.48
"TNH",141811,"/Date(1701415124000)/",20750,1000,59600,1236000000,100,false,0.48
"TNH",141638,"/Date(1701415034000)/",20750,100,58600,1215000000,100,false,0.48
"TNH",141610,"/Date(1701415004000)/",20750,2000,58500,1213000000,100,false,0.48
"TNH",141610,"/Date(1701415004000)/",20750,500,56500,1171000000,100,false,0.48
"TNH",141610,"/Date(1701415004000)/",20750,500,56000,1161000000,100,false,0.48
"TNH",141136,"/Date(1701414731000)/",20750,1000,55500,1151000000,100,false,0.48
"TNH",140847,"/Date(1701414560000)/",20750,200,54500,1130000000,100,false,0.48
"TNH",140721,"/Date(1701414474000)/",20750,100,54300,1126000000,100,true,0.48
"TNH",140608,"/Date(1701414401000)/",20750,900,54200,1124000000,100,false,0.48
"TNH",140605,"/Date(1701414397000)/",20750,1000,53300,1105000000,100,false,0.48
"TNH",140533,"/Date(1701414367000)/",20750,100,52300,1084000000,100,false,0.48
"TNH",140533,"/Date(1701414365000)/",20750,900,52200,1082000000,100,false,0.48
"TNH",140442,"/Date(1701414316000)/",20750,100,51300,1063000000,100,false,0.48
"TNH",140442,"/Date(1701414316000)/",20750,300,51200,1061000000,100,false,0.48
"TNH",140442,"/Date(1701414316000)/",20750,2000,50900,1055000000,100,false,0.48
"TNH",140442,"/Date(1701414316000)/",20750,1400,48900,1014000000,100,false,0.48
"TNH",140442,"/Date(1701414316000)/",20750,1000,47500,985000000,100,false,0.48
"TNH",140442,"/Date(1701414316000)/",20750,200,46500,964000000,100,false,0.48
"TNH",140121,"/Date(1701414114000)/",20750,100,46300,960000000,100,false,0.48
"TNH",135600,"/Date(1701413794000)/",20800,200,46200,958000000,150,false,0.73
"TNH",135600,"/Date(1701413794000)/",20750,300,46000,953000000,100,false,0.48
"TNH",135600,"/Date(1701413794000)/",20750,300,45700,947000000,100,false,0.48
"TNH",135600,"/Date(1701413794000)/",20750,500,45400,941000000,100,false,0.48
"TNH",135600,"/Date(1701413794000)/",20750,300,44900,931000000,100,false,0.48
"TNH",135600,"/Date(1701413794000)/",20750,300,44600,924000000,100,false,0.48
"TNH",135600,"/Date(1701413794000)/",20750,100,44300,918000000,100,false,0.48
"TNH",135534,"/Date(1701413767000)/",20750,200,44200,916000000,100,false,0.48
"TNH",135534,"/Date(1701413767000)/",20750,200,44000,912000000,100,false,0.48
"TNH",135534,"/Date(1701413767000)/",20750,300,43800,908000000,100,false,0.48
"TNH",135534,"/Date(1701413767000)/",20750,300,43500,902000000,100,false,0.48
"TNH",135522,"/Date(1701413754000)/",20750,300,43200,895000000,100,false,0.48
"TNH",135522,"/Date(1701413754000)/",20750,300,42900,889000000,100,false,0.48
"TNH",135522,"/Date(1701413754000)/",20750,300,42600,883000000,100,false,0.48
"TNH",135522,"/Date(1701413754000)/",20750,300,42300,877000000,100,false,0.48
"TNH",135522,"/Date(1701413754000)/",20750,2000,42000,870000000,100,false,0.48
"TNH",135522,"/Date(1701413754000)/",20750,300,40000,829000000,100,false,0.48
"TNH",135522,"/Date(1701413754000)/",20750,1000,39700,823000000,100,false,0.48
"TNH",135522,"/Date(1701413754000)/",20750,100,38700,802000000,100,false,0.48
"TNH",135522,"/Date(1701413754000)/",20750,300,38600,800000000,100,false,0.48
"TNH",135522,"/Date(1701413754000)/",20750,300,38300,794000000,100,false,0.48
"TNH",135522,"/Date(1701413754000)/",20750,300,38000,787000000,100,false,0.48
"TNH",135522,"/Date(1701413754000)/",20750,300,37700,781000000,100,false,0.48
"TNH",135522,"/Date(1701413754000)/",20750,300,37400,775000000,100,false,0.48
"TNH",135522,"/Date(1701413754000)/",20750,1000,37100,769000000,100,false,0.48
"TNH",135522,"/Date(1701413754000)/",20750,300,36100,748000000,100,false,0.48
"TNH",135522,"/Date(1701413754000)/",20750,300,35800,742000000,100,false,0.48
"TNH",135522,"/Date(1701413754000)/",20750,300,35500,736000000,100,false,0.48
"TNH",135522,"/Date(1701413754000)/",20750,300,35200,729000000,100,false,0.48
"TNH",135522,"/Date(1701413754000)/",20750,300,34900,723000000,100,false,0.48
"TNH",135522,"/Date(1701413754000)/",20750,300,34600,717000000,100,false,0.48
"TNH",135522,"/Date(1701413754000)/",20750,1100,34300,711000000,100,false,0.48
"TNH",134912,"/Date(1701413383000)/",20700,1000,33200,688000000,50,true,0.24
"TNH",134724,"/Date(1701413276000)/",20700,2800,32200,667000000,50,true,0.24
"TNH",134504,"/Date(1701413135000)/",20700,100,29400,609000000,50,true,0.24
"TNH",134504,"/Date(1701413135000)/",20700,400,29300,607000000,50,true,0.24
"TNH",131826,"/Date(1701411534000)/",20750,400,28900,599000000,100,false,0.48
"TNH",131559,"/Date(1701411389000)/",20750,1500,28500,590000000,100,false,0.48
"TNH",131559,"/Date(1701411389000)/",20750,500,27000,559000000,100,false,0.48
"TNH",131559,"/Date(1701411389000)/",20750,500,26500,549000000,100,false,0.48
"TNH",130556,"/Date(1701410785000)/",20700,1100,26000,539000000,50,true,0.24
"TNH",130320,"/Date(1701410627000)/",20700,200,24900,516000000,50,true,0.24
"TNH",112116,"/Date(1701404494000)/",20700,300,24700,512000000,50,false,0.24
"TNH",110802,"/Date(1701403697000)/",20650,100,24400,505000000,0,true,0
"TNH",110802,"/Date(1701403697000)/",20650,400,24300,503000000,0,true,0
"TNH",110802,"/Date(1701403697000)/",20700,100,23900,495000000,50,false,0.24
"TNH",110802,"/Date(1701403697000)/",20700,400,23800,493000000,50,false,0.24
"TNH",110228,"/Date(1701403364000)/",20750,100,23400,485000000,100,false,0.48
"TNH",105603,"/Date(1701402981000)/",20700,100,23300,483000000,50,true,0.24
"TNH",104625,"/Date(1701402395000)/",20750,100,23200,481000000,100,false,0.48
"TNH",104152,"/Date(1701402126000)/",20750,100,23100,479000000,100,false,0.48
"TNH",104152,"/Date(1701402126000)/",20750,300,23000,477000000,100,false,0.48
"TNH",104152,"/Date(1701402126000)/",20750,100,22700,470000000,100,false,0.48
"TNH",103414,"/Date(1701401669000)/",20750,200,22600,468000000,100,false,0.48
"TNH",103414,"/Date(1701401669000)/",20750,300,22400,464000000,100,false,0.48
"TNH",103414,"/Date(1701401669000)/",20750,300,22100,458000000,100,false,0.48
"TNH",103414,"/Date(1701401669000)/",20750,500,21800,452000000,100,false,0.48
"TNH",103414,"/Date(1701401669000)/",20750,1000,21300,441000000,100,false,0.48
"TNH",103414,"/Date(1701401669000)/",20750,200,20300,420000000,100,false,0.48
"TNH",103414,"/Date(1701401669000)/",20750,300,20100,416000000,100,false,0.48
"TNH",103414,"/Date(1701401669000)/",20750,300,19800,410000000,100,false,0.48
"TNH",103414,"/Date(1701401669000)/",20750,1000,19500,404000000,100,false,0.48
"TNH",103414,"/Date(1701401669000)/",20750,300,18500,383000000,100,false,0.48
"TNH",103414,"/Date(1701401669000)/",20750,500,18200,377000000,100,false,0.48
"TNH",103414,"/Date(1701401669000)/",20750,100,17700,367000000,100,false,0.48
"TNH",102044,"/Date(1701400857000)/",20700,4000,17600,364000000,50,true,0.24
"TNH",102044,"/Date(1701400857000)/",20700,500,13600,282000000,50,true,0.24
"TNH",101602,"/Date(1701400576000)/",20700,100,13100,271000000,50,true,0.24
"TNH",101248,"/Date(1701400380000)/",20750,200,13000,269000000,100,false,0.48
"TNH",101248,"/Date(1701400380000)/",20750,200,12800,265000000,100,false,0.48
"TNH",101248,"/Date(1701400380000)/",20750,100,12600,261000000,100,false,0.48
"TNH",101019,"/Date(1701400232000)/",20750,100,12500,259000000,100,false,0.48
"TNH",100721,"/Date(1701400052000)/",20750,100,12400,257000000,100,false,0.48
"TNH",100721,"/Date(1701400052000)/",20750,300,12300,255000000,100,false,0.48
"TNH",100721,"/Date(1701400052000)/",20750,300,12000,248000000,100,false,0.48
"TNH",100721,"/Date(1701400052000)/",20750,300,11700,242000000,100,false,0.48
"TNH",100721,"/Date(1701400052000)/",20750,1000,11400,236000000,100,false,0.48
"TNH",100721,"/Date(1701400052000)/",20750,500,10400,215000000,100,false,0.48
"TNH",100721,"/Date(1701400052000)/",20750,300,9900,205000000,100,false,0.48
"TNH",100721,"/Date(1701400052000)/",20750,300,9600,199000000,100,false,0.48
"TNH",100721,"/Date(1701400052000)/",20750,300,9300,192000000,100,false,0.48
"TNH",100721,"/Date(1701400052000)/",20750,2600,9000,186000000,100,false,0.48
"TNH",100213,"/Date(1701399743000)/",20700,300,6400,132000000,50,true,0.24
"TNH",95324,"/Date(1701399216000)/",20700,100,6100,126000000,50,true,0.24
"TNH",94603,"/Date(1701398775000)/",20700,100,6000,124000000,50,true,0.24
"TNH",94603,"/Date(1701398775000)/",20700,200,5900,122000000,50,true,0.24
"TNH",93604,"/Date(1701398172000)/",20750,400,5700,118000000,100,false,0.48
"TNH",93333,"/Date(1701398022000)/",20750,200,5300,109000000,100,false,0.48
"TNH",93333,"/Date(1701398022000)/",20750,500,5100,105000000,100,false,0.48
"TNH",93333,"/Date(1701398022000)/",20750,300,4600,95000000,100,false,0.48
"TNH",92904,"/Date(1701397753000)/",20750,300,4300,89000000,100,false,0.48
"TNH",92904,"/Date(1701397753000)/",20750,300,4000,83000000,100,false,0.48
"TNH",92717,"/Date(1701397644000)/",20750,100,3700,76000000,100,false,0.48
"TNH",92536,"/Date(1701397544000)/",20750,100,3600,74000000,100,true,0.48
"TNH",92536,"/Date(1701397544000)/",20750,1100,3500,72000000,100,true,0.48
"TNH",92348,"/Date(1701397435000)/",20750,300,2400,49000000,100,true,0.48
"TNH",92348,"/Date(1701397435000)/",20750,100,2100,43000000,100,true,0.48
"TNH",92348,"/Date(1701397435000)/",20750,100,2000,41000000,100,true,0.48
"TNH",91527,"/Date(1701396933000)/",20750,100,1900,39000000,100,true,0.48
"TNH",91524,"/Date(1701396932000)/",20800,300,1800,37000000,150,false,0.73
"TNH",91459,"/Date(1701396901000)/",20750,1500,1500,31000000,100,true,0.48
