"Stockcode","Package","TradingDate","Price","Vol","TotalVol","TotalVal","Change","IsBuy","PerChange"
"VC7",144525,"/Date(1701416700000)/",14700,6900,407526,6007898300,-100,true,-0.68
"VC7",142947,"/Date(1701415787000)/",14800,700,400626,5906468300,0,true,0
"VC7",142927,"/Date(1701415767000)/",14900,200,399926,5896108300,100,false,0.68
"VC7",142911,"/Date(1701415751000)/",14800,1000,399726,5893128300,0,true,0
"VC7",142905,"/Date(1701415745000)/",14800,100,398726,5878328300,0,true,0
"VC7",142900,"/Date(1701415740000)/",14800,200,398626,5876848300,0,true,0
"VC7",142823,"/Date(1701415703000)/",14800,500,398426,5873888300,0,true,0
"VC7",142801,"/Date(1701415681000)/",14800,200,397926,5866488300,0,true,0
"VC7",142759,"/Date(1701415679000)/",14900,100,397726,5863528300,100,false,0.68
"VC7",142751,"/Date(1701415671000)/",14800,1000,397626,5862038300,0,true,0
"VC7",142722,"/Date(1701415642000)/",14800,300,396626,5847238300,0,true,0
"VC7",142539,"/Date(1701415539000)/",14800,1000,396326,5842798300,0,true,0
"VC7",142501,"/Date(1701415501000)/",14800,100,395326,5827998300,0,true,0
"VC7",142448,"/Date(1701415488000)/",14800,6000,395226,5826518300,0,false,0
"VC7",142426,"/Date(1701415466000)/",14900,100,389226,5737718300,100,false,0.68
"VC7",142358,"/Date(1701415439000)/",14900,400,389126,5736228300,100,false,0.68
"VC7",142236,"/Date(1701415356000)/",14900,2000,388726,5730268300,100,false,0.68
"VC7",142135,"/Date(1701415295000)/",14900,1000,386726,5700468300,100,false,0.68
"VC7",142011,"/Date(1701415211000)/",14900,200,385726,5685568300,100,false,0.68
"VC7",142005,"/Date(1701415205000)/",14900,500,385526,5682588300,100,false,0.68
"VC7",141947,"/Date(1701415187000)/",14900,500,385026,5675138300,100,false,0.68
"VC7",141945,"/Date(1701415185000)/",14900,2000,384526,5667688300,100,false,0.68
"VC7",141938,"/Date(1701415178000)/",14900,100,382526,5637888300,100,false,0.68
"VC7",141935,"/Date(1701415175000)/",14900,200,382426,5636398300,100,false,0.68
"VC7",141932,"/Date(1701415172000)/",14900,700,382226,5633418300,100,false,0.68
"VC7",141930,"/Date(1701415170000)/",14900,200,381526,5622988300,100,false,0.68
"VC7",141841,"/Date(1701415121000)/",14900,1000,381326,5620008300,100,false,0.68
"VC7",141840,"/Date(1701415120000)/",14900,10800,380326,5605108300,100,false,0.68
"VC7",141825,"/Date(1701415105000)/",14800,200,369526,5444188300,0,true,0
"VC7",141808,"/Date(1701415088000)/",14800,1700,369326,5441228300,0,false,0
"VC7",141804,"/Date(1701415084000)/",14800,10000,367626,5416068300,0,false,0
"VC7",141709,"/Date(1701415029000)/",14800,1100,357626,5268068300,0,true,0
"VC7",141706,"/Date(1701415026000)/",14800,1200,356526,5251788300,0,true,0
"VC7",141705,"/Date(1701415025000)/",14800,1800,355326,5234028300,0,false,0
"VC7",141657,"/Date(1701415017000)/",14800,4700,353526,5207388300,0,false,0
"VC7",141515,"/Date(1701414915000)/",14700,300,348826,5137828300,-100,true,-0.68
"VC7",141218,"/Date(1701414738000)/",14700,1100,348526,5133418300,-100,true,-0.68
"VC7",141150,"/Date(1701414710000)/",14700,1000,347426,5117248300,-100,false,-0.68
"VC7",141056,"/Date(1701414656000)/",14700,2100,346426,5102548300,-100,false,-0.68
"VC7",140907,"/Date(1701414547000)/",14800,400,344326,5071678300,0,false,0
"VC7",140832,"/Date(1701414512000)/",14800,100,343926,5065758300,0,false,0
"VC7",140552,"/Date(1701414352000)/",14800,1000,343826,5064278300,0,false,0
"VC7",140508,"/Date(1701414308000)/",14800,6500,342826,5049478300,0,false,0
"VC7",140501,"/Date(1701414301000)/",14700,500,336326,4953658300,-100,false,-0.68
"VC7",140450,"/Date(1701414290000)/",14700,1000,335826,4946308300,-100,false,-0.68
"VC7",140436,"/Date(1701414276000)/",14600,300,334826,4931608300,-200,true,-1.35
"VC7",140417,"/Date(1701414257000)/",14600,1000,334526,4927228300,-200,false,-1.35
"VC7",140402,"/Date(1701414242000)/",14600,1000,333526,4912628300,-200,false,-1.35
"VC7",140102,"/Date(1701414062000)/",14600,200,332526,4898028300,-200,false,-1.35
"VC7",140059,"/Date(1701414059000)/",14600,200,332326,4895108300,-200,false,-1.35
"VC7",140008,"/Date(1701414008000)/",14600,5000,332126,4892188300,-200,false,-1.35
"VC7",135912,"/Date(1701413951000)/",14600,500,327126,4819188300,-200,false,-1.35
"VC7",135854,"/Date(1701413933000)/",14600,4100,326626,4811888300,-200,false,-1.35
"VC7",135833,"/Date(1701413912000)/",14600,100,322526,4752028300,-200,true,-1.35
"VC7",135742,"/Date(1701413861000)/",14600,100,322426,4750568300,-200,false,-1.35
"VC7",135655,"/Date(1701413815000)/",14600,2000,322326,4749108300,-200,false,-1.35
"VC7",135649,"/Date(1701413809000)/",14600,100,320326,4719908300,-200,false,-1.35
"VC7",135633,"/Date(1701413793000)/",14600,2000,320226,4718448300,-200,false,-1.35
"VC7",135433,"/Date(1701413673000)/",14400,1200,318226,4689248300,-400,false,-2.7
"VC7",135429,"/Date(1701413669000)/",14400,2700,317026,4671968300,-400,true,-2.7
"VC7",135357,"/Date(1701413637000)/",14400,600,314326,4633088300,-400,true,-2.7
"VC7",135349,"/Date(1701413629000)/",14400,1000,313726,4624448300,-400,true,-2.7
"VC7",135345,"/Date(1701413625000)/",14400,600,312726,4610048300,-400,true,-2.7
"VC7",135333,"/Date(1701413613000)/",14400,500,312126,4601408300,-400,true,-2.7
"VC7",135317,"/Date(1701413597000)/",14400,8000,311626,4594208300,-400,true,-2.7
"VC7",135258,"/Date(1701413578000)/",14400,1000,303626,4479008300,-400,true,-2.7
"VC7",135021,"/Date(1701413421000)/",14400,500,302626,4464608300,-400,true,-2.7
"VC7",134923,"/Date(1701413363000)/",14400,10000,302126,4457408300,-400,true,-2.7
"VC7",134913,"/Date(1701413353000)/",14500,200,292126,4312468300,-300,true,-2.03
"VC7",134909,"/Date(1701413349000)/",14500,1600,291926,4309568300,-300,true,-2.03
"VC7",134857,"/Date(1701413337000)/",14500,6900,290326,4286368300,-300,true,-2.03
"VC7",134752,"/Date(1701413272000)/",14500,600,283426,4186318300,-300,true,-2.03
"VC7",134739,"/Date(1701413259000)/",14500,500,282826,4177618300,-300,true,-2.03
"VC7",134634,"/Date(1701413194000)/",14600,1000,282326,4170368300,-200,false,-1.35
"VC7",134608,"/Date(1701413168000)/",14600,100,281326,4155768300,-200,false,-1.35
"VC7",134456,"/Date(1701413096000)/",14600,300,281226,4154308300,-200,false,-1.35
"VC7",134248,"/Date(1701412968000)/",14600,200,280926,4149928300,-200,false,-1.35
"VC7",133800,"/Date(1701412680000)/",14500,19300,280726,4147008300,-300,true,-2.03
"VC7",133707,"/Date(1701412627000)/",14600,20000,261426,3867148300,-200,true,-1.35
"VC7",133548,"/Date(1701412548000)/",14600,100,241426,3575148300,-200,true,-1.35
"VC7",133502,"/Date(1701412502000)/",14600,2800,241326,3573688300,-200,true,-1.35
"VC7",133437,"/Date(1701412477000)/",14700,200,238526,3532808300,-100,false,-0.68
"VC7",133251,"/Date(1701412371000)/",14600,6000,238326,3529868300,-200,true,-1.35
"VC7",133237,"/Date(1701412357000)/",14600,1600,232326,3442268300,-200,true,-1.35
"VC7",133154,"/Date(1701412314000)/",14600,5000,230726,3418908300,-200,true,-1.35
"VC7",132813,"/Date(1701412092000)/",14600,1000,225726,3345908300,-200,true,-1.35
"VC7",131943,"/Date(1701411583000)/",14600,5000,224726,3331308300,-200,true,-1.35
"VC7",131637,"/Date(1701411397000)/",14600,1000,219726,3258298300,-200,true,-1.35
"VC7",131527,"/Date(1701411327000)/",14600,1000,218726,3243698300,-200,true,-1.35
"VC7",131416,"/Date(1701411256000)/",14600,100,217726,3229098300,-200,false,-1.35
"VC7",131405,"/Date(1701411245000)/",14600,700,217626,3227638300,-200,true,-1.35
"VC7",131326,"/Date(1701411206000)/",14600,300,216926,3217418300,-200,true,-1.35
"VC7",131318,"/Date(1701411198000)/",14600,9700,216626,3213038300,-200,true,-1.35
"VC7",131037,"/Date(1701411037000)/",14700,500,206926,3071358300,-100,false,-0.68
"VC7",130956,"/Date(1701410996000)/",14600,300,206426,3064008300,-200,true,-1.35
"VC7",130520,"/Date(1701410719000)/",14700,300,206126,3059628300,-100,true,-0.68
"VC7",130519,"/Date(1701410718000)/",14600,100,205826,3055218300,-200,true,-1.35
"VC7",130512,"/Date(1701410711000)/",14700,1000,205726,3053758300,-100,false,-0.68
"VC7",130509,"/Date(1701410708000)/",14600,2500,204726,3039058300,-200,true,-1.35
"VC7",130456,"/Date(1701410695000)/",14700,800,202226,3002558300,-100,false,-0.68
"VC7",130321,"/Date(1701410600000)/",14700,1000,201426,2990798300,-100,false,-0.68
"VC7",130221,"/Date(1701410540000)/",14700,700,200426,2976098300,-100,false,-0.68
"VC7",130159,"/Date(1701410518000)/",14700,200,199726,2965808300,-100,false,-0.68
"VC7",130126,"/Date(1701410485000)/",14600,200,199526,2962868300,-200,true,-1.35
"VC7",130029,"/Date(1701410406000)/",14700,6,199326,2959948300,-100,false,-0.68
"VC7",112922,"/Date(1701404962000)/",14700,11800,199320,2959860000,-100,true,-0.68
"VC7",112856,"/Date(1701404936000)/",14700,200,187520,2786400000,-100,false,-0.68
"VC7",112817,"/Date(1701404897000)/",14700,100,187320,2783460000,-100,false,-0.68
"VC7",112805,"/Date(1701404885000)/",14700,700,187220,2781990000,-100,false,-0.68
"VC7",112743,"/Date(1701404863000)/",14500,22900,186520,2771700000,-300,true,-2.03
"VC7",112721,"/Date(1701404841000)/",14600,8400,163620,2439650000,-200,true,-1.35
"VC7",112640,"/Date(1701404800000)/",14700,10100,155220,2317010000,-100,true,-0.68
"VC7",112626,"/Date(1701404786000)/",14800,100,145120,2168500000,0,false,0
"VC7",112513,"/Date(1701404712000)/",14700,6000,145020,2167020000,-100,true,-0.68
"VC7",112330,"/Date(1701404609000)/",14800,3200,139020,2078810000,0,true,0
"VC7",112257,"/Date(1701404576000)/",14800,2800,135820,2031450000,0,false,0
"VC7",112251,"/Date(1701404570000)/",14700,6600,133020,1990010000,-100,false,-0.68
"VC7",112014,"/Date(1701404413000)/",14800,6300,126420,1892990000,0,true,0
"VC7",111922,"/Date(1701404362000)/",14800,5000,120120,1799750000,0,true,0
"VC7",111839,"/Date(1701404318000)/",14900,100,115120,1725750000,100,false,0.68
"VC7",111738,"/Date(1701404258000)/",14900,800,115020,1724260000,100,true,0.68
"VC7",111323,"/Date(1701404003000)/",14900,300,114220,1712340000,100,true,0.68
"VC7",111204,"/Date(1701403924000)/",14900,600,113920,1707870000,100,true,0.68
"VC7",110244,"/Date(1701403364000)/",14900,3100,113320,1698930000,100,true,0.68
"VC7",105940,"/Date(1701403180000)/",14900,1900,110220,1652740000,100,false,0.68
"VC7",105707,"/Date(1701403027000)/",14900,100,108320,1624430000,100,true,0.68
"VC7",105551,"/Date(1701402951000)/",14900,200,108220,1622940000,100,false,0.68
"VC7",105515,"/Date(1701402915000)/",14900,700,108020,1619960000,100,true,0.68
"VC7",105455,"/Date(1701402895000)/",14900,1000,107320,1609530000,100,true,0.68
"VC7",105410,"/Date(1701402850000)/",14900,100,106320,1594630000,100,true,0.68
"VC7",105345,"/Date(1701402825000)/",14900,7700,106220,1593140000,100,true,0.68
"VC7",105341,"/Date(1701402821000)/",14900,500,98520,1478410000,100,true,0.68
"VC7",105332,"/Date(1701402812000)/",14900,4300,98020,1470960000,100,true,0.68
"VC7",105329,"/Date(1701402809000)/",14900,1000,93720,1406890000,100,true,0.68
"VC7",105144,"/Date(1701402704000)/",14900,1600,92720,1391990000,100,true,0.68
"VC7",104758,"/Date(1701402477000)/",14900,100,91120,1368150000,100,true,0.68
"VC7",104551,"/Date(1701402350000)/",14900,7000,91020,1366660000,100,true,0.68
"VC7",104138,"/Date(1701402098000)/",15000,3500,84020,1262360000,200,false,1.35
"VC7",102658,"/Date(1701401218000)/",14900,500,80520,1209860000,100,false,0.68
"VC7",102243,"/Date(1701400963000)/",14900,800,80020,1202410000,100,false,0.68
"VC7",102230,"/Date(1701400950000)/",14900,1000,79220,1190490000,100,false,0.68
"VC7",101948,"/Date(1701400788000)/",14900,100,78220,1175590000,100,false,0.68
"VC7",101714,"/Date(1701400634000)/",14900,1000,78120,1174100000,100,false,0.68
"VC7",101701,"/Date(1701400621000)/",14900,1000,77120,1159200000,100,false,0.68
"VC7",101648,"/Date(1701400608000)/",14900,10400,76120,1144300000,100,true,0.68
"VC7",100654,"/Date(1701400014000)/",15000,400,65720,989340000,200,false,1.35
"VC7",100323,"/Date(1701399803000)/",14900,500,65320,983340000,100,true,0.68
"VC7",100217,"/Date(1701399737000)/",15000,3500,64820,975890000,200,false,1.35
"VC7",100136,"/Date(1701399696000)/",15000,1700,61320,923390000,200,false,1.35
"VC7",100115,"/Date(1701399675000)/",15000,10000,59620,897890000,200,true,1.35
"VC7",100000,"/Date(1701399600000)/",15100,300,49620,747860000,300,true,2.03
"VC7",95914,"/Date(1701399554000)/",15100,200,49320,743330000,300,true,2.03
"VC7",95809,"/Date(1701399489000)/",15100,1500,49120,740310000,300,true,2.03
"VC7",95712,"/Date(1701399432000)/",15100,200,47620,717660000,300,true,2.03
"VC7",95643,"/Date(1701399403000)/",15100,500,47420,714640000,300,true,2.03
"VC7",95439,"/Date(1701399279000)/",15100,3700,46920,707090000,300,true,2.03
"VC7",95029,"/Date(1701399029000)/",15100,1000,43220,651220000,300,false,2.03
"VC7",95014,"/Date(1701399014000)/",15100,1000,42220,636120000,300,false,2.03
"VC7",94334,"/Date(1701398614000)/",15100,100,41220,621020000,300,true,2.03
"VC7",94051,"/Date(1701398451000)/",15100,4900,41120,619510000,300,true,2.03
"VC7",94035,"/Date(1701398435000)/",15100,100,36220,545520000,300,false,2.03
"VC7",93739,"/Date(1701398259000)/",15200,500,36120,544010000,400,false,2.7
"VC7",93641,"/Date(1701398201000)/",15200,1000,35620,536410000,400,false,2.7
"VC7",93154,"/Date(1701397914000)/",15000,500,34620,521280000,200,true,1.35
"VC7",93110,"/Date(1701397870000)/",15000,200,34120,513780000,200,true,1.35
"VC7",92931,"/Date(1701397771000)/",15000,20,33920,510780000,200,true,1.35
"VC7",92854,"/Date(1701397734000)/",15000,1000,33900,510480000,200,true,1.35
"VC7",92823,"/Date(1701397703000)/",15100,500,32900,495430000,300,true,2.03
"VC7",92808,"/Date(1701397688000)/",15100,1000,32400,487880000,300,true,2.03
"VC7",92654,"/Date(1701397614000)/",15100,500,31400,472780000,300,true,2.03
"VC7",92646,"/Date(1701397606000)/",15100,1600,30900,465230000,300,false,2.03
"VC7",92531,"/Date(1701397531000)/",15100,1000,29300,441070000,300,false,2.03
"VC7",92441,"/Date(1701397481000)/",15000,3600,28300,425970000,200,true,1.35
"VC7",92417,"/Date(1701397458000)/",14900,1000,24700,371970000,100,true,0.68
"VC7",92302,"/Date(1701397383000)/",15000,700,23700,357070000,200,true,1.35
"VC7",92258,"/Date(1701397379000)/",15000,5000,23000,346570000,200,true,1.35
"VC7",92207,"/Date(1701397327000)/",15000,100,18000,271570000,200,true,1.35
"VC7",92159,"/Date(1701397319000)/",15100,1000,17900,270070000,300,false,2.03
"VC7",92050,"/Date(1701397250000)/",15000,5000,16900,254970000,200,true,1.35
"VC7",92049,"/Date(1701397249000)/",15100,2000,11900,179970000,300,false,2.03
"VC7",92045,"/Date(1701397245000)/",15100,500,9900,149770000,300,false,2.03
"VC7",91910,"/Date(1701397150000)/",15100,2000,9400,142220000,300,false,2.03
"VC7",91817,"/Date(1701397097000)/",15000,1000,7400,112020000,200,true,1.35
"VC7",91733,"/Date(1701397053000)/",15000,100,6400,97020000,200,true,1.35
"VC7",91732,"/Date(1701397052000)/",15100,200,6300,95520000,300,false,2.03
"VC7",91555,"/Date(1701396955000)/",15100,3200,6100,92500000,300,true,2.03
"VC7",91243,"/Date(1701396763000)/",15000,100,2900,44180000,200,true,1.35
"VC7",91102,"/Date(1701396662000)/",15100,300,2800,42680000,300,true,2.03
"VC7",90445,"/Date(1701396285000)/",15300,100,2500,38150000,500,false,3.38
"VC7",90430,"/Date(1701396270000)/",15300,2400,2400,36620000,500,true,3.38
