"Stockcode","Package","TradingDate","Price","Vol","TotalVol","TotalVal","Change","IsBuy","PerChange"
"VIP",144428,"/Date(1701416701000)/",11200,5700,71400,794000000,0,false,0
"VIP",142836,"/Date(1701415752000)/",11100,100,65700,730000000,-100,true,-0.89
"VIP",142836,"/Date(1701415752000)/",11100,1000,65600,729000000,-100,true,-0.89
"VIP",142836,"/Date(1701415752000)/",11100,1900,64600,718000000,-100,true,-0.89
"VIP",142512,"/Date(1701415547000)/",11150,900,62700,697000000,-50,false,-0.45
"VIP",142336,"/Date(1701415452000)/",11150,200,61800,687000000,-50,false,-0.45
"VIP",142310,"/Date(1701415424000)/",11100,100,61600,685000000,-100,true,-0.89
"VIP",142242,"/Date(1701415397000)/",11100,100,61500,684000000,-100,true,-0.89
"VIP",142239,"/Date(1701415394000)/",11100,900,61400,683000000,-100,true,-0.89
"VIP",142235,"/Date(1701415392000)/",11100,3000,60500,673000000,-100,true,-0.89
"VIP",142232,"/Date(1701415389000)/",11150,300,57500,639000000,-50,false,-0.45
"VIP",142025,"/Date(1701415259000)/",11150,200,57200,636000000,-50,false,-0.45
"VIP",142009,"/Date(1701415244000)/",11100,300,57000,634000000,-100,true,-0.89
"VIP",142009,"/Date(1701415243000)/",11100,700,56700,631000000,-100,true,-0.89
"VIP",142009,"/Date(1701415243000)/",11100,300,56000,623000000,-100,true,-0.89
"VIP",141928,"/Date(1701415202000)/",11100,300,55700,619000000,-100,true,-0.89
"VIP",141928,"/Date(1701415201000)/",11100,400,55400,616000000,-100,true,-0.89
"VIP",141928,"/Date(1701415201000)/",11100,500,55000,612000000,-100,true,-0.89
"VIP",141928,"/Date(1701415201000)/",11100,100,54500,606000000,-100,true,-0.89
"VIP",141224,"/Date(1701414777000)/",11100,200,54400,605000000,-100,true,-0.89
"VIP",140841,"/Date(1701414556000)/",11150,100,54200,603000000,-50,false,-0.45
"VIP",140728,"/Date(1701414483000)/",11150,100,54100,602000000,-50,false,-0.45
"VIP",140728,"/Date(1701414483000)/",11150,200,54000,601000000,-50,false,-0.45
"VIP",140624,"/Date(1701414416000)/",11150,100,53800,598000000,-50,false,-0.45
"VIP",140605,"/Date(1701414399000)/",11150,200,53700,597000000,-50,false,-0.45
"VIP",140605,"/Date(1701414399000)/",11150,1000,53500,595000000,-50,false,-0.45
"VIP",140605,"/Date(1701414399000)/",11150,300,52500,584000000,-50,false,-0.45
"VIP",140559,"/Date(1701414393000)/",11150,200,52200,580000000,-50,false,-0.45
"VIP",140559,"/Date(1701414393000)/",11150,200,52000,578000000,-50,false,-0.45
"VIP",140559,"/Date(1701414393000)/",11150,600,51800,576000000,-50,false,-0.45
"VIP",140250,"/Date(1701414204000)/",11050,100,51200,569000000,-150,false,-1.34
"VIP",140203,"/Date(1701414157000)/",11050,200,51100,568000000,-150,true,-1.34
"VIP",140203,"/Date(1701414157000)/",11050,300,50900,566000000,-150,true,-1.34
"VIP",135408,"/Date(1701413681000)/",11000,100,50600,563000000,-200,false,-1.79
"VIP",135408,"/Date(1701413680000)/",11000,600,50500,562000000,-200,false,-1.79
"VIP",135333,"/Date(1701413647000)/",11000,100,49900,555000000,-200,false,-1.79
"VIP",135255,"/Date(1701413606000)/",11000,1000,49800,554000000,-200,false,-1.79
"VIP",135255,"/Date(1701413606000)/",11000,1000,48800,543000000,-200,false,-1.79
"VIP",135100,"/Date(1701413494000)/",11000,300,47800,532000000,-200,false,-1.79
"VIP",134956,"/Date(1701413429000)/",11000,100,47500,529000000,-200,false,-1.79
"VIP",134956,"/Date(1701413429000)/",11000,2000,47400,527000000,-200,false,-1.79
"VIP",134956,"/Date(1701413429000)/",11000,200,45400,505000000,-200,false,-1.79
"VIP",134956,"/Date(1701413429000)/",11000,100,45200,503000000,-200,false,-1.79
"VIP",134956,"/Date(1701413429000)/",11000,100,45100,502000000,-200,false,-1.79
"VIP",134956,"/Date(1701413429000)/",11000,100,45000,501000000,-200,false,-1.79
"VIP",134956,"/Date(1701413429000)/",11000,100,44900,500000000,-200,false,-1.79
"VIP",134956,"/Date(1701413429000)/",11000,1000,44800,499000000,-200,false,-1.79
"VIP",134850,"/Date(1701413363000)/",11000,100,43800,488000000,-200,true,-1.79
"VIP",134850,"/Date(1701413363000)/",11000,100,43700,487000000,-200,true,-1.79
"VIP",134850,"/Date(1701413360000)/",11000,700,43600,486000000,-200,true,-1.79
"VIP",134847,"/Date(1701413359000)/",11000,1200,42900,478000000,-200,true,-1.79
"VIP",134847,"/Date(1701413359000)/",11050,100,41700,465000000,-150,true,-1.34
"VIP",134847,"/Date(1701413359000)/",11050,1100,41600,464000000,-150,true,-1.34
"VIP",134746,"/Date(1701413297000)/",11050,100,40500,452000000,-150,true,-1.34
"VIP",134743,"/Date(1701413294000)/",11050,500,40400,450000000,-150,true,-1.34
"VIP",134743,"/Date(1701413294000)/",11050,1200,39900,445000000,-150,true,-1.34
"VIP",134743,"/Date(1701413294000)/",11100,200,38700,432000000,-100,false,-0.89
"VIP",134743,"/Date(1701413294000)/",11100,100,38500,429000000,-100,false,-0.89
"VIP",134743,"/Date(1701413294000)/",11100,200,38400,428000000,-100,false,-0.89
"VIP",133606,"/Date(1701412595000)/",11050,100,38200,426000000,-150,true,-1.34
"VIP",133606,"/Date(1701412595000)/",11050,100,38100,425000000,-150,true,-1.34
"VIP",133606,"/Date(1701412595000)/",11050,100,38000,424000000,-150,true,-1.34
"VIP",133559,"/Date(1701412592000)/",11050,1000,37900,423000000,-150,true,-1.34
"VIP",133550,"/Date(1701412582000)/",11100,200,36900,412000000,-100,false,-0.89
"VIP",133505,"/Date(1701412537000)/",11100,500,36700,409000000,-100,false,-0.89
"VIP",133505,"/Date(1701412537000)/",11100,400,36200,404000000,-100,false,-0.89
"VIP",133320,"/Date(1701412430000)/",11100,100,35800,399000000,-100,true,-0.89
"VIP",133317,"/Date(1701412427000)/",11100,600,35700,398000000,-100,true,-0.89
"VIP",133317,"/Date(1701412426000)/",11100,1300,35100,392000000,-100,true,-0.89
"VIP",133317,"/Date(1701412426000)/",11100,500,33800,377000000,-100,true,-0.89
"VIP",133317,"/Date(1701412426000)/",11100,200,33300,372000000,-100,true,-0.89
"VIP",132743,"/Date(1701412093000)/",11150,100,33100,370000000,-50,false,-0.45
"VIP",132526,"/Date(1701411955000)/",11150,100,33000,368000000,-50,false,-0.45
"VIP",132445,"/Date(1701411915000)/",11150,800,32900,367000000,-50,false,-0.45
"VIP",132212,"/Date(1701411763000)/",11150,300,32100,358000000,-50,false,-0.45
"VIP",132209,"/Date(1701411758000)/",11150,200,31800,355000000,-50,true,-0.45
"VIP",132124,"/Date(1701411715000)/",11150,500,31600,353000000,-50,true,-0.45
"VIP",132124,"/Date(1701411715000)/",11150,500,31100,347000000,-50,true,-0.45
"VIP",131920,"/Date(1701411590000)/",11200,400,30600,342000000,0,false,0
"VIP",131920,"/Date(1701411590000)/",11200,100,30200,337000000,0,false,0
"VIP",131920,"/Date(1701411590000)/",11200,500,30100,336000000,0,false,0
"VIP",131440,"/Date(1701411309000)/",11200,800,29600,330000000,0,false,0
"VIP",131333,"/Date(1701411242000)/",11150,200,28800,321000000,-50,false,-0.45
"VIP",131233,"/Date(1701411181000)/",11150,1000,28600,319000000,-50,false,-0.45
"VIP",131145,"/Date(1701411134000)/",11150,200,27600,308000000,-50,false,-0.45
"VIP",131029,"/Date(1701411059000)/",11100,100,27400,306000000,-100,true,-0.89
"VIP",130442,"/Date(1701410711000)/",11100,100,27300,305000000,-100,true,-0.89
"VIP",130442,"/Date(1701410711000)/",11100,100,27200,304000000,-100,true,-0.89
"VIP",130006,"/Date(1701410401000)/",11100,100,27100,303000000,-100,true,-0.89
"VIP",130006,"/Date(1701410401000)/",11200,1000,27000,301000000,0,false,0
"VIP",111351,"/Date(1701404049000)/",11100,300,26000,290000000,-100,true,-0.89
"VIP",111351,"/Date(1701404049000)/",11100,200,25700,287000000,-100,true,-0.89
"VIP",105748,"/Date(1701403084000)/",11100,500,25500,285000000,-100,true,-0.89
"VIP",105748,"/Date(1701403084000)/",11100,500,25000,279000000,-100,true,-0.89
"VIP",105609,"/Date(1701402984000)/",11100,200,24500,274000000,-100,true,-0.89
"VIP",105609,"/Date(1701402984000)/",11100,500,24300,271000000,-100,true,-0.89
"VIP",105609,"/Date(1701402984000)/",11100,300,23800,266000000,-100,true,-0.89
"VIP",104656,"/Date(1701402430000)/",11100,700,23500,262000000,-100,true,-0.89
"VIP",104656,"/Date(1701402430000)/",11100,100,22800,255000000,-100,true,-0.89
"VIP",104656,"/Date(1701402430000)/",11100,200,22700,254000000,-100,true,-0.89
"VIP",104508,"/Date(1701402322000)/",11200,100,22500,251000000,0,false,0
"VIP",103854,"/Date(1701401950000)/",11200,1000,22400,250000000,0,false,0
"VIP",103158,"/Date(1701401532000)/",11200,300,21400,239000000,0,false,0
"VIP",102404,"/Date(1701401058000)/",11100,300,21100,236000000,-100,true,-0.89
"VIP",102404,"/Date(1701401058000)/",11100,700,20800,232000000,-100,true,-0.89
"VIP",102003,"/Date(1701400817000)/",11150,100,20100,225000000,-50,false,-0.45
"VIP",100520,"/Date(1701399932000)/",11200,300,20000,223000000,0,false,0
"VIP",100520,"/Date(1701399932000)/",11200,300,19700,220000000,0,false,0
"VIP",95502,"/Date(1701399312000)/",11200,500,19400,217000000,0,false,0
"VIP",95450,"/Date(1701399301000)/",11200,400,18900,211000000,0,false,0
"VIP",95450,"/Date(1701399301000)/",11200,500,18500,207000000,0,false,0
"VIP",95427,"/Date(1701399278000)/",11200,1000,18000,201000000,0,false,0
"VIP",95427,"/Date(1701399278000)/",11200,500,17000,190000000,0,false,0
"VIP",95427,"/Date(1701399277000)/",11200,1500,16500,184000000,0,false,0
"VIP",95427,"/Date(1701399277000)/",11200,3500,15000,167000000,0,false,0
"VIP",95405,"/Date(1701399257000)/",11200,600,11500,128000000,0,true,0
"VIP",95321,"/Date(1701399213000)/",11200,100,10900,122000000,0,true,0
"VIP",95249,"/Date(1701399178000)/",11200,1000,10800,120000000,0,true,0
"VIP",95243,"/Date(1701399174000)/",11200,200,9800,109000000,0,true,0
"VIP",95146,"/Date(1701399115000)/",11200,500,9600,107000000,0,true,0
"VIP",94907,"/Date(1701398959000)/",11200,600,9100,101000000,0,true,0
"VIP",94754,"/Date(1701398886000)/",11200,1000,8500,95000000,0,false,0
"VIP",94754,"/Date(1701398886000)/",11200,100,7500,83000000,0,false,0
"VIP",94754,"/Date(1701398886000)/",11200,2400,7400,82000000,0,false,0
"VIP",94716,"/Date(1701398846000)/",11200,1100,5000,55000000,0,false,0
"VIP",94716,"/Date(1701398846000)/",11200,100,3900,43000000,0,false,0
"VIP",94716,"/Date(1701398846000)/",11200,100,3800,42000000,0,false,0
"VIP",94716,"/Date(1701398846000)/",11200,700,3700,41000000,0,false,0
"VIP",94415,"/Date(1701398664000)/",11200,300,3000,33000000,0,false,0
"VIP",94415,"/Date(1701398664000)/",11200,1700,2700,30000000,0,false,0
"VIP",94415,"/Date(1701398664000)/",11200,300,1000,11000000,0,false,0
"VIP",94415,"/Date(1701398664000)/",11200,600,700,7000000,0,false,0
"VIP",94415,"/Date(1701398664000)/",11150,100,100,1000000,-50,false,-0.45
