"price","change","match_qtty","side","time","total_vol"
22050,100,13400,"bu","09:15:01",13400
22050,100,3000,"bu","09:16:07",16400
22100,150,6000,"bu","09:16:45",22400
22100,150,300,"sd","09:17:24",22700
22100,150,200,"bu","09:18:06",22900
22050,100,2700,"sd","09:18:09",25600
22050,100,2700,"sd","09:18:20",28300
22100,150,1000,"bu","09:18:22",29300
22050,100,2700,"bu","09:18:24",32000
22050,100,2900,"sd","09:18:30",34900
22000,50,500,"bu","09:18:35",35400
22050,100,1000,"bu","09:18:39",36400
22050,100,200,"sd","09:18:40",36600
22050,100,5000,"sd","09:18:43",41600
22050,100,100,"sd","09:18:44",41700
22050,100,800,"bu","09:18:52",42500
22050,100,2700,"bu","09:19:02",45200
22100,150,1000,"bu","09:19:07",46200
22050,100,2700,"bu","09:19:09",48900
22100,150,9100,"bu","09:19:33",58000
22050,100,2700,"sd","09:19:35",60700
22050,100,500,"bu","09:19:41",61200
22100,150,200,"bu","09:19:47",61400
22050,100,2700,"sd","09:19:54",64100
22000,50,2700,"bu","09:20:11",66800
22050,100,2700,"bu","09:20:20",69500
22100,150,100,"bu","09:20:26",69600
22050,100,2700,"sd","09:20:29",72300
22100,150,200,"bu","09:20:32",72500
22050,100,800,"bu","09:20:38",73300
22050,100,500,"sd","09:21:05",73800
22050,100,5500,"bu","09:21:16",79300
22050,100,600,"bu","09:21:32",79900
22050,100,2000,"sd","09:21:34",81900
22050,100,1000,"bu","09:21:42",82900
22050,100,700,"sd","09:22:06",83600
22050,100,500,"sd","09:22:09",84100
22000,50,100,"bu","09:22:23",84200
22050,100,800,"bu","09:22:25",85000
22050,100,300,"sd","09:22:32",85300
22050,100,500,"sd","09:22:46",85800
22100,150,100,"sd","09:23:08",85900
22050,100,600,"bu","09:23:12",86500
22050,100,2700,"bu","09:24:59",89200
22100,150,400,"sd","09:25:09",89600
22100,150,2000,"bu","09:25:14",91600
22050,100,15000,"bu","09:25:17",106600
22050,100,500,"bu","09:25:41",107100
22050,100,2000,"bu","09:25:49",109100
22050,100,300,"bu","09:26:03",109400
22050,100,2800,"sd","09:26:30",112200
22050,100,300,"bu","09:26:36",112500
22000,50,20000,"sd","09:26:52",132500
22050,100,1400,"bu","09:27:25",133900
22050,100,200,"sd","09:28:52",134100
22050,100,1000,"bu","09:29:08",135100
22050,100,200,"bu","09:29:25",135300
22050,100,3600,"bu","09:30:04",138900
22050,100,700,"sd","09:30:08",139600
22050,100,1000,"sd","09:30:16",140600
22050,100,500,"bu","09:30:22",141100
22050,100,900,"sd","09:30:46",142000
22050,100,1000,"sd","09:30:58",143000
22050,100,500,"bu","09:31:06",143500
22050,100,100,"sd","09:31:14",143600
22050,100,1000,"bu","09:31:14",144600
22000,50,25000,"sd","09:31:17",169600
22050,100,200,"bu","09:31:30",169800
22000,50,1000,"bu","09:31:42",170800
22050,100,34600,"bu","09:32:01",205400
22050,100,1800,"sd","09:32:08",207200
22050,100,10000,"sd","09:32:52",217200
22050,100,500,"sd","09:33:33",217700
22050,100,1800,"sd","09:33:43",219500
22100,150,300,"sd","09:33:57",219800
22050,100,1800,"bu","09:34:25",221600
22050,100,1200,"sd","09:36:39",222800
22050,100,1000,"bu","09:37:29",223800
22050,100,500,"bu","09:37:37",224300
22050,100,2000,"sd","09:37:47",226300
22050,100,500,"bu","09:37:48",226800
22050,100,2300,"bu","09:37:53",229100
22050,100,2000,"bu","09:38:21",231100
22050,100,300,"bu","09:38:29",231400
22050,100,500,"sd","09:39:16",231900
22100,150,13300,"sd","09:39:37",245200
22100,150,10200,"bu","09:39:38",255400
22050,100,500,"bu","09:39:39",255900
22050,100,2500,"sd","09:39:40",258400
22050,100,800,"bu","09:39:41",259200
22100,150,500,"sd","09:39:46",264200
22100,150,29100,"bu","09:40:11",293300
22100,150,5500,"sd","09:40:44",298800
22100,150,7500,"bu","09:41:06",306300
22050,100,9500,"bu","09:41:22",315800
22050,100,100,"bu","09:41:33",315900
22100,150,1000,"sd","09:41:50",316900
22100,150,500,"bu","09:41:54",317400
22050,100,100,"bu","09:41:58",317500
22100,150,3000,"bu","09:42:25",320500
22100,150,100,"sd","09:42:26",320600
22100,150,1000,"bu","09:42:39",321600
22100,150,5000,"sd","09:42:49",326600
22050,100,500,"bu","09:42:51",327100
22100,150,6500,"sd","09:43:05",333600
22050,100,500,"bu","09:43:09",334100
22100,150,2500,"bu","09:43:14",336600
22050,100,500,"sd","09:43:15",337100
22050,100,800,"sd","09:43:16",337900
22050,100,1700,"sd","09:43:39",339600
22100,150,1800,"sd","09:43:44",341400
22100,150,1000,"bu","09:44:08",342400
22100,150,2500,"sd","09:45:06",344900
22100,150,700,"sd","09:45:09",345600
22050,100,500,"bu","09:45:46",346100
22100,150,5000,"bu","09:45:51",351100
22050,100,500,"sd","09:45:54",351600
22050,100,1300,"bu","09:46:01",352900
22050,100,300,"bu","09:46:15",356700
22050,100,2000,"bu","09:46:26",358700
22100,150,12700,"sd","09:46:59",371400
22100,150,500,"sd","09:47:07",371900
22100,150,200,"sd","09:47:10",372100
22050,100,100200,"sd","09:47:14",472300
22050,100,500,"sd","09:47:18",472800
22050,100,5500,"sd","09:47:23",478300
22050,100,500,"bu","09:47:25",478800
22050,100,2000,"sd","09:47:33",480800
22050,100,500,"sd","09:47:35",481300
22050,100,57700,"bu","09:47:40",539000
22000,50,500,"bu","09:47:41",539500
22000,50,800,"sd","09:47:43",540300
22050,100,500,"sd","09:47:50",540800
22050,100,100,"bu","09:48:02",540900
22050,100,100000,"bu","09:48:27",640900
22050,100,5000,"bu","09:48:32",645900
22050,100,50000,"sd","09:48:36",695900
22050,100,38600,"sd","09:48:42",734500
22100,150,300,"bu","09:49:38",734800
22050,100,600,"bu","09:49:55",735400
22050,100,100,"sd","09:50:05",735500
22050,100,500,"bu","09:50:17",736000
22050,100,4600,"sd","09:51:10",740600
22050,100,500,"bu","09:51:11",741100
22050,100,300,"sd","09:51:12",741400
22050,100,62900,"sd","09:51:51",804300
22050,100,100,"bu","09:51:59",804400
22000,50,2600,"sd","09:52:13",807000
22050,100,1100,"bu","09:52:16",808100
22000,50,2500,"bu","09:52:34",810600
22050,100,35800,"sd","09:52:37",846400
22000,50,200,"bu","09:52:41",846600
22000,50,2500,"sd","09:52:49",849100
22000,50,5000,"bu","09:52:52",854100
22000,50,2500,"sd","09:52:54",856600
22050,100,900,"sd","09:52:58",857500
22000,50,2500,"sd","09:53:06",860000
22050,100,400,"bu","09:53:10",860400
22000,50,2500,"sd","09:53:11",862900
22000,50,2500,"bu","09:53:18",865400
22000,50,5000,"bu","09:53:22",870400
22000,50,2500,"bu","09:53:25",872900
22000,50,2500,"bu","09:53:28",875400
22000,50,1500,"bu","09:53:29",876900
22050,100,500,"bu","09:54:15",877400
22050,100,2600,"bu","09:55:14",880000
22050,100,500,"bu","09:55:19",880500
22050,100,2300,"sd","09:55:31",882800
22000,50,500,"bu","09:55:35",883300
22050,100,100,"sd","09:55:46",883400
22050,100,500,"sd","09:55:57",883900
22000,50,1200,"sd","09:56:01",885100
22000,50,500,"bu","09:56:12",885600
22000,50,1300,"bu","09:56:19",886900
22050,100,4000,"sd","09:56:20",890900
22050,100,1200,"bu","09:56:38",892100
22000,50,500,"sd","09:56:40",892600
22000,50,2300,"bu","09:56:51",894900
22000,50,500,"bu","09:56:56",895400
22050,100,200,"bu","09:57:11",895600
22000,50,500,"sd","09:57:18",896100
22000,50,700,"bu","09:57:36",896800
22000,50,500,"bu","09:57:37",897300
22000,50,100,"bu","09:57:41",897400
22000,50,500,"sd","09:57:48",897900
22000,50,3300,"sd","09:58:13",901200
22000,50,500,"sd","09:58:16",901700
22050,100,100,"sd","09:58:30",901800
22000,50,600,"sd","09:58:39",902400
22050,100,300,"sd","09:58:50",902700
22000,50,500,"bu","09:58:54",903200
22050,100,3000,"sd","09:59:26",906200
22000,50,500,"bu","09:59:28",906700
22050,100,600,"bu","09:59:34",907300
22050,100,500,"sd","09:59:36",907800
22050,100,300,"bu","09:59:37",908100
22050,100,500,"bu","10:00:35",908600
22050,100,8200,"sd","10:00:39",916800
22050,100,300,"sd","10:00:43",917100
22000,50,500,"bu","10:00:57",917600
22050,100,1500,"sd","10:01:09",919100
22050,100,100,"sd","10:01:10",919200
22000,50,500,"sd","10:01:12",919700
22050,100,600,"sd","10:01:21",920300
22000,50,500,"sd","10:01:28",920800
22000,50,3300,"sd","10:01:52",924100
22000,50,500,"sd","10:01:57",924600
22000,50,4000,"sd","10:02:11",928600
22000,50,500,"bu","10:02:18",929100
22000,50,4800,"bu","10:03:12",933900
22000,50,500,"bu","10:03:17",934400
22050,100,200,"sd","10:03:27",934600
22050,100,500,"sd","10:03:39",935100
22050,100,3000,"bu","10:03:48",938100
22050,100,500,"bu","10:03:54",938600
22050,100,5800,"bu","10:04:17",944400
22000,50,500,"bu","10:04:21",944900
22050,100,17200,"bu","10:04:25",962100
22050,100,500,"bu","10:04:26",962600
22050,100,1300,"bu","10:04:34",963900
22050,100,500,"bu","10:04:39",964400
22050,100,8100,"bu","10:05:05",972500
22050,100,300,"bu","10:05:06",972800
22050,100,6000,"bu","10:05:10",978800
22050,100,500,"bu","10:05:16",979300
22050,100,3200,"bu","10:05:28",982500
22050,100,500,"sd","10:05:32",983000
22050,100,300,"sd","10:05:45",983300
22050,100,4000,"sd","10:05:55",987300
22050,100,500,"sd","10:06:05",987800
22050,100,6000,"sd","10:06:14",993800
22050,100,500,"bu","10:06:15",994300
22050,100,1300,"bu","10:06:23",995600
22050,100,600,"sd","10:06:47",996200
22000,50,500,"bu","10:06:50",996700
22000,50,500,"bu","10:07:03",997200
22100,150,5500,"bu","10:07:36",1002700
22000,50,500,"sd","10:07:37",1003200
22000,50,1300,"bu","10:07:45",1004500
22050,100,700,"bu","10:07:49",1005200
22050,100,1500,"sd","10:08:14",1006700
22100,150,10000,"sd","10:08:17",1016700
22050,100,500,"sd","10:08:29",1017200
22050,100,100,"sd","10:08:32",1017300
22050,100,500,"sd","10:08:44",1017800
22050,100,3000,"bu","10:09:13",1020800
22050,100,500,"bu","10:09:17",1021300
22050,100,1300,"bu","10:09:24",1022600
22050,100,500,"sd","10:09:29",1023100
22050,100,3100,"bu","10:10:06",1026200
22050,100,500,"sd","10:10:11",1026700
22050,100,3000,"bu","10:10:44",1029700
22050,100,800,"bu","10:10:47",1030500
22050,100,500,"sd","10:10:51",1031000
22050,100,500,"bu","10:11:15",1031500
22050,100,500,"bu","10:11:29",1032000
22050,100,5600,"bu","10:11:40",1037600
22000,50,500,"bu","10:11:46",1038100
22000,50,7500,"bu","10:11:55",1045600
22000,50,1000,"sd","10:11:58",1046600
22000,50,1800,"bu","10:12:09",1048400
22000,50,500,"sd","10:12:16",1048900
22050,100,244900,"bu","10:12:30",1293800
22050,100,500,"sd","10:12:35",1294300
22050,100,4000,"sd","10:12:56",1298300
22050,100,500,"bu","10:13:07",1298800
22050,100,2200,"sd","10:13:08",1301000
22050,100,500,"bu","10:13:13",1301500
22050,100,2800,"sd","10:13:31",1304300
22050,100,500,"sd","10:13:36",1304800
22050,100,2000,"sd","10:13:39",1306800
22050,100,700,"sd","10:13:40",1307500
22050,100,2400,"sd","10:13:46",1309900
22050,100,500,"sd","10:13:59",1310400
22050,100,2000,"bu","10:14:06",1312400
22050,100,500,"sd","10:14:13",1312900
22050,100,4300,"bu","10:14:52",1317200
22050,100,41300,"sd","10:15:20",1358500
22000,50,500,"sd","10:15:22",1359000
22050,100,300,"bu","10:15:24",1359300
22000,50,500,"bu","10:15:44",1359800
22000,50,4800,"sd","10:16:39",1364600
22000,50,500,"sd","10:16:44",1365100
22050,100,100,"bu","10:16:54",1365200
22000,50,500,"sd","10:17:06",1365700
22050,100,6500,"bu","10:17:45",1372200
22000,50,500,"bu","10:17:48",1372700
22000,50,2300,"sd","10:18:00",1375000
22000,50,500,"bu","10:18:04",1375500
22000,50,10300,"sd","10:19:22",1385800
22050,100,100,"sd","10:19:45",1385900
22050,100,8000,"sd","10:20:20",1393900
22050,100,500,"bu","10:20:21",1394400
22100,150,5000,"sd","10:20:23",1399400
22100,150,10000,"bu","10:20:37",1409400
22100,150,50000,"bu","10:21:05",1459400
22100,150,10000,"bu","10:21:10",1469400
22050,100,500,"bu","10:21:15",1469900
22050,100,1000,"bu","10:21:35",1470900
22050,100,30500,"sd","10:21:45",1501400
22050,100,500,"bu","10:21:51",1501900
22100,150,300,"sd","10:21:52",1502200
22100,150,500,"bu","10:21:57",1502700
22100,150,1300,"bu","10:22:04",1504000
22100,150,500,"bu","10:22:05",1504500
22100,150,800,"sd","10:22:10",1505300
22100,150,100,"sd","10:23:35",1505400
22100,150,1000,"sd","10:23:37",1506400
22150,200,50000,"bu","10:23:46",1556400
22100,150,500,"bu","10:23:50",1556900
22100,150,600,"sd","10:24:12",1557500
22100,150,500,"bu","10:24:19",1558000
22100,150,3100,"bu","10:25:15",1561100
22100,150,500,"sd","10:25:18",1561600
22150,200,4000,"sd","10:25:40",1565600
22100,150,500,"bu","10:25:41",1566100
22150,200,600,"sd","10:26:04",1566700
22100,150,500,"sd","10:26:10",1567200
22150,200,800,"sd","10:26:31",1568000
22100,150,500,"bu","10:26:35",1568500
22150,200,2500,"bu","10:26:53",1571000
22100,150,500,"sd","10:26:59",1571500
22100,150,2000,"sd","10:27:13",1573500
22100,150,500,"bu","10:27:14",1574000
22100,150,1600,"bu","10:28:11",1575600
22100,150,600,"sd","10:28:17",1576200
22150,200,700,"bu","10:28:25",1576900
22050,100,249000,"sd","10:28:33",1825900
22050,100,100,"bu","10:28:36",1826000
22000,50,500,"bu","10:28:39",1826500
22050,100,51500,"sd","10:29:01",1878000
22000,50,500,"bu","10:29:02",1878500
22050,100,200,"sd","10:29:09",1878700
22050,100,1200,"sd","10:29:10",1879900
22050,100,500,"sd","10:29:19",1880400
22200,250,14700,"sd","10:30:20",1895100
22100,150,500,"bu","10:30:21",1895600
22200,250,5900,"bu","10:30:27",1901500
22200,250,12700,"bu","10:30:29",1914200
22100,150,500,"bu","10:30:36",1914700
22050,100,108100,"sd","10:31:19",2022800
22000,50,500,"sd","10:31:20",2023300
22050,100,8800,"sd","10:31:23",2032100
22050,100,17400,"bu","10:31:26",2049500
22050,100,10000,"sd","10:31:32",2059500
22050,100,50000,"bu","10:31:36",2109500
22050,100,17900,"bu","10:31:37",2127400
22050,100,40300,"sd","10:31:43",2167700
22200,250,6600,"bu","10:31:50",2174300
22050,100,500,"sd","10:31:55",2174800
22200,250,100,"bu","10:32:01",2174900
22100,150,500,"sd","10:32:04",2175400
22200,250,1700,"sd","10:32:52",2177100
22100,150,500,"bu","10:32:54",2177600
22100,150,21100,"bu","10:33:22",2198700
22050,100,500,"sd","10:33:23",2199200
22100,150,3000,"sd","10:33:24",2202200
22100,150,1000,"sd","10:33:33",2203200
22050,100,600,"bu","10:33:35",2203800
22050,100,5500,"bu","10:33:38",2209300
22050,100,5500,"sd","10:33:49",2214800
22050,100,500,"bu","10:33:51",2215300
22050,100,5500,"sd","10:34:08",2220800
22050,100,5500,"bu","10:34:10",2226300
22100,150,10500,"bu","10:34:21",2236800
22050,100,500,"bu","10:34:25",2237300
22050,100,9500,"sd","10:35:56",2246800
22050,100,500,"sd","10:36:02",2247300
22050,100,500,"sd","10:36:08",2247800
22050,100,500,"bu","10:36:17",2248300
22100,150,4800,"sd","10:36:20",2253100
22050,100,500,"sd","10:36:21",2253600
22050,100,8000,"bu","10:37:06",2261600
22100,150,100,"sd","10:37:12",2261700
22050,100,1400,"bu","10:37:15",2263100
22050,100,5500,"bu","10:37:17",2268600
22050,100,500,"bu","10:37:33",2269100
22050,100,6500,"bu","10:37:59",2275600
22050,100,500,"bu","10:38:04",2276100
22100,150,1000,"sd","10:38:05",2277100
22050,100,500,"sd","10:38:10",2277600
22050,100,5500,"sd","10:38:13",2283100
22050,100,500,"bu","10:38:20",2283600
22050,100,6000,"sd","10:38:26",2289600
22050,100,500,"sd","10:38:30",2290100
22050,100,6000,"sd","10:38:48",2296100
22050,100,500,"bu","10:38:50",2296600
22050,100,3000,"sd","10:38:53",2299600
22050,100,5500,"sd","10:38:56",2305100
22100,150,21000,"sd","10:39:11",2326100
22100,150,600,"bu","10:39:20",2326700
22050,100,500,"sd","10:39:38",2327200
22050,100,8900,"bu","10:40:29",2336100
22050,100,500,"bu","10:40:38",2336600
22050,100,3600,"sd","10:41:40",2340200
22050,100,500,"sd","10:41:41",2340700
22100,150,201500,"sd","10:42:05",2542200
22050,100,500,"bu","10:42:07",2542700
22050,100,3000,"bu","10:42:28",2545700
22100,150,200,"sd","10:42:38",2545900
22050,100,500,"bu","10:42:40",2546400
22050,100,2000,"sd","10:43:30",2548400
22100,150,15100,"sd","10:43:34",2563500
22100,150,200,"sd","10:43:38",2563700
22100,150,1000,"sd","10:43:45",2564700
22150,200,17900,"bu","10:43:57",2582600
22100,150,700,"sd","10:43:58",2583300
22100,150,5000,"sd","10:44:26",2588300
22100,150,500,"sd","10:44:28",2588800
22100,150,1000,"sd","10:44:36",2589800
22100,150,500,"sd","10:44:37",2590300
22150,200,18400,"bu","10:45:01",2608700
22100,150,500,"bu","10:45:04",2609200
22150,200,7500,"sd","10:45:30",2616700
22150,200,5400,"sd","10:45:32",2622100
22150,200,1500,"bu","10:45:43",2623600
22150,200,11500,"bu","10:47:20",2635100
22150,200,500,"sd","10:47:22",2635600
22150,200,700,"bu","10:47:25",2636300
22150,200,500,"bu","10:47:34",2636800
22200,250,50000,"sd","10:47:37",2686800
22150,200,500,"bu","10:47:38",2687300
22200,250,700,"sd","10:47:47",2688000
22200,250,17700,"bu","10:47:52",2705700
22250,300,10400,"bu","10:48:11",2716100
22250,300,17900,"bu","10:48:13",2734000
22250,300,5000,"bu","10:48:19",2739000
22300,350,11500,"sd","10:48:20",2750500
22300,350,17400,"bu","10:48:28",2767900
22300,350,17400,"bu","10:48:37",2785300
22300,350,3500,"bu","10:48:46",2788800
22300,350,500,"sd","10:48:57",2789300
22300,350,600,"sd","10:49:02",2789900
22300,350,2000,"bu","10:49:04",2791900
22300,350,500,"bu","10:49:05",2792400
22350,400,10000,"sd","10:49:13",2802400
22350,400,1900,"sd","10:49:22",2804300
22350,400,9400,"bu","10:49:24",2813700
22350,400,11700,"sd","10:49:25",2825400
22350,400,4700,"bu","10:49:31",2830100
22400,450,28800,"bu","10:49:34",2858900
22350,400,100,"sd","10:49:38",2859000
22400,450,7800,"sd","10:49:39",2866800
22400,450,11500,"sd","10:49:44",2878300
22450,500,20100,"sd","10:49:47",2898400
22450,500,2700,"sd","10:49:52",2901100
22450,500,11400,"bu","10:49:56",2912500
22450,500,4400,"bu","10:49:57",2916900
22450,500,17400,"sd","10:50:00",2934300
22400,450,1000,"sd","10:50:08",2935300
22450,500,17600,"sd","10:50:12",2952900
22450,500,17400,"sd","10:50:27",2970300
22450,500,5000,"sd","10:50:28",2975300
22450,500,17400,"sd","10:50:39",2992700
22300,350,65000,"bu","10:50:44",3057700
22300,350,200,"sd","10:51:03",3057900
22350,400,1000,"bu","10:51:25",3058900
22400,450,100,"sd","10:51:36",3059000
22400,450,400,"sd","10:52:30",3059400
22350,400,15000,"sd","10:52:33",3074400
22400,450,300,"sd","10:52:35",3074700
22350,400,400,"sd","10:52:56",3075100
22300,350,51800,"bu","10:53:20",3126900
22300,350,200,"bu","10:53:27",3127100
22300,350,600,"sd","10:53:47",3127700
22300,350,100,"sd","10:54:05",3127800
22300,350,30100,"sd","10:54:59",3157900
22200,250,4000,"sd","10:55:16",3161900
22050,100,218300,"bu","10:55:31",3380200
22250,300,17000,"bu","10:55:34",3397200
22250,300,1000,"bu","10:55:36",3398200
22300,350,8600,"sd","10:55:53",3406800
22300,350,500,"bu","10:55:55",3407300
22250,300,30900,"bu","10:55:57",3438200
22100,150,2000,"sd","10:55:58",3440200
22200,250,4000,"bu","10:56:16",3444200
22200,250,1000,"bu","10:56:19",3445200
22200,250,10000,"bu","10:56:24",3455200
22200,250,1000,"bu","10:56:31",3456200
22250,300,19400,"bu","10:56:53",3475600
22200,250,18400,"sd","10:57:05",3494000
22250,300,20400,"bu","10:57:20",3514400
22250,300,10000,"bu","10:57:22",3524400
22200,250,2000,"sd","10:57:26",3526400
22200,250,1000,"bu","10:57:31",3527400
22250,300,21400,"bu","10:57:57",3548800
22200,250,1000,"bu","10:58:08",3549800
22250,300,23900,"sd","10:58:35",3573700
22200,250,2000,"sd","10:58:41",3575700
22250,300,108500,"sd","10:59:05",3684200
22200,250,1000,"bu","10:59:13",3685200
22250,300,5300,"bu","10:59:19",3690500
22250,300,1400,"bu","10:59:28",3691900
22200,250,1000,"bu","10:59:37",3692900
22250,300,35900,"sd","10:59:47",3728800
22250,300,1000,"bu","10:59:49",3729800
22200,250,168000,"sd","11:00:29",3897800
22150,200,1000,"bu","11:00:33",3898800
22200,250,51000,"sd","11:00:53",3949800
22200,250,38000,"bu","11:00:57",3987800
22200,250,1000,"sd","11:00:59",3988800
22200,250,7500,"sd","11:01:12",3996300
22200,250,2000,"sd","11:01:19",3998300
22200,250,32200,"bu","11:02:33",4030500
22150,200,1000,"bu","11:02:37",4031500
22200,250,31400,"bu","11:03:02",4062900
22150,200,1000,"bu","11:03:08",4063900
22200,250,10000,"bu","11:03:14",4073900
22150,200,1000,"bu","11:03:20",4074900
22200,250,13000,"sd","11:03:31",4087900
22150,200,1000,"bu","11:03:36",4088900
22200,250,34000,"bu","11:03:53",4122900
22150,200,1000,"bu","11:04:00",4123900
22200,250,2500,"bu","11:04:02",4126400
22200,250,50000,"bu","11:04:05",4176400
22150,200,1000,"sd","11:04:13",4177400
22200,250,100,"bu","11:04:15",4177500
22200,250,10000,"bu","11:04:18",4187500
22150,200,1000,"bu","11:04:23",4188500
22200,250,24000,"bu","11:04:26",4212500
22200,250,5000,"bu","11:04:30",4217500
22150,200,1000,"bu","11:04:34",4218500
22200,250,9700,"bu","11:04:41",4228200
22150,200,3400,"bu","11:04:47",4231600
22200,250,1600,"sd","11:04:54",4233200
22200,250,1000,"sd","11:04:58",4234200
22200,250,100,"sd","11:05:00",4234300
22200,250,2000,"bu","11:05:02",4236300
22200,250,1600,"bu","11:05:06",4237900
22200,250,1000,"bu","11:05:07",4238900
22250,300,6800,"sd","11:05:16",4245700
22200,250,1000,"bu","11:05:18",4246700
22150,200,1000,"sd","11:05:31",4247700
22150,200,1000,"bu","11:05:38",4248700
22200,250,4500,"bu","11:06:11",4253200
22200,250,1000,"sd","11:06:13",4254200
22250,300,7200,"sd","11:06:51",4261400
22250,300,1000,"sd","11:06:54",4262400
22250,300,3100,"bu","11:07:25",4265500
22250,300,1000,"bu","11:07:29",4266500
22200,250,102800,"bu","11:08:22",4369300
22150,200,1000,"bu","11:08:24",4370300
22200,250,8200,"bu","11:09:18",4378500
22150,200,1000,"sd","11:09:20",4379500
22200,250,18400,"sd","11:09:35",4397900
22150,200,1000,"sd","11:09:41",4398900
22200,250,2600,"bu","11:09:48",4401500
22150,200,1000,"sd","11:09:54",4402500
22200,250,18400,"sd","11:10:01",4420900
22150,200,1000,"sd","11:10:05",4421900
22200,250,24500,"bu","11:10:53",4446400
22150,200,1000,"sd","11:11:01",4447400
22200,250,21400,"sd","11:11:32",4468800
22150,200,2000,"sd","11:11:36",4470800
22200,250,50000,"bu","11:11:40",4520800
22200,250,4000,"bu","11:11:42",4524800
22150,200,1000,"bu","11:11:44",4525800
22200,250,20400,"bu","11:12:12",4546200
22150,200,1000,"sd","11:12:20",4547200
22200,250,21500,"sd","11:13:15",4568700
22200,250,1000,"bu","11:13:24",4569700
22200,250,2000,"sd","11:13:49",4571700
22200,250,1000,"bu","11:13:55",4572700
22200,250,1000,"sd","11:14:01",4573700
22200,250,4000,"bu","11:14:19",4577700
22200,250,1000,"bu","11:14:21",4578700
22200,250,55000,"bu","11:15:11",4633700
22200,250,1000,"sd","11:15:17",4634700
22150,200,4000,"sd","11:15:34",4638700
22150,200,1000,"sd","11:15:36",4639700
22200,250,9300,"sd","11:16:45",4649000
22150,200,1000,"sd","11:16:49",4650000
22250,300,26600,"bu","11:19:56",4676600
22150,200,1000,"bu","11:20:07",4677600
22150,200,7200,"bu","11:20:36",4684800
22150,200,1000,"sd","11:20:38",4685800
22200,250,2700,"bu","11:20:48",4688500
22300,350,19000,"sd","11:22:10",4707500
22300,350,5500,"sd","11:22:20",4713000
22300,350,500,"sd","11:22:29",4713500
22300,350,20000,"sd","11:22:37",4733500
22300,350,1500,"sd","11:22:43",4735000
22300,350,200,"bu","11:22:45",4735200
22300,350,3000,"sd","11:22:47",4738200
22250,300,500,"sd","11:22:55",4738700
22250,300,8200,"sd","11:24:24",4746900
22250,300,500,"sd","11:24:29",4747400
22250,300,2900,"bu","11:24:44",4750300
22250,300,500,"sd","11:24:46",4750800
22250,300,2900,"bu","11:24:48",4753700
22200,250,500,"sd","11:24:58",4754200
22200,250,6800,"bu","11:26:16",4761000
22200,250,500,"sd","11:26:22",4761500
22250,300,2600,"sd","11:26:45",4764100
22250,300,500,"bu","11:26:47",4764600
22250,300,1900,"sd","11:27:02",4766500
22250,300,500,"sd","11:27:06",4767000
22300,350,20400,"bu","11:27:52",4787400
22250,300,500,"bu","11:28:01",4787900
22250,300,9500,"sd","13:00:14",4797400
22300,350,100,"bu","13:00:20",4797500
22250,300,700,"bu","13:00:21",4798200
22250,300,100,"sd","13:00:23",4798300
22250,300,3200,"bu","13:00:31",4801500
22300,350,500,"sd","13:00:35",4802000
22250,300,1000,"bu","13:00:37",4803000
22300,350,100,"sd","13:00:39",4803100
22250,300,600,"bu","13:00:43",4803700
22250,300,300,"sd","13:00:45",4804000
22250,300,1000,"bu","13:00:46",4805000
22250,300,4400,"bu","13:00:47",4809400
22250,300,200,"sd","13:00:50",4809600
22250,300,1000,"sd","13:00:53",4810600
22250,300,500,"sd","13:01:01",4811100
22250,300,15000,"sd","13:01:12",4826100
22300,350,22000,"bu","13:01:57",4848100
22250,300,900,"bu","13:01:59",4849000
22250,300,1200,"sd","13:02:11",4850200
22250,300,1000,"sd","13:02:21",4851200
22250,300,1500,"sd","13:02:49",4852700
22250,300,100,"bu","13:02:53",4852800
22300,350,13200,"bu","13:03:52",4866000
22300,350,2200,"sd","13:04:13",4868200
22300,350,100,"sd","13:04:22",4868300
22300,350,1200,"bu","13:04:24",4869500
22300,350,500,"sd","13:04:26",4870000
22300,350,400,"sd","13:04:28",4870400
22300,350,1000,"sd","13:04:39",4871400
22250,300,100,"bu","13:04:46",4871500
22250,300,600,"bu","13:05:18",4872100
22250,300,100,"bu","13:06:16",4872200
22250,300,3900,"sd","13:06:35",4876100
22250,300,1600,"sd","13:06:50",4877700
22250,300,1700,"bu","13:07:07",4879400
22250,300,2000,"bu","13:07:17",4881400
22200,250,1500,"sd","13:07:21",4882900
22200,250,20000,"sd","13:07:56",4902900
22200,250,2100,"bu","13:08:35",4905000
22250,300,1300,"bu","13:09:01",4906300
22250,300,4400,"bu","13:09:18",4910700
22300,350,17400,"bu","13:09:44",4928100
22300,350,1000,"bu","13:10:14",4929100
22300,350,500,"bu","13:10:16",4929600
22250,300,1100,"sd","13:10:19",4930700
22250,300,3400,"bu","13:10:56",4934100
22250,300,11200,"sd","13:11:05",4945300
22250,300,1100,"bu","13:11:17",4946400
22250,300,1200,"bu","13:11:29",4947600
22250,300,1100,"bu","13:11:39",4948700
22250,300,1000,"bu","13:11:50",4949700
22250,300,19500,"bu","13:12:00",4969200
22250,300,1100,"bu","13:12:02",4970300
22250,300,1700,"sd","13:12:17",4972000
22250,300,1400,"sd","13:12:31",4973400
22250,300,500,"bu","13:12:37",4973900
22250,300,1000,"sd","13:12:40",4974900
22250,300,1300,"sd","13:12:55",4976200
22250,300,2500,"bu","13:13:07",4978700
22250,300,1400,"sd","13:13:09",4980100
22300,350,1300,"bu","13:13:22",4981400
22250,300,2000,"sd","13:13:32",4983400
22250,300,1700,"bu","13:13:34",4985100
22250,300,100,"sd","13:13:40",4985200
22250,300,500,"bu","13:13:44",4985700
22300,350,3100,"bu","13:13:55",4988800
22300,350,500,"bu","13:13:57",4989300
22300,350,1700,"sd","13:14:04",4991000
22300,350,300,"bu","13:14:08",4991300
22300,350,1200,"sd","13:14:14",4992500
22250,300,127800,"bu","13:14:17",5120300
22200,250,1300,"bu","13:14:27",5121600
22250,300,1000,"bu","13:14:36",5122600
22200,250,1000,"sd","13:14:38",5123600
22250,300,60000,"sd","13:14:42",5183600
22200,250,1500,"bu","13:14:54",5185100
22200,250,1300,"sd","13:15:05",5186400
22200,250,800,"sd","13:15:14",5187200
22200,250,200,"sd","13:15:17",5187400
22250,300,50000,"sd","13:15:36",5237400
22200,250,100,"bu","13:15:42",5237500
22200,250,2400,"sd","13:16:04",5239900
22250,300,2000,"sd","13:16:12",5241900
22250,300,400,"sd","13:16:19",5242300
22250,300,9000,"sd","13:16:26",5251300
22250,300,2300,"bu","13:16:30",5253600
22250,300,2700,"sd","13:16:32",5256300
22250,300,2000,"sd","13:17:05",5258300
22250,300,1900,"bu","13:17:24",5260200
22300,350,100,"sd","13:17:31",5260300
22250,300,34200,"bu","13:17:34",5294500
22250,300,3200,"sd","13:17:47",5297700
22250,300,100,"bu","13:17:52",5297800
22200,250,2200,"sd","13:18:08",5300000
22200,250,3100,"sd","13:18:41",5303100
22250,300,100,"bu","13:18:51",5303200
22200,250,2200,"sd","13:19:00",5305400
22250,300,100,"bu","13:19:03",5305500
22250,300,5500,"sd","13:19:08",5311000
22250,300,200,"bu","13:19:13",5311200
22200,250,1800,"sd","13:19:19",5313000
22250,300,2000,"bu","13:19:32",5315000
22200,250,1300,"bu","13:19:34",5316300
22200,250,1500,"bu","13:19:48",5317800
22200,250,250000,"sd","13:19:53",5567800
22200,250,2800,"bu","13:20:16",5570600
22200,250,200,"sd","13:20:23",5570800
22200,250,1400,"bu","13:20:30",5572200
22200,250,114800,"sd","13:20:35",5687000
22200,250,500,"sd","13:20:46",5687500
22150,200,2300,"sd","13:20:53",5689800
22150,200,3200,"sd","13:21:26",5693000
22200,250,5000,"bu","13:21:36",5698000
22200,250,100,"bu","13:21:45",5698100
22150,200,2000,"bu","13:21:47",5700100
22200,250,5500,"bu","13:22:27",5705600
22150,200,4800,"bu","13:22:34",5710400
22150,200,2400,"sd","13:22:59",5712800
22200,250,2000,"bu","13:23:24",5714800
22150,200,2700,"sd","13:23:27",5717500
22200,250,200,"bu","13:23:29",5717700
22150,200,400,"sd","13:23:55",5718100
22150,200,2900,"bu","13:23:57",5721000
22150,200,1300,"bu","13:24:10",5722300
22150,200,5000,"bu","13:24:37",5727300
22150,200,5100,"sd","13:24:51",5732400
22150,200,2400,"sd","13:25:15",5734800
22150,200,1400,"sd","13:25:29",5736200
22150,200,1800,"bu","13:25:47",5738000
22150,200,500,"bu","13:25:54",5738500
22150,200,1300,"sd","13:26:00",5739800
22200,250,700,"bu","13:26:03",5740500
22150,200,1400,"bu","13:26:16",5741900
22200,250,5000,"sd","13:26:24",5746900
22150,200,1900,"sd","13:26:35",5748800
22200,250,1300,"bu","13:26:52",5750100
22150,200,2100,"sd","13:26:57",5752200
22200,250,1000,"sd","13:27:05",5753200
22150,200,1400,"sd","13:27:10",5754600
22200,250,1000,"bu","13:27:12",5755600
22200,250,600,"bu","13:27:22",5756200
22150,200,1300,"sd","13:27:25",5757500
22150,200,5000,"bu","13:27:42",5762500
22150,200,3900,"bu","13:28:02",5766400
22200,250,1500,"sd","13:28:23",5767900
22150,200,7500,"sd","13:28:25",5775400
22150,200,1500,"sd","13:28:42",5776900
22150,200,1200,"bu","13:28:54",5778100
22200,250,100,"bu","13:29:04",5778200
22150,200,1400,"sd","13:29:07",5779600
22200,250,100000,"sd","13:29:16",5879600
22200,250,1000,"bu","13:29:53",5880600
22200,250,5000,"bu","13:30:52",5885600
22150,200,400,"sd","13:30:54",5886000
22150,200,1300,"sd","13:31:10",5887300
22150,200,2100,"sd","13:31:20",5889400
22150,200,1500,"bu","13:31:32",5890900
22150,200,5000,"sd","13:31:43",5895900
22200,250,100000,"bu","13:32:03",5995900
22150,200,5000,"sd","13:32:09",6000900
22200,250,10000,"sd","13:32:55",6010900
22150,200,300,"bu","13:33:36",6011200
22150,200,200,"bu","13:34:09",6011400
22200,250,2000,"bu","13:34:51",6013400
22200,250,10000,"sd","13:34:54",6023400
22200,250,200,"sd","13:35:14",6023600
22150,200,400,"bu","13:35:17",6024000
22200,250,100,"sd","13:35:19",6024100
22200,250,17500,"bu","13:37:08",6041600
22200,250,19400,"sd","13:37:41",6061000
22200,250,17400,"bu","13:37:52",6078400
22200,250,200,"sd","13:37:55",6078600
22200,250,17400,"sd","13:38:29",6096000
22200,250,2000,"bu","13:38:32",6098000
22200,250,11700,"bu","13:38:40",6109700
22200,250,29200,"bu","13:38:45",6138900
22200,250,17400,"bu","13:39:02",6156300
22200,250,12700,"sd","13:39:04",6169000
22200,250,11400,"bu","13:39:07",6180400
22200,250,25100,"sd","13:39:13",6205500
22200,250,10100,"bu","13:39:18",6215600
22200,250,4800,"sd","13:39:20",6220400
22200,250,12700,"bu","13:39:28",6233100
22200,250,17400,"bu","13:39:32",6250500
22200,250,10700,"sd","13:39:35",6261200
22200,250,18400,"sd","13:39:38",6279600
22200,250,5300,"bu","13:39:40",6284900
22200,250,100,"bu","13:39:45",6285000
22200,250,3000,"bu","13:39:54",6288000
22200,250,4700,"sd","13:40:04",6292700
22150,200,45400,"bu","13:40:39",6338100
22200,250,6000,"bu","13:40:44",6344100
22200,250,4300,"sd","13:40:49",6348400
22150,200,100,"sd","13:40:52",6348500
22200,250,5000,"sd","13:40:57",6353500
22200,250,20000,"sd","13:41:24",6373500
22200,250,100,"bu","13:41:32",6373600
22200,250,5000,"bu","13:41:48",6378600
22200,250,1200,"bu","13:42:01",6379800
22150,200,12700,"sd","13:42:07",6392500
22200,250,20100,"bu","13:42:16",6412600
22200,250,1000,"bu","13:42:19",6413600
22150,200,500,"sd","13:42:29",6414100
22200,250,800,"sd","13:42:31",6414900
22200,250,20300,"sd","13:42:34",6435200
22200,250,19000,"sd","13:42:37",6454200
22200,250,10000,"sd","13:42:44",6464200
22200,250,300,"bu","13:43:02",6464500
22150,200,11700,"bu","13:43:11",6476200
22200,250,10200,"bu","13:43:19",6486400
22150,200,10800,"sd","13:43:30",6497200
22150,200,700,"sd","13:43:38",6497900
22150,200,200,"bu","13:43:46",6498100
22200,250,800,"bu","13:44:58",6498900
22150,200,11500,"bu","13:45:37",6510400
22200,250,5000,"sd","13:45:44",6515400
22200,250,5200,"bu","13:46:03",6520600
22200,250,2500,"sd","13:46:18",6523100
22200,250,13700,"sd","13:46:38",6536800
22200,250,500,"bu","13:47:23",6537300
22200,250,300,"sd","13:47:34",6537600
22200,250,1100,"sd","13:47:37",6538700
22200,250,1000,"sd","13:48:11",6539700
22200,250,1100,"bu","13:48:33",6540800
22200,250,1000,"sd","13:48:57",6541800
22200,250,12300,"sd","13:49:16",6554100
22200,250,500,"bu","13:49:22",6554600
22200,250,2000,"bu","13:49:36",6556600
22200,250,1500,"bu","13:49:44",6558100
22200,250,3000,"sd","13:50:06",6561100
22200,250,2000,"sd","13:50:25",6563100
22200,250,51300,"bu","13:50:33",6614400
22200,250,1100,"sd","13:50:52",6615500
22200,250,300,"bu","13:51:16",6615800
22200,250,800,"bu","13:52:19",6616600
22200,250,100,"sd","13:53:12",6616700
22200,250,500,"bu","13:53:36",6617200
22150,200,1000,"bu","13:53:52",6618200
22200,250,4000,"sd","13:54:36",6622200
22150,200,1000,"sd","13:55:27",6623200
22200,250,5000,"sd","13:56:00",6628200
22200,250,1000,"bu","13:56:34",6629200
22200,250,500,"sd","13:57:06",6629700
22200,250,17400,"sd","13:57:18",6647100
22200,250,100,"bu","13:57:21",6647200
22200,250,10000,"bu","13:57:27",6657200
22200,250,67400,"bu","13:57:30",6724600
22200,250,2000,"sd","13:57:39",6726600
22200,250,1000,"sd","13:57:49",6727600
22200,250,10000,"bu","13:57:56",6737600
22200,250,10100,"sd","13:58:01",6747700
22200,250,10000,"bu","13:58:04",6757700
22200,250,20900,"bu","13:58:18",6778600
22200,250,200,"bu","13:58:23",6778800
22200,250,20000,"sd","13:58:26",6798800
22200,250,3000,"sd","13:58:29",6801800
22200,250,400,"bu","13:58:34",6802200
22200,250,30000,"bu","13:58:38",6832200
22200,250,2400,"sd","13:58:43",6834600
22200,250,20400,"sd","13:58:49",6855000
22200,250,20200,"bu","13:58:55",6875200
22200,250,9400,"bu","13:58:58",6884600
22250,300,5000,"bu","13:59:01",6889600
22200,250,20000,"bu","13:59:25",6909600
22200,250,1200,"sd","13:59:30",6910800
22200,250,200,"bu","13:59:35",6911000
22200,250,5000,"bu","13:59:44",6916000
22200,250,100,"sd","13:59:59",6916100
22200,250,300,"bu","14:00:18",6916400
22200,250,1600,"sd","14:00:30",6918000
22200,250,12100,"bu","14:00:33",6930100
22200,250,1000,"bu","14:00:50",6931100
22200,250,200,"bu","14:01:41",6931300
22200,250,500,"sd","14:02:07",6931800
22200,250,6600,"sd","14:02:22",6938400
22200,250,4200,"bu","14:02:37",6942600
22200,250,700,"sd","14:02:56",6943300
22200,250,200,"bu","14:03:03",6943500
22200,250,500,"sd","14:03:33",6944000
22200,250,6500,"bu","14:03:57",6950500
22200,250,100,"bu","14:04:01",6950600
22200,250,800,"sd","14:04:23",6951400
22200,250,100,"bu","14:04:29",6951500
22200,250,600,"bu","14:04:32",6952100
22200,250,800,"bu","14:04:34",6952900
22200,250,900,"bu","14:04:37",6953800
22200,250,100,"bu","14:04:43",6953900
22200,250,1000,"sd","14:04:55",6954900
22200,250,2000,"bu","14:05:09",6956900
22200,250,100,"sd","14:05:33",6957000
22200,250,4500,"sd","14:05:41",6961500
22200,250,5000,"bu","14:05:48",6966500
22200,250,8000,"sd","14:06:03",6974500
22200,250,200,"sd","14:06:10",6974700
22200,250,1000,"bu","14:06:25",6975700
22200,250,100,"bu","14:06:29",6975800
22200,250,1000,"sd","14:06:40",6976800
22200,250,500,"bu","14:06:51",6977300
22200,250,50000,"sd","14:06:54",7027300
22200,250,300,"bu","14:07:12",7027600
22200,250,1100,"bu","14:07:24",7028700
22200,250,3600,"bu","14:07:32",7032300
22200,250,20000,"bu","14:07:38",7052300
22200,250,81000,"sd","14:07:44",7133300
22200,250,5000,"bu","14:07:50",7138300
22200,250,9000,"sd","14:07:53",7147300
22200,250,10300,"sd","14:07:56",7157600
22200,250,200,"sd","14:07:59",7157800
22200,250,100,"sd","14:08:03",7157900
22200,250,1000,"sd","14:08:06",7158900
22200,250,5000,"sd","14:08:14",7163900
22200,250,10600,"sd","14:08:21",7174500
22200,250,6900,"bu","14:08:36",7181400
22200,250,18900,"bu","14:08:39",7200300
22200,250,100,"sd","14:08:42",7200400
22200,250,7100,"sd","14:08:54",7207500
22150,200,2600,"bu","14:09:05",7210100
22200,250,1000,"sd","14:09:12",7211100
22200,250,5000,"bu","14:09:21",7216100
22150,200,1000,"bu","14:09:31",7217100
22200,250,100,"sd","14:09:34",7217200
22150,200,2000,"sd","14:09:37",7219200
22200,250,1100,"sd","14:09:46",7220300
22200,250,10000,"sd","14:10:07",7230300
22200,250,17500,"sd","14:10:17",7247800
22200,250,1400,"bu","14:10:20",7249200
22200,250,500,"bu","14:10:23",7249700
22200,250,100,"sd","14:10:35",7249800
22200,250,5000,"bu","14:10:38",7254800
22200,250,3000,"bu","14:10:42",7257800
22200,250,5000,"bu","14:10:45",7262800
22200,250,1000,"bu","14:10:48",7263800
22200,250,10000,"sd","14:10:51",7273800
22200,250,800,"sd","14:10:54",7274600
22200,250,30000,"bu","14:11:22",7304600
22200,250,37800,"bu","14:11:28",7342400
22200,250,2200,"sd","14:11:31",7344600
22200,250,1200,"sd","14:11:34",7345800
22200,250,100,"bu","14:11:37",7345900
22200,250,25000,"sd","14:11:40",7370900
22150,200,1000,"bu","14:11:47",7371900
22200,250,1600,"sd","14:11:50",7373500
22200,250,6500,"bu","14:11:57",7380000
22200,250,13300,"sd","14:12:01",7393300
22200,250,1500,"sd","14:12:04",7394800
22200,250,66000,"bu","14:12:08",7460800
22200,250,29400,"bu","14:12:12",7490200
22200,250,2300,"bu","14:12:16",7492500
22250,300,15100,"bu","14:12:20",7507600
22250,300,17400,"sd","14:12:23",7525000
22250,300,17400,"sd","14:12:37",7542400
22250,300,17400,"bu","14:12:54",7559800
22250,300,3000,"bu","14:12:57",7562800
22250,300,1600,"sd","14:13:06",7564400
22250,300,100,"sd","14:13:09",7564500
22300,350,17400,"bu","14:13:12",7581900
22300,350,100,"sd","14:13:31",7582000
22300,350,400,"sd","14:13:43",7582400
22300,350,5000,"bu","14:13:45",7587400
22300,350,10600,"sd","14:13:48",7598000
22300,350,2300,"bu","14:14:06",7600300
22300,350,500,"sd","14:14:18",7600800
22250,300,24800,"sd","14:14:37",7625600
22250,300,200,"sd","14:14:50",7625800
22250,300,18900,"bu","14:14:53",7644700
22250,300,1200,"sd","14:14:58",7645900
22250,300,1500,"sd","14:15:11",7647400
22250,300,33600,"bu","14:15:21",7681000
22250,300,17800,"sd","14:15:41",7698800
22250,300,200,"sd","14:15:47",7699000
22250,300,100,"sd","14:15:50",7699100
22250,300,5000,"bu","14:15:59",7704100
22250,300,500,"bu","14:16:08",7704600
22250,300,1000,"bu","14:16:27",7705600
22250,300,400,"bu","14:16:43",7706000
22250,300,200,"bu","14:16:46",7706200
22250,300,300,"sd","14:16:55",7706500
22250,300,200,"bu","14:17:04",7706700
22250,300,140000,"bu","14:17:44",7846700
22250,300,200,"sd","14:17:51",7846900
22300,350,27400,"sd","14:17:58",7874300
22300,350,3500,"sd","14:18:27",7877800
22300,350,14200,"bu","14:18:50",7892000
22250,300,500,"sd","14:19:03",7892500
22250,300,41000,"sd","14:19:24",7933500
22250,300,100,"bu","14:19:28",7933600
22300,350,5500,"sd","14:19:31",7939100
22300,350,100000,"bu","14:20:17",8039100
22300,350,400,"sd","14:20:20",8039500
22250,300,144300,"sd","14:20:56",8183800
22250,300,200,"bu","14:21:13",8184000
22200,250,5300,"sd","14:21:16",8189300
22250,300,200,"sd","14:21:20",8189500
22250,300,1500,"bu","14:21:23",8191000
22250,300,7500,"bu","14:21:51",8198500
22250,300,1000,"bu","14:22:04",8199500
22250,300,200,"sd","14:22:10",8199700
22250,300,2000,"bu","14:22:14",8201700
22200,250,300,"bu","14:22:36",8202000
22250,300,1000,"bu","14:22:40",8203000
22200,250,13700,"sd","14:22:43",8216700
22250,300,100,"sd","14:23:00",8216800
22250,300,2000,"bu","14:23:22",8218800
22250,300,500,"bu","14:23:26",8219300
22250,300,100,"sd","14:23:59",8219400
22200,250,5100,"bu","14:24:15",8224500
22250,300,900,"bu","14:24:18",8225400
22250,300,5000,"bu","14:24:38",8230400
22250,300,2500,"sd","14:24:51",8232900
22250,300,26500,"sd","14:24:58",8259400
22250,300,1700,"bu","14:25:08",8261100
22250,300,30000,"bu","14:25:11",8291100
22250,300,5400,"sd","14:25:15",8296500
22250,300,14300,"bu","14:25:18",8310800
22300,350,1000,"bu","14:25:41",8311800
22300,350,200,"sd","14:25:45",8312000
22300,350,400,"bu","14:26:20",8312400
22250,300,16000,"bu","14:26:27",8328400
22300,350,100000,"sd","14:26:31",8428400
22250,300,500,"sd","14:27:00",8428900
22250,300,100,"sd","14:27:03",8429000
22250,300,135700,"bu","14:27:49",8564700
22250,300,100,"sd","14:27:56",8564800
22200,250,27500,"sd","14:28:00",8592300
22200,250,27500,"sd","14:28:11",8619800
22200,250,600,"bu","14:28:27",8620400
22200,250,27500,"sd","14:28:31",8647900
22200,250,5000,"bu","14:28:37",8652900
22200,250,27500,"sd","14:28:41",8680400
22200,250,100,"sd","14:28:45",8680500
22200,250,20100,"bu","14:28:51",8700600
22250,300,100000,"bu","14:28:57",8800600
22200,250,3000,"bu","14:29:00",8803600
22250,300,1500,"sd","14:29:23",8805100
22250,300,13300,"sd","14:29:30",8818400
22250,300,4400,"bu","14:29:44",8822800
22250,300,200,"sd","14:29:48",8823000
22250,300,4100,"bu","14:30:02",8827100
22300,350,213900,"bu","14:45:08",9041000
