"price","change","match_qtty","side","time","total_vol"
20150,-50,14200,"sd","09:15:03",14200
20100,-100,100,"sd","09:15:09",14300
20100,-100,2400,"sd","09:16:11",16700
20000,-200,2500,"sd","09:17:31",19200
20000,-200,1900,"sd","09:19:49",21100
20000,-200,500,"bu","09:25:44",21600
20000,-200,200,"sd","09:29:27",21800
20000,-200,3000,"bu","09:31:34",24800
20000,-200,300,"sd","09:31:56",25100
19950,-250,11000,"bu","09:38:33",36100
20000,-200,4000,"bu","09:39:09",40100
20000,-200,3800,"sd","09:39:49",43900
20000,-200,800,"sd","09:40:04",44700
20000,-200,300,"sd","09:40:14",45000
20000,-200,2000,"sd","09:43:12",47000
20000,-200,1000,"bu","09:43:47",48000
20000,-200,3000,"sd","09:46:03",51000
20000,-200,4200,"bu","09:46:31",55200
20000,-200,2100,"sd","09:47:06",57300
20000,-200,200,"bu","09:48:31",57500
20000,-200,500,"bu","09:48:50",58000
20000,-200,200,"sd","09:49:53",58200
20000,-200,100,"bu","09:49:55",58300
20050,-150,3800,"bu","09:54:36",62100
20050,-150,2600,"sd","09:55:18",64700
20050,-150,200,"bu","09:55:59",64900
20050,-150,3000,"sd","09:58:02",67900
20100,-100,4600,"bu","09:58:26",72500
20100,-100,2000,"bu","09:59:09",74500
20100,-100,3000,"sd","10:00:56",77500
20000,-200,4600,"sd","10:02:18",82100
20000,-200,400,"bu","10:02:38",82500
20100,-100,3900,"bu","10:04:22",86400
20000,-200,2400,"bu","10:06:32",88800
20000,-200,2500,"bu","10:07:00",91300
20000,-200,1000,"bu","10:07:36",92300
20000,-200,400,"sd","10:08:21",92700
19950,-250,5300,"bu","10:09:26",98000
19950,-250,6000,"bu","10:09:59",104000
19950,-250,5000,"sd","10:16:23",109000
20000,-200,4000,"sd","10:23:40",113000
20000,-200,500,"sd","10:23:59",113500
20000,-200,1000,"sd","10:25:02",114500
19950,-250,3000,"sd","10:27:20",117500
19900,-300,7000,"bu","10:27:33",124500
20000,-200,700,"bu","10:27:35",125200
19900,-300,5300,"bu","10:28:08",130500
19900,-300,700,"sd","10:28:24",131200
20000,-200,1000,"bu","10:30:45",132200
20000,-200,200,"bu","10:31:11",132400
20000,-200,500,"sd","10:34:47",132900
20000,-200,3300,"bu","10:36:44",136200
19950,-250,400,"sd","10:37:04",136600
19950,-250,4200,"sd","10:37:55",140800
19950,-250,200,"sd","10:37:59",141000
19950,-250,100,"sd","10:38:10",141100
20000,-200,4500,"sd","10:38:12",145600
20000,-200,2700,"bu","10:38:50",148300
20050,-150,4000,"bu","10:39:18",152300
20050,-150,1000,"bu","10:39:33",153300
20100,-100,100,"sd","10:40:41",153400
20000,-200,3000,"bu","10:43:38",156400
20000,-200,100,"bu","10:43:55",156500
20000,-200,5100,"sd","10:44:47",161600
20050,-150,4300,"sd","10:45:00",165900
20050,-150,3700,"bu","10:45:10",169600
19900,-300,12000,"bu","10:46:43",181600
19900,-300,5000,"sd","10:47:12",186600
20050,-150,1200,"sd","10:48:36",187800
20050,-150,600,"bu","10:49:17",188400
20050,-150,1400,"sd","10:50:44",189800
20050,-150,100,"sd","10:51:35",189900
20000,-200,1100,"sd","10:51:50",191000
20000,-200,400,"sd","10:52:11",191400
20000,-200,2900,"sd","10:52:23",194300
20050,-150,5200,"sd","10:52:47",199500
20050,-150,400,"bu","10:53:00",199900
20050,-150,4500,"bu","10:53:03",204400
20050,-150,1500,"sd","10:54:10",205900
19950,-250,6000,"sd","10:56:46",211900
20000,-200,4200,"bu","10:57:10",216100
20050,-150,7000,"sd","10:57:22",223100
20050,-150,6800,"bu","10:57:36",229900
20050,-150,5200,"sd","10:58:22",235100
20050,-150,6000,"sd","10:58:37",241100
20050,-150,4000,"bu","10:58:54",245100
20100,-100,7000,"bu","10:59:15",252100
20050,-150,500,"bu","10:59:55",252600
20000,-200,3300,"bu","11:00:10",255900
20000,-200,1700,"bu","11:01:25",257600
20050,-150,7000,"bu","11:01:39",264600
20050,-150,7200,"sd","11:01:48",271800
20050,-150,200,"sd","11:01:50",272000
20100,-100,3400,"bu","11:02:12",275400
20100,-100,7800,"sd","11:03:06",283200
19950,-250,8500,"bu","11:05:00",291700
20000,-200,600,"sd","11:05:47",292300
19950,-250,2500,"bu","11:05:58",294800
20000,-200,1000,"sd","11:07:41",295800
20000,-200,2200,"bu","11:09:32",298000
20050,-150,4500,"sd","11:12:26",302500
20000,-200,7000,"sd","11:18:35",309500
20000,-200,1000,"bu","11:18:43",310500
20000,-200,2000,"sd","11:19:39",312500
20050,-150,4000,"sd","11:19:52",316500
20100,-100,15500,"bu","11:22:45",332000
20100,-100,7000,"sd","11:24:24",339000
20100,-100,100,"sd","11:24:50",339100
20000,-200,8900,"bu","11:27:10",348000
20000,-200,1100,"bu","11:28:05",349100
20050,-150,3400,"sd","11:28:19",352500
20100,-100,8000,"sd","11:29:51",360500
20100,-100,2000,"sd","13:00:18",362500
20000,-200,3500,"bu","13:01:00",366000
20000,-200,3500,"sd","13:01:36",369500
20050,-150,300,"bu","13:03:37",369800
20050,-150,900,"bu","13:03:50",370700
20000,-200,1100,"bu","13:04:46",371800
20000,-200,62900,"bu","13:05:47",434700
20000,-200,400,"bu","13:07:17",435100
20000,-200,3700,"bu","13:09:24",438800
20000,-200,4000,"sd","13:11:10",442800
19950,-250,500,"bu","13:11:39",443300
20000,-200,7000,"sd","13:12:12",450300
20000,-200,1300,"sd","13:12:31",451600
20000,-200,3100,"sd","13:15:26",454700
20000,-200,3700,"bu","13:16:35",458400
20000,-200,1100,"bu","13:17:14",459500
20000,-200,2400,"sd","13:17:26",461900
20000,-200,3000,"bu","13:19:19",464900
20000,-200,100,"bu","13:19:24",465000
20000,-200,2300,"sd","13:19:32",467300
20000,-200,300,"sd","13:19:41",467600
20000,-200,100,"sd","13:19:48",467700
20000,-200,3600,"bu","13:20:32",471300
20000,-200,1800,"sd","13:22:43",473100
20000,-200,6800,"bu","13:25:11",479900
20000,-200,5300,"sd","13:25:22",485200
20000,-200,2000,"sd","13:27:28",487200
20000,-200,1700,"bu","13:27:35",488900
20000,-200,100,"bu","13:27:40",489000
20000,-200,3600,"bu","13:28:21",492600
20000,-200,200,"sd","13:29:02",492800
20000,-200,3000,"bu","13:29:09",495800
20000,-200,100,"sd","13:29:28",495900
20000,-200,2300,"bu","13:29:31",498200
20000,-200,3300,"sd","13:30:05",501500
20000,-200,4200,"sd","13:30:17",505700
20000,-200,4700,"bu","13:30:24",510400
20000,-200,1000,"bu","13:31:43",511400
20000,-200,100,"sd","13:32:00",511500
20000,-200,3400,"bu","13:32:21",514900
20000,-200,3400,"sd","13:32:31",518300
20000,-200,700,"bu","13:32:57",519000
20000,-200,900,"sd","13:33:26",519900
20000,-200,500,"sd","13:33:36",520400
20000,-200,2300,"bu","13:33:44",522700
20000,-200,2800,"bu","13:35:17",525500
20000,-200,2000,"sd","13:37:10",527500
20000,-200,100,"sd","13:37:30",527600
20000,-200,3000,"bu","13:37:36",530600
20000,-200,2000,"bu","13:37:52",532600
20000,-200,2100,"bu","13:38:13",534700
20000,-200,100,"sd","13:39:13",534800
20000,-200,800,"sd","13:39:28",535600
20000,-200,100,"sd","13:39:56",535700
20000,-200,2100,"sd","13:42:01",537800
20000,-200,2200,"bu","13:42:04",540000
20000,-200,100,"sd","13:42:44",540100
19950,-250,15200,"bu","13:43:07",555300
19950,-250,700,"sd","13:43:27",556000
19950,-250,100,"sd","13:43:33",556100
19950,-250,10000,"bu","13:44:52",566100
19950,-250,3500,"bu","13:46:01",569600
19950,-250,1500,"bu","13:46:23",571100
20000,-200,4600,"sd","13:49:22",575700
20000,-200,100,"bu","13:50:41",575800
20000,-200,2000,"bu","13:51:48",577800
20000,-200,2300,"sd","13:51:58",580100
20000,-200,2300,"bu","13:52:26",582400
20000,-200,1000,"bu","13:54:38",583400
20000,-200,700,"sd","13:54:55",584100
20050,-150,6000,"sd","13:55:43",590100
20050,-150,4000,"sd","13:56:43",594100
20050,-150,7900,"bu","13:59:38",602000
20100,-100,5000,"bu","13:59:59",607000
20050,-150,600,"sd","14:01:07",607600
20100,-100,500,"bu","14:01:32",608100
20100,-100,4500,"sd","14:01:41",612600
20150,-50,1900,"sd","14:02:25",614500
20200,0,2000,"bu","14:03:42",616500
20200,0,3200,"sd","14:03:48",619700
20200,0,4000,"bu","14:03:57",623700
20200,0,2000,"bu","14:04:03",625700
20200,0,3100,"sd","14:04:15",628800
20200,0,4000,"bu","14:04:29",632800
20200,0,3400,"bu","14:04:40",636200
20200,0,5000,"sd","14:04:46",641200
20200,0,200,"sd","14:04:58",641400
20200,0,2700,"sd","14:05:03",644100
20300,100,2300,"sd","14:05:33",646400
20300,100,5600,"sd","14:06:29",652000
20300,100,1000,"sd","14:06:37",653000
20300,100,500,"bu","14:06:40",653500
20400,200,2900,"sd","14:06:57",656400
20400,200,500,"sd","14:07:12",656900
20400,200,200,"sd","14:07:15",657100
20300,100,700,"bu","14:08:14",657800
20150,-50,3000,"bu","14:11:09",660800
20200,0,2000,"bu","14:13:00",662800
20300,100,1000,"bu","14:13:31",663800
20350,150,1300,"bu","14:13:53",665100
20350,150,100,"bu","14:14:27",665200
20350,150,600,"bu","14:14:40",665800
20150,-50,68700,"sd","14:45:08",734500
