"price","change","match_qtty","side","time","total_vol"
25250,100,5300,"bu","09:15:08",5300
25500,350,100,"sd","09:15:09",5400
25200,50,200,"sd","09:15:10",5600
25300,150,100,"sd","09:15:26",5700
25400,250,600,"sd","09:16:37",6300
25700,550,2000,"sd","09:16:40",8300
25850,700,2000,"sd","09:17:20",10300
25850,700,800,"sd","09:17:40",11100
25850,700,300,"sd","09:18:22",11400
25800,650,100,"sd","09:18:46",11500
25650,500,500,"sd","09:19:33",12000
25750,600,2000,"bu","09:20:26",14000
25750,600,5000,"sd","09:21:26",19000
25700,550,500,"bu","09:22:38",19500
25600,450,100,"bu","09:22:48",19600
25700,550,700,"sd","09:23:08",20300
25700,550,900,"bu","09:23:39",21200
25700,550,100,"sd","09:23:46",21300
25600,450,200,"sd","09:24:41",21500
25600,450,600,"sd","09:25:29",22100
25600,450,300,"bu","09:26:16",22400
25600,450,1200,"sd","09:29:29",23600
25600,450,300,"sd","09:29:29",23900
25600,450,100,"bu","09:29:59",24000
25600,450,2100,"bu","09:33:19",26100
25600,450,100,"sd","09:33:38",26200
25700,550,10400,"bu","09:34:15",36600
25500,350,1000,"sd","09:34:23",37600
25550,400,600,"bu","09:40:18",38200
25550,400,300,"bu","09:40:53",38500
25500,350,1000,"sd","09:41:15",39500
25550,400,100,"bu","09:42:42",39600
25500,350,900,"bu","09:43:19",40500
25500,350,300,"bu","09:43:36",40800
25500,350,1300,"sd","09:44:04",42100
25550,400,1100,"bu","09:45:00",43200
25550,400,200,"bu","09:45:12",43400
25550,400,500,"bu","09:45:17",43900
25550,400,1600,"sd","09:45:18",45500
25600,450,100,"bu","09:46:20",45600
25600,450,900,"bu","09:47:58",46500
25600,450,100,"sd","09:48:09",46600
25550,400,200,"sd","09:48:22",46800
25600,450,100,"bu","09:49:59",46900
25550,400,500,"bu","09:50:05",47400
25550,400,300,"bu","09:50:25",47700
25600,450,100,"bu","09:51:47",47800
25600,450,5600,"bu","09:53:09",53400
25600,450,100,"bu","09:54:32",53500
25550,400,7700,"sd","09:55:39",61200
25550,400,100,"bu","09:56:36",61300
25600,450,4600,"bu","09:57:12",65900
25600,450,100,"sd","09:57:15",66000
25550,400,5000,"sd","09:59:45",71000
25550,400,1000,"bu","09:59:53",72000
25550,400,4100,"sd","09:59:59",76100
25500,350,300,"bu","10:00:15",76400
25500,350,100,"sd","10:00:45",76500
25500,350,1000,"bu","10:00:49",77500
25550,400,100,"sd","10:00:53",77600
25500,350,600,"bu","10:02:45",78200
25500,350,100,"sd","10:03:03",78300
25500,350,1000,"sd","10:03:49",79300
25500,350,2000,"bu","10:04:14",81300
25550,400,100,"sd","10:04:31",81400
25500,350,500,"bu","10:05:51",81900
25500,350,100,"bu","10:05:58",82000
25500,350,4100,"bu","10:16:43",86100
25550,400,100,"sd","10:17:14",86200
25500,350,500,"sd","10:17:21",86700
25500,350,400,"bu","10:17:46",87100
25550,400,100,"bu","10:19:04",87200
25550,400,1200,"bu","10:19:51",88400
25550,400,5000,"bu","10:20:49",93400
25550,400,100,"bu","10:20:53",93500
25550,400,5000,"sd","10:20:55",98500
25550,400,1600,"bu","10:20:57",100100
25550,400,100,"sd","10:22:11",100200
25550,400,1000,"sd","10:22:25",101200
25600,450,100,"bu","10:22:41",101300
25600,450,400,"sd","10:23:20",101700
25550,400,500,"sd","10:24:30",102200
25550,400,400,"bu","10:25:05",102600
25550,400,100,"sd","10:25:08",102700
25600,450,5100,"bu","10:26:57",107800
25600,450,200,"bu","10:27:38",108000
25600,450,500,"sd","10:27:44",108500
25600,450,100,"sd","10:28:08",108600
25500,350,200,"bu","10:28:37",108800
25600,450,6000,"bu","10:28:59",114800
25600,450,100,"bu","10:29:58",114900
25600,450,13400,"sd","10:30:34",128300
25650,500,600,"sd","10:30:54",128900
25650,500,1400,"sd","10:34:37",130300
25650,500,1700,"sd","10:34:39",132000
25650,500,7400,"sd","10:36:11",139400
25650,500,1600,"sd","10:36:25",141000
25650,500,2100,"sd","10:36:34",143100
25600,450,4600,"sd","10:37:20",147700
25600,450,100,"bu","10:37:21",147800
25600,450,1800,"bu","10:37:45",149600
25650,500,300,"sd","10:39:02",149900
25650,500,100,"sd","10:39:30",150000
25650,500,200,"bu","10:41:04",150200
25600,450,1700,"sd","10:41:35",151900
25600,450,1500,"bu","10:42:20",153400
25600,450,100,"bu","10:42:29",153500
25600,450,200,"bu","10:43:13",153700
25550,400,600,"bu","10:43:48",154300
25600,450,300,"bu","10:46:23",154600
25650,500,2000,"bu","10:47:41",156600
25650,500,5000,"bu","10:47:44",161600
25650,500,500,"sd","10:48:11",162100
25600,450,3000,"bu","10:48:14",165100
25600,450,100,"sd","10:48:49",165200
25650,500,5000,"bu","10:50:33",170200
25650,500,1800,"bu","10:50:35",172000
25600,450,7800,"sd","10:50:43",179800
25600,450,1000,"sd","10:50:48",180800
25650,500,2000,"sd","10:50:49",182800
25650,500,1000,"sd","10:51:41",183800
25650,500,3000,"sd","10:52:28",186800
25650,500,300,"sd","10:52:31",187100
25650,500,5000,"bu","10:52:47",192100
25650,500,1400,"bu","10:53:00",193500
25650,500,1600,"sd","10:53:02",195100
25650,500,6000,"bu","10:53:05",201100
25650,500,2700,"sd","10:54:50",203800
25650,500,200,"bu","10:55:38",204000
25650,500,900,"bu","10:58:27",204900
25650,500,3000,"sd","10:59:47",207900
25650,500,1000,"sd","11:00:02",208900
25650,500,100,"bu","11:00:45",209000
25650,500,2200,"bu","11:01:14",211200
25650,500,3200,"sd","11:01:41",214400
25600,450,2000,"sd","11:02:00",216400
25600,450,2000,"sd","11:02:12",218400
25600,450,100,"sd","11:03:08",218500
25600,450,1400,"bu","11:03:43",219900
25600,450,100,"sd","11:04:38",220000
25650,500,9800,"sd","11:05:47",229800
25650,500,3900,"bu","11:07:25",233700
25650,500,8000,"sd","11:07:45",241700
25650,500,6000,"sd","11:08:50",247700
25700,550,500,"bu","11:09:20",248200
25650,500,1800,"sd","11:10:34",250000
25650,500,3000,"sd","11:11:15",253000
25650,500,5000,"sd","11:11:24",258000
25650,500,200,"bu","11:11:40",258200
25650,500,100,"sd","11:14:02",258300
25600,450,10600,"sd","11:16:15",268900
25600,450,1000,"sd","11:19:01",269900
25650,500,1500,"bu","11:22:02",271400
25650,500,1500,"sd","11:23:47",272900
25650,500,300,"bu","11:24:26",273200
25650,500,400,"bu","11:24:35",273600
25650,500,100,"sd","11:25:10",273700
25650,500,400,"bu","11:28:17",274100
25650,500,1000,"sd","11:28:37",275100
25650,500,400,"sd","11:28:40",275500
25650,500,200,"sd","11:28:44",275700
25650,500,500,"sd","11:29:22",276200
25600,450,1000,"sd","11:30:01",277200
25600,450,300,"sd","13:00:14",277500
25650,500,500,"sd","13:00:30",278000
25600,450,2000,"bu","13:01:07",280000
25600,450,700,"bu","13:02:35",280700
25600,450,100,"sd","13:03:04",280800
25650,500,1000,"bu","13:07:31",281800
25650,500,2800,"sd","13:07:44",284600
25650,500,1000,"sd","13:08:37",285600
25650,500,1100,"bu","13:08:53",286700
25650,500,10100,"bu","13:10:39",296800
25650,500,9000,"bu","13:10:41",305800
25650,500,600,"bu","13:12:43",306400
25650,500,100,"bu","13:13:03",306500
25650,500,500,"sd","13:14:12",307000
25700,550,10000,"bu","13:14:34",317000
25700,550,500,"bu","13:14:47",317500
25700,550,5000,"bu","13:15:12",322500
25700,550,6000,"bu","13:15:36",328500
25700,550,5000,"bu","13:15:38",333500
25700,550,1800,"sd","13:15:42",335300
25700,550,14200,"bu","13:15:45",349500
25700,550,100,"sd","13:16:42",349600
25700,550,200,"bu","13:17:49",349800
25750,600,4000,"sd","13:19:39",353800
25750,600,1600,"sd","13:19:41",355400
25750,600,5700,"sd","13:19:46",361100
25750,600,2000,"bu","13:19:48",363100
25750,600,1600,"sd","13:19:51",364700
25750,600,600,"bu","13:19:55",365300
25750,600,1000,"sd","13:19:58",366300
25750,600,5000,"sd","13:20:04",371300
25750,600,500,"sd","13:20:14",371800
25750,600,100,"sd","13:20:16",371900
25750,600,2000,"bu","13:20:23",373900
25750,600,100,"sd","13:21:00",374000
25750,600,200,"bu","13:21:17",374200
25750,600,2500,"bu","13:22:18",376700
25750,600,1000,"sd","13:22:45",377700
25750,600,1500,"bu","13:22:52",379200
25750,600,700,"bu","13:23:20",379900
25700,550,200,"bu","13:23:45",380100
25750,600,400,"sd","13:23:48",380500
25700,550,1900,"bu","13:24:31",382400
25700,550,200,"sd","13:25:37",382600
25700,550,3300,"bu","13:26:16",385900
25700,550,1600,"bu","13:27:44",387500
25700,550,1000,"sd","13:27:53",388500
25700,550,1300,"sd","13:28:32",389800
25700,550,10400,"sd","13:28:47",400200
25700,550,900,"sd","13:28:54",401100
25750,600,300,"sd","13:31:20",401400
25750,600,4000,"bu","13:31:30",405400
25750,600,100,"bu","13:33:02",405500
25750,600,1000,"sd","13:34:51",406500
25750,600,2000,"sd","13:35:11",408500
25750,600,100,"bu","13:35:36",408600
25750,600,600,"bu","13:36:59",409200
25750,600,1000,"bu","13:37:08",410200
25750,600,1300,"sd","13:37:52",411500
25750,600,700,"bu","13:37:55",412200
25750,600,100,"sd","13:38:08",412300
25750,600,1800,"bu","13:39:02",414100
25750,600,100,"bu","13:39:43",414200
25750,600,1100,"sd","13:45:32",415300
25750,600,100,"sd","13:46:23",415400
25750,600,300,"bu","13:47:45",415700
25750,600,300,"bu","13:48:50",416000
25750,600,1100,"sd","13:49:22",417100
25750,600,3200,"bu","13:49:33",420300
25800,650,1300,"sd","13:50:03",421600
25800,650,1000,"sd","13:50:14",422600
25750,600,200,"bu","13:50:33",422800
25750,600,2000,"bu","13:50:55",424800
25750,600,100,"bu","13:51:16",424900
25800,650,3100,"bu","13:51:35",428000
25800,650,600,"sd","13:51:56",428600
25800,650,5600,"sd","13:51:58",434200
25800,650,700,"sd","13:52:15",434900
25800,650,5500,"bu","13:52:29",440400
25800,650,10000,"bu","13:52:31",450400
25800,650,3800,"sd","13:52:34",454200
25850,700,1900,"bu","13:53:47",456100
25850,700,2000,"bu","13:54:03",458100
25850,700,10000,"bu","13:54:14",468100
25850,700,1100,"sd","13:54:20",469200
25900,750,6200,"sd","13:54:55",475400
25950,800,100,"sd","13:56:09",475500
25900,750,1400,"sd","13:56:28",476900
25900,750,100,"bu","13:57:06",477000
25950,800,2000,"bu","13:57:39",479000
25950,800,700,"sd","13:57:45",479700
25950,800,4300,"bu","13:57:53",484000
25950,800,1000,"bu","13:58:32",485000
25950,800,600,"sd","13:59:59",485600
25950,800,400,"bu","14:00:04",486000
25950,800,1000,"sd","14:00:12",487000
25950,800,4200,"sd","14:00:41",491200
25950,800,100,"sd","14:00:59",491300
26050,900,32500,"sd","14:03:12",523800
26050,900,200,"sd","14:03:18",524000
26100,950,2000,"bu","14:03:21",526000
26100,950,800,"bu","14:04:01",526800
26100,950,200,"sd","14:04:03",527000
26100,950,8900,"bu","14:05:14",535900
26100,950,100,"sd","14:05:17",536000
26100,950,1600,"bu","14:05:27",537600
26100,950,4500,"bu","14:05:51",542100
26050,900,100,"sd","14:05:54",542200
26100,950,4500,"sd","14:06:00",546700
26100,950,200,"sd","14:06:31",546900
26100,950,100,"sd","14:06:51",547000
26100,950,1900,"sd","14:07:03",548900
26100,950,100,"bu","14:07:29",549000
26150,1000,4000,"sd","14:07:38",553000
26100,950,200,"bu","14:09:49",553200
26100,950,500,"bu","14:10:07",553700
26100,950,100,"bu","14:10:26",553800
26150,1000,1600,"bu","14:12:37",555400
26100,950,200,"bu","14:13:34",555600
26100,950,3400,"bu","14:13:45",559000
26100,950,2000,"bu","14:15:33",561000
26100,950,4900,"bu","14:15:47",565900
26150,1000,2000,"sd","14:16:05",567900
26150,1000,1000,"bu","14:16:18",568900
26150,1000,5400,"bu","14:17:17",574300
26150,1000,100,"sd","14:17:37",574400
26150,1000,2000,"bu","14:17:58",576400
26100,950,100,"bu","14:18:13",576500
26150,1000,1300,"sd","14:19:38",577800
26150,1000,200,"sd","14:20:13",578000
26150,1000,400,"bu","14:21:03",578400
26100,950,100,"sd","14:21:57",578500
26100,950,900,"sd","14:22:00",579400
26150,1000,1000,"sd","14:22:07",580400
26100,950,800,"sd","14:22:20",581200
26150,1000,200,"sd","14:22:26",581400
26100,950,1900,"bu","14:22:50",583300
26100,950,1000,"sd","14:23:00",584300
26100,950,2600,"bu","14:23:16",586900
26050,900,4900,"sd","14:23:26",591800
26050,900,2100,"sd","14:23:59",593900
26050,900,1300,"bu","14:24:28",595200
26050,900,300,"bu","14:24:45",595500
26050,900,100,"bu","14:24:48",595600
26050,900,800,"sd","14:25:54",596400
26000,850,1400,"bu","14:26:27",597800
26000,850,2000,"bu","14:26:46",599800
26050,900,300,"bu","14:26:56",600100
26000,850,3400,"sd","14:28:37",603500
26000,850,800,"bu","14:28:48",604300
26000,850,700,"sd","14:28:51",605000
25950,800,300,"sd","14:29:05",605300
25950,800,200,"bu","14:29:20",605500
25950,800,1200,"bu","14:29:33",606700
25950,800,500,"sd","14:29:36",607200
25950,800,900,"sd","14:29:39",608100
25900,750,21500,"sd","14:45:16",629600
